4134 6552
334 410 425 419 ...-...
460 400 1201 439 ......-*ηο--αο--α-Ξ-*έ-ννν
1230 400 1355 406 ---’⁴
1370 399 1497 408 -ν-ιο-
1526 381 3592 451 -ή-μὼῇᾡ-ῧ--Μὲ

335 449 439 459 δι,-
460 453 465 456 -
484 452 538 459 .--
564 454 573 457 -
598 454 609 456 ἡ
636 454 647 457 ν
668 451 711 456 ...
734 450 785 456 -.ν
816 450 841 455 ..
865 443 1537 455 -ῠμ-..ν--κ-..ωρ-...οθν-
1556 442 1876 450 MM---
1900 438 1927 448 Α
1975 440 2337 452 ww-.-

1427 678 1662 828 PB
1686 670 2501 827 fEFATIO.

400 1301 618 1357 Tertius
651 1298 888 1370 Operum
923 1287 1175 1369 Origenis
1210 1298 1392 1351 tomus
1425 1281 1806 1365 complectitur
1842 1284 2090 1348 residuas
2124 1282 2243 1360 eius
2271 1287 2324 1344 in
2357 1281 2655 1344 Proverbia
2687 1280 3021 1353 Salomonis,
3056 1282 3112 1342 in
3142 1286 3433 1344 Canticum
3468 1303 3607 1345 can-

331 1395 584 1455 ticorum,
623 1392 676 1447 in
703 1390 922 1457 Isaiam,
959 1391 1013 1444 in
1046 1388 1360 1455 Jeremiam,
1393 1388 1447 1442 in
1485 1374 1758 1453 Tln'enos,
1791 1386 1845 1440 in
1880 1374 2242 1448 Ezechielem,
2279 1385 2333 1438 in
2374 1377 2536 1450 Osee,
2571 1382 2624 1435 in
2666 1378 2979 1437 Matthteum
3010 1387 3064 1435 et
3090 1375 3145 1435 in
3173 1379 3377 1437 Lucam
3405 1381 3610 1456 ἐξηγή-

331 1500 464 1547 σεις.
499 1481 744 1552 Speciale
770 1479 1032 1535 Monitum
1072 1476 1185 1533 fere
1215 1466 1443 1547 singulis
1476 1475 1757 1546 praeﬁxum
1793 1483 1897 1538 est,
1930 1474 2074 1529 unde
2125 1472 2185 1527 lit
2232 1481 2291 1527 ut
2317 1472 2382 1527 de
2417 1471 2524 1527 illis
2573 1471 2771 1527 iterum
2803 1472 2984 1543 aliqua
3029 1471 3246 1542 praefari
3281 1489 3610 1543 supervaca-

333 1591 496 1629 neum
529 1574 798 1641 videatur,
830 1572 936 1627 nisi
974 1569 1114 1625 forte
1146 1567 1352 1639 aliquid
1386 1558 1611 1638 insuper
1643 1554 1935 1622 dicendum
1980 1563 2054 1618 sit
2096 1564 2163 1619 de
2208 1555 2624 1620 Commentariis
2669 1563 2723 1617 in
2757 1556 3070 1617 Matthatum
3097 1563 3248 1628 etde
3281 1563 3521 1621 homiliis
3557 1566 3610 1623 in

333 1670 561 1725 Lucam.

404 1762 562 1816 Circa
605 1776 808 1815 annum
842 1757 1043 1815 Christi
1087 1754 1216 1821 245,
1268 1749 1569 1826 imperante
1596 1746 1870 1823 Philippo,
1899 1741 1970 1807 ΞΒ
2005 1751 2059 1805 in
2092 1740 2405 1807 Matthauim
2435 1757 2612 1804 tomos
2635 1749 2943 1806 elaboratas
2975 1751 3044 1806 ab
3071 1749 3305 1824 Origene
3338 1752 3509 1810 fuisse
3534 1765 3617 1810 te-

335 1862 508 1909 statur
544 1850 812 1905 Eusebius
843 1844 1046 1903 llistor.
1093 1842 1222 1899 εισι.
1256 1840 1351 1899 lib.
1387 1852 1462 1908 vi,
1492 1858 1610 1912 cap.
1653 1835 1743 1895 36.
1780 1840 2027 1895 Totidem
2061 1837 2257 1911 legisse
2291 1854 2350 1894 se
2385 1838 2583 1893 fatetur
2639 1836 3007 1911 Hieronymus
3057 1843 3111 1897 in
3154 1846 3425 1913 prommio
3459 1845 3609 1900 Com.

336 1955 559 1999 mentar.
596 1945 650 1996 in
684 1941 1015 1996 Matthwum.
1053 1938 1411 2010 Quapropter,
1441 1927 1619 2008 inquit
1652 1926 1883 1991 Iinetius
1907 1926 2215 2006 Origenian.
2257 1935 2352 1990 lib.
2382 1940 2465 2000 ιιι,
2490 1942 2621 1990 sect.
2651 1926 2708 1998 2.
2742 1942 2894 1992 num.
2922 1932 2974 2001 7,
3006 1936 3264 1993 mendosa
3292 1956 3415 1996 esse
3447 1940 3619 2012 liquet

338 2037 454 2091 haec
493 2035 653 2089 verba
688 2050 716 2089 e
742 2035 965 2105 prologo
996 2032 1337 2103 Hieronymi,
1369 2022 1462 2101 qui
1491 2030 1746 2100 praeﬁxas
1771 2038 1855 2084 est
1886 2018 2095 2083 Latinae
2126 2022 2558 2100 interpretationi
2587 2023 2937 2086 homiliarum
2978 2025 3230 2101 Origenis
3269 2034 3322 2088 in
3357 2032 3559 2091 Lucam
3599 2054 3615 2091 :

338 2129 612 2200 Siquidem
641 2128 775 2182 illud
806 2124 946 2198 quod
990 2126 1118 2180 olim
1158 2120 1340 2180 Romae~
1361 2132 1549 2179 sancta
1584 2116 1823 2178 Bla’silla
1855 2112 2212 2192 ﬂagitaverat,
2241 2131 2298 2176 ut
2342 2117 2411 2176 56
2448 2131 2616 2176 tomos
2644 2116 2793 2177 illius
2828 2123 2884 2177 in
2926 2123 3262 2189 Mattha‘um,
3301 2136 3349 2180 et
3391 2127 3619 2197 quinque

337 2221 471 2275 alios
512 2219 564 2283 in
605 2217 826 2281 Lucam,
868 2227 916 2272 et
940 2217 1007 2272 59
1044 2216 1097 2269 in
1126 2207 1391 2269 Joannem
1425 2220 1622 2268 nostra:
1648 2204 1845 2282 lingua?
1868 2212 2149 2266 traderem.
2179 2204 2489 2283 Legendum
2525 2213 2670 2268 enim
2699 2206 2771 2269 23
2800 2223 2965 2269 tomos
2994 2210 3142 2272 illius
3182 2214 3236 2271 in
3279 2216 3617 2291 Matt/tarum,

334 2312 658 2381 Corruptam
690 2309 975 2365 lectionem
1014 2298 1277 2362 Erasmus
1301 2306 1354 2360 in
1388 2302 1608 2361 Censur.
1635 2302 1729 2358 lib.
1761 2295 1974 2375 Origen.
1996 2340 2011 2367 ,
2042 2300 2229 2358 Sixtus
2263 2298 2520 2357 Senensis
2547 2302 2800 2357 Biblioth.
2825 2304 2920 2359 lib.
2958 2321 3032 2369 tv,
3051 2316 3105 2362 et
3132 2304 3313 2364 Josias
3353 2307 3538 2365 Simlet
3553 2325 3623 2366 us

336 2422 400 2462 ac
432 2404 721 2461 Conradus
761 2396 971 2458 Frisius
1005 2401 1059 2456 in
1094 2399 1333 2471 Epitom.
1357 2392 1533 2466 Bibl.,
1567 2398 1796 2456 Gesner.
1833 2396 2005 2452 scenti
2038 2406 2183 2453 sunt.
2218 2396 2475 2452 Mendosa
2517 2413 2734 2468 quoque
2769 2399 2858 2454 illa
2893 2400 2946 2455 in
2981 2394 3161 2456 Ruﬁni
3200 2400 3466 2458 Invectiva
3496 2420 3532 2461 ιι
3563 2405 3619 2460 in

339 2498 740 2568 Hieronymum,
767 2496 821 2551 in
855 2492 1054 2566 quibus
1081 2492 1152 2548 26
1184 2491 1434 2563 Origcnis
1460 2485 1512 2547 in
1543 2483 1856 2547 Mattimum
1889 2482 2061 2545 libros
2086 2490 2155 2545 ab
2181 2485 2509 2562 Hieronymo
2533 2498 2992 2550 commemoratos
3026 2493 3194 2550 fuisse
3230 2495 3429 2565 refert;
3457 2512 3619 2568 quem

337 2589 501 2644 etiam
541 2603 783 2644 errorem
822 2595 1043 2642 secutus
1072 2593 1157 2640 est
1186 2574 1508 2640 Vincentius
1535 2583 1938 2640 BellovacenSis
1983 2573 2195 2653 Specul.
2226 2580 2514 2637 doctrinal.
2544 2579 2639 2638 lib.
2678 2590 2833 2650 mn,
2863 2601 2983 2656 cap.
3020 2584 3109 2641 4⁵5.
3149 2584 3217 2642 Ut
3247 2596 3306 2643 ut
3336 2598 3441 2655 est,
3472 2592 3622 2662 prin-

340 2695 454 2735 rem
491 2688 761 2735 tomorum
794 2678 1010 2733 illorum
1038 2684 1247 2747 partem
1266 2671 1590 2745 jamdudum
1620 2682 1838 2744 tempus
1866 2672 2190 2744 absumpsit,
2227 2682 2392 2744 atque
2420 2673 2465 2729 si
2493 2681 2731 2745 quatuor
2762 2676 2958 2745 exigua
2989 2677 3281 2733 admodum
3316 2678 3622 2750 fragmenta

338 2770 639 2842 cxcepcris,
673 2770 808 2825 nihil
843 2784 873 2824 e
903 2768 1182 2838 prioribus
1217 2781 1408 2822 novem
1441 2759 1602 2820 tomis
1644 2762 1807 2820 hodie
1840 2770 2108 2834 superest.
2157 2760 2528 2817 PosteriOrcm
2559 2771 2767 2832 partem
2803 2779 2834 2819 a
2858 2763 3046 2818 Matth.
3074 2782 3196 2833 xm,
3230 2767 3321 2835 59,
3351 2784 3526 2839 usque
3552 2771 3622 2824 ad

341 2865 502 2918 ﬁnem
533 2864 729 2934 partim
754 2862 938 2918 Graece
967 2871 1022 2917 et
1048 2859 1254 2928 Latine,
1286 2856 1480 2931 partim
1504 2857 1696 2917 Latine
1724 2870 1935 2914 tantum
1968 2858 2253 2913 habemus.
2280 2854 2469 2913 Graeca
2494 2873 2522 2912 a
2549 2849 2734 2914 Matth.
2763 2873 2886 2927 xm,
2919 2859 3008 2924 56,
3033 2862 3099 2915 ad
3128 2872 3263 2926 rem,
3295 2862 3386 2927 53,
3412 2865 3625 2935 primus

342 2958 396 3010 in
432 2956 609 3009 lucem
644 2953 813 3008 edidit
843 2952 1249 3007 illustrissimus
1275 2949 1474 3005 Petrus
1506 2944 1693 3004 Daniel
1728 2940 1981 3015 Huctius,
2013 2961 2078 3002 ac
2111 2961 2252 3002 nova
2282 2963 2381 3003 sua
2408 2947 2856 3020 interpretatione
2889 2942 3083 3006 Latina
3127 2950 3371 3020 donarit,
3418 2956 3623 3017 omissa

341 3049 534 3114 veteri,
567 3063 732 3119 quam
764 3062 865 3102 nos
910 3046 1125 3101 duabus
1161 3037 1227 3100 de
1257 3043 1440 3101 causis
1486 3040 1825 3098 retinendam
1854 3084 1869 3111 ,
1912 3049 1967 3099 et
2000 3040 2189 3097 saltem
2225 3041 2280 3096 in
2322 3043 2430 3099 ima
2478 3043 2798 3117 paginarum
2841 3053 2937 3099 Ora
2970 3049 3462 3117 re'prarseutandam
3498 3068 3624 3109 esse

340 3145 673 3201 credidimus
704 3162 717 3198 :
749 3143 802 3198 1°
836 3142 991 3210 Quod
1031 3141 1133 3197 etsi
1178 3141 1362 3196 minus
1405 3137 1649 3212 elegans,
1685 3132 1796 3194 imo
1838 3139 2069 3195 barbara
2119 3140 2444 3211 plerumque
2476 3132 2762 3208 videatur,
2795 3137 3150 3200 nihilominus
3183 3138 3389 3203 Grmcis
3426 3146 3625 3205 intelli-

340 3241 534 3312 gendis
579 3247 634 3294 et
667 3239 734 3293 ad
780 3238 1068 3294 sanitatem
1116 3234 1468 3293 restituendis
1500 3236 1802 3307 smpissime
1832 3227 2091 3303 inservit;
2137 3229 2196 3289 (ἔθ’
2222 3235 2368 3307 quod
2418 3250 2525 3290 non
2576 3236 2650 3291 ibi
2698 3236 2919 3305 desinit,
2954 3238 3045 3293 ubi
3086 3236 3285 3297 desinit
3337 3254 3627 3303 contextus

341 3336 587 3400 Graecus,
616 3335 712 3393 sed
741 3334 809 3391 ad
838 3332 1078 3389 Matthmi
1107 3334 1272 3389 linem
1308 3346 1481 3404 usque
1525 3332 1888 3404 progreditur,
1921 3342 1976 3388 et
2009 3331 2091 3387 sic
2121 3347 2243 3407 qua:
2277 3320 2464 3386 Graece
2489 3321 2771 3407 deperdita
2809 3343 2959 3400 sunt,
3003 3324 3197 3392 Latine
3224 3339 3629 3411 quodammodo

346 3432 604 3488 restituit.

416 3524 496 3579 Ad
521 3525 775 3582 homilias
803 3524 857 3580 in
886 3520 1088 3581 Lucam
1117 3523 1261 3597 quod
1296 3523 1510 3591 attinet,
1544 3538 1670 3580 cum
1701 3515 2060 3595 epistularum
2080 3520 2136 3578 S.
2161 3514 2354 3594 lgnatii
2379 3522 2636 3595 martyris
2661 3522 2988 3584 Antiocheni
3010 3525 3268 3584 disertam
3295 3532 3627 3593 mentionem

348 3616 512 3673 faciat
546 3617 767 3672 homilia
814 3629 998 3686 sexta,
1043 3627 1100 3674 et
1148 3618 1557 3688 Ignatianarum
1591 3618 1950 3689 epistolarum
1989 3617 2315 3674 auctoritate
2348 3608 2593 3690 jugulari
2642 3633 2703 3675 se
2756 3620 3215 3690 persentiscerent
3267 3620 3628 3686 hcterodosi,

344 3707 747 3780 Presbyter-iani
781 3710 942 3779 vulgo
965 3708 1120 3773 dicti,
1155 3708 1359 3779 quibus
1391 3708 1771 3779 episcoporum
1807 3709 1942 3763 ordo
1969 3700 2222 3777 displicet
2255 3708 2587 3781 presbyteris
2618 3725 2685 3765 ex
2713 3709 2836 3780 jure
2872 3712 3059 3768 dirino
3087 3716 3356 3785 superior,
3391 3717 3630 3773 incl-edi.

348 3801 456 3858 bile
482 3802 635 3856 dictu
662 3810 745 3857 est
772 3811 906 3872 quot
941 3817 1060 3858 sese
1087 3802 1162 3857 illi
1187 3802 1365 3858 modis
1398 3802 1735 3858 versaverint
1758 3811 1819 3856 ut
1844 3801 2100 3855 homilias
2133 3801 2184 3854 in
2219 3789 2422 3857 Lucam
2452 3800 2669 3876 Origeni
2695 3802 3019 3866 adimerent.
3052 3815 3106 3860 et
3136 3805 3363 3874 petitum
3400 3807 3527 3864 inde
3559 3811 3629 3864 ad

347 3896 750 3966 lgnatianarum
776 3897 1131 3968 epistolarum
1157 3898 1443 3952 veritatem
1476 3896 1827 3951 astruendam
1856 3904 2240 3966 argumentum
2276 3889 2538 3952 radicitus
2571 3896 2884 3952 evellerent.
2924 3894 3033 3952 Alii
3065 3905 3238 3954 totum
3276 3899 3420 3957 istud
3451 3904 3632 3960 homi-

347 3992 543 4047 liarum
575 4007 714 4063 Opus
744 3993 1006 4047 natalium
1051 3990 1369 4047 Latinorum
1401 3991 1618 4047 indiciis
1659 3998 1868 4045 scatere
1913 3984 2286 4054 clamitarunt,
2318 3985 2481 4060 idque
2527 3991 2758 4061 probare
2788 3994 2934 4050 serio
2978 3997 3208 4050 tentavit
3233 3995 3470 4055 Datianus
3503 4015 3628 4074 pag.

347 4087 454 4142 459
483 4096 538 4141 et
566 4087 696 4153 440,
720 4087 888 4141 variis
916 4086 969 4141 in
1002 4086 1242 4141 medium
1273 4086 1502 4157 prolatis
1528 4101 1652 4156 quin
1689 4101 1755 4140 ex
1788 4086 1908 4139 istis
1946 4080 2186 4139 homiliis
2213 4084 2503 4156 descripsit
2532 4085 2688 4152 locis,
2716 4087 2810 4144 sed
2840 4105 2963 4159 qua:
2991 4091 3170 4147 soluta
3202 4102 3380 4149 tamen
3405 4097 3635 4153 ontnino

348 4181 528 4239 facilia
570 4189 701 4237 sunt
743 4180 988 4235 animum
1025 4176 1324 4234 attendenti
1353 4179 1549 4249 partim
1582 4178 1650 4233 ad
1678 4186 1895 4234 artatem
1930 4177 2174 4233 auctoris
2196 4170 2468 4249 Origenis,
2516 4178 2610 4251 qui
2639 4194 2755 4245 eas,
2787 4189 2921 4237 teste
2948 4174 3299 4258 Hieronymo,
3331 4187 3511 4244 adhuc
3536 4188 3628 4258 ju-

349 4274 503 4329 venis
534 4271 862 4342 composuit,
889 4271 1088 4340 partim
1120 4271 1188 4326 ad
1224 4270 1570 4341 interpretem
1600 4270 2017 4343 Hieronymum,
2051 4271 2141 4326 cui
2175 4272 2228 4325 in
2266 4271 2539 4327 vertendis
2568 4269 2772 4330 Graecis
2802 4274 2986 4330 sciunt
3008 4274 3205 4331 eruditi
3237 4278 3483 4334 solemne
3512 4296 3637 4338 esse

349 4366 609 4423 nonnulla
645 4364 918 4421 interdum
953 4365 1019 4421 de
1050 4381 1153 4421 suo
1184 4365 1449 4421 inserere.
1493 4365 1653 4422 Certe
1701 4368 1896 4422 harum
1946 4368 2293 4422 liomiliarum
2331 4367 2714 4439 primigenium
2751 4378 3031 4427 auctorem
3066 4388 3174 4427 non
3210 4372 3487 4441 Latinum,
3536 4379 3635 4434 sed

347 4458 596 4516 Graecum
621 4474 744 4516 esse
774 4457 972 4513 invicte
997 4457 1189 4529 probat
1226 4457 1451 4515 Grzecus
1478 4468 1793 4523 contextus,
1844 4451 2003 4529 cujus
2031 4450 2345 4516 'maximam
2376 4470 2584 4529 partem
2622 4456 2784 4517 hodie
2831 4464 3290 4535 repriesentamus
3319 4484 3385 4526 ex
3416 4474 3638 4535 schedis

348 4570 484 4611 mss.
510 4553 821 4610 Combelisii
855 4562 911 4609 et
950 4550 1158 4621 Grabii,
1192 4553 1290 4626 qui
1317 4553 1386 4609 ad
1410 4569 1538 4611 suos
1569 4570 1705 4611 usus
1736 4550 1887 4610 illum
1927 4570 1958 4610 e
1992 4550 2163 4613 rariis
2210 4567 2344 4612 mss.
2378 4553 2694 4627 Anglicanis
2724 4565 2779 4612 et
2813 4554 3108 4617 Gallicanis
3141 4562 3423 4622 codicibus
3468 4582 3632 4625 erue-

348 4658 497 4705 runt.
530 4643 648 4705 Huc
678 4649 818 4706 adde
847 4647 995 4722 quod
1028 4657 1252 4705 sanctus
1286 4647 1654 4720 Hieronymus
1684 4649 1737 4704 in
1771 4642 2030 4720 Catalogo
2066 4651 2206 4705 inter
2238 4664 2403 4721 opera
2453 4666 2484 4705 a
2515 4665 2575 4707 se
2604 4650 2771 4718 edita,
2806 4651 2860 4707 in
2889 4648 3093 4711 Lucam
3120 4634 3378 4715 homilias
3413 4659 3661 4733 triginta'

348 4760 543 4801 novem
565 4745 781 4811 recitat,
811 4754 868 4801 et
897 4745 951 4799 in
979 4745 1200 4816 prologo
1227 4743 1294 4800 ad
1325 4743 1549 4799 Paulam
1583 4754 1640 4800 et
1669 4744 2028 4801 Eustochium
2060 4745 2301 4800 declarat
2335 4759 2395 4800 sc
2420 4759 2515 4800 eas
2541 4761 2605 4801 ex
2639 4740 2874 4821 Origene
2905 4747 3275 4807 transtulisse.
3310 4748 3468 4808 Hunc
3509 4752 3636 4809 Hie-

348 4840 563 4911 ronymi
592 4840 873 4910 prologum
904 4847 1079 4894 totum
1109 4839 1167 4893 in
1208 4854 1363 4895 suam
1396 4836 1722 4894 Invectivam
1763 4840 2111 4909 transcripsi;
2144 4836 2398 4906 Ruﬁnus,
2428 4851 2486 4894 ct
2516 4839 2647 4910 quid
2683 4840 2737 4895 in
2768 4839 2874 4896 hoc
2903 4857 3068 4915 opere
3100 4844 3261 4902 infide
3292 4849 3638 4907 transtulerit

348 4931 733 5013 Hieronymus,
757 4929 992 4986 ostendit
1018 4939 1113 4985 aut
1142 4928 1357 4996 innuit;
1392 4929 1461 4984 de
1497 4939 1697 4984 caetero
1728 4930 1861 5001 quin
1893 4930 2253 5001 primigenius
2277 4930 2511 4986 istarum
2536 4924 2890 4989 homiliarum
2919 4944 3110 4990 auctor
3141 4936 3211 4991 sit
3235 4936 3520 5015 Origenes,
3566 4959 3640 4998 ne

349 5027 519 5082 ullum
545 5006 764 5097 quidem
794 5024 1022 5079 dubium
1059 5015 1262 5079 movet.
1291 5022 1442 5094 Ergo
1467 5024 1693 5095 perinde
1719 5040 1783 5080 ac
1812 5023 2197 5097 Hieronymus,
2227 5040 2322 5081 eas
2349 5024 2570 5097 Origeui
2602 5025 2881 5085 ascribere
2923 5031 3232 5087 censendus
3258 5006 3358 5091 est
3374 5006 3630 5103 liuiinus,

349 5122 631 5177 Reclamat
670 5128 852 5175 tamen
890 5119 1071 5175 Dallaai
1104 5120 1518 5192 ὑπερασπιστὴς
1552 5119 1838 5177 Matthaeus
1878 5119 2270 5204 Larroquanus
2314 5122 2369 5177 in
2423 5123 2546 5178 suis
2583 5122 2650 5179 ad
2688 5113 3006 5196 Ignatianas
3035 5123 3318 5186 Pcarsonii
3359 5128 3636 5192 Vindicta:

345 5214 843 5278 observationibus,
885 5222 940 5268 ct
973 5224 1033 5269 ut
1070 5214 1326 5270 homilias
1357 5215 1411 5268 in
1462 5213 1667 5271 Lucam
1716 5232 1941 5287 quoquo
1972 5219 2137 5273 modo
2167 5217 2388 5291 Origeui
2415 5219 2633 5290 eripiat,
2667 5236 2907 5292 sequens
2960 5216 3196 5279 instituit
3230 5214 3579 5284 ratiocinium
3612 5247 3631 5288 :

355 5329 376 5363 ι
415 5309 593 5377 Initio,
623 5310 821 5380 inquit,
854 5309 1067 5380 imperii
1088 5309 1353 5366 Antonini
1386 5310 1686 5367 Caracaliae
1717 5312 1811 5382 qui
1851 5328 2079 5382 regnare
2110 5313 2277 5385 carpit
2328 5329 2476 5370 anno
2518 5313 2733 5370 Dmnini
2765 5315 2895 5382 213,
2928 5315 3264 5388 postlgnatii
3309 5322 3631 5395 martyrium

352 5405 476 5468 105,
510 5404 772 5475 Origenes
813 5420 1018 5460 annum
1051 5406 1228 5460 tetatis
1265 5406 1484 5461 circiter
1532 5422 1658 5461 nrt
1710 5408 1994 5477 attigerat;
2028 5406 2414 5464 Alexandriam
2458 5424 2570 5464 non
2616 5408 2836 5480 penitus
2869 5408 3156 5481 dereliquit
3191 5421 3317 5467 ante
3357 5414 3649 5472 decimum
3728 5406 3737 5409 ’

351 5498 644 5553 Alexandri
676 5498 861 5555 Severi
894 5516 1123 5564 annum,
1153 5501 1258 5556 hoc
1282 5509 1389 5565 est,
1418 5508 1545 5557 ante
1575 5517 1781 5555 annum
1811 5502 2017 5558 Christi
2046 5502 2174 5567 2'54,
2202 5500 2380 5558 anatis
2415 5516 2530 5558 sua:
2556 5519 2678 5557 XLVI
2708 5502 2791 5583 vel
2825 5518 2992 5586 sunt.
3022 5502 3212 5558 Nullas
3239 5514 3422 5561 autem
3453 5506 3633 5562 homi-

353 5589 454 5646 lias
487 5591 666 5646 adhuc
695 5592 984 5662 scripsisse
1018 5603 1235 5649 constat
1261 5610 1325 5650 ex
1363 5594 1501 5649 libro
1527 5605 1682 5651 sexto
1715 5594 1959 5661 Eusebii,
1992 5612 2114 5668 cap.
2155 5596 2251 5653 24.
2285 5595 2361 5652 lbi
2408 5597 2558 5652 enim
2582 5605 2876 5652 enumerat
2907 5610 3069 5666 opera
3102 5596 3289 5651 omnia
3334 5614 3457 5669 qua:
3503 5598 3632 5655 Ale-

353 5686 597 5743 xandria:
627 5684 1016 5753 claboravcrat,
1052 5689 1198 5743 nulla
1241 5690 1458 5759 penitus
1489 5690 1720 5747 istarum
1766 5692 2116 5748 bmniliarum
2166 5693 2445 5756 mentione
2493 5690 2635 5746 facta
2658 5708 2685 5781 ;.
2707 5698 2760 5746 ct
2790 5705 2910 5760 cap.
2942 5690 3014 5743 3'2
3040 5690 3286 5759 ejusdem
3333 5693 3455 5762 libri
3489 5691 3630 5749 idem

675 5783 944 5843 ΡΑτιιοι..
980 5785 1095 5843 (in.
1140 5786 1314 5846 Xlll.

3235 5791 3259 5844 1
3416 5788 3422 5791 ,
