  <div class='ocr_page' id='page_1' title='image "/cluster/home/n/w/nwhite01/storage/ocr_20150623/13:no.3/coo.31924054872910/015.png"; bbox 0 0 4134 6496; ppageno 0'>
   <div class='ocr_carea' id='block_1_1' title="bbox 555 276 2187 348">
    <p class='ocr_par' dir='ltr' id='par_1_1' title="bbox 555 276 2187 334">
     <span class='ocr_line' id='line_1_1' title="bbox 555 276 2187 334; baseline 0.001 -1"><span class='ocrx_word' id='word_1_1' title='bbox 555 276 615 333; x_wconf 76' lang='lat' dir='ltr'><strong>ll</strong></span> <span class='ocrx_word' id='word_1_2' title='bbox 1749 277 2120 333; x_wconf 55' lang='lat' dir='ltr'><strong>PREFATIO</strong></span> <span class='ocrx_word' id='word_1_3' title='bbox 2157 281 2187 334; x_wconf 75' lang='grc' dir='ltr'><strong><em>Δ</em></strong></span> 
     </span>
    </p>
   </div>
   <div class='ocr_carea' id='block_1_2' title="bbox 2206 276 3838 348">
    <p class='ocr_par' dir='ltr' id='par_1_2' title="bbox 2207 278 3838 348">
     <span class='ocr_line' id='line_1_2' title="bbox 2207 278 3838 348; baseline 0.009 -16"><span class='ocrx_word' id='word_1_4' title='bbox 2207 278 2247 332; x_wconf 83' lang='grc'><strong>1)</strong></span> <span class='ocrx_word' id='word_1_5' title='bbox 2289 279 2450 335; x_wconf 78' lang='grc' dir='ltr'><strong>ΤΟΜ.</strong></span> <span class='ocrx_word' id='word_1_6' title='bbox 2499 280 2585 336; x_wconf 86' lang='lat' dir='ltr'><strong>Ill.</strong></span> <span class='ocrx_word' id='word_1_7' title='bbox 3773 296 3838 348; x_wconf 70' lang='lat' dir='ltr'><strong>l2</strong></span> 
     </span>
    </p>
   </div>
   <div class='ocr_carea' id='block_1_3' title="bbox 553 396 3838 483">
    <p class='ocr_par' dir='ltr' id='par_1_3' title="bbox 553 396 3838 483">
     <span class='ocr_line' id='line_1_3' title="bbox 553 396 3838 483; baseline 0.005 -30"><span class='ocrx_word' id='word_1_8' title='bbox 553 398 823 453; x_wconf 72' lang='lat' dir='ltr'><strong>Eusebius</strong></span> <span class='ocrx_word' id='word_1_9' title='bbox 872 407 1138 452; x_wconf 82' lang='lat' dir='ltr'><strong>memorat</strong></span> <span class='ocrx_word' id='word_1_10' title='bbox 1159 396 1418 466; x_wconf 74' lang='lat' dir='ltr'><strong>Origenls</strong></span> <span class='ocrx_word' id='word_1_11' title='bbox 1455 397 1866 455; x_wconf 72' lang='lat' dir='ltr'><strong>lucubrationes</strong></span> <span class='ocrx_word' id='word_1_12' title='bbox 1905 401 2170 455; x_wconf 69' lang='lat' dir='ltr'><strong>Caesareae</strong></span> <span class='ocrx_word' id='word_1_13' title='bbox 2203 401 2258 453; x_wconf 87' lang='lat' dir='ltr'><strong>in</strong></span> <span class='ocrx_word' id='word_1_14' title='bbox 2279 399 2577 456; x_wconf 71' lang='lat' dir='ltr'><strong>l’alaestina</strong></span> <span class='ocrx_word' id='word_1_15' title='bbox 2606 402 2860 472; x_wconf 87' lang='lat' dir='ltr'><strong>scriptas,</strong></span> <span class='ocrx_word' id='word_1_16' title='bbox 2892 413 2946 459; x_wconf 89' lang='lat' dir='ltr'><strong>et</strong></span> <span class='ocrx_word' id='word_1_17' title='bbox 2985 421 3123 476; x_wconf 86' lang='lat' dir='ltr'><strong>quas</strong></span> <span class='ocrx_word' id='word_1_18' title='bbox 3159 408 3388 464; x_wconf 81' lang='lat' dir='ltr'><strong>Athenis</strong></span> <span class='ocrx_word' id='word_1_19' title='bbox 3418 425 3838 483; x_wconf 71' lang='lat' dir='ltr'><strong>composuerat,</strong></span> 
     </span>
    </p>
   </div>
   <div class='ocr_carea' id='block_1_4' title="bbox 554 490 3837 571">
    <p class='ocr_par' dir='ltr' id='par_1_4' title="bbox 554 490 3837 571">
     <span class='ocr_line' id='line_1_4' title="bbox 554 490 3837 571; baseline 0.004 -27"><span class='ocrx_word' id='word_1_20' title='bbox 554 492 902 545; x_wconf 87' lang='lat' dir='ltr'><strong>bomiliarnm</strong></span> <span class='ocrx_word' id='word_1_21' title='bbox 933 500 1116 545; x_wconf 80' lang='lat' dir='ltr'><strong>autent</strong></span> <span class='ocrx_word' id='word_1_22' title='bbox 1150 506 1255 544; x_wconf 92' lang='lat' dir='ltr'><strong>non</strong></span> <span class='ocrx_word' id='word_1_23' title='bbox 1284 491 1550 544; x_wconf 91' lang='lat' dir='ltr'><strong>meminit.</strong></span> <span class='ocrx_word' id='word_1_24' title='bbox 1588 490 1709 546; x_wconf 66' lang='lat' dir='ltr'><strong>llaec</strong></span> <span class='ocrx_word' id='word_1_25' title='bbox 1737 493 1921 546; x_wconf 83' lang='lat' dir='ltr'><strong>omnia</strong></span> <span class='ocrx_word' id='word_1_26' title='bbox 1967 493 2012 547; x_wconf 90' lang='lat' dir='ltr'><strong>si</strong></span> <span class='ocrx_word' id='word_1_27' title='bbox 2049 493 2300 548; x_wconf 80' lang='lat' dir='ltr'><strong>conferas</strong></span> <span class='ocrx_word' id='word_1_28' title='bbox 2327 509 2451 547; x_wconf 92' lang='lat' dir='ltr'><strong>cum</strong></span> <span class='ocrx_word' id='word_1_29' title='bbox 2487 494 2757 563; x_wconf 85' lang='lat' dir='ltr'><strong>capitibus</strong></span> <span class='ocrx_word' id='word_1_30' title='bbox 2787 497 2839 562; x_wconf 82' lang='lat'><strong>5,</strong></span> <span class='ocrx_word' id='word_1_31' title='bbox 2875 497 2960 562; x_wconf 73' lang='lat'><strong>15,</strong></span> <span class='ocrx_word' id='word_1_32' title='bbox 2998 498 3085 563; x_wconf 79' lang='grc'><strong>16,</strong></span> <span class='ocrx_word' id='word_1_33' title='bbox 3129 500 3220 562; x_wconf 73' lang='lat'><strong>25,</strong></span> <span class='ocrx_word' id='word_1_34' title='bbox 3257 502 3309 554; x_wconf 91' lang='lat' dir='ltr'><strong>in</strong></span> <span class='ocrx_word' id='word_1_35' title='bbox 3344 517 3404 554; x_wconf 82' lang='lat' dir='ltr'><strong>ea</strong></span> <span class='ocrx_word' id='word_1_36' title='bbox 3439 504 3610 571; x_wconf 83' lang='lat' dir='ltr'><strong>magis</strong></span> <span class='ocrx_word' id='word_1_37' title='bbox 3639 506 3837 557; x_wconf 81' lang='lat' dir='ltr'><strong>contir-</strong></span> 
     </span>
    </p>
   </div>
   <div class='ocr_carea' id='block_1_5' title="bbox 497 586 3838 666">
    <p class='ocr_par' dir='ltr' id='par_1_5' title="bbox 497 586 3838 666">
     <span class='ocr_line' id='line_1_5' title="bbox 497 586 3838 666; baseline 0.004 -28"><span class='ocrx_word' id='word_1_38' title='bbox 497 637 501 666; x_wconf 43' lang='grc' dir='ltr'><strong>ε</strong></span> <span class='ocrx_word' id='word_1_39' title='bbox 553 586 791 640; x_wconf 58' lang='lat' dir='ltr'><strong>«laberis</strong></span> <span class='ocrx_word' id='word_1_40' title='bbox 818 586 1095 655; x_wconf 77' lang='lat' dir='ltr'><strong>opinione,</strong></span> <span class='ocrx_word' id='word_1_41' title='bbox 1131 596 1256 640; x_wconf 86' lang='lat' dir='ltr'><strong>ante</strong></span> <span class='ocrx_word' id='word_1_42' title='bbox 1287 594 1502 640; x_wconf 72' lang='lat' dir='ltr'><strong>aetatem</strong></span> <span class='ocrx_word' id='word_1_43' title='bbox 1533 587 1741 642; x_wconf 81' lang='lat' dir='ltr'><strong>virilem</strong></span> <span class='ocrx_word' id='word_1_44' title='bbox 1774 588 2030 642; x_wconf 88' lang='lat' dir='ltr'><strong>homilias</strong></span> <span class='ocrx_word' id='word_1_45' title='bbox 2058 603 2168 642; x_wconf 90' lang='lat' dir='ltr'><strong>non</strong></span> <span class='ocrx_word' id='word_1_46' title='bbox 2202 588 2492 659; x_wconf 81' lang='lat' dir='ltr'><strong>scripsisse</strong></span> <span class='ocrx_word' id='word_1_47' title='bbox 2528 587 2814 659; x_wconf 89' lang='lat' dir='ltr'><strong>Origenem</strong></span> <span class='ocrx_word' id='word_1_48' title='bbox 2848 608 2862 645; x_wconf 91' lang='lat'><strong>:</strong></span> <span class='ocrx_word' id='word_1_49' title='bbox 2899 591 3019 646; x_wconf 90' lang='lat' dir='ltr'><strong>etsi</strong></span> <span class='ocrx_word' id='word_1_50' title='bbox 3058 592 3224 648; x_wconf 67' lang='lat' dir='ltr'><strong>lueret</strong></span> <span class='ocrx_word' id='word_1_51' title='bbox 3257 595 3350 648; x_wconf 91' lang='lat' dir='ltr'><strong>tibi</strong></span> <span class='ocrx_word' id='word_1_52' title='bbox 3401 597 3599 665; x_wconf 84' lang='lat' dir='ltr'><strong>aliquis</strong></span> <span class='ocrx_word' id='word_1_53' title='bbox 3637 597 3737 651; x_wconf 85' lang='lat' dir='ltr'><strong>hac</strong></span> <span class='ocrx_word' id='word_1_54' title='bbox 3769 599 3838 651; x_wconf 89' lang='lat' dir='ltr'><strong>de</strong></span> 
     </span>
    </p>
   </div>
   <div class='ocr_carea' id='block_1_6' title="bbox 492 673 3837 756">
    <p class='ocr_par' dir='ltr' id='par_1_6' title="bbox 492 673 3837 756">
     <span class='ocr_line' id='line_1_6' title="bbox 492 673 3837 756; baseline 0.004 -23"><span class='ocrx_word' id='word_1_55' title='bbox 492 673 498 738; x_wconf 73' lang='grc' dir='ltr'><em>ξ</em></span> <span class='ocrx_word' id='word_1_56' title='bbox 553 694 612 734; x_wconf 76' lang='lat' dir='ltr'><strong>re</strong></span> <span class='ocrx_word' id='word_1_57' title='bbox 635 679 949 748; x_wconf 89' lang='lat' dir='ltr'><strong>scrupulus,</strong></span> <span class='ocrx_word' id='word_1_58' title='bbox 981 679 1166 734; x_wconf 86' lang='lat' dir='ltr'><strong>animo</strong></span> <span class='ocrx_word' id='word_1_59' title='bbox 1192 679 1350 735; x_wconf 76' lang='lat' dir='ltr'><strong>facile</strong></span> <span class='ocrx_word' id='word_1_60' title='bbox 1376 681 1666 744; x_wconf 81' lang='lat' dir='ltr'><strong>cximetur,</strong></span> <span class='ocrx_word' id='word_1_61' title='bbox 1704 691 1996 750; x_wconf 77' lang='lat' dir='ltr'><strong>postquam</strong></span> <span class='ocrx_word' id='word_1_62' title='bbox 2030 680 2271 736; x_wconf 87' lang='lat' dir='ltr'><strong>audieris</strong></span> <span class='ocrx_word' id='word_1_63' title='bbox 2303 683 2659 751; x_wconf 75' lang='lat' dir='ltr'><strong>sexagenario</strong></span> <span class='ocrx_word' id='word_1_64' title='bbox 2686 683 2947 752; x_wconf 80' lang='lat' dir='ltr'><strong>majorem</strong></span> <span class='ocrx_word' id='word_1_65' title='bbox 2986 683 3155 740; x_wconf 80' lang='lat' dir='ltr'><strong>fuisse</strong></span> <span class='ocrx_word' id='word_1_66' title='bbox 3183 684 3495 756; x_wconf 82' lang='lat' dir='ltr'><strong>Origenem,</strong></span> <span class='ocrx_word' id='word_1_67' title='bbox 3542 704 3665 741; x_wconf 90' lang='lat' dir='ltr'><strong>cum</strong></span> <span class='ocrx_word' id='word_1_68' title='bbox 3705 703 3837 744; x_wconf 88' lang='lat' dir='ltr'><strong>suas</strong></span> 
     </span>
    </p>
   </div>
   <div class='ocr_carea' id='block_1_7' title="bbox 549 773 3835 852">
    <p class='ocr_par' dir='ltr' id='par_1_7' title="bbox 549 773 3835 852">
     <span class='ocr_line' id='line_1_7' title="bbox 549 773 3835 852; baseline 0.004 -26"><span class='ocrx_word' id='word_1_69' title='bbox 549 773 808 828; x_wconf 90' lang='lat' dir='ltr'><strong>homilias</strong></span> <span class='ocrx_word' id='word_1_70' title='bbox 839 775 1001 829; x_wconf 79' lang='lat' dir='ltr'><strong>scribi</strong></span> <span class='ocrx_word' id='word_1_71' title='bbox 1037 791 1245 845; x_wconf 76' lang='lat' dir='ltr'><strong>passus</strong></span> <span class='ocrx_word' id='word_1_72' title='bbox 1286 785 1368 831; x_wconf 83' lang='lat' dir='ltr'><strong>est</strong></span> <span class='ocrx_word' id='word_1_73' title='bbox 1407 795 1419 831; x_wconf 92' lang='lat'>:</span> <span class='ocrx_word' id='word_1_74' title='bbox 1457 778 1600 846; x_wconf 91' lang='lat' dir='ltr'><strong>quod</strong></span> <span class='ocrx_word' id='word_1_75' title='bbox 1630 793 1658 831; x_wconf 90' lang='lat' dir='ltr'><strong>a</strong></span> <span class='ocrx_word' id='word_1_76' title='bbox 1681 777 1825 832; x_wconf 68' lang='lat' dir='ltr'><strong>siris</strong></span> <span class='ocrx_word' id='word_1_77' title='bbox 1850 777 2028 833; x_wconf 89' lang='lat' dir='ltr'><strong>doctis</strong></span> <span class='ocrx_word' id='word_1_78' title='bbox 2054 777 2498 834; x_wconf 83' lang='lat' dir='ltr'><strong>animadversum</strong></span> <span class='ocrx_word' id='word_1_79' title='bbox 2526 778 2770 848; x_wconf 85' lang='lat' dir='ltr'><strong>quidem,</strong></span> <span class='ocrx_word' id='word_1_80' title='bbox 2809 795 2913 832; x_wconf 94' lang='lat' dir='ltr'><strong>non</strong></span> <span class='ocrx_word' id='word_1_81' title='bbox 2966 789 3148 835; x_wconf 89' lang='lat' dir='ltr'><strong>autem</strong></span> <span class='ocrx_word' id='word_1_82' title='bbox 3201 792 3456 837; x_wconf 76' lang='lat' dir='ltr'><strong>accurate</strong></span> <span class='ocrx_word' id='word_1_83' title='bbox 3504 799 3835 852; x_wconf 73' lang='lat' dir='ltr'><strong>perpensum</strong></span> 
     </span>
    </p>
   </div>
   <div class='ocr_carea' id='block_1_8' title="bbox 484 871 3835 942">
    <p class='ocr_par' dir='ltr' id='par_1_8' title="bbox 484 871 3835 942">
     <span class='ocr_line' id='line_1_8' title="bbox 484 871 3835 942; baseline 0.003 -21"><span class='ocrx_word' id='word_1_84' title='bbox 484 923 490 942; x_wconf 39' lang='grc' dir='ltr'><em>τ</em></span> <span class='ocrx_word' id='word_1_85' title='bbox 553 883 650 923; x_wconf 89' lang='lat' dir='ltr'><strong>nec</strong></span> <span class='ocrx_word' id='word_1_86' title='bbox 682 880 868 924; x_wconf 75' lang='lat' dir='ltr'><strong>exacte</strong></span> <span class='ocrx_word' id='word_1_87' title='bbox 891 871 1252 938; x_wconf 85' lang='lat' dir='ltr'><strong>ponderatum</strong></span> <span class='ocrx_word' id='word_1_88' title='bbox 1306 871 1492 925; x_wconf 89' lang='lat' dir='ltr'><strong>mirari</strong></span> <span class='ocrx_word' id='word_1_89' title='bbox 1522 873 1659 927; x_wconf 82' lang='lat' dir='ltr'><strong>satis</strong></span> <span class='ocrx_word' id='word_1_90' title='bbox 1717 887 1950 942; x_wconf 81' lang='lat' dir='ltr'><strong>nequeo,</strong></span> <span class='ocrx_word' id='word_1_91' title='bbox 1987 887 2111 926; x_wconf 91' lang='lat' dir='ltr'><strong>cum</strong></span> <span class='ocrx_word' id='word_1_92' title='bbox 2163 881 2342 926; x_wconf 86' lang='lat' dir='ltr'><strong>tamen</strong></span> <span class='ocrx_word' id='word_1_93' title='bbox 2389 873 2437 926; x_wconf 93' lang='lat' dir='ltr'><strong>id</strong></span> <span class='ocrx_word' id='word_1_94' title='bbox 2492 874 2693 928; x_wconf 89' lang='lat' dir='ltr'><strong>diserte</strong></span> <span class='ocrx_word' id='word_1_95' title='bbox 2731 882 2958 928; x_wconf 92' lang='lat' dir='ltr'><strong>testetur</strong></span> <span class='ocrx_word' id='word_1_96' title='bbox 2991 873 3281 939; x_wconf 82' lang='lat' dir='ltr'><strong>Eusebius,</strong></span> <span class='ocrx_word' id='word_1_97' title='bbox 3330 876 3416 930; x_wconf 92' lang='lat' dir='ltr'><strong>cui</strong></span> <span class='ocrx_word' id='word_1_98' title='bbox 3451 876 3542 929; x_wconf 93' lang='lat' dir='ltr'><strong>uni</strong></span> <span class='ocrx_word' id='word_1_99' title='bbox 3581 876 3634 929; x_wconf 91' lang='lat' dir='ltr'><strong>in</strong></span> <span class='ocrx_word' id='word_1_100' title='bbox 3668 876 3835 931; x_wconf 85' lang='lat' dir='ltr'><strong>rebus</strong></span> 
     </span>
    </p>
   </div>
   <div class='ocr_carea' id='block_1_9' title="bbox 543 963 3825 1040">
    <p class='ocr_par' dir='ltr' id='par_1_9' title="bbox 543 963 3825 1040">
     <span class='ocr_line' id='line_1_9' title="bbox 543 963 3825 1040; baseline 0.002 -24"><span class='ocrx_word' id='word_1_101' title='bbox 543 963 797 1031; x_wconf 86' lang='lat' dir='ltr'><strong>Origcnis</strong></span> <span class='ocrx_word' id='word_1_102' title='bbox 823 966 947 1034; x_wconf 88' lang='lat' dir='ltr'><strong>plus</strong></span> <span class='ocrx_word' id='word_1_103' title='bbox 991 967 1323 1020; x_wconf 84' lang='lat' dir='ltr'><strong>credendum</strong></span> <span class='ocrx_word' id='word_1_104' title='bbox 1359 966 1636 1031; x_wconf 73' lang='lat' dir='ltr'><strong>existimo,</strong></span> <span class='ocrx_word' id='word_1_105' title='bbox 1667 984 1830 1037; x_wconf 90' lang='lat' dir='ltr'><strong>quam</strong></span> <span class='ocrx_word' id='word_1_106' title='bbox 1868 969 2114 1038; x_wconf 85' lang='lat' dir='ltr'><strong>pluribus</strong></span> <span class='ocrx_word' id='word_1_107' title='bbox 2160 967 2506 1040; x_wconf 79' lang='lat' dir='ltr'><strong>llieronymis</strong></span> <span class='ocrx_word' id='word_1_108' title='bbox 2538 970 2618 1024; x_wconf 87' lang='lat' dir='ltr'><strong>vel</strong></span> <span class='ocrx_word' id='word_1_109' title='bbox 2646 969 2873 1024; x_wconf 74' lang='lat' dir='ltr'><strong>lluﬁnis.</strong></span> <span class='ocrx_word' id='word_1_110' title='bbox 2920 969 3051 1025; x_wconf 77' lang='lat' dir='ltr'><strong>Rem</strong></span> <span class='ocrx_word' id='word_1_111' title='bbox 3089 973 3161 1025; x_wconf 92' lang='lat' dir='ltr'><strong>ita</strong></span> <span class='ocrx_word' id='word_1_112' title='bbox 3193 982 3380 1025; x_wconf 88' lang='lat' dir='ltr'><strong>narrat</strong></span> <span class='ocrx_word' id='word_1_113' title='bbox 3416 971 3684 1026; x_wconf 77' lang='lat' dir='ltr'><strong>Eusebius</strong></span> <span class='ocrx_word' id='word_1_114' title='bbox 3729 972 3825 1035; x_wconf 63' lang='lat' dir='ltr'><strong>lib,</strong></span> 
     </span>
    </p>
   </div>
   <div class='ocr_carea' id='block_1_10' title="bbox 549 1057 3835 1132">
    <p class='ocr_par' dir='ltr' id='par_1_10' title="bbox 549 1057 3835 1132">
     <span class='ocr_line' id='line_1_10' title="bbox 549 1057 3835 1132; baseline 0.003 -27"><span class='ocrx_word' id='word_1_115' title='bbox 549 1069 622 1117; x_wconf 77' lang='lat' dir='ltr'><strong>vl,</strong></span> <span class='ocrx_word' id='word_1_116' title='bbox 668 1070 786 1124; x_wconf 91' lang='lat' dir='ltr'><strong>cap.</strong></span> <span class='ocrx_word' id='word_1_117' title='bbox 821 1057 889 1109; x_wconf 69' lang='grc' dir='ltr'><strong>δῦ</strong></span> <span class='ocrx_word' id='word_1_118' title='bbox 928 1076 938 1110; x_wconf 95' lang='lat'>:</span> <span class='ocrx_word' id='word_1_119' title='bbox 973 1057 1104 1111; x_wconf 75' lang='lat' dir='ltr'><strong>Cum</strong></span> <span class='ocrx_word' id='word_1_120' title='bbox 1132 1059 1260 1126; x_wconf 79' lang='lat' dir='ltr'><strong>ﬁdes</strong></span> <span class='ocrx_word' id='word_1_121' title='bbox 1287 1069 1501 1122; x_wconf 86' lang='lat' dir='ltr'><strong>nostra,</strong></span> <span class='ocrx_word' id='word_1_122' title='bbox 1552 1072 1607 1113; x_wconf 74' lang='lat' dir='ltr'><strong>ut</strong></span> <span class='ocrx_word' id='word_1_123' title='bbox 1639 1078 1738 1129; x_wconf 87' lang='lat' dir='ltr'><strong>par</strong></span> <span class='ocrx_word' id='word_1_124' title='bbox 1789 1071 1925 1125; x_wconf 88' lang='lat' dir='ltr'><strong>erat,</strong></span> <span class='ocrx_word' id='word_1_125' title='bbox 1959 1072 2240 1131; x_wconf 77' lang='lat' dir='ltr'><strong>angeretur</strong></span> <span class='ocrx_word' id='word_1_126' title='bbox 2284 1064 2337 1116; x_wconf 75' lang='lat' dir='ltr'><strong>iit</strong></span> <span class='ocrx_word' id='word_1_127' title='bbox 2372 1064 2504 1124; x_wconf 84' lang='lat' dir='ltr'><strong>dies,</strong></span> <span class='ocrx_word' id='word_1_128' title='bbox 2548 1072 2598 1116; x_wconf 84' lang='lat' dir='ltr'><strong>et</strong></span> <span class='ocrx_word' id='word_1_129' title='bbox 2640 1064 2882 1116; x_wconf 73' lang='lat' dir='ltr'><strong>doctrina</strong></span> <span class='ocrx_word' id='word_1_130' title='bbox 2916 1063 3341 1118; x_wconf 68' lang='lat' dir='ltr'><strong>Christianorum</strong></span> <span class='ocrx_word' id='word_1_131' title='bbox 3386 1081 3595 1116; x_wconf 74' lang='lat' dir='ltr'><strong>suntme</strong></span> <span class='ocrx_word' id='word_1_132' title='bbox 3640 1064 3835 1132; x_wconf 79' lang='lat' dir='ltr'><strong>sibique</strong></span> 
     </span>
    </p>
   </div>
   <div class='ocr_carea' id='block_1_11' title="bbox 548 1146 3834 1223">
    <p class='ocr_par' dir='ltr' id='par_1_11' title="bbox 548 1146 3834 1223">
     <span class='ocr_line' id='line_1_11' title="bbox 548 1146 3834 1223; baseline 0.003 -28"><span class='ocrx_word' id='word_1_133' title='bbox 548 1146 788 1201; x_wconf 74' lang='lat' dir='ltr'><strong>libertate</strong></span> <span class='ocrx_word' id='word_1_134' title='bbox 823 1148 1106 1216; x_wconf 79' lang='lat' dir='ltr'><strong>frueretur,</strong></span> <span class='ocrx_word' id='word_1_135' title='bbox 1151 1151 1402 1220; x_wconf 82' lang='lat' dir='ltr'><strong>Origenes</strong></span> <span class='ocrx_word' id='word_1_136' title='bbox 1428 1151 1545 1220; x_wconf 86' lang='lat' dir='ltr'><strong>jam</strong></span> <span class='ocrx_word' id='word_1_137' title='bbox 1576 1154 1922 1222; x_wconf 71' lang='lat' dir='ltr'><strong>sexagenario</strong></span> <span class='ocrx_word' id='word_1_138' title='bbox 1971 1155 2164 1222; x_wconf 74' lang='lat' dir='ltr'><strong>major,</strong></span> <span class='ocrx_word' id='word_1_139' title='bbox 2199 1163 2378 1223; x_wconf 76' lang='lat' dir='ltr'><strong>utpote</strong></span> <span class='ocrx_word' id='word_1_140' title='bbox 2421 1156 2508 1223; x_wconf 84' lang='lat' dir='ltr'><strong>qui</strong></span> <span class='ocrx_word' id='word_1_141' title='bbox 2537 1170 2600 1206; x_wconf 74' lang='lat' dir='ltr'><strong>ex</strong></span> <span class='ocrx_word' id='word_1_142' title='bbox 2633 1155 2886 1207; x_wconf 78' lang='lat' dir='ltr'><strong>diuturna</strong></span> <span class='ocrx_word' id='word_1_143' title='bbox 2908 1157 3281 1208; x_wconf 71' lang='lat' dir='ltr'><strong>exercitatione</strong></span> <span class='ocrx_word' id='word_1_144' title='bbox 3305 1157 3597 1208; x_wconf 70' lang='lat' dir='ltr'><strong>maximum</strong></span> <span class='ocrx_word' id='word_1_145' title='bbox 3621 1151 3834 1207; x_wconf 76' lang='lat' dir='ltr'><strong>dicendi</strong></span> 
     </span>
    </p>
   </div>
   <div class='ocr_carea' id='block_1_12' title="bbox 547 1242 3831 1320">
    <p class='ocr_par' dir='ltr' id='par_1_12' title="bbox 547 1242 3831 1320">
     <span class='ocr_line' id='line_1_12' title="bbox 547 1242 3831 1320; baseline 0.004 -30"><span class='ocrx_word' id='word_1_146' title='bbox 547 1255 700 1292; x_wconf 79' lang='lat' dir='ltr'><strong>usum</strong></span> <span class='ocrx_word' id='word_1_147' title='bbox 751 1242 852 1294; x_wconf 89' lang='lat' dir='ltr'><strong>sibi</strong></span> <span class='ocrx_word' id='word_1_148' title='bbox 886 1257 1265 1310; x_wconf 74' lang='lat' dir='ltr'><strong>comparasset,</strong></span> <span class='ocrx_word' id='word_1_149' title='bbox 1296 1248 1569 1301; x_wconf 72' lang='lat' dir='ltr'><strong>conciones</strong></span> <span class='ocrx_word' id='word_1_150' title='bbox 1595 1263 1722 1317; x_wconf 75' lang='lat' dir='ltr'><strong>quas</strong></span> <span class='ocrx_word' id='word_1_151' title='bbox 1745 1248 1966 1301; x_wconf 83' lang='lat' dir='ltr'><strong>habebat</strong></span> <span class='ocrx_word' id='word_1_152' title='bbox 2012 1257 2079 1300; x_wconf 85' lang='lat' dir='ltr'><strong>att</strong></span> <span class='ocrx_word' id='word_1_153' title='bbox 2110 1249 2360 1319; x_wconf 83' lang='lat' dir='ltr'><strong>populant</strong></span> <span class='ocrx_word' id='word_1_154' title='bbox 2390 1267 2421 1302; x_wconf 81' lang='grc' dir='ltr'><strong><em>(ι</em></strong></span> <span class='ocrx_word' id='word_1_155' title='bbox 2467 1251 2695 1303; x_wconf 88' lang='lat' dir='ltr'><strong>notariis</strong></span> <span class='ocrx_word' id='word_1_156' title='bbox 2741 1252 2912 1319; x_wconf 75' lang='lat' dir='ltr'><strong>excipi</strong></span> <span class='ocrx_word' id='word_1_157' title='bbox 2941 1254 3199 1320; x_wconf 69' lang='lat' dir='ltr'><strong>permisit,</strong></span> <span class='ocrx_word' id='word_1_158' title='bbox 3226 1269 3342 1304; x_wconf 77' lang='lat' dir='ltr'><strong>cum</strong></span> <span class='ocrx_word' id='word_1_159' title='bbox 3393 1252 3447 1303; x_wconf 82' lang='lat' dir='ltr'><strong>id</strong></span> <span class='ocrx_word' id='word_1_160' title='bbox 3500 1260 3654 1303; x_wconf 90' lang='lat' dir='ltr'><strong>antea</strong></span> <span class='ocrx_word' id='word_1_161' title='bbox 3709 1251 3831 1318; x_wconf 76' lang='lat' dir='ltr'><strong>ﬁeri</strong></span> 
     </span>
    </p>
   </div>
   <div class='ocr_carea' id='block_1_13' title="bbox 548 1336 3830 1414">
    <p class='ocr_par' dir='ltr' id='par_1_13' title="bbox 548 1336 3830 1414">
     <span class='ocr_line' id='line_1_13' title="bbox 548 1336 3830 1414; baseline 0.005 -30"><span class='ocrx_word' id='word_1_162' title='bbox 548 1350 813 1404; x_wconf 83' lang='lat' dir='ltr'><strong>nunquam</strong></span> <span class='ocrx_word' id='word_1_163' title='bbox 847 1336 1208 1390; x_wconf 76' lang='lat' dir='ltr'><strong>concessisset.</strong></span> <span class='ocrx_word' id='word_1_164' title='bbox 1241 1336 1313 1391; x_wconf 78' lang='lat' dir='ltr'><strong>Ex</strong></span> <span class='ocrx_word' id='word_1_165' title='bbox 1353 1337 1437 1394; x_wconf 90' lang='lat' dir='ltr'><strong>bis</strong></span> <span class='ocrx_word' id='word_1_166' title='bbox 1466 1341 1820 1412; x_wconf 74' lang='lat' dir='ltr'><strong>consequitur</strong></span> <span class='ocrx_word' id='word_1_167' title='bbox 1857 1341 2186 1413; x_wconf 82' lang='lat' dir='ltr'><strong>llicronymo</strong></span> <span class='ocrx_word' id='word_1_168' title='bbox 2233 1344 2560 1412; x_wconf 84' lang='lat' dir='ltr'><strong>imposuisse</strong></span> <span class='ocrx_word' id='word_1_169' title='bbox 2596 1345 2944 1401; x_wconf 89' lang='lat' dir='ltr'><strong>bomiliarum</strong></span> <span class='ocrx_word' id='word_1_170' title='bbox 2976 1348 3028 1401; x_wconf 92' lang='lat' dir='ltr'><strong>in</strong></span> <span class='ocrx_word' id='word_1_171' title='bbox 3065 1347 3272 1401; x_wconf 86' lang='lat' dir='ltr'><strong>Lucam</strong></span> <span class='ocrx_word' id='word_1_172' title='bbox 3301 1348 3543 1401; x_wconf 86' lang='lat' dir='ltr'><strong>codicem</strong></span> <span class='ocrx_word' id='word_1_173' title='bbox 3578 1345 3830 1414; x_wconf 82' lang='lat' dir='ltr'><strong>Origcnis</strong></span> 
     </span>
    </p>
   </div>
   <div class='ocr_carea' id='block_1_14' title="bbox 557 1433 3826 1512">
    <p class='ocr_par' dir='ltr' id='par_1_14' title="bbox 557 1433 3826 1512">
     <span class='ocr_line' id='line_1_14' title="bbox 557 1433 3826 1512; baseline 0.003 -30"><span class='ocrx_word' id='word_1_174' title='bbox 557 1433 780 1483; x_wconf 85' lang='lat' dir='ltr'><strong>nomine</strong></span> <span class='ocrx_word' id='word_1_175' title='bbox 819 1442 1230 1501; x_wconf 70' lang='lat' dir='ltr'><strong>pt-tenotatum;</strong></span> <span class='ocrx_word' id='word_1_176' title='bbox 1274 1444 1327 1489; x_wconf 91' lang='lat' dir='ltr'><strong>et</strong></span> <span class='ocrx_word' id='word_1_177' title='bbox 1367 1447 1514 1490; x_wconf 90' lang='lat' dir='ltr'><strong>certe</strong></span> <span class='ocrx_word' id='word_1_178' title='bbox 1561 1437 1863 1492; x_wconf 64' lang='lat' dir='ltr'><strong>Verisimile</strong></span> <span class='ocrx_word' id='word_1_179' title='bbox 1915 1448 1998 1492; x_wconf 91' lang='lat' dir='ltr'><strong>est</strong></span> <span class='ocrx_word' id='word_1_180' title='bbox 2035 1437 2184 1493; x_wconf 86' lang='lat' dir='ltr'><strong>l&#39;also</strong></span> <span class='ocrx_word' id='word_1_181' title='bbox 2219 1439 2424 1494; x_wconf 82' lang='lat' dir='ltr'><strong>codicis</strong></span> <span class='ocrx_word' id='word_1_182' title='bbox 2451 1441 2615 1495; x_wconf 83' lang='lat' dir='ltr'><strong>titulo</strong></span> <span class='ocrx_word' id='word_1_183' title='bbox 2662 1441 2912 1496; x_wconf 93' lang='lat' dir='ltr'><strong>delusum</strong></span> <span class='ocrx_word' id='word_1_184' title='bbox 2956 1441 3124 1496; x_wconf 82' lang='lat' dir='ltr'><strong>fuisse</strong></span> <span class='ocrx_word' id='word_1_185' title='bbox 3173 1441 3600 1512; x_wconf 76' lang='lat' dir='ltr'><strong>Hieronymum;</strong></span> <span class='ocrx_word' id='word_1_186' title='bbox 3640 1449 3826 1493; x_wconf 83' lang='lat' dir='ltr'><strong>tamen</strong></span> 
     </span>
    </p>
   </div>
   <div class='ocr_carea' id='block_1_15' title="bbox 547 1526 3827 1606">
    <p class='ocr_par' dir='ltr' id='par_1_15' title="bbox 547 1526 3827 1606">
     <span class='ocr_line' id='line_1_15' title="bbox 547 1526 3827 1606; baseline 0.003 -30"><span class='ocrx_word' id='word_1_187' title='bbox 547 1526 810 1591; x_wconf 87' lang='lat' dir='ltr'><strong>quoniam</strong></span> <span class='ocrx_word' id='word_1_188' title='bbox 843 1526 896 1580; x_wconf 90' lang='lat' dir='ltr'><strong>in</strong></span> <span class='ocrx_word' id='word_1_189' title='bbox 949 1527 1056 1583; x_wconf 88' lang='lat' dir='ltr'><strong>illis</strong></span> <span class='ocrx_word' id='word_1_190' title='bbox 1090 1528 1332 1584; x_wconf 87' lang='lat' dir='ltr'><strong>bomiliis</strong></span> <span class='ocrx_word' id='word_1_191' title='bbox 1361 1529 1594 1586; x_wconf 74' lang='lat' dir='ltr'><strong>eximias</strong></span> <span class='ocrx_word' id='word_1_192' title='bbox 1630 1531 1750 1586; x_wconf 92' lang='lat' dir='ltr'><strong>illas</strong></span> <span class='ocrx_word' id='word_1_193' title='bbox 1801 1532 2004 1602; x_wconf 87' lang='lat' dir='ltr'><strong>ingenii</strong></span> <span class='ocrx_word' id='word_1_194' title='bbox 2052 1532 2366 1606; x_wconf 86' lang='lat' dir='ltr'><strong>Origeniani</strong></span> <span class='ocrx_word' id='word_1_195' title='bbox 2403 1534 2559 1589; x_wconf 91' lang='lat' dir='ltr'><strong>dotes</strong></span> <span class='ocrx_word' id='word_1_196' title='bbox 2605 1551 2713 1589; x_wconf 90' lang='lat' dir='ltr'><strong>non</strong></span> <span class='ocrx_word' id='word_1_197' title='bbox 2766 1536 3231 1591; x_wconf 86' lang='lat' dir='ltr'><strong>animadvertebat</strong></span> <span class='ocrx_word' id='word_1_198' title='bbox 3273 1551 3394 1605; x_wconf 78' lang='lat' dir='ltr'><strong>qua:</strong></span> <span class='ocrx_word' id='word_1_199' title='bbox 3440 1535 3493 1588; x_wconf 90' lang='lat' dir='ltr'><strong>iu</strong></span> <span class='ocrx_word' id='word_1_200' title='bbox 3548 1532 3827 1602; x_wconf 78' lang='lat' dir='ltr'><strong>germanis</strong></span> 
     </span>
    </p>
   </div>
   <div class='ocr_carea' id='block_1_16' title="bbox 545 1618 3825 1703">
    <p class='ocr_par' dir='ltr' id='par_1_16' title="bbox 545 1618 3825 1703">
     <span class='ocr_line' id='line_1_16' title="bbox 545 1618 3825 1703; baseline 0.004 -33"><span class='ocrx_word' id='word_1_201' title='bbox 545 1618 798 1688; x_wconf 86' lang='lat' dir='ltr'><strong>Origenis</strong></span> <span class='ocrx_word' id='word_1_202' title='bbox 832 1619 1052 1692; x_wconf 75' lang='lat' dir='ltr'><strong>scriptis</strong></span> <span class='ocrx_word' id='word_1_203' title='bbox 1097 1624 1302 1680; x_wconf 81' lang='lat' dir='ltr'><strong>micare</strong></span> <span class='ocrx_word' id='word_1_204' title='bbox 1343 1626 1539 1691; x_wconf 84' lang='lat' dir='ltr'><strong>solent,</strong></span> <span class='ocrx_word' id='word_1_205' title='bbox 1577 1628 1646 1681; x_wconf 90' lang='lat' dir='ltr'><strong>ab</strong></span> <span class='ocrx_word' id='word_1_206' title='bbox 1675 1642 1740 1681; x_wconf 91' lang='lat' dir='ltr'><strong>eo</strong></span> <span class='ocrx_word' id='word_1_207' title='bbox 1768 1627 2063 1683; x_wconf 85' lang='lat' dir='ltr'><strong>admodum</strong></span> <span class='ocrx_word' id='word_1_208' title='bbox 2093 1629 2290 1698; x_wconf 88' lang='lat' dir='ltr'><strong>juvene</strong></span> <span class='ocrx_word' id='word_1_209' title='bbox 2329 1631 2560 1700; x_wconf 83' lang='lat' dir='ltr'><strong>scriptas</strong></span> <span class='ocrx_word' id='word_1_210' title='bbox 2608 1630 2747 1686; x_wconf 76' lang='lat' dir='ltr'><strong>falso</strong></span> <span class='ocrx_word' id='word_1_211' title='bbox 2787 1635 2997 1703; x_wconf 83' lang='lat' dir='ltr'><strong>putavit</strong></span> <span class='ocrx_word' id='word_1_212' title='bbox 3033 1652 3046 1687; x_wconf 90' lang='lat'><strong>:</strong></span> <span class='ocrx_word' id='word_1_213' title='bbox 3084 1649 3207 1686; x_wconf 91' lang='lat' dir='ltr'><strong>nam</strong></span> <span class='ocrx_word' id='word_1_214' title='bbox 3251 1630 3608 1702; x_wconf 77' lang='lat' dir='ltr'><strong>sexagenario</strong></span> <span class='ocrx_word' id='word_1_215' title='bbox 3641 1628 3825 1695; x_wconf 81' lang='lat' dir='ltr'><strong>major</strong></span> 
     </span>
    </p>
   </div>
   <div class='ocr_carea' id='block_1_17' title="bbox 545 1715 3825 1798">
    <p class='ocr_par' dir='ltr' id='par_1_17' title="bbox 545 1715 3825 1798">
     <span class='ocr_line' id='line_1_17' title="bbox 545 1715 3825 1798; baseline 0.002 -31"><span class='ocrx_word' id='word_1_216' title='bbox 545 1725 659 1770; x_wconf 85' lang='lat' dir='ltr'><strong>erat</strong></span> <span class='ocrx_word' id='word_1_217' title='bbox 693 1715 954 1788; x_wconf 72' lang='lat' dir='ltr'><strong>Origenes</strong></span> <span class='ocrx_word' id='word_1_218' title='bbox 985 1735 1108 1774; x_wconf 91' lang='lat' dir='ltr'><strong>eum</strong></span> <span class='ocrx_word' id='word_1_219' title='bbox 1139 1721 1392 1777; x_wconf 72' lang='lat' dir='ltr'><strong>bomilias</strong></span> <span class='ocrx_word' id='word_1_220' title='bbox 1423 1738 1552 1777; x_wconf 85' lang='lat' dir='ltr'><strong>suas</strong></span> <span class='ocrx_word' id='word_1_221' title='bbox 1581 1739 1720 1794; x_wconf 86' lang='lat' dir='ltr'><strong>quas</strong></span> <span class='ocrx_word' id='word_1_222' title='bbox 1753 1725 1982 1779; x_wconf 78' lang='lat' dir='ltr'><strong>habebat</strong></span> <span class='ocrx_word' id='word_1_223' title='bbox 2027 1728 2095 1780; x_wconf 87' lang='lat' dir='ltr'><strong>ad</strong></span> <span class='ocrx_word' id='word_1_224' title='bbox 2138 1727 2396 1796; x_wconf 84' lang='lat' dir='ltr'><strong>populum</strong></span> <span class='ocrx_word' id='word_1_225' title='bbox 2424 1741 2453 1781; x_wconf 85' lang='lat' dir='ltr'><strong>a</strong></span> <span class='ocrx_word' id='word_1_226' title='bbox 2485 1728 2713 1783; x_wconf 85' lang='lat' dir='ltr'><strong>notariis</strong></span> <span class='ocrx_word' id='word_1_227' title='bbox 2740 1729 2914 1798; x_wconf 80' lang='lat' dir='ltr'><strong>excipi</strong></span> <span class='ocrx_word' id='word_1_228' title='bbox 2944 1729 3209 1798; x_wconf 84' lang='lat' dir='ltr'><strong>permisit.</strong></span> <span class='ocrx_word' id='word_1_229' title='bbox 3242 1727 3526 1780; x_wconf 82' lang='lat' dir='ltr'><strong>Errantem</strong></span> <span class='ocrx_word' id='word_1_230' title='bbox 3561 1723 3825 1792; x_wconf 81' lang='lat' dir='ltr'><strong>Ilicrony-</strong></span> 
     </span>
    </p>
   </div>
   <div class='ocr_carea' id='block_1_18' title="bbox 543 1809 3821 1890">
    <p class='ocr_par' dir='ltr' id='par_1_18' title="bbox 543 1809 3821 1890">
     <span class='ocr_line' id='line_1_18' title="bbox 543 1809 3821 1890; baseline 0.004 -32"><span class='ocrx_word' id='word_1_231' title='bbox 543 1821 694 1862; x_wconf 83' lang='lat' dir='ltr'><strong>mum</strong></span> <span class='ocrx_word' id='word_1_232' title='bbox 726 1819 946 1863; x_wconf 85' lang='lat' dir='ltr'><strong>secutus</strong></span> <span class='ocrx_word' id='word_1_233' title='bbox 995 1823 1081 1864; x_wconf 90' lang='lat' dir='ltr'><strong>est</strong></span> <span class='ocrx_word' id='word_1_234' title='bbox 1126 1809 1380 1879; x_wconf 74' lang='lat' dir='ltr'><strong>Rufinus,</strong></span> <span class='ocrx_word' id='word_1_235' title='bbox 1411 1827 1477 1868; x_wconf 91' lang='lat' dir='ltr'><strong>eo</strong></span> <span class='ocrx_word' id='word_1_236' title='bbox 1519 1814 1694 1884; x_wconf 85' lang='lat' dir='ltr'><strong>magis</strong></span> <span class='ocrx_word' id='word_1_237' title='bbox 1727 1814 1872 1884; x_wconf 87' lang='lat' dir='ltr'><strong>quod</strong></span> <span class='ocrx_word' id='word_1_238' title='bbox 1919 1816 2069 1870; x_wconf 90' lang='lat' dir='ltr'><strong>illum</strong></span> <span class='ocrx_word' id='word_1_239' title='bbox 2108 1817 2438 1888; x_wconf 78' lang='lat' dir='ltr'><strong>sugg&#39;illandi</strong></span> <span class='ocrx_word' id='word_1_240' title='bbox 2473 1819 2819 1873; x_wconf 84' lang='lat' dir='ltr'><strong>occasionem</strong></span> <span class='ocrx_word' id='word_1_241' title='bbox 2867 1828 3078 1874; x_wconf 86' lang='lat' dir='ltr'><strong>tantum</strong></span> <span class='ocrx_word' id='word_1_242' title='bbox 3115 1819 3428 1890; x_wconf 78' lang='lat' dir='ltr'><strong>qurercbat;</strong></span> <span class='ocrx_word' id='word_1_243' title='bbox 3476 1832 3602 1871; x_wconf 87' lang='lat' dir='ltr'><strong>cum</strong></span> <span class='ocrx_word' id='word_1_244' title='bbox 3638 1824 3821 1870; x_wconf 79' lang='lat' dir='ltr'><strong>autem</strong></span> 
     </span>
    </p>
   </div>
   <div class='ocr_carea' id='block_1_19' title="bbox 543 1899 3823 1978">
    <p class='ocr_par' dir='ltr' id='par_1_19' title="bbox 543 1899 3823 1978">
     <span class='ocr_line' id='line_1_19' title="bbox 543 1899 3823 1978; baseline 0.003 -27"><span class='ocrx_word' id='word_1_245' title='bbox 543 1913 665 1955; x_wconf 86' lang='lat' dir='ltr'><strong>eam</strong></span> <span class='ocrx_word' id='word_1_246' title='bbox 695 1899 749 1952; x_wconf 89' lang='lat' dir='ltr'><strong>in</strong></span> <span class='ocrx_word' id='word_1_247' title='bbox 779 1899 1130 1957; x_wconf 85' lang='lat' dir='ltr'><strong>bomiliarum</strong></span> <span class='ocrx_word' id='word_1_248' title='bbox 1160 1900 1389 1959; x_wconf 88' lang='lat' dir='ltr'><strong>istarqu</strong></span> <span class='ocrx_word' id='word_1_249' title='bbox 1426 1903 1619 1960; x_wconf 90' lang='lat' dir='ltr'><strong>Latina</strong></span> <span class='ocrx_word' id='word_1_250' title='bbox 1647 1905 2002 1960; x_wconf 80' lang='lat' dir='ltr'><strong>translatione</strong></span> <span class='ocrx_word' id='word_1_251' title='bbox 2029 1919 2222 1963; x_wconf 86' lang='lat' dir='ltr'><strong>nactus</strong></span> <span class='ocrx_word' id='word_1_252' title='bbox 2253 1922 2419 1974; x_wconf 81' lang='lat' dir='ltr'><strong>esset,</strong></span> <span class='ocrx_word' id='word_1_253' title='bbox 2461 1911 2561 1964; x_wconf 91' lang='lat' dir='ltr'><strong>soli</strong></span> <span class='ocrx_word' id='word_1_254' title='bbox 2587 1911 2793 1964; x_wconf 85' lang='lat' dir='ltr'><strong>codicis</strong></span> <span class='ocrx_word' id='word_1_255' title='bbox 2823 1911 2981 1964; x_wconf 87' lang='lat' dir='ltr'><strong>titulo</strong></span> <span class='ocrx_word' id='word_1_256' title='bbox 3019 1913 3268 1974; x_wconf 64' lang='lat' dir='ltr'><strong>adhaesit,</strong></span> <span class='ocrx_word' id='word_1_257' title='bbox 3300 1926 3398 1964; x_wconf 88' lang='lat' dir='ltr'><strong>nec</strong></span> <span class='ocrx_word' id='word_1_258' title='bbox 3422 1910 3657 1978; x_wconf 83' lang='lat' dir='ltr'><strong>amplius</strong></span> <span class='ocrx_word' id='word_1_259' title='bbox 3684 1911 3823 1963; x_wconf 81' lang='lat' dir='ltr'><strong>scire</strong></span> 
     </span>
    </p>
   </div>
   <div class='ocr_carea' id='block_1_20' title="bbox 544 1985 3818 2071">
    <p class='ocr_par' dir='ltr' id='par_1_20' title="bbox 544 1985 3818 2071">
     <span class='ocr_line' id='line_1_20' title="bbox 544 1985 3818 2071; baseline 0.003 -29"><span class='ocrx_word' id='word_1_260' title='bbox 544 1985 818 2044; x_wconf 77' lang='lat' dir='ltr'><strong>laboravit</strong></span> <span class='ocrx_word' id='word_1_261' title='bbox 841 2001 973 2041; x_wconf 86' lang='lat' dir='ltr'><strong>num</strong></span> <span class='ocrx_word' id='word_1_262' title='bbox 1003 2008 1127 2048; x_wconf 84' lang='lat' dir='ltr'><strong>vere</strong></span> <span class='ocrx_word' id='word_1_263' title='bbox 1153 1992 1408 2064; x_wconf 85' lang='lat' dir='ltr'><strong>Origenis</strong></span> <span class='ocrx_word' id='word_1_264' title='bbox 1443 2005 1648 2059; x_wconf 85' lang='lat' dir='ltr'><strong>essent,</strong></span> <span class='ocrx_word' id='word_1_265' title='bbox 1682 1995 1825 2064; x_wconf 89' lang='lat' dir='ltr'><strong>quod</strong></span> <span class='ocrx_word' id='word_1_266' title='bbox 1853 2010 1914 2049; x_wconf 81' lang='lat' dir='ltr'><strong>ex</strong></span> <span class='ocrx_word' id='word_1_267' title='bbox 1956 1996 2168 2050; x_wconf 82' lang='lat' dir='ltr'><strong>illarum</strong></span> <span class='ocrx_word' id='word_1_268' title='bbox 2201 2001 2609 2067; x_wconf 88' lang='lat' dir='ltr'><strong>comparatione</strong></span> <span class='ocrx_word' id='word_1_269' title='bbox 2641 2016 2765 2053; x_wconf 92' lang='lat' dir='ltr'><strong>eum</strong></span> <span class='ocrx_word' id='word_1_270' title='bbox 2803 2002 3051 2070; x_wconf 73' lang='lat' dir='ltr'><strong>genuinis</strong></span> <span class='ocrx_word' id='word_1_271' title='bbox 3101 2003 3246 2057; x_wconf 79' lang='lat' dir='ltr'><strong>illitis</strong></span> <span class='ocrx_word' id='word_1_272' title='bbox 3278 2003 3536 2071; x_wconf 76' lang='lat' dir='ltr'><strong>operibus</strong></span> <span class='ocrx_word' id='word_1_273' title='bbox 3573 1998 3818 2069; x_wconf 83' lang='lat' dir='ltr'><strong>dignost</strong></span> 
     </span>
    </p>
   </div>
   <div class='ocr_carea' id='block_1_21' title="bbox 541 2081 3819 2163">
    <p class='ocr_par' dir='ltr' id='par_1_21' title="bbox 541 2081 3819 2163">
     <span class='ocr_line' id='line_1_21' title="bbox 541 2081 3819 2163; baseline 0.002 -25"><span class='ocrx_word' id='word_1_274' title='bbox 541 2095 777 2153; x_wconf 88' lang='lat' dir='ltr'><strong>poterat.</strong></span> <span class='ocrx_word' id='word_1_275' title='bbox 813 2104 833 2137; x_wconf 74' lang='grc' dir='ltr'><strong><em>ι</em></strong></span> <span class='ocrx_word' id='word_1_276' title='bbox 875 2084 1053 2142; x_wconf 85' lang='lat' dir='ltr'><strong>Habes</strong></span> <span class='ocrx_word' id='word_1_277' title='bbox 1077 2085 1222 2158; x_wconf 79' lang='lat' dir='ltr'><strong>quod</strong></span> <span class='ocrx_word' id='word_1_278' title='bbox 1250 2081 1596 2140; x_wconf 78' lang='lat' dir='ltr'><strong>ineluctabile</strong></span> <span class='ocrx_word' id='word_1_279' title='bbox 1626 2087 1851 2156; x_wconf 88' lang='lat' dir='ltr'><strong>putabat</strong></span> <span class='ocrx_word' id='word_1_280' title='bbox 1892 2086 2179 2141; x_wconf 75' lang='lat' dir='ltr'><strong>Matthteus</strong></span> <span class='ocrx_word' id='word_1_281' title='bbox 2229 2089 2620 2158; x_wconf 84' lang='lat' dir='ltr'><strong>Larroqnanus</strong></span> <span class='ocrx_word' id='word_1_282' title='bbox 2654 2104 3064 2162; x_wconf 87' lang='lat' dir='ltr'><strong>argumen&#39;um,</strong></span> <span class='ocrx_word' id='word_1_283' title='bbox 3115 2095 3207 2147; x_wconf 87' lang='lat' dir='ltr'><strong>sed</strong></span> <span class='ocrx_word' id='word_1_284' title='bbox 3253 2093 3405 2163; x_wconf 83' lang='lat' dir='ltr'><strong>quod</strong></span> <span class='ocrx_word' id='word_1_285' title='bbox 3457 2093 3819 2146; x_wconf 83' lang='lat' dir='ltr'><strong>nihilominus</strong></span> 
     </span>
    </p>
   </div>
   <div class='ocr_carea' id='block_1_22' title="bbox 542 2175 3813 2252">
    <p class='ocr_par' dir='ltr' id='par_1_22' title="bbox 542 2175 3813 2252">
     <span class='ocr_line' id='line_1_22' title="bbox 542 2175 3813 2252; baseline 0.001 -20"><span class='ocrx_word' id='word_1_286' title='bbox 542 2179 746 2234; x_wconf 87' lang='lat' dir='ltr'><strong>nullius</strong></span> <span class='ocrx_word' id='word_1_287' title='bbox 794 2189 879 2235; x_wconf 88' lang='lat' dir='ltr'><strong>est</strong></span> <span class='ocrx_word' id='word_1_288' title='bbox 911 2177 1172 2252; x_wconf 88' lang='lat' dir='ltr'><strong>ponderis</strong></span> <span class='ocrx_word' id='word_1_289' title='bbox 1221 2192 1314 2232; x_wconf 87' lang='lat' dir='ltr'><strong>seu</strong></span> <span class='ocrx_word' id='word_1_290' title='bbox 1373 2175 1656 2241; x_wconf 88' lang='lat' dir='ltr'><strong>momenti,</strong></span> <span class='ocrx_word' id='word_1_291' title='bbox 1693 2185 1874 2246; x_wconf 86' lang='lat' dir='ltr'><strong>utpote</strong></span> <span class='ocrx_word' id='word_1_292' title='bbox 1903 2175 2043 2230; x_wconf 75' lang='lat' dir='ltr'><strong>falso</strong></span> <span class='ocrx_word' id='word_1_293' title='bbox 2071 2177 2341 2245; x_wconf 90' lang='lat' dir='ltr'><strong>principio</strong></span> <span class='ocrx_word' id='word_1_294' title='bbox 2376 2177 2694 2241; x_wconf 77' lang='lat' dir='ltr'><strong>subnixum.</strong></span> <span class='ocrx_word' id='word_1_295' title='bbox 2741 2196 2933 2249; x_wconf 82' lang='lat' dir='ltr'><strong>nempe</strong></span> <span class='ocrx_word' id='word_1_296' title='bbox 2975 2179 3270 2234; x_wconf 77' lang='lat' dir='ltr'><strong>Eusebium</strong></span> <span class='ocrx_word' id='word_1_297' title='bbox 3306 2183 3573 2235; x_wconf 81' lang='lat' dir='ltr'><strong>allirmare</strong></span> <span class='ocrx_word' id='word_1_298' title='bbox 3606 2182 3813 2234; x_wconf 82' lang='lat' dir='ltr'><strong>nullam</strong></span> 
     </span>
    </p>
   </div>
   <div class='ocr_carea' id='block_1_23' title="bbox 520 2271 3815 2346">
    <p class='ocr_par' dir='ltr' id='par_1_23' title="bbox 520 2271 3815 2346">
     <span class='ocr_line' id='line_1_23' title="bbox 520 2271 3815 2346; baseline -0.001 -18"><span class='ocrx_word' id='word_1_299' title='bbox 520 2273 826 2346; x_wconf 70' lang='lat' dir='ltr'><strong>Origenem</strong></span> <span class='ocrx_word' id='word_1_300' title='bbox 879 2273 1116 2332; x_wconf 78' lang='lat' dir='ltr'><strong>edidisse</strong></span> <span class='ocrx_word' id='word_1_301' title='bbox 1163 2272 1443 2327; x_wconf 88' lang='lat' dir='ltr'><strong>bomiliam</strong></span> <span class='ocrx_word' id='word_1_302' title='bbox 1493 2279 1620 2326; x_wconf 89' lang='lat' dir='ltr'><strong>ante</strong></span> <span class='ocrx_word' id='word_1_303' title='bbox 1657 2271 1835 2326; x_wconf 65' lang='lat' dir='ltr'><strong>aetatis</strong></span> <span class='ocrx_word' id='word_1_304' title='bbox 1878 2287 1991 2326; x_wconf 65' lang='lat' dir='ltr'><strong>suae</strong></span> <span class='ocrx_word' id='word_1_305' title='bbox 2040 2287 2244 2325; x_wconf 75' lang='lat' dir='ltr'><strong>stutum</strong></span> <span class='ocrx_word' id='word_1_306' title='bbox 2293 2289 2385 2326; x_wconf 72' lang='grc' dir='ltr'><strong>ιι.</strong></span> <span class='ocrx_word' id='word_1_307' title='bbox 2440 2275 2601 2341; x_wconf 83' lang='lat' dir='ltr'><strong>Atqui</strong></span> <span class='ocrx_word' id='word_1_308' title='bbox 2631 2274 2680 2327; x_wconf 92' lang='lat' dir='ltr'><strong>id</strong></span> <span class='ocrx_word' id='word_1_309' title='bbox 2716 2289 2822 2327; x_wconf 94' lang='lat' dir='ltr'><strong>non</strong></span> <span class='ocrx_word' id='word_1_310' title='bbox 2853 2275 2986 2328; x_wconf 90' lang='lat' dir='ltr'><strong>dicit</strong></span> <span class='ocrx_word' id='word_1_311' title='bbox 3018 2275 3306 2329; x_wconf 76' lang='lat' dir='ltr'><strong>Eusebius.</strong></span> <span class='ocrx_word' id='word_1_312' title='bbox 3357 2273 3411 2328; x_wconf 86' lang='lat' dir='ltr'><strong>bl</strong></span> <span class='ocrx_word' id='word_1_313' title='bbox 3453 2289 3621 2327; x_wconf 88' lang='lat' dir='ltr'><strong>unqu</strong></span> <span class='ocrx_word' id='word_1_314' title='bbox 3656 2273 3815 2336; x_wconf 84' lang='lat' dir='ltr'><strong>dicit,</strong></span> 
     </span>
    </p>
   </div>
   <div class='ocr_carea' id='block_1_24' title="bbox 529 2363 3815 2437">
    <p class='ocr_par' dir='ltr' id='par_1_24' title="bbox 529 2363 3815 2437">
     <span class='ocr_line' id='line_1_24' title="bbox 529 2363 3815 2437; baseline 0 -17"><span class='ocrx_word' id='word_1_315' title='bbox 529 2363 825 2437; x_wconf 82' lang='lat' dir='ltr'><strong>Origenem</strong></span> <span class='ocrx_word' id='word_1_316' title='bbox 872 2374 1000 2421; x_wconf 83' lang='lat' dir='ltr'><strong>ante</strong></span> <span class='ocrx_word' id='word_1_317' title='bbox 1030 2364 1208 2423; x_wconf 68' lang='lat' dir='ltr'><strong>aetatis</strong></span> <span class='ocrx_word' id='word_1_318' title='bbox 1253 2380 1366 2420; x_wconf 67' lang='lat' dir='ltr'><strong>suae</strong></span> <span class='ocrx_word' id='word_1_319' title='bbox 1400 2380 1605 2419; x_wconf 87' lang='lat' dir='ltr'><strong>annum</strong></span> <span class='ocrx_word' id='word_1_320' title='bbox 1637 2364 2037 2435; x_wconf 80' lang='lat' dir='ltr'><strong>sexagesimum</strong></span> <span class='ocrx_word' id='word_1_321' title='bbox 2087 2379 2196 2419; x_wconf 92' lang='lat' dir='ltr'><strong>non</strong></span> <span class='ocrx_word' id='word_1_322' title='bbox 2233 2366 2553 2436; x_wconf 89' lang='lat' dir='ltr'><strong>permisisse</strong></span> <span class='ocrx_word' id='word_1_323' title='bbox 2588 2374 2644 2419; x_wconf 95' lang='lat' dir='ltr'><strong>ut</strong></span> <span class='ocrx_word' id='word_1_324' title='bbox 2674 2367 2969 2422; x_wconf 87' lang='lat' dir='ltr'><strong>conciones</strong></span> <span class='ocrx_word' id='word_1_325' title='bbox 3005 2383 3143 2435; x_wconf 88' lang='lat' dir='ltr'><strong>quas</strong></span> <span class='ocrx_word' id='word_1_326' title='bbox 3179 2367 3412 2420; x_wconf 80' lang='lat' dir='ltr'><strong>habebat</strong></span> <span class='ocrx_word' id='word_1_327' title='bbox 3456 2368 3520 2420; x_wconf 91' lang='lat' dir='ltr'><strong>ad</strong></span> <span class='ocrx_word' id='word_1_328' title='bbox 3556 2367 3815 2436; x_wconf 73' lang='lat' dir='ltr'><strong>populum</strong></span> 
     </span>
    </p>
   </div>
   <div class='ocr_carea' id='block_1_25' title="bbox 533 2455 3813 2529">
    <p class='ocr_par' dir='ltr' id='par_1_25' title="bbox 533 2455 3813 2529">
     <span class='ocr_line' id='line_1_25' title="bbox 533 2455 3813 2529; baseline -0.002 -13"><span class='ocrx_word' id='word_1_329' title='bbox 533 2477 568 2516; x_wconf 84' lang='lat' dir='ltr'><strong>a</strong></span> <span class='ocrx_word' id='word_1_330' title='bbox 611 2458 838 2518; x_wconf 80' lang='lat' dir='ltr'><strong>notariis</strong></span> <span class='ocrx_word' id='word_1_331' title='bbox 881 2459 1282 2529; x_wconf 76' lang='lat' dir='ltr'><strong>exciperentur.</strong></span> <span class='ocrx_word' id='word_1_332' title='bbox 1318 2458 1469 2522; x_wconf 88' lang='lat' dir='ltr'><strong>Esto,</strong></span> <span class='ocrx_word' id='word_1_333' title='bbox 1507 2472 1612 2512; x_wconf 91' lang='lat' dir='ltr'><strong>non</strong></span> <span class='ocrx_word' id='word_1_334' title='bbox 1655 2457 1981 2526; x_wconf 81' lang='lat' dir='ltr'><strong>permiserit.</strong></span> <span class='ocrx_word' id='word_1_335' title='bbox 2013 2455 2268 2527; x_wconf 84' lang='lat' dir='ltr'><strong>Nunquid</strong></span> <span class='ocrx_word' id='word_1_336' title='bbox 2307 2474 2412 2511; x_wconf 90' lang='lat' dir='ltr'><strong>non</strong></span> <span class='ocrx_word' id='word_1_337' title='bbox 2444 2467 2740 2528; x_wconf 92' lang='lat' dir='ltr'><strong>potuerunt</strong></span> <span class='ocrx_word' id='word_1_338' title='bbox 2763 2460 2954 2513; x_wconf 89' lang='lat' dir='ltr'><strong>saltem</strong></span> <span class='ocrx_word' id='word_1_339' title='bbox 3003 2459 3229 2528; x_wconf 91' lang='lat' dir='ltr'><strong>aliquot,</strong></span> <span class='ocrx_word' id='word_1_340' title='bbox 3261 2459 3567 2528; x_wconf 88' lang='lat' dir='ltr'><strong>eujnsmodi</strong></span> <span class='ocrx_word' id='word_1_341' title='bbox 3600 2467 3728 2513; x_wconf 86' lang='lat' dir='ltr'><strong>sunt</strong></span> <span class='ocrx_word' id='word_1_342' title='bbox 3761 2459 3813 2511; x_wconf 91' lang='lat' dir='ltr'><strong>iu</strong></span> 
     </span>
    </p>
   </div>
   <div class='ocr_carea' id='block_1_26' title="bbox 537 2550 3817 2620">
    <p class='ocr_par' dir='ltr' id='par_1_26' title="bbox 537 2550 3817 2620">
     <span class='ocr_line' id='line_1_26' title="bbox 537 2550 3817 2620; baseline 0.001 -17"><span class='ocrx_word' id='word_1_343' title='bbox 537 2550 739 2610; x_wconf 83' lang='lat' dir='ltr'><strong>Lucam</strong></span> <span class='ocrx_word' id='word_1_344' title='bbox 769 2551 1164 2614; x_wconf 62' lang='lat' dir='ltr'><strong>oratiuncula},</strong></span> <span class='ocrx_word' id='word_1_345' title='bbox 1215 2551 1334 2620; x_wconf 88' lang='lat' dir='ltr'><strong>ipso</strong></span> <span class='ocrx_word' id='word_1_346' title='bbox 1368 2566 1474 2602; x_wconf 91' lang='lat' dir='ltr'><strong>non</strong></span> <span class='ocrx_word' id='word_1_347' title='bbox 1527 2550 1902 2619; x_wconf 86' lang='lat' dir='ltr'><strong>permittente,</strong></span> <span class='ocrx_word' id='word_1_348' title='bbox 1953 2559 2047 2604; x_wconf 89' lang='lat' dir='ltr'><strong>aut</strong></span> <span class='ocrx_word' id='word_1_349' title='bbox 2095 2550 2288 2616; x_wconf 89' lang='lat' dir='ltr'><strong>inscio,</strong></span> <span class='ocrx_word' id='word_1_350' title='bbox 2345 2551 2456 2604; x_wconf 92' lang='lat' dir='ltr'><strong>imo</strong></span> <span class='ocrx_word' id='word_1_351' title='bbox 2487 2552 2650 2606; x_wconf 91' lang='lat' dir='ltr'><strong>etiam</strong></span> <span class='ocrx_word' id='word_1_352' title='bbox 2691 2552 2895 2618; x_wconf 83' lang='lat' dir='ltr'><strong>invito,</strong></span> <span class='ocrx_word' id='word_1_353' title='bbox 2934 2568 2963 2606; x_wconf 87' lang='lat' dir='ltr'><strong>a</strong></span> <span class='ocrx_word' id='word_1_354' title='bbox 2998 2553 3223 2605; x_wconf 88' lang='lat' dir='ltr'><strong>notariis</strong></span> <span class='ocrx_word' id='word_1_355' title='bbox 3248 2551 3511 2605; x_wconf 81' lang='lat' dir='ltr'><strong>novitatis</strong></span> <span class='ocrx_word' id='word_1_356' title='bbox 3537 2551 3714 2604; x_wconf 80' lang='lat' dir='ltr'><strong>avidis</strong></span> <span class='ocrx_word' id='word_1_357' title='bbox 3759 2561 3817 2605; x_wconf 79' lang='lat' dir='ltr'><strong>et</strong></span> 
     </span>
    </p>
   </div>
   <div class='ocr_carea' id='block_1_27' title="bbox 534 2641 3815 2717">
    <p class='ocr_par' dir='ltr' id='par_1_27' title="bbox 534 2641 3815 2717">
     <span class='ocr_line' id='line_1_27' title="bbox 534 2641 3815 2717; baseline -0.001 -18"><span class='ocrx_word' id='word_1_358' title='bbox 534 2643 673 2702; x_wconf 88' lang='lat' dir='ltr'><strong>lucri</strong></span> <span class='ocrx_word' id='word_1_359' title='bbox 717 2646 931 2717; x_wconf 87' lang='lat' dir='ltr'><strong>cupidis</strong></span> <span class='ocrx_word' id='word_1_360' title='bbox 978 2645 1188 2714; x_wconf 76' lang='lat' dir='ltr'><strong>excipi?</strong></span> <span class='ocrx_word' id='word_1_361' title='bbox 1227 2641 1366 2708; x_wconf 86' lang='lat' dir='ltr'><strong>Quid</strong></span> <span class='ocrx_word' id='word_1_362' title='bbox 1397 2643 1580 2696; x_wconf 86' lang='lat' dir='ltr'><strong>obstat</strong></span> <span class='ocrx_word' id='word_1_363' title='bbox 1615 2643 1910 2712; x_wconf 86' lang='lat' dir='ltr'><strong>quominus</strong></span> <span class='ocrx_word' id='word_1_364' title='bbox 1945 2642 1995 2694; x_wconf 93' lang='lat' dir='ltr'><strong>id</strong></span> <span class='ocrx_word' id='word_1_365' title='bbox 2031 2641 2161 2694; x_wconf 88' lang='lat' dir='ltr'><strong>olim</strong></span> <span class='ocrx_word' id='word_1_366' title='bbox 2191 2651 2450 2713; x_wconf 79' lang='lat' dir='ltr'><strong>expertus</strong></span> <span class='ocrx_word' id='word_1_367' title='bbox 2486 2643 2558 2696; x_wconf 86' lang='lat' dir='ltr'><strong>sit</strong></span> <span class='ocrx_word' id='word_1_368' title='bbox 2589 2643 2875 2713; x_wconf 80' lang='lat' dir='ltr'><strong>Origenes,</strong></span> <span class='ocrx_word' id='word_1_369' title='bbox 2906 2645 3051 2714; x_wconf 89' lang='lat' dir='ltr'><strong>quod</strong></span> <span class='ocrx_word' id='word_1_370' title='bbox 3089 2660 3232 2698; x_wconf 86' lang='lat' dir='ltr'><strong>nunc</strong></span> <span class='ocrx_word' id='word_1_371' title='bbox 3277 2646 3444 2698; x_wconf 85' lang='lat' dir='ltr'><strong>etiam</strong></span> <span class='ocrx_word' id='word_1_372' title='bbox 3481 2645 3588 2699; x_wconf 86' lang='lat' dir='ltr'><strong>sibi</strong></span> <span class='ocrx_word' id='word_1_373' title='bbox 3627 2643 3815 2697; x_wconf 78' lang='lat' dir='ltr'><strong>invitis</strong></span> 
     </span>
    </p>
   </div>
   <div class='ocr_carea' id='block_1_28' title="bbox 531 2734 3817 2807">
    <p class='ocr_par' dir='ltr' id='par_1_28' title="bbox 531 2734 3817 2807">
     <span class='ocr_line' id='line_1_28' title="bbox 531 2734 3817 2807; baseline -0.002 -15"><span class='ocrx_word' id='word_1_374' title='bbox 531 2738 783 2792; x_wconf 80' lang='lat' dir='ltr'><strong>aeeidere</strong></span> <span class='ocrx_word' id='word_1_375' title='bbox 831 2737 1072 2807; x_wconf 87' lang='lat' dir='ltr'><strong>quotidie</strong></span> <span class='ocrx_word' id='word_1_376' title='bbox 1120 2744 1426 2805; x_wconf 79' lang='lat' dir='ltr'><strong>queruntur</strong></span> <span class='ocrx_word' id='word_1_377' title='bbox 1473 2734 1812 2789; x_wconf 85' lang='lat' dir='ltr'><strong>celeberrimi</strong></span> <span class='ocrx_word' id='word_1_378' title='bbox 1869 2734 2318 2800; x_wconf 72' lang='lat' dir='ltr'><strong>mncionatorcs,</strong></span> <span class='ocrx_word' id='word_1_379' title='bbox 2369 2751 2606 2804; x_wconf 85' lang='lat' dir='ltr'><strong>quorum</strong></span> <span class='ocrx_word' id='word_1_380' title='bbox 2653 2751 2937 2791; x_wconf 87' lang='lat' dir='ltr'><strong>sermones</strong></span> <span class='ocrx_word' id='word_1_381' title='bbox 2985 2737 3182 2791; x_wconf 87' lang='lat' dir='ltr'><strong>notarii</strong></span> <span class='ocrx_word' id='word_1_382' title='bbox 3230 2737 3428 2792; x_wconf 81' lang='lat' dir='ltr'><strong>occulti</strong></span> <span class='ocrx_word' id='word_1_383' title='bbox 3477 2735 3817 2804; x_wconf 69' lang='lat' dir='ltr'><strong>surripienti</strong></span> 
     </span>
    </p>
   </div>
   <div class='ocr_carea' id='block_1_29' title="bbox 537 2827 3813 2902">
    <p class='ocr_par' dir='ltr' id='par_1_29' title="bbox 537 2827 3813 2902">
     <span class='ocr_line' id='line_1_29' title="bbox 537 2827 3813 2902; baseline 0.001 -22"><span class='ocrx_word' id='word_1_384' title='bbox 537 2849 555 2880; x_wconf 74' lang='grc' dir='ltr'>ι</span> <span class='ocrx_word' id='word_1_385' title='bbox 604 2830 732 2894; x_wconf 85' lang='lat' dir='ltr'><strong>Sed,</strong></span> <span class='ocrx_word' id='word_1_386' title='bbox 764 2831 937 2902; x_wconf 77' lang='lat' dir='ltr'><strong>inquit</strong></span> <span class='ocrx_word' id='word_1_387' title='bbox 963 2829 1380 2900; x_wconf 82' lang='lat' dir='ltr'><strong>Larroquanus,</strong></span> <span class='ocrx_word' id='word_1_388' title='bbox 1417 2827 1686 2884; x_wconf 86' lang='lat' dir='ltr'><strong>Eusebius</strong></span> <span class='ocrx_word' id='word_1_389' title='bbox 1711 2845 1818 2883; x_wconf 90' lang='lat' dir='ltr'><strong>non</strong></span> <span class='ocrx_word' id='word_1_390' title='bbox 1845 2829 2153 2883; x_wconf 86' lang='lat' dir='ltr'><strong>emissurus</strong></span> <span class='ocrx_word' id='word_1_391' title='bbox 2200 2829 2392 2884; x_wconf 78' lang='lat' dir='ltr'><strong>fuisset</strong></span> <span class='ocrx_word' id='word_1_392' title='bbox 2421 2828 2672 2901; x_wconf 84' lang='lat' dir='ltr'><strong>Origenis</strong></span> <span class='ocrx_word' id='word_1_393' title='bbox 2703 2847 2800 2901; x_wconf 91' lang='lat' dir='ltr'><strong>pro</strong></span> <span class='ocrx_word' id='word_1_394' title='bbox 2829 2830 3126 2902; x_wconf 84' lang='lat' dir='ltr'><strong>lgnatianis</strong></span> <span class='ocrx_word' id='word_1_395' title='bbox 3158 2833 3407 2902; x_wconf 86' lang='lat' dir='ltr'><strong>epistolis</strong></span> <span class='ocrx_word' id='word_1_396' title='bbox 3437 2831 3813 2886; x_wconf 77' lang='lat' dir='ltr'><strong>testimonium</strong></span> 
     </span>
    </p>
   </div>
   <div class='ocr_carea' id='block_1_30' title="bbox 510 2916 3813 2993">
    <p class='ocr_par' dir='ltr' id='par_1_30' title="bbox 510 2916 3813 2993">
     <span class='ocr_line' id='line_1_30' title="bbox 510 2916 3813 2993; baseline 0.001 -21"><span class='ocrx_word' id='word_1_397' title='bbox 510 2923 674 2993; x_wconf 64' lang='lat' dir='ltr'><strong>quod</strong></span> <span class='ocrx_word' id='word_1_398' title='bbox 701 2930 880 2976; x_wconf 76' lang='lat' dir='ltr'><strong>exstat</strong></span> <span class='ocrx_word' id='word_1_399' title='bbox 909 2921 1129 2975; x_wconf 89' lang='lat' dir='ltr'><strong>homilia</strong></span> <span class='ocrx_word' id='word_1_400' title='bbox 1161 2929 1312 2975; x_wconf 75' lang='lat' dir='ltr'><strong>sexta</strong></span> <span class='ocrx_word' id='word_1_401' title='bbox 1342 2920 1396 2974; x_wconf 89' lang='lat' dir='ltr'><strong>in</strong></span> <span class='ocrx_word' id='word_1_402' title='bbox 1425 2918 1652 2983; x_wconf 92' lang='lat' dir='ltr'><strong>Lucam,</strong></span> <span class='ocrx_word' id='word_1_403' title='bbox 1682 2920 1728 2975; x_wconf 89' lang='lat' dir='ltr'><strong>si</strong></span> <span class='ocrx_word' id='word_1_404' title='bbox 1754 2934 1854 2991; x_wconf 89' lang='lat' dir='ltr'><strong>pro</strong></span> <span class='ocrx_word' id='word_1_405' title='bbox 1880 2920 2116 2989; x_wconf 85' lang='lat' dir='ltr'><strong>genuino</strong></span> <span class='ocrx_word' id='word_1_406' title='bbox 2143 2916 2394 2989; x_wconf 85' lang='lat' dir='ltr'><strong>Origenis</strong></span> <span class='ocrx_word' id='word_1_407' title='bbox 2426 2920 2534 2976; x_wconf 80' lang='lat' dir='ltr'><strong>fetu</strong></span> <span class='ocrx_word' id='word_1_408' title='bbox 2571 2922 2672 2975; x_wconf 91' lang='lat' dir='ltr'><strong>hoc</strong></span> <span class='ocrx_word' id='word_1_409' title='bbox 2696 2922 3040 2976; x_wconf 77' lang='lat' dir='ltr'><strong>borniliarum</strong></span> <span class='ocrx_word' id='word_1_410' title='bbox 3067 2937 3206 2992; x_wconf 91' lang='lat' dir='ltr'><strong>opus</strong></span> <span class='ocrx_word' id='word_1_411' title='bbox 3235 2924 3535 2977; x_wconf 91' lang='lat' dir='ltr'><strong>habuisset.</strong></span> <span class='ocrx_word' id='word_1_412' title='bbox 3576 2920 3638 2976; x_wconf 86' lang='lat' dir='ltr'><strong>Si</strong></span> <span class='ocrx_word' id='word_1_413' title='bbox 3663 2921 3813 2974; x_wconf 81' lang='lat' dir='ltr'><strong>enim</strong></span> 
     </span>
    </p>
   </div>
   <div class='ocr_carea' id='block_1_31' title="bbox 527 3010 3805 3084">
    <p class='ocr_par' dir='ltr' id='par_1_31' title="bbox 527 3010 3805 3084">
     <span class='ocr_line' id='line_1_31' title="bbox 527 3010 3805 3084; baseline 0 -17"><span class='ocrx_word' id='word_1_414' title='bbox 527 3012 742 3067; x_wconf 80' lang='lat' dir='ltr'><strong>lacinia:</strong></span> <span class='ocrx_word' id='word_1_415' title='bbox 769 3011 1063 3084; x_wconf 67' lang='lat' dir='ltr'><strong>J’olycarpi</strong></span> <span class='ocrx_word' id='word_1_416' title='bbox 1095 3013 1340 3083; x_wconf 64' lang='lat' dir='ltr'><strong>epistolae</strong></span> <span class='ocrx_word' id='word_1_417' title='bbox 1372 3028 1479 3066; x_wconf 91' lang='lat' dir='ltr'><strong>non</strong></span> <span class='ocrx_word' id='word_1_418' title='bbox 1517 3013 1720 3068; x_wconf 90' lang='lat' dir='ltr'><strong>oblitus</strong></span> <span class='ocrx_word' id='word_1_419' title='bbox 1752 3021 1856 3078; x_wconf 90' lang='lat' dir='ltr'><strong>est,</strong></span> <span class='ocrx_word' id='word_1_420' title='bbox 1885 3027 1985 3067; x_wconf 88' lang='lat' dir='ltr'><strong>nec</strong></span> <span class='ocrx_word' id='word_1_421' title='bbox 2023 3010 2213 3082; x_wconf 86' lang='lat' dir='ltr'><strong>lgnatii</strong></span> <span class='ocrx_word' id='word_1_422' title='bbox 2243 3013 2524 3068; x_wconf 75' lang='lat' dir='ltr'><strong>sententia:</strong></span> <span class='ocrx_word' id='word_1_423' title='bbox 2560 3015 2629 3068; x_wconf 85' lang='lat' dir='ltr'><strong>ab</strong></span> <span class='ocrx_word' id='word_1_424' title='bbox 2657 3015 2858 3070; x_wconf 73' lang='lat' dir='ltr'><strong>Irenaeo</strong></span> <span class='ocrx_word' id='word_1_425' title='bbox 2905 3026 3238 3080; x_wconf 66' lang='lat' dir='ltr'><strong>memoratae,</strong></span> <span class='ocrx_word' id='word_1_426' title='bbox 3269 3030 3391 3078; x_wconf 90' lang='lat' dir='ltr'><strong>cur,</strong></span> <span class='ocrx_word' id='word_1_427' title='bbox 3419 3030 3628 3084; x_wconf 69' lang='lat' dir='ltr'><strong>quaeso,</strong></span> <span class='ocrx_word' id='word_1_428' title='bbox 3660 3029 3805 3083; x_wconf 73' lang='lat' dir='ltr'><strong>prae-</strong></span> 
     </span>
    </p>
   </div>
   <div class='ocr_carea' id='block_1_32' title="bbox 515 3103 3815 3177">
    <p class='ocr_par' dir='ltr' id='par_1_32' title="bbox 515 3103 3815 3177">
     <span class='ocr_line' id='line_1_32' title="bbox 515 3103 3815 3177; baseline -0.001 -18"><span class='ocrx_word' id='word_1_429' title='bbox 515 3107 1064 3163; x_wconf 50' lang='lat' dir='ltr'><strong>termisisset-locum</strong></span> <span class='ocrx_word' id='word_1_430' title='bbox 1093 3123 1158 3161; x_wconf 83' lang='lat' dir='ltr'><strong>ex</strong></span> <span class='ocrx_word' id='word_1_431' title='bbox 1187 3105 1410 3160; x_wconf 89' lang='lat' dir='ltr'><strong>homilia</strong></span> <span class='ocrx_word' id='word_1_432' title='bbox 1447 3114 1601 3160; x_wconf 78' lang='lat' dir='ltr'><strong>sexta</strong></span> <span class='ocrx_word' id='word_1_433' title='bbox 1653 3105 1706 3160; x_wconf 91' lang='lat' dir='ltr'><strong>in</strong></span> <span class='ocrx_word' id='word_1_434' title='bbox 1733 3103 1938 3160; x_wconf 87' lang='lat' dir='ltr'><strong>Lucam</strong></span> <span class='ocrx_word' id='word_1_435' title='bbox 1986 3105 2391 3176; x_wconf 86' lang='lat' dir='ltr'><strong>depromptum,</strong></span> <span class='ocrx_word' id='word_1_436' title='bbox 2422 3106 2509 3159; x_wconf 92' lang='lat' dir='ltr'><strong>ubi</strong></span> <span class='ocrx_word' id='word_1_437' title='bbox 2548 3108 2804 3177; x_wconf 86' lang='lat' dir='ltr'><strong>martyris</strong></span> <span class='ocrx_word' id='word_1_438' title='bbox 2849 3107 3042 3177; x_wconf 87' lang='lat' dir='ltr'><strong>lgnatii</strong></span> <span class='ocrx_word' id='word_1_439' title='bbox 3089 3108 3317 3175; x_wconf 87' lang='lat' dir='ltr'><strong>epistola</strong></span> <span class='ocrx_word' id='word_1_440' title='bbox 3349 3106 3645 3160; x_wconf 75' lang='lat' dir='ltr'><strong>laudatur?</strong></span> <span class='ocrx_word' id='word_1_441' title='bbox 3689 3124 3707 3157; x_wconf 77' lang='grc' dir='ltr'>ι</span> <span class='ocrx_word' id='word_1_442' title='bbox 3743 3106 3815 3162; x_wconf 80' lang='lat' dir='ltr'><strong>At</strong></span> 
     </span>
    </p>
   </div>
   <div class='ocr_carea' id='block_1_33' title="bbox 513 3196 3811 3270">
    <p class='ocr_par' dir='ltr' id='par_1_33' title="bbox 513 3196 3811 3270">
     <span class='ocr_line' id='line_1_33' title="bbox 513 3196 3811 3270; baseline -0.002 -15"><span class='ocrx_word' id='word_1_443' title='bbox 513 3204 804 3256; x_wconf 80' lang='lat' dir='ltr'><strong>inlirmum</strong></span> <span class='ocrx_word' id='word_1_444' title='bbox 845 3202 1026 3257; x_wconf 79' lang='lat' dir='ltr'><strong>adhuc</strong></span> <span class='ocrx_word' id='word_1_445' title='bbox 1073 3201 1177 3256; x_wconf 88' lang='lat' dir='ltr'><strong>hoc</strong></span> <span class='ocrx_word' id='word_1_446' title='bbox 1219 3208 1304 3254; x_wconf 90' lang='lat' dir='ltr'><strong>est</strong></span> <span class='ocrx_word' id='word_1_447' title='bbox 1351 3199 1691 3268; x_wconf 85' lang='lat' dir='ltr'><strong>Larroquani</strong></span> <span class='ocrx_word' id='word_1_448' title='bbox 1733 3209 2138 3270; x_wconf 84' lang='lat' dir='ltr'><strong>argumentum.</strong></span> <span class='ocrx_word' id='word_1_449' title='bbox 2192 3198 2299 3253; x_wconf 90' lang='lat' dir='ltr'><strong>Pro</strong></span> <span class='ocrx_word' id='word_1_450' title='bbox 2333 3199 2571 3268; x_wconf 87' lang='lat' dir='ltr'><strong>genuino</strong></span> <span class='ocrx_word' id='word_1_451' title='bbox 2607 3202 2753 3254; x_wconf 91' lang='lat' dir='ltr'><strong>enim</strong></span> <span class='ocrx_word' id='word_1_452' title='bbox 2779 3197 3033 3269; x_wconf 85' lang='lat' dir='ltr'><strong>Origenis</strong></span> <span class='ocrx_word' id='word_1_453' title='bbox 3063 3214 3227 3268; x_wconf 88' lang='lat' dir='ltr'><strong>opere</strong></span> <span class='ocrx_word' id='word_1_454' title='bbox 3265 3199 3499 3252; x_wconf 89' lang='lat' dir='ltr'><strong>habebat</strong></span> <span class='ocrx_word' id='word_1_455' title='bbox 3543 3196 3811 3251; x_wconf 79' lang='lat' dir='ltr'><strong>Eusebius</strong></span> 
     </span>
    </p>
   </div>
   <div class='ocr_carea' id='block_1_34' title="bbox 511 3291 3810 3374">
    <p class='ocr_par' dir='ltr' id='par_1_34' title="bbox 511 3291 3810 3374">
     <span class='ocr_line' id='line_1_34' title="bbox 511 3291 3810 3374; baseline -0.002 -21"><span class='ocrx_word' id='word_1_456' title='bbox 511 3298 694 3374; x_wconf 77' lang='lat' dir='ltr'><strong>libros</strong></span> <span class='ocrx_word' id='word_1_457' title='bbox 725 3299 864 3368; x_wconf 76' lang='grc' dir='ltr'><strong>Περὶ</strong></span> <span class='ocrx_word' id='word_1_458' title='bbox 912 3297 1136 3366; x_wconf 73' lang='grc' dir='ltr'><strong>ἀρχῶν,</strong></span> <span class='ocrx_word' id='word_1_459' title='bbox 1171 3296 1263 3350; x_wconf 92' lang='lat' dir='ltr'><strong>ubi</strong></span> <span class='ocrx_word' id='word_1_460' title='bbox 1297 3299 1399 3350; x_wconf 88' lang='lat' dir='ltr'><strong>Ista</strong></span> <span class='ocrx_word' id='word_1_461' title='bbox 1433 3295 1648 3350; x_wconf 67' lang='lat' dir='ltr'><strong>Christi</strong></span> <span class='ocrx_word' id='word_1_462' title='bbox 1678 3295 1837 3349; x_wconf 88' lang='lat' dir='ltr'><strong>verba</strong></span> <span class='ocrx_word' id='word_1_463' title='bbox 1869 3313 1890 3348; x_wconf 82' lang='lat'><strong><em>:</em></strong></span> <span class='ocrx_word' id='word_1_464' title='bbox 1931 3295 2040 3366; x_wconf 87' lang='lat' dir='ltr'><strong>Ego</strong></span> <span class='ocrx_word' id='word_1_465' title='bbox 2075 3311 2178 3348; x_wconf 87' lang='lat' dir='ltr'><strong>non</strong></span> <span class='ocrx_word' id='word_1_466' title='bbox 2209 3311 2325 3348; x_wconf 85' lang='lat' dir='ltr'><strong>sum</strong></span> <span class='ocrx_word' id='word_1_467' title='bbox 2361 3294 2681 3349; x_wconf 71' lang='lat' dir='ltr'><strong>darmonium</strong></span> <span class='ocrx_word' id='word_1_468' title='bbox 2714 3295 3112 3363; x_wconf 78' lang='lat' dir='ltr'><strong>incorporeum,</strong></span> <span class='ocrx_word' id='word_1_469' title='bbox 3171 3293 3413 3348; x_wconf 86' lang='lat' dir='ltr'><strong>citantur</strong></span> <span class='ocrx_word' id='word_1_470' title='bbox 3453 3308 3517 3346; x_wconf 82' lang='lat' dir='ltr'><strong>ex</strong></span> <span class='ocrx_word' id='word_1_471' title='bbox 3553 3291 3810 3346; x_wconf 74' lang='lat' dir='ltr'><strong>Doctrina</strong></span> 
     </span>
    </p>
   </div>
   <div class='ocr_carea' id='block_1_35' title="bbox 524 3375 3808 3461">
    <p class='ocr_par' dir='ltr' id='par_1_35' title="bbox 524 3375 3808 3461">
     <span class='ocr_line' id='line_1_35' title="bbox 524 3375 3808 3461; baseline -0.002 -13"><span class='ocrx_word' id='word_1_472' title='bbox 524 3395 711 3460; x_wconf 77' lang='lat' dir='ltr'><strong>Petri;</strong></span> <span class='ocrx_word' id='word_1_473' title='bbox 752 3375 989 3449; x_wconf 86' lang='lat' dir='ltr'><strong>attamen</strong></span> <span class='ocrx_word' id='word_1_474' title='bbox 1020 3410 1148 3447; x_wconf 80' lang='lat' dir='ltr'><strong>etim</strong></span> <span class='ocrx_word' id='word_1_475' title='bbox 1183 3393 1372 3447; x_wconf 88' lang='lat' dir='ltr'><strong>eadem</strong></span> <span class='ocrx_word' id='word_1_476' title='bbox 1410 3391 1462 3444; x_wconf 93' lang='lat' dir='ltr'><strong>in</strong></span> <span class='ocrx_word' id='word_1_477' title='bbox 1487 3405 1607 3444; x_wconf 84' lang='lat' dir='ltr'><strong>.una</strong></span> <span class='ocrx_word' id='word_1_478' title='bbox 1643 3388 1833 3460; x_wconf 85' lang='lat' dir='ltr'><strong>Ignatii</strong></span> <span class='ocrx_word' id='word_1_479' title='bbox 1860 3391 2087 3461; x_wconf 83' lang='lat' dir='ltr'><strong>epistola</strong></span> <span class='ocrx_word' id='word_1_480' title='bbox 2124 3390 2484 3460; x_wconf 81' lang='lat' dir='ltr'><strong>reperiantur.</strong></span> <span class='ocrx_word' id='word_1_481' title='bbox 2515 3389 2704 3446; x_wconf 90' lang='lat' dir='ltr'><strong>mirari</strong></span> <span class='ocrx_word' id='word_1_482' title='bbox 2751 3405 2809 3444; x_wconf 88' lang='lat' dir='ltr'><strong>se</strong></span> <span class='ocrx_word' id='word_1_483' title='bbox 2837 3389 2968 3444; x_wconf 89' lang='lat' dir='ltr'><strong>dicit</strong></span> <span class='ocrx_word' id='word_1_484' title='bbox 3005 3387 3274 3444; x_wconf 85' lang='lat' dir='ltr'><strong>Eusebius</strong></span> <span class='ocrx_word' id='word_1_485' title='bbox 3307 3387 3448 3442; x_wconf 86' lang='lat' dir='ltr'><strong>unde</strong></span> <span class='ocrx_word' id='word_1_486' title='bbox 3473 3389 3572 3442; x_wconf 85' lang='lat' dir='ltr'><strong>ista</strong></span> <span class='ocrx_word' id='word_1_487' title='bbox 3606 3389 3808 3456; x_wconf 79' lang='lat' dir='ltr'><strong>depro-</strong></span> 
     </span>
    </p>
   </div>
   <div class='ocr_carea' id='block_1_36' title="bbox 509 3481 3808 3566">
    <p class='ocr_par' dir='ltr' id='par_1_36' title="bbox 509 3481 3808 3566">
     <span class='ocr_line' id='line_1_36' title="bbox 509 3481 3808 3566; baseline -0.002 -24"><span class='ocrx_word' id='word_1_488' title='bbox 509 3505 674 3566; x_wconf 56' lang='lat' dir='ltr'><strong>inere</strong></span> <span class='ocrx_word' id='word_1_489' title='bbox 715 3487 951 3558; x_wconf 86' lang='lat' dir='ltr'><strong>potuerit</strong></span> <span class='ocrx_word' id='word_1_490' title='bbox 1001 3485 1264 3557; x_wconf 85' lang='lat' dir='ltr'><strong>lgnatius.</strong></span> <span class='ocrx_word' id='word_1_491' title='bbox 1320 3483 1558 3542; x_wconf 87' lang='lat' dir='ltr'><strong>Eusebio</strong></span> <span class='ocrx_word' id='word_1_492' title='bbox 1590 3483 1754 3555; x_wconf 82' lang='lat' dir='ltr'><strong>igitur</strong></span> <span class='ocrx_word' id='word_1_493' title='bbox 1782 3484 1836 3537; x_wconf 90' lang='lat' dir='ltr'><strong>in</strong></span> <span class='ocrx_word' id='word_1_494' title='bbox 1869 3485 2192 3538; x_wconf 90' lang='lat' dir='ltr'><strong>memoriam</strong></span> <span class='ocrx_word' id='word_1_495' title='bbox 2221 3501 2328 3538; x_wconf 93' lang='lat' dir='ltr'><strong>non</strong></span> <span class='ocrx_word' id='word_1_496' title='bbox 2375 3484 2581 3539; x_wconf 85' lang='lat' dir='ltr'><strong>redibat</strong></span> <span class='ocrx_word' id='word_1_497' title='bbox 2603 3482 2854 3553; x_wconf 89' lang='lat' dir='ltr'><strong>Origenis</strong></span> <span class='ocrx_word' id='word_1_498' title='bbox 2877 3483 3054 3546; x_wconf 87' lang='lat' dir='ltr'><strong>locus,</strong></span> <span class='ocrx_word' id='word_1_499' title='bbox 3088 3498 3188 3536; x_wconf 90' lang='lat' dir='ltr'><strong>nec</strong></span> <span class='ocrx_word' id='word_1_500' title='bbox 3219 3491 3497 3552; x_wconf 86' lang='lat' dir='ltr'><strong>propterea</strong></span> <span class='ocrx_word' id='word_1_501' title='bbox 3519 3481 3646 3550; x_wconf 80' lang='lat' dir='ltr'><strong>jure.</strong></span> <span class='ocrx_word' id='word_1_502' title='bbox 3678 3482 3808 3551; x_wconf 67' lang='lat' dir='ltr'><strong>quis</strong></span> 
     </span>
    </p>
   </div>
   <div class='ocr_carea' id='block_1_37' title="bbox 522 3574 3809 3650">
    <p class='ocr_par' dir='ltr' id='par_1_37' title="bbox 522 3574 3809 3650">
     <span class='ocr_line' id='line_1_37' title="bbox 522 3574 3809 3650; baseline -0.003 -12"><span class='ocrx_word' id='word_1_503' title='bbox 522 3584 594 3638; x_wconf 86' lang='lat' dir='ltr'><strong>ab</strong></span> <span class='ocrx_word' id='word_1_504' title='bbox 621 3579 851 3650; x_wconf 80' lang='lat' dir='ltr'><strong>Origene</strong></span> <span class='ocrx_word' id='word_1_505' title='bbox 897 3579 1065 3634; x_wconf 90' lang='lat' dir='ltr'><strong>libros</strong></span> <span class='ocrx_word' id='word_1_506' title='bbox 1113 3576 1252 3644; x_wconf 75' lang='grc' dir='ltr'><strong>Περὶ</strong></span> <span class='ocrx_word' id='word_1_507' title='bbox 1283 3575 1506 3648; x_wconf 78' lang='grc' dir='ltr'><strong>ἀρχῶν,</strong></span> <span class='ocrx_word' id='word_1_508' title='bbox 1540 3585 1647 3630; x_wconf 81' lang='lat' dir='ltr'><strong>aut</strong></span> <span class='ocrx_word' id='word_1_509' title='bbox 1686 3575 1942 3629; x_wconf 88' lang='lat' dir='ltr'><strong>bomilias</strong></span> <span class='ocrx_word' id='word_1_510' title='bbox 1974 3576 2024 3628; x_wconf 92' lang='lat' dir='ltr'><strong>iu</strong></span> <span class='ocrx_word' id='word_1_511' title='bbox 2055 3574 2260 3629; x_wconf 78' lang='lat' dir='ltr'><strong>Lucam</strong></span> <span class='ocrx_word' id='word_1_512' title='bbox 2301 3576 2715 3645; x_wconf 87' lang='lat' dir='ltr'><strong>abjudicaverit.</strong></span> <span class='ocrx_word' id='word_1_513' title='bbox 2771 3574 2942 3630; x_wconf 82' lang='lat' dir='ltr'><strong>Instat</strong></span> <span class='ocrx_word' id='word_1_514' title='bbox 2985 3574 3373 3644; x_wconf 79' lang='lat' dir='ltr'><strong>Lartoqnanus</strong></span> <span class='ocrx_word' id='word_1_515' title='bbox 3404 3593 3417 3628; x_wconf 86' lang='lat'>:</span> <span class='ocrx_word' id='word_1_516' title='bbox 3455 3574 3692 3629; x_wconf 65' lang='lat' dir='ltr'><strong>homilia:</strong></span> <span class='ocrx_word' id='word_1_517' title='bbox 3737 3576 3809 3631; x_wconf 78' lang='lat'><strong>39</strong></span> 
     </span>
    </p>
   </div>
   <div class='ocr_carea' id='block_1_38' title="bbox 507 3669 3803 3746">
    <p class='ocr_par' dir='ltr' id='par_1_38' title="bbox 507 3669 3803 3746">
     <span class='ocr_line' id='line_1_38' title="bbox 507 3669 3803 3746; baseline -0.002 -14"><span class='ocrx_word' id='word_1_518' title='bbox 507 3678 779 3746; x_wconf 70' lang='lat' dir='ltr'><strong>scriptor,</strong></span> <span class='ocrx_word' id='word_1_519' title='bbox 821 3674 1073 3746; x_wconf 86' lang='lat' dir='ltr'><strong>quisquis</strong></span> <span class='ocrx_word' id='word_1_520' title='bbox 1103 3673 1194 3738; x_wconf 90' lang='lat' dir='ltr'><strong>sit,</strong></span> <span class='ocrx_word' id='word_1_521' title='bbox 1240 3671 1432 3728; x_wconf 86' lang='lat' dir='ltr'><strong>Isaiam</strong></span> <span class='ocrx_word' id='word_1_522' title='bbox 1473 3680 1528 3725; x_wconf 94' lang='lat' dir='ltr'><strong>et</strong></span> <span class='ocrx_word' id='word_1_523' title='bbox 1573 3669 1823 3726; x_wconf 86' lang='lat' dir='ltr'><strong>Psalmos</strong></span> <span class='ocrx_word' id='word_1_524' title='bbox 1867 3671 2170 3724; x_wconf 86' lang='lat' dir='ltr'><strong>litteraliter</strong></span> <span class='ocrx_word' id='word_1_525' title='bbox 2199 3687 2228 3724; x_wconf 86' lang='lat' dir='ltr'><strong>a</strong></span> <span class='ocrx_word' id='word_1_526' title='bbox 2263 3671 2580 3725; x_wconf 63' lang='lat' dir='ltr'><strong>Sadducazis</strong></span> <span class='ocrx_word' id='word_1_527' title='bbox 2619 3671 2927 3726; x_wconf 88' lang='lat' dir='ltr'><strong>intellectos</strong></span> <span class='ocrx_word' id='word_1_528' title='bbox 2972 3671 3047 3724; x_wconf 89' lang='lat' dir='ltr'><strong>ait</strong></span> <span class='ocrx_word' id='word_1_529' title='bbox 3083 3688 3096 3724; x_wconf 90' lang='lat'><strong>:</strong></span> <span class='ocrx_word' id='word_1_530' title='bbox 3135 3686 3257 3724; x_wconf 91' lang='lat' dir='ltr'><strong>nam</strong></span> <span class='ocrx_word' id='word_1_531' title='bbox 3291 3685 3414 3724; x_wconf 94' lang='lat' dir='ltr'><strong>cum</strong></span> <span class='ocrx_word' id='word_1_532' title='bbox 3457 3672 3707 3739; x_wconf 72' lang='lat' dir='ltr'><strong>quaedam</strong></span> <span class='ocrx_word' id='word_1_533' title='bbox 3735 3686 3803 3725; x_wconf 73' lang='lat' dir='ltr'><strong>es</strong></span> 
     </span>
    </p>
   </div>
   <div class='ocr_carea' id='block_1_39' title="bbox 506 3766 3806 3844">
    <p class='ocr_par' dir='ltr' id='par_1_39' title="bbox 506 3766 3806 3844">
     <span class='ocr_line' id='line_1_39' title="bbox 506 3766 3806 3844; baseline -0.004 -15"><span class='ocrx_word' id='word_1_534' title='bbox 506 3783 757 3844; x_wconf 71' lang='lat' dir='ltr'><strong>utroque</strong></span> <span class='ocrx_word' id='word_1_535' title='bbox 797 3772 938 3827; x_wconf 87' lang='lat' dir='ltr'><strong>libro</strong></span> <span class='ocrx_word' id='word_1_536' title='bbox 971 3770 1266 3834; x_wconf 85' lang='lat' dir='ltr'><strong>attulisset,</strong></span> <span class='ocrx_word' id='word_1_537' title='bbox 1296 3783 1418 3838; x_wconf 76' lang='lat' dir='ltr'><strong>qua:</strong></span> <span class='ocrx_word' id='word_1_538' title='bbox 1451 3766 1809 3838; x_wconf 87' lang='lat' dir='ltr'><strong>spiritualiter</strong></span> <span class='ocrx_word' id='word_1_539' title='bbox 1843 3782 1966 3822; x_wconf 85' lang='lat' dir='ltr'><strong>csse</strong></span> <span class='ocrx_word' id='word_1_540' title='bbox 1993 3767 2310 3836; x_wconf 85' lang='lat' dir='ltr'><strong>accipienda</strong></span> <span class='ocrx_word' id='word_1_541' title='bbox 2349 3767 2557 3831; x_wconf 79' lang='lat' dir='ltr'><strong>deﬁnit,</strong></span> <span class='ocrx_word' id='word_1_542' title='bbox 2599 3783 2718 3836; x_wconf 73' lang='lat' dir='ltr'><strong>qua:</strong></span> <span class='ocrx_word' id='word_1_543' title='bbox 2742 3768 2943 3832; x_wconf 90' lang='lat' dir='ltr'><strong>omnia,</strong></span> <span class='ocrx_word' id='word_1_544' title='bbox 2971 3766 3171 3836; x_wconf 91' lang='lat' dir='ltr'><strong>inquit,</strong></span> <span class='ocrx_word' id='word_1_545' title='bbox 3205 3767 3559 3834; x_wconf 84' lang='lat' dir='ltr'><strong>corporaliter</strong></span> <span class='ocrx_word' id='word_1_546' title='bbox 3603 3766 3806 3818; x_wconf 84' lang='lat' dir='ltr'><strong>intelli-</strong></span> 
     </span>
    </p>
   </div>
   <div class='ocr_carea' id='block_1_40' title="bbox 499 3861 3802 3940">
    <p class='ocr_par' dir='ltr' id='par_1_40' title="bbox 499 3861 3802 3940">
     <span class='ocr_line' id='line_1_40' title="bbox 499 3861 3802 3940; baseline -0.001 -18"><span class='ocrx_word' id='word_1_547' title='bbox 499 3908 507 3914; x_wconf 84' lang='lat'><strong>.</strong></span> <span class='ocrx_word' id='word_1_548' title='bbox 519 3868 759 3940; x_wconf 82' lang='lat' dir='ltr'><strong>gentibus</strong></span> <span class='ocrx_word' id='word_1_549' title='bbox 792 3866 1126 3930; x_wconf 65' lang='lat' dir='ltr'><strong>Sadduewis,</strong></span> <span class='ocrx_word' id='word_1_550' title='bbox 1173 3865 1262 3936; x_wconf 80' lang='lat' dir='ltr'><strong>qui</strong></span> <span class='ocrx_word' id='word_1_551' title='bbox 1297 3874 1449 3919; x_wconf 87' lang='lat' dir='ltr'><strong>erant</strong></span> <span class='ocrx_word' id='word_1_552' title='bbox 1475 3865 1652 3934; x_wconf 78' lang='lat' dir='ltr'><strong>portio</strong></span> <span class='ocrx_word' id='word_1_553' title='bbox 1677 3861 2014 3929; x_wconf 58' lang='lat' dir='ltr'><strong>iud-leonum,</strong></span> <span class='ocrx_word' id='word_1_554' title='bbox 2045 3863 2180 3916; x_wconf 82' lang='lat' dir='ltr'><strong>dicit</strong></span> <span class='ocrx_word' id='word_1_555' title='bbox 2224 3863 2478 3918; x_wconf 79' lang='lat' dir='ltr'><strong>Salvator</strong></span> <span class='ocrx_word' id='word_1_556' title='bbox 2501 3881 2522 3918; x_wconf 83' lang='lat'><strong>.&#39;</strong></span> <span class='ocrx_word' id='word_1_557' title='bbox 2554 3863 2785 3918; x_wconf 74' lang='lat' dir='ltr'><strong>Nescitis</strong></span> <span class='ocrx_word' id='word_1_558' title='bbox 2826 3864 3152 3934; x_wconf 77' lang='lat' dir='ltr'><strong>Scripturas,</strong></span> <span class='ocrx_word' id='word_1_559' title='bbox 3188 3882 3347 3936; x_wconf 75' lang='lat' dir='ltr'><strong>neque</strong></span> <span class='ocrx_word' id='word_1_560' title='bbox 3396 3867 3639 3919; x_wconf 73' lang='lat' dir='ltr'><strong>virtutem</strong></span> <span class='ocrx_word' id='word_1_561' title='bbox 3685 3864 3802 3920; x_wconf 72' lang='lat' dir='ltr'><strong>Dei.</strong></span> 
     </span>
    </p>
   </div>
   <div class='ocr_carea' id='block_1_41' title="bbox 501 3959 3805 4036">
    <p class='ocr_par' dir='ltr' id='par_1_41' title="bbox 501 3959 3805 4036">
     <span class='ocr_line' id='line_1_41' title="bbox 501 3959 3805 4036; baseline -0.001 -17"><span class='ocrx_word' id='word_1_562' title='bbox 501 3964 576 4019; x_wconf 82' lang='lat' dir='ltr'><strong>‘ld</strong></span> <span class='ocrx_word' id='word_1_563' title='bbox 604 3980 731 4020; x_wconf 88' lang='lat' dir='ltr'><strong>vero</strong></span> <span class='ocrx_word' id='word_1_564' title='bbox 777 3980 806 4020; x_wconf 91' lang='lat' dir='ltr'><strong>a</strong></span> <span class='ocrx_word' id='word_1_565' title='bbox 844 3961 1096 4036; x_wconf 89' lang='lat' dir='ltr'><strong>genuinis</strong></span> <span class='ocrx_word' id='word_1_566' title='bbox 1123 3960 1374 4033; x_wconf 87' lang='lat' dir='ltr'><strong>Origcnis</strong></span> <span class='ocrx_word' id='word_1_567' title='bbox 1404 3959 1684 4030; x_wconf 89' lang='lat' dir='ltr'><strong>opusculis</strong></span> <span class='ocrx_word' id='word_1_568' title='bbox 1711 3960 1951 4015; x_wconf 89' lang='lat' dir='ltr'><strong>alienum</strong></span> <span class='ocrx_word' id='word_1_569' title='bbox 1980 3974 2103 4014; x_wconf 88' lang='lat' dir='ltr'><strong>esse</strong></span> <span class='ocrx_word' id='word_1_570' title='bbox 2141 3968 2314 4029; x_wconf 81' lang='lat' dir='ltr'><strong>patet,</strong></span> <span class='ocrx_word' id='word_1_571' title='bbox 2346 3975 2469 4013; x_wconf 92' lang='lat' dir='ltr'><strong>cum</strong></span> <span class='ocrx_word' id='word_1_572' title='bbox 2497 3975 2525 4013; x_wconf 91' lang='lat' dir='ltr'><strong>a</strong></span> <span class='ocrx_word' id='word_1_573' title='bbox 2556 3959 2875 4014; x_wconf 71' lang='lat' dir='ltr'><strong>Sa-Jducaeis</strong></span> <span class='ocrx_word' id='word_1_574' title='bbox 2903 3975 3008 4014; x_wconf 92' lang='lat' dir='ltr'><strong>non</strong></span> <span class='ocrx_word' id='word_1_575' title='bbox 3039 3961 3176 4015; x_wconf 87' lang='lat' dir='ltr'><strong>alios</strong></span> <span class='ocrx_word' id='word_1_576' title='bbox 3208 3976 3370 4030; x_wconf 86' lang='lat' dir='ltr'><strong>quam</strong></span> <span class='ocrx_word' id='word_1_577' title='bbox 3396 3959 3601 4032; x_wconf 73' lang='lat' dir='ltr'><strong>Moysis</strong></span> <span class='ocrx_word' id='word_1_578' title='bbox 3632 3961 3805 4016; x_wconf 90' lang='lat' dir='ltr'><strong>libros</strong></span> 
     </span>
    </p>
   </div>
   <div class='ocr_carea' id='block_1_42' title="bbox 517 4045 3805 4123">
    <p class='ocr_par' dir='ltr' id='par_1_42' title="bbox 517 4045 3805 4123">
     <span class='ocr_line' id='line_1_42' title="bbox 517 4045 3805 4123; baseline -0.002 -8"><span class='ocrx_word' id='word_1_579' title='bbox 517 4077 582 4120; x_wconf 76' lang='lat' dir='ltr'><strong>ex</strong></span> <span class='ocrx_word' id='word_1_580' title='bbox 621 4069 736 4114; x_wconf 90' lang='lat' dir='ltr'><strong>toto</strong></span> <span class='ocrx_word' id='word_1_581' title='bbox 767 4057 946 4116; x_wconf 77' lang='lat' dir='ltr'><strong>Veteri</strong></span> <span class='ocrx_word' id='word_1_582' title='bbox 979 4045 1345 4112; x_wconf 82' lang='lat' dir='ltr'><strong>Instrumen-to</strong></span> <span class='ocrx_word' id='word_1_583' title='bbox 1371 4055 1644 4110; x_wconf 86' lang='lat' dir='ltr'><strong>admissos</strong></span> <span class='ocrx_word' id='word_1_584' title='bbox 1668 4063 1982 4110; x_wconf 86' lang='lat' dir='ltr'><strong>constanter</strong></span> <span class='ocrx_word' id='word_1_585' title='bbox 2009 4055 2234 4110; x_wconf 88' lang='lat' dir='ltr'><strong>scribat.</strong></span> <span class='ocrx_word' id='word_1_586' title='bbox 2278 4053 2434 4108; x_wconf 86' lang='lat' dir='ltr'><strong>Solos</strong></span> <span class='ocrx_word' id='word_1_587' title='bbox 2480 4053 2642 4107; x_wconf 82' lang='lat' dir='ltr'><strong>.llosis</strong></span> <span class='ocrx_word' id='word_1_588' title='bbox 2680 4055 2844 4106; x_wconf 86' lang='lat' dir='ltr'><strong>libros</strong></span> <span class='ocrx_word' id='word_1_589' title='bbox 2884 4056 3141 4123; x_wconf 84' lang='lat' dir='ltr'><strong>recipiunt</strong></span> <span class='ocrx_word' id='word_1_590' title='bbox 3171 4054 3460 4109; x_wconf 79' lang='lat' dir='ltr'><strong>Samarin</strong></span> <span class='ocrx_word' id='word_1_591' title='bbox 3503 4065 3552 4108; x_wconf 92' lang='lat' dir='ltr'><strong>et</strong></span> <span class='ocrx_word' id='word_1_592' title='bbox 3593 4052 3805 4110; x_wconf 74' lang='lat' dir='ltr'><strong>Satldu-</strong></span> 
     </span>
    </p>
   </div>
   <div class='ocr_carea' id='block_1_43' title="bbox 501 4144 3801 4222">
    <p class='ocr_par' dir='ltr' id='par_1_43' title="bbox 501 4144 3801 4222">
     <span class='ocr_line' id='line_1_43' title="bbox 501 4144 3801 4222; baseline -0.001 -18"><span class='ocrx_word' id='word_1_593' title='bbox 501 4152 649 4214; x_wconf 69' lang='lat' dir='ltr'><strong>cari,</strong></span> <span class='ocrx_word' id='word_1_594' title='bbox 685 4150 892 4222; x_wconf 91' lang='lat' dir='ltr'><strong>inquit,</strong></span> <span class='ocrx_word' id='word_1_595' title='bbox 940 4149 1080 4202; x_wconf 90' lang='lat' dir='ltr'><strong>libro</strong></span> <span class='ocrx_word' id='word_1_596' title='bbox 1132 4147 1310 4218; x_wconf 89' lang='lat' dir='ltr'><strong>primo</strong></span> <span class='ocrx_word' id='word_1_597' title='bbox 1352 4156 1540 4200; x_wconf 87' lang='lat' dir='ltr'><strong>contra</strong></span> <span class='ocrx_word' id='word_1_598' title='bbox 1573 4145 1806 4212; x_wconf 75' lang='lat' dir='ltr'><strong>Celsum,</strong></span> <span class='ocrx_word' id='word_1_599' title='bbox 1845 4160 1998 4199; x_wconf 90' lang='lat' dir='ltr'><strong>num.</strong></span> <span class='ocrx_word' id='word_1_600' title='bbox 2031 4145 2124 4212; x_wconf 68' lang='lat'><strong>49,</strong></span> <span class='ocrx_word' id='word_1_601' title='bbox 2157 4153 2212 4198; x_wconf 84' lang='lat' dir='ltr'><strong>et</strong></span> <span class='ocrx_word' id='word_1_602' title='bbox 2248 4152 2470 4198; x_wconf 85' lang='lat' dir='ltr'><strong>tractat.</strong></span> <span class='ocrx_word' id='word_1_603' title='bbox 2516 4144 2587 4198; x_wconf 63' lang='grc' dir='ltr'>εἰ</span> <span class='ocrx_word' id='word_1_604' title='bbox 2634 4145 2686 4198; x_wconf 92' lang='lat' dir='ltr'><strong>in</strong></span> <span class='ocrx_word' id='word_1_605' title='bbox 2739 4144 3046 4200; x_wconf 73' lang='lat' dir='ltr'><strong>Matthzeum</strong></span> <span class='ocrx_word' id='word_1_606' title='bbox 3097 4166 3110 4201; x_wconf 89' lang='lat'><strong>:</strong></span> <span class='ocrx_word' id='word_1_607' title='bbox 3159 4146 3449 4201; x_wconf 81' lang='lat' dir='ltr'><strong>Sadduca-i</strong></span> <span class='ocrx_word' id='word_1_608' title='bbox 3491 4147 3801 4218; x_wconf 82' lang='lat' dir='ltr'><strong>Scripturas</strong></span> 
     </span>
    </p>
   </div>
   <div class='ocr_carea' id='block_1_44' title="bbox 495 4236 3796 4310">
    <p class='ocr_par' dir='ltr' id='par_1_44' title="bbox 495 4236 3796 4310">
     <span class='ocr_line' id='line_1_44' title="bbox 495 4236 3796 4310; baseline -0 -14"><span class='ocrx_word' id='word_1_609' title='bbox 495 4243 656 4296; x_wconf 11' lang='lat' dir='ltr'><strong>salias</strong></span> <span class='ocrx_word' id='word_1_610' title='bbox 685 4251 837 4296; x_wconf 73' lang='lat' dir='ltr'><strong>extra</strong></span> <span class='ocrx_word' id='word_1_611' title='bbox 859 4241 1025 4294; x_wconf 74' lang='lat' dir='ltr'><strong>libros</strong></span> <span class='ocrx_word' id='word_1_612' title='bbox 1062 4239 1324 4293; x_wconf 76' lang='lat' dir='ltr'><strong>Mosaicos</strong></span> <span class='ocrx_word' id='word_1_613' title='bbox 1348 4256 1450 4292; x_wconf 85' lang='lat' dir='ltr'><strong>non</strong></span> <span class='ocrx_word' id='word_1_614' title='bbox 1480 4237 1736 4309; x_wconf 84' lang='lat' dir='ltr'><strong>legebant,</strong></span> <span class='ocrx_word' id='word_1_615' title='bbox 1770 4254 1860 4292; x_wconf 88' lang='lat' dir='ltr'><strong>nec</strong></span> <span class='ocrx_word' id='word_1_616' title='bbox 1876 4239 2028 4307; x_wconf 79' lang='lat' dir='ltr'><strong>ipsos</strong></span> <span class='ocrx_word' id='word_1_617' title='bbox 2053 4237 2278 4308; x_wconf 82' lang='lat' dir='ltr'><strong>legentes</strong></span> <span class='ocrx_word' id='word_1_618' title='bbox 2299 4236 2677 4305; x_wconf 69' lang='lat' dir='ltr'><strong>intelligebant.</strong></span> <span class='ocrx_word' id='word_1_619' title='bbox 2725 4236 2804 4292; x_wconf 86' lang='lat' dir='ltr'><strong>lta</strong></span> <span class='ocrx_word' id='word_1_620' title='bbox 2840 4248 2995 4294; x_wconf 85' lang='lat' dir='ltr'><strong>vetus</strong></span> <span class='ocrx_word' id='word_1_621' title='bbox 3023 4241 3291 4310; x_wconf 86' lang='lat' dir='ltr'><strong>interpres</strong></span> <span class='ocrx_word' id='word_1_622' title='bbox 3319 4239 3574 4295; x_wconf 87' lang='lat' dir='ltr'><strong>Latinus.</strong></span> <span class='ocrx_word' id='word_1_623' title='bbox 3609 4241 3796 4296; x_wconf 60' lang='lat' dir='ltr'><strong>Graeca</strong></span> 
     </span>
    </p>
   </div>
   <div class='ocr_carea' id='block_1_45' title="bbox 497 4329 3798 4404">
    <p class='ocr_par' dir='ltr' id='par_1_45' title="bbox 497 4329 3798 4404">
     <span class='ocr_line' id='line_1_45' title="bbox 497 4329 3798 4404; baseline 0.002 -22"><span class='ocrx_word' id='word_1_624' title='bbox 497 4333 676 4387; x_wconf 84' lang='lat' dir='ltr'><strong>.alitcr</strong></span> <span class='ocrx_word' id='word_1_625' title='bbox 705 4349 764 4388; x_wconf 86' lang='lat' dir='ltr'><strong>se</strong></span> <span class='ocrx_word' id='word_1_626' title='bbox 799 4331 1002 4388; x_wconf 85' lang='lat' dir='ltr'><strong>habent</strong></span> <span class='ocrx_word' id='word_1_627' title='bbox 1035 4353 1048 4387; x_wconf 90' lang='lat'><strong>:</strong></span> <span class='ocrx_word' id='word_1_628' title='bbox 1089 4331 1378 4387; x_wconf 73' lang='lat' dir='ltr'><strong>Sadduca&#39;i</strong></span> <span class='ocrx_word' id='word_1_629' title='bbox 1424 4331 1588 4385; x_wconf 87' lang='lat' dir='ltr'><strong>aliam</strong></span> <span class='ocrx_word' id='word_1_630' title='bbox 1639 4330 1976 4402; x_wconf 85' lang='lat' dir='ltr'><strong>Scripturam</strong></span> <span class='ocrx_word' id='word_1_631' title='bbox 2009 4349 2040 4384; x_wconf 88' lang='lat' dir='ltr'><strong>a</strong></span> <span class='ocrx_word' id='word_1_632' title='bbox 2079 4329 2239 4401; x_wconf 85' lang='lat' dir='ltr'><strong>legali</strong></span> <span class='ocrx_word' id='word_1_633' title='bbox 2283 4347 2384 4383; x_wconf 86' lang='lat' dir='ltr'><strong>non</strong></span> <span class='ocrx_word' id='word_1_634' title='bbox 2417 4331 2737 4396; x_wconf 83' lang='lat' dir='ltr'><strong>admittunt;</strong></span> <span class='ocrx_word' id='word_1_635' title='bbox 2775 4342 2827 4387; x_wconf 90' lang='lat' dir='ltr'><strong>et</strong></span> <span class='ocrx_word' id='word_1_636' title='bbox 2867 4335 3054 4403; x_wconf 84' lang='lat' dir='ltr'><strong>paucis</strong></span> <span class='ocrx_word' id='word_1_637' title='bbox 3097 4335 3396 4404; x_wconf 87' lang='lat' dir='ltr'><strong>interjectis</strong></span> <span class='ocrx_word' id='word_1_638' title='bbox 3449 4353 3463 4390; x_wconf 88' lang='lat'><strong>:</strong></span> <span class='ocrx_word' id='word_1_639' title='bbox 3511 4332 3798 4390; x_wconf 70' lang='lat' dir='ltr'><strong>Saddneci</strong></span> 
     </span>
    </p>
   </div>
   <div class='ocr_carea' id='block_1_46' title="bbox 497 4421 3795 4497">
    <p class='ocr_par' dir='ltr' id='par_1_46' title="bbox 497 4421 3795 4497">
     <span class='ocr_line' id='line_1_46' title="bbox 497 4421 3795 4497; baseline 0 -17"><span class='ocrx_word' id='word_1_640' title='bbox 497 4425 824 4493; x_wconf 75' lang='lat' dir='ltr'><strong>.Scripturas</strong></span> <span class='ocrx_word' id='word_1_641' title='bbox 854 4441 971 4497; x_wconf 71' lang='lat' dir='ltr'><strong>quae</strong></span> <span class='ocrx_word' id='word_1_642' title='bbox 1002 4423 1166 4497; x_wconf 86' lang='lat' dir='ltr'><strong>legem</strong></span> <span class='ocrx_word' id='word_1_643' title='bbox 1193 4433 1502 4495; x_wconf 82' lang='lat' dir='ltr'><strong>sequuntur,</strong></span> <span class='ocrx_word' id='word_1_644' title='bbox 1534 4441 1637 4478; x_wconf 84' lang='lat' dir='ltr'><strong>non</strong></span> <span class='ocrx_word' id='word_1_645' title='bbox 1666 4425 1979 4477; x_wconf 82' lang='lat' dir='ltr'><strong>admittunt.</strong></span> <span class='ocrx_word' id='word_1_646' title='bbox 2023 4425 2079 4478; x_wconf 84' lang='lat' dir='ltr'><strong>Si</strong></span> <span class='ocrx_word' id='word_1_647' title='bbox 2115 4439 2240 4479; x_wconf 87' lang='lat' dir='ltr'><strong>vere</strong></span> <span class='ocrx_word' id='word_1_648' title='bbox 2285 4421 2543 4493; x_wconf 90' lang='lat' dir='ltr'><strong>Origenes</strong></span> <span class='ocrx_word' id='word_1_649' title='bbox 2575 4435 2718 4479; x_wconf 80' lang='lat' dir='ltr'><strong>esset</strong></span> <span class='ocrx_word' id='word_1_650' title='bbox 2751 4426 2843 4496; x_wconf 90' lang='lat' dir='ltr'><strong>qui</strong></span> <span class='ocrx_word' id='word_1_651' title='bbox 2881 4429 2934 4479; x_wconf 89' lang='lat' dir='ltr'><strong>in</strong></span> <span class='ocrx_word' id='word_1_652' title='bbox 2981 4426 3184 4480; x_wconf 85' lang='lat' dir='ltr'><strong>Lucam</strong></span> <span class='ocrx_word' id='word_1_653' title='bbox 3224 4430 3445 4496; x_wconf 88' lang='lat' dir='ltr'><strong>scripsit</strong></span> <span class='ocrx_word' id='word_1_654' title='bbox 3475 4428 3542 4481; x_wconf 91' lang='lat' dir='ltr'><strong>de</strong></span> <span class='ocrx_word' id='word_1_655' title='bbox 3578 4428 3795 4482; x_wconf 85' lang='lat' dir='ltr'><strong>Saddu-</strong></span> 
     </span>
    </p>
   </div>
   <div class='ocr_carea' id='block_1_47' title="bbox 511 4520 3795 4591">
    <p class='ocr_par' dir='ltr' id='par_1_47' title="bbox 511 4520 3795 4591">
     <span class='ocr_line' id='line_1_47' title="bbox 511 4520 3795 4591; baseline -0 -14"><span class='ocrx_word' id='word_1_656' title='bbox 511 4523 663 4586; x_wconf 65' lang='lat' dir='ltr'><strong>casis,</strong></span> <span class='ocrx_word' id='word_1_657' title='bbox 707 4538 816 4578; x_wconf 89' lang='lat' dir='ltr'><strong>non</strong></span> <span class='ocrx_word' id='word_1_658' title='bbox 849 4523 1006 4578; x_wconf 89' lang='lat' dir='ltr'><strong>aliter</strong></span> <span class='ocrx_word' id='word_1_659' title='bbox 1054 4522 1296 4576; x_wconf 88' lang='lat' dir='ltr'><strong>locutqu</strong></span> <span class='ocrx_word' id='word_1_660' title='bbox 1337 4537 1459 4577; x_wconf 87' lang='lat' dir='ltr'><strong>esse</strong></span> <span class='ocrx_word' id='word_1_661' title='bbox 1486 4537 1583 4590; x_wconf 89' lang='lat' dir='ltr'><strong>par</strong></span> <span class='ocrx_word' id='word_1_662' title='bbox 1616 4531 1700 4576; x_wconf 89' lang='lat' dir='ltr'><strong>est</strong></span> <span class='ocrx_word' id='word_1_663' title='bbox 1731 4521 1973 4576; x_wconf 90' lang='lat' dir='ltr'><strong>credere.</strong></span> <span class='ocrx_word' id='word_1_664' title='bbox 2010 4521 2183 4576; x_wconf 82' lang='lat' dir='ltr'><strong>Aliter</strong></span> <span class='ocrx_word' id='word_1_665' title='bbox 2218 4530 2397 4574; x_wconf 85' lang='lat' dir='ltr'><strong>tamen</strong></span> <span class='ocrx_word' id='word_1_666' title='bbox 2444 4520 2686 4591; x_wconf 87' lang='lat' dir='ltr'><strong>loquitur</strong></span> <span class='ocrx_word' id='word_1_667' title='bbox 2734 4522 2971 4591; x_wconf 83' lang='lat' dir='ltr'><strong>scriptor</strong></span> <span class='ocrx_word' id='word_1_668' title='bbox 3022 4522 3262 4576; x_wconf 76' lang='lat' dir='ltr'><strong>homilia:</strong></span> <span class='ocrx_word' id='word_1_669' title='bbox 3302 4523 3392 4576; x_wconf 76' lang='lat'><strong>59.</strong></span> <span class='ocrx_word' id='word_1_670' title='bbox 3428 4521 3570 4590; x_wconf 84' lang='lat' dir='ltr'><strong>Ergo</strong></span> <span class='ocrx_word' id='word_1_671' title='bbox 3604 4523 3795 4576; x_wconf 74' lang='lat' dir='ltr'><strong>saltent</strong></span> 
     </span>
    </p>
   </div>
   <div class='ocr_carea' id='block_1_48' title="bbox 517 4608 3793 4683">
    <p class='ocr_par' dir='ltr' id='par_1_48' title="bbox 517 4608 3793 4683">
     <span class='ocr_line' id='line_1_48' title="bbox 517 4608 3793 4683; baseline 0.001 -18"><span class='ocrx_word' id='word_1_672' title='bbox 517 4612 629 4667; x_wconf 67' lang='lat' dir='ltr'><strong>haec</strong></span> <span class='ocrx_word' id='word_1_673' title='bbox 663 4611 888 4666; x_wconf 88' lang='lat' dir='ltr'><strong>homilia</strong></span> <span class='ocrx_word' id='word_1_674' title='bbox 936 4610 1005 4665; x_wconf 88' lang='lat' dir='ltr'><strong>ab</strong></span> <span class='ocrx_word' id='word_1_675' title='bbox 1053 4609 1172 4680; x_wconf 91' lang='lat' dir='ltr'><strong>ipso</strong></span> <span class='ocrx_word' id='word_1_676' title='bbox 1203 4608 1456 4680; x_wconf 86' lang='lat' dir='ltr'><strong>Origenis</strong></span> <span class='ocrx_word' id='word_1_677' title='bbox 1504 4611 1694 4678; x_wconf 84' lang='lat' dir='ltr'><strong>genio,</strong></span> <span class='ocrx_word' id='word_1_678' title='bbox 1727 4625 1912 4674; x_wconf 87' lang='lat' dir='ltr'><strong>more,</strong></span> <span class='ocrx_word' id='word_1_679' title='bbox 1949 4625 2011 4665; x_wconf 86' lang='lat' dir='ltr'><strong>ac</strong></span> <span class='ocrx_word' id='word_1_680' title='bbox 2045 4626 2206 4666; x_wconf 86' lang='lat' dir='ltr'><strong>sensu</strong></span> <span class='ocrx_word' id='word_1_681' title='bbox 2241 4611 2415 4666; x_wconf 87' lang='lat' dir='ltr'><strong>aliena</strong></span> <span class='ocrx_word' id='word_1_682' title='bbox 2443 4620 2560 4675; x_wconf 86' lang='lat' dir='ltr'><strong>est,</strong></span> <span class='ocrx_word' id='word_1_683' title='bbox 2613 4621 2666 4666; x_wconf 89' lang='lat' dir='ltr'><strong>et</strong></span> <span class='ocrx_word' id='word_1_684' title='bbox 2717 4612 2947 4682; x_wconf 88' lang='lat' dir='ltr'><strong>proinde</strong></span> <span class='ocrx_word' id='word_1_685' title='bbox 3003 4629 3103 4682; x_wconf 91' lang='lat' dir='ltr'><strong>pro</strong></span> <span class='ocrx_word' id='word_1_686' title='bbox 3151 4614 3337 4683; x_wconf 82' lang='lat' dir='ltr'><strong>spuria</strong></span> <span class='ocrx_word' id='word_1_687' title='bbox 3369 4614 3554 4668; x_wconf 85' lang='lat' dir='ltr'><strong>haberi</strong></span> <span class='ocrx_word' id='word_1_688' title='bbox 3607 4616 3793 4678; x_wconf 76' lang='lat' dir='ltr'><strong>debet,</strong></span> 
     </span>
    </p>
   </div>
   <div class='ocr_carea' id='block_1_49' title="bbox 517 4701 3792 4776">
    <p class='ocr_par' dir='ltr' id='par_1_49' title="bbox 517 4701 3792 4776">
     <span class='ocr_line' id='line_1_49' title="bbox 517 4701 3792 4776; baseline 0.001 -18"><span class='ocrx_word' id='word_1_689' title='bbox 517 4703 824 4776; x_wconf 84' lang='lat' dir='ltr'><strong>Respondet</strong></span> <span class='ocrx_word' id='word_1_690' title='bbox 865 4703 1191 4760; x_wconf 83' lang='lat' dir='ltr'><strong>Pearsouius</strong></span> <span class='ocrx_word' id='word_1_691' title='bbox 1225 4703 1545 4772; x_wconf 84' lang='lat' dir='ltr'><strong>scriptorem</strong></span> <span class='ocrx_word' id='word_1_692' title='bbox 1580 4702 1816 4757; x_wconf 72' lang='lat' dir='ltr'><strong>homilia:</strong></span> <span class='ocrx_word' id='word_1_693' title='bbox 1856 4703 1923 4757; x_wconf 79' lang='lat'><strong>39</strong></span> <span class='ocrx_word' id='word_1_694' title='bbox 1956 4702 2008 4756; x_wconf 90' lang='lat' dir='ltr'><strong>in</strong></span> <span class='ocrx_word' id='word_1_695' title='bbox 2037 4701 2239 4758; x_wconf 83' lang='lat' dir='ltr'><strong>Lucam</strong></span> <span class='ocrx_word' id='word_1_696' title='bbox 2277 4717 2384 4756; x_wconf 93' lang='lat' dir='ltr'><strong>non</strong></span> <span class='ocrx_word' id='word_1_697' title='bbox 2419 4701 2688 4757; x_wconf 74' lang='lat' dir='ltr'><strong>aﬂlrmare</strong></span> <span class='ocrx_word' id='word_1_698' title='bbox 2726 4704 3056 4759; x_wconf 71' lang='lat' dir='ltr'><strong>Sadducaeos</strong></span> <span class='ocrx_word' id='word_1_699' title='bbox 3087 4705 3385 4774; x_wconf 85' lang='lat' dir='ltr'><strong>prophetas</strong></span> <span class='ocrx_word' id='word_1_700' title='bbox 3431 4708 3483 4760; x_wconf 90' lang='lat' dir='ltr'><strong>in</strong></span> <span class='ocrx_word' id='word_1_701' title='bbox 3524 4722 3792 4761; x_wconf 71' lang='lat' dir='ltr'><strong>canentem</strong></span> 
     </span>
    </p>
   </div>
   <div class='ocr_carea' id='block_1_50' title="bbox 449 4795 3793 4870">
    <p class='ocr_par' dir='ltr' id='par_1_50' title="bbox 449 4795 3793 4870">
     <span class='ocr_line' id='line_1_50' title="bbox 449 4795 3793 4870; baseline -0 -16"><span class='ocrx_word' id='word_1_702' title='bbox 449 4831 472 4868; x_wconf 90' lang='lat'><strong>-_</strong></span> <span class='ocrx_word' id='word_1_703' title='bbox 515 4800 920 4870; x_wconf 83' lang='lat' dir='ltr'><strong>Scripturarum</strong></span> <span class='ocrx_word' id='word_1_704' title='bbox 954 4797 1246 4868; x_wconf 85' lang='lat' dir='ltr'><strong>recepisse.</strong></span> <span class='ocrx_word' id='word_1_705' title='bbox 1282 4796 1393 4852; x_wconf 83' lang='lat' dir='ltr'><strong>Hoc</strong></span> <span class='ocrx_word' id='word_1_706' title='bbox 1423 4806 1632 4851; x_wconf 88' lang='lat' dir='ltr'><strong>tantum</strong></span> <span class='ocrx_word' id='word_1_707' title='bbox 1668 4796 1822 4860; x_wconf 87' lang='lat' dir='ltr'><strong>dicit,</strong></span> <span class='ocrx_word' id='word_1_708' title='bbox 1853 4795 2185 4852; x_wconf 79' lang='lat' dir='ltr'><strong>Sadduczeos</strong></span> <span class='ocrx_word' id='word_1_709' title='bbox 2221 4796 2362 4850; x_wconf 87' lang='lat' dir='ltr'><strong>male</strong></span> <span class='ocrx_word' id='word_1_710' title='bbox 2399 4797 2735 4851; x_wconf 73' lang='lat' dir='ltr'><strong>intellexisse</strong></span> <span class='ocrx_word' id='word_1_711' title='bbox 2777 4797 3091 4867; x_wconf 83' lang='lat' dir='ltr'><strong>pr0phetas.</strong></span> <span class='ocrx_word' id='word_1_712' title='bbox 3133 4796 3434 4853; x_wconf 83' lang='lat' dir='ltr'><strong>Potuerunt</strong></span> <span class='ocrx_word' id='word_1_713' title='bbox 3464 4809 3666 4863; x_wconf 79' lang='lat' dir='ltr'><strong>autem,</strong></span> <span class='ocrx_word' id='word_1_714' title='bbox 3710 4801 3793 4854; x_wconf 86' lang='lat' dir='ltr'><strong>in-</strong></span> 
     </span>
    </p>
   </div>
   <div class='ocr_carea' id='block_1_51' title="bbox 475 4891 3790 4966">
    <p class='ocr_par' dir='ltr' id='par_1_51' title="bbox 475 4891 3790 4966">
     <span class='ocr_line' id='line_1_51' title="bbox 475 4891 3790 4966; baseline -0.001 -17"><span class='ocrx_word' id='word_1_715' title='bbox 475 4897 650 4966; x_wconf 76' lang='lat' dir='ltr'><strong>,quit,</strong></span> <span class='ocrx_word' id='word_1_716' title='bbox 683 4907 736 4952; x_wconf 89' lang='lat' dir='ltr'><strong>et</strong></span> <span class='ocrx_word' id='word_1_717' title='bbox 769 4894 1092 4965; x_wconf 83' lang='lat' dir='ltr'><strong>intelligere,</strong></span> <span class='ocrx_word' id='word_1_718' title='bbox 1132 4903 1185 4948; x_wconf 92' lang='lat' dir='ltr'><strong>et</strong></span> <span class='ocrx_word' id='word_1_719' title='bbox 1226 4893 1390 4948; x_wconf 85' lang='lat' dir='ltr'><strong>etiam</strong></span> <span class='ocrx_word' id='word_1_720' title='bbox 1437 4893 1599 4959; x_wconf 88' lang='lat' dir='ltr'><strong>male,</strong></span> <span class='ocrx_word' id='word_1_721' title='bbox 1631 4908 1695 4946; x_wconf 84' lang='lat' dir='ltr'><strong>ea</strong></span> <span class='ocrx_word' id='word_1_722' title='bbox 1724 4907 1844 4962; x_wconf 73' lang='lat' dir='ltr'><strong>quae</strong></span> <span class='ocrx_word' id='word_1_723' title='bbox 1877 4909 1974 4963; x_wconf 91' lang='lat' dir='ltr'><strong>pro</strong></span> <span class='ocrx_word' id='word_1_724' title='bbox 2003 4891 2305 4962; x_wconf 88' lang='lat' dir='ltr'><strong>Scripturis</strong></span> <span class='ocrx_word' id='word_1_725' title='bbox 2355 4891 2532 4945; x_wconf 84' lang='lat' dir='ltr'><strong>sacris</strong></span> <span class='ocrx_word' id='word_1_726' title='bbox 2566 4906 2676 4945; x_wconf 84' lang='lat' dir='ltr'><strong>non</strong></span> <span class='ocrx_word' id='word_1_727' title='bbox 2714 4892 2973 4946; x_wconf 82' lang='lat' dir='ltr'><strong>habuere.</strong></span> <span class='ocrx_word' id='word_1_728' title='bbox 3010 4891 3127 4946; x_wconf 84' lang='lat' dir='ltr'><strong>Non</strong></span> <span class='ocrx_word' id='word_1_729' title='bbox 3168 4893 3531 4948; x_wconf 88' lang='lat' dir='ltr'><strong>admittebant</strong></span> <span class='ocrx_word' id='word_1_730' title='bbox 3563 4893 3790 4964; x_wconf 88' lang='lat' dir='ltr'><strong>quide</strong></span> 
     </span>
    </p>
   </div>
   <div class='ocr_carea' id='block_1_52' title="bbox 465 4981 3791 5056">
    <p class='ocr_par' dir='ltr' id='par_1_52' title="bbox 465 4981 3791 5056">
     <span class='ocr_line' id='line_1_52' title="bbox 465 4981 3791 5056; baseline -0 -15"><span class='ocrx_word' id='word_1_731' title='bbox 465 5033 490 5056; x_wconf 82' lang='grc'><strong>,.</strong></span> <span class='ocrx_word' id='word_1_732' title='bbox 512 4987 797 5044; x_wconf 65' lang='grc' dir='ltr'><strong>Βθάάιιδεεί</strong></span> <span class='ocrx_word' id='word_1_733' title='bbox 834 5002 1022 5042; x_wconf 83' lang='lat' dir='ltr'><strong>sacras</strong></span> <span class='ocrx_word' id='word_1_734' title='bbox 1054 4984 1367 5055; x_wconf 87' lang='lat' dir='ltr'><strong>Scripturas</strong></span> <span class='ocrx_word' id='word_1_735' title='bbox 1393 4992 1547 5038; x_wconf 77' lang='lat' dir='ltr'><strong>extra</strong></span> <span class='ocrx_word' id='word_1_736' title='bbox 1580 4983 1748 5037; x_wconf 83' lang='lat' dir='ltr'><strong>libros</strong></span> <span class='ocrx_word' id='word_1_737' title='bbox 1795 4981 2086 5049; x_wconf 79' lang='lat' dir='ltr'><strong>Mosaicos,</strong></span> <span class='ocrx_word' id='word_1_738' title='bbox 2124 4984 2366 5047; x_wconf 83' lang='lat' dir='ltr'><strong>scilicet,</strong></span> <span class='ocrx_word' id='word_1_739' title='bbox 2411 4982 2594 5051; x_wconf 84' lang='lat' dir='ltr'><strong>inquit</strong></span> <span class='ocrx_word' id='word_1_740' title='bbox 2630 4981 2959 5037; x_wconf 84' lang='lat' dir='ltr'><strong>Pearsonius</strong></span> <span class='ocrx_word' id='word_1_741' title='bbox 2981 5024 2999 5047; x_wconf 94' lang='lat'><strong>,</strong></span> <span class='ocrx_word' id='word_1_742' title='bbox 3041 4984 3093 5036; x_wconf 88' lang='lat' dir='ltr'><strong>in</strong></span> <span class='ocrx_word' id='word_1_743' title='bbox 3133 4986 3505 5039; x_wconf 80' lang='lat' dir='ltr'><strong>controversiis</strong></span> <span class='ocrx_word' id='word_1_744' title='bbox 3537 4985 3662 5053; x_wconf 74' lang='lat' dir='ltr'><strong>ﬁdei</strong></span> <span class='ocrx_word' id='word_1_745' title='bbox 3693 4985 3791 5041; x_wconf 72' lang='lat' dir='ltr'><strong>dc-</strong></span> 
     </span>
    </p>
   </div>
   <div class='ocr_carea' id='block_1_53' title="bbox 485 5062 3430 5148">
    <p class='ocr_par' dir='ltr' id='par_1_53' title="bbox 485 5062 3430 5148">
     <span class='ocr_line' id='line_1_53' title="bbox 485 5062 3430 5148; baseline -0.001 -15"><span class='ocrx_word' id='word_1_746' title='bbox 485 5062 858 5148; x_wconf 57' lang='lat' dir='ltr'><strong>tterminandis</strong></span> <span class='ocrx_word' id='word_1_747' title='bbox 889 5095 909 5131; x_wconf 92' lang='lat'><strong><em>:</em></strong></span> <span class='ocrx_word' id='word_1_748' title='bbox 941 5091 1103 5148; x_wconf 89' lang='lat' dir='ltr'><strong>atque</strong></span> <span class='ocrx_word' id='word_1_749' title='bbox 1131 5078 1234 5132; x_wconf 89' lang='lat' dir='ltr'><strong>hoc</strong></span> <span class='ocrx_word' id='word_1_750' title='bbox 1265 5091 1423 5130; x_wconf 91' lang='lat' dir='ltr'><strong>suum</strong></span> <span class='ocrx_word' id='word_1_751' title='bbox 1457 5075 1728 5146; x_wconf 85' lang='lat' dir='ltr'><strong>glossema</strong></span> <span class='ocrx_word' id='word_1_752' title='bbox 1762 5075 2119 5130; x_wconf 89' lang='lat' dir='ltr'><strong>rabbinorum</strong></span> <span class='ocrx_word' id='word_1_753' title='bbox 2149 5076 2475 5130; x_wconf 82' lang='lat' dir='ltr'><strong>auctoritate</strong></span> <span class='ocrx_word' id='word_1_754' title='bbox 2508 5083 2693 5128; x_wconf 91' lang='lat' dir='ltr'><strong>tuetur</strong></span> <span class='ocrx_word' id='word_1_755' title='bbox 2731 5093 2745 5128; x_wconf 92' lang='lat'><strong>:</strong></span> <span class='ocrx_word' id='word_1_756' title='bbox 2783 5075 2930 5144; x_wconf 86' lang='lat' dir='ltr'><strong>quod</strong></span> <span class='ocrx_word' id='word_1_757' title='bbox 2968 5075 3181 5129; x_wconf 83' lang='lat' dir='ltr'><strong>abunde</strong></span> <span class='ocrx_word' id='word_1_758' title='bbox 3213 5075 3430 5132; x_wconf 79' lang='lat' dir='ltr'><strong>sullicit.</strong></span> 
     </span>
    </p>
   </div>
   <div class='ocr_carea' id='block_1_54' title="bbox 478 5139 3785 5240">
    <p class='ocr_par' dir='ltr' id='par_1_54' title="bbox 478 5139 3785 5240">
     <span class='ocr_line' id='line_1_54' title="bbox 478 5139 3785 5240; baseline 0.001 -17"><span class='ocrx_word' id='word_1_759' title='bbox 478 5139 501 5210; x_wconf 54' lang='lat'><strong><em>1</em></strong></span> <span class='ocrx_word' id='word_1_760' title='bbox 577 5172 884 5240; x_wconf 76' lang='lat' dir='ltr'><strong>Antequam</strong></span> <span class='ocrx_word' id='word_1_761' title='bbox 923 5169 1048 5225; x_wconf 83' lang='lat' dir='ltr'><strong>huic</strong></span> <span class='ocrx_word' id='word_1_762' title='bbox 1083 5168 1507 5240; x_wconf 63' lang='lat' dir='ltr'><strong>prmfatiuncuhe</strong></span> <span class='ocrx_word' id='word_1_763' title='bbox 1541 5169 1662 5224; x_wconf 81' lang='lat' dir='ltr'><strong>linis</strong></span> <span class='ocrx_word' id='word_1_764' title='bbox 1715 5169 2063 5239; x_wconf 83' lang='lat' dir='ltr'><strong>imponatur,</strong></span> <span class='ocrx_word' id='word_1_765' title='bbox 2115 5167 2278 5236; x_wconf 75' lang='lat' dir='ltr'><strong>iusta:</strong></span> <span class='ocrx_word' id='word_1_766' title='bbox 2312 5167 2650 5222; x_wconf 76' lang='lat' dir='ltr'><strong>defensionis</strong></span> <span class='ocrx_word' id='word_1_767' title='bbox 2706 5169 2845 5221; x_wconf 89' lang='lat' dir='ltr'><strong>ratio</strong></span> <span class='ocrx_word' id='word_1_768' title='bbox 2886 5169 2998 5238; x_wconf 88' lang='lat' dir='ltr'><strong>jam</strong></span> <span class='ocrx_word' id='word_1_769' title='bbox 3034 5183 3065 5222; x_wconf 85' lang='lat' dir='ltr'><strong>a</strong></span> <span class='ocrx_word' id='word_1_770' title='bbox 3119 5185 3204 5223; x_wconf 92' lang='lat' dir='ltr'><strong>me</strong></span> <span class='ocrx_word' id='word_1_771' title='bbox 3254 5171 3528 5239; x_wconf 89' lang='lat' dir='ltr'><strong>postulat,</strong></span> <span class='ocrx_word' id='word_1_772' title='bbox 3570 5181 3628 5226; x_wconf 86' lang='lat' dir='ltr'><strong>ut</strong></span> <span class='ocrx_word' id='word_1_773' title='bbox 3662 5186 3785 5226; x_wconf 85' lang='lat' dir='ltr'><strong>eam</strong></span> 
     </span>
    </p>
   </div>
   <div class='ocr_carea' id='block_1_55' title="bbox 494 5261 3781 5336">
    <p class='ocr_par' dir='ltr' id='par_1_55' title="bbox 494 5261 3781 5336">
     <span class='ocr_line' id='line_1_55' title="bbox 494 5261 3781 5336; baseline -0.002 -15"><span class='ocrx_word' id='word_1_774' title='bbox 494 5267 764 5336; x_wconf 65' lang='lat' dir='ltr'><strong>repellam</strong></span> <span class='ocrx_word' id='word_1_775' title='bbox 812 5267 1250 5321; x_wconf 88' lang='lat' dir='ltr'><strong>criminationem</strong></span> <span class='ocrx_word' id='word_1_776' title='bbox 1302 5281 1409 5336; x_wconf 86' lang='lat' dir='ltr'><strong>qua</strong></span> <span class='ocrx_word' id='word_1_777' title='bbox 1460 5265 1512 5319; x_wconf 85' lang='lat' dir='ltr'><strong>in</strong></span> <span class='ocrx_word' id='word_1_778' title='bbox 1564 5281 1649 5320; x_wconf 89' lang='lat' dir='ltr'><strong>me</strong></span> <span class='ocrx_word' id='word_1_779' title='bbox 1699 5282 1832 5320; x_wconf 88' lang='lat' dir='ltr'><strong>usus</strong></span> <span class='ocrx_word' id='word_1_780' title='bbox 1863 5266 1944 5319; x_wconf 89' lang='lat' dir='ltr'><strong>est</strong></span> <span class='ocrx_word' id='word_1_781' title='bbox 1976 5264 2234 5317; x_wconf 87' lang='lat' dir='ltr'><strong>dominus</strong></span> <span class='ocrx_word' id='word_1_782' title='bbox 2268 5263 2494 5316; x_wconf 76' lang='lat' dir='ltr'><strong>Alexius</strong></span> <span class='ocrx_word' id='word_1_783' title='bbox 2545 5261 2854 5317; x_wconf 86' lang='lat' dir='ltr'><strong>Desessarts</strong></span> <span class='ocrx_word' id='word_1_784' title='bbox 2895 5266 2946 5316; x_wconf 93' lang='lat' dir='ltr'><strong>in</strong></span> <span class='ocrx_word' id='word_1_785' title='bbox 2994 5265 3179 5318; x_wconf 86' lang='lat' dir='ltr'><strong>libello</strong></span> <span class='ocrx_word' id='word_1_786' title='bbox 3207 5263 3412 5318; x_wconf 85' lang='lat' dir='ltr'><strong>Gallice</strong></span> <span class='ocrx_word' id='word_1_787' title='bbox 3457 5267 3665 5332; x_wconf 87' lang='lat' dir='ltr'><strong>scripto</strong></span> <span class='ocrx_word' id='word_1_788' title='bbox 3694 5265 3781 5318; x_wconf 90' lang='lat' dir='ltr'><strong>cui</strong></span> 
     </span>
    </p>
   </div>
   <div class='ocr_carea' id='block_1_56' title="bbox 507 5353 3785 5425">
    <p class='ocr_par' dir='ltr' id='par_1_56' title="bbox 507 5353 3785 5425">
     <span class='ocr_line' id='line_1_56' title="bbox 507 5353 3785 5425; baseline -0 -16"><span class='ocrx_word' id='word_1_789' title='bbox 507 5356 881 5411; x_wconf 76' lang='lat' dir='ltr'><strong>tituluml‘ecit</strong></span> <span class='ocrx_word' id='word_1_790' title='bbox 912 5376 923 5410; x_wconf 90' lang='lat'>:</span> <span class='ocrx_word' id='word_1_791' title='bbox 961 5357 1179 5424; x_wconf 60' lang='lat' dir='ltr'><strong>lle/“ense</strong></span> <span class='ocrx_word' id='word_1_792' title='bbox 1211 5357 1282 5410; x_wconf 84' lang='lat' dir='ltr'><strong>du</strong></span> <span class='ocrx_word' id='word_1_793' title='bbox 1307 5357 1582 5411; x_wconf 79' lang='lat' dir='ltr'><strong>sentiment</strong></span> <span class='ocrx_word' id='word_1_794' title='bbox 1611 5357 1702 5410; x_wconf 80' lang='lat' dir='ltr'><strong>des</strong></span> <span class='ocrx_word' id='word_1_795' title='bbox 1731 5359 1900 5411; x_wconf 86' lang='lat' dir='ltr'><strong>saints</strong></span> <span class='ocrx_word' id='word_1_796' title='bbox 1929 5355 2082 5408; x_wconf 72' lang='lat' dir='ltr'><strong>Pet-es</strong></span> <span class='ocrx_word' id='word_1_797' title='bbox 2111 5362 2159 5406; x_wconf 92' lang='lat' dir='ltr'><strong>et</strong></span> <span class='ocrx_word' id='word_1_798' title='bbox 2187 5355 2276 5405; x_wconf 87' lang='lat' dir='ltr'><strong>des</strong></span> <span class='ocrx_word' id='word_1_799' title='bbox 2304 5353 2545 5406; x_wconf 84' lang='lat' dir='ltr'><strong>docteurs</strong></span> <span class='ocrx_word' id='word_1_800' title='bbox 2577 5355 2902 5425; x_wconf 73' lang='lat' dir='ltr'><strong>eatholiques</strong></span> <span class='ocrx_word' id='word_1_801' title='bbox 2933 5374 3026 5410; x_wconf 77' lang='lat' dir='ltr'><strong>sur</strong></span> <span class='ocrx_word' id='word_1_802' title='bbox 3050 5358 3098 5410; x_wconf 80' lang='lat' dir='ltr'><strong>le</strong></span> <span class='ocrx_word' id='word_1_803' title='bbox 3122 5369 3300 5410; x_wconf 82' lang='lat' dir='ltr'><strong>retour</strong></span> <span class='ocrx_word' id='word_1_804' title='bbox 3331 5358 3481 5425; x_wconf 78' lang='lat' dir='ltr'><strong>[utar</strong></span> <span class='ocrx_word' id='word_1_805' title='bbox 3507 5356 3703 5419; x_wconf 73' lang='lat' dir='ltr'><strong>d‘Elie,</strong></span> <span class='ocrx_word' id='word_1_806' title='bbox 3733 5366 3785 5409; x_wconf 83' lang='lat' dir='ltr'><strong>et</strong></span> 
     </span>
    </p>
   </div>
   <div class='ocr_carea' id='block_1_57' title="bbox 422 5437 3783 5521">
    <p class='ocr_par' dir='ltr' id='par_1_57' title="bbox 422 5437 3783 5521">
     <span class='ocr_line' id='line_1_57' title="bbox 422 5437 3783 5521; baseline -0.001 -18"><span class='ocrx_word' id='word_1_807' title='bbox 422 5437 434 5446; x_wconf 64' lang='grc'><em>’</em></span> <span class='ocrx_word' id='word_1_808' title='bbox 504 5467 598 5503; x_wconf 84' lang='lat' dir='ltr'><strong>sur</strong></span> <span class='ocrx_word' id='word_1_809' title='bbox 625 5451 678 5504; x_wconf 91' lang='lat' dir='ltr'><strong>la</strong></span> <span class='ocrx_word' id='word_1_810' title='bbox 719 5450 968 5504; x_wconf 76' lang='lat' dir='ltr'><strong>véritable</strong></span> <span class='ocrx_word' id='word_1_811' title='bbox 997 5439 1332 5521; x_wconf 31' lang='lat' dir='ltr'><strong>&#39;intelligence</strong></span> <span class='ocrx_word' id='word_1_812' title='bbox 1383 5451 1472 5504; x_wconf 85' lang='lat' dir='ltr'><strong>des</strong></span> <span class='ocrx_word' id='word_1_813' title='bbox 1519 5437 1809 5511; x_wconf 66' lang='lat' dir='ltr'><strong>Ecritures,</strong></span> <span class='ocrx_word' id='word_1_814' title='bbox 1855 5448 1943 5499; x_wconf 86' lang='lat' dir='ltr'><strong>ubi</strong></span> <span class='ocrx_word' id='word_1_815' title='bbox 1996 5463 2118 5515; x_wconf 86' lang='lat' dir='ltr'><strong>pag.</strong></span> <span class='ocrx_word' id='word_1_816' title='bbox 2161 5447 2261 5500; x_wconf 72' lang='lat'><strong>158</strong></span> <span class='ocrx_word' id='word_1_817' title='bbox 2289 5457 2343 5500; x_wconf 90' lang='lat' dir='ltr'><strong>et</strong></span> <span class='ocrx_word' id='word_1_818' title='bbox 2369 5464 2523 5518; x_wconf 86' lang='lat' dir='ltr'><strong>seqq.</strong></span> <span class='ocrx_word' id='word_1_819' title='bbox 2563 5448 2676 5501; x_wconf 69' lang='lat' dir='ltr'><strong>haec</strong></span> <span class='ocrx_word' id='word_1_820' title='bbox 2707 5450 2964 5519; x_wconf 83' lang='lat' dir='ltr'><strong>leguntur</strong></span> <span class='ocrx_word' id='word_1_821' title='bbox 2999 5468 3012 5503; x_wconf 91' lang='lat'>:</span> <span class='ocrx_word' id='word_1_822' title='bbox 3042 5448 3314 5502; x_wconf 70' lang='lat' dir='ltr'><strong>L&#39;étliteur</strong></span> <span class='ocrx_word' id='word_1_823' title='bbox 3347 5451 3410 5500; x_wconf 85' lang='lat' dir='ltr'><strong>de</strong></span> <span class='ocrx_word' id='word_1_824' title='bbox 3449 5449 3504 5501; x_wconf 89' lang='lat' dir='ltr'><strong>la</strong></span> <span class='ocrx_word' id='word_1_825' title='bbox 3543 5449 3783 5503; x_wconf 69' lang='lat' dir='ltr'><strong>deruiere</strong></span> 
     </span>
    </p>
   </div>
   <div class='ocr_carea' id='block_1_58' title="bbox 503 5542 3784 5614">
    <p class='ocr_par' dir='ltr' id='par_1_58' title="bbox 503 5542 3784 5614">
     <span class='ocr_line' id='line_1_58' title="bbox 503 5542 3784 5614; baseline 0 -17"><span class='ocrx_word' id='word_1_826' title='bbox 503 5545 704 5597; x_wconf 71' lang='lat' dir='ltr'><strong>edition</strong></span> <span class='ocrx_word' id='word_1_827' title='bbox 740 5544 829 5596; x_wconf 76' lang='lat' dir='ltr'><strong>(les</strong></span> <span class='ocrx_word' id='word_1_828' title='bbox 859 5542 1088 5598; x_wconf 67' lang='lat' dir='ltr'><strong>(Eum-es</strong></span> <span class='ocrx_word' id='word_1_829' title='bbox 1115 5543 1399 5614; x_wconf 74' lang='lat' dir='ltr'><strong>d‘0rigéne</strong></span> <span class='ocrx_word' id='word_1_830' title='bbox 1435 5561 1466 5596; x_wconf 90' lang='lat' dir='ltr'><strong>a</strong></span> <span class='ocrx_word' id='word_1_831' title='bbox 1491 5544 1590 5595; x_wconf 88' lang='lat' dir='ltr'><strong>mis</strong></span> <span class='ocrx_word' id='word_1_832' title='bbox 1617 5543 1648 5594; x_wconf 78' lang='lat' dir='ltr'><strong>it</strong></span> <span class='ocrx_word' id='word_1_833' title='bbox 1678 5543 1730 5593; x_wconf 86' lang='lat' dir='ltr'><strong>la</strong></span> <span class='ocrx_word' id='word_1_834' title='bbox 1770 5542 1870 5592; x_wconf 68' lang='lat' dir='ltr'><strong>tete</strong></span> <span class='ocrx_word' id='word_1_835' title='bbox 1897 5542 1967 5590; x_wconf 80' lang='lat' dir='ltr'><strong>da</strong></span> <span class='ocrx_word' id='word_1_836' title='bbox 1998 5542 2187 5592; x_wconf 69' lang='lat' dir='ltr'><strong>second</strong></span> <span class='ocrx_word' id='word_1_837' title='bbox 2218 5544 2418 5594; x_wconf 70' lang='lat' dir='ltr'><strong>volume</strong></span> <span class='ocrx_word' id='word_1_838' title='bbox 2449 5559 2547 5594; x_wconf 77' lang='lat' dir='ltr'><strong>une</strong></span> <span class='ocrx_word' id='word_1_839' title='bbox 2575 5543 2785 5611; x_wconf 70' lang='lat' dir='ltr'><strong>preface</strong></span> <span class='ocrx_word' id='word_1_840' title='bbox 2813 5544 2880 5595; x_wconf 81' lang='lat' dir='ltr'><strong>oit</strong></span> <span class='ocrx_word' id='word_1_841' title='bbox 2917 5545 2958 5596; x_wconf 89' lang='lat' dir='ltr'><strong>il</strong></span> <span class='ocrx_word' id='word_1_842' title='bbox 2981 5545 3223 5613; x_wconf 72' lang='lat' dir='ltr'><strong>explique</strong></span> <span class='ocrx_word' id='word_1_843' title='bbox 3255 5544 3308 5596; x_wconf 89' lang='lat' dir='ltr'><strong>la</strong></span> <span class='ocrx_word' id='word_1_844' title='bbox 3336 5545 3572 5596; x_wconf 68' lang='lat' dir='ltr'><strong>mlthode</strong></span> <span class='ocrx_word' id='word_1_845' title='bbox 3595 5543 3784 5597; x_wconf 74' lang='lat' dir='ltr'><strong>d‘ﬂlri-</strong></span> 
     </span>
    </p>
   </div>
   <div class='ocr_carea' id='block_1_59' title="bbox 501 5637 3781 5710">
    <p class='ocr_par' dir='ltr' id='par_1_59' title="bbox 501 5637 3781 5710">
     <span class='ocr_line' id='line_1_59' title="bbox 501 5637 3781 5710; baseline 0 -18"><span class='ocrx_word' id='word_1_846' title='bbox 501 5641 628 5710; x_wconf 74' lang='lat' dir='ltr'><strong>gene</strong></span> <span class='ocrx_word' id='word_1_847' title='bbox 666 5657 799 5709; x_wconf 87' lang='lat' dir='ltr'><strong>pour</strong></span> <span class='ocrx_word' id='word_1_848' title='bbox 823 5640 1129 5709; x_wconf 73' lang='lat' dir='ltr'><strong>interpreter</strong></span> <span class='ocrx_word' id='word_1_849' title='bbox 1155 5639 1465 5694; x_wconf 79' lang='lat' dir='ltr'><strong>l‘Ecriture.</strong></span> <span class='ocrx_word' id='word_1_850' title='bbox 1500 5638 1554 5692; x_wconf 70' lang='lat' dir='ltr'><strong>il</strong></span> <span class='ocrx_word' id='word_1_851' title='bbox 1588 5656 1639 5692; x_wconf 88' lang='lat' dir='ltr'><strong>se</strong></span> <span class='ocrx_word' id='word_1_852' title='bbox 1664 5640 1764 5704; x_wconf 63' lang='lat' dir='ltr'><strong>[ait</strong></span> <span class='ocrx_word' id='word_1_853' title='bbox 1808 5637 1990 5704; x_wconf 67' lang='grc' dir='ltr'><strong>υἱοῖν-ρ,</strong></span> <span class='ocrx_word' id='word_1_854' title='bbox 2018 5638 2180 5699; x_wconf 83' lang='lat' dir='ltr'><strong>dit—il,</strong></span> <span class='ocrx_word' id='word_1_855' title='bbox 2213 5639 2277 5690; x_wconf 81' lang='lat' dir='ltr'><strong>tle</strong></span> <span class='ocrx_word' id='word_1_856' title='bbox 2309 5640 2484 5705; x_wconf 83' lang='lat' dir='ltr'><strong>eopier</strong></span> <span class='ocrx_word' id='word_1_857' title='bbox 2523 5655 2577 5690; x_wconf 80' lang='lat' dir='ltr'><strong>re</strong></span> <span class='ocrx_word' id='word_1_858' title='bbox 2607 5656 2706 5708; x_wconf 81' lang='lat' dir='ltr'><strong>que</strong></span> <span class='ocrx_word' id='word_1_859' title='bbox 2733 5639 2963 5692; x_wconf 77' lang='lat' dir='ltr'><strong>l’autenr</strong></span> <span class='ocrx_word' id='word_1_860' title='bbox 2984 5638 3199 5694; x_wconf 82' lang='lat' dir='ltr'><strong>dnSens</strong></span> <span class='ocrx_word' id='word_1_861' title='bbox 3240 5640 3442 5692; x_wconf 85' lang='lat' dir='ltr'><strong>litte’ral</strong></span> <span class='ocrx_word' id='word_1_862' title='bbox 3471 5651 3518 5692; x_wconf 90' lang='lat' dir='ltr'><strong>et</strong></span> <span class='ocrx_word' id='word_1_863' title='bbox 3554 5640 3623 5690; x_wconf 78' lang='lat' dir='ltr'><strong>du</strong></span> <span class='ocrx_word' id='word_1_864' title='bbox 3659 5654 3781 5692; x_wconf 76' lang='lat' dir='ltr'><strong>sens</strong></span> 
     </span>
    </p>
   </div>
   <div class='ocr_carea' id='block_1_60' title="bbox 503 5731 3781 5803">
    <p class='ocr_par' dir='ltr' id='par_1_60' title="bbox 503 5731 3781 5803">
     <span class='ocr_line' id='line_1_60' title="bbox 503 5731 3781 5803; baseline 0 -18"><span class='ocrx_word' id='word_1_865' title='bbox 503 5733 760 5803; x_wconf 73' lang='lat' dir='ltr'><strong>utystiqne</strong></span> <span class='ocrx_word' id='word_1_866' title='bbox 785 5733 875 5788; x_wconf 82' lang='lat' dir='ltr'><strong>des</strong></span> <span class='ocrx_word' id='word_1_867' title='bbox 904 5735 1100 5790; x_wconf 80' lang='lat' dir='ltr'><strong>saintes</strong></span> <span class='ocrx_word' id='word_1_868' title='bbox 1129 5732 1424 5801; x_wconf 81' lang='lat' dir='ltr'><strong>Ecritures,</strong></span> <span class='ocrx_word' id='word_1_869' title='bbox 1461 5732 1602 5788; x_wconf 77' lang='lat' dir='ltr'><strong>selon</strong></span> <span class='ocrx_word' id='word_1_870' title='bbox 1631 5732 1684 5785; x_wconf 84' lang='lat' dir='ltr'><strong>la</strong></span> <span class='ocrx_word' id='word_1_871' title='bbox 1716 5733 1951 5785; x_wconf 82' lang='lat' dir='ltr'><strong>doctrine</strong></span> <span class='ocrx_word' id='word_1_872' title='bbox 1981 5734 2070 5785; x_wconf 80' lang='lat' dir='ltr'><strong>(les</strong></span> <span class='ocrx_word' id='word_1_873' title='bbox 2101 5731 2275 5798; x_wconf 66' lang='lat' dir='ltr'><strong>Pet-es,</strong></span> <span class='ocrx_word' id='word_1_874' title='bbox 2311 5752 2340 5787; x_wconf 81' lang='grc' dir='ltr'><em>α</em></span> <span class='ocrx_word' id='word_1_875' title='bbox 2371 5736 2448 5788; x_wconf 85' lang='lat' dir='ltr'><strong>dit</strong></span> <span class='ocrx_word' id='word_1_876' title='bbox 2474 5751 2564 5788; x_wconf 71' lang='grc' dir='ltr'><strong>δαν</strong></span> <span class='ocrx_word' id='word_1_877' title='bbox 2587 5753 2644 5788; x_wconf 67' lang='lat' dir='ltr'><strong>ea</strong></span> <span class='ocrx_word' id='word_1_878' title='bbox 2669 5736 2825 5802; x_wconf 83' lang='lat' dir='ltr'><strong>sujet,</strong></span> <span class='ocrx_word' id='word_1_879' title='bbox 2859 5736 3069 5789; x_wconf 82' lang='lat' dir='ltr'><strong>dans&#39;le</strong></span> <span class='ocrx_word' id='word_1_880' title='bbox 3099 5738 3287 5790; x_wconf 81' lang='lat' dir='ltr'><strong>second</strong></span> <span class='ocrx_word' id='word_1_881' title='bbox 3325 5737 3561 5803; x_wconf 83' lang='lat' dir='ltr'><strong>elmpitre</strong></span> <span class='ocrx_word' id='word_1_882' title='bbox 3594 5735 3656 5786; x_wconf 84' lang='lat' dir='ltr'><strong>de</strong></span> <span class='ocrx_word' id='word_1_883' title='bbox 3684 5749 3781 5788; x_wconf 63' lang='lat' dir='ltr'><strong>itast</strong></span> 
     </span>
    </p>
   </div>
  </div>
