4134 6450
545 281 619 341 15
1765 284 1922 340 pnas
1931 284 2135 340 FATIO

2205 285 2268 338 ll)
2314 285 2478 341 TUM.
2533 287 2625 341 Ill.
3768 293 3837 349 16

1359 430 1601 488 ΒΟΜΊΝΙ
1640 431 1900 488 CA'ROLI
1935 431 2272 489 DELARUE
2311 430 2493 487 VlT/E
2535 432 3011 490 COMI’ENDIUM.

503 583 516 625 t
616 574 863 631 Corbeiae
894 575 1037 648 apud
1067 574 1363 631 Ambianos
1388 592 1436 630 Iv
1467 573 1587 630 Kal.
1628 575 1767 647 Aug.
1799 591 1892 631 an.
1927 575 2068 631 1685
2092 586 2254 631 natus
2284 574 2345 630 D.
2377 576 2612 631 Carolus
2646 575 2891 637 Delarue,
2917 575 3106 630 Meldis
3132 576 3451 633 adolescens
3499 576 3557 633 S.
3600 577 3834 637 Fat-onis

541 666 600 724 in
634 672 889 728 ctenobio
926 674 1189 728 solemnia
1232 673 1512 744 religionis
1557 682 1684 728 vota
1720 672 1835 727 Deo
1880 675 2218 742 tutucupavit
2269 689 2323 727 ιι
2358 671 2480 727 Kal.
2529 671 2656 729 Dec.
2691 690 2783 728 an.
2832 673 2989 727 I705.
3023 672 3149 728 lude
3194 673 3498 745 theologia,
3548 673 3832 731 llebraiciz

543 760 861 839 Grascisque
904 763 1101 819 litteris
1150 766 1459 821 institutum
1508 763 1569 820 Ι).
1606 762 1923 821 Bernardus
1968 765 2037 821 de
2080 764 2430 822 Montiaucon
2470 766 2553 819 vir
2583 767 2732 820 omni
2773 765 3097 819 eruditionis
3131 765 3289 822 laude
3334 766 3675 821 clarissimus
3724 767 3829 821 sub

542 851 705 907 linem
737 869 827 909 an.
862 854 1002 908 1712
1027 855 1354 925 discipulum
1385 855 1487 911 sibi
1522 855 1748 913 accivit.

613 946 863 1018 Origenis
895 947 1139 1020 Hexapla
1178 950 1379 1021 publici
1405 951 1551 1021 juris
1598 948 1831 1005 faciebat
1858 947 1925 1004 D.
1979 948 2291 1008 Bernartius
2334 951 2402 1006 de
2440 948 2792 1006 llontfaucon
2815 992 2830 1015 ,
2874 952 3117 1023 illudque
3152 952 3266 1007 fore
3304 953 3563 1007 censebat
3597 952 3829 1010 utilissi-

542 1028 694 1098 inum
734 1045 779 1099 si
808 1045 1016 1115 reliqua
1054 1046 1189 1100 tanti
1219 1038 1505 1116 scriptoris
1539 1061 1727 1117 Opera,
1760 1054 1871 1100 tam
1902 1044 1989 1101 illa
2022 1063 2258 1118 quorum
2286 1045 2483 1101 Latina
2513 1055 2723 1101 tantum
2766 1058 3017 1117 superest
3053 1048 3445 1118 interpretatio,
3485 1065 3650 1118 quam
3706 1067 3830 1120 quae

540 1136 725 1192 Graeca
756 1139 823 1192 a.l
852 1154 954 1193 nos
976 1151 1372 1209 pervenerunt,
1420 1141 1488 1196 ad
1530 1149 1774 1196 veterum
1813 1139 2317 1210 manuscriptorum
2352 1141 2513 1195 fidem
2551 1150 2957 1204 revocarentur,
2988 1141 3040 1194 in
3084 1157 3366 1210 unumque
3410 1158 3612 1211 corpus
3640 1144 3826 1199 omnis

538 1233 894 1286 convenirent
927 1251 940 1286 :
983 1234 1132 1303 quod
1180 1250 1280 1291 nec
1325 1235 1530 1291 factum
1580 1236 1650 1292 ab
1682 1235 1888 1291 ﬂuetio
1919 1237 2014 1308 qui
2050 1234 2262 1301 Grrecs,
2310 1253 2411 1290 nec
2441 1253 2472 1291 a
2524 1235 2754 1291 Merlino
2776 1237 3240 1306 Genebrardoque
3280 1238 3372 1306 qui
3407 1237 3621 1299 Latina,
3651 1254 3827 1309 eaque

530 1328 753 1384 mendis
781 1328 984 1399 ubique
1013 1332 1274 1386 sententia
1305 1332 1610 1386 ediderant.
1663 1332 1765 1388 Ast
1808 1333 1955 1400 aliis,
2008 1347 2109 1387 nec
2142 1331 2372 1386 minoris
2400 1330 2665 1387 momenti
2704 1342 2835 1387 tunc
2871 1330 3103 1401 negotiis
3134 1330 3432 1401 impeditus
3468 1332 3826 1390 doctissimus

538 1423 643 1489 vir,
672 1426 1011 1494 provinciam
1050 1428 1192 1483 hanc
1223 1428 1495 1498 discipulo
1527 1427 1843 1483 demandat.

552 1576 555 1581 .
610 1520 850 1578 Publica;
899 1502 1149 1579 utilitatis
1194 1524 1583 1593 promovenda:
1630 1523 1832 1593 cupido
1865 1523 2051 1579 animo
2087 1522 2319 1579 arduum
2353 1539 2493 1594 opus
2533 1522 2847 1592 aggreditur
2891 1516 2957 1576 D.
3010 1519 3243 1575 Carolus
3272 1516 3522 1587 Delarne,
3568 1538 3670 1578 nec
3701 1538 3823 1594 qua

541 1614 707 1684 vulgo
740 1624 1046 1684 sequuntur
1079 1614 1299 1670 fastidia
1330 1615 1619 1668 deterrent.
1656 1611 1748 1669 Sic
1778 1622 1924 1668 totus
1953 1613 2201 1669 incubuit
2231 1615 2283 1667 in
2311 1614 2624 1682 Origeuem,
2662 1625 2719 1667 ut
2747 1629 2894 1666 atnto
2930 1612 3066 1666 1725
3094 1613 3204 1665 duo
3225 1610 3461 1682 Operam
3492 1614 3613 1681 ejus
3644 1617 3822 1685 prima

536 1692 823 1775 :volumina
876 1706 1015 1778 typis
1061 1706 1422 1769 mandaverit,
1458 1720 1579 1775 qua:
1602 1703 1899 1773 plaudente
1924 1703 2060 1758 orbe
2086 1702 2359 1758 litterario
2384 1706 2436 1758 in
2462 1702 2649 1759 lucem
2682 1705 3006 1774 prodierunt
3036 1718 3183 1759 anno
3233 1705 3452 1759 ineunte
3486 1707 3645 1765 1733.
3680 1707 3823 1766 Inter

537 1811 766 1861 cancros
812 1800 1123 1855 laudatores
1165 1801 1246 1856 sic
1273 1800 1342 1854 de
1368 1799 1478 1854 illis
1522 1799 1866 1855 celeberrimi
1899 1799 2181 1856 societatis
2213 1797 2530 1855 εονὺοηίεω
2561 1801 2815 1855 doctores
2864 1801 2917 1854 in
2964 1801 3126 1869 epist.
3156 1801 3222 1854 ad
3262 1799 3377 1855 RR.
3410 1800 3514 1855 PP.
3546 1806 3819 1874 superior.

532 1912 723 1967 gener.
754 1896 927 1967 prior.
960 1907 1016 1951 et
1062 1895 1317 1950 monacb.
1347 1894 1408 1949 S.
1441 1893 1702 1951 Germani
1744 1909 1775 1947 a
1806 1892 2005 1957 Pratis,
2032 1895 2285 1965 impréss.
2323 1912 2416 1949 an.
2460 1892 2617 1958 1735,
2650 1910 2773 1965 pag.
2805 1893 2876 1948 ιο
2906 1912 2919 1947 :
2948 1893 3069 1948 Non
3110 1910 3280 1964 agre,
3327 1906 3381 1949 ut
3420 1912 3535 1965 spes
3580 1908 3693 1965 est,
3733 1900 3820 1953 ln-

530 1991 752 2071 guiunt,
783 2001 1020 2044 nostram
1042 1990 1553 2043 animadversionem
1575 1990 1706 2059 [cret
1733 1989 2126 2045 eruditissimus
2145 1990 2362 2057 (luteus,
2396 2001 2577 2059 utpote
2603 1993 2693 2061 qui
2717 2007 2819 2044 non
2843 1992 2912 2043 sit
2936 2001 2995 2044 ut
3018 1989 3150 2043 levia
3176 1991 3272 2044 illa
3288 1991 3521 2062 ingenia,
3551 2009 3671 2063 qua:
3695 1996 3823 2065 quia

515 2084 671 2149 .nibil
707 2085 934 2148 habent,
979 2083 1111 2138 nihil
1165 2084 1268 2137 sibi
1320 2084 1598 2138 detrahere
1638 2092 1882 2154 possunt.
1924 2087 2185 2139 Accurate
2221 2086 2373 2152 edit,
2425 2096 2673 2140 accurate
2711 2096 2857 2140 notat
2899 2087 3038 2155 quod
3094 2089 3383 2141 notandum
3433 2100 3549 2153 est;
3588 2106 3820 2160 novaque

539 2174 784 2245 Origeuis
826 2174 1002 2229 editio
1040 2191 1226 2246 magno
1257 2191 1462 2246 senqmr
1502 2176 1602 2230 erit
1643 2183 1953 2246 argumento
2014 2174 2188 2247 ipsum
2243 2192 2271 2229 e
2332 2179 2638 2249 promiscua
2687 2180 3116 2252 quotidianarum
3157 2180 3419 2236 editorum
3466 2184 3622 2237 turba
3652 2201 3820 2240 secer-

541 2270 768 2326 nendum
782 2313 796 2324 .

534 2440 541 2445 ο
612 2362 806 2435 Operis
838 2377 1060 2419 summo
1084 2362 1331 2434 pontiﬁci
1355 2360 1623 2418 Clementi
1654 2354 1749 2415 XII
1779 2356 2015 2418 dedicati
2042 2361 2446 2434 nuncupatoria
2487 2364 2718 2436 epistola
2762 2368 3109 2423 sanctissimo
3139 2367 3285 2424 Patri
3323 2371 3460 2425 adeo
3494 2372 3715 2443 placuit,
3759 2388 3820 2434 ut

528 2457 660 2539 eius
693 2455 1037 2511 bibliothecae
1069 2471 1272 2526 prmses
1314 2455 1721 2511 illustrissimus
1764 2453 1830 2511 D.
1864 2453 2269 2525 d’lngbembent
2301 2465 2430 2511 tunc
2452 2454 2778 2513 Theodosia:
2817 2460 3288 2531 archiepiscopus,
3327 2465 3487 2521 hodie
3524 2470 3817 2540 episcopus

536 2548 1104 2618 Carpentoractensis,
1131 2552 1205 2604 ita
1234 2550 1414 2604 amico
1442 2548 1787 2617 rescripserit
1817 2547 2028 2603 auctori
2064 2566 2078 2601 :
2115 2545 2241 2601 Man
2289 2549 2666 2603 (resorévérend
2700 2549 2851 2617 Pére,
2896 2550 3037 2621 j‘eus
3068 2554 3346 2610 t‘lronneur
3387 2559 3450 2611 de
3484 2560 3580 2613 tire
3603 2562 3636 2614 ὰ
3668 2574 3817 2617 notre

528 2644 692 2701 ,Saint
723 2643 856 2698 Pére
893 2644 942 2698 Ie
964 2642 1109 2714 Papa
1142 2652 1284 2698 rotre
1309 2644 1477 2714 épitre
1513 2644 1862 2709 dedicatoire,
1900 2642 1991 2699 des
2031 2662 2131 2716 que
2158 2645 2216 2715 je
2248 2645 2378 2699 l‘eus
2410 2660 2579 2707 recue.
2628 2643 2702 2699 Sa
2732 2644 2970 2699 Saintete
3011 2663 3073 2701 en
3112 2651 3345 2702 attendit
3372 2651 3432 2703 la
3463 2650 3659 2707 lecture
3695 2670 3818 2708 arce

518 2753 635 2811 sine
676 2736 940 2791 attention
971 2746 1019 2790 et
1054 2754 1153 2790 une
1178 2737 1513 2807 satisfaction
1539 2754 1636 2807 que
1665 2737 1725 2807 je
1766 2753 1831 2791 ne
1885 2737 2095 2791 saarois
2136 2753 2261 2791 eous
2278 2739 2539 2805 exprimer
2569 2752 2588 2791 .·
2617 2746 2667 2790 et
2705 2753 2768 2790 en
2816 2740 2978 2792 serite
3003 2739 3061 2807 je
3097 2756 3160 2793 ne
3207 2743 3361 2794 sar/te
3405 2756 3501 2811 pas
3542 2745 3619 2798 lui
3668 2747 3822 2801 mir

526 2829 731 2901 jamais
763 2831 874 2884 rien
906 2830 983 2895 lu,
1027 2831 1209 2901 depuis
1250 2848 1349 2901 que
1378 2831 1480 2901 j‘ui
1510 2831 1558 2885 le
1586 2830 1819 2886 bonheur
1845 2830 2007 2884 d‘étre
2037 2831 2070 2884 ὀ
2104 2847 2199 2883 son
2233 2831 2447 2896 service,
2475 2831 2565 2899 qui
2602 2829 2681 2883 lui
2718 2831 2794 2884 ait
2826 2832 2916 2900 plu
2945 2832 3257 2905 dacantage.
3309 2833 3445 2890 νου
3466 2852 3660 2905 pourcs
3682 2840 3818 2893 deus:

534 2920 813 2989 imprimer
839 2930 972 2975 cette
996 2920 1162 2990 epitre
1191 2922 1516 2976 dédicatoire
1535 2923 1884 2992 prlcisément
1908 2937 2106 2976 comme
2149 2936 2275 2976 caus
2324 2936 2404 2976 me
2441 2922 2602 2975 l‘ares
2630 2925 2871 2992 envoyee.
2914 2920 3082 2978 Notre
3115 2922 3174 2979 S.
3210 2924 3339 2980 Pére
3375 2927 3424 2981 le
3454 2926 3616 2997 Pape,
3647 2940 3697 2983 et
3734 2928 3815 2992 ιι,

524 3008 867 3068 “ιε.ε(ινιίὶηαι
894 3012 1130 3082 Quirini,
1170 3016 1202 3070 ὰ
1241 3016 1331 3087 qui
1357 3016 1415 3087 je
1458 3016 1552 3070 l‘ai
1594 3016 1741 3070 aussi
1769 3015 2156 3085 communiquét

2183 3056 2188 3078 ,
2215 3015 2400 3086 jugcnt
2438 3031 2535 3087 que
2572 3032 2698 3070 caus
2736 3032 2800 3069 ne
2839 3032 3034 3085 pouse:
3064 3033 3099 3087 ν
3139 3020 3355 3072 touclter
3395 3035 3519 3072 saris
3555 3023 3608 3072 la
3646 3022 3815 3090 aliter.

530 3107 571 3157 Ι
574 3110 648 3163 ‘ai
685 3106 968 3162 l‘ltoirnetir
1012 3107 1173 3163 d'étre
1209 3124 1330 3163 avec
1372 3109 1642 3179 beaucoup
1678 3109 1744 3163 de
1776 3107 2191 3175 consideration,
2231 3125 2351 3162 mon
2402 3106 2789 3163 tris-reterend
2816 3106 2969 3174 Pero,
2994 3115 3099 3162 etc.
3156 3109 3199 3160 Α
3236 3106 3398 3161 Rome
3421 3149 3438 3177 ,
3484 3111 3534 3163 Ie
3576 3110 3643 3166 l9
3698 3109 3814 3165 No-

531 3205 740 3259 vembre
766 3202 925 3260 1752.

516 3278 529 3299 ἑ
608 3296 790 3353 Priori
825 3296 1076 3370 Origenis
1108 3278 1385 3354 volumine
1412 3306 1655 3368 recepto,
1680 3314 1934 3356 summus
1967 3298 2206 3370 pontifex
2236 3314 2553 3371 expressam
2585 3298 2672 3355 sui
2704 3297 2889 3353 vultus
2923 3296 3219 3368 imaginem
3269 3296 3324 3350 in
3370 3295 3589 3353 duobus
3619 3298 3803 3353 numio

523 3390 807 3445 'smatibus
843 3405 909 3445 ex
942 3404 1080 3444 auro
1110 3400 1164 3444 et
1193 3401 1420 3460 argento
1452 3389 2098 3460 (honoriﬁcentissimam
2139 3392 2330 3461 gratia:
2357 3400 2411 3446 et
2443 3390 2834 3446 benevolentia
2869 3388 3088 3459 pignus)
3117 3387 3183 3441 ad
3212 3399 3490 3444 stic-torem
3522 3391 3695 3455 misit.
3720 3393 3814 3448 cui

518 3484 680 3540 illanc
706 3483 871 3537 simul
915 3484 1203 3552 epistolam
1243 3484 1588 3541 Sanctissimi
1623 3484 1799 3542 Patris
1844 3488 2064 3543 nomine
2109 3487 2330 3557 scripsit
2368 3485 2840 3541 eminentissimus
2884 3483 3180 3539 cardinalis
3220 3483 3413 3541 Firrao
3459 3503 3473 3539 :
3513 3487 3817 3541 Admodum

524 3579 810 3631 recmmle
855 3575 1035 3632 Pater.
1088 3578 1328 3633 Primum
1377 3577 1689 3649 Origeniani
1733 3580 1905 3650 operis
1937 3580 2180 3634 volumen
2208 3597 2239 3632 a
2271 3578 2606 3633 Paternitate
2635 3586 2727 3631 tua
2753 3577 2976 3630 nitidius
3011 3593 3075 3631 ac
3107 3577 3413 3647 diligentius
3442 3594 3599 3648 quam
3634 3588 3817 3643 antu,

511 3672 804 3744 nutritaque
821 3672 1430 3743 perfusum-eruditionis
1460 3673 1578 3729 luce
1611 3675 1909 3743 posteritati
1941 3676 2199 3728 traditum
2217 3671 2319 3727 SS.
2355 3671 2514 3725 Pater
2543 3681 2634 3723 tuo
2659 3670 2868 3724 nomine
2896 3670 2997 3724 sibi
3031 3680 3461 3738 reprasentatusu
3495 3669 3620 3724 lseta
3640 3674 3817 3739 [route

514 3773 733 3840 'accepit
784 3782 834 3824 et
874 3779 1097 3842 gratum
1133 3770 1364 3837 ltebuit;
1405 3781 1558 3825 ratus
1603 3773 1658 3825 in
1694 3773 1792 3825 hoc
1825 3771 2249 3841 ingeniosisslnw
2271 3807 2287 3833 ,
2325 3767 2415 3820 sed
2467 3766 2714 3835 antbiguo
2757 3776 2974 3820 auctore
3011 3766 3442 3835 interpretando,
3477 3767 3735 3819 nominent
3765 3776 3816 3818 ts

514 3863 695 3918 ‘latere
726 3864 1152 3932 voluisseillnm,
1202 3866 1496 3936 ubicmque
1519 3869 1797 3933 erraverit,
1828 3884 1946 3932 suo,
1981 3883 2085 3920 non
2122 3865 2401 3921 catholica:
2432 3863 2703 3933 religionis
2734 3863 2932 3916 damno
2959 3878 3203 3925 errasse;
3241 3863 3375 3916 nihil
3415 3862 3574 3916 simul
3608 3863 3663 3914 iu
3698 3860 3816 3930 ejus

510 3957 874 4012 'ennclcandis
913 3960 1181 4013 sententiis
1209 3960 1303 4013 tibi
1329 3961 1591 4015 excidisse
1611 3962 1754 4031 quod
1781 3960 2110 4014 sanctissimi
2150 3958 2386 4012 instituti
2419 3958 2576 4011 ταυτὶ
2611 3955 2890 4010 alumnum
2942 3971 3176 4025 certeque
3204 3956 3332 4023 fidei
3366 3964 3676 4009 sectatorem
3712 3971 3815 4008 nou

513 4050 734 4103 'deceat.
773 4038 1036 4114 Quocirca
1064 4051 1258 4105 donum
1288 4063 1434 4105 tuum
1467 4053 1523 4105 in
1549 4051 1884 4122 amplissima
1914 4050 2362 4119 selectissiumque
2392 4048 2706 4103 bibliotheca
2751 4063 2852 4101 sua
2889 4047 3059 4102 locari
3109 4047 3294 4112 voluit,
3327 4047 3561 4118 obsequii
3601 4063 3726 4117 erga
3757 4061 3817 4101 se

512 4142 616 4194 Ltui
677 4142 1049 4197 detrimentum
1074 4183 1090 4208 ,
1138 4159 1242 4213 quo
1286 4145 1563 4214 ponti/icio
1619 4143 1975 4199 benevolentia
2005 4182 2021 4207 ,
2053 4145 2099 4197 si
2151 4158 2214 4196 ea
2258 4142 2354 4195 tibi
2398 4144 2467 4195 sit
2518 4157 2682 4211 opus,
2720 4140 3016 4206 excitetur;
3053 4151 3105 4196 et
3136 4143 3365 4197 excitari
3388 4140 3687 4209 jucundum
3729 4142 3815 4197 illi

509 4234 754 4287 weidet.
786 4234 918 4291 Ηωσ
943 4248 1023 4290 me
1067 4237 1170 4290 tuis
1190 4236 1400 4291 litteris
1439 4238 1625 4292 addita
1656 4248 1881 4308 paterna
1909 4236 2263 4290 benedictione
2305 4236 2615 4304 respondere
2640 4235 2827 4305 jussit.
2872 4232 3040 4291 Velim
3068 4252 3183 4306 ego,
3222 4247 3278 4290 ut
3312 4251 3413 4306 quo
3450 4237 3576 4289 mihi
3608 4238 3714 4289 sint
3754 4237 3812 4290 ist

510 4328 723 4381 ‘ltoaorc
753 4329 844 4398 qui
869 4330 1032 4383 bonas
1065 4330 1249 4383 sedulo
1273 4330 1451 4383 studio
1476 4328 2097 4398 litteraspersequuntur
2126 4327 2336 4394 (Icarum
2374 4336 2547 4381 autem
2586 4344 2748 4382 unum
2780 4341 2831 4387 te
2857 4344 2973 4386 esse
2998 4328 3299 4402 gratulor),
3339 4341 3582 4396 expertus
3605 4328 3808 4387 discas.

516 4419 711 4479 Roma:
734 4439 809 4479 xtl
836 4422 966 4479 Kal.
994 4422 1127 4479 Non.
1159 4424 1317 4480 1733.
1346 4421 1612 4478 Paternit.
1644 4422 1844 4477 ltttB~tld
1870 4421 2052 4491 ofﬁcia
2081 4431 2323 4491 paratus,
2355 4429 2457 4475 etc.

510 4542 515 4555 ι
590 4516 881 4575 .Postrema
906 4521 1016 4575 duo
1040 4520 1292 4591 Origcnis
1316 4520 1594 4583 volumina
1613 4516 1839 4587 jamjam
1868 4517 2089 4571 ineume
2109 4530 2255 4571 anno
2282 4516 2418 4571 l756
2439 4529 2557 4572 erat
2588 4516 2753 4586 prazlo
2784 4515 3181 4570 commissurus
3213 4512 3273 4568 1).
3302 4513 3535 4570 Carolus
3556 4513 3811 4583 Delarue,

507 4608 586 4661 '«ni
611 4607 673 4663 D.
712 4608 975 4666 Vinocntii
1008 4608 1273 4667 Tbuillier
1300 4613 1524 4684 quicum
1559 4611 1630 4667 ab
1659 4608 1892 4665 solemni
1940 4617 2194 4662 votorum
2242 4610 2652 4677 nuncupatione
2688 4605 3025 4665 amicissime
3072 4622 3287 4676 semper
3314 4607 3542 4673 vixerat,
3588 4609 3807 4680 inopina

506 4704 1067 4763 3mortctuuc=fuisset
1087 4721 1117 4760 ι
1138 4707 1420 4777 proposito
1446 4706 1759 4762 deterritus.
1784 4704 1959 4760 Amici
1984 4703 2128 4759 enim
2155 4703 2427 4759 desiderio
2454 4719 2714 4769 manens,
2743 4712 2853 4757 tam
2883 4702 3239 4758 acerbissimo
3260 4706 3719 4775 contabuitluclu,
3751 4718 3812 4763 ut

515 4799 773 4854 «thoracis
798 4798 1153 4855 distillatione
1176 4815 1328 4870 pene
1355 4800 1471 4870 ipse
1490 4798 1864 4860 exanimatus,
1887 4812 1951 4851 ea
1984 4797 2100 4866 lege
2133 4795 2306 4851 fatum
2333 4796 2588 4869 effugisse
2616 4796 2914 4859 videretur,
2948 4806 3006 4850 ut
3032 4796 3197 4850 vitam
3226 4812 3348 4850 cum
3379 4797 3640 4867 languore
3687 4817 3810 4871 per-

502 4899 694 4960 vpctuo
722 4901 1103 4948 commutaret.
1149 4895 1305 4961 Quod
1348 4902 1530 4948 tamen
1563 4891 1901 4948 imminentis
1927 4892 2114 4946 obitus
2148 4891 2517 4961 prtcnuntium
2544 4891 2829 4960 judicans,
2856 4900 3062 4961 quanto
3088 4892 3261 4961 magis
3298 4890 3527 4962 languor
3559 4898 3811 4963 ingrmec

502 4987 735 5055 scebat,
758 4996 912 5044 tanto
944 4990 1118 5059 magis
1143 5005 1205 5044 ea
1230 5004 1352 5059 quae
1372 4985 2038 5058 conceperatfoveratque
2056 4985 2385 5041 Christianae
2411 4985 2628 5056 pictatis
2659 4985 2891 5047 semina.
2924 4985 3210 5056 religiosus
3232 4985 3503 5056 adaugere
3531 4987 3807 5042 studebat.

500 5077 750 5135 =tnterim
784 5092 966 5138 tamen
995 5084 1145 5155 quod
1173 5083 1377 5151 vigoris
1409 5082 1600 5139 deerat
1642 5081 1816 5137 animi
1857 5082 2117 5137 ﬁrmitate
2164 5082 2449 5152 supplens,
2486 5083 2705 5136 tertium
2738 5078 2988 5151 Origenis
3018 5082 3275 5137 volumen
3308 5083 3449 5151 typis
3479 5099 3625 5137 anno
3670 5083 3810 5138 “'37

498 5174 845 5229 .maulatum
879 5173 992 5243 jam
1014 5191 1162 5245 pene
1188 5174 1256 5229 ad
1292 5173 1460 5230 tinem
1500 5173 1849 5243 perduxerat,
1879 5188 2005 5227 cum
2036 5173 2224 5244 lingua
2258 5172 2439 5227 subito
2472 5172 2793 5239 immobilis,
2837 5172 3138 5243 dextraque
3179 5174 3430 5241 corporis
3475 5182 3629 5242 parte
3661 5175 3811 5229 onmi

500 5280 693 5326 .scnsu
724 5279 985 5337 motuque
1011 5283 1228 5336 expers,
1265 5267 1453 5337 paucis
1478 5266 1675 5322 diebus
1702 5265 2014 5335 exstinctus
2044 5278 2147 5321 est.
2190 5264 2339 5321 Obiit
2374 5264 2601 5320 Lutetiae
2625 5263 2967 5321 Parisiorum
3002 5265 3057 5319 in
3086 5263 3426 5319 monasterio
3452 5262 3513 5317 S.
3547 5262 3809 5317 Germani

502 5374 560 5412 ,ι
594 5357 771 5416 Pratis
803 5361 943 5431 prid.
974 5358 1117 5415 Non.
1141 5357 1362 5413 Octobr.
1397 5373 1489 5411 an.
1520 5357 1678 5414 1759.
1718 5355 1870 5411 Vixit
1895 5373 2073 5413 annos
2100 5356 2194 5424 54,
2221 5373 2439 5414 menses
2470 5358 2526 5423 2,
2560 5358 2677 5413 dies
2707 5355 2757 5411 7.

498 5470 507 5481 -
598 5452 724 5506 Fuit
754 5452 818 5508 D.
848 5453 1081 5508 Carolus
1105 5452 1332 5511 Dclarue
1361 5450 1726 5515 amantissimi
1754 5450 2127 5522 elegantisque
2157 5452 2447 5518 sermonis,
2472 5463 2694 5522 apertus
2722 5461 2778 5507 et
2807 5450 3062 5521 simplex,
3088 5450 3228 5505 fidus
3248 5447 3483 5505 amicus.
3512 5445 3811 5503 familiares

498 5545 652 5615 .plns
683 5546 915 5614 diligens
942 5559 1109 5615 quam
1135 5544 1343 5612 colens,
1376 5560 1593 5615 semper
1625 5544 1695 5598 ad
1729 5543 2133 5601 inserviendum
2172 5526 2416 5614 paratus.
2463 5542 2680 5599 Judicio
2728 5554 2781 5599 et
2810 5545 3015 5599 eximio
3043 5554 3094 5597 ct
3127 5544 3241 5597 arri
3281 5544 3570 5599 aet-edebat
3621 5551 3809 5613 vegeta

428 5634 432 5637 ‘
506 5637 726 5691 excelsi
770 5636 974 5707 ingenii
1014 5636 1118 5701 vis,
1170 5634 1403 5692 facilitas
1453 5635 1836 5705 Splendorque.
1866 5632 2125 5690 Pluribus
2158 5645 2285 5689 ante
2324 5648 2553 5690 mortem
2581 5634 2743 5690 annis
2772 5635 3160 5705 gravissimum
3195 5635 3341 5689 aliud
3375 5652 3438 5689 ac
3470 5634 3698 5706 permile
3731 5630 3807 5685 De

525 5729 941 5799 antiquitatibus
983 5729 1354 5789 ecclesiasticis
1381 5729 1587 5789 Gallice
1612 5729 2075 5788 conscribendum
2109 5743 2248 5806 opus
2293 5731 2588 5787 meditatus
2624 5732 2806 5785 luerat
2835 5729 3082 5786 eruditus
3112 5731 3209 5794 vir,
3234 5730 3459 5801 jamque
3496 5745 3603 5783 non
3633 5741 3807 5802 pauca
