4134 6518
401 415 470 470 ει

1508 404 1941 464 FRAGMENTA:
1978 403 2045 458 ΙΝ
2082 399 2495 458 PROV'ERBIA.
3602 396 3668 451 2‘5

404 533 588 596 ϐολαῖς
626 532 657 586 ό
709 527 915 602 Ἰησοῦς
945 524 1120 594 λαλεῖ,
1163 525 1258 581 καὶ
1299 528 1470 600 χωρὶς
1501 527 1821 599 παραϐολῆς
1843 525 1973 579 οὐδὲτ

2097 531 2151 578 et
2176 521 2296 576 sine
2329 517 2589 591 parabola
2616 515 2752 572 nihil
2786 516 2867 573 eis
2897 515 3049 573 dicit.
3079 512 3233 583 Quod
3267 509 3561 583 etiamnum
3595 516 3673 568 fa-

401 625 586 687 αὐτοῖς
633 621 814 675 λαλεῖ·
860 619 890 673 ὄ
913 619 1010 672 καὶ
1048 617 1211 690 μέχρι
1242 619 1344 689 τῆς
1378 617 1538 690 δεῦρο
1575 620 1748 671 ποιεῖ·
1797 619 1845 671 οἱ
1878 615 1987 689 γὰρ

400 714 548 785 ὄχλοι
568 714 629 766 οὑ
676 710 914 784 χωροῦσι
954 708 1279 781 παραϐολῶν
1310 708 1627 780 ἑρμηνείαν.
1660 708 1905 780 Πρόσχες
1929 708 1988 762 δὲ

402 805 497 860 καὶ
519 803 598 875 τῷ
623 839 640 866 ,
673 802 873 872 Ἀφείς
900 800 1042 867 τοὺς
1082 800 1309 870 ὄχλους
1332 798 1625 869 εἰσῆλθεν
1644 801 1732 866 εἰς
1753 797 1869 867 τὴν
1899 801 1985 852 οι-

402 894 545 948 κίαν
570 889 757 946 αὐτοῦ
775 928 798 955 ,
819 889 961 943 πάνυ
986 886 1222 951 συνετῶς
1245 885 1876 958 ἀναγεγῳμμένῳοέπεϊ
1909 884 1985 955 μὴ

401 976 513 1035 οἶόν
553 997 612 1033 τε
641 975 709 1050 ἦν
733 981 856 1043 τοὺς
887 977 1077 1049 ὄχλους
1096 975 1246 1048 αὐτῷ
1293 975 1589 1040 συνελθεῖν,
1624 972 1760 1028 ἀλλὰ
1794 973 1987 1044 μόνους

401 1072 529 1135 τοὺς
572 1070 928 1142 διαφέροντας
976 1066 1127 1140 παρὰ
1175 1066 1302 1131 τοὺς
1354 1064 1566 1137 ὄχλους,
1612 1064 1808 1127 οῖτινες
1844 1058 1988 1133 ἦσαν

405 1160 644 1232 μαθηταὶ
669 1158 854 1225 αὑτοῦ,
893 1158 988 1213 καὶ
1014 1157 1303 1227 δυνάμενοι
1328 1154 1645 1227 παρρησίαν
1678 1152 1822 1224 ἐχειν
1849 1152 1986 1221 πρὸς

399 1251 463 1305 τὺ
487 1250 747 1305 εἰσελθεῖν
777 1251 858 1315 εἰς
883 1249 981 1320 τὴν
1003 1248 1178 1303 οἰκίαν
1202 1246 1297 1300 τοῦ
1341 1246 1538 1318 Ἰησοῦ.
1587 1246 1753 1311 Ἐκεῖ,
1784 1245 1882 1315 οὐχ
1909 1242 1986 1307 ῶς

401 1343 450 1395 οἰ
498 1342 650 1406 ὄντες
692 1340 816 1407 ἐξω,
867 1338 1003 1394 ἀλλὰ
1047 1338 1397 1410 χωρήσαντες
1442 1336 1505 1391 aii
1550 1336 1804 1406 γενέσθαι
1852 1334 1985 1398 ἔσω,

402 1430 789 1502 προσελθόντες
832 1428 909 1501 τῷ
955 1428 1281 1499 διδασκάλῳ,
1326 1427 1422 1481 τδν
1465 1425 1575 1481 ἔσω
1606 1425 1743 1479 .νοῦν
1771 1424 1985 1488 ἀξιοῦσι

401 1521 511 1576 τῶν
543 1519 869 1593 παραϐολῶν
905 1517 1115 1590 μαθεῖν.
1153 1519 1263 1573 Καὶ
1299 1518 1529 1590 ἐπείπερ
1561 1515 1848 1590 ἐχώρησαν
1881 1516 1981 1569 αὑ-

400 1613 478 1684 τῷ
505 1610 867 1682 ἀκολουθῆσαι
883 1611 1101 1665 εἰσιόντι
1121 1611 1203 1674 εἰς
1219 1609 1317 1680 τὴν
1337 1610 1537 1673 οἰκίαν,
1564 1609 1651 1663 διὰ
1672 1608 1830 1661 τοῦτο
1850 1608 1984 1662 ἀπο·

402 1703 609 1776 κριθεὶς
634 1704 770 1775 πρὸς
796 1704 893 1773 τὸ,
926 1700 1165 1771 Φράσον
1191 1700 1336 1770 ἡμῖν
1365 1699 1480 1768 τὴν
1503 1698 1874 1768 παραϐολεῆν,
1905 1692 1983 1751 εῖ-

402 1814 502 1849 πεν
538 1794 574 1849 ἃ
605 1791 778 1848 εἶπενι
812 1790 891 1849 Οὐ
936 1792 1095 1864 μόνον
1136 1791 1194 1844 δὲ
1226 1790 1505 1861 ἐξέρχεται
1533 1789 1634 1859 τῆς
1668 1788 1845 1851 οἰκίας
1883 1786 1981 1844 αὑ-

400 1891 493 1945 τοῦ
535 1892 564 1944 ὁ
607 1887 839 1962 Ἰησοῦς,
889 1887 976 1942 ῖνα
1015 1888 1125 1950 τοῖς
1157 1883 1262 1949 ἔξω
1296 1883 1401 1951 ἔξω
1443 1883 1734 1953 γενόμενος
1775 1879 1980 1952 λαλήσῃ
2015 1864 2056 1919 Β

400 1983 500 2046 τὰς
521 1978 869 2051 παραϐολὰς,
913 1977 1049 2033 ἀλλὰ
1085 1976 1180 2031 καί⁹
1217 1975 1367 2047 παρὰ
1394 1973 1796 2046 τὴννθάλασσαν
1840 1968 1977 2024 καθ-

399 2071 592 2133 ίζεται,
608 2069 1009 2139 αἰνισσόμενος,
1036 2069 1117 2122 ὅτι
1145 2071 1194 2123 οἱ
1226 2067 1373 2139 ὄχλοι
1407 2068 1502 2120 καὶ
1531 2068 1580 2120 οἱ
1625 2064 1730 2130 ἔξω
1751 2063 1859 2117 τῶν
1886 2063 1989 2134 τῆς

400 2160 674 2232 Θαλάσσης
714 2159 994 2230 κυμάτων,
1032 2160 1127 2213 κα)⁸
1162 2159 1255 2213 τοῦ
1284 2156 1528 2230 ἁλμυροῦ
1561 2156 1749 2219 ὓδατος
1791 2154 1980 2225 αὐτῆς,

397 2250 498 2304 οὐκ
540 2251 647 2305 εἰσ)⁴
700 2250 937 2321 μακράν.
993 2249 1310 2322 Παρατήρει
1349 2248 1426 2314 δέ,
1471 2249 1553 2301 ὅτι
1587 2246 1723 2319 πρδς
1754 2244 1854 2318 μὲν
1891 2244 1995 2298 τὸνο

398 2339 678 2405 ἐξελθόντα
699 2341 799 2412 τῆς
822 2339 1001 2403 οἰκίας
1027 2339 1121 2392 καὶ
1147 2337 1457 2409 καθήμενον
1483 2335 1635 2408 παρὰ
1672 2333 1770 2406 τὴν
1793 2332 1995 2388 θάλασ-

401 2446 496 2484 σαν
551 2430 769 2503 Ἰησοῦν
818 2428 1162 2500 συνήχθησαν
1224 2425 1371 2498 ὄχλοι
1416 2425 1644 2480 πολλοί·Δ
1675 2425 1775 2479 οὐκ
1800 2423 1880 2477 ἔτι
1923 2421 1982 2475 δέ

394 2520 542 2591 ὄχλοι
588 2520 790 2587 πολλοὶ,
837 2520 952 2575 ἀλλ’
1002 2522 1059 2574 οἱ
1107 2518 1214 2590 τὴν
1255 2517 1447 2589 στενὴν
1486 2517 1582 2572 καὶ
1616 2513 1982 2587 τεθλιμμένην

393 2612 670 2677 ὁδεύοντες
697 2613 865 2679 ὀλίγοι
887 2651 902 2677 ,
930 2612 1025 2666 καί
1053 2612 1401 2684 εὑρίσκοντες
1429 2608 1530 2680 τὴν
1562 2607 1873 2676 ἐπάγουσαν
1900 2605 1988 2670 εἰς

388 2702 491 2771 τὴν
528 2700 673 2770 ζωὴν
715 2701 832 2754 όδὺν
877 2700 1119 2773 μαθηταὶ
1158 2698 1498 2770 εἰσέρχονται
1538 2696 1674 2767 πρὸς
1712 2695 1873 2750 αὐτὸν
1902 2695 1982 2759 εἰς

387 2794 487 2861 τῆν
512 2793 710 2846 οἰκίαν.
743 2792 902 2861 Λόγῳ
930 2790 1110 2844 τοίνυν
1135 2789 1195 2843 τὸ
1235 2788 1443 2860 πρέπον
1470 2786 1812 2857 εὐαγγελικῷ
1841 2786 1981 2843 κατά

392 2878 622 2950 δύναμιν
658 2879 948 2946 ἐξετάζων,
982 2877 1078 2931 καὶ
1102 2876 1181 2948 τῷ
1204 2877 1300 2930 τοῦ
1346 2875 1519 2949 Ἰησοῦ
1550 2874 1855 2946 βουλήματι
1876 2876 1978 2946 ἐμ-

394 2967 591 3032 ϐάντος
637 2970 717 3032 εἰς
749 2967 829 3043 τδη
856 2966 1062 3034 πλοῖον,
1110 2974 1207 3021 καὶ
1242 2966 1494 3036 λέγοντος
1528 2967 1692 3019 παντὶ
1731 2965 1809 3037 τῷ
1836 2965 1978 3037 ὄχλῳ

391 3059 472 3131 τῷ
505 3058 657 3131 παρὰ
685 3059 775 3112 τὸν
801 3058 1049 3127 αἰγιαλὸν
1083 3060 1140 3113 ἐν
1174 3057 1533 3130 παραϐολαῖς,
1569 3057 1734 3129 φημὶ,
1767 3057 1976 3129 μήποτε

2088 615 2186 669 cit.
2223 611 2358 668 Nam
2389 611 2563 669 turba:
2593 624 2702 664 non
2735 608 2961 680 capiunt
2994 606 3374 679 parabolarum
3407 606 3673 685 interpre-

2092 706 2377 760 tationem.
2401 702 2633 759 Attende
2654 711 2836 757 autem
2861 710 2913 757 et
2937 701 3081 757 hoc:
3110 698 3358 754 Dimissis
3387 699 3553 753 turbis
3588 713 3671 752 m-

2091 812 2303 869 grsssus
2349 803 2426 849 est
2473 794 2529 847 in
2577 793 2790 847 domum
2839 808 3012 859 suam,
3059 790 3203 862 quod
3238 790 3372 845 scite
3407 789 3666 859 scriptum

2087 897 2173 944 est
2214 905 2229 942 :
2272 901 2396 941 nam
2438 885 2613 939 turba:
2642 899 2749 938 non
2779 890 3029 955 poterant
3058 897 3181 938 cum
3211 881 3303 935 illo
3324 880 3547 944 intrare,
3572 881 3665 935 sed

2085 978 2165 1035 illi
2212 988 2422 1033 tantum
2456 978 2552 1049 qui
2598 974 2773 1032 turbis
2802 955 3227 1046 ‘prtestantiores
3268 982 3445 1039 erant,
3474 986 3669 1042 nempe

2087 1068 2346 1138 discipuli
2364 1068 2509 1138 ejus,
2536 1068 2740 1138 quibus
2761 1064 2954 1122 ﬁducia
2976 1075 3031 1120 et
3054 1064 3276 1119 libertas
3296 1074 3412 1119 erat
3428 1062 3676 1117 intrandi

2084 1160 2143 1216 in
2175 1160 2403 1216 domum
2437 1157 2589 1215 Jesu.
2613 1156 2716 1226 lbi,
2744 1172 2854 1213 non
2884 1166 3144 1226 tanquam
3172 1154 3208 1210 ii
3231 1154 3325 1226 qui
3360 1153 3493 1210 iuris
3512 1164 3678 1217 sunt,

2086 1252 2182 1308 sed
2224 1261 2484 1323 tanquam
2514 1253 2608 1324 qui
2638 1251 2784 1306 intro
2816 1264 2938 1307 esse
2964 1249 3210 1317 valeant,
3253 1247 3569 1303 accedentes
3595 1247 3674 1300 ad.
3727 1304 3731 1307 _

2084 1352 2497 1415 praeceptorem,
2525 1342 2836 1399 interiorem
2869 1340 3250 1412 parabolarum
3285 1352 3502 1393 sensum
3527 1336 3662 1390 edo-

2084 1436 2197 1492 ceri
2224 1435 2528 1505 postulant.
2566 1432 2633 1488 Et
2656 1433 2915 1504 quoniam
2952 1432 3128 1502 ipsum
3161 1430 3215 1485 in
3244 1430 3468 1485 domum
3502 1443 3661 1504 suam

2086 1523 2379 1579 intrantem
2409 1521 2567 1592 sequi
2596 1522 2877 1588 valebant,
2918 1529 3206 1591 propterea
3232 1516 3566 1587 respondens
3594 1515 3661 1570 ad

2084 1616 2217 1673 illud
2252 1634 2280 1672 :.
2305 1614 2552 1669 Edissere
2577 1613 2726 1668 nobis
2748 1610 3078 1683 parabolam,
3109 1608 3324 1666 dixitea
3354 1622 3476 1679 qua:
3505 1607 3658 1661 dixit.

2082 1706 2200 1763 Non
2217 1707 2391 1763 solum
2410 1715 2588 1761 autem
2605 1702 2877 1774 egreditur
2889 1718 2918 1758 e
2931 1703 3094 1757 domo
3109 1717 3205 1757 sua
3218 1699 3399 1766 Jesus,
3415 1709 3472 1753 ut
3486 1715 3549 1753 ex
3560 1707 3663 1752 tra-

2085 1799 2201 1855 neis
2225 1806 2517 1854 extraneas
2541 1795 2714 1851 factus
2732 1795 2982 1865 loquatur
3000 1794 3304 1864 parabolas,
3328 1790 3483 1847 sedet
3501 1806 3663 1846 secus

2088 1904 2237 1946 mare
2263 1887 2531 1950 considet,
2555 1888 2788 1941 innuens
2816 1885 3003 1939 turbas
3028 1893 3082 1940 et
3107 1899 3203 1939 eos
3225 1883 3317 1953 qui
3344 1882 3479 1937 foris
3507 1891 3663 1943 sunt,

2085 1994 2117 2034 a
2164 1977 2419 2033 ﬂuctibus
2464 1975 2633 2030 maris
2663 1983 2717 2029 et
2763 1972 2910 2028 illius
2958 1988 3099 2042 aqua
3131 1972 3276 2027 salsa
3311 1987 3419 2026 non
3471 1972 3665 2042 procul

2085 2069 2309 2125 distare.
2358 2065 2601 2122 Observa
2631 2072 2809 2120 autem
2846 2061 2911 2117 ad
2961 2061 3147 2116 Jesum
3179 2062 3342 2116 domo
3375 2060 3659 2131 egredien-

2086 2170 2193 2214 tem
2232 2167 2295 2214 et
2331 2156 2609 2214 sedentem
2642 2170 2800 2210 secus
2832 2167 2983 2207 mare
3013 2149 3275 2221 plurimas
3309 2151 3496 2205 turbas
3523 2165 3655 2204 cou-

2085 2249 2330 2304 lluxisse.
2360 2246 2713 2318 Nequaquam
2742 2254 2923 2299 autem
2946 2243 3117 2297 turbas
3140 2242 3345 2305 multae,
3372 2238 3466 2295 sed
3497 2241 3661 2309 pauci

2084 2338 2336 2410 discipuli
2369 2337 2462 2409 qui
2513 2346 2717 2392 arctam
2766 2349 3128 2405 asperamque
3168 2332 3312 2386 viam
3353 2332 3653 2396 ambulant,

2082 2439 2138 2486 et
2166 2430 2451 2501 reperiunt.
2467 2428 2714 2486 semitam
2770 2440 2892 2497 qua:
2912 2424 3059 2480 ducit
3079 2423 3144 2477 ad
3174 2423 3361 2490 vitam,
3382 2422 3447 2477 ad
3476 2421 3656 2492 ipsum

2083 2522 2141 2576 in
2172 2522 2393 2578 domum
2431 2520 2559 2590 ejus
2593 2519 2822 2573 intrant.
2860 2515 3146 2586 inquirens
3183 2514 3349 2585 igitur
3376 2528 3476 2584 pro
3510 2512 3656 2567 virili

2082 2611 2348 2667 rationem
2390 2610 2801 2665 convenientem
2838 2607 3148 2676 evangelico
3179 2605 3418 2660 sermoni
3452 2619 3518 2658 ac
3559 2619 3658 2657 vo-

2080 2702 2277 2759 luntati
2321 2700 2448 2756 Jesu
2496 2702 2551 2755 in
2584 2712 2775 2754 navem
2824 2695 3201 2767 iugredieutis,
3248 2693 3660 2767 Aatqueuni-

2078 2810 2250 2852 versas
2294 2795 2465 2851 turbae
2504 2793 2670 2863 juxta
2713 2789 2867 2845 littus
2918 2789 2971 2843 in
3018 2787 3307 2858 parabolis
3341 2787 3653 2856 loquentis,

2078 2888 2221 2955 dico,
2267 2884 2495 2942 forsitan
2536 2883 2763 2939 verbum
2815 2881 2961 2952 quod
3008 2879 3388 2949 super-turbis
3435 2880 3656 2935 llrmum

2079 2995 2188 3035 non
2222 2985 2329 3043 est,
2361 2989 2461 3031 nec
2490 2980 2620 3040 stat,
2648 2974 2743 3028 sed
2772 2972 2826 3026 in
2861 2970 3005 3025 unda
3045 2969 3213 3024 maris
3241 2976 3348 3034 est,
3390 2968 3536 3038 loqui
3560 2984 3657 3022 ve-

2078 3080 2225 3127 ctum
2254 3082 2319 3124 eo
2349 3063 2521 3137 quod,
2548 3071 2814 3134 quantum
2855 3061 2971 3116 ﬁeri
3002 3067 3198 3129 potest,
3234 3057 3437 3112 tirmari
3477 3066 3655 3128 potest

390 3153 420 3203 ό
443 3150 600 3220 λόγος
634 3151 747 3213 τοῖς
773 3148 950 3219 ὄχλοις
983 3149 1043 3202 οὐ
1086 3146 1362 3220 βεϐηκὼς,
1396 3148 1518 3201 οὐδὲ
1548 3147 1741 3211 ἑστὼς,
1770 3146 1884 3199 ἀλλ’
1918 3148 1973 3201 ἐν

2079 3163 2134 3216 in
2161 3175 2301 3230 aqua
2328 3175 2341 3213 :
2374 3155 2521 3228 quod
2552 3151 2774 3225 quidem
2798 3159 3026 3206 vocatur
3048 3149 3349 3219 navigium.
3384 3145 3462 3201 Ne
3489 3148 3653 3203 mire-
3706 3207 3711 3213 ,

389 3240 544 3295 ὕδατι
577 3240 851 3311 θαλάσσης
882 3239 1188 3310 τυγχάνων,
1221 3238 1373 3292 λαλεῖ
1401 3239 1693 3309 ὀχούμενος
1732 3236 1825 3290 ἐπὶ
1851 3236 1966 3300 τοῦ,

386 3334 465 3398 ὼς
501 3326 612 3386 οἷόν
650 3349 710 3385 τε
751 3329 890 3395 ἐστὶ,
942 3330 1237 3402 δυναμένου
1268 3328 1574 3402 βεϐηκέναι
1608 3329 1700 3382 ἐπὶ
1744 3327 1964 3391 ὓδατος⁸

386 3424 524 3495 ὅπερ
558 3423 738 3477 πλοῖον
770 3423 1004 3494 εἴρηται.
1031 3423 1121 3494 Μὴ
1146 3422 1433 3493 θαυμάσῃς
1458 3421 1537 3486 δὲ,
1572 3423 1621 3473 εἰ
1644 3420 1714 3474 τὰ
1742 3419 1970 3474 τοιαῦτα

385 3517 630 3589 νοήματα
661 3516 987 3589 ὡραιὸτερον
1019 3518 1340 3589 ἐνήνεκται,
1365 3516 1440 3581 ὡς
1485 3515 1551 3570 ἂν
1597 3516 1689 3570 τὸν
1728 3515 1831 3582 ἔξω
1875 3515 1969 3568 καὶ

384 3609 477 3664 τὸν
502 3609 655 3680 ὄχλον
691 3608 767 3681 μὴ
806 3609 1045 3681 νομίσαι,
1090 3609 1225 3681 μηδέ
1256 3608 1379 3662 νοῦν
1409 3625 1528 3663 τινα
1562 3605 1700 3664 εἶναι
1733 3626 1970 3680 κεκρυμ-

389 3699 550 3771 μένον
602 3700 697 3754 καὶ
744 3699 998 3779 ἐχόμενον
1047 3699 1259 3769 πυκνῆς
1306 3699 1714 3772 γλαφυρότητος
1762 3698 1854 3754 τὸν
1897 3702 1964 3770 τῇ

384 3789 709 3861 εὐαγγελικῇ
763 3788 1000 3844 διαθέσει
1051 3789 1444 3860 ἀποκείμενον·
1502 3789 1596 3842 καὶ
1625 3787 1733 3861 γὰρ
1769 3782 1846 3860 ἦν
1868 3787 1967 3859 τῆς

381 3879 770 3952 οἰκονομούσης
783 3879 1003 3952 χάριτος
1029 3878 1120 3933 τδν
1138 3878 1233 3932 τοῦ
1255 3878 1390 3933 Θεοῦ
1416 3879 1597 3948 λόγον,
1629 3878 1805 3950 ἔργον.
1824 3877 1966 3946 Ἐγὼ

380 3972 440 4025 δὲ
473 3973 567 4025 καὶ
608 3973 704 4038 τὸ,
736 3972 1179 4040 Προσελθόντες
1210 3973 1264 4026 οἰ
1289 3972 1546 4040 μαθηταί
1578 3967 1753 4025 εἶπον
1782 3969 1960 4036 αὐτῷ’

380 4062 487 4116 Διὰ
534 4061 590 4115 τί
647 4060 718 4113 ὲν
755 4062 1125 4128 παραϐολαῖς
1180 4061 1392 4127 ,λαλεῖς
1441 4060 1687 4127 αὐτοῖς;
1723 4060 1819 4113 καὶ
1866 4060 1959 4127 τὸ,

395 4148 595 4219 Ἀφείς
623 4150 764 4218 τοὺς
789 4151 1012 4220 ὄχλους
1040 4148 1227 4223 ἦλθεν
1251 4154 1339 4220 εἰς
1368 4151 1488 4221 τὴν
1511 4152 1710 4206 οἰκίαν
1741 4150 1956 4206 αὐτοῦ’

382 4240 479 4294 καί
508 4241 860 4311 προσῆλθον
880 4241 1042 4309 αὐτῷ
1074 4244 1128 4297 οὶ
1153 4244 1408 4312 μαθηταί
1440 4242 1626 4298 αὐτοῦ
1645 4242 1958 4313 λέγοντες-ο

377 4330 622 4400 Φράσον
666 4332 809 4402 ἡμῖν
851 4332 967 4401 τὴν
1000 4333 1371 4403 παραϐολὴν,
1417 4334 1709 4407 βαθύτερον
1740 4336 1959 4391 ἀκούειν

379 4422 678 4494 πειρῶμαι.
712 4423 823 4476 ’Λεὶ
849 4423 958 4495 γὰρ
984 4424 1036 4477 οἰ
1070 4422 1172 4496 μὲν
1194 4423 1362 4495 ὄχλοι,
1399 4425 1496 4478 ἐὰν
1517 4425 1755 4479 ἀκούωσι
1782 4443 1960 4499 παρα-

2074 3253 2356 3317 risautem
2382 3247 2526 3319 quod
2560 3242 2829 3316 ejusmodi
2871 3242 3155 3299 sententiae
3181 3238 3477 3295 sublimius
3512 3237 3651 3294 infe-

2060 3344 2288 3409 runtur,
2326 3356 2395 3396 ne
2418 3348 2712 3396 extraneas
2743 3345 2797 3391 et
2841 3332 3322 3389 turba-arbitretur
3354 3333 3456 3387 sub
3485 3348 3653 3386 evan-

2071 3434 2239 3505 gelica
2284 3428 2630 3502 expositione
2676 3426 2883 3481 nullum
2925 3439 3047 3480 esse
3096 3416 3318 3480 sensum
3354 3423 3647 3479 abscondi-

2070 3539 2184 3583 tum
2228 3535 2282 3582 et
2329 3523 2427 3593 qui
2471 3518 2740 3592 frequenti
2780 3516 3044 3573 varietate
3074 3517 3321 3573 delectet.
3356 3514 3474 3571 Hoc
3499 3516 3642 3571 enim

2068 3626 2189 3675 erat
2214 3614 2401 3688 gratim
2432 3612 2527 3669 Dei
2557 3611 2782 3668 verbum
2810 3612 3182 3682 dispensantis
3221 3625 3379 3681 opus.
3415 3607 3527 3679 Ego
3548 3625 3646 3664 au-

2070 3719 2176 3766 tem
2222 3707 2386 3764 etiam
2428 3704 2560 3760 illud
2593 3720 2613 3758 ε
2639 3700 2960 3758 Aecedbntes
2990 3700 3239 3772 dissipati
3272 3701 3517 3755 dixerunt
3544 3703 3591 3755 ei
3623 3717 3641 3755 :

2069 3799 2246 3866 Quare
2269 3799 2323 3851 iu
2359 3795 2627 3867 parabolis
2658 3795 2884 3865 toqueris
2913 3794 2987 3847 eis
3020 3792 3098 3848 "i
3134 3800 3187 3848 et
3212 3791 3344 3847 illud
3382 3809 3395 3846 :
3424 3791 3638 3845 Dimis-

2065 3890 2140 3944 sis
2179 3887 2345 3943 turbis
2383 3888 2519 3941 venit
2560 3885 2613 3939 in
2659 3885 2881 3937 domum
2920 3897 3093 3949 suam,
3128 3890 3176 3936 et
3213 3891 3542 3937 accesserunt
3571 3886 3640 3935 ad

2063 3996 2182 4034 eum
2214 3977 2466 4047 discipuli
2492 3976 2605 4046 ejus
2632 3958 2864 4029 dicentes
2898 3989 2918 4029 :
2958 3972 3204 4028 Edissere
3239 3973 3386 4027 nobis
3409 3974 3640 4042 parabo-

2065 4069 2175 4124 lam
2210 4068 2276 4136 ¹³,
2318 4064 2644 4138 profundius
2689 4065 2992 4135 intelligere
3031 4063 3291 4120 conabor.
3341 4062 3537 4119 Turbae
3565 4067 3634 4119 si-

2063 4160 2282 4232 quidem
2312 4199 2328 4226 ,
2395 4158 2613 4215 tametsi
2675 4157 2938 4213 continuo
2986 4155 3282 4212 audiebant
3332 4155 3641 4226 parabolas,

2064 4264 2345 4320 nunquam
2390 4240 2571 4303 tamen
2617 4244 2970 4302 advertebant
3005 4261 3099 4301 eas
3129 4245 3371 4316 indigere
3403 4246 3641 4315 explica-

2060 4330 2251 4407 tione;
2285 4339 2539 4410 discipuli
2565 4351 2695 4393 vero
2725 4337 2972 4392 videntes
2995 4350 3120 4392 eum
3153 4336 3349 4404 turbis,
3383 4352 3449 4392 eo
3491 4341 3642 4408 quod

2061 4431 2196 4488 foris
2227 4438 2429 4499 essent,
2461 4431 2515 4486 in
2536 4429 2810 4501 parabolis
2832 4426 3002 4498 loqui,
3023 4426 3207 4484 Iesum
3237 4428 3335 4499 qui
3351 4429 3537 4485 turbas
3555 4430 3638 4485 di.-

378 4513 540 4585 ϐολῆς
559 4554 576 4578 ,
611 4513 731 4568 οὐδὲ
764 4515 1045 4584 ἐφιστᾶσιν
1077 4515 1214 4587 αὐτῇ
1256 4514 1485 4589 δεομένῃ
1524 4517 1836 4589 ἐξηγήσεως
1861 4534 1876 4549 ο
1904 4518 1955 4571 οἰ

2073 4524 2283 4579 miserat
2304 4533 2631 4593 sequamur,
2660 4521 3003 4592 scientesque
3029 4534 3088 4578 se
3106 4520 3234 4575 alibi
3252 4521 3634 4591 parabolarum

374 4606 432 4659 δὲ
460 4606 697 4678 μαθηταί
721 4605 1072 4680 θεοψοῦντες,
1095 4607 1180 4663 ὅτι
1201 4612 1259 4663 ἐν
1284 4593 1621 4682 παραϐολαῖς
1650 4612 1761 4674 τοῖς
1783 4610 1958 4681 ὄχλοις

374 4695 557 4761 λαλεῖ,
591 4696 680 4751 διὰ
706 4697 765 4751 τὸ
796 4695 934 4753 εἶναι
966 4701 1163 4766 αὐτοὺς
1188 4699 1314 4769 ἔξω,
1345 4701 1560 4772 ἀφιέντι
1604 4702 1731 4765 τοὺς
1764 4701 1955 4772 ὄχλους

338 4866 341 4867 ν
372 4790 452 4862 τῷ
497 4790 672 4863 Ἰησοῦ
701 4791 944 4859 ἕπονται,
982 4794 1076 4847 καὶ
1106 4792 1325 4858 ἰδόντες,
1361 4794 1443 4847 ὅτι
1471 4793 1572 4847 οὐκ
1602 4791 1835 4864 ἀλλαχοῦ
1857 4793 1950 4847 δῦ-

371 4900 561 4937 νανται
610 4882 905 4953 μανθάνειν
942 4882 1011 4938 τὰ
1046 4882 1153 4938 τῶν
1199 4882 1523 4957 παραϐολῶν
1556 4882 1591 4954 ἦ
1621 4882 1950 4947 εἰσελθόντες

371 4974 453 5038 εἰς
485 4973 584 5045 τὴν
621 4973 798 5027 οἰκίαν
830 4973 923 5028 τοῦ
960 4974 1157 5047 Ἰησοῦ,
1196 4976 1291 5029 καὶ
1315 4974 1650 5047 εἰσέρχονται
1677 4975 1814 5048 πρὸς
1845 4976 1945 5029 αὐ-

2064 4629 2289 4672 sensum
2327 4615 2635 4684 perdiscere
2663 4628 2772 4669 non
2812 4628 2994 4683 posse,
3029 4612 3133 4667 nisi
3165 4612 3218 4666 in
3249 4612 3469 4668 domum
3506 4612 3634 4670 Jesu

2061 4707 2499 4779 ingrederentur,
2549 4715 2606 4763 et
2655 4705 2724 4762 ad
2766 4706 2922 4760 llhtm
2969 4703 3369 4774 ingrediuntur,
3402 4715 3455 4760 et
3486 4721 3636 4762 acce-

2052 4794 2249 4849 dentes
2284 4794 2477 4850 dicunt
2502 4794 2553 4850 ei
2584 4813 2601 4851 :
2639 4792 2886 4850 Edissere
2927 4794 3075 4848 nobis
3102 4793 3408 4863 parubolam
3430 4836 3444 4861 ,
3469 4811 3632 4866 quam

2054 4900 2253 4956 nempe
2295 4884 2506 4942 discere
2553 4884 2864 4958 cupiebant.
2912 4884 3090 4958 Atque
3131 4886 3508 4958 hujuscemodi
3551 4896 3634 4943 est

2052 4978 2332 5046 parabola.

369 5067 484 5135 τὸν,
518 5067 612 5121 καὶ
639 5067 1027 5139 προσελθόντες
1064 5068 1236 5141 αὐτῷ,
1261 5070 1427 5140 φασίο
1463 5066 1710 5138 Φράσον
1735 5068 1880 5139 ἡμῖν
1903 5069 2019 5138 τὴν
2053 5073 2429 5144 παραϐολὴν,
2463 5072 2592 5145 περί
2616 5068 2686 5145 ἧς
2728 5072 2919 5144 μαθεῖν
2959 5070 3263 5142 βούλονται.
3321 5072 3486 5127 um
3523 5091 3633 5129 τοι-

370 5157 512 5226 αύτη
548 5158 647 5230 μὲν
679 5158 1038 5232 ήπαραϐολή.

450 5250 608 5322 Ἑξῆς
634 5250 689 5305 δέ
723 5253 870 5306 ἐστιν
897 5255 926 5306 ὁ
959 5253 1228 5319 σκοτεινὸς
1265 5252 1443 5323 λόγος.
1480 5254 1636 5308 Ἐστι
1677 5255 1857 5308 τοίνυν
1890 5256 1948 5309 ἐν

369 5341 489 5401 ταῖς
515 5339 759 5423 Γραφαῖς
803 5359 926 5397 τινα
966 5341 1218 5409 τοσοῦτον
1265 5343 1519 5414 ἐπίτηδες
1552 5344 1841 5409 σκοτεινῶς
1872 5324 1947 5401 ei?

372 5429 603 5499 ρημένα,
631 5431 772 5485 ὥστε
803 5432 939 5503 μηδὲ
963 5433 1026 5488 τὸ
1052 5434 1214 5506 τυχὸν
1242 5434 1493 5488 ἐκλαϐεῖν
1523 5434 1589 5489 ἄν
1616 5452 1736 5489 τινα
1772 5436 1832 5489 ἐν
1857 5436 1946 5489 αὑ-

370 5518 482 5579 τοῖς
530 5519 698 5590 χωρὶς
746 5520 947 5580 πολλῆς
1000 5522 1095 5575 καὶ
1130 5523 1371 5594 μεγάλης
1411 5523 1710 5589 ἐξετάσεως
1743 5541 1942 5595 συγκε-

370 5605 610 5678 χυμένης
638 5608 730 5663 καὶ
757 5610 897 5665 κατὰ
923 5610 1021 5683 τὴν
1044 5612 1267 5687 φράσιν,
1288 5613 1381 5668 καὶ
1407 5613 1547 5669 κατὰ
1575 5615 1633 5669 τὸ
1653 5615 1940 5688 διανόημα,

442 5776 485 5807 ⁸⁸
518 5773 710 5831 Matth.
749 5791 870 5846 xm,
898 5778 981 5834 ιο.
1062 5781 1104 5814 ⁸³
1127 5779 1286 5852 ibid.,
1316 5781 1404 5838 56.

2120 5255 2662 5328 Sequiturobscurus
2684 5271 2885 5313 sermo.
2908 5254 3048 5312 Sunt
3073 5257 3240 5328 igitur
3256 5258 3310 5313 in
3331 5258 3629 5329 Scripturis

2046 5345 2307 5401 nonnulla
2326 5360 2448 5416 qua:
2460 5346 2532 5402 ita
2546 5346 2614 5402 de
2628 5346 2897 5402 industria
2922 5347 3153 5402 obscure
3170 5348 3548 5411 dictasunt,ut
3561 5366 3629 5404 ne

2044 5433 2420 5505 ullusquidem
2451 5450 2648 5493 sensus
2669 5436 2724 5490 in
2739 5437 2804 5492 iis
2830 5437 3035 5508 percipi
3052 5437 3361 5508 possitsine
3386 5437 3628 5493 multaet

2042 5539 2237 5596 magna
2246 5523 2650 5597 disquisitione,
2667 5542 2790 5584 cum
2806 5528 3029 5584 dictioni
3057 5541 3253 5597 magna
3268 5525 3519 5582 confusio
3542 5527 3627 5582 in-

2041 5615 2114 5671 sit
2126 5625 2178 5671 ct
2204 5616 2503 5673 secundum
2525 5617 2794 5687 phrasim,
2824 5625 2880 5672 et
2893 5617 3191 5672 secundum
3211 5630 3458 5685 sensum,
3476 5624 3628 5672 etse-
