4134 6460
432 311 503 366 55
1545 298 1975 364 FRAGMENTA
2011 296 2080 358 ΙΝ
2118 300 2533 360 PROVERBIA.
3634 312 3709 369 δι

434 428 690 502 πομένοις
712 429 911 502 ἴχνεσιν
937 430 995 482 ὲν
1039 430 1104 501 τῇ
1138 430 1209 500 γῇ
1252 431 1317 502 τῇ
1340 426 1632 501 ψαμμώδει
1657 428 1767 482 τῶν
1792 429 2012 484 ὲπιδάνι·

2124 441 2234 481 non
2280 437 2427 482 sunt.
2455 426 2594 480 Cum
2622 426 2768 480 enim
2818 426 3001 498 aquila
3040 429 3221 484 volatu
3275 446 3372 500 per
3400 446 3526 486 aera
3556 434 3704 491 nulla

432 538 543 576 των
582 522 776 592 αὐτῆς,
800 520 1064 575 ἀδύνατόν
1119 520 1567 605 ἐπινοηθῆναι·
1615 520 1759 574 οὕτω
1789 521 1885 575 καὶ
1927 522 2021 574 ἐπὶ

433 613 631 683 ὖφεωςο
663 616 720 667 ὲν
751 615 851 685 μὲν
890 614 1122 686 εὐείκτῳ
1147 616 1220 687 γῇ
1245 608 1472 670 δυνατδν
1496 612 1739 669 νοεῖσθαι
1760 613 1934 679 ὁδοὺς,
1962 615 2021 667 ὲν

420 702 490 757 ’δὲ
512 707 578 776 τῇ
612 704 789 777 πέτρᾳ
816 706 914 777 μή.

510 965 618 1021 Kal
666 968 903 1036 τρίϐους
947 967 1091 1036 νηός
1122 967 1647 1036 ποντοπορούσης.
1682 967 1912 1039 Μήποτε
1961 966 2021 1019 δὲ

425 1058 568 1111 ναῦν
593 1060 651 1112 ὲν
676 1057 884 1119 τούτοις
904 1059 1125 1112 λεκτέον
1173 1058 1263 1113 τὸν
1327 1059 1538 1129 Ἰησοῦν
1564 1054 1808 1123 καὶτοὺς
1842 1059 2019 1130 μαθη-

436 1148 537 1211 τάς
564 1146 752 1212 αὑτοῦ,
790 1149 918 1202 ποτὲ
941 1148 998 1200 δὲ
1031 1144 1126 1201 καὶ
1172 1148 1370 1220 μόνους
1416 1148 1633 1212 αὐτούς·
1660 1149 1719 1201 οὐ
1754 1167 2019 1203 ποντοπο-

428 1240 658 1312 ⁵ροῦσοινο
684 1242 922 1308 Εὐθέως
966 1239 1076 1312 γὰρ
1114 1242 1356 1314 sig-erato
1409 1242 1476 1296 τὸ
1527 1243 1743 1297 πλοῖον
1779 1243 1879 1296 ἐπὶ
1908 1244 2022 1311 τὴν

438 1332 571 1403 γῆν,
624 1337 711 1399 είς
757 1332 837 1401 ἣν
881 1332 1140 1403 ὑπῆγον,
1188 1327 1310 1407 θεία
1355 1330 1604 1404 δυνάμει.
1660 1330 1811 1398 Navii;
1836 1328 1893 1387 δὲ
1944 1333 2020 1406 μὴ

440 1427 681 1498 φέρουσα
713 1428 804 1481 τὸν
847 1426 1050 1499 Ἰησοῦν
1072 1429 1414 1498 ποντοπορεϊ,
1439 1428 1533 1480 καὶ
1585 1426 1743 1481 τοῦτο
1767 1427 1854 1482 διὰ
1880 1444 2018 1482 παν-

435 1520 549 1584 τὸς,
591 1521 696 1574 ὑπὸ
732 1521 841 1573 τῶν
878 1520 1139 1575 ἐναντίων
1178 1522 1631 1576 ἀκαταστατοῦσα
1669 1523 2016 1596 πνευμάτων.

431 1610 541 1664 Καὶ
565 1610 689 1663 ἐπεὶ
712 1608 805 1663 τοῦ
838 1609 952 1681 βίου
981 1611 1050 1665 τὰ
1078 1611 1379 1681 πράγματα
1408 1613 1727 1685 ματαιότης,
1757 1628 2020 1669 ποντοπο-

440 1700 675 1771 ρούντων
699 1702 806 1765 ἀεὶ,
831 1703 927 1756 καὶ
954 1701 1184 1772 μηδενὸς
1206 1700 1315 1754 τῶν
1351 1701 1449 1754 ἀνθ
1457 1699 1656 1773 ρώπων
1682 1701 2023 1772 προάγοντος.

435 1793 517 1855 είς
544 1790 687 1862 ζωὴν
713 1790 949 1856 αἰώνιον,
978 1790 1040 1843 ού
1086 1790 1316 1844 δυνατὸν
1354 1789 1612 1861 νοηθῆναι
1657 1790 1754 1854 τὰς
1796 1791 2018 1863 τρίϐους

436 1879 635 1935 αὐτῶν.
668 1881 970 1953 Τοιγαροῦν
996 1880 1104 1933 τῶν
1148 1880 1375 1946 ἐνδόξων
1405 1879 1503 1951 τῆς
1537 1878 1640 1951 γῆς
1688 1880 1950 1950 βασιλέων
1980 1881 2015 1953 ἢ

436 1970 532 2023 καὶ
559 1969 836 2041 ἀρχόντων
857 1970 1134 2042 ἀλλότριον
1180 1970 1491 2035 θεοσεϐείας
1531 1970 1693 2043 ἔργον
1736 1970 1891 2024 οὐδὲν
1918 1988 2019 2024 καί

435 2061 749 2115 ταλείπεται
797 2063 934 2133 μετά
972 2062 1248 2134 τελευτήν.
1309 2063 1572 2135 Ἑσεὲσθη
1612 2064 1719 2135 γὰρ
1768 2062 1948 2117 αὐτῶν
1982 2064 2015 2134 ή

435 2152 583 2219 δόξαν
619 2154 733 2207 Οὐκ
782 2152 1233 2223 ὲπιγινώσκονται
1276 2156 1354 2217 δὲ,
1389 2155 1574 2227 φησὶν,
1608 2155 1730 2209 οὐδὲ
1755 2154 1879 2209 ὁδοὶ
1908 2155 2025 2209 ἀνί

432 2245 576 2313 δρὸς
601 2245 671 2299 ἐν
697 2246 954 2314 νεότητι,
983 2246 1446 2317 ταῖςιέπιθυμίαις
1492 2246 1893 2320 πεπυρωμένου
1929 2246 2018 2301 διὰ

432 2337 496 2390 τὸ
516 2337 746 2391 ἄστατον
773 2337 881 2390 τῶν
911 2337 1147 2409 τρόπωνο
1173 2338 1385 2409 καὶτῆς
1411 2339 1786 2409 μοιχαλίδος,
1812 2337 2016 2411 ὁμοίως

433 2427 523 2482 διὰ
548 2429 608 2482 τὸ
629 2430 1002 2500 ἀναίσχυντον.
1035 2430 1105 2483 Ἦ
1129 2428 1288 2483 τοῦτό
1329 2431 1473 2484 ἐστιν
1501 2433 1536 2502 ή
1557 2430 1665 2484 τῶν
1686 2430 1856 2485 ἐθνῶν
1895 2431 2017 2484 Ἑκ-

433 2521 655 2592 κλησία,
721 2523 844 2593 ἣτις
901 2520 1037 2591 μετά
1082 2522 1144 2574 τὸ
1192 2521 1595 2577 άπολούσασθαι
1641 2521 1732 2576 διά
1774 2521 1869 2575 τοῦ
1917 2521 2015 2592 βα·-

433 2613 736 2684 πτίσματος
780 2615 934 2667 οὐδέν
991 2632 1158 2687 φησιν
1201 2614 1401 2667 ἄτοπον
1452 2615 1815 2686 πεπραχέναι.
1859 2614 1917 2667 Ὁ
1960 2614 2017 2671 δὲ

431 2704 640 2769 δίκαιος
662 2707 763 2760 οὐκ
815 2706 965 2764 ἔστιν
1010 2709 1070 2760 ὲν
1097 2706 1329 2776 νεότητι,
1380 2707 1524 2771 ἐπεὶ,
1578 2707 1905 2774 τελειωθεὶς
1946 2708 2018 2762 ἐν

433 2795 637 2865 ὀλίγῳ,
667 2797 984 2867 ἐπλήρωσε
1018 2799 1278 2866 κρόνους
1321 2796 1610 2866 μακρούς.
1649 2797 1886 2870 Τοιαύτη
1922 2799 2016 2854 καὶ

434 2888 585 2941 πᾶσα
637 2889 773 2961 γυνὴ
821 2890 1089 2961 μοιχαλὶς,
1145 2890 1178 2960 ἢ
1227 2886 1637 2959 ἀλλοτριώσασα
1674 2889 1873 2961 ἑαυτὴν
1916 2890 2013 2946 τοῦ

434 2979 687 3048 νυμφίου,
735 2980 831 3033 καὶ
888 2979 1036 3053 ψυχὴ
1083 2976 1457 3035 καταλιποῦσα
1525 2978 1619 3034 τὸν
1682 2981 1871 3053 ἄνδρα,
1919 2984 2015 3042 καὶ

430 3068 607 3121 ὀπίσω
630 3069 736 3122 τῶν
757 3070 1003 3142 ἐραστῶν
1025 3070 1385 3142 πορευομένη.

2122 518 2177 572 in
2206 532 2272 571 eo
2305 517 2576 587 relinquat
2609 518 2857 588 vestigia,
2885 521 3069 590 qualia
3102 520 3215 577 fere
3265 532 3395 578 sunt
3444 525 3703 579 inceden-

2122 610 2258 666 tium
2302 612 2353 664 in
2386 614 2529 666 terra
2555 625 2813 678 arenosa,
2875 613 2992 670 ﬁcri
3043 631 3152 671 non
3191 627 3368 687 potest
3400 630 3455 674 ut
3482 620 3607 689 quis
3636 635 3704 676 ea

2122 702 2407 771 intelligat.
2469 700 2732 759 Similiter
2776 706 2940 760 etiam
2992 706 3046 762 iu
3098 719 3405 778 serpente:
3447 713 3500 767 in
3552 713 3703 768 molli

2122 796 2347 867 quidem
2374 806 2517 853 terra
2548 797 2683 851 nihil
2725 808 2868 853 vetat
2913 799 3035 870 ejus
3076 800 3191 855 vias
3222 802 3488 873 intelligi;
3542 821 3706 863 secus

2122 899 2302 943 autem
2337 890 2389 943 in
2421 898 2594 958 petra.

2197 980 2349 1037 Vers.
2382 982 2465 1037 l5.
2500 982 2605 1052 ιο
2632 979 2935 1036 Et'semitas
2963 986 3112 1040 navis
3137 986 3191 1039 in
3222 989 3376 1041 mari.
3412 987 3576 1044 Forte
3599 987 3706 1045 hoc

2122 1072 2244 1129 loco
2276 1074 2430 1130 navis
2459 1074 2687 1129 dicenda
2733 1082 2817 1128 est
2872 1073 3053 1142 Jcsus,
3115 1087 3170 1132 et
3226 1080 3478 1149 discipuli
3541 1080 3704 1150 ejus;

2122 1166 2455 1236 quandoque
2482 1181 2611 1221 vero
2636 1165 2801 1220 etiam
2860 1167 2964 1237 ipsi
3000 1169 3133 1236 soli;
3168 1186 3275 1224 non
3321 1173 3375 1226 in
3410 1173 3547 1227 mari
3577 1191 3589 1226 :
3616 1174 3704 1227 di-

2120 1257 2246 1312 vina
2272 1259 2418 1313 enim
2460 1259 2661 1315 virtute
2715 1258 2863 1312 naris
2917 1260 3102 1314 statim
3155 1262 3208 1315 in
3256 1273 3398 1319 terra
3444 1264 3569 1334 fuit,
3630 1266 3702 1320 ad

2118 1364 2278 1418 quant
2304 1349 2451 1404 ibant
2482 1352 2548 1406 ³³.
2603 1350 2738 1417 Quae
2766 1366 2894 1407 vero
2945 1353 3099 1409 navis
3130 1352 3316 1410 Jesum
3367 1372 3475 1410 non
3499 1367 3702 1428 portat,

2116 1440 2175 1496 in
2212 1442 2391 1497 medio
2424 1443 2559 1497 mali
2592 1443 2853 1499 continue
2883 1460 3129 1512 versans,
3160 1447 3565 1504 adversantium
3592 1449 3705 1520 spi-

2121 1533 2324 1589 rituum
2363 1537 2877 1607 proccllajaetatur.
2913 1537 2978 1593 Et
3018 1540 3277 1609 quoniam
3318 1540 3482 1609 hujus
3515 1542 3702 1598 saeculi

2122 1638 2214 1679 res
2246 1627 2461 1682 vanitas
2491 1639 2640 1696 sunt,
2684 1645 2751 1686 ac
2811 1640 3028 1701 semper
3079 1632 3366 1697 ﬂuctuant,
3416 1650 3519 1691 nec
3551 1636 3705 1707 quis-

2120 1717 2611 1784 quamihominum.
2647 1723 2715 1777 ad
2766 1724 2937 1779 vitam
2965 1726 3225 1794 provehit
3267 1736 3551 1792 aeternam,
3582 1727 3702 1785 ﬁeri

2121 1822 2233 1861 non
2262 1816 2442 1876 potest
2478 1818 2536 1863 ut
2561 1812 2769 1867 semitae
2796 1829 2987 1869 eorum
3022 1816 3412 1887 intelligantur.
3468 1818 3703 1891 lnclyto—

2119 1913 2240 1953 rum
2278 1898 2471 1968 itaque
2493 1915 2682 1972 regum
2714 1911 2874 1958 term
2912 1919 3008 1959 seu
3035 1905 3200 1961 etiam
3232 1908 3541 1977 principum
3571 1909 3700 1965 nul-

2118 1986 2230 2041 lum
2261 2002 2292 2042 a
2325 1986 2419 2044 Del
2460 1989 2663 2058 pietate
2694 1992 2935 2048 alienum
2992 2009 3130 2063 opus
3178 2005 3300 2065 post
3349 2007 3580 2055 mortem
3609 2015 3701 2056 re-

2117 2076 2415 2147 linquitur.
2467 2078 2748 2139 Exstincta
2781 2084 2928 2138 enim
2974 2094 3060 2140 est
3100 2086 3274 2155 gloria
3333 2104 3547 2147 eorum.
3578 2088 3703 2146 Non

2118 2181 2533 2239 cognoscuntur
2564 2186 2717 2237 vero,
2746 2174 2944 2243 inquit,
2979 2176 3075 2231 viz
3096 2178 3195 2232 viri
3223 2179 3279 2233 in
3307 2181 3698 2247 adolescentia;

2116 2261 2221 2316 viri
2257 2262 2518 2321 nimirum
2547 2264 2835 2321 libidinum
2870 2267 3092 2325 ﬂamma
3121 2274 3424 2341 mstuantis,
3451 2290 3560 2344 pra:
3582 2290 3703 2331 mo-

2117 2368 2238 2407 rum
2279 2354 2467 2425 utique
2501 2356 2896 2424 instabilitatc;
2931 2360 3242 2431 pariterque
3272 2364 3509 2419 mulieris
3538 2365 3699 2419 adul-

2119 2451 2263 2511 terae,
2294 2460 2405 2514 prae
2432 2446 2842 2502 inverecundia.
2880 2449 2975 2505 Vel
3023 2450 3266 2509 Ecclesia
3303 2455 3543 2527 gentium
3589 2466 3698 2522 est,

2118 2551 2241 2605 qua
2267 2538 2437 2593 semel
2466 2538 2723 2609 baptismi
2774 2540 3102 2597 lustratione
3136 2545 3344 2612 abluta,
3371 2548 3448 2609 ait
3474 2548 3608 2602 nihil
3636 2564 3698 2605 se

2120 2638 2279 2699 turpe
2305 2631 2670 2687 commisisse.
2718 2628 2912 2691 Justus
2943 2641 3125 2689 autem
3188 2650 3295 2699 non
3342 2647 3429 2693 est
3478 2639 3532 2693 in
3561 2640 3698 2695 ado-

2116 2721 2402 2788 lescentia,
2428 2727 2698 2796 siquidem
2732 2727 2787 2778 iu
2846 2722 2987 2778 brevi
3029 2736 3423 2781 consummatus
3472 2732 3699 2802 explevit

2116 2825 2351 2884 tempora
2381 2819 2551 2874 multa
2585 2821 2652 2875 “.
2687 2821 2972 2893 Ejusmodi
3003 2833 3088 2881 est
3116 2826 3297 2881 omnis
3327 2825 3522 2881 mulier
3544 2826 3701 2879 adul-

2116 2917 2251 2974 tera,
2312 2924 2435 2978 quae
2481 2924 2542 2965 se
2599 2926 2630 2965 a
2690 2928 2895 2982 sponso
2945 2916 3218 2985 ahjuuxit,
3275 2927 3438 2987 atque
3488 2915 3705 2985 anima,

2114 3015 2240 3071 quae
2268 3000 2387 3056 viro
2437 3001 2627 3058 relicto
2657 3004 2901 3062 ambulat
2924 3017 3050 3077 post
3095 3017 3368 3065 amatores
3398 3023 3554 3065 suos.

502 3164 613 3217 Kal
646 3115 1030 3232 ὰστὲατεύει
1080 3115 1183 3232 εἶφ’
1207 3115 1363 3230 δεξιὸς⁸
1395 3165 1805 3235 κελεύσματος
1834 3167 2009 3222 εὐτά-

2140 3216 2148 3221 κ
2185 3155 2341 3213 Vcrs.
2387 3157 2477 3213 27.
2537 3157 2919 3232 Egrediturque
2972 3179 3064 3232 per
3094 3171 3298 3217 turmas
3354 3165 3425 3218 ad
3464 3165 3695 3236 primum

430 3272 601 3321 κτως.
647 3256 734 3320 Ὠς
772 3254 1035 3320 εὔτακτος
1065 3259 1365 3311 ἐπαινεῖται
1406 3256 1500 3309 καὶ
1547 3257 1875 3330 ὴάκρὶς,τῷ
1914 3258 2009 3313 τοῦ

2112 3247 2402 3317 iussionem
2436 3251 2748 3317 composite.
2801 3249 2975 3305 Etiam
3012 3252 3224 3307 locusta
3269 3252 3521 3308 laudatur
3550 3255 3695 3325 quod

426 3346 563 3400 Θεοῦ
590 3346 750 3416 λόγου
774 3347 1069 3419 πειθομένη
1107 3348 1455 3418 κελεύσματι.
1491 3347 1724 3421 Τοιαύτη
1756 3349 1838 3415 τίς
1863 3351 2011 3405 ἐστιν

429 3438 464 3509 ἡ
503 3437 931 3510 Ἐκκλησία,διά
971 3438 1033 3491 τὸ
1070 3438 1208 3509 πρὸς
1258 3437 1368 3491 τῶν
1405 3436 1707 3509 ἀνθρώπων
1732 3457 2011 3514 καταφρο-

427 3529 670 3588 νεῖσθαι,
694 3529 875 3601 ἀκρίδι
907 3530 982 3594 ὡς
1018 3532 1157 3601 πρὸς
1181 3531 1241 3583 τὸ
1274 3530 1373 3599 ζῇν
1405 3531 1498 3583 ἐπὶ
1542 3531 1645 3601 γῆς
1670 3532 2011 3605 παραϐαλλο-

430 3620 601 3692 μένη·
637 3622 727 3676 διὰ
774 3623 831 3677 δὲ
875 3622 936 3677 τὸ
995 3622 1134 3693 μετά
1189 3622 1366 3694 Ἰησοῦ
1418 3623 1745 3692 συνάγεσθαι
1788 3626 1885 3678 καὶ
1933 3626 2010 3699 μὴ

429 3713 768 3786 σκορπίζειν,
797 3714 911 3769 ἀλλ’
936 3714 1217 3768 ἐνδύεσθαι
1246 3716 1694 3784 τὴν.πανοπλίαν
1730 3715 1823 3770 τοῦ
1847 3717 2005 3783 Θεοῦ,

426 3806 514 3860 ἵνα
544 3809 768 3878 ἀντιστῇ
799 3807 935 3880 πρὸς
984 3810 1083 3870 τὰς
1138 3807 1421 3877 μεθοδείας
1477 3806 1572 3860 τοῦ
1606 3807 1874 3872 διαϐόλου,
1915 3809 2007 3877 ἀφ’

427 3896 545 3958 ἑνὸς
590 3894 955 3966 κελεύσματος
1000 3893 1278 3958 εὐτάκτως
1323 3895 1840 3967 στρατοπεδεύουσαο
1892 3894 2009 3950 εστι

424 3987 482 4039 δὲ
528 3986 882 4048 ἀϐασίλευτος
923 3986 1029 4039 ὑπὸ
1076 3985 1171 4040 τοῦ
1224 3986 1445 4058 Φαραὼ,
1494 3986 1610 4040 ἀλλ’
1636 3986 1734 4058 οὐχ
1778 3987 1882 4041 ὑπὸ
1914 3987 2006 4041 τοῦ

424 4075 586 4141 Θεοῦ,
634 4078 728 4130 καὶ
779 4076 888 4129 τῶν
953 4076 1268 4146 Αἰγυπτίων
1314 4079 1363 4131 οί
1412 4077 1566 4131 πόνοι
1621 4080 2008 4150 παραδίδονται

416 4168 619 4241 ταύτῃ.
658 4171 819 4234 Ἴσως
846 4169 903 4222 δὲ
932 4167 1021 4222 διὰ
1047 4170 1120 4240 μὴ
1152 4168 1529 4239 βασιλεύεσθαι
1579 4171 1726 4243 ἡμᾶς
1762 4171 1868 4243 πρὸ
1910 4172 2008 4243 τῆς

424 4260 662 4333 Χριστοῦ
716 4261 1011 4332 βασιλείας,
1057 4260 1408 4315 ἀϐασίλευτον
1460 4263 1494 4335 ἡ
1536 4263 1717 4335 ἀκρίς.
1778 4265 1853 4317 Ού
1897 4264 2010 4338 γὰρ

422 4353 640 4425 ἔχουσιν
666 4354 989 4424 ἡγούμενον,
1037 4351 1287 4424 καθάπερ
1339 4354 1394 4406 αἱ
1429 4353 1702 4424 μέλισσαι,
1747 4354 1861 4408 ἀλλ’
1885 4356 2009 4409 ἐκά-

2111 3340 2438 3409 composita,
2467 3341 2729 3412 verbique
2762 3341 2850 3397 Dei
2873 3342 3109 3411 jnssioni
3148 3355 3354 3415 parcat.
3385 3345 3696 3402 Istiusmodi

2111 3442 2195 3486 est
2220 3431 2486 3498 Ecclesia,
2519 3448 2552 3503 p
2582 3442 2802 3503 optcrea
2832 3437 2976 3504 quod
3012 3438 3385 3492 contemnitur
3415 3439 3485 3493 ab
3517 3440 3698 3494 homi-

2108 3525 2294 3591 nibus,
2322 3526 2567 3592 locustze,
2621 3526 2768 3599 quod
2808 3538 3015 3597 spectat
3040 3529 3108 3584 ad
3136 3539 3358 3597 terram,
3393 3547 3558 3602 super
3582 3542 3693 3587 ter-

2112 3633 2225 3671 ram
2261 3628 2613 3690 comparata;
2640 3622 2782 3691 quod
2824 3637 2953 3676 vero
2992 3638 3118 3677 cum
3173 3619 3303 3677 Jesu
3333 3633 3695 3693 congregetur

2066 3762 2075 3771 _
2109 3716 2164 3767 et
2213 3722 2321 3765 non
2373 3708 2741 3782 dispergatur,
2772 3714 2866 3768 sed
2899 3712 2994 3767 Dei
3028 3722 3363 3767 armaturam
3391 3713 3602 3782 induat,
3634 3724 3695 3771 ut

2110 3801 2333 3856 resistat
2365 3803 2633 3861 adversus
2680 3807 2912 3861 astutias
2942 3806 3167 3872 diaboli,
3215 3805 3281 3860 ad
3308 3806 3540 3877 primam
3572 3807 3694 3878 jus-

2114 3891 2326 3947 sionem
2358 3894 2639 3964 egreditur
2698 3894 3007 3966 composito
3064 3897 3300 3965 agmine.
3358 3896 3489 3975 Regi
3545 3899 3692 3963 enim

2111 3999 2217 4037 non
2244 3992 2418 4054 paret,
2440 4001 2636 4056 nempe
2681 3984 2974 4052 Pharaoni,
3015 3989 3110 4043 scd
3162 3987 3256 4043 Dei
3299 3988 3529 4061 imperio
3562 3991 3695 4045 sub-

2107 4075 2251 4146 jecta
2306 4087 2409 4143 est,
2463 4077 2623 4148 eique
2676 4078 2969 4135 traduntur
3022 4078 3403 4153 Egyptiorum
3454 4083 3691 4139 labores.

2110 4166 2271 4221 Forte
2291 4184 2438 4236 vero,
2461 4170 2608 4240 quod
2647 4179 2773 4225 ante
2829 4168 3034 4226 Christi
3087 4188 3312 4242 regnum
3366 4188 3544 4242 regem
3583 4190 3690 4228 non

2112 4259 2427 4326 habuimus,
2457 4262 2666 4319 locusta
2695 4280 2875 4335 regem
2908 4280 3018 4322 non
3055 4267 3235 4321 habet.
3265 4263 3383 4319 Non
3404 4266 3551 4320 enim
3592 4267 3694 4321 du-

2111 4365 2229 4405 cem
2263 4351 2485 4420 habent,
2519 4356 2980 4422 quemadmodum
3015 4370 3165 4426 apes,
3201 4356 3294 4411 sed
3348 4371 3693 4426 unaquaeque

424 4464 526 4517 στη
554 4448 785 4518 ἡγεῖται.
828 4438 989 4500 Οὗτοί
1019 4447 1158 4498 εἰσιν
1195 4445 1243 4498 οἱ
1280 4445 1597 4518 προαιρέσει
1626 4446 2005 4517 κουφιζόμενοι

2112 4441 2286 4510 praeit.
2343 4440 2406 4497 Hi
2451 4454 2580 4498 sunt
2609 4444 2703 4509 qui
2755 4444 3034 4500 voluntate
3069 4461 3099 4499 a
3146 4447 3375 4500 terrenis
3418 4448 3690 4513 levantur,

419 4537 529 4593 τῶν
585 4539 809 4609 γηΐνων,
855 4537 1197 4609 τεταγμένην
1249 4535 1522 4601 ὁδεύοντες
1574 4537 1740 4609 ζωήν.
1795 4538 1864 4591 Ἦ
1911 4539 2007 4592 καὶ

419 4632 660 4704 ἀκρίδες,
695 4633 830 4694 ὅσοι.
864 4634 931 4703 τῇ
980 4633 1163 4703 νοήσει
1213 4631 1525 4702 βουλόμενοι
1580 4630 1860 4696 πέτεσθαι,
1887 4632 2011 4686 ἀδυ-

419 4723 706 4786 νατοῦντες
726 4722 906 4792 ὀλίγον
927 4722 1029 4793 τῆς
1066 4723 1167 4794 γῆς
1195 4724 1607 4794 ἀνατρέχουσιν.
1641 4724 1706 4776 El
1758 4723 1814 4777 δὲ
1860 4740 2003 4795 πρα-

420 4814 607 4868 κτικὸν
634 4813 1007 4886 μεταλάϐοιεν,
1032 4817 1111 4879 είς
1154 4814 1212 4869 ἓν
1237 4815 1426 4885 τάγμα
1449 4814 1753 4887 πρακτικὸν
1778 4814 2005 4889 ὲναχθή-

421 4923 625 4961 σονται.

488 4998 597 5053 Kal
625 4997 840 5069 τράγος
876 4998 1210 5068 ἡγούμενος
1241 4998 1540 5053 αἰπολίου.
1592 4997 1789 5069 Τρίτος
1816 4999 1844 5051 ό
1867 4998 2000 5070 τρά-

417 5104 512 5157 γος
572 5088 716 5143 κατά
772 5090 968 5160 μόνους
1022 5090 1148 5152 τοὺς
1197 5088 1252 5141 0'
1305 5090 1639 5159 ἡγούμενος
1691 5089 1994 5153 αἰπολίου,

416 5176 592 5245 αὔξων
614 5195 674 5231 τε
699 5178 789 5232 καὶ
818 5177 1102 5249 πληθύνων
1125 5177 1258 5230 αὐτὸ
1279 5176 1374 5229 καὶ
1426 5174 1518 5228 ἐπὶ
1545 5174 1645 5238 τὰς
1674 5175 1731 5227 ὲν
1777 5172 1999 5246 ὑψηλοῖς
2038 5258 2043 5259 7

418 5269 586 5338 νομὰς
636 5269 868 5340 ὁδηγῶν.
916 5270 1156 5339 Οὐδεμία
1206 5269 1316 5340 γὰρ
1389 5267 1559 5339 ἀγέλη
1618 5264 1771 5330 ζώων
1822 5265 2000 5331 οὕτως

419 5356 685 5411 ἐπιϐαίνει
710 5358 819 5411 τῶν
844 5357 1083 5431 ὑψηλῶν.
1105 5357 1355 5420 Τοιοῦτος
1387 5359 1415 5411 ό
1435 5356 1736 5429 ἡγούμενος
1760 5358 1996 5430 Χριστοῦ

417 5452 542 5514 τοὺς
567 5454 624 5505 ὲν
668 5452 745 5524 τῷ
799 5454 1028 5526 αἰπολίῳ
1082 5453 1218 5524 πρὸς
1264 5452 1397 5522 ὕψος
1431 5452 1669 5520 ἀνάγων.
1738 5452 1947 5517 ’Ἄλλως
1969 5455 1998 5507 ὁ

418 5543 615 5613 τράγος
642 5548 801 5599 τυποῖ
838 5547 928 5600 τὸν
960 5546 1216 5617 Χριστὸν,
1264 5544 1405 5614 ὑπὲρ
1449 5544 1725 5616 ἁμαρτίας
1756 5562 1997 5617 προσφε-

419 5635 664 5703 ρόμενος.
694 5635 878 5708 Τούτῳ
909 5638 967 5692 ὲν
991 5637 1114 5707 ὕψει
1139 5638 1252 5690 δντι
1281 5637 1473 5691 ἕπεται
1508 5638 1656 5691 πᾶσα
1684 5637 1790 5692 τῶν
1814 5636 1996 5689 θεοσε-

418 5726 529 5778 ϐὠν
557 5727 589 5796 ἡ
624 5726 849 5797 πληθύς.

486 5816 530 5847 ³³
563 5814 720 5871 Josn.
749 5831 822 5880 γι,
868 5817 956 5870 21.
1032 5819 1076 5849 ³⁸
1112 5819 1241 5889 Sap.
1278 5833 1349 5887 tv,
1382 5819 1465 5875 l5.

2112 4531 2388 4603 vitamque
2416 4534 2724 4590 ordinatam
2782 4535 3059 4592 incedunt.
3116 4536 3212 4593 Vel
3253 4539 3417 4593 etiam
3466 4538 3689 4593 locustae

2110 4633 2257 4689 sunt,
2284 4624 2376 4695 qui
2418 4641 2541 4680 eum
2578 4627 2749 4682 velint
2796 4628 3032 4698 cogitatu
3087 4629 3286 4683 mentis
3333 4630 3539 4694 volare,
3589 4644 3689 4684 nec

2108 4732 2204 4787 per
2234 4718 2376 4773 vires
2403 4719 2483 4773 eis
2539 4720 2721 4785 liceat,
2772 4720 3054 4789 paululum
3107 4735 3139 4775 a
3196 4731 3334 4775 terra
3378 4720 3684 4791 eriguntur.

2106 4807 2171 4862 Ili
2200 4809 2246 4864 si
2272 4808 2540 4865 actionem
2574 4811 2861 4877 coluerint,
2898 4812 2949 4866 in
2984 4828 3151 4867 unum
3180 4814 3477 4867 colentium
3514 4816 3687 4867 actio-

2105 4914 2226 4954 nem
2253 4917 2445 4971 agmen
2479 4904 2901 4973 eooplahuntur.

2176 4989 2334 5047 Vers.
2366 4992 2457 5047 51.
2492 4992 2689 5048 "trdus
2722 4996 2848 5049 item
2884 4994 3051 5066 gregis
3086 5012 3368 5067 caprarum
3407 4997 3537 5052 dux.
3559 4997 3687 5053 Ter-

2118 5081 2227 5137 tius
2269 5084 2455 5139 hmdns
2488 5086 2647 5154 juxta
2688 5086 2836 5140 solos
2864 5082 3003 5141 LXX
3043 5086 3368 5158 lnterpretes
3399 5092 3567 5159 gregis
3596 5104 3687 5143 ea-

2101 5190 2319 5242 prarum
2350 5175 2481 5243 dux,
2511 5177 2689 5246 ipsum
2716 5193 2944 5248 augens,
2988 5194 3052 5234 ac
3101 5181 3271 5235 multa
3304 5182 3456 5251 prole
3490 5182 3681 5236 fecun-

2101 5266 2261 5333 dans,
2292 5277 2456 5337 atque
2480 5266 2547 5322 ad
2600 5283 2803 5338 pascua
2835 5269 2889 5323 in
2918 5271 3210 5327 sublimius
3230 5270 3456 5326 ducens.
3488 5269 3683 5326 Nullus

2100 5357 2247 5413 enim
2276 5357 2592 5413 animalium
2624 5375 2757 5429 grex
2797 5359 2877 5415 sie
2913 5362 3021 5416 alta
3052 5363 3392 5418 conscendit.
3419 5361 3569 5420 Talis
3599 5374 3684 5419 est

2099 5450 2194 5520 qui
2241 5449 2445 5505 Christi
2493 5451 2641 5521 gregi
2705 5455 3030 5522 praepositus
3060 5463 3176 5517 est;
3201 5468 3296 5508 eos
3324 5456 3470 5508 enim
3500 5456 3592 5525 qui
3625 5456 3679 5509 in

2099 5556 2259 5611 grege
2287 5551 2433 5607 sunt,
2450 5542 2516 5596 ad
2548 5542 2652 5596 alta
2678 5544 2945 5609 provehit.
2971 5544 3145 5599 Aliter
3171 5544 3358 5597 luetlus
3381 5545 3551 5616 ﬁgura
3594 5553 3679 5599 est

2098 5630 2326 5699 Christi,
2362 5634 2491 5689 dum
2512 5650 2611 5703 pro
2641 5643 2866 5704 peccato
2901 5633 3143 5688 on‘ertur.
3180 5632 3335 5688 Hune
3368 5635 3420 5688 in
3454 5634 3674 5689 suhlimi

2098 5723 2450 5779 exsistentem
2473 5738 2664 5781 omnes
2695 5722 2785 5794 qui
2814 5722 3068 5793 pietatem
3104 5725 3310 5790 colunt,
3347 5733 3671 5795 sequuntur.
