4134 6480
386 290 450 343 57
725 319 735 325 ν
1824 300 1944 360 “Ol

2045 301 2111 358 IA
2145 300 2191 359 I.
3590 306 3663 363 τις

1559 669 2471 829 ORIGENIS

893 969 1053 1095 ΙΝ
1150 964 1968 1098 CANTICUM
2082 965 3129 1101 CANTICORUM

1423 1228 2042 1365 HOMILIA
2160 1229 2603 1341 PRIMA

913 1468 1694 1558 INTEBPRETE
1775 1464 2070 1561 ιιινο
2142 1466 2895 1562 HIERONYMO
2969 1453 3084 1563 (⁵).

436 1813 546 1885 12
563 1813 867 1882 L'Quomollo
894 1814 1188 1872 didicimus
1205 1831 1308 1888 per
1324 1815 1520 1876 Mosen
1549 1818 1800 1891 quaedam
1831 1834 1944 1876 esse

2059 1816 2321 1887 fortitudo
2347 1834 2485 1884 mea,
2500 1827 2550 1872 et
2574 1818 2839 1888 refugium
2866 1837 3058 1887 meum,
3081 1831 3130 1877 el
3146 1821 3403 1879 liberator
3418 1840 3562 1881 meas
3579 1823 3648 1883 “.

348 1923 474 1963 mon
505 1910 681 1964 solum
714 1918 925 1975 sancta,
954 1910 1049 1965 sed
1077 1918 1134 1966 et
1147 1908 1358 1967 “Sancta
1386 1922 1702 1969 sanctorum
1723 1956 1738 1980 ,
1771 1923 1826 1969 et
1846 1914 1952 1969 alia
2060 1908 2492 1964 Pet-veniendum
2519 1910 2613 1964 tibi
2637 1921 2723 1965 cst
2745 1911 2813 1964 ad
2848 1911 3068 1977 Isaiam,
3090 1921 3150 1967 ut
3172 1928 3299 1968 cum
3330 1916 3425 1970 illo
3448 1916 3645 1974 dicas:

348 2014 473 2053 dion
498 2007 710 2055 tantum
728 1999 989 2069 Sabbala,
1009 2002 1103 2057 sed
1120 2012 1174 2058 et
1196 2002 1430 2060 Sublata
1446 2006 1803 2061 sabbatorum
1828 2024 1844 2071 ;
1873 2007 1953 2063 sic
2054 2000 2296 2057 Caulabo
2332 2002 2599 2055 canticum
2630 2002 2824 2056 dilecto
2868 2003 2943 2074 (4)
2972 2004 3136 2059 vinea!
3163 2021 3290 2059 mea:
3316 2005 3384 2059 δ’.
3425 2004 3648 2063 Etcum

347 2108 511 2148 animo
560 2094 825 2151 docemur
867 2097 1141 2155 scribente
1186 2099 1485 2156 Salomone
1525 2117 1650 2159 esse
1698 2102 1949 2173 quaedam

344 2199 469 2239 non
520 2187 696 2242 solum
747 2189 1000 2255 cantica,
1055 2192 1155 2248 sed
1201 2202 1256 2248 et
1305 2193 1533 2251 Cantica
1582 2196 1947 2253 canticorum.

360 2279 563 2339 Beatus
587 2282 806 2351 quidem
839 2283 886 2339 is
913 2284 1007 2354 qui
1042 2284 1345 2357 ingreditur
1371 2299 1587 2353 sancta,
1618 2288 1713 2343 sed
1736 2287 1951 2343 beatior

357 2375 449 2444 qui
486 2374 791 2444 ingreditur
811 2374 1020 2431 “Sancta
1061 2386 1402 2433 sanctorum.
1439 2378 1639 2451 Beatus
1682 2379 1776 2449 qui
1817 2380 1949 2436 sab-

350 2468 481 2522 bata
516 2467 851 2534 sabbatizat,
879 2468 973 2525 sed
1010 2469 1221 2525 beatior
1249 2469 1346 2539 qui
1386 2469 1696 2525 sabbatizat
1748 2470 1949 2525 sabba-

348 2567 540 2613 εωιιιιιι
575 2558 837 2616 Sabbata.
866 2560 1072 2615 Beatus
1103 2560 1356 2616 similiter
1384 2569 1438 2614 et
1477 2560 1523 2615 is
1552 2561 1648 2630 qui
1695 2561 1949 2632 intelligit

347 2648 581 2703 cantica
623 2660 681 2708 et
700 2651 860 2708 canit
886 2667 950 2708 ea
977 2670 997 2707 ι
1034 2666 1197 2707 nemo
1226 2650 1430 2719 quippe
1461 2651 1569 2705 nisi
1602 2650 1659 2704 in
1692 2652 1953 2707 solemni-

346 2744 565 2799 tatibus
614 2744 767 2799 canit
792 2762 818 2798 .:
855 2744 951 2799 sed
1013 2744 1188 2799 multo
1242 2743 1454 2798 beatior
1510 2742 1602 2798 ille
1651 2742 1746 2812 qui
1799 2742 1951 2798 canit

357 2833 586 2890 Cantica
619 2834 982 2890 canticorum.
1028 2833 1095 2888 Et
1140 2835 1282 2890 sicut
1328 2834 1373 2890 is
1404 2832 1498 2904 qui
1543 2833 1849 2905 ingreditur
1890 2834 1944 2891 in

344 2923 563 2980 ‘Sancta
590 2964 606 2989 ,
644 2924 893 2995 pluribus
922 2925 1106 2980 adhuc
1145 2924 1386 2995 indiget,
1422 2933 1481 2979 ut
1514 2925 1690 2980 valeat
1720 2925 1948 2981 introire

357 3018 413 3072 in
456 3015 657 3072 Sancta
708 3024 1068 3085 sanctorum;
1116 3025 1169 3072 et
1217 3020 1311 3088 qui
1355 3016 1654 3073 Sabbatum
1705 3017 1947 3074 celebrat

344 3109 503 3180 quod
539 3125 570 3164 a
601 3109 836 3165 Domino
870 3109 1073 3180 populo
1110 3110 1475 3166 constitutum
1502 3119 1616 3176 est,
1643 3110 1817 3165 multa
1846 3112 1945 3167 ad-

2054 2095 2311 2149 univcrsa
2340 2094 2649 2160 transieris,
2681 2097 2748 2149 ad
2784 2096 2978 2153 altiora
3006 2098 3336 2164 conscende,
3374 2108 3434 2154 ut
3461 2100 3645 2169 possis

2051 2186 2232 2240 anima
2264 2185 2465 2241 decora
2493 2202 2619 2240 cum
2651 2202 2888 2257 sponso,
2914 2197 2969 2243 et
2992 2188 3097 2244 hoc
3127 2204 3323 2245 canere
3355 2188 3646 2246 Canticum

2050 2280 2415 2335 canticorum.
2459 2278 2564 2334 Sed
2593 2288 2727 2348 quot
2751 2296 2815 2333 ex
2847 2282 3096 2350 personis
3122 2291 3358 2350 constet,
3400 2282 3655 2355 incertus,

2052 2386 2198 2426 sum.
2231 2370 2537 2427 Orantilms
2562 2381 2748 2427 autem
2773 2371 2954 2436 vobis,
2980 2380 3036 2426 et
3070 2372 3343 2428 revelante
3387 2372 3644 2441 Domino,

2050 2471 2290 2531 quatuor
2323 2461 2456 2515 mihi
2490 2461 2542 2515 in
2575 2462 2662 2517 his
2694 2462 2884 2517 videor
2936 2462 3211 2519 invenisse
3240 2478 3527 2535 personas,
3557 2464 3644 2519 vi-

2054 2566 2172 2604 rum
2200 2561 2253 2604 et
2280 2566 2576 2620 sponsam,
2610 2567 2736 2606 cum
2767 2567 2969 2621 sponsa
3009 2554 3467 2621 adolescentulas,
3513 2570 3641 2611 cum

2053 2655 2259 2711 sponso
2291 2641 2561 2696 sodalium
2610 2656 2822 2712 greges.
2873 2642 2994 2698 Alia
3035 2644 3295 2701 dicuntur
3343 2662 3373 2701 a
3415 2634 3649 2716 sponsa,

2050 2732 2159 2787 alia
2201 2748 2232 2787 a
2274 2748 2515 2802 sponso,
2555 2735 2819 2790 nonnulla
2860 2751 2890 2790 a
2926 2735 3270 2805 juvenculis,
3323 2738 3572 2808 quaedam
3611 2755 3645 2795 a

2049 2823 2332 2879 sodalibus
2395 2824 2609 2895 sponsi.
2670 2825 2990 2897 Congruum
3058 2828 3260 2898 quippe
3314 2837 3398 2884 est
3467 2838 3529 2885 ut
3585 2830 3643 2886 in

2051 2916 2259 2982 nuptiis
2278 2916 2813 2973 adulescentulorum
2834 2919 2910 2975 sit
2932 2919 3225 2975 multitudo
3255 2935 3381 2977 cum
3408 2937 3639 2994 sponsa,

2044 3008 2309 3079 juvenum
2346 3010 2506 3064 turba
2535 3025 2663 3065 cum
2710 3026 2935 3080 sponso.
2988 3010 3116 3069 Haec
3142 3014 3328 3070 omnia
3361 3014 3472 3070 noli
3504 3014 3641 3071 foris

2049 3116 2316 3172 quaerere,
2351 3102 2464 3157 noli
2492 3111 2648 3158 extra
2675 3118 2773 3159 eos
2805 3105 2900 3174 qui
2932 3098 3320 3175 praedicatione
3356 3105 3639 3179 Evangelii

352 3176 464 3261 liuc
506 3202 820 3257 necessaria
870 3176 1036 3259 ila-bet
1058 3242 1075 3269 ,
1126 3211 1185 3258 ιιι
1219 3213 1343 3274 agat
1393 3202 1634 3259 Sabbala
1683 3204 1942 3261 sabbato.
2050 3194 2242 3249 salvati
2275 3203 2426 3249 ευιιι.
2450 3193 2732 3252 Christum
2764 3212 3027 3268 sponsum
3052 3198 3313 3271 intelligo,
3333 3176 3637 3257 Ecclesiam

353 3309 515 3361 rum;
560 3295 752 3350 eodem
819 3296 987 3351 modo
1034 3294 1254 3351 diﬂicile
1298 3296 1569 3366 reperitur
1617 3297 1711 3367 qui
1757 3296 1944 3353 omnia

340 3402 476 3458 qua:
525 3386 580 3441 in
629 3385 931 3456 Scripturis
979 3387 1332 3443 continentur
1361 3389 1576 3444 cantica
1608 3404 1941 3461 peragrans,

347 3478 534 3534 valeat
587 3477 886 3534 ascendere
931 3478 999 3535 ad
1043 3479 1269 3536 Cantica
1320 3482 1686 3537 canticorum.
1745 3482 1941 3553 Egredi

352 3578 571 3641 oportet
598 3586 665 3626 ex
699 3570 939 3643 Egypto
961 3612 974 3637 ,
1017 3581 1072 3628 et
1102 3588 1389 3644 egressum
1423 3574 1492 3629 de
1532 3586 1676 3629 terra
1722 3573 1940 3645 Iligypti

352 3662 688 3732 pertransire
720 3676 873 3718 mare
904 3663 1187 3729 Rubrum,
1222 3672 1284 3720 ut
1326 3665 1509 3734 possis
1537 3666 1779 3735 primum
1809 3680 1945 3722 can-

338 3755 521 3811 ticum
562 3770 779 3819 canere,
810 3755 1001 3812 dicens
1033 3772 1046 3809 :
1084 3754 1373 3812 Cantemus
1407 3756 1670 3822 Domino,
1714 3757 1944 3828 gloriose

347 3847 488 3901 anim
514 3846 889 3918 magniﬁcatus
936 3847 1094 3903 est”.
1124 3845 1279 3904 Licet
1303 3856 1488 3903 autem
1522 3848 1761 3920 primum
1788 3850 1944 3907 dixe-

340 3939 428 3993 ris
461 3940 773 4007 canticum,
824 3941 1007 3997 adhuc
1049 3941 1214 4013 longe
1256 3956 1316 3997 es
1352 3957 1382 3997 a
1415 3940 1650 3998 Cantica
1697 3944 1943 4000 cantico-

351 4045 498 4087 rum.
532 4029 860 4086 Perambula
892 4040 1095 4088 terram
1131 4033 1335 4089 deserti
1383 4033 1736 4104 spiritaliter,
1764 4036 1942 4092 donec

351 4125 540 4181 venias
570 4126 638 4180 ad
673 4133 896 4196 puteum
931 4139 1103 4196 quem
1127 4124 1388 4183 foderunt
1418 4141 1574 4196 reges
1595 4166 1609 4191 ,
1644 4136 1704 4181 ut
1749 4126 1821 4182 ibi
1854 4142 1943 4182 se-

342 4215 595 4271 cundum
627 4215 904 4271 canticum
938 4229 1130 4271 canas.
1174 4214 1425 4272 Pesthazc
1471 4216 1595 4273 veni
1641 4216 1710 4272 ad
1766 4215 1939 4272 vicina

348 4316 555 4365 samtae
588 4318 766 4375 terrae,
800 4316 861 4363 ut
887 4322 1054 4378 super
1080 4307 1341 4365 Jordanis
1383 4310 1561 4378 ripam
1608 4310 1943 4367 cottstitutus

342 4404 537 4452 cantes
570 4396 848 4452 canticum
881 4396 1043 4461 Mosi,
1072 4397 1262 4454 dicens
1296 4412 1315 4451 :
1346 4398 1609 4462 Attende,
1636 4399 1862 4464 caelum,
1888 4408 1940 4454 et

342 4485 566 4558 loquar,
597 4497 648 4542 et
683 4487 874 4542 audiat
907 4496 1051 4543 terra
1102 4486 1261 4543 verba
1303 4489 1413 4545 oris
1459 4490 1561 4544 mei
1576 4489 1643 4544 ³⁸.
1694 4488 1936 4545 Rursum
1967 4520 2013 4582 ο

349 4580 521 4636 habes
566 4579 939 4637 necessarium
985 4589 1045 4635 ut
1090 4580 1333 4647 milites,
1362 4590 1419 4638 et
1452 4591 1655 4637 terram
1684 4592 1936 4638 sanctam

352 4674 669 4729 haereditate
694 4673 1006 4744 possideas,
1035 4683 1091 4731 et
1119 4676 1241 4745 apis
1270 4675 1371 4731 tibi
1400 4677 1711 4745 propbetet,
1733 4684 1790 4732 et
1819 4675 1940 4744 apis

350 4777 405 4822 te
441 4765 651 4837 iudicet
680 4785 694 4821 :
726 4764 977 4821 Debbora
1004 4766 1208 4836 quippe
1238 4766 1359 4836 apis
1405 4767 1838 4835 interpretatur:
1878 4773 1941 4821 ut

350 4860 530 4931 possis
553 4865 609 4914 et
636 4858 770 4914 illud
803 4873 1050 4923 carmen,
1074 4858 1225 4928 quod
1258 4857 1313 4913 in
1343 4857 1488 4915 libro
1518 4856 1774 4913 Judicum
1801 4872 1941 4913 con-

350 4954 640 5017 tinetur“,
671 4952 903 5009 edicere.
930 4951 1010 5007 Ad
1038 4950 1355 5024 Regnorum
1379 4952 1640 5023 deinceps
1674 4951 1934 5009 volumen

349 5048 656 5105 ascendens
681 5046 805 5103 veni
836 5045 905 5101 ad
928 5045 1203 5101 canticum
1233 5045 1459 5117 quando
1488 5043 1659 5101 David
1696 5043 1836 5115 fugit
1865 5043 1937 5100 de

348 5142 605 5198 manibus
644 5140 892 5195 omnium
922 5139 1274 5195 inimicorum
1308 5153 1537 5194 suorum
1565 5147 1621 5194 et
1655 5137 1727 5195 de
1764 5151 1934 5193 manu

350 5231 514 5299 Snul,
567 5243 625 5290 et
674 5234 812 5289 dixit
845 5249 860 5288 :
891 5232 1151 5288 Dominus
1196 5231 1594 5302 ﬁrmamentum
1625 5245 1834 5297 meum,
1881 5238 1941 5283 et.

2049 3300 2311 3356 sponsam
2358 3286 2481 3342 sine
2527 3289 2742 3343 macula
2790 3301 2846 3344 et
2883 3305 3054 3360 ruga,
3097 3289 3167 3345 de
3212 3306 3321 3359 qua
3371 3292 3639 3362 scriptum

2046 3386 2133 3432 est
2166 3392 2180 3428 :
2221 3374 2289 3432 Ut
2317 3376 2582 3434 exhiberet
2617 3380 2721 3434 sibi
2747 3381 3038 3451 gloriosam
3081 3380 3387 3457 Ecclesium.
3409 3400 3515 3439 non
3540 3385 3641 3441 Ita-

2047 3469 2250 3524 beutem
2276 3471 2576 3536 maculant,
2610 3489 2777 3542 neque
2807 3490 3028 3544 rugam,
3054 3484 3148 3529 aut
3182 3474 3387 3547 aliquid
3413 3493 3596 3532 eorum
3617 3518 3637 3543 ,

2045 3564 2137 3617 sed
2178 3572 2235 3618 ut
2266 3566 2336 3618 sit
2380 3573 2569 3619 sancta
2618 3576 2669 3620 et
2720 3567 3152 3623 immaculata”.
3200 3567 3310 3625 Eos
3358 3585 3490 3626 vero
3541 3572 3637 3641 qui

2046 3671 2174 3712 cum
2206 3657 2321 3711 sint
2345 3657 2558 3726 ﬁdeles,
2590 3674 2698 3715 non
2727 3666 2857 3719 sunt
2885 3668 3066 3714 tamen
3097 3659 3410 3717 istiusmodi
3444 3664 3637 3732 quales

2045 3765 2231 3805 sermo
2274 3749 2537 3820 praefatus
2575 3761 2698 3818 est,
2744 3753 2838 3808 sed
2877 3752 3036 3821 juxta
3084 3751 3308 3809 modum
3340 3754 3635 3824 quemdam

2045 3840 2228 3911 adepti
2275 3841 2530 3896 videntur
2569 3842 2837 3906 salutem,
2883 3842 3258 3901 animadverte
3291 3845 3632 3902 credentium

2045 3934 2262 3991 animas
2288 3945 2341 3990 et
2369 3934 2809 3992 adolescentuler
2831 3950 2955 3992 esse
2983 3951 3108 3991 cum
3142 3952 3368 4009 sponsa.
3396 3938 3635 4009 Angelos

2043 4043 2207 4093 vero,
2234 4036 2289 4084 et
2321 4042 2419 4086 eos
2449 4028 2544 4098 qui
2591 4037 2960 4098 pervenerunt
2990 4028 3047 4082 in
3078 4030 3251 4085 virum
3285 4030 3590 4101 perfectum
3616 4072 3634 4098 ,

2044 4123 2284 4195 intelligo
2312 4125 2460 4189 viros
2481 4139 2608 4183 cum
2640 4139 2866 4195 sponso.
2908 4123 3038 4180 Inde
3069 4124 3235 4197 igitur
3274 4126 3413 4185 mihi
3443 4127 3637 4183 viden-

2044 4227 2136 4270 tur
2167 4225 2406 4286 quatuor
2443 4216 2695 4283 ordines,
2735 4232 2906 4273 unum
2937 4222 2994 4271 et
3028 4233 3229 4283 unam,
3260 4217 3401 4273 duos
3430 4219 3635 4274 choros

2044 4308 2188 4363 inter
2228 4323 2288 4363 se
2327 4307 2714 4375 concinentes,
2762 4321 3024 4379 sponsam
3056 4323 3254 4364 canere
3280 4323 3405 4365 eum
3439 4308 3636 4379 juven-

2046 4400 2205 4468 culis,
2239 4415 2504 4471 sponsum
2541 4415 2740 4456 canere
2771 4416 2897 4456 cum
2932 4400 3116 4456 sociis.
3157 4398 3222 4457 Et
3258 4414 3386 4456 cum
3417 4401 3524 4458 hoc
3546 4402 3635 4458 in-

2045 4493 2340 4560 tellexeris,
2370 4493 2501 4549 audi
2535 4493 2826 4551 Canticum
2853 4492 3220 4561 canticorum,
3242 4501 3297 4549 et
3324 4492 3525 4550 l‘estina
3554 4494 3635 4549 in-

2049 4583 2295 4654 telligere
2326 4583 2459 4638 illud
2480 4592 2535 4639 ct
2566 4598 2692 4639 cum
2723 4598 2926 4654 sponsa
2959 4582 3144 4639 dicere
3175 4598 3241 4639 ea
3272 4599 3398 4654 qua:
3425 4599 3631 4654 sponsa

2042 4675 2219 4741 dicit,
2261 4682 2322 4732 ut
2350 4674 2544 4733 audias
2569 4692 2694 4747 quae
2733 4675 2946 4733 audivit
2988 4684 3044 4732 et
3082 4691 3307 4747 sponsa.
3354 4675 3412 4733 Si
3441 4687 3628 4734 autem

2043 4783 2155 4823 non
2192 4768 2436 4838 potueris
2466 4768 2650 4825 dicere
2686 4784 2814 4826 cum
2849 4783 3055 4840 sponsa
3093 4784 3218 4840 quae
3250 4768 3408 4835 dixit,
3437 4778 3498 4825 ut
3525 4784 3628 4826 au-

2040 4859 2161 4915 dias
2198 4874 2260 4914 ea
2294 4875 2418 4929 qua:
2460 4859 2606 4916 dicta
2653 4869 2784 4916 sunt
2836 4875 3085 4931 sponsae,
3133 4859 3332 4917 festina
3374 4861 3459 4917 vel
3502 4877 3629 4918 cum

2032 4951 2233 5023 sponsi
2270 4952 2555 5009 sodalibus
2597 4952 2736 5008 ﬁeri.
2782 4950 2959 5009 Porro
2991 4952 3037 5009 si
3066 4963 3123 5010 et
3150 4953 3260 5010 illis
3286 4952 3516 5011 inferior
3544 4969 3629 5019 es,

2043 5056 2166 5102 esto
2195 5060 2323 5102 cum
2366 5044 2829 5112 adolescentulis,
2874 5060 3001 5115 qua
3058 5046 3116 5101 in
3161 5061 3379 5117 sponsae
3416 5046 3635 5103 deliciis

2042 5144 2476 5192 commorantur.
2517 5133 2613 5191 lite
2646 5135 2849 5206 quippe
2892 5134 2947 5190 in
2982 5135 3086 5191 hoc
3119 5135 3286 5205 libro,
3318 5135 3500 5192 fabula
3531 5152 3630 5206 pa-

2044 5229 2200 5297 riter,
2216 5226 2288 5285 ει
2310 5228 2665 5301 epithalamio
2693 5236 2825 5285 sunt
2853 5242 3104 5299 persona:
3134 5246 3150 5284 :
3182 5245 3248 5285 ex
3275 5243 3386 5300 quo
3411 5237 3466 5284 ct
3500 5244 3630 5299 gen-

417 5388 463 5421 ³⁸
500 5375 673 5447 Exod.
707 5408 797 5459 xv,
837 5390 887 5445 i.
965 5390 1011 5423 ³⁸
1051 5390 1211 5447 Deut.
1244 5406 1418 5456 xxxtt,
1457 5390 1510 5445 Ι.
1585 5390 1631 5423 ⁸⁸
1658 5388 1839 5446 Judic.
1876 5406 1930 5445 ν.

2045 5391 2048 5420 λ
2076 5386 2120 5443 11
2148 5386 2284 5460 Reg.
2318 5404 2455 5454 xxn,
2485 5388 2541 5444 ε.
2622 5387 2669 5420 ι’
2692 5384 2799 5445 lsa.
2835 5404 2889 5455 v,
2918 5388 2968 5443 1.
3008 5352 3023 5367 κ
3045 5388 3093 5420 ⁸³
3126 5386 3327 5459 Epiros.
3350 5401 3404 5453 ν,
3424 5385 3518 5444 27.

417 5529 495 5600 (5)
532 5529 756 5587 Collatze
783 5538 914 5589 sunt
957 5532 1039 5587 hae
1087 5532 1328 5588 bomilitc
1353 5548 1479 5588 cum
1524 5547 1658 5588 mss.
1695 5532 1718 5586 l
1753 5532 1922 5588 abbao

346 5600 435 5657 tiae
480 5600 538 5656 S.
576 5600 720 5655 Petri
751 5604 818 5658 de
858 5602 1165 5659 Sclincurte
1191 5604 1402 5659 ordinis
1430 5602 1922 5659 Prenionstratcn-

2104 5529 2182 5603 (ι)
2223 5528 2324 5603 Sig
2341 5529 2504 5583 habet
2537 5528 2706 5603 codex
2732 5526 3197 5603 Sclincurtianus.
3233 5522 3626 5603 Laudunen‘sis

2032 5595 2250 5657 vero'et
2280 5598 2663 5667 Turonensis,
2714 5600 2989 5653 dilectum.
3017 5595 3192 5669 _Libri
3246 5605 3407 5650 antea
3462 5599 3614 5668 editi,

346 5670 443 5746 sis,
484 5672 504 5724 l
538 5672 785 5746 ecclesiae
815 5674 1165 5746 catliedralis_
1196 5674 1605 5745 Laudunensis,
1639 5674 1663 5728 1
1701 5674 1923 5746 Maioris
2033 5672 2261 5727 dilectie.

346 5741 684 5810 Mortasterii,
726 5744 747 5796 ι
786 5744 1101 5802 monasterii
1133 5742 1442 5802 Beccensis.
