4134 6570
1032 172 1142 205 μεθ’

826 226 835 232 .
886 208 1059 233 ,σο-δ·-

492 298 566 353 59
1580 295 1969 354 ORICENISIN
1996 296 2367 359 CANTlCliH
2406 302 2683 363 CANTIC.
3695 302 3763 358 ill

494 394 617 446 tiles
640 389 744 446 sibi
770 388 1187 455 epithalamium
1206 389 1574 455 vindicarunt,
1593 404 1641 448 ct
1676 395 1833 449 istius
1863 396 2080 465 generis
2109 399 2152 456 Α
2187 397 2351 452 modo
2379 410 2464 454 est
2488 402 2712 471 quidam
2749 407 2988 463 carnalis
3016 409 3194 478 cibus,
3218 420 3273 466 et
3304 412 3445 468 alius
3476 413 3772 484 spiritalis;

491 500 714 539 carmen
746 497 1092 553 assumptum
1121 496 1205 540 cst
1228 493 1330 553 (5).
1356 480 1777 555 Epithalamium
1801 488 2075 556 siquidem

489 575 780 630 Canticum
830 577 1191 631 canticorum.
1248 576 1493 631 Primum
1550 593 1753 647 sponsa
1811 588 1968 641 orat,
2022 589 2078 632 et

491 671 674 723 statim
708 670 760 723 in
790 670 985 724 mediis
1013 671 1265 739 precibus
1295 672 1536 726 auditur.
1572 670 1728 725 Videt
1750 680 2076 741 prasentem

493 778 780 830 Sponsum,
806 761 951 816 videt
993 762 1433 818 adulescentulas
1457 779 1559 818 suo
1588 763 1874 821 comitatui
1901 778 2077 834 copu-

493 853 629 905 latas
700 852 900 905 Deinde
946 868 1104 922 rcspo
1128 855 1231 907 idet
1259 853 1308 908 ei
1341 868 1618 923 sponsus:
1650 863 1705 907 et
1734 863 1858 924 post
1885 854 2075 924 sponsi

489 948 609 1014 einq
638 947 704 998 eia
728 986 744 1009 ,
779 946 909 998 dum
943 946 1029 998 ille
1074 961 1175 1014 pro
1206 945 1326 1013 ejtts
1355 945 1560 1011 patitur
1601 945 1809 1007 salute,
1846 961 2077 1015 respon-

487 1040 617 1091 dent
665 1040 911 1102 sodales,
964 1040 1140 1093 dotwe
1187 1048 1428 1111 sponsus
1450 1038 1528 1092 sit
1559 1039 1614 1093 in
1647 1040 1931 1105 recubitu,
1966 1048 2015 1094 et
2041 1052 2073 1095 ι

491 1133 743 1199 passione
774 1139 1104 1201 consurgat,
1129 1146 1187 1183 se
1213 1129 1462 1197 quzedam
1498 1146 1715 1203 sponsa:
1747 1143 2075 1190 ornamenta

488 1226 751 1279 ﬁtt'lttt'tts.

555 1320 611 1372 2.
655 1317 854 1373 Verum
899 1316 1011 1385 jam
1049 1315 1164 1384 ipsa
1195 1315 1356 1370 verba
1391 1316 1637 1385 ponenda
1672 1327 1833 1384 sttut,
1869 1317 1923 1372 in
1952 1319 2077 1387 qui-

487 1413 589 1466 lnts
622 1427 771 1481 prius
804 1426 904 1462 vos
940 1426 1157 1478 sponsa.-
1188 1410 1531 1478 deprecantis
1565 1411 1804 1465 auditur.
1842 1410 1999 1480 (Cap.
2037 1427 2075 1474 t,

484 1520 628 1559 vers.
656 1501 840 1573 1:)13
862 1501 1142 1554 Osculetnr
1159 1517 1235 1554 me
1254 1501 1434 1555 osculo
1451 1504 1558 1556 oris
1580 1520 1685 1557 sat.
1704 1501 1948 1569 Quorum
1972 1503 2078 1558 iste

484 1608 565 1652 cst
607 1613 803 1651 sensus
832 1614 845 1650 :
874 1595 1173 1665 Quousque
1218 1611 1458 1666 sponsus
1499 1611 1655 1651 meus
1687 1597 1852 1650 mittit
1884 1597 2074 1652 oscula

486 1706 581 1759 per
607 1689 833 1752 .il..sctn,
865 1690 1029 1742 mittit
1056 1691 1242 1742 oscula
1271 1705 1367 1758 per
1395 1688 1727 1758 prophetas?
1749 1688 1868 1743 .lam
1901 1690 2074 1759 ipsius

2181 496 2229 540 et
2267 489 2377 545 alia
2410 493 2594 549 carnis
2636 498 2808 565 potio,
2856 499 2964 554 alia
3000 502 3263 559 soiritur
3306 505 3391 556 sic
3427 515 3514 558 est
3549 506 3771 560 uuidant

2180 592 2336 631 amor
2368 582 2550 635 carnis
2579 598 2608 636 a
2636 582 2833 640 Satana
2860 589 3106 654 veniens,
3136 592 3279 645 alius
3308 607 3464 647 amor
3484 609 3710 662 sptrttus
3740 612 3773 650 ι

2183 667 2295 755 Deo
2310 675 2594 730 exordium
2638 677 2846 734 Itatsens
2866 721 2881 744 ,
2922 692 2973 737 et
2998 698 3158 738 nemo
3180 696 3355 755 potest
3383 687 3594 741 duobus
3618 702 3774 743 auto-

2180 752 2334 816 tiints
2360 765 2654 834 possideri.
2707 769 2763 824 Si
2800 772 2985 827 carnis
3028 752 3246 829 amator
3277 792 3360 842 es,
3391 793 3634 833 amorem
3667 780 3776 850 spi-

2182 854 2319 911 ritus
2348 874 2454 912 non
2481 861 2656 930 capis.
2690 860 2747 917 Si
2772 865 2956 919 omnia
2983 868 3287 937 corporalia
3312 870 3630 939 despexisti,
3660 887 3771 928 non

2181 948 2305 1002 dico
2336 966 2555 1006 carnem
2588 964 2683 1008 aut
2723 957 3071 1028 sanguinem,
3100 960 3194 1017 sed
3238 972 3527 1029 argentum
3560 972 3614 1018 et
3644 979 3772 1033 pos-

2180 1038 2474 1102 sessiones,
2494 1041 2593 1096 sed
2619 1041 2792 1113 ipsam
2823 1056 3030 1101 terram
3075 1049 3366 1120 ipsamque
3393 1051 3620 1117 cmium,
3652 1055 3769 1109 inec

2179 1130 2380 1199 quippe
2424 1135 2874 1200 pertransibunt:
2914 1140 2959 1193 si
3001 1139 3102 1194 ista
3137 1142 3322 1195 omnia
3367 1145 3769 1214 contempsisti,

2178 1229 2234 1275 et
2270 1223 2337 1277 ad
2370 1224 2577 1279 nullum
2607 1227 2800 1282 ltorutn
2851 1232 3033 1285 anima
3061 1241 3151 1286 tua
3187 1234 3239 1285 o!
3263 1234 3421 1302 ligata
3456 1245 3560 1301 est,
3594 1252 3774 1307 neque

2177 1330 2455 1384 quoquam
2489 1319 2745 1374 vitiorum
2783 1339 2972 1378 amore
3013 1326 3299 1391 retinct'is,
3340 1341 3494 1397 putes
3526 1344 3769 1385 amorem

2178 1423 2373 1474 capere
2425 1410 2751 1479 spiritalem.
2806 1412 2882 1468 lta
2932 1415 3102 1470 locuti
3159 1432 3351 1472 sumus
3401 1420 3531 1487 quia
3589 1420 3773 1477 evenit

2176 1501 2421 1565 occasio,
2470 1512 2529 1556 ttt
2575 1503 2643 1559 de
2689 1520 2879 1560 amore
2924 1507 3156 1576 spiritali
3202 1510 3389 1580 aliqua
3436 1509 3767 1567 diceremus.

2184 1589 2413 1660 Expedit
2454 1604 2635 1647 autent
2684 1597 2844 1651 nobis
2878 1596 3191 1651 Salomonis
3235 1602 3510 1653 custodire
3562 1615 3771 1671 praece-

2180 1695 2368 1752 ptunt,
2412 1695 2465 1739 et
2509 1687 2684 1756 magis
2730 1688 2877 1742 illius
2911 1694 3003 1758 qui
3048 1706 3142 1759 per
3182 1691 3530 1745 Salomonem
3581 1694 3772 1762 loque-

484 1783 647 1852 cupio
688 1797 780 1833 ora
814 1782 1158 1850 contingere,
1204 1782 1318 1850 ipse
1352 1784 1550 1847 ν.-ηΞ;ιι,
1598 1782 1712 1847 ipse
1755 1783 2070 1838 descendat.

2180 1778 2359 1841 tatur,
2406 1774 2473 1830 de
2505 1778 2770 1847 sapientia
2811 1779 2884 1833 ita
2925 1756 3150 1845 dicens:
3182 1784 3314 1834 Ama
3360 1783 3532 1847 illaut,
3564 1795 3615 1837 et
3650 1756 3768 1837 ier-

483 1876 613 1927 Orat
638 1866 808 1943 igitur
831 1874 1015 1942 sponsi
1041 1867 1281 1935 Patrem,
1311 1881 1363 1924 et
1394 1871 1523 1926 dicit
1552 1872 1622 1926 ad
1654 1887 1778 1925 eum
1806 1888 1819 1923 :
1846 1871 2074 1927 Oscula-

484 1976 573 2019 tur
591 1978 672 2018 nte
695 1966 874 2019 Ost'ttlo
901 1966 1008 2018 oris
1037 1965 1140 2017 sai.
1181 1963 1244 2018 Et
1277 1967 1405 2033 quia
1441 1964 1564 2018 talis
1596 1973 1678 2017 est
1714 1973 1773 2017 ut
1800 1964 2076 2035 complea-

484 2069 573 2112 tur
622 2072 791 2128 super
828 2072 945 2111 eant
997 2055 1372 2126 propheticum
1421 2056 1552 2109 iilttd
1594 2056 1649 2109 itt
1692 2072 1804 2126 quo
1841 2057 2069 2111 dicitur:

480 2150 669 2204 Adhuc
726 2160 774 2202 te
813 2150 1053 2218 loquente
1109 2148 1283 2201 dicam
1314 2161 1333 2200 :
1378 2147 1509 2203 Ecce
1537 2150 1764 2214 adsum;
1815 2162 2073 2220 sponsum

483 2239 669 2307 sponsi
706 2238 865 2293 Pater
893 2238 1137 2303 chudit,
1170 2237 1337 2291 mittit
1382 2236 1585 2293 Filium
1632 2252 1815 2293 suum.
1868 2237 2076 2297 Videns

482 2326 569 2384 illa
615 2346 739 2384 eum
786 2331 945 2399 cujus
982 2329 1379 2399 deprecabatur
1425 2329 1742 2392 adventum.
1780 2346 1942 2385 orare
1980 2332 2077 2386 de»

480 2424 641 2489 stitit,
695 2433 747 2479 et
799 2425 865 2477 ad
920 2438 1042 2478 euut
1097 2425 1347 2481 cominus
1398 2426 1663 2495 loquitur.
1709 2423 1889 2496 (Vers.
1921 2425 2073 2493 1-2.)

484 2516 751 2582 Quoniam
791 2517 926 2570 bona
968 2517 1129 2570 ubera
1168 2528 1260 2571 tua
1294 2532 1456 2587 super
1488 2521 1690 2581 vinum,
1724 2529 1773 2573 et
1812 2518 1946 2572 odor
1976 2534 2075 2573 au-

480 2618 793 2681 gueutorunt
833 2617 1044 2662 tuorunt
1085 2623 1240 2678 super
1279 2611 1458 2663 omnia
1494 2620 1761 2665 aromata.
1818 2610 2073 2681 Sponsus

484 2701 651 2770 igitur
695 2697 951 2754 Christus
1002 2700 1204 2755 missus
1258 2716 1294 2754 'a
1341 2698 1502 2755 Patre
1554 2700 1703 2755 venit
1756 2711 1955 2757 unctus
2002 2701 2071 2757 ad

480 2806 775 2860 sponsam,
816 2799 869 2844 et
912 2790 1113 2844 dicitur
1157 2791 1224 2844 ad
1265 2806 1389 2845 eum
1426 2807 1440 2843 :
1494 2788 1743 2844 Dilexlsti
1783 2791 2069 2857 iustitiam,

476 2893 525 2937 ει
551 2882 713 2935 odisti
751 2881 1106 2950 iniquitatem,
1143 2889 1420 2949 propterea
1465 2882 1618 2934 unxit
1670 2892 1719 2935 te
1744 2880 1905 2946 Deus,
1931 2882 2072 2937 Deus

478 2988 602 3030 tuus
639 2972 756 3026 oleo
798 2973 1171 3027 exsultatiouis
1216 2985 1328 3042 pra:
1372 2973 1726 3043 participibus
1783 2975 1887 3028 tuis
1911 2973 1977 3029 “.
2012 2973 2071 3030 Si

478 3082 566 3124 me
611 3066 847 3137 tetigerit
901 3080 1158 3135 sponsus,
1207 3073 1269 3119 et
1307 3079 1412 3134 ego
1449 3065 1577 3120 boni
1624 3065 1810 3121 odoris
1854 3081 1972 3133 ero,
2018 3078 2142 3154 etc

475 3177 578 3231 ego
605 3159 766 3214 liniar
795 3157 1108 3229 unguentis,
1137 3166 1192 3212 et
1223 3157 1290 3211 ad
1321 3173 1407 3212 me
1431 3174 1607 3229 usque
1634 3158 1755 3228 ejus
1782 3170 2061 3230 unguenta

475 3253 814 3324 pervenient,
850 3260 907 3305 ut
937 3252 1143 3321 possim
1176 3266 1302 3306 cum
1326 3251 1588 3321 Apostolo
1613 3249 1795 3306 dicere
1821 3270 1837 3306 :
1863 3251 2064 3307 Christi

476 3346 642 3400 bonus
675 3345 807 3398 odor
831 3360 1014 3399 sumus
1056 3344 1108 3396 in
1148 3343 1292 3396 omni
1325 3343 1440 3396 loco
1478 3343 1544 3397 ⁸⁸.
1578 3341 1690 3399 Nos
1723 3354 1906 3399 autem
1936 3359 2062 3400 cum

476 3439 592 3492 inec
609 3435 940 3501 audivimus,
956 3434 1135 3489 adhuc
1152 3423 1389 3505 peccatis
1414 3435 1672 3506 vitiisque
1696 3435 1974 3503 latemus,
1998 3435 2066 3492 de

475 3529 676 3598 quibus
694 3528 955 3598 propheta
971 3528 1242 3597 paenitens
1257 3527 1531 3599 loquitur:
1552 3527 1876 3583 Putrtteruut
1893 3540 1942 3584 et
1956 3547 2068 3584 cor-

476 3630 648 3689 rupta:
666 3633 788 3674 sunt
816 3620 1091 3672 cicatrices
1109 3634 1237 3673 mea:
1265 3635 1297 3671 a
1316 3619 1470 3695 facie
1497 3619 1820 3689 insipientia:
1850 3620 2062 3675 mea“.

475 3711 769 3766 Peccatum
803 3710 987 3765 odoris
1016 3718 1100 3766 est
1125 3709 1320 3781 putidi,
1354 3710 1529 3766 virtus
1564 3713 1738 3781 spirat
1766 3723 2079 3783 unguenta,

475 3818 713 3872 quorum
750 3811 906 3874 typos
939 3803 1179 3873 reperies
1224 3802 1276 3857 itt
1309 3802 1521 3857 Exodo.
1569 3802 1816 3859 Invenies
1845 3821 2066 3875 quoque

475 3895 550 3948 ibi
604 3902 853 3957 stacten,
902 3894 1137 3964 onycha,
1192 3895 1511 3965 galbanum,
1548 3904 1603 3950 et
1647 3896 1879 3967 reliqua.
1938 3896 2063 3953 lla'c

475 3987 694 4057 quidem
739 3986 806 4039 ad
836 3985 1119 4041 incensum
1148 4002 1163 4037 :
1196 3987 1394 4041 deinde
1425 3987 1496 4041 ad
1528 4002 1668 4057 opus
1713 3991 2063 4059 unguentarii

474 4079 627 4134 varia
679 4084 980 4133 sumuntur
1021 4087 1329 4149 unguenta,
1395 4080 1450 4133 itt
1490 4080 1695 4149 quibus
1737 4090 1824 4135 est
1858 4081 2065 4137 nardus

475 4181 530 4226 ct
559 4180 751 4226 stacte.
825 4168 890 4224 Et
931 4168 1077 4225 Deus
1100 4172 1193 4241 qui
1225 4170 1354 4227 fecit
1385 4172 1586 4227 caelum
1627 4183 1681 4227 et
1723 4184 1943 4238 terram,
1981 4175 2064 4229 io-

476 4265 666 4334 quitur
693 4263 759 4317 ad
792 4260 1001 4325 Mosen,
1034 4262 1225 4318 dicens
1265 4280 1278 4318 :
1320 4263 1433 4334 Ego
1488 4264 1699 4334 implevi
1745 4282 1832 4320 eos
1870 4269 2063 4336 spiritu

476 4357 755 4425 sapientia:
792 4363 842 4409 et
883 4355 1206 4420 intellectus,
1246 4365 1305 4408 tu
1350 4356 1552 4425 faciant
1595 4372 1751 4428 opera
1787 4360 1921 4413 artis
1962 4375 2064 4413 un-

2177 1867 2317 1921 rabit
2365 1879 2448 1931 te;
2492 1870 2768 1923 circntnda
2817 1871 3002 1936 illam,
3037 1876 3087 1925 et
3127 1874 3386 1927 exaltabit
3433 1882 3518 1936 te:
3566 1877 3767 1929 honora

2177 1960 2352 2022 illam,
2404 1971 2459 2014 ut
2506 1970 2556 2014 te
2604 1963 2959 2031 amplectatur
2985 1963 3052 2017 “.
3090 1963 3181 2018 Est
3227 1968 3452 2035 quidam
3505 1968 3769 2037 spiritalia

2176 2054 2482 2122 amplexus,
2513 2062 2678 2123 atque
2726 2057 2935 2110 utinam
2989 2058 3272 2128 contingat
3302 2068 3359 2111 ut
3394 2075 3570 2112 meatu
3603 2072 3771 2130 spon-

2178 2160 2294 2199 sam
2336 2146 2543 2201 arctius
2571 2148 2650 2216 (6)
2696 2148 2884 2216 sponsi
2930 2149 3219 2219 amplexus
3266 2150 3532 2216 ina'udat,
3567 2162 3629 2207 ut
3667 2168 3770 2223 ego

2176 2251 2397 2307 quoque
2446 2239 2657 2307 possim
2705 2240 2887 2294 dicere
2933 2242 3081 2309 quod
3132 2241 3186 2295 in
3232 2242 3423 2296 tet-«ient
3460 2243 3602 2297 libro
3631 2245 3769 2298 scri-

2177 2338 2329 2399 ptttttt
2372 2339 2453 2382 est
2496 2347 2509 2383 :
2551 2328 2786 2384 Sinistra
2831 2331 2947 2400 eius
2989 2332 3085 2386 sub
3125 2335 3297 2404 capita
3322 2350 3455 2398 meo,
3485 2346 3533 2390 et
3578 2337 3769 2393 intra

2177 2421 2327 2474 illius
2363 2421 2760 2490 amplexabitur
2788 2440 2869 2479 me
2891 2426 2960 2489 δ’,

2246 2514 2299 2567 5.
2347 2514 2634 2568 Osculetur
2668 2530 2751 2569 sne
2786 2530 2917 2586 ergo
2953 2516 3134 2571 osculo
3169 2518 3280 2571 oris
3323 2519 3428 2573 sui.
3474 2516 3642 2573 Moris
3680 2528 3768 2573 est

2178 2602 2586 2675 Scriptum-um
2642 2606 3027 2677 imperativum
3083 2611 3305 2663 modum
3371 2627 3468 2680 pro
3525 2613 3769 2681 optutim

2173 2711 2400 2767 ponere,
2433 2706 2491 2751 ut
2527 2696 2602 2750 ibi
2631 2714 2646 2752 :
2672 2695 2839 2750 Pater
2867 2707 3048 2751 noster
3072 2699 3166 2768 qui
3196 2716 3250 2753 es
3284 2700 3337 2753 in
3369 2701 3537 2766 ralis,
3566 2703 3770 2755 cuncti-

2173 2788 2365 2858 ﬁcetur
2412 2804 2603 2843 nomen
2637 2800 2786 2842 tanta
2819 2790 2893 2852 “,
2928 2804 3052 2859 pro,
3099 2791 3319 2846 Utinam
3359 2793 3767 2860 aauctiticctur;

2174 2887 2229 2934 et
2257 2893 2406 2933 nunc
2440 2879 2494 2932 in
2525 2880 2782 2950 praesenti
2812 2899 2825 2934 :
2859 2880 3147 2934 Oscnletnr
3190 2898 3273 2936 me
3305 2883 3485 2935 oscula
3523 2884 3634 2938 oris
3658 2883 3766 2948 sui,

2174 2985 2277 3041 pro
2299 2984 2367 3025 co
2390 2970 2537 3041 quod
2570 2979 2678 3035 est,
2712 2968 2932 3025 Utinam
2964 2973 3271 3028 osculetur.
3317 2970 3517 3027 Deinde
3544 2972 3766 3044 conspi-

2175 3064 2249 3118 cit
2282 3078 2569 3133 sponsum.
2604 3061 2763 3117 Venit
2786 3062 3062 3119 delibutus
3105 3064 3402 3134 unguentis
3434 3081 3448 3117 :
3485 3079 3586 3117 nec
3610 3065 3771 3119 aiiter

2174 3154 2243 3210 ad
2275 3170 2536 3225 sponsam
2585 3163 2799 3225 poterat
2830 3156 3035 3222 venire,
3073 3170 3177 3211 nec
3202 3155 3431 3211 decebat
3454 3157 3614 3211 alter
3642 3154 3754 3211 Pa-

2176 3256 2313 3301 trem
2340 3246 2407 3301 ad
2433 3247 2656 3317 nuptias
2683 3246 2881 3302 Filium
2909 3247 3207 3303 destinare.
3237 3246 3416 3304 Variis
3449 3264 3576 3304 eum
3610 3249 3771 3305 unxit

2175 3341 2470 3410 unguentis
2500 3381 2515 3403 ,
2582 3339 2713 3396 fecit
2758 3341 2911 3395 illum
2955 3340 3259 3396 Christum.
3323 3341 3485 3397 Venit
3534 3342 3769 3397 diversis

2174 3433 2442 3487 odoribus
2474 3433 2711 3503 spirans,
2744 3443 2799 3488 et
2826 3432 3001 3492 audit.
3028 3433 3156 3503 quia
3188 3433 3326 3488 bona
3356 3435 3522 3490 altera
3553 3445 3647 3489 tu
3674 3451 3769 3488 stt-

2178 3542 2273 3595 per
2293 3526 2495 3579 uiuunt.
2537 3525 2791 3595 Congrtte
2816 3540 2999 3581 sermo
3026 3525 3247 3582 divinus
3278 3542 3444 3582 unum
3483 3528 3765 3583 eamdem-

2174 3633 2282 3689 que
2326 3633 2439 3672 rem
2472 3632 2573 3689 pro
2613 3617 2859 3672 locorum
2906 3618 3171 3688 qualitate
3208 3619 3447 3674 diversis
3481 3619 3766 3676 vocabulis

2175 3720 2474 3781 nuncupat.
2525 3709 2758 3777 Quando
2800 3711 2980 3766 hostia
3016 3711 3246 3765 θεῖοι-ιιι·
3278 3711 3333 3765 in
3384 3712 3520 3783 lege,
3566 3721 3621 3767 ct
3649 3711 3768 3767 vult

2175 3804 2509 3857 intellectum
2568 3803 2899 3866 ostendere,
2961 3801 3337 3870 pectusculum
3400 3802 3765 3872 separationis

2174 3895 2369 3950 τίσειαν
2388 3894 2489 3965 (7).
2525 3891 2757 3959 Quando
2785 3907 2915 3947 vero
2942 3892 3212 3947 recumbit
3240 3893 3440 3962 aliquis
3463 3909 3588 3946 cum
3609 3891 3762 3955 Jcsu,

2173 3997 2229 4042 et
2266 4002 2531 4043 sensuum
2568 3985 2691 4054 ejus
2729 3985 3121 4040 communione
3160 3985 3478 4055 perfruitur,
3523 3999 3632 4040 non
3665 3998 3762 4053 pe-

2173 4080 2480 4134 ctusculutn
2542 4088 2602 4131 ut
2653 4092 2856 4147 supra,
2919 4075 3015 4132 sed
3073 4087 3262 4147 pectus
3312 4077 3615 4148 alloquitur
3656 4074 3758 4144 (8).

2171 4168 2343 4227 Porro
2382 4186 2510 4226 cum
2553 4183 2754 4240 sponsa
2800 4169 3048 4239 loquitur
3073 4167 3143 4223 ad
3180 4184 3466 4241 sponsum.
3495 4169 3627 4239 quia
3659 4181 3764 4221 nu-

2173 4265 2338 4334 ptiale
2383 4278 2613 4318 carmen
2664 4261 2959 4325 inducitur,
3012 4275 3124 4315 non
3167 4259 3568 4329 pectusculutn,
3608 4268 3669 4314 ut
3704 4256 3759 4310 in

2174 4356 2487 4425 sacriﬁcio;
2518 4370 2628 4411 non
2657 4365 2869 4427 pectus,
2904 4364 2965 4410 ut
2997 4355 3052 4409 in
3082 4351 3291 4409 Joanne
3323 4352 3631 4422 discipulo;
3664 4348 3761 4405 sed

478 4447 770 4516 guenturite
794 4445 837 4478 ’⁸⁷
864 4463 881 4499 :
913 4454 967 4499 et
1000 4447 1393 4515 unguentarios
1421 4446 1563 4504 Deus
1587 4449 1764 4505 docet.
1798 4450 1927 4507 "me
1954 4452 2059 4508 nisi
2093 4457 2143 4517 ι)
2173 4461 2232 4506 ut
2275 4453 2444 4507 ubera
2486 4451 2770 4511 nominat.
2807 4448 3000 4503 dicens
3036 4461 3054 4499 :
3102 4444 3243 4509 Quia
3279 4444 3417 4498 bona
3461 4444 3625 4496 altera
3664 4451 3760 4495 tu

478 4537 797 4606 spiritaliter
846 4534 1244 4606 intelligantur,
1289 4551 1471 4593 nonne
1516 4538 1712 4595 fabulae
1757 4543 1919 4596 sunt?
1953 4543 2058 4597 nisi

479 4628 682 4695 aliquid
728 4627 966 4681 habeant
1008 4628 1227 4689 secreti.
1273 4642 1453 4682 nonne
1491 4629 1711 4699 indigna
1755 4642 1885 4688 sunt
1914 4632 2064 4688 Deo?

479 4718 714 4774 Necesse
745 4728 831 4772 est
876 4720 1043 4787 igitur
1076 4734 1201 4773 eum
1244 4721 1336 4790 qui
1382 4723 1570 4777 audire
1596 4722 1910 4794 Scripturas
1949 4729 2062 4795 spi-

481 4815 751 4869 ritualiter
777 4815 947 4878 novit,
988 4823 1082 4868 aut
1108 4816 1198 4884 qui
1238 4825 1382 4871 certe
1414 4833 1520 4872 non
1561 4819 1732 4884 norit,
1765 4829 1819 4875 et
1844 4820 2063 4875 deside-

481 4918 567 4962 rat
607 4923 796 4973 nosse,
846 4908 994 4962 omni
1036 4909 1218 4963 labore
1261 4912 1611 4976 contendere,
1656 4925 1713 4966 ttt
1759 4928 1867 4966 non
1905 4912 2062 4982 juxta

480 5013 703 5052 carnem
745 5009 801 5052 et
831 4998 1150 5068 sanguinem
1194 5014 1566 5066 conversetur,
1612 5020 1722 5072 quo
1766 5006 1941 5074 possit
1972 5003 2060 5057 di-

482 5103 625 5159 gnus
673 5086 787 5142 ﬁeri
843 5089 1166 5151 spiritaliunt
1212 5101 1545 5147 secretorum
1575 5135 1590 5159 ,
1641 5103 1697 5148 et
1743 5105 1806 5149 ut
1853 5095 2063 5164 aliquid

483 5181 776 5235 audentius
819 5180 1017 5247 dicam,
1057 5183 1287 5253 spiritali
1330 5186 1589 5255 cupidine
1624 5190 1705 5238 vel
1760 5201 1947 5240 amore
1982 5203 2069 5241 ac-

482 5273 772 5339 cendatur;
808 5273 1075 5345 siquidem
1113 5284 1196 5331 est
1228 5286 1284 5331 et
1306 5278 1567 5347 spiritalis
1599 5292 1773 5331 amor.
1831 5277 1897 5332 Et
1924 5296 2070 5350 quo-

558 5367 603 5398 “
627 5364 768 5421 Psal.
807 5383 952 5430 κων,
981 5368 1035 5423 8.
1111 5368 1155 5401 ⁵⁸
1181 5367 1225 5424 ιι
1246 5368 1376 5425 Cor.
1404 5387 1465 5437 tt,
1490 5370 1579 5423 15.

484 5451 547 5499 tt,
572 5438 623 5492 6.
698 5437 745 5468 ⁸⁸
765 5437 953 5494 Matth.
986 5456 1061 5505 γι,
1091 5441 1145 5495 9.

554 5532 632 5598 l5)
680 5529 859 5588 Codex
913 5533 1203 5588 Beceensis
1251 5531 1448 5587 :Jltrc
1514 5531 1705 5602 quippe
1746 5534 2059 5602 [abutantur

484 5603 686 5671 pariter
729 5613 777 5655 et
830 5602 1231 5669 epithalamium
1270 5618 1427 5657 suum
1470 5614 1771 5668 personant.
1829 5604 1913 5659 lix
1962 5609 2058 5660 hoc

484 5681 661 5743 gentes
686 5671 785 5725 sibi
807 5672 1204 5741 epithalamium
1227 5672 1583 5735 vindicarunt,
1601 5681 1648 5724 et
1679 5673 1831 5728 istius
1857 5678 2058 5746 generis

485 5752 873 5796 sacramentum
900 5753 1229 5807 assumptum
1255 5752 1353 5795 est.

557 5814 636 5886 (ii)
678 5811 833 5879 3155.,
866 5814 1089 5865 arctius.
1124 5810 1277 5866 Libh.
1307 5812 1461 5883 cdit.,
1496 5812 1677 5870 altior.

1689 5369 1733 5401 “
1756 5369 1902 5427 Psal.
1935 5390 2144 5444 sum,
2180 5376 2234 5430 6.
2313 5372 2357 5404 ⁸⁷
2391 5370 2562 5425 Exod.
2593 5383 2742 5435 xxxx,
2776 5368 2830 5422 5.

2165 4561 2327 4615 super
2352 4546 2552 4599 uinum.
2596 4538 2957 4597 Communica
3003 4545 3063 4590 ut
3102 4550 3303 4605 sponsa
3348 4550 3475 4589 cum
3509 4534 3755 4589 sensibus

2170 4639 2381 4710 sponsi,
2437 4644 2492 4690 et
2551 4634 2700 4690 scias
2752 4632 2881 4703 quia
2934 4628 3209 4684 inebrians
3264 4637 3430 4698 atque
3484 4629 3759 4682 laetitia-nt

2170 4729 2478 4785 istiusmodi
2510 4727 2808 4797 cogitatus.
2846 4719 3136 4789 Quomodo
3162 4729 3343 4774 autem
3372 4721 3515 4774 calix
3541 4718 3754 4774 Domini

2170 4820 2453 4875 inebrians
2507 4830 2674 4887 quam
2739 4813 2983 4884 optimus
3037 4819 3142 4874 est,
3206 4811 3288 4865 sic
3339 4810 3505 4865 ubera
3568 4809 3755 4880 sponsi

2171 4911 2322 4967 omni
2355 4910 2579 4965 meliora
2605 4914 2736 4962 sunt
2763 4906 2913 4958 vino.
2951 4902 3099 4969 Quia
3126 4902 3263 4956 bona
3292 4903 3454 4957 altera
3480 4912 3573 4955 tua
3600 4916 3759 4970 super

2174 5008 2378 5061 uiuant.
2421 5001 2478 5056 ltt
2524 5000 2722 5056 mediis
2748 4997 3003 5068 precibus
3036 4998 3103 5051 ad
3137 5012 3400 5067 sponsum
3428 4998 3592 5051 verba
3627 5013 3756 5051 eoa-

2177 5097 2382 5153 vertit:
2416 5094 2485 5149 Et
2519 5093 2653 5146 odor
2694 5100 3081 5161 unguentorum
3121 5099 3335 5143 tuorum
3380 5105 3539 5157 super
3577 5087 3755 5141 omnia

2178 5197 2444 5245 aromata.
2468 5182 2585 5238 Non
2623 5196 2754 5248 uno,
2784 5181 2879 5236 sed
2917 5181 3179 5235 omnibus
3209 5195 3449 5250 sponsus
3479 5195 3521 5230 VI
3542 5177 3626 5234 nit
3658 5192 3755 5231 uno

2180 5290 2303 5337 ctus
2333 5276 2627 5349 unguentis
2665 5274 2765 5344 (9).
2816 5272 2874 5328 Si
2905 5282 3087 5329 autem
3124 5282 3181 5327 et
3213 5271 3281 5327 ad
3311 5286 3487 5326 nteant
3516 5272 3751 5324 animant

2927 5365 3153 5421 “Prov.
3190 5380 3266 5431 tv,
3294 5364 3349 5427 7,
3378 5364 3433 5419 8.
3529 5365 3574 5396 δ’
3595 5363 3747 5419 Cant.

2206 5534 2315 5607 ,(7)
2357 5532 2803 5607 Selincurtianus
2833 5541 2887 5586 et
2916 5529 3229 5607 Beccensis,
3267 5529 3509 5598 o/fertar.

2243 5601 2321 5675 (8)
2365 5605 2527 5658 Iidem
2559 5619 2718 5675 τρες..
2753 5601 3040 5675 eloquitur.

2240 5668 2317 5744 (‘9)
2357 5676 2538 5730 Codex
2576 5668 2864 5727 Bcccensis
2890 5686 2904 5723 :
2932 5687 3051 5744 non
3093 5685 3226 5735 uno,
3257 5669 3350 5723 sed
3386 5668 3626 5722 omnibus
3656 5680 3744 5719 nos

2169 5743 2359 5801 unctus
2392 5746 2499 5799 rult
2522 5746 2652 5813 ungi
2683 5743 2991 5813 unguentis.
