4134 6472
343 365 403 420 Η
1799 344 1935 405 11οΜ

2039 342 2083 397 Α
2123 341 2163 397 l.
2855 384 2860 389 .
3540 353 3611 404 η

344 485 541 539 fartam
587 497 844 554 sponsam
897 498 1053 541 suam
1091 495 1328 553 sponsus
1358 477 1545 535 venire
1573 472 1910 544 dignabitur,
1944 472 1989 526 A
2015 463 2343 535 pmdimtur
2358 462 2646 518 Dominus.
2678 461 3029 534 Unguentum
3070 464 3215 518 enim
3243 464 3476 521 effusum
3508 483 3608 522 uo-

343 593 507 649 quant
537 588 749 647 oportet
770 594 891 635 esse
914 578 1234 643 formosam,
1261 584 1322 630 ut
1344 575 1499 630 illum
1525 572 1592 626 de
1617 568 1762 624 cmlo
1782 565 1848 620 ad
1873 578 1933 617 se

346 668 560 735 trahat,
609 678 670 723 ut
707 671 1038 725 descendere
1085 668 1251 723 faciat
1297 667 1365 721 ad
1408 675 1605 727 terras,
1654 667 1715 715 ut
1753 658 1933 713 veniat

348 758 419 815 ad
461 760 742 814 amatam?
795 760 953 826 Quali
1004 759 1406 831 pulchritudine
1460 750 1769 810 decoranda
1811 750 1932 804 est?

352 849 500 918 quali
534 849 693 904 debet
730 864 918 906 amore
950 849 1180 916 fervere,
1222 859 1283 904 ut
1302 863 1368 904 ca
1398 847 1653 917 loquatur
1684 843 1753 897 ad
1782 842 1931 896 illam

356 952 477 1007 quae
506 938 572 994 ad
601 936 897 1008 perfectam
930 940 1147 996 locutus
1172 948 1259 996 est
1282 951 1562 1009 sponsam,
1587 935 1715 1006 quia
1749 932 1930 989 cervix

352 1037 465 1095 tua,
495 1030 622 1099 quia
652 1031 799 1087 oculi
828 1031 927 1097 tui,
951 1032 1079 1102 quia
1101 1045 1250 1100 genae
1274 1038 1400 1094 tute,
1431 1028 1560 1099 quia
1581 1042 1779 1083 manus
1803 1037 1929 1093 tuae,

346 1121 474 1190 quia
508 1129 695 1177 venter
726 1130 877 1190 tuus,
901 1123 1030 1193 quia
1050 1121 1262 1177 humeri
1286 1121 1385 1183 tui,
1405 1119 1532 1190 quia
1555 1118 1717 1188 pedes
1742 1116 1933 1173 tui.De

347 1211 569 1279 quibus,
602 1211 649 1266 si
676 1212 1012 1268 concesserit
1038 1209 1323 1276 Dominus,
1347 1208 1750 1280 disputabimus
1789 1222 1929 1278 quo-

347 1303 512 1357 modo
535 1317 755 1373 sponsa:
777 1304 1024 1359 membra
1047 1304 1345 1370 varientur,
1363 1311 1417 1357 et
1433 1302 1770 1371 singularum
1806 1300 1933 1370 par-

348 1390 483 1446 tium
500 1392 620 1447 laus
631 1391 844 1448 diversa
864 1394 1099 1460 dicatur,
1117 1405 1176 1450 ut
1189 1402 1313 1465 post
1327 1391 1751 1463 disputationem
1766 1392 1932 1447 etiam

342 1482 415 1537 ad
442 1492 687 1540 nostram
717 1485 825 1542 dici
858 1486 1098 1542 animam
1132 1486 1392 1542 similiter
1422 1486 1759 1541 laboremus.
1780 1483 1935 1538 Bona

349 1573 517 1646 igitur
529 1579 687 1631 ubera
701 1586 792 1631 tua
807 1594 963 1648 super
975 1580 1176 1647 uinum,
1201 1578 1306 1651 14
1326 1588 1377 1633 et
1396 1579 1529 1633 odor
1548 1587 1935 1649 unguentorum

350 1675 562 1721 tuorum
596 1684 755 1738 super
787 1672 967 1725 omnia
996 1683 1265 1726 aromata.
1299 1671 1358 1725 Si
1382 1672 1587 1727 videris
1643 1685 1929 1742 sponsum,

348 1766 481 1814 tunc
512 1758 781 1830 intelliges
817 1777 1008 1818 verum
1039 1776 1161 1816 esse
1190 1761 1335 1830 quod
1365 1760 1569 1815 dicitur
1607 1778 1620 1814 :
1665 1760 1936 1826 Quoniam

347 1851 486 1905 bona
521 1850 682 1907 ubera
721 1863 815 1908 tua
855 1870 1014 1924 super
1044 1854 1245 1919 uinum,
1294 1862 1345 1907 et
1373 1853 1506 1908 odor
1545 1861 1936 1923 unguentorum

350 1952 565 1997 tuorum
594 1959 752 2013 super
777 1946 956 1999 omnia
981 1955 1247 2000 aromata.
1280 1942 1434 2000 Multi
1464 1944 1775 2001 habuerunt
1802 1958 1933 1999 aro-

352 2045 520 2090 mata.
566 2032 773 2106 Regina
802 2034 991 2092 Austri
1035 2034 1230 2092 detulit
1272 2045 1518 2092 aromata
1559 2033 1934 2101 Salomoni“,

352 2135 407 2180 et
440 2126 626 2196 plures
665 2125 757 2180 alii
797 2135 1046 2182 aromata
1089 2125 1452 2197 possederunt
1491 2141 1505 2178 :
1548 2125 1642 2181 sed
1685 2122 1938 2179 habuerit

354 2216 480 2286 quis
534 2217 916 2287 quantalibet,
972 2233 1085 2273 non
1130 2226 1364 2288 possunt
1410 2213 1614 2271 Christi
1669 2214 1937 2271 odoribus

352 2309 682 2377 comparari,
715 2309 783 2364 de
821 2308 1023 2380 quibus
1060 2324 1207 2364 nunc
1252 2322 1455 2377 sponsa
1481 2309 1600 2364 ait:
1637 2306 1785 2363 Odor
1829 2324 1935 2362 un-

352 2410 668 2469 guentorum
698 2410 910 2455 tuorum
949 2417 1107 2471 super
1129 2401 1308 2454 omnia
1340 2407 1603 2454 aromata.
1635 2398 1749 2470 Ego
1783 2397 1935 2454 arbi-

354 2499 470 2546 tror
502 2492 635 2562 quia
675 2501 730 2547 et
761 2491 940 2547 Moses
981 2492 1175 2548 habuit
1223 2499 1490 2558 aromata,
1537 2500 1594 2546 et
1628 2491 1833 2558 Aaron,
1880 2501 1936 2546 et

356 2582 561 2653 singuli
606 2584 1038 2654 pr0phetarum:
1086 2598 1274 2639 verum
1320 2583 1367 2637 si
1402 2582 1589 2636 videro
1630 2580 1934 2650 Christum,

352 2682 412 2728 et
443 2674 769 2731 suavitatem
802 2682 1202 2746 unguentorum
1232 2674 1353 2745 ejus
1384 2673 1717 2745 odoremque
1744 2686 1934 2743 perce-

356 2778 509 2836 pero,
550 2764 736 2822 statim
780 2766 1107 2822 scntentiam
1149 2764 1369 2836 profero
1394 2763 1621 2822 dicens:
1656 2764 1803 2819 Odor
1836 2779 1939 2817 un-

357 2868 672 2926 guentorum
698 2867 911 2913 tuorum
937 2872 1094 2927 super
1114 2859 1293 2911 omnia
1316 2864 1579 2912 aromata.
1608 2881 1616 2902 ς

429 2948 484 3002 4.
526 2947 684 3004 Vers.
729 2947 785 3003 2.
831 2947 1021 3003 Oleum
1067 2948 1292 3018 e/fusum
1338 2962 1525 3003 nomen
1572 2955 1745 3003 tuum.
1801 2946 1938 3002 Pro—

362 3035 644 3106 pbetieum
692 3045 1097 3093 sacramentum
1128 3045 1232 3094 est.
1290 3035 1689 3095 Tantummodo
1736 3051 1937 3094 nomen

2037 570 2159 610 men
2201 556 2343 625 ejus.
2395 554 2553 610 Nunc
2579 554 2719 611 Mosi
2767 571 2965 618 nomen
3014 557 3254 625 auditur,
3280 560 3425 628 quod
3456 561 3612 630 prius

2031 644 2234 700 Iudaeae
2288 654 2499 701 tantum
2541 645 2895 701 claudebatur
2942 648 3231 718 angustiis,
3261 665 3437 719 neque
3465 652 3612 705 enim

2033 736 2346 792 Graecorum
2392 736 2663 807 quispiam
2710 738 2961 793 meminit
3003 739 3143 807 ejus,
3186 754 3362 809 ne-jue
3406 742 3460 795 in
3505 742 3613 797 ulla

2033 827 2318 897 gentilium
2359 827 2665 884 litterarum
2718 829 2947 884 historia
3000 831 3068 887 de
3123 830 3215 885 illo
3258 847 3358 887 ceu
3400 834 3614 889 caeteris

2033 918 2299 989 scriptum
2341 919 2551 990 aliquid
2590 920 2922 976 invenimus.
2975 921 3169 976 Statim
3220 931 3281 979 ut
3319 922 3482 980 Jesus
3526 941 3618 979 ra-

2032 1008 2205 1066 diavit
2230 1009 2286 1065 in
2314 1011 2546 1077 mundo,
2575 1012 2767 1068 eduxit
2793 1027 2983 1069 secum
3016 1016 3189 1084 legem
3216 1025 3271 1070 et
3293 1016 3612 1087 prophetas,

2033 1108 2088 1156 et
2115 1115 2243 1158 vere
2268 1102 2600 1173 completum
2627 1112 2710 1161 est
2739 1120 2753 1156 :
2792 1101 3124 1175 Unguentum
3156 1108 3384 1177 e/fusum
3425 1125 3614 1164 nomen

2035 1203 2205 1251 tuum.

2040 1328 2043 1331 .
2102 1286 2158 1341 5.
2221 1284 2380 1343 Vers.
2419 1288 2476 1342 5.
2518 1287 2807 1358 Propterea
2849 1288 3146 1357 juvenculw
3192 1290 3489 1349 dilexerunt
3543 1300 3591 1346 te

2033 1376 2172 1445 Quia
2209 1394 2301 1447 per
2324 1378 2589 1448 Spiritum
2629 1390 2878 1435 sanctum
2921 1381 3155 1437 cltaritas
3183 1383 3278 1437 Dei
3315 1384 3514 1453 diffusa
3536 1393 3615 1439 est

2034 1468 2091 1522 in
2116 1468 2278 1523 corda
2299 1479 2485 1525 nostra
2508 1470 2577 1539 5‘,
2607 1487 2848 1543 congrue
2896 1487 3096 1529 nomen
3130 1473 3414 1531 ell‘usionis
3451 1474 3618 1531 infer-

2036 1567 2167 1616 tur:
2200 1559 2533 1632 Unguentum
2563 1564 2791 1630 eﬂusum
2829 1581 3019 1620 nomen
3055 1578 3226 1623 tuum.
3270 1565 3399 1623 Hzec
3429 1569 3618 1625 dicens

2042 1664 2252 1720 sponsa
2279 1651 2716 1711 adolescentulas
2744 1655 3031 1725 conspicit.
3060 1655 3293 1727 Quando
3314 1656 3406 1712 illa
3424 1659 3615 1728 sponsi

2040 1750 2251 1810 patrem
2300 1743 2555 1811 rogabat,
2605 1752 2658 1797 et
2704 1743 2773 1799 ad
2818 1744 2994 1814 ipsum
3048 1761 3311 1818 sponsum
3363 1749 3618 1804 cominus

1968 1814 2012 1873 Β
2041 1831 2412 1901 loquebatur,
2466 1832 2698 1886 necdum
2756 1814 3178 1892 adolescentulae
3223 1838 3450 1894 aderant
3496 1856 3512 1894 :
3561 1838 3616 1893 in

2037 1921 2239 1979 mediis
2308 1937 2437 1979 vero
2500 1924 2755 1993 precibus
2828 1925 3130 1996 ingreditur
3197 1928 3615 1998 juveneularum

2037 2011 2243 2071 chorus
2294 2022 2351 2068 et
2394 2028 2613 2083 sponsa:
2659 2015 2915 2073 laudatur
2957 2017 3212 2088 eloquiis.
3264 2019 3616 2091 (Vers.5—t.)

2043 2102 2327 2174 Propterea
2346 2104 2645 2175 juveni:qu
2676 2108 2978 2164 dilexerunt
3005 2119 3074 2176 te,
3097 2120 3148 2166 et
3180 2118 3517 2167 attraxerant
3542 2124 3610 2169 te.

2037 2196 2581 2269 Adolescentulaaque
2611 2200 2941 2271 respondent
2970 2221 2983 2256 :
3011 2201 3143 2257 Post
3164 2211 3217 2257 te
3246 2202 3300 2256 in
3322 2202 3482 2258 odore
3518 2220 3618 2258 un-

2038 2296 2351 2356 guentorum
2385 2297 2594 2344 tuorum
2625 2306 2917 2345 currentus.
2943 2289 3121 2357 Quam
3143 2292 3372 2363 pulchre
3396 2307 3615 2362 sponsae

2038 2378 2378 2450 pedissequae
2429 2380 2660 2436 necdum
2694 2380 2949 2437 fiduciam
2984 2382 3186 2439 habent
3223 2398 3440 2452 sponsa:
3477 2385 3612 2455 (ll).

2041 2466 2253 2539 Sponsa
2291 2483 2402 2525 non
2438 2477 2562 2539 post
2599 2482 2809 2541 tergum
2852 2471 3135 2541 sequitur,
3172 2472 3268 2528 sed
3312 2473 3615 2544 ingreditur

2036 2558 2227 2629 juncta
2261 2559 2441 2626 lateri,
2481 2562 2949 2633 apprehenditque
2992 2564 3275 2620 dexteram
3310 2567 3523 2636 sponsi,
3563 2576 3618 2621 et

2042 2664 2240 2708 manus
2287 2651 2411 2720 ejus
2456 2652 2645 2721 sponsi
2703 2651 2929 2709 dextera
2983 2654 3320 2711 continetur.
3374 2653 3617 2710 Famula:

2043 2756 2174 2798 vero
2222 2742 2608 2815 ingrediuntur
2653 2753 2778 2812 post
2825 2759 2967 2801 eam.
3025 2744 3321 2816 Sexaginta
3356 2758 3486 2802 sunt
3528 2763 3616 2803 re-

2042 2834 2183 2904 ginae
2211 2841 2267 2887 et
2296 2833 2571 2904 octoginta
2592 2835 2992 2904 concubinatum
3012 2835 3338 2907 juveneulae,
3375 2854 3611 2908 quarum

2044 2942 2157 2983 non
2188 2935 2274 2983 est
2302 2938 2569 2984 numerus
2593 2928 2662 2982 ⁸⁵.
2701 2925 2820 2983 Una
2851 2937 2935 2983 est
2971 2929 3222 2984 columba
3268 2945 3409 2999 mea,
3438 2934 3617 3003 perfe-

2043 3027 2129 3075 cta
2165 3032 2309 3084 mea,
2335 3033 2445 3073 una
2471 3026 2556 3077 est
2586 3018 2743 3074 matri
2789 3033 2923 3086 sure,
2954 3034 3061 3075 una
3085 3028 3171 3077 est
3201 3022 3250 3076 ei
3279 3037 3402 3092 quae
3435 3026 3621 3080 conci-

360 3126 490 3183 Jesu
523 3127 670 3183 venit
706 3126 760 3181 in
794 3126 1081 3194 murtdum,
1124 3138 1179 3186 et
1218 3137 1559 3202 unguentum
1609 3128 1935 3200 praedicatur

2042 3109 2125 3179 pit
2159 3107 2331 3165 illam.
2362 3108 2494 3164 Post
2534 3117 2585 3164 te
2618 3124 2748 3181 ergo
2786 3109 2842 3165 in
2876 3108 3044 3167 odore
3071 3122 3468 3181 unguentorum
3499 3124 3620 3171 tuo-

359 3218 616 3274 eﬂ‘usum.
660 3215 718 3273 In
742 3216 1037 3290 Evangelio
1067 3234 1288 3291 quoque
1321 3221 1369 3254 ⁸³
1414 3220 1611 3276 mulier
1659 3219 1936 3290 accipiens

363 3308 701 3366 alabastrum
738 3312 1003 3381 unguenti
1052 3312 1207 3367 nardi
1245 3312 1423 3382 pistici
1466 3311 1723 3384 pretiosi,
1773 3321 1939 3384 caput

366 3401 490 3458 Iesu
534 3402 808 3473 pedesque
867 3402 1122 3472 perfudit.
1175 3402 1415 3460 Observa
1463 3404 1750 3474 diligenter
1813 3419 1938 3475 qua:

361 3496 430 3550 de
462 3494 677 3551 duabus
727 3509 892 3561 super
951 3503 1111 3565 caput
1155 3495 1403 3550 effuderit
1448 3494 1750 3552 Salvator-is
1797 3509 1814 3547 :
1860 3497 1940 3552 si-

362 3586 581 3657 quidem
637 3586 911 3655 peccatrix
959 3601 1122 3656 super
1149 3587 1313 3656 pedes
1363 3588 1429 3652 ",
1452 3595 1508 3641 et
1527 3601 1589 3641 ea
1602 3600 1723 3655 qum
1739 3584 1942 3639 dicitur

364 3689 473 3732 non
527 3673 701 3731 fuisse
756 3677 1034 3747 peccatrix
1094 3692 1261 3748 super
1326 3687 1490 3748 caput
1555 3677 1676 3747 ejus
1729 3677 1942 3735 fudisse

365 3775 701 3823 monstratur
736 3764 907 3840 "(10)
938 3760 1182 3822 Observa
1214 3766 1471 3835 inquam,
1495 3776 1551 3823 et
1597 3768 1840 3826 invenies
1884 3769 1939 3825 in

362 3857 677 3927 evangelica
708 3857 971 3924 lectione,
1008 3873 1119 3913 non
1160 3857 1375 3914 fabulas
1412 3867 1468 3915 et
1500 3862 1841 3917 uenationes
1871 3863 1941 3916 ab

362 3947 732 4018 evangelistis,
762 3948 857 4003 sed
884 3948 1144 4020 mysteria
1175 3963 1298 4005 esse
1340 3951 1670 4019 conscripta.
1716 3950 1941 4021 lmpleta

360 4044 448 4091 est
493 4036 679 4106 utique
721 4037 890 4093 odore
918 4039 1182 4110 unguenti
1226 4040 1442 4097 domus.
1492 4038 1550 4095 Si
1582 4040 1714 4111 quid
1744 4057 1940 4111 pecca-

361 4129 469 4184 trix
494 4130 703 4195 habuit,
734 4129 802 4184 ad
831 4129 995 4200 pedes
1026 4130 1366 4185 referendum
1399 4140 1513 4199 est;
1549 4142 1603 4201 et
1642 4133 1688 4189 si
1716 4135 1844 4204 quid
1872 4150 1934 4190 ea

361 4236 485 4291 qua:
516 4236 626 4276 non
656 4221 951 4291 peccatrix,
991 4221 1060 4276 ad
1105 4231 1286 4291 caput.
1332 4220 1442 4278 Nec
1480 4223 1682 4278 mirum
1709 4226 1932 4281 domum

364 4313 534 4370 fuisse
566 4313 732 4369 odore
769 4314 1130 4383 completam,
1173 4328 1296 4369 cum
1339 4315 1441 4370 hoc
1472 4314 1662 4370 ordine
1697 4318 1936 4374 mundus

362 4406 666 4477 completus
696 4405 788 4461 sit.
838 4405 1105 4461 Scribitur
1147 4405 1202 4460 in
1237 4406 1426 4462 eodem
1460 4407 1580 4461 loco
1613 4408 1680 4462 de
1713 4407 1935 4466 Simone

2044 3216 2168 3258 rum
2199 3216 2482 3265 curremus
2512 3240 2527 3255 .
2554 3201 2692 3257 Cum
2723 3200 2872 3257 omni
2904 3202 3190 3259 honestate
3220 3204 3622 3262 deambulanti-

2042 3297 2148 3352 bus
2172 3296 2380 3352 dictum
2414 3304 2498 3351 est
2526 3312 2540 3347 :
2568 3295 2698 3351 Post
2733 3305 2781 3350 te
2804 3296 2861 3349 in
2893 3294 3053 3352 odore
3078 3307 3461 3367 unguentorum
3502 3309 3621 3355 tuo-

2044 3405 2164 3444 rum
2211 3404 2514 3454 curremus,
2545 3386 2848 3444 secundum
2898 3385 3071 3443 illud:
3098 3386 3325 3445 Cursum
3368 3406 3618 3445 consum-

2047 3480 2186 3536 maui
2208 3479 2276 3548 ⁵⁸,
2301 3490 2356 3536 et
2388 3479 2559 3536 illud:
2589 3478 2697 3545 Qui
2735 3478 2791 3532 in
2816 3479 2994 3536 stadio
3020 3493 3268 3550 currunt,
3298 3498 3477 3537 omnes
3503 3484 3623 3553 (μσς.

2043 3574 2165 3628 dem
2205 3581 2447 3639 currunt,
2483 3587 2618 3626 unus
2663 3581 2841 3627 autem
2882 3572 3074 3643 accipit
3113 3574 3353 3630 brevium
3373 3575 3438 3631 ⁸⁷.
3489 3575 3622 3645 Bra-

2043 3666 2193 3722 vium
2225 3665 2482 3721 Christus
2522 3675 2625 3723 est.
2662 3664 2726 3720 Et
2771 3665 2886 3721 hac
2911 3665 3130 3736 quidem
3175 3668 3618 3729 adolescentulus.

2041 3773 2183 3828 quas
2225 3767 2448 3827 propter
2489 3757 2694 3813 amoris
2740 3757 3024 3814 exordium
3059 3755 3195 3813 foris
3233 3768 3384 3814 stare
3416 3774 3619 3829 cogno-

2045 3848 2274 3914 scimus,
2323 3848 2481 3917 juxta
2541 3847 2675 3902 illud
2732 3846 3042 3918 exemplum
3092 3863 3107 3901 :
3157 3848 3375 3905 Amicus
3438 3859 3617 3904 autem

2044 3940 2223 4010 sponsi
2260 3948 2408 3993 stans
2445 3949 2494 3992 et
2536 3939 2756 3993 audiens
2799 3955 2920 3993 cum
2958 3940 3155 4010 gaudio
3181 3941 3372 4010 gaudet
3408 3951 3622 4012 propter

2045 4048 2220 4088 vocent
2241 4029 2636 4102 sponsi'°.'l‘ale
2667 4030 2926 4101 quiddam
2959 4040 3015 4087 et
3041 4032 3460 4090 adolescentulis
3495 4050 3615 4091 sus.

2045 4124 2220 4179 tinent
2265 4138 2280 4176 :
2322 4124 2628 4178 introeunte
2674 4137 2880 4194 sponso
2928 4123 3234 4183 forinsecus
3297 4140 3620 4193 remanent,

2045 4232 2247 4287 sponsa
2270 4231 2402 4272 vero
2451 4217 2722 4286 speciosa,
2764 4214 3024 4284 perfecta,
3069 4217 3190 4272 sine
3229 4220 3466 4286 macula,
3500 4222 3622 4276 sine

2045 4327 2201 4381 ruga,
2237 4312 2291 4365 in
2325 4310 2511 4382 sponsi
2541 4309 2876 4374 cubiculum,
2904 4309 2958 4364 in
2988 4311 3194 4381 regium
3226 4313 3506 4382 penetrale
3533 4314 3620 4368 in—

2042 4411 2232 4468 gressa
2256 4396 2547 4453 revertitur
2583 4397 2651 4451 ad
2679 4396 3026 4466 juvenculas,
3059 4412 3114 4454 et
3148 4401 3362 4457 nuntiat
3388 4402 3470 4460 eis
3496 4419 3621 4473 qua-

362 4474 579 4567 leproso
606 4505 661 4550 et
702 4495 866 4551 domo
909 4496 1051 4565 ejus.
1104 4495 1217 4566 Ego
1245 4505 1378 4568 puto
1421 4496 1699 4568 leprosum
1746 4500 1933 4554 mundi
1970 4474 2013 4530 υ
2041 4487 2160 4543 8013
2207 4488 2589 4559 conspexerit.
2643 4488 2882 4559 dicitque
2926 4487 3091 4561 (vers.
3137 4493 3193 4564 4)
3241 4508 3256 4546 :
3308 4491 3621 4550 Introduxit

364 4588 523 4646 istius
557 4603 680 4644 esse
715 4588 1037 4658 principem,
1082 4590 1308 4646 ethunc
1350 4589 1625 4658 leprosum
1654 4588 1932 4647 Simonem

364 4679 690 4749 nuncupari,
717 4679 875 4749 cujus
905 4679 1097 4736 domus
1124 4679 1191 4735 ad
1222 4679 1515 4737 adventura
1545 4682 1751 4738 Christi
1777 4683 1933 4738 suavi

363 4769 531 4826 odore
562 4770 830 4839 completa
859 4770 931 4827 sit
958 4782 1151 4843 agente
1186 4771 1563 4843 ptenitentiam
1607 4774 1933 4843 peccatrice,

363 4870 419 4918 et
466 4868 653 4916 sancta
701 4867 864 4929 caput
900 4857 1028 4916 Jesu
1081 4860 1344 4932 unguenti
1394 4860 1659 4917 odoribus
1709 4860 1937 4931 perfun-

362 4954 542 5008 dente.
576 4950 909 5022 Unguentum
935 4951 1161 5020 effusum
1191 4969 1376 5008 nomen
1420 4963 1592 5010 tuum.
1646 4955 1939 5021 Quomodo

364 5050 701 5114 unguentum
733 5042 879 5111 quod
911 5039 1181 5097 eﬂusioue
1220 5056 1319 5098 sua
1354 5043 1578 5099 odorem
1607 5043 1769 5114 longe
1800 5045 1936 5101 late—

358 5130 469 5204 que
496 5133 780 5206 dispergit,
822 5133 903 5189 sic
935 5132 1141 5188 Christi
1184 5147 1383 5189 nomen
1431 5133 1666 5190 effusum
1719 5145 1824 5191 est.
1876 5134 1938 5190 In

365 5231 618 5287 universa
653 5239 796 5285 terra
819 5227 1075 5285 Christus
1105 5227 1440 5295 nominatur,
1466 5228 1521 5282 in
1543 5228 1693 5282 omni
1727 5229 1935 5283 mundo

2042 4595 2124 4635 nte
2151 4595 2245 4635 rea:
2268 4580 2327 4635 in
2349 4579 2653 4635 cubiculum
2692 4596 2867 4636 suum.
2899 4579 3018 4636 Non
3053 4582 3150 4651 ait,
3192 4584 3493 4642 introduxit
3520 4604 3622 4642 nos

2043 4673 2230 4742 plures
2262 4671 2319 4727 in
2348 4671 2661 4728 cubiculum
2696 4686 2857 4731 suum
2887 4691 2902 4728 :
2931 4672 3118 4744 plures
3143 4673 3280 4750 foris
3314 4688 3618 4743 remanent,

2041 4764 2098 4820 in
2142 4763 2454 4819 cubiculum
2501 4764 2618 4818 sola
2670 4763 2972 4834 ingreditur
3035 4781 3274 4836 sponsa,
3332 4778 3394 4824 ut
3442 4771 3623 4825 videat

2047 4856 2337 4912 thesauros
2378 4854 2729 4910 absconditos
2757 4864 2814 4910 et
2846 4856 3196 4922 tenebrosus,
3241 4863 3625 4933 renuntietque

2039 4947 2351 5016 juvenculis
2382 4964 2397 5001 :
2426 4944 2738 5001 Introduxit
2770 4962 2851 5001 me
2888 4962 2982 5002 rea:
3016 4948 3072 5002 in
3100 4948 3407 5005 cubiculum
3440 4970 3616 5010 suum.

2047 5037 2261 5092 Rursus
2301 5036 2738 5102 adolescentuhe,
2773 5035 2826 5090 id
2850 5045 2934 5091 est
2973 5052 3298 5107 sponsarum
3351 5041 3618 5112 incipien-

2046 5133 2182 5185 tittm
2227 5130 2384 5185 turba
2435 5128 2876 5199 quamplurima,
2922 5128 3167 5198 ingressa
3215 5145 3414 5200 sponsa
3466 5132 3622 5187 cubi-

2046 5223 2231 5278 culum
2259 5222 2470 5292 sponsi,
2495 5230 2550 5277 et
2575 5219 2793 5276 vidente
2812 5220 3033 5277 divitias
3057 5221 3158 5277 viri
3181 5222 3291 5290 sui,
3318 5224 3449 5278 dum
3474 5223 3622 5279 illius

442 5371 485 5455 '"
507 5373 582 5455 λιι
613 5373 744 5446 Reg.
772 5390 832 5455 ξε
908 5372 1112 5455 'LL‘uc.
1146 5387 1238 5431 vn,
1269 5369 1476 5455 522‘58.
1552 5368 1597 5401 ⁸³
1627 5368 1815 5423 Matth.
1849 5384 1935 5422 xxw

2039 5370 2078 5423 7.
2157 5369 2203 5401 “
2230 5369 2390 5427 Rom.
2423 5390 2473 5441 ν,
2512 5374 2563 5428 5.
2644 5372 2687 5405 ⁵⁸
2712 5372 2868 5428 Cant.
2906 5389 2978 5437 vr,
3018 5374 3069 5427 7.
3142 5371 3187 5402 '“'
3218 5370 3260 5425 ll
3291 5371 3441 5455 Tinu
3464 5389 3536 5434 tv,
3569 5373 3620 5427 7.

371 5437 416 5472 "-'
452 5440 472 5494 Ι
503 5440 628 5497 Cor.
666 5437 738 5509 ιὶ,
770 5445 858 5499 24.
937 5443 982 5474 ⁸⁸
1011 5441 1165 5496 Joan.
1197 5456 1276 5505 Ill,
1304 5440 1393 5492 9.9.

444 5573 560 5642 (10)
596 5574 778 5651 Codex
809 5577 1097 5651 Beccensis
1125 5596 1138 5632 :
1173 5576 1233 5633 Si
1274 5578 1540 5649 peccatrix
1578 5595 1735 5649 super
1760 5583 1935 5651 pedes,

370 5652 424 5700 et
447 5663 508 5699 ea
527 5662 643 5718 qua:
665 5646 862 5718 dicitur
873 5649 1037 5715 fuisse
1053 5646 1343 5718 peccatrix,
1368 5666 1469 5703 non
1490 5646 1769 5718 pecca'trix'
1788 5664 1943 5718 super

371 5726 528 5785 caput
560 5716 674 5786 ejus
705 5716 908 5786 fudisse
933 5716 1215 5772 invenitur.

443 5784 789 5858 (ll)‘C0tlex
826 5784 1163 5843 Turonensis
1215 5808 1226 5843 :
1279 5805 1436 5859 quam
1483 5787 1689 5857 pulchri
1739 5804 1942 5859 sponsa

656 5904 929 5966 ΡΑτιιοι.
965 5905 1081 5965 Gn.
1130 5906 1304 5967 Xlll.

2043 5584 2197 5652 pedes
2220 5599 2337 5654 quae
2385 5583 2616 5636 nondum
2666 5582 3169 5654 ﬁduciamltalrcns,
3203 5593 3307 5641 etc.
3353 5587 3454 5642 Alii
3493 5606 3625 5645 mss.

2051 5663 2111 5707 ut
2163 5652 2240 5729 in;
2264 5664 2451 5708 nostro
2492 5664 2660 5729 testu.
2697 5652 2850 5706 Libb.
2887 5653 3016 5707 edit.
3048 5653 3168 5708 loco
3197 5671 3405 5725 sponsa:
3428 5661 3625 5714 habent

2050 5724 2248 5791 sponsi.

3232 5908 3272 5966 2
