4134 6436
543 351 609 404 ιδ
1601 347 1920 405 ORIGENIS
1959 347 2026 402 IN
2063 347 2419 407 CANTICUM
2461 351 2731 407 CANTIC.
3737 371 3793 415 η

543 465 930 532 praestolamur
965 465 1278 528 adventum,
1317 466 1449 517 Imtm
1485 464 1779 518 concinunt
1810 484 1819 516 :
1859 462 2116 516 E.rsnlta—
2147 465 2190 519 A
2221 463 2360 518 hanc
2381 476 2622 519 nostram
2657 463 3049 532 Ethiopissani
3082 469 3511 538 traiismigravlt.
3544 469 3790 528 Murmu-

541 556 712 610 biinus
757 566 806 609 et
845 557 1148 611 [tutabimur
1196 558 1249 608 in
1278 565 1343 608 te.
1402 554 1507 608 Pro
1539 571 1754 625 sponsa:
1787 557 2112 625 perfectione

542 645 814 700 Imitantur.
841 645 958 700 Non
983 656 1066 700 est
1095 646 1365 699 aemulatio
1394 645 1446 699 iii
1475 647 1786 702 virtutibus.
1818 649 1985 702 Amor
2012 649 2113 703 iste

526 735 803 801 mundus,
841 750 994 789 amor
1038 736 1138 790 iste
1169 735 1286 790 sine
1312 736 1447 789 vitio
1478 746 1582 791 est.
1626 736 2029 794 Exsultabiiitus
2060 753 2108 794 et

541 825 838 878 (tutabimur
879 826 935 878 in
982 836 1051 882 te.
1117 825 1412 895 Diligentus
1464 828 1624 880 ubera
1674 839 1787 882 tua.
1845 829 1936 883 Illa
1989 846 2113 900 quae

537 913 711 981 major
745 923 849 979 est,
891 913 1004 983 jam
1055 923 1276 969 tuorum
1330 915 1556 970 uberum
1606 917 1744 974 lacte
1787 919 2107 987 perfruitur,

531 1013 590 1057 et
613 1004 858 1073 loquitur
882 1004 1202 1059 exsultans:
1233 1004 1384 1058 Bona
1408 1006 1566 1059 ubera
1598 1017 1692 1060 tua
1721 1025 1874 1076 super
1904 1011 2105 1063 vinum.

535 1095 655 1150 Ista
682 1110 808 1150 vero
836 1111 959 1165 qua:
997 1097 1418 1152 exsultationem
1454 1107 1508 1151 et
1549 1099 1789 1154 laetitiam
1830 1101 2106 1167 deferunt,

531 1187 950 1245 adolescentulus
998 1189 1202 1259 quippe
1249 1197 1410 1252 sunt,
1476 1189 1726 1245 deferunt
1759 1192 2102 1256 eliaritatem,

527 1291 581 1335 ct
615 1281 807 1338 dicunt
837 1298 852 1335 :
887 1282 1288 1337 Exsultabi'inus
1321 1290 1372 1337 et
1405 1282 1707 1337 lirtabimur
1751 1285 1804 1337 in
1853 1295 1921 1340 te.
1963 1286 2103 1339 Dili-

529 1388 708 1440 gemus
739 1373 900 1428 ubera
929 1381 1022 1426 tua
1045 1389 1199 1442 super
1226 1374 1421 1426 vinum.
1478 1372 1794 1444 Diligemus,
1827 1375 2100 1444 inquiunt,

530 1476 643 1515 non
697 1459 998 1533 diligimus.
1063 1463 1264 1518 Deinde
1318 1465 1616 1534 loquuntur
1679 1465 1745 1520 ad
1800 1482 2097 1536 sponsam:

529 1553 782 1622 .Equitas
828 1554 1017 1612 dilexit
1061 1566 1130 1608 te.
1182 1554 1429 1610 Laudant
1460 1572 1739 1625 sponsam,
1775 1575 1973 1615 nomen
2023 1561 2099 1616 illi

526 1645 801 1712 aeq-uitatis
832 1660 862 1699 a
890 1646 1123 1716 propriis
1148 1647 1436 1703 virtutibus
1463 1649 1818 1718 imponentes.
1845 1651 2099 1722 Equites

526 1732 716 1786 dilexit
749 1743 814 1787 te.

2223 563 2303 606 ret
2351 555 2533 607 Aaron
2588 555 2949 608 sacerdotium
2995 553 3340 622 Judteoruin,
3392 573 3692 615 inurmiirct
3740 574 3793 615 ct

2223 641 2389 695 Maria
2437 658 2708 713 synagoga
2757 659 2977 708 eorum;
3023 643 3236 716 Moyses
3265 648 3330 701 de
3362 653 3794 705 nitiimuratiuiie

2223 748 2329 787 non
2362 743 2538 798 curat,
2570 744 2716 787 amat
2737 732 3133 804 {Etliiopissam
3162 754 3341 801 suam,
3366 741 3431 791 ile
3454 757 3561 809 qua
3586 752 3639 794 et
3661 744 3790 796 alibi

2220 823 2418 876 dicitur
2449 839 2540 891 per
2569 823 2889 892 prophetam
2923 841 2936 877 :
2969 826 3046 876 Ab
3080 829 3325 881 extremis
3354 828 3630 895 ﬂuminum
3660 834 3790 898 aie-

2222 919 2330 961 rent
2364 910 2564 964 hostias
2589 911 2654 962 ⁶¹.
2685 911 2748 964 Et
2777 928 2994 966 rursum
3024 932 3037 967 :
3064 913 3341 984 (Etliiopia
3375 922 3649 986 pra-ueniet
3676 938 3792 974 niti-

2218 1016 2313 1052 nus
2344 1000 2455 1067 ejus
2487 1000 2589 1054 Deo
2617 1001 2682 1054 “.
2712 1000 2942 1057 Pulchre
2973 1007 3301 1074 praeveniet;
3329 1011 3603 1077 quomodo
3642 1012 3786 1064 eiiitii

2217 1092 2271 1144 in
2312 1093 2604 1161 Evangelio
2635 1094 2833 1148 mulier
2863 1095 2951 1150 illa
2984 1111 3107 1166 qum
3140 1099 3406 1166 sanguine
3445 1099 3661 1162 ﬂuebat,
3697 1117 3788 1154 ai-

2218 1183 2566 1254 chisynagogi
2598 1185 2764 1239 ﬁliam
2789 1186 3073 1242 curatione
3100 1191 3362 1255 praevenit
3385 1191 3450 1255 “,
3479 1193 3556 1243 sic
3581 1189 3790 1245 Ethio-

2211 1273 2298 1341 pia
2330 1273 2495 1326 Israel
2521 1283 2818 1342 aegrotante
2854 1285 3043 1329 sanata
3079 1287 3181 1330 est.
3219 1275 3443 1329 Illorum
3478 1280 3668 1332 delicio
3699 1299 3785 1334 sa-

2209 1365 2291 1416 lus
2333 1366 2573 1433 gentibus
2627 1365 2770 1433 facta
2808 1377 2883 1419 est
2921 1369 2988 1420 ad
3025 1368 3380 1422 teniulanduin
3409 1386 3493 1423 eos
3520 1371 3583 1422 ".
3613 1370 3785 1439 Nigra

2209 1472 2327 1508 sum
2355 1468 2402 1509 et
2428 1457 2683 1526 speciosa,
2712 1457 2842 1524 ﬁlia
2869 1457 3224 1514 Hierusalem.
3254 1460 3316 1514 Et
3340 1472 3418 1524 tu,
3448 1465 3779 1518 ecclesiasti-

2209 1562 2269 1599 ca
2301 1548 2504 1610 anima.
2539 1549 2606 1602 ad
2637 1549 2778 1603 ﬁlias
2808 1548 3146 1607 Ilierusalem
3171 1565 3426 1609 converte
3449 1572 3780 1621 sermonem,

2208 1648 2263 1692 et
2292 1639 2534 1695 dic:Me
2583 1641 2704 1712 plus
2754 1651 2901 1696 amat
2951 1659 3206 1712 sponsus,
3258 1662 3344 1700 me
3391 1648 3562 1717 magis
3609 1649 3783 1718 diligit

2208 1747 2373 1802 quam
2418 1747 2532 1798 vos,
2579 1749 2702 1802 quae
2748 1735 2930 1788 multa:
2963 1736 3086 1789 ﬁlia:
3114 1735 3475 1792 Hierusalem.
3505 1737 3616 1793 Vos
3647 1740 3782 1795 loris

597 1821 652 1878 6,
693 1821 930 1879 nul-sum
971 1827 1038 1880 ad
1074 1827 1505 1885 εάοιεεοεηωιρε
1552 1845 1755 1899 sponsa
1806 1832 2101 1900 responde;
2131 1815 2174 1870 Β
2205 1822 2385 1886 statis,
2411 1833 2462 1878 et
2485 1838 2741 1893 sponsam
2770 1825 3083 1881 cubiculum
3117 1828 3308 1882 videtis
3343 1830 3657 1883 intrantem.
3686 1830 3781 1885 Ne-

526 1917 694 1979 (vers.
712 1914 765 1978 5,
804 1914 857 1984 6)
886 1933 901 1969 :
932 1915 1103 1986 Nigra
1133 1935 1266 1984 sum,
1293 1929 1344 1973 et
1383 1921 1640 1987 speciosa,
1672 1922 1802 1990 ﬁliai
1838 1921 2098 1977 Hierusa-

521 2001 646 2068 lem,
676 2012 732 2057 ut
763 2005 1106 2060 tabernacula
1131 2007 1325 2075 Cedar,
1366 2019 1420 2061 ut
1450 2010 1610 2077 pelles
1636 2009 1958 2066 Salomonis.
1994 2013 2098 2084 ιε

528 2091 609 2147 Ne
627 2095 940 2150 intueamini
969 2115 1067 2162 me,
1104 2101 1229 2169 quia
1259 2116 1354 2170 ego
1381 2118 1498 2154 sum
1519 2103 1820 2173 denigrata,
1847 2109 2097 2174 quoniam

522 2186 758 2254 despexit
784 2204 864 2242 ine
901 2189 1001 2244 sol.
1032 2188 1290 2260 Speciosa
1316 2193 1535 2261 quidem
1565 2204 1671 2260 est,
1715 2205 1771 2250 et
1801 2212 2097 2266 possumus

525 2273 767 2331 invenire
811 2279 1086 2348 quomodo
1133 2281 1383 2350 speciosa
1418 2283 1490 2336 sit
1525 2299 1768 2352 sponsa;
1799 2288 2098 2356 quaerimus

523 2379 703 2422 autem
736 2371 1012 2439 quomodo
1044 2373 1200 2444 nigra
1228 2384 1283 2429 et
1320 2374 1441 2429 sine
1470 2377 1707 2432 candore
1741 2379 1814 2433 sit
1848 2381 2092 2449 pulchra.

523 2458 904 2518 Paenitentiam
940 2465 1054 2536 egit
1076 2480 1107 2520 a
1134 2469 1405 2536 peccatis,
1437 2471 1672 2538 speciem
1701 2471 1751 2526 ei
1780 2473 1972 2544 largita
2013 2484 2097 2530 est

520 2554 824 2619 conversio,
846 2564 900 2610 et
924 2556 1047 2612 ideo
1068 2557 1314 2627 speciosa
1349 2569 1620 2617 cantatur.
1646 2561 1787 2628 Quia
1812 2579 1938 2619 vero
1968 2580 2095 2620 nec-

518 2643 650 2698 dum
697 2647 941 2700 omnium
991 2658 1339 2719 peccatorum
1383 2652 1544 2707 sorde
1580 2663 1827 2724 purgata,
1861 2657 2093 2711 necdum

518 2734 628 2789 Iota
657 2745 742 2791 est
768 2737 827 2792 in
853 2739 1052 2806 salute,
1097 2741 1251 2810 nigra
1292 2742 1511 2808 dicitur,
1543 2745 1638 2799 sed
1677 2747 1730 2799 in
1764 2754 1884 2801 atro
1909 2749 2094 2804 colore

519 2841 629 2882 non
661 2841 966 2898 permanet.
1009 2829 1198 2901 Itaque
1237 2834 1470 2888 candida
1515 2835 1737 2904 quando
1778 2837 1846 2890 ad
1884 2837 2093 2908 majora

518 2919 818 2988 consurgit,
852 2930 907 2974 et
932 2935 1055 2976 cum
1097 2923 1166 2977 ab
1195 2924 1494 2979 humilibus
1517 2925 1716 2996 incipit
1732 2927 1801 2982 ad
1828 2925 1938 2982 alta
1967 2943 2094 2984 eon-

516 3011 798 3077 scendere,
821 3011 1128 3084 diciturque
1151 3013 1220 3069 de
1243 3029 1305 3069 ea
1331 3033 1346 3068 :
1381 3017 1513 3081 Qua:
1541 3028 1618 3072 est
1649 3019 1756 3072 ista
1780 3037 1900 3090 quc
1919 3038 2095 3076 ascen-

2204 1928 2294 1967 mo
2319 1914 2527 1970 dubitet
2548 1914 2758 1986 nigrant
2785 1927 3030 1971 vocatam
3055 1934 3176 1974 esse
3202 1918 3522 1974 formosam.
3551 1920 3654 1988 Qui
3679 1937 3780 1976 nos

2203 2018 2414 2069 sumus,
2447 2015 2508 2060 ut
2537 2020 2930 2078 cognoscamus
2961 2007 3154 2070 Deum.
3207 2020 3265 2066 ut
3307 2011 3534 2067 Cantica
3577 2013 3778 2067 cantici

2202 2097 2580 2166 praidiccmus,
2609 2107 2668 2151 ut
2693 2099 2762 2152 ab
2783 2099 3074 2169 [Ethiopian
3101 2101 3322 2167 linibus,
3351 2112 3408 2155 ιιι
3435 2103 3503 2156 ab
3528 2114 3774 2157 cstrcino

2201 2195 2361 2242 teme
2388 2189 2694 2244 venerimus
2717 2190 3038 2258 sapientiam
3070 2192 3180 2245 veri
3215 2195 3403 2248 audire
3433 2193 3779 2248 Salomonis?

2201 2277 2267 2336 Et
2307 2280 2530 2349 quando
2572 2280 2870 2336 Salvator-is
2915 2297 3018 2336 vox
3065 2282 3363 2339 intonantis
3392 2287 3650 2341 auditur:
3677 2287 3774 2340 lle-

2199 2372 2323 2440 giita
2364 2372 2548 2426 Austri
2588 2374 2750 2426 veniet
2793 2375 2846 2426 in
2882 2374 3174 2441 judicium,
3202 2385 3251 2428 et
3289 2379 3651 2432 condemnabit
3681 2381 3773 2432 lio—

2199 2459 2364 2516 inines
2395 2461 2750 2530 generationis
2779 2461 2958 2529 hujus,
3005 2465 3129 2531 quia
3167 2467 3300 2518 reiii't
3331 2483 3363 2520 a
3391 2467 3583 2534 ﬁnibus
3621 2478 3772 2521 terra

2200 2548 2385 2603 audire
2421 2551 2734 2610 sapientiam
2764 2550 3087 2620 Salomonis,
3119 2565 3166 2607 et
3197 2573 3309 2608 ecce
3344 2556 3460 2623 plus
3494 2575 3650 2627 quant
3676 2559 3770 2613 Sa-

2196 2641 2372 2694 lomon
2414 2641 2498 2696 hic
2517 2640 2566 2673 “
2599 2660 2613 2697 :
2650 2643 2774 2697 audi
2822 2645 3050 2714 mystica
3098 2662 3219 2715 qua:
3261 2647 3534 2702 dicantur.
3569 2647 3770 2718 Regina

2196 2731 2383 2787 Austri
2416 2733 2564 2788 venit
2595 2749 2625 2788 a
2658 2734 2856 2788 linihus
2887 2744 3043 2790 terra:
3064 2735 3328 2802 Ecclesia,
3358 2748 3411 2793 ct
3445 2739 3773 2794 condemnat

2199 2828 2451 2880 homines
2484 2826 2852 2896 generationis
2879 2828 3064 2897 hujus,
3099 2829 3148 2882 id
3185 2840 3266 2884 est
3292 2827 3509 2886 Judaios
3539 2831 3689 2885 cariii
3719 2841 3772 2886 et

2198 2916 2450 2988 sanguini
2497 2917 2730 2972 deditos.
2774 2916 2931 2974 Venit
2962 2934 2992 2972 a
3028 2919 3228 2974 ﬁnibus
3267 2930 3424 2974 terra:
3462 2921 3651 2975 audire
3683 2938 3771 2976 sa-

2199 3009 2457 3078 pientiam
2496 3008 2826 3074 Salomonis,
2882 3027 2991 3064 non
3026 3011 3173 3066 illius
3207 3012 3298 3082 qui
3333 3012 3386 3064 in
3422 3011 3770 3070 Testamento

514 3100 594 3155 ilit
630 3101 883 3158 dealbata
905 3105 970 3159 ⁵⁸.
1014 3104 1080 3160 Et
1121 3120 1232 3176 quo
1273 3107 1617 3162 manifestius
1646 3109 1750 3164 hoc
1772 3112 2091 3182 mysterium

2200 3096 2378 3153 Veteri
2403 3101 2747 3169 praidicatur.
2779 3103 2871 3156 sed
2900 3101 3063 3171 hujus
3086 3102 3179 3172 qui
3211 3103 3264 3156 in
3295 3101 3585 3174 Evangelio
3614 3101 3769 3160 Salo-

513 3191 875 3259 deseribatur,
906 3210 1014 3250 non
1039 3197 1134 3262 ait,
1169 3206 1227 3250 ut
1255 3196 1307 3250 in
1340 3198 1613 3268 plerisque
1641 3202 1941 3268 codicibus,
1969 3205 2096 3276 legi-

515 3293 636 3339 tur:
657 3283 855 3340 Innixa
884 3302 1040 3354 super
1068 3287 1373 3356 fratruelem
1401 3307 1577 3356 suum,
1610 3292 1660 3346 id
1682 3303 1785 3360 est,
1808 3295 2093 3368 ἐπιστηρι-

512 3373 713 3446 ζομένη
740 3376 835 3430 ἐπὶ
856 3377 947 3431 τὸν
975 3377 1286 3448 ἀδελφιδοῦν
1301 3381 1489 3450 αὐτῆς,
1523 3383 1615 3438 sed
1636 3385 2092 3460 ὲπιστηριζομένη

513 3468 606 3522 ἐπὶ
632 3485 695 3521 το
720 3499 746 3520 ι.
763 3467 916 3539 τῆθος
943 3469 1128 3535 αὑτοῦ,
1161 3471 1213 3526 id
1241 3483 1344 3537 est,
1375 3489 1531 3541 super
1551 3485 1728 3542 pectus
1758 3477 1872 3544 ejus
1899 3495 2094 3531 recum-

513 3558 660 3634 bens,
691 3558 1168 3629 signiﬁcanterque
1197 3562 1265 3616 de
1297 3563 1479 3618 auiina
1510 3581 1724 3634 sponsa
1751 3577 1806 3620 et
1837 3584 2092 3624 sermone

513 3647 730 3713 dicitur,
766 3665 931 3719 super
969 3661 1157 3720 pectus
1184 3653 1332 3708 illius
1360 3657 1706 3719 recumbens,
1737 3658 1866 3727 quia
1890 3659 2089 3728 princi—

513 3739 632 3808 pale
661 3739 736 3802 ibi
766 3741 946 3799 cordis
977 3753 1060 3799 est
1085 3745 1282 3799 nostri.
1313 3743 1466 3801 Unde
1505 3763 1536 3801 a
1580 3750 1893 3805 carnalibus
1935 3767 2086 3806 rece-

511 3831 700 3887 dentes
723 3832 986 3902 spiritalia
1013 3836 1216 3891 sentire
1243 3837 1526 3905 debemus,
1549 3849 1604 3895 et
1632 3841 1928 3911 intelligere
1952 3845 2086 3899 mul-

512 3931 568 3976 to
603 3923 796 3979 melius
823 3940 944 3981 esse
977 3927 1056 3981 sic
1086 3943 1296 3992 amare,
1349 3945 1515 3998 quam
1565 3946 1751 3986 amare
1794 3934 2080 3991 desistere.

510 4013 770 4075 Ascendit
817 4015 982 4084 igitur
1031 4017 1360 4074 recumbens
1393 4034 1558 4088 super
1589 4031 1774 4089 pectus
1808 4021 2083 4080 fratruelis

509 4100 593 4154 sui
622 4119 636 4155 :
672 4112 725 4164 et
753 4118 874 4173 quae
904 4119 1050 4163 nunc
1077 4105 1131 4164 in
1155 4107 1382 4161 exordio
1412 4110 1608 4164 cantici
1641 4111 1790 4180 nigra
1837 4115 2080 4182 ponitur,

508 4193 564 4248 in
585 4195 923 4264 epithalamii
953 4195 1056 4252 ﬁne
1079 4196 1145 4250 de
1172 4213 1235 4252 ea
1268 4208 1516 4254 cantatur
1541 4218 1552 4252 :
1581 4200 1711 4265 Qua:
1739 4214 1813 4256 est
1839 4206 1944 4260 ista
1964 4223 2082 4274 qua

507 4289 741 4352 ascendit
777 4289 1024 4342 dealbata
1048 4290 1124 4344 ὀἳ
1147 4289 1514 4347 Intelleximus
1542 4298 1818 4363 quomodo
1851 4306 1905 4352 et
1928 4300 2081 4369 nigra

505 4390 558 4436 et
593 4380 835 4436 formosa
875 4383 947 4438 sit
990 4398 1210 4453 sponsa.
1262 4382 1318 4437 Si
1347 4393 1527 4441 autem
1571 4397 1625 4442 et
1662 4397 1717 4442 tu
1761 4404 1866 4443 non
1903 4391 2082 4460 egeris

2198 3207 2360 3248 mone
2391 3194 2566 3263 major
2591 3207 2693 3249 est.
2738 3194 2908 3264 Nigra
2931 3213 3048 3250 sum
3070 3206 3118 3249 et
3143 3197 3398 3268 speciosa,
3424 3199 3551 3271 ﬁlia:
3581 3197 3771 3252 Hieru—

2195 3285 2382 3349 salem,
2428 3287 2579 3355 nigra
2623 3287 2758 3342 velut
2808 3288 3151 3342 tabernacula
3204 3287 3396 3352 Cedar,
3437 3291 3668 3358 speciosa
3712 3299 3769 3344 ut

2194 3376 2351 3442 pelles
2380 3375 2701 3431 Salomonis.
2742 3379 2860 3448 Ipsa
2896 3394 3115 3449 quoque
3146 3381 3365 3434 nomina
3401 3396 3523 3434 cum
3554 3393 3769 3448 sponsa

2195 3470 2388 3522 decore
2416 3471 2768 3524 conveniunt.
2800 3470 2967 3524 Aiunt
2987 3470 3194 3524 Hebraei
3222 3469 3395 3525 Cedar
3423 3472 3766 3540 interpretari

2195 3561 2466 3617 tenebras.
2494 3560 2656 3633 Nigra
2700 3578 2822 3616 sum
2853 3577 2983 3632 ergo
3008 3571 3067 3616 ut
3107 3562 3453 3618 tabernacula
3487 3565 3680 3631 Cedar,
3709 3573 3769 3619 ut

2192 3652 2512 3724 Ethiopes;
2564 3654 2808 3721 speciosa
2864 3662 2923 3706 ut
2971 3654 3135 3722 pelles
3179 3652 3487 3708 Salomonis
3528 3671 3666 3726 quas
3703 3671 3768 3708 co

2191 3755 2434 3815 tempore
2456 3745 2511 3797 in
2535 3744 2870 3799 tabernaculi
2895 3754 3220 3798 ornamento
3240 3746 3565 3813 composuit,
3592 3761 3769 3816 quan-

2188 3837 2259 3890 do
2294 3835 2556 3905 templum
2588 3851 2806 3890 summo
2830 3836 3013 3890 studio
3040 3846 3095 3892 ct
3125 3836 3309 3892 labore
3341 3837 3637 3892 fabricatus
3660 3846 3761 3892 est.

2189 3925 2352 3984 Dives
2394 3928 2594 3998 quippe
2640 3926 2920 3991 Salomon,
2956 3938 3008 3984 et
3045 3928 3098 3983 in
3133 3929 3281 3984 omni
3320 3930 3583 3999 sapientia
3619 3930 3766 3982 illius

2190 4035 2349 4074 nemo
2389 4015 2663 4088 praecessit
2701 4020 2872 4074 illum.
2911 4018 3084 4090 Nigra
3114 4037 3229 4072 sum
3269 4031 3317 4073 et
3355 4023 3613 4090 speciosa,
3636 4022 3766 4089 ﬁlia:

2193 4111 2550 4174 Hierusalem,
2584 4122 2638 4164 ut
2670 4112 3009 4166 tabernacula
3041 4111 3234 4178 Cedar,
3258 4123 3311 4165 ut
3335 4113 3493 4180 pelles
3520 4113 3766 4166 Salomo-

2189 4204 2294 4258 nis.
2335 4201 2417 4256 Ne
2447 4202 2764 4258 intueamiiii
2797 4219 2894 4271 me,
2923 4204 3044 4273 quia
3067 4220 3159 4273 ego
3187 4219 3303 4254 sum
3331 4203 3628 4270 denigrata.
3665 4202 3765 4256 Sa-

2189 4291 2389 4348 tisfecit
2421 4293 2487 4348 de
2522 4293 2736 4363 nigrore
2768 4309 2888 4356 suo,
2917 4303 2969 4346 et
2998 4308 3092 4362 per
3135 4290 3509 4362 paenitentiam
3540 4297 3605 4346 ad
3647 4308 3763 4344 nie-

2190 4384 2326 4438 Iiora
2361 4398 2623 4437 conversa
2655 4385 2945 4438 annuntiat
2977 4398 3035 4436 se
3083 4383 3296 4435 ﬁliabus
3339 4381 3506 4434 Israel
3552 4382 3761 4450 iiigi-aiii

507 4474 905 4543 ptenitentiam,
951 4492 1082 4534 Care
1124 4491 1191 4532 no
1228 4477 1407 4532 anima
1455 4489 1546 4535 tua
1589 4479 1742 4549 nigra
1784 4481 1999 4536 dicatur
2028 4491 2081 4536 ei
2115 4476 2158 4530 D
2188 4476 2403 4544 quidem
2441 4491 2584 4539 esse,
2629 4472 2721 4526 sed
2760 4474 3067 4544 pulchram,
3098 4471 3398 4526 secundum
3429 4470 3573 4538 quod
3604 4487 3764 4539 supe-

506 4567 702 4635 turpis,
737 4576 793 4624 et
827 4568 1027 4636 dtIpllCl
1059 4567 1298 4623 foeditate
1343 4570 1580 4638 turperis
1619 4589 1630 4622 :
1660 4571 1812 4639 nigra
1863 4581 2082 4640 propter

505 4667 724 4726 peccata
755 4660 1044 4727 printerita,
1097 4659 1270 4729 turpis
1313 4669 1534 4728 propter
1569 4661 1671 4714 hoc
1706 4662 1834 4730 quia
1877 4662 1930 4716 in
1973 4663 2082 4716 eis-

503 4748 626 4803 dem
661 4749 806 4806 vitiis
843 4765 1176 4820 perseveras.
1217 4749 1273 4804 Si
1319 4767 1446 4805 vero
1474 4753 1848 4820 pamitentiam
1879 4753 2079 4822 egeris,

506 4841 656 4914 nigra
689 4843 792 4898 erit
833 4843 1014 4898 anima
1057 4854 1148 4898 tua
1191 4854 1410 4914 propter
1441 4845 1664 4912 antiqua
1699 4845 1918 4910 delicta,
1949 4861 2079 4914 pro-

504 4941 623 5000 pter
649 4934 1018 5002 ptenitentiam
1051 4951 1178 4990 vero
1209 4936 1427 4990 habebit
1449 4936 1678 5005 aliquid,
1700 4946 1757 4990 ut
1780 4937 1854 4991 ita
1877 4936 2078 5003 dicam,

504 5024 797 5097 zEthiopici
823 5028 1056 5084 decoris.
1092 5029 1159 5083 Et
1194 5030 1321 5098 quia
1358 5029 1528 5083 semel
1567 5028 1874 5097 Etliiopem
1901 5030 2080 5082 numi-

501 5119 646 5181 navi,
675 5121 797 5174 volo
835 5129 1027 5175 testem
1066 5121 1406 5188 Scripturam
1437 5134 1602 5188 super
1639 5119 1784 5173 hunc
1813 5121 2081 5175 advocare

499 5223 827 5265 sermonem.
853 5210 1033 5266 Aaron
1057 5220 1112 5264 et
1144 5210 1310 5264 Maria
1345 5217 1687 5262 murmurant
1718 5208 1844 5277 quia
1867 5208 2079 5274 Moyses

499 5300 894 5372 .Ethiopissam
955 5303 1120 5356 habet
1181 5315 1407 5354 uxorein
1444 5302 1508 5353 δι.
1574 5301 1637 5354 Et
1662 5318 1806 5356 nunc
1861 5303 2076 5375 Moyses

501 5392 891 5462 lEthiopissam
935 5393 1088 5444 ducit
1130 5406 1353 5443 uxorein
1387 5409 1400 5444 :
1443 5391 1710 5459 siquidem
1745 5395 1824 5447 lex
1858 5396 1976 5463 ejus
2007 5399 2072 5452 ad

570 5551 614 5581 ³⁸
636 5553 799 5603 Cant.
836 5564 958 5611 VIII,
999 5551 1049 5599 5.
1105 5549 1149 5578 '°
1182 5547 1338 5602 Cant.
1374 5561 1490 5602 vni.
1531 5550 1584 5600 5'.
1626 5548 1663 5578 ⁶¹
1699 5547 1858 5601 Num.
1893 5566 1990 5612 xii,
2021 5552 2068 5604 ι.

500 5622 542 5651 ⁸³
569 5621 725 5673 Rom.
756 5636 832 5679 ιι,
867 5619 950 5668 11.
1033 5619 1076 5647 ⁶⁶
1111 5617 1295 5670 Matth.
1324 5632 1418 5678 itii,
1451 5619 1537 5671 ltl.
1618 5619 1656 5648 ⁸⁷
1696 5619 1849 5671 Ιὶιιιιι.
1880 5637 1954 5681 λι,
1989 5622 2046 5674 Η

573 5759 684 5830 (I2)
726 5757 881 5821 3155.,
913 5757 1112 5825 excepi.
1138 5757 1291 5818 Libb.
1321 5758 1474 5821 edib,
1508 5760 1700 5824 accepi.

2187 4568 2302 4620 rius
2327 4565 2705 4635 exposuimus,
2738 4572 2791 4617 et
2817 4563 2946 4616 dicit
2973 4582 2986 4615 :
3018 4561 3098 4613 Ne
3138 4562 3451 4614 intueamiiii
3501 4577 3597 4622 ine,
3638 4565 3762 4631 quia

2183 4672 2274 4725 ego
2306 4672 2420 4708 sum
2454 4655 2755 4721 denigrata.
2804 4651 2902 4714 Ne,
2949 4652 3144 4721 inquit,
3180 4647 3524 4702 admiremini
3560 4649 3762 4703 COIUI'lS

2185 4765 2305 4804 csse
2344 4763 2428 4802 me
2456 4748 2602 4811 tetri,
2638 4746 2717 4798 sol
2751 4745 2997 4811 despexit
3033 4758 3136 4795 me.
3175 4739 3340 4794 Pleiio
3373 4741 3572 4810 quippe
3611 4740 3762 4793 radio

2186 4841 2238 4893 in
2275 4856 2360 4894 me
2391 4838 2618 4893 luminis
2650 4838 2732 4889 sui
2763 4835 2941 4904 fulgor
2979 4832 3176 4894 illuxit,
3218 4841 3276 4885 ut
3303 4830 3420 4898 ejus
3448 4831 3548 4883 siin
3578 4830 3761 4884 calore

2186 4930 2417 4985 fuscata.
2456 4928 2644 4997 Neque
2680 4927 2824 4980 enim
2859 4935 2917 4978 ut
2959 4923 3240 4990 decuerat,
3278 4930 3336 4976 ut
3365 4922 3496 4976 solis
3524 4919 3762 4988 dignitas

2184 5021 2488 5091 expetebat,
2531 5017 2678 5072 illius
2718 5017 2770 5070 iii
2800 5033 2884 5071 me
2927 5017 3109 5069 lumen
3156 5013 3340 5080 excepi
3369 5011 3479 5081 (l2)
3511 5029 3522 5064 :
3553 5011 3760 5062 Dt-li'eto

2181 5129 2360 5166 eorum
2392 5111 2537 5164 salus
2568 5110 2805 5179 gentibus
2837 5109 2982 5176 facta
3015 5117 3090 5160 est
3115 5107 3194 5170 '7;
3230 5115 3282 5159 et
3310 5117 3503 5158 rursus
3538 5120 3550 5155 :
3581 5100 3761 5155 Incre-

2182 5204 2406 5257 dulitate
2448 5203 2678 5272 gentium
2731 5201 2951 5252 scientia
3002 5197 3188 5251 Israel.
3246 5195 3423 5251 Habes
3467 5205 3761 5262 utrumque

2186 5299 2325 5366 apud
2356 5295 2694 5365 Apostoluni.

2257 5392 2308 5446 7.
2351 5390 2506 5441 V'ers.
2541 5386 2593 5438 6.
2635 5385 2763 5438 Filii
2799 5386 2986 5451 niptris
3027 5398 3152 5435 mea:
3179 5387 3541 5450 pugnaverunt
3570 5378 3758 5431 adrer-

2149 5552 2190 5581 "
2213 5548 2353 5602 Psal.
2392 5563 2562 5610 cxvii,
2601 5546 2685 5597 10.
2741 5545 2784 5573 ⁸³
2815 5542 2955 5596 Psal.
2985 5555 3175 5601 ιιι-ιιι,
3204 5538 3292 5590 51.
3349 5535 3390 5565 ⁸⁸
3423 5533 3611 5588 Matth.
3644 5545 3727 5588 tit.
