4134 6424
511 351 574 402 ιτ
1559 349 1880 405 ORIGENIS
1915 349 1979 404 IN
2019 348 2373 405 CANTICUM
2411 349 2674 406 CANTIC.
3685 360 3755 414 ιε

507 475 890 522 ornamentum
923 464 1066 533 quod
1099 463 1234 518 solet
1265 464 1532 534 virginum
1561 465 1703 520 collo
1733 466 1991 534 pendere,
2026 475 2081 519 et
2109 471 2150 526 Α
2185 466 2418 518 recubitu
2449 481 2546 517 suo
2574 475 2688 527 est;
2719 465 2794 518 ait
2846 467 3010 534 (vers.
3049 467 3132 537 l2)
3163 486 3178 523 :
3214 466 3430 523 Nardus
3458 487 3570 524 mea
3609 472 3753 526 dedit

507 565 856 626 nuncupatur
881 555 1161 626 ὁρμίσκος,
1205 554 1275 608 ita
1321 555 1439 608 sine
1477 555 1580 608 hoc
1611 555 1807 608 decore
1839 564 1892 608 et
1925 564 2076 609 tuum

508 649 686 717 ipsum
717 646 912 699 collum
941 654 1022 697 est
1054 652 1452 697 ornamentum.
1485 642 1734 697 Posthtec
1760 644 1817 696 fit
1846 659 2078 712 sponsus

508 740 563 792 in
601 737 868 792 recubitu.
900 733 1181 804 Requievit
1219 745 1278 788 ut
1304 735 1408 797 leo,
1440 744 1500 788 ut
1527 733 1742 788 catulus
1778 735 1953 788 leonis
1981 735 2078 789 ob-

506 828 782 891 dormivit,
813 835 871 880 ut
891 827 1143 895 deinceps
1166 828 1340 896 possit
1370 827 1558 880 audire
1587 845 1601 880 :
1636 825 1766 890 Quis
1797 828 2075 880 suscitabit

504 918 725 972 eum"?
774 916 896 982 Quo
942 917 1157 970 interim
1211 917 1517 971 dormiente
1564 926 1823 985 apparent
1863 931 2079 985 sponsa:

505 1011 692 1078 sponsi
722 1009 935 1063 sodales
965 1009 1165 1078 angeli,
1208 1018 1265 1063 et
1301 1008 1389 1062 bis
1414 1023 1534 1061 eam
1566 1008 1912 1062 sermonibus
1943 1024 2075 1063 con-

502 1101 768 1154 solantur.
799 1098 910 1154 Nos
944 1099 1040 1153 tibi
1076 1114 1242 1154 aurea
1264 1109 1586 1153 ornamenta
1610 1098 1789 1152 facere
1812 1115 1918 1152 non
1950 1115 2075 1169 pos-

501 1207 731 1246 sumus:
760 1206 869 1245 non
917 1191 1064 1244 enim
1118 1199 1224 1244 tam
1271 1190 1468 1246 divites
1506 1205 1696 1246 sumus
1739 1200 1799 1244 ut
1843 1205 2074 1260 sponsus

500 1292 650 1346 tuus,
682 1282 777 1351 qui
812 1296 1035 1335 aureum
1073 1281 1168 1335 tibi
1196 1281 1398 1335 monile
1431 1282 1712 1351 largiatur.
1743 1279 1853 1334 Nos
1881 1282 2074 1335 simili-

501 1376 746 1429 tudinem
776 1375 896 1428 auri
931 1373 1211 1438 faciemus,
1242 1389 1350 1428 non
1386 1373 1648 1428 habemus
1676 1388 1891 1426 aurum.
1926 1371 1988 1424 Et
2016 1372 2071 1425 in

503 1467 605 1520 hoc
631 1481 852 1536 quoque
882 1466 1172 1520 laetandum
1205 1475 1309 1533 est,
1350 1466 1395 1520 si
1439 1465 1824 1520 similitudines
1850 1469 1990 1528 auri,
2023 1463 2070 1517 si

499 1557 755 1627 stigmata
792 1558 1054 1613 faciamus
1094 1559 1319 1628 argenti.
1352 1557 1530 1625 (Vers.
1557 1555 2068 1625 ll.)Simititudiues

500 1651 623 1701 auri
656 1649 908 1717 faciemus
939 1651 1056 1714 tibi,
1096 1665 1215 1703 cum
1253 1649 1588 1717 stigmatibus
1623 1648 1842 1717 argenti,
1877 1661 2066 1700 verum

501 1755 608 1793 non
643 1739 791 1794 omni
821 1749 1078 1810 tempore,
1114 1743 1208 1796 sed
1239 1743 1410 1794 donec
1450 1754 1683 1809 sponsus
1725 1749 1851 1792 tuus
1878 1748 2070 1808 surgat

2185 559 2396 610 odorem
2429 575 2602 612 suum.
2641 556 2955 612 Fasciculus
2987 570 3150 629 gutta'
3179 562 3456 628 fratruelis
3481 579 3625 616 meus
3651 564 3752 615 mi-

2183 649 2260 713 lii,
2300 649 2353 700 in
2383 648 2551 701 medio
2581 649 2797 701 uberum
2827 667 3058 702 meorum
3090 652 3469 706 demorabitur.
3514 653 3754 718 Quomo-

2183 738 2253 791 do
2295 738 2458 807 igitur
2492 739 2798 806 aptabimus
2833 741 2879 793 ei
2928 741 2977 793 id
3023 742 3166 809 quod
3200 743 3478 811 przecessit
3528 762 3540 796 :
3581 743 3751 795 Donec

2185 843 2277 879 rex
2309 828 2364 878 in
2397 827 2633 879 recubitu
2679 844 2774 881 suo
2800 841 2897 889 est,
2943 829 2992 881 id
3031 831 3173 898 quod
3204 831 3448 898 sequitur
3479 849 3491 883 :
3533 829 3749 882 Nardus

2183 932 2296 969 mea
2325 916 2468 968 dedit
2513 917 2725 969 odorem
2757 934 2930 969 suurn.
2996 917 3262 986 Loquitur
3305 919 3749 988 Evangeliunt",

2180 1009 2310 1076 quia
2337 1009 2480 1061 venit
2509 1009 2701 1062 mulier
2734 1008 2940 1063 habens
2969 1011 3302 1064 alabastrum
3335 1013 3595 1081 unguenti
3623 1029 3749 1066 nar-

2179 1097 2235 1151 di
2265 1099 2440 1168 pistici
2473 1099 2717 1168 pretiosi,
2751 1115 2857 1154 non
2882 1101 2970 1154 illa
2998 1103 3268 1170 peccatrix
3288 1143 3302 1166 ,
3327 1104 3416 1155 sed
3448 1116 3656 1164 sancta,
3680 1103 3748 1156 de

2179 1204 2286 1258 qua
2327 1205 2472 1243 nunc
2515 1190 2648 1243 mihi
2689 1206 2867 1244 sermo
2892 1202 2995 1247 est.
3061 1192 3186 1245 Scio
3221 1194 3417 1262 quippe
3448 1192 3645 1247 Lucam
3680 1195 3747 1247 de

2177 1281 2503 1348 peccati-ioc,
2529 1280 2840 1336 Matthzeum
2889 1299 3017 1337 vero
3045 1294 3098 1337 et
3131 1285 3393 1337 Joannem
3419 1295 3473 1338 et
3507 1285 3744 1339 Marcum

2177 1385 2285 1422 non
2318 1370 2385 1423 de
2412 1372 2712 1439 peccatrice
2741 1372 2835 1426 illa
2861 1373 3084 1427 dixisse.
3151 1372 3302 1426 Venit
3326 1389 3455 1440 ergo
3488 1390 3594 1427 non
3627 1390 3741 1443 pec-

2175 1463 2371 1528 catrix,
2401 1465 2492 1518 sed
2531 1473 2740 1526 sancta,
2765 1464 2922 1533 cujus
2953 1479 3146 1517 nomen
3173 1479 3386 1532 quoque
3406 1462 3642 1517 Joannes
3667 1465 3747 1517 in-

2175 1554 2366 1608 seruit.
2437 1553 2606 1607 Maria
2641 1555 2841 1624 quippe
2875 1563 2992 1608 erat
3028 1554 3234 1606 habens
3268 1553 3600 1608 alabastrum
3644 1571 3744 1609 un-

2175 1646 2359 1714 guenti
2392 1646 2550 1700 nardi
2583 1646 2762 1714 pistici
2790 1646 3050 1714 pretiosi,
3088 1654 3140 1697 ct
3168 1644 3357 1698 etludit
3388 1661 3551 1713 super
3583 1656 3747 1713 caput

2173 1733 2326 1789 lesu.
2363 1735 2566 1789 Deinde
2594 1751 2756 1804 super
2785 1735 2888 1788 hoc
2911 1735 3320 1804 indignantibus
3354 1751 3459 1788 non
3488 1738 3743 1790 omnibus

497 1844 527 1881 a
559 1829 767 1882 cubitu.
801 1828 936 1882 Cum
959 1831 1103 1884 enim
1129 1829 1218 1882 ille
1236 1829 1554 1895 surrexerit,
1586 1829 1701 1898 ipse
1727 1829 1826 1883 tibi
1851 1843 2067 1893 aurum,
2100 1813 2146 1873 Β
2176 1827 2477 1896 discipulis,
2514 1825 2606 1881 sed
2641 1825 2778 1880 Juda
2811 1826 2929 1881 solo
2950 1827 3165 1880 dicente
3199 1843 3212 1880 :
3245 1824 3421 1878 Potuit
3454 1828 3742 1880 renuntiari

496 1921 610 1990 ipse
643 1920 802 1977 faciet
823 1931 1131 1993 argentum,
1155 1922 1271 1992 ipse
1299 1931 1450 1976 tuam
1476 1929 1712 1976 mentem
1738 1936 2070 1992 sensumque

493 2017 790 2082 decorabit,
817 2027 872 2072 et
901 2018 1012 2074 eris
1043 2033 1171 2073 vere
1199 2018 1352 2073 dives
1377 2017 1433 2071 in
1461 2018 1647 2086 sponsi
1679 2016 1844 2071 domo
1869 2033 2067 2088 sponsa

497 2107 734 2164 formosa
759 2109 894 2179 (l6),
935 2109 1020 2164 cui
1058 2117 1142 2166 est
1179 2108 1349 2180 gloria
1387 2110 1442 2162 ln
1481 2109 1677 2163 siccula
1719 2108 2063 2164 saeculorum.

495 2198 688 2254 Amen.

1041 2309 1143 2378 ιτ
1175 2305 1456 2362 llOMlLlA
1485 2308 1550 2361 ιι.

495 2416 574 2470 Ab
613 2435 671 2472 eo
710 2417 824 2473 loco
870 2422 921 2472 in
956 2435 1057 2489 quo
1081 2421 1334 2488 scriptum
1370 2429 1445 2473 est
1475 2435 1492 2472 :
1528 2415 1739 2474 Nardus
1768 2433 1884 2472 mea
1918 2417 2063 2472 dedit

565 2489 784 2542 odorem
834 2504 1031 2554 suum;
1068 2505 1230 2557 usque
1271 2489 1339 2541 ad
1363 2505 1480 2542 eum
1511 2489 1685 2541 locum
1725 2489 1776 2540 in
1812 2504 1912 2556 quo
1939 2489 2015 2540 ait
2044 2503 2061 2540 .'

563 2559 700 2622 Quia
737 2573 838 2612 vox
890 2568 980 2612 tua
1023 2559 1239 2620 suavis,
1284 2567 1337 2612 et
1379 2559 1554 2611 forma
1600 2567 1692 2612 tua
1736 2558 1966 2622 decora,
2012 2565 2061 2610 et

561 2637 773 2682 uetera.

559 2739 761 2796 Omnes
811 2741 1004 2795 animae
1052 2741 1322 2796 motiones
1377 2739 1754 2794 univcrsitatis
1809 2740 2062 2794 conditor

495 2832 637 2886 Deus
665 2832 870 2886 creavit
896 2831 962 2886 ad
987 2831 1189 2886 bonum
1219 2849 1231 2884 :
1265 2830 1357 2884 sed
1385 2845 1483 2899 pro
1514 2845 1616 2884 usu
1650 2840 1836 2884 nostro
1871 2829 1929 2882 flt
1959 2843 2060 2882 ste-

495 2938 561 2990 pe
591 2932 652 2976 ut
685 2937 774 2976 res
799 2936 920 2990 quae
955 2921 1112 2976 bonae
1143 2929 1272 2976 sunt
1309 2936 1404 2991 per
1435 2930 1684 2975 naturam
1705 2960 1720 2983 ,
1755 2921 1886 2975 dum
1919 2919 2060 2973 male

497 3015 581 3069 his
615 3014 925 3077 abutimur,
963 3028 1064 3067 nos
1109 3015 1174 3067 ad
1222 3023 1438 3084 peccata
1465 2995 1751 3068 deducant.
1812 3009 1965 3066 Unus
1994 3010 2062 3066 de

492 3104 690 3158 animm
733 3103 972 3157 motibus
1025 3116 1178 3156 amor
1225 3111 1339 3167 est,
1393 3115 1502 3172 quo
1551 3102 1688 3156 bene
1736 3101 1943 3154 utimur
1993 3099 2059 3154 ad

493 3192 826 3257 amandum,
877 3194 924 3248 si
975 3193 1293 3263 sapientiam
1342 3208 1588 3248 amemus
1636 3202 1692 3247 et
1755 3192 2054 3246 veritatem.

490 3286 720 3352 Quando
753 3298 883 3340 vero
914 3299 1069 3338 amor
1091 3293 1276 3339 noster
1303 3285 1358 3338 in
1385 3284 1570 3354 pejora
1591 3283 1884 3346 corruerit,
1909 3296 2061 3336 ama-

495 3392 615 3430 mus
640 3391 857 3430 carnem
891 3384 943 3430 et
985 3375 1329 3444 sanguinem.
1387 3373 1466 3428 Tu
1498 3375 1661 3445 igitur
1687 3382 1746 3429 ut
1773 3373 2057 3443 spiritalis,

491 3467 617 3520 audi
661 3466 975 3535 spiritaliter
1021 3466 1287 3520 amatoria
1321 3464 1482 3519 verba
1519 3466 1766 3529 cantari,
1812 3473 1866 3519 et
1911 3465 2060 3520 disce

492 3565 696 3611 motum
740 3556 932 3610 anima:
963 3565 1068 3610 tua:
1089 3597 1103 3623 ,
1139 3556 1487 3611 et-naturalis
1514 3555 1717 3610 amoris
1748 3555 2058 3609 incendium

490 3648 555 3704 ad
592 3649 817 3702 meliora
851 3647 1170 3716 transferre,
1195 3647 1498 3703 secundum
1526 3646 1654 3700 illud
1682 3663 1696 3700 :
1726 3647 1860 3700 Ama
1885 3644 2056 3714 illam,

487 3746 534 3791 et
561 3737 780 3791 servabit
819 3748 884 3803 te,
915 3738 1187 3791 circumda
1217 3736 1391 3801 illam,
1423 3745 1474 3790 et
1494 3735 1753 3790 exaltabit
1779 3745 1826 3790 te
1855 3736 1922 3790 ".
1967 3734 2058 3790 Vi-

490 3827 558 3889 ri,
583 3824 787 3896 diligite
816 3841 1006 3881 uxores
1031 3836 1254 3894 vestras,
1293 3827 1371 3880 ait
1394 3823 1684 3895 Apostolus
1713 3825 1780 3890 ",
1817 3825 1912 3880 sed
1947 3840 2056 3879 non

487 3913 637 3966 stetit
667 3912 720 3966 in
752 3927 818 3967 eo
845 3913 993 3982 quod
1027 3909 1241 3967 dixerat
1266 3930 1281 3967 :
1328 3911 1474 3978 Viri,
1518 3914 1729 3984 diligite
1758 3929 1946 3968 utr-ores
1976 3930 2060 3968 ve-

488 4013 664 4062 stras;
713 4019 904 4057 verum
948 4003 1130 4057 sciens
1175 4017 1297 4057 esse
1339 4002 1683 4058 dilectionem
1725 4003 1966 4058 virorum
2002 4006 2057 4058 in

489 4093 721 4164 propriis
745 4107 964 4163 quoque
993 4091 1258 4148 uxoribus
1301 4092 1676 4157 inhonestam,
1727 4094 1906 4148 sciens
1937 4108 2058 4148 esse

489 4187 785 4256 placentem
821 4184 932 4241 Deo
955 4225 970 4251 ,
1015 4185 1202 4240 docuit
1248 4186 1524 4256 quomodo
1569 4186 1670 4240 viri
1702 4202 1899 4242 uxores
1927 4202 2056 4242 suas

489 4292 672 4332 amare
699 4277 976 4342 deberent,
1014 4275 1254 4332 inferens
1300 4296 1314 4331 :
1366 4274 1498 4341 Viri,
1525 4276 1732 4347 diligite
1756 4293 1941 4331 uxores
1971 4295 2056 4332 ue-

487 4379 647 4432 stras,
675 4369 811 4421 sicut
861 4378 908 4422 et
952 4368 1197 4424 Christus
1241 4367 1557 4423 Ecclesium.
1615 4367 1684 4423 Et
1711 4369 1814 4424 hoc
1835 4369 2053 4439 quidem

2170 1918 2265 1970 hoc
2299 1920 2538 1972 trecentis
2566 1918 2800 1971 denariis
2825 1929 2871 1969 et
2897 1918 3017 1969 dari
3043 1918 3360 1985 pauperibus
3388 1920 3467 1982 ⁷⁶;
3514 1934 3739 1987 respon-

2171 2009 2252 2063 dit
2282 2009 2533 2079 Magister
2554 2021 2718 2079 atque
2743 2009 2993 2063 Salvator
3024 2027 3037 2062 :
3076 2008 3290 2077 Semper
3316 2026 3564 2078 pauperes
3591 2012 3742 2063 liabe-

2170 2100 2293 2153 bitis
2325 2102 2609 2167 robiscum,
2638 2118 2715 2154 me
2747 2110 2920 2153 autent
2947 2117 3048 2153 non
3075 2118 3274 2170 semper
3301 2105 3366 2158 ⁷⁷.
3411 2103 3739 2158 Pra'veniens

2167 2193 2354 2260 quippe
2395 2193 2505 2245 lia'c
2536 2194 2589 2243 in
2628 2193 2769 2244 diem
2799 2192 3084 2259 sepultura:
3113 2209 3240 2246 mea:
3271 2195 3412 2262 fecit.
3460 2195 3584 2249 Ideo
3625 2200 3739 2250 ubi-

2168 2298 2366 2351 cunque
2394 2283 2738 2350 prtedicatum
2767 2281 2926 2349 fuerit
2963 2282 3305 2353 Evangelium
3334 2288 3497 2350 istud,
3528 2290 3733 2341 dicetur

2165 2383 2212 2425 et
2244 2374 2382 2441 quod
2408 2373 2529 2441 fecit
2550 2373 2660 2426 lucc
2685 2375 2738 2426 in
2766 2376 3072 2428 memoriam
3095 2378 3207 2444 ejus
3237 2377 3298 2429 ⁷⁸.
3337 2376 3390 2430 In
3418 2378 3583 2446 ligura
3607 2395 3736 2446 ergo

2167 2461 2330 2515 istius
2378 2476 2500 2529 qua:
2535 2477 2680 2516 nunc
2710 2462 2951 2532 loquitur
2985 2484 2996 2518 :
3037 2463 3253 2517 Nardus
3281 2482 3393 2519 utea
3434 2469 3575 2520 dedit
3608 2471 3736 2522 odo-

2167 2567 2273 2604 rem
2298 2568 2488 2616 suum,
2536 2553 2623 2606 illa
2659 2568 2823 2622 super
2851 2565 3011 2623 caput
3043 2555 3257 2610 Domini
3302 2556 3437 2611 fudit
3491 2574 3738 2628 unguen-

2166 2652 2277 2697 tum
2312 2663 2325 2698 :
2361 2655 2413 2699 et
2441 2653 2494 2699 tu
2523 2660 2741 2714 quoque
2787 2660 3008 2700 assume
3044 2647 3297 2711 nardum,
3350 2660 3406 2702 ut
3448 2659 3732 2718 postquam

2164 2744 2328 2802 caput
2355 2733 2484 2789 Jesu
2517 2736 2670 2789 suavi
2699 2735 2868 2790 odore
2915 2735 3240 2806 perfoderis,
3274 2740 3452 2808 pOSsis
3477 2740 3734 2794 audacter

2164 2826 2314 2878 effari
2351 2843 2362 2877 :
2403 2823 2620 2878 Nardus
2669 2842 2782 2878 mea
2819 2827 2962 2880 dedit
3003 2828 3213 2881 odorem
3245 2846 3420 2893 suum,
3471 2839 3524 2883 ct
3551 2846 3580 2883 a
3605 2830 3733 2884 Jcsu

2166 2918 2501 2986 reciprocum
2534 2918 2720 2972 audire
2749 2931 3078 2985 sermonem,
3109 2922 3234 2989 quia
3267 2922 3558 2990 ubicunque
3590 2940 3729 2989 pra:-

2164 3009 2402 3060 dicatum
2432 3008 2591 3077 fuerit
2617 3009 2712 3062 hoc
2739 3007 3084 3079 Evangelium
3112 3011 3166 3062 in
3197 3020 3305 3062 toto
3331 3013 3548 3073 mundo,
3595 3014 3735 3065 dice-

2167 3109 2252 3150 tur
2277 3108 2325 3152 et
2348 3100 2486 3168 quod
2516 3100 2638 3168 fecit
2666 3101 2774 3154 [nec
2801 3102 2852 3152 in
2885 3102 3191 3154 memoriam
3219 3102 3355 3168 ejus.
3407 3099 3486 3152 Tu
3521 3118 3736 3170 quoque

2165 3189 2357 3255 facito,
2407 3191 2461 3245 in
2512 3191 2780 3247 universis
2816 3193 3067 3262 gentibus
3121 3193 3431 3260 praedicata.
3503 3194 3733 3259 Quando

2135 3290 2343 3362 .autem
2373 3283 2476 3337 hoc
2507 3282 2710 3338 facies?
2769 3281 2825 3335 Si
2852 3282 3030 3335 factus
3054 3282 3218 3337 fueris
3247 3291 3302 3336 ut
3333 3283 3645 3353 Apostolus,
3681 3297 3733 3340 ct

2162 3373 2366 3430 dixeris
2395 3392 2407 3426 :
2440 3373 2639 3428 Christi
2683 3375 2846 3426 bonus
2895 3374 3024 3425 odor
3054 3391 3232 3427 sumus
3279 3377 3331 3428 in
3369 3379 3508 3430 omni
3535 3379 3648 3430 loco
3678 3381 3729 3431 in

2160 3463 2244 3516 Itis
2269 3465 2360 3533 qui
2382 3463 2678 3528 salvantur,
2711 3471 2759 3516 et
2788 3463 2840 3516 in
2870 3463 2954 3516 his
2984 3465 3073 3533 qui
3099 3475 3312 3532 pereunt
3343 3468 3386 3497 "
3408 3484 3422 3530 ;
3448 3469 3583 3522 bona
3611 3486 3733 3537 0pc-

2163 3570 2224 3608 ra
2256 3564 2345 3608 tua
2379 3555 2582 3608 nardus
2609 3564 2754 3609 sunt.
2795 3554 2850 3609 Si
2883 3570 3012 3610 vero
3039 3558 3368 3625 peccaveris,
3403 3572 3621 3628 peccata
3654 3573 3732 3615 te-

2162 3655 2249 3700 tro
2278 3643 2447 3699 odore
2476 3645 2831 3714 redolebunt;
2852 3646 2984 3700 dicit
3011 3647 3208 3716 quippe
3237 3649 3502 3716 pmnitens
3528 3670 3541 3705 :
3574 3652 3731 3705 Com-

2159 3747 2474 3810 putruerunt
2516 3749 2565 3793 et
2607 3749 2868 3810 corrupta:
2913 3750 3032 3794 sunt
3077 3744 3348 3796 cicatrices
3388 3761 3513 3799 meae
3538 3765 3570 3800 a
3597 3749 3732 3814 facie

2159 3836 2481 3906 insipientia
2513 3853 2640 3891 mere
2667 3837 2733 3889 ⁸⁸.
2801 3836 2919 3890 Non
2960 3837 3026 3890 de
3071 3838 3242 3892 nardo
3275 3841 3610 3907 prepositum
3649 3852 3731 3894 cst

2159 3942 2304 3982 nunc
2347 3925 2571 3996 Spiritui
2627 3936 2816 3982 sancto
2863 3927 3078 3992 dicere,
3131 3943 3305 3997 neque
3337 3930 3403 3982 de
3441 3929 3545 3983 hoc
3584 3931 3730 4000 quod

2157 4017 2331 4072 oculis
2378 4017 2654 4072 intuemur
2685 4017 3013 4087 evangelista
3047 4018 3234 4071 scribit
3286 4028 3560 4087 unguento
3587 4061 3601 4085 ,
3634 4020 3730 4074 sed

2157 4110 2224 4164 de
2272 4109 2443 4165 nardo
2495 4110 2752 4180 spiritali,
2801 4110 2868 4165 de
2921 4109 3094 4164 nardo
3144 4125 3265 4180 quae
3308 4110 3457 4165 dedit
3504 4112 3728 4166 odorem

2157 4216 2341 4255 suum.

2225 4293 2278 4347 5.
2318 4291 2499 4364 (νει-ε.
2531 4293 2648 4360 15.)
2711 4292 3022 4348 Fasciculus
3060 4304 3288 4356 stactes,
3330 4296 3381 4350 id
3415 4305 3499 4350 est
3541 4306 3727 4366 gutta,

2153 4385 2272 4440 sive
2302 4385 2478 4453 stilla,
2515 4386 2792 4454 fratruelis
2828 4403 2972 4438 meus
3001 4387 3148 4440 mihi.
3191 4386 3407 4440 Guttam
3445 4390 3728 4457 unguenti,

487 4460 540 4513 in
577 4459 842 4528 prooemio
868 4473 1057 4513 eorum
1089 4474 1212 4527 quae
1240 4468 1428 4530 postea
1462 4459 1777 4515 disserenda
1811 4472 1936 4515 sunt
1963 4460 2049 4514 di-

2165 4475 2384 4541 casiam,
2419 4457 2738 4544 galbanum,
2764 4475 2817 4527 in
2845 4473 3032 4528 Exodo
3064 4475 3294 4543 legimus
3324 4485 3593 4544 praecepto
3624 4476 3728 4530 Do-

484 4565 685 4606 ιιιιιιιε.

552 4641 609 4696 2.
649 4640 787 4706 Quia
822 4642 979 4696 amici
1034 4643 1217 4711 sponsi
1265 4643 1393 4697 dum
1439 4657 1530 4696 rex
1579 4643 1634 4696 in
1669 4641 1913 4697 recubitu
1951 4656 2052 4697 suo

480 4742 566 4788 est
593 4733 940 4802 (requiescens
980 4733 1127 4787 enim
1174 4734 1420 4788 dormivit
1450 4743 1506 4786 ut
1531 4733 1631 4800 leo,
1679 4743 1730 4787 et
1760 4742 1817 4786 ut
1842 4732 2050 4787 catulus

481 4825 646 4879 leonis
675 4826 756 4894 ⁷⁵)
777 4865 791 4892 ,
838 4839 1053 4894 sponsae
1099 4826 1462 4894 promiserant
1505 4826 1677 4880 donec
1705 4825 1794 4880 ille
1817 4840 2051 4881 consur-

481 4925 632 4988 geret
658 4930 716 4971 se
748 4916 1130 4972 similitudines
1158 4918 1279 4971 auri
1309 4926 1363 4972 et
1391 4918 1599 4987 argenti
1636 4931 1756 4972 esse
1785 4915 2047 4980 facturos,

482 5023 588 5064 non
617 5009 877 5064 habentes
919 5024 1112 5064 aurum
1162 5018 1222 5063 ut
1264 5025 1520 5080 sponsus,
1565 5017 1619 5064 et
1645 5008 2049 5078 quodammodo

480 5101 603 5155 aliis
631 5101 810 5156 verbis
843 5101 1030 5172 sponsi
1065 5103 1248 5172 passio
1289 5102 1576 5172 przedicata
1606 5112 1688 5156 est
1719 5121 1732 5155 :
1766 5117 1874 5155 non
1907 5102 2047 5156 irra-

481 5190 807 5246 tionabiliter
835 5192 902 5245 ad
931 5191 1045 5247 hinc
1067 5206 1268 5261 sponsa
1288 5192 1600 5262 respondet,
1619 5203 1672 5247 et
1699 5193 1814 5261 ipsa
1836 5193 2052 5263 dispen-

479 5283 740 5338 sationem
770 5283 1062 5352 quamdam
1094 5284 1368 5352 passionis
1402 5284 1704 5353 intelligens
1729 5283 1871 5338 adid
1901 5285 2045 5354 quod

479 5375 720 5428 audierat
745 5373 886 5444 (cap.
920 5390 958 5440 ι,
981 5391 1124 5430 vers.
1163 5374 1250 5439 10,
1303 5375 1391 5440 Η)
1426 5393 1438 5429 :
1482 5373 1870 5429 Similitudines
1927 5378 2046 5429 auri

479 5467 732 5534 faciemus
766 5468 862 5520 tibi
891 5484 1006 5520 cum
1038 5469 1376 5538 stigmatibus
1402 5470 1625 5538 argenti,
1669 5471 1830 5523 donec
1868 5485 1959 5523 rex
1989 5470 2042 5523 in

2157 4566 2287 4619 mini
2324 4567 2379 4618 in
2423 4564 2756 4635 thymiama,
2793 4563 2845 4618 id
2889 4573 2974 4618 est
3015 4565 3067 4617 in
3115 4565 3446 4620 sacerdotale
3489 4568 3726 4622 chrisma

2153 4653 2459 4708 confectum
2491 4653 2555 4704 ⁸⁸.
2611 4652 2668 4706 Si
2699 4669 2829 4724 ergo
2865 4654 3065 4708 videris
3092 4655 3422 4710 Salvatorem
3450 4673 3627 4712 meum
3659 4659 3728 4714 ad

2153 4753 2368 4800 terrena
2400 4753 2494 4799 aut
2524 4744 2755 4798 humilia
2786 4745 3219 4811 descendentem,
3258 4748 3462 4803 videbis
3490 4765 3725 4818 quemn.-

2155 4835 2225 4891 do
2255 4835 2458 4889 virtute
2491 4849 2686 4904 magna
2716 4843 2771 4889 et
2800 4836 3086 4904 majestate
3114 4837 3295 4891 divina
3328 4840 3394 4892 ad
3426 4855 3524 4893 nos
3553 4840 3726 4894 modi-

2157 4941 2220 4980 ca
2258 4925 2506 4994 quaedam
2553 4925 2695 4979 stilla
2738 4924 3043 4980 defluxerit.
3106 4926 3176 4982 De
3200 4929 3299 4982 hac
3327 4928 3472 4982 stilla
3514 4939 3567 4984 et
3599 4945 3724 4998 pro-

2157 5016 2318 5086 pheta
2358 5016 2572 5080 cecinit,
2601 5015 2788 5071 dicens
2835 5035 2847 5069 :
2905 5016 2969 5070 Et
2996 5019 3095 5071 erit
3128 5019 3190 5071 de
3228 5019 3376 5072 stilla
3405 5020 3585 5087 populi
3610 5021 3724 5087 ejus

2157 5107 2550 5176 congregandus
2599 5093 3004 5177 congregabitur
3031 5107 3195 5161 Iacob
3225 5109 3289 5163 ".
3350 5107 3416 5162 Et
3450 5111 3611 5165 sicuti
3639 5127 3724 5165 se-

2153 5199 2389 5253 cundum
2419 5198 2583 5253 alium
2609 5213 2828 5254 sensum
2867 5200 3005 5269 lapis
3030 5210 3144 5255 erat
3183 5200 3448 5268 praecisus
3481 5216 3512 5255 e
3543 5211 3724 5257 monte

2153 5289 2270 5343 sine
2307 5289 2557 5344 manibus
2599 5292 2772 5346 nostri
2803 5292 2858 5344 in
2885 5306 3052 5345 carne
3083 5289 3383 5345 Salvatoris
3409 5291 3673 5346 adventus
3706 5310 3720 5346 :

2154 5395 2326 5448 neque
2364 5381 2509 5435 enim
2543 5391 2687 5436 totus
2724 5396 2884 5436 mons
2916 5381 3019 5435 fuit
3047 5383 3138 5450 qui
3174 5382 3453 5437 descendit
3497 5383 3562 5437 ad
3612 5394 3721 5439 ter-

2151 5489 2280 5538 ras,
2331 5489 2431 5529 nec
2474 5483 2690 5544 poterat
2715 5475 2959 5527 humana
3011 5472 3276 5542 fragilitas
3324 5474 3489 5528 totius
3521 5478 3722 5532 montis

547 5561 588 5592 ⁷⁸
623 5561 756 5616 G‘eu.
787 5579 933 5629 xux,
961 5563 1013 5617 9.
1049 5565 1094 5596 ⁷³
1146 5563 1305 5616 Prov.
1335 5579 1406 5625 tv,
1436 5563 1490 5618 8.
1549 5563 1595 5594 ⁷³
1632 5564 1842 5618 Coloss.
1880 5582 1959 5627 Ill,
1983 5566 2034 5620 9.
2098 5567 2144 5598 7‘
2177 5566 2338 5621 Num.
2369 5583 2517 5632 xxiv,
2554 5569 2608 5621 9.
2664 5569 2709 5598 ⁷⁸
2743 5567 2904 5621 Joan.
2939 5567 3249 5629 xtI,Matth.
3287 5585 3432 5623 xui.
3465 5569 3719 5626 "Matth.

481 5647 626 5695 xxvi,
669 5633 720 5685 9.
816 5633 857 5662 τ’
904 5635 1025 5686 ibid.
1067 5634 1273 5697 12,15.
1359 5635 1401 5664 ⁷⁸
1439 5633 1602 5687 Marc.

478 5704 519 5732 “
549 5701 709 5756 Mich.
748 5718 805 5764 ll,
856 5703 942 5766 11,
974 5704 1058 5756 l2.

548 5794 662 5864 (l6)
707 5792 983 5850 Formosa.
1026 5795 1202 5850 Codex
1239 5796 1592 5864 Turonensis,
1623 5799 1878 5868 perfecta.

1685 5650 1800 5700 xtv,
1841 5638 1894 5700 8,
1935 5636 1988 5689 9.

2165 5637 2193 5688 ll
2231 5638 2359 5693 Cor.
2385 5653 2445 5705 ll,
2481 5638 2570 5692 l5.
2646 5638 2690 5667 “°
2733 5637 2874 5691 Psal.
2913 5653 3141 5703 xxxviii,
3172 5638 3225 5692 5.
3303 5641 3343 5671 ⁸⁸
3389 5638 3555 5694 Exod.
3596 5655 3720 5695 xxv.
