4134 6484
452 371 517 426 ιι)
1866 367 2010 424 HOM

2120 368 2151 421 λ
2189 366 2254 424 ll.
2426 368 2429 371 ’
3643 370 3712 426 50

456 492 883 563 magnitudinem
914 509 1145 565 capere:
1176 496 1272 552 sed
1300 494 1439 566 lapis
1461 509 1528 550 ex
1558 499 1765 559 monte,
1792 492 1932 563 lapis
1958 491 2037 547 of-
2063 497 2111 553 Α
2137 491 2661 562 regionibushotrus
2685 490 2789 546 istc
2810 490 2890 546 sit
2905 503 3141 561 sponsae.
3173 487 3238 542 In
3257 491 3417 545 vincis
3440 488 3709 560 Enqaddi,

454 579 735 649 feusionis,
753 592 806 638 et
835 594 983 653 petra
1002 585 1245 640 scandali
1267 583 1549 640 descendit
1570 582 1624 636 in
1654 581 1917 636 mundum
1941 581 2023 648 ⁸³;

455 673 538 728 sic
566 675 867 730 secundum
911 676 1078 731 alium
1114 676 1444 732 intellectum
1489 674 1631 730 stilla
1659 681 2024 742 nuncupatur.

452 764 750 834 Oportebat
776 768 976 837 quippe
1007 776 1064 822 ut
1085 768 1215 838 quia
1245 783 1422 822 onmes
1441 777 1618 838 gentes
1644 766 1699 819 in
1726 765 1931 819 stillam
1959 763 2029 817 si-

454 856 584 911 tula:
610 866 865 926 reputatae
888 869 1013 912 sunt
1037 859 1104 924 ⁸⁸,
1138 859 1185 914 is
1211 858 1306 928 qui
1339 874 1437 927 pro
1464 857 1712 912 omnium
1746 855 1921 911 salute
1947 853 2029 908 fa-

453 954 577 1000 ctus
617 953 701 1001 est
730 947 913 1003 omnia
938 988 953 1013 ,
985 948 1150 1003 etiam
1182 948 1328 1003 stilla
1361 948 1515 1003 fieret
1558 948 1626 1002 ad
1655 957 1750 1003 eas
1790 946 2030 1001 libemu-

451 1034 569 1089 das.
627 1034 771 1100 Quid
799 1037 944 1092 enim
979 1054 1078 1108 pro
1103 1047 1292 1094 nostra
1323 1038 1503 1094 salute
1544 1052 1655 1092 non
1703 1036 1881 1093 factus
1903 1037 2030 1093 est?

450 1124 562 1181 Nos
588 1126 815 1195 inanes,
860 1138 917 1184 et
940 1131 1029 1185 ille
1055 1130 1357 1185 exinanivit
1396 1130 1748 1200 semetipsum
1793 1128 2025 1184 formam

449 1217 592 1271 servi
617 1217 915 1288 accipiens.
945 1218 1053 1274 Nos
1078 1220 1311 1291 populus
1335 1221 1539 1275 stultus
1561 1228 1618 1274 et
1641 1233 1751 1274 non
1784 1219 2025 1288 sapiens,

447 1317 502 1361 et
531 1308 621 1364 ille
652 1307 833 1365 factus
876 1320 962 1367 est
1006 1312 1235 1368 stultitia
1265 1312 1690 1382 praedicationis,
1729 1318 1788 1365 ut
1813 1310 2024 1365 fatuum

448 1398 542 1455 Dei
569 1401 872 1470 sapientius
900 1403 1052 1459 ﬁeret
1084 1403 1421 1460 hominibus.
1454 1401 1569 1459 Nos
1599 1402 1828 1468 inﬁrmi,
1865 1402 2023 1456 inﬁr-

446 1505 594 1544 mum
619 1490 714 1547 Dei
745 1491 942 1551 fortius
976 1496 1290 1553 hominibus
1318 1496 1523 1552 factum
1546 1505 1651 1551 est.
1694 1493 1835 1561 Quia
1861 1495 2026 1563 igitur

446 1581 710 1637 universae
756 1593 930 1654 gentes
973 1595 1029 1640 ut
1054 1587 1204 1641 stilla
1247 1587 1460 1653 situlce,
1506 1594 1556 1640 et
1602 1595 1660 1640 ut
1708 1594 2025 1639 momentum

442 1677 658 1723 statera:
688 1683 948 1741 reputans
990 1684 1113 1728 sunt
1146 1675 1235 1741 3‘;
1275 1675 1482 1729 idcirco
1530 1673 1708 1730 factus
1739 1683 1822 1729 est
1856 1674 2022 1738 stilla,

443 1768 500 1814 ut
525 1772 623 1829 per
649 1777 774 1817 eum
808 1780 837 1818 a
866 1765 1208 1821 vestimentis
1235 1764 1440 1820 nostris
1468 1764 1606 1819 odor
1640 1765 1797 1818 stilla:
1828 1780 2023 1834 proce-

441 1851 599 1905 deret
630 1869 645 1906 :
676 1853 833 1920 juxta
857 1854 987 1910 illud
1034 1874 1048 1910 :
1085 1854 1329 1925 Myrrha,
1360 1862 1411 1909 et
1433 1854 1606 1920 stilla,
1635 1864 1685 1909 et
1709 1857 1853 1910 casia
1880 1873 1912 1910 a
1936 1872 2020 1911 ve-

439 1941 701 1996 stimentis
751 1946 896 2011 tuis,
935 1962 968 1998 a
1005 1947 1245 1999 domibus
1293 1945 1676 2016 elephantiuis;
1722 1962 1786 2001 ex
1833 1947 2021 2017 quibus

440 2029 841 2099 lwtiﬁcarerunt
887 2045 937 2089 te
978 2036 1108 2105 ﬁlia:
1149 2052 1329 2107 regum
1366 2038 1419 2090 in
1442 2037 1638 2092 honore
1661 2046 1751 2091 tuo
1778 2039 1859 2106 ‘6;
1901 2054 2023 2108 qua:

441 2120 497 2176 in
533 2138 654 2177 xuv
684 2126 895 2194 psalmo
944 2128 1202 2182 dicuntur
1250 2129 1316 2183 ad
1359 2143 1640 2200 sponsam.
1702 2128 2020 2184 Fasciculus

440 2212 604 2266 stillte
632 2214 908 2282 fratruelis
934 2233 1079 2271 meus
1114 2219 1265 2271 milii.
1304 2218 1731 2277 Consideremus
1752 2222 1882 2291 quid
1915 2222 2020 2277 sibi

441 2301 713 2361 fratruelis
734 2309 956 2366 nomine
984 2310 1090 2380 18
1107 2310 1508 2379 \elitEcclesia,
1530 2329 1652 2384 qua:
1667 2314 1756 2368 hic
1777 2313 2021 2384 loquitur

439 2395 505 2451 de
536 2396 811 2455 fratruele.
872 2399 984 2457 Nos
1013 2419 1207 2460 sumus
1255 2421 1323 2461 ex
1353 2407 1609 2477 gentibus
1653 2407 1969 2478 congregati
2002 2427 2015 2461 :

440 2487 693 2544 Salvator
727 2502 913 2549 noster
961 2496 1170 2552 sororis
1194 2497 1315 2567 ejus
1347 2506 1432 2553 est
1460 2497 1624 2564 ﬁlius,
1656 2498 1709 2551 id
1749 2506 1856 2564 est,
1886 2514 2018 2569 syn-

441 2592 660 2649 330833;
697 2582 806 2637 duo
834 2584 1036 2655 quippe
1064 2601 1284 2642 sorores
1314 2595 1472 2653 sunt,
1516 2587 1760 2643 Ecclesia
1790 2597 1844 2643 et
1876 2587 2023 2659 Syn-

438 2683 633 2742 ag0ga.
678 2672 929 2729 Salvator
969 2693 1118 2747 ergo,
1158 2689 1216 2735 ut
1245 2680 1520 2743 diximus,
1555 2679 1698 2736 ﬁlius
1726 2697 2016 2753 synagogas

439 2762 648 2817 sororis
667 2801 681 2827 ,
714 2765 799 2818 vir
833 2764 1119 2833 Ecclesiae,
1154 2783 1393 2837 sponsus
1419 2767 1675 2824 Ecclesia:
1697 2808 1713 2834 ,
1743 2770 2019 2826 fratruelis

437 2861 522 2907 est
561 2868 776 2922 sponsa:
817 2873 953 2913 sum.
995 2857 1311 2913 Fasciculus
1350 2861 1511 2915 stillw
1548 2861 1827 2930 fratruelis
1874 2879 2018 2918 naeus

439 2948 567 3001 milii
616 2964 637 3004 :
682 2952 736 3004 in
794 2954 964 3007 medio
1022 2955 1240 3009 uberum
1296 2972 1528 3011 meorum
1582 2959 2017 3016 commorabitur.

437 3037 572 3104 Quis
618 3040 691 3095 ita
730 3042 921 3098 beatus
976 3053 1035 3099 ut
1083 3046 1279 3101 habeat
1331 3047 1599 3118 hospitem
1645 3049 1700 3102 in
1729 3049 2017 3120 principali

2130 582 2277 651 quod
2328 583 2719 652 interpretatur
2785 582 2981 637 oculus
3027 581 3366 636 tentationis.
3426 582 3483 635 in
3536 580 3711 634 vineis

2117 673 2301 743 igitur
2325 672 2473 728 oculi
2499 670 2817 726 tentationis
2843 658 3037 726 botrns
3072 670 3222 741 cypri
3251 668 3529 726 fratruelis
3555 685 3709 726 meus

2133 765 2291 821 mihi.
2334 763 2674 820 Tentationis
2704 764 2899 819 oculus
2929 763 2981 817 in
3010 762 3263 834 praesenti
3291 772 3410 817 est:
3438 760 3705 831 siquidem

2130 859 2185 912 iu
2214 857 2512 913 tcntatione
2537 871 2819 910 moramur
2843 855 2899 909 in
2927 856 3032 911 hoc
3055 853 3279 921 mundo,
3309 861 3366 908 et
3390 853 3608 907 teutatio
3628 861 3707 908 est

2129 952 2239 1006 vita
2271 951 2503 1003 humana
2531 962 2688 1017 super
2722 956 2918 1000 terram
2947 947 3013 1001 ⁸⁸.
3068 945 3207 1000 Dum
3233 946 3288 999 in
3313 944 3416 998 hac
3438 944 3559 1001 luce
3585 959 3707 999 ver-
3799 1017 3802 1021 ῗ

2129 1057 2319 1098 samur
2339 1081 2354 1107 ,
2402 1040 2458 1095 in
2503 1039 2681 1095 vineis
2708 1053 2901 1094 sumus
2927 1036 3192 1108 Engaddi.
3234 1036 3291 1092 Si
3316 1044 3497 1092 autem
3526 1052 3705 1091 meru-

2129 1134 2340 1190 erimus
2407 1141 2597 1203 postea
2669 1130 3097 1200 transplantari,
3143 1144 3174 1183 a
3218 1138 3407 1184 nostro
3467 1129 3702 1195 agricola

2130 1225 2550 1282 transferemur.
2601 1223 2712 1280 Nec
2742 1223 2961 1278 dubites
3000 1222 3131 1293 quin
3161 1222 3341 1291 possis
3365 1220 3432 1277 de
3461 1221 3704 1292 Engaddi

2127 1320 2303 1375 vineis
2336 1319 2404 1373 ad
2450 1322 2570 1373 loca
2614 1315 2845 1371 meliora
2881 1313 3184 1370 transferri.
3244 1315 3494 1384 Agricola
3520 1322 3704 1369 noster

2126 1413 2194 1468 ad
2230 1410 2663 1466 transferendam
2707 1409 2921 1463 vineam
2961 1406 3155 1462 crebra
3201 1391 3551 1461 meditatione
3588 1406 3701 1476 jam

2127 1504 2335 1559 calluit.
2384 1501 2605 1556 Vineam
2643 1501 2789 1556 enim
2819 1515 2885 1554 ex
2909 1499 3137 1570 /Egypto
3172 1497 3519 1565 transtulisti,
3544 1499 3705 1567 ejeci-

2126 1595 2200 1648 sti
2222 1602 2420 1664 gentes,
2464 1590 2791 1660 etplantusti
2830 1605 2968 1643 eam.
3020 1587 3239 1655 Operuit
3275 1594 3474 1641 montes
3517 1585 3704 1640 umbra

2125 1684 2264 1753 ejus,
2301 1694 2350 1737 et
2393 1682 2611 1735 arbusta
2649 1681 2764 1751 ejus
2812 1679 2995 1733 cedrus
3019 1676 3296 1732 Libani”.
3332 1675 3399 1730 Et
3434 1674 3703 1744 haecqui-

2125 1777 2248 1830 dem
2268 1788 2392 1844 qua:
2418 1771 2795 1843 exposuimus,
2829 1770 3009 1825 locuta
3046 1769 3118 1823 sit
3149 1782 3350 1838 sponsa
3383 1767 3451 1822 de
3477 1780 3702 1836 sponso,

2123 1865 2436 1937 signiﬁcans
2470 1875 2710 1916 amorem
2740 1873 2898 1913 suum
2924 1866 2980 1911 et
3007 1855 3193 1926 sponsi
3219 1854 3486 1910 venientis
3518 1853 3704 1923 hospi-

2125 1958 2259 2012 tium
2286 1997 2302 2021 ,
2369 1951 2647 2025 quomodo
2691 1950 2747 2004 in
2796 1948 2975 2002 medio
3026 1946 3253 2000 uberum
3292 1955 3348 1998 et
3390 1944 3475 2000 sui
3521 1943 3703 1999 cordis

2123 2062 2324 2103 arcano
2349 2058 2587 2115 sponsus
2614 2040 2834 2095 veniens
2871 2044 3260 2092 commoretur.

2192 2135 2248 2189 4.
2289 2132 2502 2188 Rursus
2550 2128 2740 2201 sponsi
2771 2126 2839 2182 ad
2861 2141 2980 2181 eam
3011 2139 3194 2181 sermo
3224 2120 3496 2193 dirigitur,
3529 2128 3584 2175 et
3611 2119 3695 2176 di-

2121 2228 2196 2284 cit
2224 2229 2387 2295 (vers.
2439 2224 2527 2295 14)
2574 2240 2589 2276 :
2641 2220 2776 2275 Ecce
2820 2218 3055 2288 speciosa
3097 2216 3342 2285 proxima
3389 2229 3537 2279 mea,
3587 2227 3703 2267 ecce

2121 2321 2390 2390 speciosa,
2420 2315 2561 2371 oculi
2588 2314 2665 2367 tui
2691 2310 2967 2367 columbw.
3030 2308 3125 2363 Illa
3159 2308 3240 2363 sic
3267 2306 3401 2362 dicit
3430 2305 3499 2360 ad
3531 2320 3700 2375 spon~

2122 2428 2245 2468 sum
2281 2428 2299 2465 :
2334 2409 2469 2464 Ecce
2495 2407 2757 2478 speciosus
2793 2401 3062 2475 fratruelis
3088 2416 3268 2466 meus;
3302 2414 3410 2454 non
3435 2396 3701 2467 adjungit,

2120 2516 2176 2562 et
2198 2504 2485 2575 proximus
2513 2514 2688 2556 meus.
2749 2495 2851 2551 llic
2879 2504 3060 2550 autem
3096 2493 3317 2563 quando
3360 2492 3602 2561 loquitur
3620 2488 3697 2543 ad

2121 2610 2242 2655 eam
2288 2616 2301 2650 :
2338 2595 2472 2649 Ecce
2517 2591 2789 2662 speciosa,
2836 2587 3087 2658 adjungit
3134 2594 3222 2652 et,
3273 2578 3518 2653 praxima
3561 2598 3698 2636 mea.

2121 2689 2304 2758 Quare
2351 2694 2533 2741 autem
2567 2683 2657 2737 illa
2688 2696 2798 2736 non
2823 2679 2956 2735 dicit
2988 2696 3002 2732 :
3032 2679 3168 2732 Ecce
3197 2675 3480 2746 speciosus
3518 2673 3702 2742 proxio

2121 2795 2246 2835 mus
2278 2775 2435 2842 mihi,
2491 2773 2585 2829 sed
2622 2780 2853 2835 tantum,
2892 2785 3007 2823 ecce
3035 2767 3301 2837 speciosus
3328 2766 3354 2818 ?
3399 2763 3578 2829 Quare
3614 2761 3702 2816 ille

2120 2885 2230 2925 non
2260 2867 2462 2931 solum,
2492 2863 2741 2934 speciosa
2767 2875 2851 2927 es,
2892 2859 3047 2923 dicit,
3085 2856 3202 2923 sed,
3233 2856 3468 2926 speciosa
3492 2870 3544 2907 es
3574 2869 3701 2923 pro-

2118 2964 2269 3017 xima
2296 2959 2454 3014 mea?
2483 2955 2697 3027 Sponsa
2730 2952 2778 3008 si
2806 2952 2965 3022 longe
2990 2949 3155 3005 fuerit
3184 2962 3215 3002 a
3242 2961 3464 3018 sponso,
3493 2961 3598 2999 non
3620 2953 3702 2999 est

2122 3053 2406 3125 speciosa;
2441 3060 2571 3105 tunc
2596 3046 2824 3118 pulchra
2852 3046 2947 3110 ﬁt,
2979 3043 3205 3114 quando
3235 3038 3329 3097 Dei
3367 3040 3535 3096 verbo
3568 3053 3702 3094 cono

435 3131 655 3235 cordis;
673 3133 728 3235 in
754 3134 935 3189 medio
963 3136 1214 3205 uberum,
1249 3139 1302 3191 in
1329 3146 1548 3208 pectore
1578 3154 1678 3194 suo
1704 3155 2012 3196 sermonem
2042 3177 2084 3235 ο
2112 3145 2384 3219 jungitur.
2427 3142 2494 3197 Et
2530 3141 2727 3196 merito
2755 3152 2903 3193 nunc
2928 3136 3156 3191 docetur
3182 3149 3212 3188 a
3241 3147 3466 3205 sponso,
3495 3143 3554 3188 ut
3579 3148 3700 3205 pro-

436 3221 575 3277 Dei?
614 3222 744 3279 Tale
775 3235 859 3280 est
887 3226 1088 3297 quippe
1122 3229 1267 3299 quod
1297 3231 1517 3285 canitur
1553 3248 1567 3286 :
1602 3229 1671 3284 In
1696 3230 1865 3286 medio
1894 3232 2014 3289 ube-

434 3322 552 3361 rum
586 3324 817 3364 meorum
848 3318 1280 3372 commorabitur.
1345 3316 1405 3373 Si
1444 3335 1545 3373 non
1579 3320 1777 3389 fuerint
1823 3323 2013 3391 fracta:

438 3415 682 3455 "laminae
713 3410 817 3456 tua:
861 3419 880 3456 :
914 3406 967 3459 in
994 3407 1173 3462 medio
1204 3423 1394 3464 earum
1421 3409 1690 3466 habitabit
1718 3424 1901 3468 sermo
1927 3415 2012 3469 di-

435 3490 618 3545 vinus.
660 3491 897 3549 Docebat
925 3495 979 3549 in
1007 3499 1250 3554 carmine
1280 3501 1507 3571 nuptiali
1537 3518 1805 3560 mammas
1830 3506 2011 3574 potius

439 3584 724 3654 appellari,
756 3600 919 3655 quam
950 3598 1160 3658 pectus.
1224 3590 1293 3647 Et
1322 3595 1668 3665 perspicuum
1698 3608 1783 3652 est
1811 3612 1913 3653 cur
1940 3600 2010 3655 ad

433 3678 832 3746 expositionem
859 3680 982 3750 ejus
1010 3682 1106 3753 qui
1132 3683 1266 3739 dicit
1292 3703 1306 3741 ε
1341 3684 1407 3739 In
1444 3687 1614 3742 medio
1644 3690 1860 3743 uberum
1910 3706 2012 3746 me-

431 3790 587 3829 orum
617 3778 1032 3834 commorabitur
1058 3796 1077 3835 :
1114 3782 1184 3837 sit
1213 3792 1584 3856 assumptum,
1608 3788 1655 3841 si
1684 3803 1786 3841 non
1814 3788 2010 3859 fuerint

432 3865 624 3937 fracta!
654 3885 901 3925 mammae
928 3879 1055 3939 ture,
1087 3873 1155 3928 de
1183 3873 1490 3931 Ezechiele.
1534 3877 1588 3930 In
1615 3892 1681 3933 eo
1710 3878 1910 3949 quippe
1932 3880 2011 3934 lo-

430 3972 498 4012 co
525 3960 615 4014 ubi
662 3958 1001 4017 Hierusalem
1028 3963 1311 4021 Dominica
1353 3968 1650 4037 corripitur
1682 3984 1835 4035 voce,
1868 3964 2010 4026 inter

432 4059 629 4106 caetera
652 4051 854 4107 dicitur
878 4053 945 4108 ad
968 4069 1086 4109 eam
1115 4055 1223 4110 :‘In
1245 4057 1478 4129 lEgyplo
1501 4059 1690 4129 fracta:
1704 4071 1825 4116 sunt
1851 4077 2012 4116 niam-

434 4158 534 4198 ma:
583 4151 690 4199 tute
719 4144 785 4198 ⁸⁷.
829 4147 1116 4203 Castarum
1148 4148 1316 4205 ubera
1358 4151 1470 4223 (t7)
1502 4167 1608 4209 non
1636 4153 1961 4226 franguntur
1993 4173 2006 4209 :

434 4234 529 4288 sed
553 4237 904 4292 meretricum
929 4238 1099 4294 ubera
1124 4240 1265 4296 laxis
1288 4242 1520 4312 pellibus
1546 4244 1863 4317 irrigantur.
1902 4245 2011 4302 Pu-

433 4322 682 4378 dicarum
710 4335 892 4382 erecta
923 4335 1055 4383 sunt
1095 4329 1264 4386 ubera
1283 4371 1299 4397 ,
1329 4340 1384 4388 ct
1415 4333 1670 4406 virginali
1698 4337 1899 4394 robore
1919 4348 2009 4395 tu-

434 4415 660 4470 mentia.
719 4416 1041 4488 Suscipiunt
1083 4436 1394 4479 sermonem
1437 4427 1649 4496 sponsi,
1682 4436 1737 4485 et
1765 4429 1959 4486 dicunt
1992 4451 2007 4489 :

2120 3237 2266 3293 xima
2295 3238 2387 3304 sit,
2411 3243 2466 3291 et
2494 3248 2526 3289 a
2557 3247 2660 3290 suo
2686 3232 2856 3286 latere
2880 3244 2987 3285 non
3015 3226 3251 3284 recedat.
3308 3224 3440 3280 Ecce
3464 3227 3700 3297 speciosa

2118 3329 2365 3401 prox-ima
2408 3343 2559 3391 mea,
2603 3339 2719 3379 ecce
2759 3321 3018 3392 speciosa.
3069 3317 3270 3389 Incipis
3313 3317 3532 3389 quidem
3579 3332 3700 3374 esse

2118 3418 2369 3491 speciosa
2403 3433 2471 3472 ex
2518 3430 2585 3472 eo
2643 3412 2790 3485 quod
2834 3411 3086 3483 proxima
3112 3408 3247 3463 mihi
3271 3423 3373 3464 es:
3407 3404 3695 3478 postquam

2117 3518 2300 3565 autem
2327 3507 2563 3578 cmperis
2593 3520 2716 3562 esse
2734 3501 3008 3575 speciosa,
3030 3501 3192 3555 etiam
3218 3498 3339 3556 sine
3366 3499 3698 3554 additamcn-

2118 3612 2173 3658 to
2218 3576 2518 3672 proximae,
2567 3595 2819 3651 absolute
2861 3608 2923 3647 es
2973 3589 3240 3661 speciosa.
3300 3586 3434 3643 Ecce
3459 3588 3697 3657 speciosa
3751 3576 3755 3581 ⁷

2116 3693 2362 3762 proxima
2389 3704 2527 3754 mea,
2554 3703 2672 3742 ecce
2696 3684 2952 3756 speciosa.
2990 3680 3280 3735 Videamus
3305 3687 3369 3732 et
3386 3678 3547 3732 aliam
3580 3678 3698 3732 lau-

2116 3783 2239 3837 dem
2274 3779 2554 3851 speciosae,
2594 3785 2652 3831 ut
2706 3781 2762 3829 ct
2805 3787 2907 3827 nos
2934 3770 3255 3825 ammlemur
3289 3766 3551 3837 speciosae
3582 3765 3695 3837 (18)

2118 3870 2257 3926 ﬁeri.
2320 3867 2475 3923 Oculi
2504 3867 2581 3920 tui
2623 3862 2899 3918 columbae.
2960 3858 3067 3925 Qui
3092 3858 3282 3912 viderit
3325 3856 3596 3911 mulierem
3624 3858 3696 3910 ad

2118 3961 2588 4035 concupiscendum
2617 3974 2767 4023 eam,
2787 3958 2908 4023 jam
2939 3951 3229 4007 ma’cltatus
3250 3958 3328 4004 est
3355 3964 3473 4002 eam
3500 3949 3551 4002 in
3575 3964 3695 4003 cor-

2117 4057 2182 4112 de
2213 4072 2309 4110 suo
2331 4055 2400 4106 ’°.
2437 4050 2642 4107 Oculos
2673 4063 2785 4103 non
2817 4044 2981 4100 habet
3007 4040 3294 4098 columbae.
3337 4036 3542 4108 Siquis
3569 4053 3698 4093 vero

2117 4148 2311 4203 oculos
2342 4143 2612 4202 columbae
2643 4153 2753 4195 non
2804 4137 2990 4203 habet,
3026 4133 3251 4189 domum
3281 4131 3467 4185 fratris
3494 4129 3581 4185 sui
3614 4129 3699 4183 in-

2118 4238 2361 4310 greditur
2392 4222 2603 4299 infelix,
2635 4248 2744 4286 non
2781 4243 3009 4285 servans
3046 4226 3181 4282 illud
3213 4224 3359 4295 quod
3387 4224 3441 4277 in
3466 4221 3699 4276 Prover-

2118 4331 2225 4386 biis
2255 4339 2342 4385 est
2367 4334 2697 4399 praeceptum
2736 4341 2751 4377 :
2791 4320 2858 4375 In
2887 4319 3102 4373 domum
3128 4317 3317 4388 fratris
3342 4316 3419 4370 tui
3443 4331 3508 4370 ne
3531 4315 3696 4368 intres

2118 4419 2307 4491 infelix
2327 4419 2396 4472 °‘.
2436 4416 2544 4470 Pro
2573 4428 2642 4470 eo
2666 4412 2815 4483 quod
2846 4408 3201 4481 Septuaginta
3221 4448 3237 4474 ,
3268 4405 3494 4476 infelix,
3522 4403 3696 4460 inter.

435 4501 500 4557 In
545 4506 719 4560 medio
762 4509 976 4562 uberum
1028 4528 1265 4567 meorum
1310 4517 1748 4575 commorabitur.
1815 4520 2008 4576 Botrus
2044 4530 2086 4584 ι)
2120 4512 2314 4585 pretati
2339 4518 2505 4574 sunt,
2540 4505 2735 4577 Aquila
2761 4501 3047 4558 Hebﬂmm
3073 4498 3384 4570 exprimens
3413 4496 3697 4552 veritatem

432 4597 578 4666 cypri
606 4597 882 4666 fratruelis
916 4617 1060 4657 meus
1092 4604 1243 4659 mihi.
1285 4607 1507 4662 Initium
1539 4616 1624 4666 est
1647 4613 1918 4669 sermonis
1952 4614 2008 4669 in

432 4687 716 4759 germine:
746 4698 801 4745 et
826 4691 1042 4748 initium
1069 4694 1242 4765 cypri,
1270 4695 1324 4751 id
1350 4704 1462 4764 est,
1492 4698 1782 4757 ﬂoritionis
1809 4701 1863 4755 in
1888 4717 2011 4759 ver-

435 4777 525 4844 bo,
561 4779 706 4835 unde
736 4782 813 4836 ait
855 4782 1097 4839 :Botrus
1144 4790 1315 4856 cypri,
1356 4788 1409 4844 id
1439 4798 1543 4854 est,
1579 4789 1870 4849 lloritionis
1896 4793 2012 4864 fra-

434 4870 620 4925 truelis
648 4887 793 4926 meus
824 4874 975 4927 mihi.
1036 4873 1155 4930 Non
1188 4878 1446 4939 omnibus
1485 4889 1569 4935 est
1614 4882 1807 4938 botrus
1836 4885 2009 4956 cypri,

428 4961 529 5018 sed
551 4961 638 5017 his
659 4963 752 5033 qui
774 4963 896 5033 ejus
916 4964 1049 5020 flore
1071 4966 1218 5038 digni
1244 4977 1391 5025 sunt.
1419 4969 1555 5026 Aliis
1582 4988 1687 5027 uva
1712 4974 1864 5030 varia
1890 4983 2007 5031 est:

435 5053 694 5143 huicsoli
722 5070 845 5125 quae
877 5056 1033 5127 nigra
1054 5068 1139 5114 est
1161 5067 1217 5115 et
1247 5059 1523 5127 formosa,
1558 5062 1613 5118 in
1640 5064 1791 5121 floris
1817 5067 2012 5125 decore

434 5159 494 5200 se
519 5146 744 5215 praebet.
801 5146 1003 5203 Botrus
1032 5152 1182 5220 cypri
1206 5152 1482 5221 fratruelis
1510 5171 1655 5211 meus
1682 5158 1811 5212 mihi
1820 5200 1832 5213 .
1890 5157 2010 5216 Non

431 5237 753 5310 simpliciter
789 5241 868 5295 ait
907 5260 922 5296 :
962 5241 1161 5298 Botrus
1209 5248 1355 5316 cypri
1394 5247 1665 5317 fratruelis
1692 5266 1872 5315 meus;
1915 5253 2010 5309 sed

432 5341 558 5382 cum
604 5331 1003 5399 additamento,
1053 5335 1185 5389 mihi
1201 5352 1222 5402 ;
1268 5346 1329 5392 ut
1370 5340 1592 5396 doceret
1616 5358 1724 5398 non
1754 5346 2012 5404 omnibus

434 5431 559 5471 eum
585 5436 709 5477 esse
737 5423 956 5479 botrum
982 5427 1154 5497 cypri.
1197 5425 1495 5488 Videamus
1518 5442 1700 5490 autem
1727 5435 1780 5490 in
1810 5438 2011 5508 quibus

503 5550 550 5626 ’ξ
589 5553 725 5626 Dan.
754 5572 815 5622 ιι,
856 5558 946 5614 55.
1039 5556 1087 5591 ⁸⁸
1122 5558 1335 5625 lsai.\'t.,
1366 5561 1455 5617 15.
1562 5565 1609 5597 ⁸⁵
1647 5564 1773 5623 Isai.
1806 5585 1894 5626 XL.
1928 5571 2011 5626 15.

435 5619 481 5655 ιο
516 5620 661 5679 Psal.
687 5610 1048 5696 rxxi,'s,'w.
1122 5610 1489 5700 33"iiiiiu'."v,
1524 5633 1618 5690 ss.
1647 5610 1773 5670 ’Ἢ
1802 5610 1894 5695 ὖῖὶ

509 5758 623 5832 (l7)
667 5759 860 5818 Ubera.
885 5763 1066 5823 Codex
1099 5764 1466 5839 Turonensis,
1509 5785 1770 5828 mamma.

1715 5639 1759 5670 ⁰¹
1802 5638 1964 5696 Prov.
2008 5637 2314 5706 xxvn,10.

2115 4607 2378 4676 ἀγροικός
2407 4600 2609 4673 posuit.
2650 4598 2753 4666 Qui
2786 4603 2970 4653 autem
2996 4592 3159 4649 habet
3182 4591 3373 4649 oculos
3403 4589 3693 4661 columbas,

2114 4698 2263 4754 videt
2291 4705 2463 4761 recta,
2513 4702 2567 4748 et
2605 4688 3435 4757 miscricordiampromeretur.
3491 4679 3697 4735 Videas

2115 4790 2317 4863 quippe
2373 4794 2523 4842 recta
2573 4779 3009 4839 misericordiam
3056 4782 3443 4846 consequetur.
3500 4770 3695 4834 Porro,

2117 4862 2243 4954 quis
2285 4878 2433 4934 videt
2477 4885 2627 4932 recta
2665 4873 2770 4929 nisi
2802 4872 2897 4943 qui
2940 4877 3095 4927 casto
3133 4873 3428 4937 conspectu
3458 4870 3515 4919 et
3543 4862 3698 4932 puris

2119 4974 2363 5027 intuetur
2386 4968 2606 5027 ocuiis?
2642 4964 2766 5021 Noli
2796 4963 2963 5035 igitur
2987 4959 3123 5016 mihi
3149 4958 3217 5013 de
3245 4957 3329 5012 his
3351 4964 3562 5011 tantum
3582 4968 3701 5010 car-

2117 5065 2205 5122 nis
2231 5064 2406 5120 oculis
2434 5061 2740 5132 intelligere
2778 5072 2903 5127 quae
2936 5054 3078 5110 dicta
3108 5060 3259 5116 sunt,
3285 5050 3412 5107 licet
3438 5058 3494 5105 et
3519 5048 3588 5104 de
3611 5048 3698 5102 his

2117 5156 2457 5213 intellexisse
2478 5168 2586 5209 non
2619 5151 2810 5207 inutile
2839 5149 2911 5206 sit
2940 5166 2953 5203 :
2986 5148 3081 5204 sed
3108 5145 3420 5219 ingrediens
3460 5143 3529 5198 ad
3558 5142 3698 5197 intc-

2118 5250 2266 5305 riora
2313 5248 2496 5304 cordis
2542 5246 2618 5301 tui
2639 5286 2656 5313 ,
2682 5254 2738 5299 et
2762 5244 2900 5299 alios
2923 5243 3117 5299 oculos
3143 5249 3325 5296 mente
3347 5236 3695 5309 perquirens,

2117 5342 2211 5413 qui
2238 5348 2291 5396 et
2314 5356 2344 5395 a
2372 5338 2464 5394 Dei
2494 5337 2751 5393 mandato
2781 5335 3180 5401 illuminantur,
3203 5330 3516 5385 mandatum
3546 5327 3698 5398 quip-

2118 5449 2184 5504 pe
2223 5432 2319 5486 Dei
2349 5430 2662 5484 illumiuans
2692 5428 2873 5482 oculos
2903 5427 2981 5492 “,
3030 5423 3161 5480 illud
3194 5423 3435 5489 enitere,
3484 5419 3694 5487 labora,

2117 5569 2162 5601 ⁸⁸
2200 5567 2348 5622 Psal.
2383 5581 2527 5630 thv,
2552 5564 2605 5619 9.
2670 5564 2726 5609 .“7
2766 5562 2961 5618 Ezech.
3000 5560 3214 5628 xxm,5.
3293 5559 3340 5591 ⁸⁸
3367 5557 3471 5615 Job
3518 5577 3616 5627 vn,
3643 5561 3693 5616 Ι.

2410 5638 2456 5667 ⁹²
2496 5633 2642 5689 Psal.
2671 5648 2786 5701 XIX,
2814 5633 2870 5686 8.

2192 5757 2316 5847 ’(18)
2358 5772 2517 5840 Mss,
2545 5771 2821 5842 speciosa',’
2855 5768 2987 5827 libb.
3017 5768 3172 5837 editi,
3204 5786 3428 5840 sponsa.
