4134 6468
424 345 487 399 ιιι
1516 348 1836 405 OllICENIS
1869 348 1936 405 IN
1974 346 2331 404 CANTICUM
2365 349 2639 403 CANTIC.
3620 348 3689 402 5‘3

429 466 723 532 contende,
768 477 829 525 ut
867 478 1056 524 sancte
1102 470 1373 541 intelligas
1419 472 1672 527 universa
1714 490 1838 543 qua!
1866 472 2016 527 dicta
2048 476 2093 533 Α
2120 473 2214 541 qui
2244 473 2299 528 in
2326 474 2467 527 valle
2494 488 2665 537 eram,
2698 471 2977 526 descendit
3004 471 3056 525 in
3084 469 3299 529 vallem,
3324 467 3459 521 etin
3495 468 3687 523 vallem

430 566 583 625 sunt,
635 568 690 615 et
737 561 934 619 similis
977 562 1193 631 spiritui
1222 564 1273 617 ei
1306 563 1401 631 qui
1426 562 1484 619 in
1517 563 1699 632 specie
1730 564 2012 618 descendit

428 650 722 717 columbae,
756 652 948 709 audias
975 653 1102 721 quia
1132 652 1279 709 oculi
1309 653 1387 709 tui
1404 653 1697 709 columba.
1735 654 1793 708 Si
1819 655 2014 709 intelli-

430 743 517 812 gis
547 742 718 817 legem
748 743 1123 812 spiritualiter,
1153 744 1299 801 oculi
1328 745 1407 800 tui
1438 745 1707 801 columme
1739 754 1891 800 sunt.
1950 746 2013 800 Si

434 832 692 902 intelligis
710 832 1062 905 Evangelium
1086 841 1146 888 ut
1171 848 1231 890 se
1260 835 1375 891 vult
1403 835 1630 907 intelligi
1656 835 2011 906 Evangelium

426 931 487 977 et
520 923 828 992 praedicari,
856 923 1008 979 vides
1041 922 1230 983 lesnm
1260 940 1482 982 omnem
1507 927 1821 995 languorem
1846 936 1901 982 et
1925 928 2013 981 inv

435 1012 745 1071 ﬁrrnitatem
795 1028 905 1073 non
950 1014 1129 1075 solum
1165 1028 1232 1067 eo
1274 1024 1517 1085 tempore
1567 1032 1679 1085 quo
1722 1018 2015 1077 carnaliter

433 1102 573 1159 facta
608 1113 738 1161 sunt
761 1144 776 1167 ,
816 1103 988 1163 fuisse
1016 1104 1381 1170 medicatum.
1412 1106 1505 1167 sed
1542 1107 1813 1176 hodieque
1842 1108 2014 1167 inedi-

429 1205 667 1262 cantem,
698 1206 880 1259 etnon
916 1208 1131 1259 tantum
1164 1210 1296 1257 tunc
1324 1198 1390 1257 ad
1426 1200 1677 1258 homines
1700 1201 2017 1259 deswndiv

430 1304 523 1351 se.
572 1291 669 1353 sed
714 1292 989 1363 hodieque
1021 1294 1387 1358 descendere,
1413 1301 1619 1351 etesse
1668 1302 2011 1362 praesentem.

432 1375 567 1431 Ecce
594 1378 776 1444 enim,
824 1380 1035 1450 inquit,
1070 1381 1339 1435 uobiscum
1382 1396 1500 1433 sum
1542 1383 1784 1435 omnibus
1830 1381 2013 1436 diebus

432 1483 598 1536 usque
623 1469 693 1522 ad
718 1471 1231 1525 consummationem
1260 1471 1442 1531 saeculi
1466 1471 1533 1524 ³³.

505 1553 663 1617 Oculi
710 1558 792 1612 tui
830 1558 1086 1619 columba:
1118 1570 1261 1615 sunt.
1326 1559 1459 1612 Ecce
1492 1560 1728 1628 speciosa
1766 1562 2012 1629 proxima

435 1662 575 1712 utea,
623 1665 739 1702 ecce
784 1652 1043 1719 speciosa,
1093 1652 1335 1711 oculitui
1377 1652 1652 1709 columine.
1716 1652 1825 1707 llas
1853 1652 1920 1706 de
1953 1667 2012 1711 se

434 1754 639 1810 sponsu
682 1742 913 1801 audiens
960 1743 1149 1800 laudes
1198 1758 1401 1812 sponso
1438 1744 1604 1797 vicem
1653 1743 1709 1803 in
1753 1742 2010 1799 laudibus

433 1807 664 1900 tribuit,
721 1848 832 1895 non
886 1848 996 1903 quo
1047 1834 1095 1889 ei
1141 1807 1283 1903 quod
1344 1848 1452 1891 non
1502 1832 1667 1891 habet
1713 1848 1816 1887 suo
1872 1849 2013 1903 prae.
2046 1807 2089 1863 Β

432 1924 595 1983 ennio
661 1924 962 1994 largiatur,
1037 1924 1133 1981 sed
1194 1923 1505 1993 intelligens
1570 1923 1824 1981 decorem
1894 1923 2016 1992 ejus

432 2021 592 2082 atque
641 2014 989 2083 conspiciens
1034 2015 1114 2075 ait
1166 2011 1348 2083 (vers.
1396 2012 1497 2084 l5)
1548 2032 1564 2075 ;
1617 2012 1751 2069 Ecce
1793 2032 2016 2083 sponsus

435 2105 541 2175 19
568 2106 839 2174 fratruelis
872 2122 1018 2165 meus
1054 2106 1296 2176 equidem
1333 2105 1583 2175 pulcher,
1636 2108 1802 2163 lectus
1842 2118 2020 2167 noster

432 2198 729 2254 umbrosus.
750 2195 949 2262 Quaero
972 2197 1174 2255 lectum
1205 2197 1261 2256 in
1292 2212 1402 2268 quo
1421 2213 1658 2267 sponsus
1673 2214 1798 2259 cum
1818 2215 2019 2269 sponsa

435 2287 773 2357 requiescat;
811 2295 867 2348 et
894 2327 908 2350 .
950 2288 1004 2347 ui
1054 2286 1247 2353 fallor,
1295 2303 1499 2357 corpus
1537 2288 1840 2349 humanum
1883 2298 1969 2349 est
2004 2306 2018 2347 :

434 2379 704 2449 siquidem
764 2379 854 2437 ille
910 2379 968 2439 in
1022 2378 1314 2450 Evangelia
1365 2380 1693 2452 paralyticos
1740 2380 1834 2447 qui
1871 2380 2020 2449 jace-

436 2468 530 2529 bat
566 2469 622 2531 in
649 2471 813 2537 loeto,
860 2478 915 2529 et
944 2470 1098 2531 abire
1123 2470 1178 2525 in
1201 2471 1425 2529 domum
1453 2486 1612 2534 suam
1643 2470 1861 2527 sublato
1891 2484 2022 2540 gra-

436 2562 564 2619 bato
604 2576 732 2621 voce
766 2562 959 2632 jussus
1002 2571 1086 2618 est
1131 2560 1449 2627 Salvatoris,
1503 2571 1797 2632 antequam
1854 2577 2018 2619 sana-

436 2662 623 2729 retur,
677 2670 844 2724 super
885 2654 1065 2709 debile
1107 2653 1479 2713 membrorum
1527 2669 1755 2709 suorum
1814 2667 2015 2725 corpus

427 2744 666 2815 iacebat,
690 2745 839 2819 quod
872 2754 1067 2815 postea
1094 2744 1191 2805 Dei
1223 2745 1423 2807 virtute
1450 2744 1745 2807 solidatur“
1777 2752 1877 2809 est.
1922 2743 2017 2801 Sic

431 2853 538 2909 ego
574 2838 816 2908 intelligo
868 2855 884 2899 ε
938 2835 1085 2897 Tolle
1126 2835 1407 2906 grabatum
1455 2845 1624 2902 tuum,
1684 2845 1734 2891 et
1784 2835 1913 2891 uade
1961 2835 2019 2889 in

432 2931 651 2987 domum
676 2939 826 2990 tuam
856 2928 929 2983 ”.
972 2927 1162 2997 Neque
1192 2928 1341 2989 enim
1381 2928 1446 2987 ad
1485 2928 1593 2985 hoc
1621 2926 1793 2985 Filius
1824 2925 1919 2985 Dei
1952 2926 2021 2983 de

434 3018 752 3080 cmicstibus
783 3019 853 3073 ad
885 3027 1098 3079 terrena
1145 3015 1533 3081 descenderat,
1584 3025 1643 3076 ut
1687 3016 1756 3072 de
1807 3016 2020 3079 lectulis

2119 565 2344 619 veniens
2388 566 2449 617 tit
2500 563 2707 623 lilium;
2749 577 2847 632 pro
2877 563 3020 632 ligno
3047 562 3167 615 vitae
3212 560 3357 629 quod
3389 561 3686 628 plumatum

2116 665 2203 709 est
2235 656 2292 708 in
2352 655 2603 724 paradiso
2652 653 2786 719 Dei,
2833 654 3001 708 totius
3045 653 3253 719 campi,
3300 650 3354 705 id
3394 661 3477 704 est
3521 651 3690 707 totius

2115 747 2329 812 luendi,
2357 755 2413 801 et
2434 746 2707 801 universa:
2733 756 2891 800 terra
2914 744 3015 799 ﬂos
3036 744 3212 798 factus
3237 754 3338 797 est.
3369 742 3508 809 Quid
3542 745 3688 799 enim

2116 840 2200 893 sic
2230 847 2410 908 potest
2457 853 2578 893 esse
2613 838 2713 892 llos
2758 837 2969 901 mundi,
3017 846 3077 889 ut
3103 834 3425 889 vocabulum
3456 833 3693 889 Christi?

2120 928 2464 1001 Unguentum
2508 931 2744 985 effusum
2798 945 2995 984 nomen
3054 929 3193 998 ejus.
3238 929 3408 985 Aliter
3455 928 3689 997 idipsum

2114 1021 2363 1077 dicitur:
2408 1021 2518 1092 Ego
2562 1023 2661 1090 ﬂos
2690 1022 2884 1090 campi,
2928 1030 2978 1075 et
3017 1020 3193 1074 lilium
3232 1020 3551 1074 convallium
3577 1061 3593 1085 ,
3640 1030 3695 1073 et

2116 1114 2234 1168 haec
2266 1113 2487 1182 quidem
2510 1113 2579 1169 dc
2601 1112 2913 1181 semetipso.
2946 1111 3149 1165 Deinde
3174 1125 3430 1180 sponsam
3462 1110 3694 1163 laudans

2112 1203 2194 1256 ait
2228 1220 2242 1257 :
2276 1201 2442 1271 (vcrs.
2472 1202 2530 1271 2)
2566 1199 2634 1254 Ut
2668 1201 2842 1253 lilium
2868 1201 2923 1251 in
2949 1198 3117 1253 medio
3145 1201 3440 1267 spinarum,
3468 1199 3545 1251 sic
3573 1214 3695 1265 pro-

2115 1296 2264 1348 xima
2298 1311 2413 1347 mea
2438 1294 2490 1346 in
2518 1293 2686 1344 medio
2713 1293 2965 1359 ﬁliumin.
2993 1290 3148 1343 Sicut
3178 1290 3348 1342 lilium
3382 1305 3488 1341 non
3520 1297 3698 1356 potest

2114 1386 2289 1456 spinis
2317 1384 2646 1454 comparari,
2682 1385 2823 1437 in'cr
2863 1398 3002 1451 quas
3046 1397 3259 1450 semper
3288 1380 3557 1441 exoritur,
3598 1394 3696 1431 en—

2117 1479 2241 1532 dem
2274 1477 2437 1531 modo
2471 1475 2718 1543 proxima
2766 1490 2887 1527 mea
2924 1488 3089 1541 super
3133 1486 3325 1526 omnes
3356 1470 3497 1524 filias
3524 1470 3695 1523 lilium

2112 1578 2201 1623 cst
2241 1568 2295 1622 in
2326 1567 2506 1621 medio
2532 1566 2836 1635 spinarum.
2873 1563 2979 1618 Ista
3022 1563 3252 1616 audiens
3291 1575 3492 1630 sponsa
3524 1560 3696 1613 vicem

2114 1660 2293 1715 reddit
2343 1673 2567 1727 sponso,
2613 1666 2667 1710 et
2708 1657 2953 1710 sentiens
2986 1654 3131 1708 illius
3162 1654 3326 1707 etiam
3374 1651 3695 1705 suavitatem

2118 1751 2175 1804 in
2211 1765 2397 1805 vocem
2427 1747 2703 1802 laudantis
2749 1746 3007 1815 erumpit.
3048 1742 3462 1814 Unguentorum
3500 1741 3700 1810 quippe

2120 1842 2256 1897 odor
2284 1841 2411 1895 licet
2440 1840 2680 1894 suaviter
2710 1839 2898 1908 spiret,
2928 1846 2983 1891 et
3027 1850 3251 1891 sensum
3285 1835 3453 1889 odore
3484 1832 3698 1887 demul-

2115 1942 2257 1999 ceat,
2291 1947 2403 1986 non
2426 1940 2607 1987 tamen
2639 1928 2909 1998 ejusmodi
2935 1937 3039 1989 est,
3072 1935 3131 1980 ut
3157 1940 3322 1980 suave
3345 1924 3417 1978 sit
3442 1923 3510 1976 ad
3543 1922 3702 1976 edeno

2115 2026 2273 2081 dum.
2325 2022 2423 2079 Est
2456 2030 2634 2076 autem
2667 2019 2815 2074 aliud
2850 2018 2998 2089 quod
3043 2016 3235 2086 optimi
3270 2014 3485 2084 saporis
3537 2013 3610 2067 sit
3648 2020 3704 2067 et

2118 2115 2327 2177 odoris,
2358 2114 2412 2167 id
2441 2120 2543 2179 est,
2578 2121 2639 2165 ut
2673 2110 2863 2165 fauces
2896 2109 3122 2164 dulcore
3145 2106 3397 2170 delectet,
3440 2112 3498 2158 et
3539 2104 3702 2174 spiri-

2121 2212 2237 2259 tum
2266 2203 2503 2258 mulceat
2541 2201 2773 2256 odoratu
2805 2217 2820 2254 :
2853 2198 2960 2253 tale
3010 2207 3095 2252 est
3144 2196 3371 2260 malum,
3405 2204 3461 2249 ct
3511 2195 3698 2249 istius-

2122 2295 2269 2350 modi
2290 2302 2374 2349 est
2400 2302 2632 2359 natura,
2659 2302 2723 2346 ut
2754 2300 2985 2359 utraque
3012 2292 3065 2347 in
3089 2305 3147 2345 se
3176 2289 3473 2359 possideat.
3497 2288 3703 2343 Idcirco

2122 2389 2311 2444 volens
2342 2401 2452 2443 non
2489 2385 2664 2441 solum
2696 2383 3125 2439 benevolentiam
3153 2382 3428 2438 sermonis
3450 2421 3467 2446 ,
3509 2381 3606 2437 θαι
3648 2392 3705 2436 et

2121 2481 2399 2539 dulcorcn
2436 2477 2560 2546 ejus
2598 2491 2800 2545 sponsa
2846 2474 3103 2540 laudare,
3139 2475 3216 2528 ait
3264 2492 3277 2529 :
3318 2475 3485 2543 (vers.
3529 2475 3584 2543 3)
3632 2473 3701 2527 Ut

2118 2573 2318 2625 malum
2352 2572 2406 2623 in
2439 2570 2599 2640 lignis
2632 2568 2815 2634 silete,
2861 2568 2937 2621 ita
2966 2566 3241 2636 fratruelis
3272 2582 3416 2619 meus
3450 2566 3503 2619 in
3532 2566 3703 2617 medio

2115 2664 2373 2734 filiorum.
2414 2660 2609 2716 Omnia
2640 2660 2807 2730 ligna,
2839 2673 3032 2713 omnes
3059 2658 3286 2713 arbores
3309 2656 3425 2727 (ἳο)
3454 2657 3520 2709 ad
3551 2672 3702 2710 com-

2118 2754 2453 2825 parationem
2478 2750 2750 2806 sermonis
2787 2749 2880 2804 Dei
2909 2750 3060 2804 silvai
3086 2747 3356 2804 inferaces
3380 2747 3689 2802 existiman-

2120 2855 2232 2910 tur,
2281 2845 2349 2898 ad
2386 2843 2669 2898 Christum
2699 2842 2874 2897 saltus
2902 2850 2991 2896 est
3027 2856 3191 2896 omne
3214 2840 3361 2911 quod
3387 2840 3615 2901 dixeris,
3644 2845 3703 2892 et

2123 2934 2465 2997 infructuosa
2496 2944 2625 2991 sunt
2652 2932 2857 2989 omnia.
2891 2931 3025 2998 Qua:
3051 2932 3199 2987 enim
3234 2939 3466 2999 possunt
3492 2930 3601 2983 dici
3636 2931 3703 2983 ad

2124 3042 2251 3085 eum
2291 3034 2605 3095 comparata
2650 3023 2968 3079 fructifera?
3013 3021 3189 3078 Etiam
3220 3021 3366 3089 ligna
3397 3035 3521 3089 qua:
3559 3019 3709 3073 video

434 3110 770 3180 imperaret,
835 3118 891 3169 et
932 3118 1351 3179 consurgentem
1394 3109 1462 3163 ab
1508 3108 1869 3179 aegrotatione
1916 3122 2016 3164 sua

2127 3120 2325 3177 bantur
2354 3118 2622 3175 fructibus
2645 3116 2943 3181 incurvari,
2972 3115 3038 3169 ad
3066 3113 3414 3170 collationem
3442 3112 3709 3165 adventus

435 3203 554 3266 sine
595 3202 796 3265 lcetuio
846 3216 958 3261 non
995 3208 1274 3271 pateretur
1306 3200 1605 3259 ascendere
1656 3218 1670 3254 :
1712 3198 1893 3271 Tolle,
1936 3200 2021 3254 in-

436 3295 657 3365 quiens,
685 3292 968 3366 grabatum
1005 3302 1176 3360 tuum,
1203 3302 1252 3349 et
1273 3291 1402 3356 vade
1440 3292 1495 3353 in
1522 3292 1738 3351 domum
1762 3300 1930 3349 tuam.
1960 3291 2023 3351 Et

437 3397 496 3451 tu
533 3388 699 3463 igitur
722 3403 756 3449 ιι
787 3385 1073 3447 Salvatore
1109 3393 1333 3445 sanatus
1366 3384 1495 3447 tolle
1527 3385 1812 3456 grabatum
1845 3393 2021 3453 tuoin.

437 3487 493 3541 et
525 3479 661 3540 vade
692 3478 751 3539 in
768 3478 996 3540 domum
1029 3487 1203 3545 tuam,
1233 3486 1296 3539 ut
1322 3492 1450 3537 cum
1478 3477 1547 3533 ad
1586 3485 1639 3533 te
1679 3477 1827 3535 velut
1857 3491 2024 3546 spon-

438 3588 561 3630 sam
588 3572 799 3630 venerit
822 3585 1082 3642 sponsus,
1116 3579 1173 3629 et
1204 3570 1259 3629 in
1287 3585 1355 3627 eo
1385 3578 1563 3629 tecum
1600 3568 1762 3625 fuerit
1792 3569 2025 3627 reclina-

439 3672 549 3730 tus,
576 3662 729 3721 dicas
763 3681 778 3718 :
820 3661 961 3719 Ecce
992 3676 1213 3731 sponsus
1252 3659 1529 3729 fratruelis
1564 3675 1708 3719 metu
1729 3697 1745 3723 ,
1783 3658 2024 3729 equidem

435 3756 685 3827 putetur,
739 3754 1024 3815 declinatio
1056 3761 1239 3810 nostra
1266 3750 1534 3811 unrbrosa.
1571 3748 1711 3809 Ecce
1739 3750 2025 3819 speciosus

440 3846 719 3903 fratruelis
738 3861 921 3910 aiens,
947 3844 1064 3915 ipse
1092 3852 1147 3899 ct
1169 3843 1453 3914 speciosus
1486 3850 1591 3909 est,
1622 3850 1680 3903 et
1703 3842 2018 3903 umbrosus.

439 3939 548 3995 Per
583 3940 726 3994 diem
762 3936 966 4009 quippe
1004 3934 1085 3994 sol
1116 3951 1222 3993 non
1267 3944 1380 3997 uret
1430 3941 1520 4003 ts,
1562 3949 1729 4004 neque
1762 3932 1894 3993 luna
1930 3947 2024 4004 per

441 4041 645 4087 uectem
681 4030 754 4086 ".

513 4125 568 4179 5.
608 4120 768 4179 Vers.
809 4119 898 4175 16.
943 4117 1135 4175 Trabes
1158 4117 1445 4175 domorum
1492 4122 1798 4173 nostrarum
1842 4113 2023 4179 cedri,

441 4213 812 4274 multitudinis
842 4212 1007 4269 verba
1055 4217 1207 4269 sunt.
1243 4206 1507 4267 Videntur
1540 4218 1723 4271 autem
1760 4207 1892 4267 mihi
1926 4206 2025 4265 viri

441 4312 559 4366 hae
584 4308 769 4366 dicere
806 4306 902 4378 qui
938 4319 1067 4361 cum
1100 4317 1307 4373 sponso
1332 4313 1481 4368 sunt,
1528 4300 1598 4356 de
1638 4300 1842 4370 quibus
1872 4313 2031 4370 supe-

442 4404 561 4457 rius
603 4413 787 4459 sermo
831 4395 1093 4467 prtinus
1121 4403 1227 4453 est.
1269 4392 1477 4451 Domus
1506 4392 1748 4453 cedrinis
1780 4391 2029 4451 trabibus

2123 3212 2247 3280 ejus
2299 3209 2636 3266 infructuosa
2685 3214 2990 3262 monstrata
3039 3212 3188 3260 sunt.
3238 3201 3362 3257 Ideo
3414 3210 3473 3255 at
3506 3200 3707 3254 malum

2124 3301 2183 3357 in
2248 3300 2406 3370 lignis
2466 3298 2657 3363 silva,
2721 3298 2800 3352 ita
2857 3295 3129 3367 fratruelis
3198 3311 3341 3348 meus
3414 3294 3471 3348 lu
3536 3293 3706 3347 medio

2127 3391 2383 3460 ﬁliorum.
2456 3387 2526 3444 lu
2594 3388 2784 3443 umbra
2861 3388 2979 3456 ejus
3045 3385 3315 3454 concupiui
3360 3424 3375 3451 ,
3453 3392 3504 3437 et
3571 3380 3702 3435 sedi.

2127 3482 2303 3549 Quam
2332 3482 2560 3553 pulchre
2590 3496 2703 3537 non
2733 3482 2833 3537 ait.
2856 3481 2913 3535 in
2959 3479 3149 3535 umbra
3179 3478 3325 3533 illius
3353 3474 3703 3545 concupisco,

2127 3575 2257 3641 sed,
2300 3575 2356 3629 in
2389 3572 2578 3629 untbra
2620 3572 2734 3641 ejus
2787 3571 3091 3641 concupiui;
3122 3577 3177 3625 et
3220 3584 3326 3623 non
3370 3567 3566 3631 sedeo,
3609 3566 3703 3625 sed

2126 3669 2263 3726 sedi.
2306 3665 2587 3736 Siquidem
2634 3664 2691 3719 in
2719 3664 2986 3734 principio
3017 3676 3127 3718 non
3156 3675 3450 3732 possumus
3479 3672 3605 3713 cum
3638 3672 3707 3711 eo

2126 3759 2409 3831 proprium
2444 3756 2695 3813 conferre
2722 3770 3055 3819 sermonem,
3087 3769 3275 3810 verum
3319 3752 3373 3808 in
3413 3750 3703 3821 principio.

2126 3860 2186 3907 ut
2218 3851 2294 3905 ita
2319 3849 2522 3915 dit-ani,
2555 3846 2793 3917 quadam
2823 3846 3127 3915 maiestatis
3170 3844 3317 3901 illius
3349 3843 3542 3897 umbra
3584 3856 3707 3908 per-

2124 3942 2381 4008 fruimur,
2410 3938 2554 3995 unde
2573 3948 2629 3994 et
2656 3938 2712 3992 in
2742 3935 3026 4006 prophetis
3067 3934 3299 4005 legitur:
3343 3932 3577 4002 Spiritus
3616 3933 3706 4001 fa-

2126 4035 2226 4089 ciei
2259 4040 2455 4087 nostra:
2478 4030 2720 4086 Christus
2752 4028 3027 4092 Dominus,
3059 4029 3143 4085 cui
3172 4028 3407 4085 dicimus
3442 4041 3462 4080 :
3500 4024 3563 4079 in
3588 4041 3707 4080 uiu-

2131 4122 2226 4179 bra
2257 4120 2369 4190 ejus
2388 4120 2613 4179 vivemus
2641 4121 2695 4172 iu
2716 4118 2956 4188 gentibus
2980 4118 3048 4186 ";
3078 4127 3153 4183 et,
3182 4118 3253 4173 ah
3279 4116 3471 4173 umbra
3497 4115 3566 4171 ad
3595 4129 3708 4179 utu-

2132 4214 2287 4269 bram
2335 4211 2499 4267 aliam
2562 4211 3035 4281 transmigramus.
3085 4208 3399 4265 Sedeutibus
3446 4206 3592 4261 enim
3652 4205 3706 4260 in

2133 4303 2339 4374 regione
2362 4311 2408 4355 et
2433 4300 2618 4357 umbra
2641 4301 2847 4366 mortis,
2876 4298 2970 4355 lux
2996 4306 3118 4352 orta
3140 4305 3219 4353 est
3244 4296 3318 4353 eis
3342 4297 3408 4349 ’⁷.
3439 4295 3505 4349 Et
3527 4304 3709 4349 trans-

2134 4409 2323 4451 eamus
2350 4394 2420 4451 ah
2449 4392 2643 4451 umbra
2670 4391 2861 4449 mortis
2908 4389 2978 4445 ad
3014 4387 3267 4445 umbram
3298 4385 3439 4442 vita.
3484 4384 3709 4452 Semper

446 4496 668 4550 intesta
688 4501 840 4555 sunt,
869 4498 926 4545 et
947 4488 1222 4561 cypressis
1242 4486 1715 4557 contignata:(l9).
1745 4484 2027 4556 Siquidem
2063 4483 2105 4538 ι)
2135 4486 2442 4543 istiusmodi
2490 4492 2622 4545 sunt
2664 4482 2963 4552 prolectus,
2996 4486 3056 4531 ut
3084 4478 3139 4533 in
3169 4475 3398 4536 exordio
3443 4474 3712 4531 desideret

443 4601 549 4655 pro
568 4584 713 4640 stibe
744 4579 992 4636 ascendit
1023 4590 1338 4647 cypressus,
1370 4583 1425 4631 et
1445 4591 1543 4647 pro
1563 4575 1753 4634 conisa
1785 4573 2035 4637 ascendit

445 4686 679 4750 myrtus.
724 4672 1031 4744 Requirens
1081 4668 1246 4740 igitur
1289 4668 1450 4738 cuius
1498 4675 1709 4725 naturae
1753 4667 1859 4725 ista
1903 4675 2035 4727 sunt

444 4773 614 4841 ligna,
634 4777 691 4823 et
720 4766 945 4822 cedrum
974 4759 1385 4833 imputribilem,
1416 4766 1471 4815 et
1486 4773 1815 4829 cypressum
1846 4758 2033 4821 odoris

444 4857 639 4931 optimi
682 4854 1120 4926 deprehendens,
1154 4852 1343 4911 labore
1404 4857 1459 4904 et
1499 4859 1557 4905 tu
1592 4848 1667 4909 ita
1706 4849 2028 4920 contiguam

2129 4576 2400 4649 quispiam
2427 4575 2620 4631 saltem
2664 4572 2719 4627 in
2748 4570 3012 4626 virtutum
3036 4566 3229 4623 umbra
3251 4562 3567 4620 consistere.
3598 4561 3710 4633 Ego

2128 4678 2259 4740 puto
2290 4669 2411 4724 ideo
2436 4675 2493 4723 et
2524 4663 2865 4725 nativitatem
2894 4658 3023 4714 Jesu
3050 4659 3119 4715 ab
3154 4657 3344 4713 umbra
3369 4656 3620 4725 erepissc,
3654 4665 3713 4711 et

2128 4778 2236 4819 non
2271 4761 2326 4819 in
2360 4758 2576 4823 umbra,
2630 4755 2726 4815 56d
2772 4753 2828 4808 in
2861 4750 3087 4807 veritate
3128 4750 3337 4807 finitam
3373 4766 3387 4803 :
3432 4746 3666 4817 Spiritus
3692 4786 3709 4812 ,

2128 4852 2348 4923 inquit,
2399 4858 2615 4905 sanctus
2664 4846 2828 4901 ueniet
2884 4843 2939 4897 in
2994 4850 3082 4906 ιθ,
3122 4849 3172 4895 et
3230 4846 3395 4897 virtus
3444 4839 3710 4894 Altissimi

443 4956 672 5008 domum
702 4959 874 5016 tuam,
914 4955 975 5002 ut
1004 4948 1071 5002 de
1099 4953 1153 5002 te
1183 4958 1404 5019 quoque
1436 4942 1612 5012 possit
1638 4940 1745 4997 dici
1782 4961 1795 4994 :
1832 4940 2025 5001 Trabes
2132 4940 2466 4997 obumbrabit
2516 4938 2613 4994 tibi
2677 4936 2742 4992 ⁸⁸.
2803 4935 3069 4992 Nativitas
3120 4933 3325 4990 Christi
3389 4931 3458 4989 ab
3518 4931 3712 4989 umbra

444 5047 701 5101 domuum
733 5048 1037 5096 uestrarum
1074 5035 1250 5101 cedri,
1290 5042 1341 5095 et
1379 5033 1794 5109 contignationes
1832 5046 2029 5095 nostra
2134 5035 2371 5106 sumpsit
2417 5031 2704 5089 exordium
2742 5045 2894 5089 :non
2924 5030 3101 5085 solum
3137 5036 3318 5086 autem
3356 5026 3411 5081 in
3444 5024 3609 5083 Iulia
3643 5023 3714 5079 ab

445 5137 697 5208 egpressi.
2134 5127 2332 5184 umbra
2377 5122 2503 5193 ejus
2547 5122 2802 5178 nativitas
2842 5121 3027 5193 erupit,
3053 5121 3149 5181 sed
3176 5128 3233 5179 et
3260 5120 3314 5174 in
3346 5127 3398 5172 te
3438 5117 3486 5172 si
3514 5115 3714 5185 dignus

516 5230 569 5285 εἰ.
606 5227 739 5293 Post
780 5226 894 5287 hac
933 5235 1170 5292 sponsus
1198 5220 1443 5289 loquitur
1477 5218 1620 5290 (cap.
1655 5233 1716 5286 ιι,
1752 5236 1894 5276 vers.
1934 5220 1981 5289 Ι)
2013 5238 2030 5277 ε
2135 5218 2310 5276 fueris
2341 5218 2587 5273 nascitur
2615 5229 2795 5271 sermo
2822 5213 2935 5273 Dei.
2990 5211 3100 5269 Fac
3132 5212 3297 5282 igitur
3323 5219 3382 5265 ut
3414 5207 3595 5277 possis
3621 5221 3716 5261 ca-

452 5322 562 5394 ligo
594 5323 694 5393 fies
737 5319 937 5388 campi,
984 5324 1035 5371 et
1077 5312 1253 5373 lilium
1296 5312 1635 5373 convallium.
1681 5312 1907 5383 PrOpter
1945 5328 2033 5367 me
2139 5325 2266 5383 pere
2306 5309 2557 5367 umbram
2593 5307 2731 5378 ejus,
2780 5316 2835 5367 et
2885 5322 3010 5361 cum
3062 5306 3256 5365 umbra
3299 5303 3469 5359 fueris
3516 5300 3717 5370 dignus

509 5485 557 5517 ”
586 5485 775 5540 Matth.
808 5476 1108 5547 xxvm,20.
1173 5478 1219 5509 "
1248 5476 1438 5532 Matth.
1471 5493 1549 5544 Ix,
1578 5477 1630 5531 ὃ.
1708 5478 1754 5509 ⁸⁵
1786 5475 1932 5530 Psal.
1959 5489 2111 5538 cui,
2142 5471 2194 5525 6.
2271 5475 2316 5506 “
2343 5470 2543 5527 Thren.
2576 5486 2648 5537 tv,
2687 5470 2778 5524 20.
2853 5470 2897 5501 ’⁷
2925 5469 3030 5523 lsa.
3064 5484 3141 5533 ix,
3176 5467 3229 5519 2.
3307 5465 3353 5497 "
3388 5463 3523 5519 Luc.
3553 5475 3596 5526 1,
3624 5459 3717 5515 35.

2210 5619 2321 5688 (ρο)
2362 5619 2517 5674 Libb.
2559 5620 2715 5675 cditt.
2744 5660 2758 5682 ,
2808 5634 2989 5688 omnes
3038 5616 3183 5671 silua
3225 5617 3438 5669 arbores
3463 5653 3481 5682 ,
3524 5610 3619 5669 sed
3660 5609 3715 5665 in

520 5627 635 5699 (l9)
676 5626 829 5699 mss”
878 5624 1063 5699 damus
1096 5622 1327 5699 cedi-init
1376 5622 1611 5699 trabibus
1640 5624 1858 5699 intextis
1887 5629 2031 5699 sunt,

2140 5686 2272 5747 mss.
2298 5686 2555 5746 Omnibus
2586 5691 2854 5745 omittitur
2878 5686 3047 5741 silete.

447 5710 498 5753 ct
522 5690 776 5767 cyp'ressis
798 5696 1132 5773 contignata.
1186 5691 1375 5773 Editt.,
1402 5693 1583 5773 domos
1603 5694 1844 5748 cedrinas
1867 5690 2031 5745 trabi-

451 5779 545 5824 bus
574 5773 801 5821 intextas
828 5776 874 5819 et
901 5772 1156 5835 cupressis
1179 5772 1535 5834 centignetas.
