4134 6476
440 380 505 437 ra
1500 376 1825 433 ORIGENIS
1858 378 1927 434 ΙΝ
1963 377 2318 436 CANTICUM
2352 381 2625 438 CANTIC.

3623 382 3699 440 56

439 501 590 555 illius
625 501 1017 572 amplexabitur
1066 517 1165 557 me.
1215 498 1383 555 llabet
1420 509 1474 555 et
1517 500 1569 554 in
1606 500 1828 555 sinistra
1866 510 1921 556 et
1965 500 2019 555 in
2050 509 2095 568 Α
2125 517 2342 573 sponsa:
2374 503 2612 558 animam
2650 503 2862 557 beatam
2904 511 3066 571 atque
3112 500 3438 571 perfectam,
3464 517 3586 572 quae
3611 502 3691 558 ci-

440 592 666 646 dextcra
697 607 879 647 sermo
906 591 999 646 Dei
1036 590 1376 661 sapientiam,
1406 605 1529 660 quae
1559 606 1685 645 cum
1726 606 1826 661 pro
1863 591 2019 645 intel-

442 685 612 738 lectus
637 684 892 739 varietate
921 683 991 737 sit
1023 681 1322 751 multiplex,
1359 681 1411 734 in
1440 681 1743 751 subjacenti
1777 692 1884 735 una
1913 689 2017 736 est.

442 770 560 841 Ipse
600 770 855 826 Salomon
886 771 953 824 de
982 770 1112 825 lmva
1143 780 1197 825 et
1233 770 1457 825 dextera
1501 770 1781 840 sapientia:
1812 770 2017 836 docuit,

440 865 622 919 dicens
654 861 993 932 :Longitudo
1040 863 1222 930 enim,
1273 873 1322 917 et
1369 864 1497 915 antri
1539 863 1661 916 vita!
1707 863 1761 915 in
1803 861 2019 915 dextera

437 955 593 1021 ejus;
639 954 697 1005 in
744 953 966 1006 sinistra
1007 961 1184 1006 autem
1218 953 1385 1022 ipsius
1428 952 1627 1006 divitia:
1666 961 1715 1005 et
1754 952 1925 1021 gloria
1973 952 2015 1006 ⁸.

440 1045 610 1115 igitur
637 1044 767 1100 hera
795 1045 913 1114 ejus
945 1045 1050 1101 sub
1080 1047 1257 1115 capite
1296 1060 1449 1109 meo,
1492 1053 1551 1099 ιιι
1596 1042 1761 1098 faciat
1803 1043 2019 1113 requie-

438 1149 611 1201 scere,
657 1143 711 1189 et
744 1133 1027 1188 brachium
1059 1135 1249 1205 sponsi
1291 1134 1385 1189 fiat
1427 1134 1659 1189 cervical
1697 1148 1915 1198 meum,
1964 1141 2020 1187 et

440 1222 728 1277 reclinetur
765 1223 963 1278 animm
1004 1223 1300 1294 principale
1350 1238 1513 1294 super
1552 1237 1860 1278 sermonem
1898 1220 2013 1277 Dei.

435 1310 590 1366 Lseva
620 1313 735 1381 ejus
775 1313 870 1367 sub
902 1316 1074 1382 capite
1112 1330 1244 1368 meo.
1285 1311 1404 1368 Non
1446 1314 1663 1383 expedit
1695 1313 1788 1367 tibi
1821 1312 2019 1367 habere

437 1402 728 1457 cervicalia
773 1419 896 1473 qua:
935 1404 1252 1458 lamentatio
1303 1412 1584 1473 sequatur.
1632 1404 1691 1456 In
1736 1400 2019 1457 Ezechiele

438 1494 704 1564 scriptum
733 1505 818 1550 est
855 1514 868 1550 :
916 1495 1007 1550 Va,
1042 1496 1110 1549 iis
1148 1512 1267 1566 qua:
1307 1506 1567 1552 consuunt
1598 1495 1877 1549 cervicalia
1921 1492 2015 1547 sub

440 1587 584 1641 omni
634 1587 816 1640 cubitu
862 1603 1048 1641 manus
1089 1588 1130 1641 ’.
1186 1586 1307 1641 Noli
1365 1602 1632 1643 censuere
1683 1585 1968 1641 cervicalia
1998 1626 2015 1652 ,

440 1680 548 1734 noli
592 1680 755 1749 capiti
802 1680 1020 1735 aliunde
1048 1681 1291 1751 requiem
1341 1695 1601 1751 quaerere,
1648 1679 1786 1733 habe
1829 1678 2017 1749 sponsi

339 1835 347 1842 ἱ
442 1770 627 1823 laevam
681 1769 782 1823 sub
830 1769 1006 1838 capite
1053 1776 1183 1834 tuo,
1241 1777 1294 1822 et
1349 1769 1438 1821 die
1481 1785 1494 1820 :
1542 1765 1698 1819 Laeva
1755 1764 1869 1833 ejus
1920 1762 2017 1817 sub

2119 594 2229 647 tius
2271 594 2471 656 videat,
2518 594 2679 648 citius
2725 592 2995 648 sermonis
3042 593 3435 662 contempletur
3481 595 3683 649 adven-

2119 692 2255 750 tum,
2279 700 2402 755 qua:
2429 684 2531 739 sibi
2562 684 2882 755 sapientiam
2914 684 3123 740 venisse
3163 685 3396 751 sentiat,
3428 694 3484 740 et
3506 684 3685 740 chart-

2117 787 2313 843 tatem,
2361 785 2416 831 et
2458 776 2603 831 dicat
2654 791 2762 829 non
2798 775 3106 832 videntibus
3153 794 3167 830 :
3215 775 3347 829 Ecce
3392 777 3478 830 hic
3524 777 3683 831 venit.

2115 867 2277 923 Orate
2307 878 2364 922 ιιι
2394 877 2449 923 et
2491 882 2592 938 ego
2638 867 2842 937 possim
2878 867 3100 921 dicere:
3147 866 3279 921 Ecce
3322 869 3408 922 hic
3439 869 3596 923 venit.
3627 868 3686 925 8i

2116 960 2260 1015 enim
2288 968 2518 1030 potuero
2545 958 2639 1014 Dei
2662 958 2933 1014 disserere
2956 973 3258 1022 sermones,
3284 959 3690 1029 quodammodo

2116 1058 2170 1105 et
2192 1066 2293 1121 ego
2324 1049 2501 1105 dicam
2531 1068 2545 1104 :
2574 1049 2708 1103 Ecce
2735 1048 2820 1102 hic
2850 1051 3008 1104 venit.
3047 1048 3204 1116 Quoi
3230 1048 3347 1104 Non
3379 1051 3565 1121 utique
3597 1052 3690 1115 ubi

2116 1141 2291 1206 vallis,
2341 1155 2448 1194 non
2502 1140 2592 1195 ubi
2638 1140 2867 1196 humilia
2915 1140 3055 1195 loca.
3105 1139 3225 1206 Quo
3260 1140 3436 1195 venit?
3482 1139 3690 1196 Saliens

2115 1247 2271 1299 super
2294 1239 2508 1295 montes,
2532 1230 2839 1285 transiliet"
2860 1246 3018 1299 super
3033 1229 3212 1285 colles.
3234 1229 3290 1284 Si
3319 1228 3486 1284 fueris
3508 1246 3688 1297 mons,

2116 1322 2244 1376 salit
2281 1321 2336 1375 in
2376 1330 2429 1376 to
2480 1337 2661 1377 sermo
2703 1321 2816 1376 Dei.
2865 1321 2922 1375 Si
2954 1336 3059 1375 non
3095 1320 3333 1376 valueris
3358 1334 3478 1375 esse
3508 1335 3688 1385 mons,

2116 1411 2212 1467 sed
2244 1410 2415 1467 fueris
2439 1411 2619 1474 collis.
2644 1411 2915 1467 secundus
2943 1427 2974 1465 a
3001 1421 3203 1477 monte,
3238 1412 3505 1466 transiliet
3527 1427 3692 1481 super

2119 1513 2192 1558 te.
2225 1502 2402 1569 Quam
2432 1517 2561 1559 vero
2594 1502 2820 1573 pulchra
2855 1512 2909 1557 et
2943 1501 3318 1557 convenientia
3341 1503 3502 1559 rebus
3529 1517 3692 1558 voca-

2119 1595 2275 1650 bula!
2331 1592 2470 1649 Salit
2527 1609 2690 1664 super
2741 1601 2983 1657 montes,
3032 1593 3159 1663 quia
3209 1593 3444 1663 majores
3496 1602 3624 1648 sunt
3672 1612 3687 1648 :

2120 1685 2359 1741 transilit
2413 1700 2578 1755 super
2649 1685 2852 1752 colles,
2905 1684 3032 1754 quia
3071 1684 3319 1742 minores
3367 1693 3512 1739 sunt.
3569 1683 3687 1739 Non

2120 1774 2357 1829 transilit
2387 1788 2550 1842 super
2578 1780 2812 1838 montes,
2840 1787 2947 1826 non
2983 1773 3110 1827 salit
3144 1776 3308 1841 snper
3338 1774 3522 1828 colles.
3555 1774 3691 1830 Ecce

439 1862 609 1931 capita
641 1878 792 1924 meo;
833 1876 994 1931 quam
1052 1875 1176 1915 cum
1212 1858 1503 1919 habueriS.
1538 1857 1721 1912 omnia
1768 1856 1863 1910 tibi
1899 1870 2020 1925 quae
2053 1851 2092 1905 Β
2122 1864 2205 1916 hic
2248 1863 2383 1917 venit
2438 1862 2634 1917 saliens
2685 1877 2841 1931 super
2889 1871 3125 1927 montes,
3182 1862 3486 1916 transiliens
3535 1879 3692 1933 super

437 1961 566 2008 sunt
610 1953 663 2003 in
696 1952 827 2004 laeva
860 1951 1193 2005 tribuuntur.
1234 1948 1382 2005 Dicis
1415 1950 1616 2019 quippe
1653 1968 1664 2003 :
1706 1947 1767 2001 1η
1794 1948 2015 2001 sinistra

434 2042 548 2111 ejus
586 2041 787 2095 diuitiae
819 2051 869 2096 et
906 2040 1099 2111 gloria,
1138 2050 1187 2094 et
1219 2039 1437 2093 dextera
1474 2039 1588 2107 ejus
1626 2037 2017 2106 amplexabitur

434 2134 540 2204 21
564 2148 665 2187 me.
685 2131 882 2187 Totum
915 2143 967 2189 te
983 2132 1169 2202 sponsi
1186 2132 1405 2186 dextera
1429 2131 1837 2200 complectatur.
1871 2129 2016 2183 Lon-

439 2224 627 2296 gitudo
653 2225 852 2296 quippe
885 2234 940 2281 et
963 2227 1090 2279 anni
1118 2225 1242 2279 vitae
1270 2223 1323 2277 in
1353 2223 1575 2278 dextera
1611 2220 1730 2287 ejus
1762 2229 1851 2275 :et
1876 2220 1947 2274 oh
1963 2219 2014 2273 id

440 2320 615 2387 longa
639 2318 782 2383 vitm,
816 2326 870 2371 et
898 2316 1193 2370 multorum
1227 2315 1437 2368 dierum
1475 2311 1585 2367 eris
1620 2326 1784 2381 super
1816 2318 2015 2365 terram

442 2412 639 2464 bonam
669 2424 832 2482 quam
863 2408 1126 2463 Dominus
1155 2406 1300 2462 Deus
1332 2415 1458 2461 tuus
1484 2404 1579 2458 dat
1606 2404 1722 2458 tibi.
1760 2402 2015 2472 Adjurari

440 2520 550 2569 vos,
576 2502 709 2570 ﬁlia:
752 2500 1103 2569 Hierusalem,
1131 2500 1189 2553 in
1229 2497 1532 2562 uirtutibus,
1569 2505 1620 2550 et
1647 2496 1844 2549 uiribus
1876 2495 2012 2565 agri.

439 2594 578 2660 Quid
621 2593 834 2662 adjurat
885 2607 1085 2662 sponsa
1135 2590 1276 2645 ﬁlias
1308 2587 1684 2643 Hierusalem?
1722 2585 1782 2641 Si
1815 2585 2015 2640 levave-

437 2686 576 2750 ritis,
608 2696 655 2739 et
692 2685 1078 2738 suscitaveritis
1115 2683 1452 2736 charitatem.
1494 2679 1746 2747 Quandiu
1775 2679 2014 2734 charitas

437 2777 638 2831 dormit
666 2777 720 2831 in
751 2778 927 2840 vobis,
957 2791 991 2831 o
1024 2776 1147 2831 ﬁliae
1181 2774 1546 2838 Hierusalem,
1577 2788 1610 2828 ο
1639 2771 2014 2826 adolescentu-

438 2863 525 2929 ιω,
558 2878 679 2933 quae
729 2864 783 2916 in
837 2878 924 2917 me
973 2878 1082 2917 non
1126 2863 1347 2928 dormit,
1394 2862 1522 2932 quia
1569 2860 1848 2916 vulnerata
1893 2875 2012 2915 sum

438 2954 744 3012 eharitate?
776 2955 836 3009 In
866 2955 1020 3011 vobis
1053 2964 1232 3010 autem
1259 2970 1382 3025 quae
1408 2955 1590 3025 plures
1622 2954 1774 3012 estis.
1800 2961 1855 3008 et
1881 2953 2016 3008 ado-

443 3048 783 3110 lescentulus,
835 3058 890 3102 et
938 3047 1060 3103 tiliae
1107 3047 1475 3115 Hierusalem,
1527 3046 1728 3101 dormit
1778 3045 2019 3102 eharitas

441 3141 652 3210 sponsi.
685 3140 944 3210 Adjuravi
990 3155 1119 3210 ergo
1158 3155 1287 3206 vos,
1331 3139 1454 3193 lilia:
1478 3137 1837 3203 Hierusalem,
1867 3137 1913 3191 si
1941 3135 2018 3190 le—

440 3233 715 3297 vaveritis,
742 3241 796 3287 et
834 3246 940 3286 non
972 3233 1148 3288 solum
1180 3231 1505 3295 levaveritis,
1538 3230 1632 3286 sed
1678 3239 1733 3284 et
1780 3228 2019 3284 suscita-

440 3323 649 3391 veritis,
674 3339 795 3390 quae
832 3325 887 3379 in
929 3325 1086 3380 vobis
1120 3332 1226 3389 est,
1264 3322 1611 3377 eharitatem.
1639 3321 1863 3374 Creator
1894 3318 2019 3373 uni-

439 3414 715 3468 versitatis
763 3428 888 3468 eum
940 3428 1039 3468 vos
1086 3410 1367 3477 conderet,
1399 3410 1631 3465 inseruit
1664 3410 1716 3462 in
1761 3406 2019 3462 cordibus

441 3504 640 3559 vestris
685 3504 891 3559 semina
920 3504 1224 3559 charitatis.
1270 3500 1425 3556 Nune
1471 3509 1673 3565 autem,
1719 3498 1863 3554 sicut
1888 3496 2015 3552 alibi

442 3596 642 3650 dicitur
676 3610 689 3647 :
722 3594 951 3649 Justitia
978 3595 1227 3649 dormivit
1259 3596 1316 3646 in
1348 3610 1410 3647 ea
1439 3593 1504 3659 “',
1534 3592 1615 3646 sic
1641 3590 1860 3645 dilectio
1890 3590 2019 3644 ἀοι-ιι

442 3687 597 3741 mitat
624 3686 678 3740 in
707 3688 896 3753 vobis;
922 3686 1078 3757 juxta
1108 3684 1254 3755 quod
1276 3696 1330 3739 et
1358 3682 1484 3737 alibi
1509 3684 1707 3737 dicitur
1736 3698 1749 3733 :
1782 3679 2017 3750 Sponsus

443 3778 692 3848 requievit
726 3787 783 3830 ut
831 3777 939 3839 leo,
987 3789 1034 3830 et
1075 3784 1130 3828 ut
1181 3773 1389 3828 catulus
1430 3773 1595 3827 leonis
1639 3773 1703 3826 “.
1739 3771 1933 3825 Adhuc
1961 3770 2016 3824 in

442 3868 778 3935 inﬁdelibus,
811 3876 867 3920 et
895 3868 949 3920 in
975 3868 1059 3922 his
1081 3867 1173 3936 qui
1208 3866 1372 3921 corde
1404 3874 1530 3921 sunt
1561 3863 1730 3919 dubio
1760 3862 2020 3917 dormitat

443 3974 624 4016 sermo
656 3959 894 4023 divinus,
919 3957 1108 4027 vigilat
1149 3958 1203 4012 in
1253 3958 1488 4021 sanctis;
1529 3958 1789 4013 dormitat
1834 3956 1889 4010 in
1933 3958 2020 4013 his

446 4047 543 4116 qui
574 4046 990 4115 tempestatibus
1022 4045 1315 4112 ﬂuctuant,
1342 4045 1639 4101 suscitatur
1672 4061 1800 4102 vero
1828 4061 2019 4101 eorum

448 4137 677 4193 vocibus
708 4137 799 4207 qui
831 4136 1060 4206 cupiunt
1088 4136 1344 4208 vigilante
1390 4151 1595 4206 sponso
1640 4138 1861 4192 salvari.
1893 4135 2020 4191 Sta-

446 4232 543 4285 tim
594 4230 652 4287 lit
692 4239 766 4286 eo‘
800 4229 1057 4301 vigilante
1097 4228 1496 4299 tranquillitas,
1524 4229 1708 4283 statim
1747 4227 2019 4284 undarum

445 4325 621 4380 moles
669 4326 1095 4395 conquiescunt,
1128 4322 1413 4394 spiritibus
1459 4319 1752 4377 contrariis
1795 4301 2022 4376 conere~

445 4422 626 4487 patut‘,
656 4414 916 4470 ﬂuctuum
942 4415 1123 4470 rabies
1158 4414 1283 4470 silet
1312 4430 1326 4466 :
1359 4413 1454 4467 illo
1485 4412 1790 4468 dormiente
1816 4419 2023 4480 tempe-

2119 1954 2300 2009 colles.

2188 2047 2276 2101 11.
2312 2046 2468 2101 Vcrs.
2503 2046 2556 2102 9.
2605 2044 2809 2101 Similis
2850 2056 2927 2101 est
2960 2047 3241 2116 fratruelis
3290 2063 3434 2100 meus
3465 2060 3689 2115 caprea,

2118 2150 2209 2193 aut
2244 2138 2463 2193 hinnulo
2491 2155 2759 2193 certorum
2797 2142 2851 2193 iu
2889 2140 3152 2193 mmuibus
3198 2139 3398 2193 Bethel.
3433 2138 3557 2194 llaec
3583 2140 3693 2195 duo

2117 2233 2374 2287 animalia
2410 2234 2463 2286 in
2499 2232 2798 2302 Scripturis
2840 2231 3179 2302 frequentius
3222 2231 3605 2296 nominantur;
3640 2240 3693 2284 et

2117 2337 2228 2393 quo
2267 2322 2501 2392 amplius
2549 2322 2856 2386 admireris,
2912 2322 3110 2391 saepius
3153 2323 3341 2392 juncta
3394 2333 3689 2392 ponuntur.

2120 2410 2188 2465 Et
2224 2412 2334 2465 lucc
2360 2422 2505 2477 sunt,
2540 2411 2633 2475 ait,
2670 2427 2784 2481 qum
2810 2410 3152 2464 manducabis
3179 2410 3244 2477 ¹⁸,
3271 2421 3389 2480 post
3411 2411 3691 2481 paululum

2119 2500 2358 2556 inferens
2409 2515 2659 2570 capream
2694 2509 2747 2555 et
2779 2516 3022 2555 cervum.
3063 2498 3121 2553 ln
3172 2501 3424 2570 prmsenti
3475 2516 3693 2572 quoque

2117 2592 2258 2648 libro
2283 2594 2487 2663 pariter
2518 2593 2832 2648 nominatur
2857 2608 3051 2647 cervus
3084 2600 3137 2647 et
3168 2608 3383 2662 caprea.
3414 2592 3694 2659 Quodam-

2117 2686 2281 2741 modo
2308 2686 2451 2741 enim
2480 2694 2707 2757 cognata
2741 2684 2847 2740 sibi
2888 2693 3036 2750 sunt,
3060 2693 3114 2739 et
3140 2685 3315 2739 vicina
3347 2685 3449 2739 ista
3478 2685 3691 2738 anima-

2117 2777 2210 2831 lia.
2234 2775 2463 2844 Caprea,
2494 2776 2547 2829 id
2577 2784 2661 2829 est
2691 2775 2907 2839 dorcas,
2958 2776 3275 2831 acutissime
3296 2775 3458 2830 videt.
3487 2774 3694 2829 Cervus

2118 2865 2438 2922 interfector
2468 2876 2778 2934 serpentum
2807 2876 2912 2922 est.
2946 2865 3083 2931 Quis
3117 2875 3280 2937 putas
3321 2876 3408 2922 est
3437 2866 3635 2938 dignus
3663 2882 3696 2921 e

2118 2957 2314 3020 nobis,
2364 2959 2458 3027 qui
2502 2958 2660 3027 juxta
2715 2958 3035 3027 dignitatem
3090 2957 3193 3011 loci
3242 2966 3405 3025 atque
3450 2956 3695 3026 mysterii

2119 3049 2333 3119 plenam
2368 3048 2539 3117 possit
2585 3049 2862 3117 explicare
2906 3047 3210 3101 rationem?
3247 3045 3480 3099 Oremus
3510 3045 3693 3101 Domi-

2120 3154 2293 3206 num,
2345 3149 2405 3194 ut
2456 3140 2617 3194 nobis
2674 3139 2937 3209 largiatur
2979 3152 3200 3191 sensum
3253 3135 3319 3190 ad
3377 3136 3697 3205 aperiendas

2122 3230 2457 3301 Scripturas,
2501 3239 2557 3284 et
2600 3228 2877 3299 possimus
2909 3228 3088 3283 dicere
3122 3243 3136 3280 :
3175 3223 3459 3293 Quomodo
3482 3231 3698 3299 aperuit

2118 3323 2279 3379 nobis
2326 3320 2486 3375 Jesus
2540 3320 2853 3389 Scripturas
2898 3319 2964 3370 η.
2997 3317 3140 3384 Quid
3200 3318 3405 3389 igitur?
3463 3319 3698 3377 dicimus

2119 3413 2246 3483 quia
2282 3394 2503 3478 dorcas,
2543 3411 2648 3466 hoc
2676 3419 2758 3464 est
2780 3424 2974 3479 caprea
2998 3409 3298 3464 secundum
3330 3424 3518 3465 eorum
3557 3411 3695 3483 phy-

2120 3505 2404 3576 siologiam
2433 3504 2527 3574 qui
2560 3503 2629 3559 de
2662 3502 2873 3559 naturis
2894 3501 3137 3556 omnium
3162 3501 3481 3557 animalium
3507 3502 3699 3573 dispu-

2121 3606 2259 3664 tant,
2285 3612 2355 3651 ex
2389 3594 2554 3650 insita
2581 3594 2687 3651 sibi
2720 3592 2771 3647 vi
2801 3607 2998 3648 nomen
3030 3593 3317 3664 acceperit.
3348 3592 3431 3648 Ab
3460 3608 3526 3648 eo
3550 3594 3695 3648 enim

2121 3689 2269 3760 quod
2306 3687 2522 3744 acutius
2543 3686 2745 3750 videat,
2773 3684 2826 3739 id
2867 3692 2951 3738 est
2989 3683 3140 3755 παρὰ
3170 3683 3231 3737 τὸ
3268 3681 3435 3748 ὀξέως
3463 3685 3696 3756 δέρκειν,

2119 3780 2315 3835 dorcas
2348 3778 2615 3849 appellata
2646 3783 2751 3831 est.
2781 3773 2989 3830 Cervus
3017 3785 3149 3826 vero
3170 3784 3480 3842 serpentum
3512 3772 3700 3826 inimi-

2120 3887 2218 3927 cus
2241 3884 2306 3925 ae
2330 3868 2630 3925 debellator
2659 3875 2762 3932 est,
2810 3866 2883 3921 ita
2909 3873 2970 3921 ut
3005 3863 3197 3936 spiritu
3223 3862 3436 3916 narium
3468 3878 3563 3917 eos
3600 3879 3699 3917 ex-

2121 3962 2303 4017 trahat
2329 3960 2397 4017 de
2425 3958 2696 4023 cavernis,
2733 3966 2787 4012 et
2816 3964 3071 4027 superata
3110 3953 3350 4024 pernicie
3374 3955 3567 4008 veneni
3600 3969 3697 4009 eo—

2120 4067 2244 4108 rum
2294 4051 2493 4121 pabulo
2550 4050 2867 4105 delectetur.
2922 4045 3170 4101 Forsitan
3228 4044 3478 4099 Salvator
3542 4060 3699 4099 meus

2122 4157 2320 4214 caprea
2342 4144 2415 4197 fit.
2434 4141 2589 4211 juxta
2615 4139 2871 4212 θεωρίαν,
2906 4153 3101 4194 cervus
3121 4138 3278 4209 juxta
3315 4150 3500 4205 Opera.
3535 4135 3699 4201 Qua:-

2123 4249 2251 4289 nam
2283 4233 2387 4288 ista
2415 4239 2545 4286 sunt
2568 4230 2771 4301 opera?
2797 4228 3055 4284 Interllcit
3076 4229 3192 4298 ipse
3225 4235 3527 4298 serpentes,
3563 4241 3700 4280 con-

2125 4326 2323 4381 trarias
2357 4323 2702 4379 fortitudines
2725 4321 2960 4392 jugulat,
2993 4321 3114 4375 ideo
3140 4319 3318 4375 dicam
3344 4320 3393 4373 ei
3423 4336 3437 4371 :
3470 4316 3547 4372 Τιι
3578 4333 3702 4372 con-

2126 4417 2322 4472 trivisti
2361 4416 2547 4488 capita
2581 4415 2874 4468 draconum
2904 4427 3061 4479 super
3091 4425 3279 4479 muas,
3325 4416 3380 4462 tu
3408 4409 3703 4463 contrivisti

448 4517 585 4570 stas,
619 4521 788 4571 mors,
838 4515 893 4560 et
925 4505 1230 4576 desperatio
1265 4513 1349 4561 est
1378 4505 1442 4557 η.
1483 4504 1686 4573 Adjuro
1728 4518 1859 4570 ergo
1907 4518 2013 4565 uos,
2054 4511 2095 4566 D
2123 4516 2280 4578 caput
2307 4506 2554 4560 draconis
2577 4505 2642 4559 ¹⁶.

449 4597 581 4667 ﬁlia:
613 4595 969 4660 Hierusalem,
1020 4597 1076 4650 in
1116 4595 1397 4649 uirtutibus
1442 4605 1493 4647 et
1534 4595 1589 4647 in
1627 4594 1827 4647 uiribus
1880 4595 2018 4663 agri.

449 4684 623 4757 Cujus
650 4687 800 4758 agri?
823 4685 1022 4756 Nempe
1056 4685 1203 4741 illius
1232 4685 1346 4756 agri
1392 4685 1557 4754 pleni,
1602 4699 1763 4754 quem
1801 4684 2021 4738 benedi-

448 4778 528 4833 xit
559 4776 824 4833 Dominus
851 4776 911 4829 ".

526 4869 611 4923 10.
642 4866 798 4923 Vers.
834 4868 883 4932 7,
915 4869 967 4923 8.
1004 4867 1063 4923 Si
1092 4868 1388 4923 levaveritis
1419 4877 1468 4922 et
1492 4863 1869 4921 suscitareritis
1897 4864 2021 4916 clm-

448 4963 685 5025 ritatem,
714 4960 890 5031 quoad
942 4976 1102 5030 usque
1132 4960 1255 5013 uelit
1283 4974 1381 5013 vos:
1421 4957 1696 5028 fratruelis
1733 4957 1850 5010 mei.
1889 4955 2023 5009 Ecce

451 5054 538 5108 hic
565 5053 703 5109 venit
738 5052 933 5106 saliens
961 5064 1115 5120 super
1155 5059 1375 5105 montes.
1417 5048 1543 5104 Haec
1571 5047 1750 5103 adhuc
1780 5046 2024 5116 loquitur

454 5144 721 5206 Ecclesia,
769 5142 1064 5197 exhortans
1108 5140 1569 5205 adolescentulas,
1612 5150 1673 5194 ut
1716 5138 1783 5192 ad
1834 5136 2022 5206 sponsi

450 5243 825 5306 praeparentur
858 5233 1179 5299 adventum;
1234 5233 1280 5287 si
1317 5241 1495 5286 tamen
1546 5231 1732 5286 venire
1788 5227 2022 5284 voluerit

452 5336 507 5383 ct
535 5342 696 5383 suum
728 5326 838 5381 illis
858 5326 1102 5396 praebere
1130 5325 1483 5396 colloquium.
1518 5321 1711 5377 Adhuc
1743 5321 1908 5393 igitur
1939 5319 2020 5374 lo-

449 5429 651 5489 quente
676 5435 761 5487 ea,
795 5420 939 5474 venit
973 5433 1229 5489 sponsus,
1263 5433 1424 5488 quem
1456 5417 1628 5490 digito
1654 5422 1943 5479 monstrat,
1971 5422 2026 5467 et

452 5511 588 5565 dicit
623 5529 637 5564 :
670 5509 801 5566 Ecce
821 5511 906 5565 hic
933 5511 1071 5566 venit
1099 5510 1295 5564 saliens
1330 5526 1482 5579 super
1514 5517 1733 5562 montes.
1784 5504 2026 5574 Intelligo

1068 5728 1087 5757 "
1137 5725 1330 5780 Erech.
1360 5739 1480 5782 xm,
1521 5722 1605 5777 18.

997 5797 1037 5827 ⁸⁵
1066 5794 1197 5850 Luc.
1248 5811 1404 5859 xxiv,
1430 5796 1519 5847 52.

520 5724 541 5753 ⁸
575 5723 731 5777 Prov.
773 5741 852 5789 ιιι,
884 5724 963 5779 16.

450 5792 496 5827 ⁸⁸
526 5792 679 5849 Deut.
720 5810 829 5857 xlv,
863 5796 913 5849 4.

1716 5721 1759 5754 ⁸⁸
1784 5720 1889 5777 lsa.
1918 5736 1956 5783 ι,
1986 5719 2076 5773 21.

1601 5794 1643 5823 ¹⁶
1668 5790 1811 5847 Psal.
1847 5805 2032 5855 Lutv,
2064 5789 2153 5858 15,
2185 5788 2237 5843 1.

2201 4597 2290 4653 12.
2322 4596 2531 4651 Similis
2556 4604 2634 4648 est
2662 4593 2933 4663 fratruelis
2960 4608 3104 4647 meus
3128 4607 3348 4662 capreaz,
3379 4591 3457 4646 uel
3484 4590 3703 4645 hinnulo

2128 4701 2399 4741 cervorum
2428 4699 2584 4753 super
2630 4691 2831 4736 montes
2880 4681 3068 4734 domus
3097 4680 3197 4735 Dei
3231 4697 3250 4736 :
3280 4679 3463 4735 Bethel
3505 4679 3705 4750 quippe

2130 4778 2517 4846 interpretatur
2543 4775 2741 4829 domus
2780 4771 2896 4826 Dei.
2942 4770 3061 4827 Non
3106 4787 3298 4826 omnes
3345 4781 3560 4826 montes
3606 4770 3705 4824 do-

2131 4884 2253 4924 mus
2285 4867 2379 4921 Dei
2408 4875 2559 4929 sunt,
2593 4867 2687 4921 sed
2715 4865 2807 4935 qui
2839 4872 3052 4919 montes
3081 4863 3337 4917 Ecclesia:
3367 4872 3516 4917 sunt.
3552 4860 3705 4915 Inve-

2132 4959 2358 5013 niuntur
2388 4960 2587 5029 quippe
2615 4967 2669 5014 et
2701 4957 2791 5011 alii
2827 4964 3040 5011 montes
3070 4955 3259 5017 erecti,
3289 4964 3343 5007 et
3368 4967 3704 5022 consurgen-

2134 5060 2213 5106 tes
2241 5051 2505 5107 adversus
2530 5051 2813 5107 scientiam
2846 5050 2961 5115 Dei,
2999 5057 3212 5102 montes
3241 5044 3619 5116 Egyptiorum
3651 5051 3706 5097 et

2131 5140 2563 5211 Allophylorum.
2597 5140 2692 5197 Vis
2721 5142 2862 5197 scire
2917 5139 3046 5210 quia
3081 5137 3279 5193 similis
3307 5144 3391 5190 est
3430 5135 3706 5204 fratruelis

2128 5246 2281 5287 meus
2314 5248 2542 5303 capreae,
2577 5243 2671 5288 aut
2715 5232 2945 5287 hinnulo
2975 5243 3262 5284 cervorum
3295 5241 3462 5296 super
3491 5234 3706 5279 montes

2133 5323 2356 5380 Bethel?
2385 5323 2515 5380 Esto
2545 5339 2705 5378 mons
2730 5324 3154 5387 eeclesiasrieus,
3185 5337 3343 5376 mons
3366 5321 3563 5374 domus
3588 5317 3703 5383 Dei,

2132 5425 2188 5470 et
2215 5416 2395 5470 veniet
2416 5416 2484 5470 ad
2522 5423 2573 5469 te
2597 5429 2833 5484 sponsus
2860 5413 3056 5467 similis
3092 5426 3321 5481 capreae,
3353 5411 3437 5464 vel
3475 5409 3705 5465 hinnulo

2133 5522 2420 5565 cervorum
2467 5521 2632 5576 super
2687 5512 2901 5560 montes
2951 5502 3156 5558 Bethel.
3207 5502 3392 5556 Cernit
3445 5515 3703 5573 sponsum

2187 5719 2227 5751 “
2255 5713 2419 5771 Num.
2463 5727 2610 5781 xxiv,
2634 5712 2687 5768 9.
2797 5713 2838 5743 "
2873 5709 3062 5767 Matth.
3097 5725 3214 5764 vm.
3321 5709 3362 5739 ’³
3392 5705 3525 5762 Gen.
3554 5718 3702 5761 uva.
