4134 6426
365 403 435 466 57
1804 411 2091 472 ιιοδιιιιΑ
2130 415 2193 470 ll.
3362 428 3375 437 '
3549 424 3621 483 58

363 523 830 595 appropinquasse
873 524 1107 581 vicinius
1127 565 1142 590 ,
1194 526 1287 595 qui
1339 537 1465 581 ante
1513 542 1675 597 super
1725 538 1937 587 montes
1966 534 2012 591 Α
2042 532 2170 600 pulli
2203 532 2579 588 columbarum
2609 534 2674 587 “.
2708 531 2840 587 Nam
2866 532 3005 587 idem
3030 533 3230 601 valent,
3256 542 3312 590 et
3338 551 3619 607 nunquam

365 616 684 671 versabatur
724 626 779 670 et
815 616 1009 682 colles,
1040 616 1324 672 assimulat
1363 633 1488 671 eum
1539 619 1929 675 transilientem

361 715 527 776 atque
547 705 852 761 salientem.
884 703 951 760 Et
981 714 1105 775 post
1135 706 1248 761 haec
1282 707 1349 761 ad
1384 722 1441 762 se
1463 716 1516 762 et
1543 707 1611 761 ad
1637 709 1773 766 alias
1800 710 1934 765 ado-

362 794 692 852 lescentulas
738 796 1025 853 advenisse
1047 812 1409 869 cognoscens,
1440 799 1573 854 dicit
1620 819 1633 855 :
1682 801 1815 857 Ecce
1848 804 1932 857 hic

364 899 506 944 retro
547 899 665 961 post
701 891 956 961 parietem
992 901 1255 946 nostrum.
1285 891 1342 946 Si
1371 892 1722 949 aedificaveris
1755 896 1934 964 parie-

365 988 495 1048 tem,
521 989 576 1037 et
594 980 785 1037 feceris
811 981 1220 1037 aedificationem
1252 981 1369 1049 Dei,
1402 984 1577 1038 veniet
1607 991 1729 1054 post
1758 985 1935 1055 parie-

362 1076 474 1128 tem
502 1078 680 1128 tuum.
715 1071 1048 1143 Prospiciens
1095 1087 1188 1142 per
1232 1072 1505 1143 fenestras.
1540 1072 1656 1129 Una
1699 1073 1933 1131 fenestra

363 1177 509 1218 unus
536 1171 621 1218 est
666 1177 886 1227 sensus,
930 1179 1028 1233 per
1063 1163 1209 1219 hunc
1249 1164 1509 1235 prospicit
1541 1180 1798 1235 sponsus,
1828 1168 1934 1222 alia

365 1253 601 1310 fenestra
631 1254 773 1311 alius
801 1262 886 1310 est
923 1270 1140 1322 sensus,
1179 1264 1233 1311 et
1263 1271 1358 1326 per
1391 1257 1534 1312 hunc
1564 1272 1798 1326 sponsus
1827 1260 1935 1313 sol-

365 1344 510 1400 licite
557 1354 864 1400 contuetur.
916 1344 1018 1400 Per
1059 1360 1199 1417 quos
1256 1362 1451 1403 sensus
1510 1362 1618 1403 non
1675 1351 1937 1421 prospicit

365 1449 546 1489 sermo
568 1433 705 1490 Dei?
726 1434 864 1503 Quid
893 1436 964 1492 sit
987 1446 1167 1492 autem
1195 1438 1503 1507 prospicere
1529 1455 1627 1510 per
1647 1440 1933 1507 fenestras,

364 1536 419 1580 et
452 1528 727 1596 quomodo
754 1543 850 1599 per
875 1544 971 1587 eas
1017 1546 1253 1601 sponsus
1283 1532 1543 1603 aspiciat,
1574 1549 1808 1604 sequens
1839 1536 1937 1590 do-

363 1617 506 1673 cebit
546 1622 876 1692 exemplum.
918 1620 1020 1678 Ubi
1066 1639 1177 1679 non
1232 1624 1495 1697 prospicit
1543 1640 1808 1695 sponsus,
1863 1626 1935 1681 ibi

364 1722 513 1765 mors
549 1710 825 1768 invenitur
859 1715 1182 1779 ascendens,
1216 1723 1277 1770 ut
1308 1715 1541 1785 legimus
1571 1717 1623 1770 in
1654 1716 1887 1773 .leremia
1919 1735 1932 1771 :

364 1799 497 1856 Ecce
534 1820 675 1859 mors
702 1808 938 1860 ascendit
968 1825 1060 1878 per
1087 1809 1343 1878 fenestras
1376 1817 1585 1862 nostras
1610 1810 1674 1864 ¹⁷.
1708 1810 1938 1876 Quando

2040 623 2243 678 dictum
2289 635 2372 678 est
2422 625 2711 694 separatim
2761 640 2860 694 par
2908 626 3283 680 tantummodo
3328 627 3617 683 columba-

2040 726 2185 775 rum,
2222 711 2314 782 scd
2358 727 2455 780 par
2485 721 2794 779 turturum,
2827 722 2881 768 et
2924 715 3064 769 duos
3110 715 3286 783 pullos
3324 716 3611 772 columba-

2039 815 2186 854 rum.
2222 800 2486 855 Columba
2515 801 2753 872 Spiritus
2784 811 3008 859 sanctus
3030 812 3131 858 est.
3164 803 3399 874 Spiritus
3432 815 3611 860 autem

2040 898 2263 946 sanctus
2294 891 2515 960 quando
2551 893 2619 946 de
2657 892 2869 962 magnis
2910 902 2966 947 et
3012 894 3402 951 occultior-ibus
3433 912 3618 951 sacra«

2040 983 2260 1049 mentis,
2293 991 2493 1052 etquae
2522 982 2676 1036 multi
2710 998 2903 1053 capere
2944 1000 3053 1039 non
3091 995 3320 1054 possunt
3356 988 3614 1057 loquitur,

2042 1073 2097 1129 in
2136 1074 2363 1129 turturis
2396 1072 2759 1144 appellatione
2792 1073 3059 1144 signatur,
3090 1077 3141 1130 id
3191 1086 3275 1131 est
3320 1078 3439 1148 ejus
3478 1078 3617 1144 avis,

2040 1182 2163 1237 qua:
2192 1182 2405 1237 semper
2429 1166 2484 1221 in
2510 1168 2774 1223 montium
2797 1166 2944 1238 jugis
2965 1175 3019 1223 et
3041 1169 3298 1226 arborum
3322 1172 3618 1228 verticibus

2041 1266 2431 1313 commoratur.
2468 1257 2525 1312 lu
2563 1258 2796 1314 vallibus
2825 1266 3005 1313 autem
3052 1268 3107 1314 et
3142 1260 3226 1313 his
3267 1277 3391 1331 quae
3419 1263 3485 1317 ad
3518 1262 3620 1317 ho-

2043 1350 2219 1404 mines
2250 1365 2424 1420 usque
2447 1352 2793 1420 perveniunt,
2818 1350 3072 1406 columba
3107 1354 3428 1407 assumitur.
3465 1353 3621 1410 Deni-

2042 1454 2149 1508 que
2179 1437 2431 1493 Salvator
2457 1439 2587 1509 quia
2619 1439 2896 1495 hominem
2922 1448 3006 1495 est
3036 1440 3291 1513 dignatus
3313 1457 3616 1509 assumere,

2042 1535 2098 1583 et
2131 1528 2279 1583 vertit
2315 1528 2383 1583 ad
2419 1537 2612 1595 terras,
2657 1529 2925 1600 multique
2958 1539 3091 1586 tunc
3143 1531 3289 1588 circa
3325 1530 3619 1587 Iordanem

2044 1625 2359 1686 peccatores
2405 1625 2594 1683 erant,
2629 1617 2834 1673 ideirco
2884 1616 3121 1689 Spiritus
3164 1629 3389 1675 sanctus
3426 1637 3532 1675 non
3564 1620 3621 1674 in

2046 1714 2314 1761 turturem
2349 1707 2599 1773 vertitur,
2630 1708 2723 1763 sed
2748 1708 3001 1763 columba
3034 1709 3115 1775 tit,
3166 1710 3307 1765 inter
3344 1726 3446 1766 nos
3492 1726 3623 1781 pro-

2045 1804 2168 1866 pter
2212 1795 2495 1850 hominum
2532 1795 2939 1850 multitudinem
2974 1797 3092 1854 avis
3123 1800 3462 1855 mansuetior
3491 1814 3625 1853 con-

360 1891 566 1949 videris
622 1897 905 1951 mulierem
948 1899 1016 1952 au
1065 1898 1560 1968 concupiscendum
1614 1916 1733 1955 eam
1757 1939 1772 1964 ,
1822 1901 1935 1972 jam
1970 1878 2010 1933 Β
2043 1894 2315 1942 versatur.
2340 1885 2547 1941 Turtur
2575 1893 2755 1939 autem
2783 1886 3018 1951 videtur,
3050 1886 3198 1941 verbi
3226 1886 3420 1957 gratia,
3446 1887 3622 1956 Moysi

364 1999 510 2038 mors
531 1988 779 2042 ascendit
803 2003 901 2058 per
922 1987 1191 2046 fenestras
1220 1999 1361 2047 tuas.
1388 1990 1637 2047 Eminens
1666 2010 1758 2062 per
1780 1995 1932 2051 retia.

362 2071 606 2147 intelligo
654 2079 782 2147 quia
834 2080 889 2134 in
950 2081 1132 2137 medio
1176 2082 1499 2152 laqueorum
1556 2085 1827 2149 ambulas,
1883 2095 1938 2140 et

361 2166 554 2221 subtus
571 2169 852 2226 machinas
867 2172 974 2241 22
993 2181 1240 2228 transeas
1257 2172 1620 2231 imminentes.
1637 2174 1832 2231 Omnia
1851 2193 1935 2233 re-

361 2259 506 2314 tibus
532 2260 691 2330 plena
712 2271 859 2328 sunt,
894 2265 1146 2321 diabolus
1179 2266 1374 2337 laqueo
1402 2276 1598 2323 cuncta
1622 2270 1930 2339 complevit.

361 2348 418 2404 Si
446 2359 624 2406 autem
658 2354 865 2409 venerit
894 2355 989 2410 tibi
1019 2371 1199 2412 sermo
1228 2357 1344 2424 Dei,
1368 2368 1421 2413 et
1445 2361 1670 2430 coeperit
1695 2362 1935 2418 eminere

359 2441 425 2496 de
453 2443 681 2511 retibus,
703 2443 852 2500 dices
878 2461 892 2497 :
919 2448 1113 2500 Anima
1145 2456 1325 2501 nostra
1356 2459 1534 2518 erepta
1557 2458 1635 2503 est
1663 2451 1726 2504 de
1751 2451 1935 2521 laqueo

359 2534 681 2589 venantium.
705 2533 946 2606 Laqueus
979 2539 1235 2591 contritus
1268 2546 1367 2602 est,
1396 2548 1445 2592 et
1487 2554 1578 2592 nos
1605 2538 1813 2595 liberati
1844 2558 1934 2595 su-

359 2639 496 2677 mus.
531 2623 804 2678 Benedicti
851 2640 937 2679 vos
980 2642 1013 2678 a
1063 2625 1288 2678 Domino
1335 2626 1427 2693 qui
1478 2626 1601 2696 fecit
1658 2628 1843 2683 caelum
1884 2640 1933 2684 et

361 2720 558 2766 terram
583 2712 648 2766 “.
684 2711 897 2767 Eminet
941 2714 1107 2782 igitur
1149 2728 1385 2784 sponsus
1428 2729 1524 2783 per
1555 2716 1687 2771 retia
1724 2718 1821 2773 tibi
1848 2721 1932 2773 vi.

361 2812 473 2856 tam
505 2801 727 2857 faciens.
761 2801 921 2860 Jesus
960 2803 1243 2860 descendit
1273 2806 1340 2860 ad
1390 2814 1582 2873 terras,
1611 2809 1844 2879 subjecit
1874 2827 1933 2867 se

362 2889 575 2946 retibus
602 2892 823 2959 mundi;
872 2892 1062 2951 videns
1103 2909 1360 2966 magnum
1400 2897 1686 2953 hominum
1714 2916 1929 2971 gregem

362 2981 570 3038 retibus
604 2983 945 3052 impeditum,
991 3001 1093 3043 nec
1129 3003 1196 3043 ea
1237 2984 1307 3043 ab
1351 2989 1460 3044 alio
1487 2990 1593 3045 nisi
1628 3007 1656 3044 a
1685 3007 1745 3047 se
1771 3007 1933 3061 posse

359 3075 662 3137 conscindi,
695 3076 842 3131 venit
878 3078 946 3133 ad
975 3080 1131 3146 retia,
1165 3095 1452 3137 assumens
1492 3096 1693 3152 corpus
1739 3083 1933 3140 huma-

358 3182 512 3231 num,
545 3166 691 3237 quod
736 3167 1081 3225 inimicarum
1116 3170 1494 3228 fortitudinum
1536 3173 1744 3244 laqueis
1775 3182 1927 3230 tene-

357 3259 539 3327 batur,
567 3276 630 3316 ea
684 3261 779 3316 tibi
827 3261 1058 3332 dirupit,
1095 3270 1149 3318 et
1188 3262 1468 3333 loqueris:
1507 3264 1641 3320 Ecce
1673 3267 1757 3321 hic
1791 3278 1931 3323 retro

357 3360 474 3420 past
521 3354 775 3422 parietem
836 3366 1074 3409 nostrum
1118 3357 1439 3425 prospiciens
1492 3374 1585 3427 per
1634 3359 1889 3427 fenestras
1914 3399 1930 3423 ,

354 3445 587 3498 eminens
630 3461 723 3515 per
760 3447 914 3502 retia.
963 3446 1097 3501 Cum
1124 3447 1436 3508 eminuerit.
1479 3448 1612 3504 dicit
1640 3449 1735 3504 tibi
1766 3452 1930 3520 (vers.

360 3535 449 3603 10)
479 3554 495 3590 :
523 3536 811 3605 Respondet
840 3538 1112 3608 fratruelis
1139 3555 1304 3604 meus,
1335 3548 1384 3594 et
1399 3539 1765 3611 dicit:Surge,
1791 3543 1928 3605 veni,

357 3626 603 3695 proxima
632 3643 770 3695 mea,
794 3628 936 3682 viam
964 3627 1057 3682 tibi
1088 3626 1214 3695 feci,
1239 3630 1481 3684 conscidi
1514 3631 1671 3694 retia,
1700 3630 1782 3685 sic
1810 3631 1933 3685 veni

359 3718 425 3771 ad
460 3692 861 3788 me,‘proxima
904 3733 1047 3772 mea.
1096 3717 1283 3788 Surge,
1320 3720 1467 3783 veni,
1518 3721 1762 3789 proxima
1795 3736 1931 3784 mea,

361 3808 593 3878 speciosa
639 3826 776 3877 mea,
816 3808 1059 3863 columba
1095 3827 1231 3866 mea.
1277 3810 1389 3864 Cur
1437 3811 1548 3879 ait,
1599 3812 1795 3882 surge?
1837 3827 1936 3866 cur

358 3903 622 3972 propera?
649 3900 763 3971 Ego
797 3917 894 3971 pro
935 3911 987 3957 te
1024 3903 1263 3958 sustinui
1296 3901 1501 3957 rabiem
1531 3911 1933 3973 tempestatum,

357 4007 458 4063 ego
488 3993 684 4048 ﬂuctus
721 3993 814 4062 qui
864 3993 955 4047 tibi
1005 3992 1339 4049 debebantur
1370 3992 1579 4063 excepi.
1616 3992 1807 4047 Tristis
1857 4005 1933 4048 est

359 4080 503 4137 facta
555 4082 735 4136 anima
792 4096 905 4135 mea
948 4089 1169 4151 propter
1204 4090 1255 4136 te
1298 4097 1461 4151 usque
1504 4082 1574 4136 ad
1618 4093 1837 4137 mortem
1866 4083 1933 4138 ".

360 4172 590 4229 Surrexi
622 4188 653 4227 a
684 4172 914 4228 mortuis
945 4172 1137 4227 fractis
1172 4172 1364 4227 mortis
1400 4172 1606 4241 januis,
1640 4182 1693 4228 et
1738 4172 1936 4229 inferni

358 4265 595 4320 vinculis
623 4263 933 4321 dissolutis.
988 4262 1113 4319 ideo
1153 4263 1275 4319 dico
1320 4263 1418 4318 tibi
1444 4262 1620 4319 tVers.
1663 4265 1749 4331 10,
1802 4266 1931 4335 ii):

359 4355 551 4427 Surge,
595 4338 730 4421 veni,
772 4355 1016 4425 proxima
1057 4371 1191 4419 mea,
1234 4353 1469 4424 speciosa
1516 4372 1660 4419 mea,
1696 4355 1937 4410 columba

358 4464 499 4513 mea,
546 4447 673 4517 quia
700 4447 867 4501 hiems
900 4446 1165 4512 transivit,
1216 4445 1397 4515 pluvia
1444 4446 1598 4511 abiit,
1640 4447 1797 4515 ﬂores
1838 4449 1934 4501 visi

2042 1986 2098 2033 et
2128 1979 2222 2033 uni
2255 1978 2478 2034 cuilibet
2503 1977 2892 2048 prophetarum
2925 1976 3291 2032 recedentium
3330 1977 3383 2030 in
3409 1985 3625 2033 montes

2042 2078 2097 2124 et
2126 2069 2363 2132 deserta,
2395 2077 2446 2123 et
2474 2068 2547 2123 ibi
2582 2066 2965 2137 accipientium
2991 2082 3272 2123 sermones
3295 2066 3409 2122 Dei.
3441 2064 3623 2137 (Vera.

2043 2162 2132 2225 12,
2158 2161 2273 2230 l3.)
2302 2160 2415 2215 Vos
2444 2176 2573 2229 ergo
2598 2161 2825 2214 turturis
2845 2160 3034 2213 audita
3058 2168 3134 2213 est
3162 2160 3217 2212 in
3253 2169 3392 2213 terra
3417 2166 3623 2214 nostra.

2044 2252 2211 2306 Ficus
2236 2252 2485 2321 produxit
2520 2267 2728 2321 grossos
2756 2267 2900 2304 suos.
2932 2252 2973 2304 Α
3010 2249 3115 2318 ﬁcu
3143 2250 3433 2320 dignoscite
3459 2266 3627 2320 para-

2043 2344 2216 2398 bolam
2242 2359 2261 2396 :
2295 2360 2413 2397 eum
2439 2360 2619 2396 ramus
2647 2343 2760 2412 ejus
2807 2351 2951 2395 tener
2978 2346 3154 2410 factus
3192 2342 3376 2412 fuerit,
3413 2350 3461 2395 et
3492 2340 3627 2410 folia

2044 2433 2271 2497 miserit,
2297 2433 2485 2486 scitote
2524 2432 2651 2501 quia
2675 2430 2841 2500 juxta
2878 2439 2958 2485 est
3005 2441 3162 2485 testas
3203 2433 3270 2484 ²².
3306 2429 3432 2484 Vult
3465 2431 3627 2485 nobis

2043 2521 2139 2576 Dei
2175 2521 2453 2591 eloquium
2477 2520 2751 2585 nuntiare,
2778 2528 2900 2589 post
2927 2519 3185 2585 hiemem,
3209 2528 3334 2588 post
3355 2520 3627 2588 procellas

2043 2613 2353 2668 animarum
2391 2611 2857 2681 appropinquasse
2891 2625 3147 2676 messem,
3197 2620 3252 2664 et
3284 2612 3362 2664 ait
3398 2628 3413 2664 :
3460 2609 3625 2665 Ficus

2043 2703 2295 2775 produxit
2324 2718 2533 2773 grossos
2564 2717 2709 2764 suos,
2734 2701 2864 2755 vites
2887 2702 3195 2769 florescunt,
3221 2700 3476 2755 dederunt
3501 2701 3628 2754 odo-

2041 2810 2188 2857 rem;
2228 2793 2274 2848 si
2325 2792 2436 2861 jam
2485 2798 2818 2862 rumpuntur
2866 2791 2919 2844 in
2967 2790 3192 2859 ﬂorem,
3223 2800 3434 2861 tempus
3465 2791 3626 2845 adve-

2040 2888 2174 2952 niet,
2203 2893 2259 2941 et
2294 2891 2457 2939 erunt
2484 2898 2622 2937 uvae.

2111 3000 2200 3054 1⁸5.
2235 2999 2427 3067 Surge,
2460 2997 2596 3060 veni,
2620 2996 2864 3065 proxima
2893 3011 3033 3059 mea,
3077 2994 3315 3063 speciosa
3357 3008 3502 3056 utea,
3538 3008 3625 3046 co-

2037 3092 2218 3147 lumba
2250 3106 2383 3144 mea.
2408 3089 2535 3144 llaec
2557 3102 2679 3158 quae
2700 3085 2954 3157 superius
2978 3085 3356 3155 exposuimus,
3385 3098 3624 3155 sponsus

2038 3196 2146 3236 non
2203 3179 2552 3234 audientibus
2597 3173 3055 3241 adolescentulis,
3110 3173 3202 3228 sed
3257 3173 3374 3229 sola
3423 3187 3623 3242 sponsa

2039 3270 2296 3326 audiente
2340 3269 2603 3339 loquitur.
2651 3265 2921 3321 Volumus
2966 3274 3146 3319 autem
3186 3272 3242 3318 ct
3295 3262 3467 3333 ipsius
3507 3262 3621 3331 jam

2036 3362 2227 3418 audire
2269 3376 2577 3417 sermonem
2631 3358 2906 3428 loquentis
2976 3357 3043 3411 ad
3115 3370 3371 3425 sponsam
3441 3354 3619 3420 (vers.

2037 3454 2126 3520 13,
2155 3452 2242 3523 Li)
2266 3470 2282 3507 :
2309 3450 2496 3521 Surge,
2527 3450 2661 3514 veni,
2692 3448 2934 3519 proxima
2962 3463 3098 3508 mea,
3121 3446 3354 3514 speciosa
3372 3460 3511 3509 mea,
3534 3459 3623 3496 co-

2034 3542 2213 3598 lumba
2249 3558 2386 3605 utea,
2413 3550 2463 3595 et
2495 3540 2629 3603 veni,
2674 3537 2919 3593 columba
2962 3553 3098 3599 utea,
3149 3534 3244 3588 sub
3277 3536 3499 3605 tegmine
3535 3549 3623 3603 pe-

2037 3646 2155 3689 trw.
2206 3632 2275 3688 Et
2320 3631 2535 3703 Moyses
2584 3630 2688 3686 sub
2742 3628 2979 3701 tegmine
3034 3634 3203 3697 petrae
3256 3627 3512 3694 ponitur,
3565 3633 3626 3677 ut

2036 3725 2219 3780 videat
2238 3723 2543 3793 posteriora
2572 3720 2689 3776 Dei.
2730 3718 2797 3773 In
2841 3720 3065 3789 tegmine
3104 3716 3475 3771 antemuralis.
3501 3712 3625 3767 Pri-

2037 3830 2186 3870 mum
2220 3813 2342 3868 veni
2374 3811 2441 3866 ad
2474 3813 2527 3867 id
2574 3810 2723 3880 quod
2765 3819 2893 3864 ante
2927 3822 3145 3862 murum
3191 3815 3305 3872 est,
3339 3814 3394 3860 ct
3432 3814 3621 3875 postea

2037 3905 2242 3976 poteris
2270 3904 2497 3959 introire
2543 3903 2637 3957 ubi
2666 3916 2857 3956 murus
2883 3907 2968 3955 est
3001 3907 3186 3969 petrae.
3226 3897 3453 3954 Ostende
3489 3897 3620 3951 mihi

2038 3994 2226 4063 faciem
2281 4002 2449 4047 tuam.
2500 3989 2685 4060 Usque
2734 3988 2801 4043 ad
2855 3995 3179 4058 praesentem
3228 3986 3373 4042 diem
3422 3985 3622 4041 similia

2036 4087 2294 4143 dicuntur
2325 4085 2393 4139 ad
2421 4097 2682 4154 sponsam
2727 4099 2742 4136 :
2774 4080 3007 4136 necdum
3035 4080 3183 4134 enim
3218 4080 3453 4136 habebat
3480 4079 3622 4135 fidu-

2036 4179 2203 4245 ciam,
2229 4186 2289 4231 ut
2318 4174 2555 4230 revelata
2601 4173 2740 4229 facie
2781 4173 3012 4244 gloriam
3042 4172 3257 4226 Domini
3285 4171 3623 4240 contempla-

2037 4276 2208 4323 retur.
2238 4264 2377 4331 Quia
2404 4278 2534 4317 vero
2561 4262 2673 4333 jam
2723 4269 2917 4315 ornata
2959 4268 3045 4315 est
3077 4269 3240 4330 atque
3281 4260 3582 4329 composita
3602 4299 3619 4326 ,

2037 4360 2235 4416 dicitur
2278 4357 2329 4412 ei
2383 4371 2398 4408 :
2440 4354 2669 4410 Ostende
2718 4352 2847 4406 mihi
2902 4351 3095 4421 faciem
3144 4362 3311 4406 tuam.
3365 4349 3618 4407 Nondum

2040 4461 2157 4508 erat
2181 4450 2327 4506 enim
2358 4464 2463 4503 vox
2490 4447 2610 4518 ejus
2637 4447 2711 4501 ita
2739 4444 2947 4512 suavis,
2981 4452 3042 4499 ut
3064 4452 3364 4500 mereretur
3388 4444 3438 4499 ei
3463 4442 3571 4498 diei
3602 4459 3616 4497 :

357 4547 482 4593 sunt
525 4538 579 4591 in
625 4546 787 4591 terra.
822 4534 933 4606 Ego
983 4550 1014 4590 a
1063 4534 1294 4591 mortuis
1344 4549 1575 4605 surgens
1617 4544 1936 4605 tempestate
1968 4557 2012 4613 ο
2043 4543 2241 4598 Audire
2287 4557 2369 4596 me
2413 4540 2499 4610 fac
2537 4555 2709 4593 vocem
2758 4548 2926 4593 tuam.
2973 4535 3205 4603 Quando
3252 4549 3384 4605 ergo
3432 4533 3622 4588 didicit

360 4643 674 4699 compressa
719 4626 1163 4697 tranquillitatem
1209 4624 1438 4684 reddidi.
1479 4624 1546 4680 Et
1573 4627 1698 4696 quia
1734 4642 1933 4683 secun-

357 4720 490 4777 dum
520 4720 980 4790 dispensationem
1005 4720 1188 4777 carnis
1223 4737 1288 4775 ex
1319 4719 1557 4791 Virgine,
1582 4728 1637 4775 et
1656 4720 1933 4778 voluntate

358 4812 539 4870 Patris
585 4813 753 4880 crevi,
783 4821 838 4867 et
882 4814 1169 4883 sapientia.
1202 4821 1258 4869 et
1295 4821 1451 4868 aetate
1509 4809 1736 4883 profeci,
1763 4814 1928 4882 (vers.

358 4904 449 4975 12)
478 4904 633 4974 ﬂores
683 4905 784 4959 visi
813 4912 935 4958 sunt
978 4904 1035 4956 in
1069 4913 1231 4971 terra,
1264 4910 1462 4973 tempus
1488 4904 1733 4958 sectionis
1760 4903 1929 4957 adest.

361 4994 544 5051 Sectio
568 4995 823 5051 remissio
872 5004 1217 5065 peccatorum
1248 5004 1350 5050 est.
1396 4994 1625 5049 Omnem
1669 4995 1813 5049 enim
1847 5009 1936 5049 ra-

364 5102 532 5153 mum,
562 5086 658 5152 ait,
697 5087 750 5141 in
785 5101 873 5142 me
907 5094 1237 5153 manentem,
1267 5097 1322 5141 et
1351 5086 1664 5141 atiercntem
1695 5084 1933 5139 fructum

358 5175 517 5233 Pater
544 5191 698 5234 meus
732 5178 982 5242 mundat,
1028 5186 1087 5232 ut
1128 5174 1338 5232 fructus
1379 5176 1613 5247 majores
1646 5176 1837 5232 afferat
1865 5178 1932 5229 ²⁰.

361 5268 567 5326 Habeto
621 5270 853 5337 fructus,
884 5280 938 5326 et
985 5271 1165 5342 priora
1216 5286 1338 5340 quae
1377 5270 1432 5323 in
1485 5279 1537 5325 te
1592 5269 1932 5325 infructuosa

361 5372 490 5418 sunt
537 5365 879 5424 auferuntur.
938 5364 1158 5435 Tempus
1205 5364 1407 5434 quippe
1454 5364 1697 5417 sectionis
1747 5364 1933 5429 adest,

359 5469 460 5509 vos:
500 5456 723 5509 turturis
772 5457 959 5509 audita
990 5464 1066 5508 est
1122 5455 1178 5507 in
1225 5462 1367 5506 terra
1408 5461 1609 5508 nostra.
1656 5451 1773 5506 Non
1819 5453 1935 5507 sine

359 5562 539 5602 causa.
563 5547 617 5600 in
644 5548 910 5604 sacriﬁcio
934 5547 1231 5603 assumitur
1264 5560 1359 5616 par
1384 5553 1681 5611 turturum,
1710 5553 1806 5599 aut
1826 5544 1933 5599 duo

435 5741 696 5797 "Jerem.
732 5759 807 5806 Ix,
837 5744 926 5798 21.
1006 5744 1050 5776 ’⁸
1080 5742 1222 5801 Psal.
1253 5760 1436 5811 cxxw,
1475 5744 1526 5811 7,
1550 5744 1603 5800 8.

362 5827 507 5879 xxrv,
536 5812 622 5867 ΒΞ,
694 5813 740 5845 ³³
765 5812 906 5869 Psal.
941 5830 1048 5879 civ,
1079 5813 1168 5870 Si.

1710 5746 1751 5777 "
1776 5741 1966 5800 Matth.
1999 5760 2147 5814 καί,
2179 5745 2268 5800 58.
2348 5748 2392 5779 ¹⁹
2425 5746 2580 5801 Joan.
2611 5760 2699 5810 xv,
2730 5744 2780 5800 Ξ.

2039 4634 2211 4705 loqui.
2242 4631 2385 4688 Tace
2414 4633 2583 4700 enim,
2613 4632 2713 4700 ait,
2739 4640 2793 4686 et
2826 4629 2953 4685 audi
2999 4626 3186 4695 Israel,
3217 4635 3272 4681 et
3320 4624 3456 4682 scito
3488 4624 3617 4695 quid

2040 4729 2233 4797 loquar
2262 4741 2274 4776 :
2303 4735 2359 4780 et
2382 4725 2567 4781 suavis
2597 4724 2738 4779 facta
2768 4734 2851 4779 est
2874 4739 2982 4778 vox
3008 4724 3129 4793 ejus
3164 4734 3386 4791 sponso,
3422 4733 3618 4775 secun-

2040 4824 2174 4878 dum
2225 4819 2359 4875 illud
2406 4817 2786 4889 propheticum
2828 4836 2841 4871 :
2878 4815 3068 4871 Suavis
3098 4815 3196 4884 fiat
3235 4812 3284 4866 ei
3328 4809 3618 4881 postulatio

2039 4927 2156 4965 mea
2183 4910 2262 4964 '3?
2313 4919 2443 4964 tunc
2483 4907 2551 4962 ad
2591 4923 2710 4962 eam
2758 4921 2993 4977 sponsus
3041 4903 3237 4959 cffatur
3269 4920 3282 4955 :
3314 4899 3385 4953 Et
3431 4898 3619 4953 audire

2035 5017 2115 5054 tne
2159 5001 2244 5069 fac
2288 5015 2459 5052 vocem
2510 5008 2689 5062 tuam,
2733 4997 2858 5067 quia
2899 5010 2999 5050 vos:
3046 5003 3140 5047 tua
3184 4992 3361 5047 suavis
3406 5001 3507 5044 est.
3558 4985 3617 5042 Si

2035 5086 2316 5151 aperueris
2348 5101 2411 5140 os
2457 5095 2613 5140 tuum
2654 5085 2821 5139 verbo
2864 5083 2981 5151 Dei,
3025 5083 3169 5138 dicet
3197 5082 3293 5136 tibi
3336 5093 3612 5150 sponsus:

2050 5178 2162 5234 Vos:
2193 5188 2283 5232 tua
2316 5179 2494 5232 suavis
2522 5186 2620 5242 est,
2654 5187 2702 5231 et
2735 5189 2975 5247 aspectus
3007 5185 3127 5229 tuus
3160 5174 3442 5243 speciosus.
3469 5169 3613 5237 Qua-

2037 5279 2258 5341 propter
2313 5277 2713 5339 consurgentes
2762 5269 3120 5337 deprecemur
3172 5263 3503 5326 Dominum,
3556 5270 3619 5316 ut

2037 5361 2187 5431 digni
2215 5360 2517 5416 cﬂiciamur
2563 5359 2751 5430 sponsi
2787 5374 3065 5426 sermone,
3100 5354 3366 5426 sapientia
3397 5352 3616 5408 Christo

2038 5452 2193 5520 Jesu,
2227 5453 2316 5509 cui
2351 5462 2435 5509 est
2458 5453 2630 5523 gloria
2664 5462 2717 5508 et
2753 5452 3042 5521 imperium
3070 5451 3123 5505 in
3159 5446 3356 5503 saecula
3385 5444 3615 5521 sanctilo-

2039 5561 2184 5602 rum.
2221 5545 2412 5602 Amen.

2882 5741 2921 5771 “
2962 5740 3131 5797 chit.
3160 5755 3257 5795 xu.
3338 5741 3385 5772 "
3419 5735 3605 5795 Matth.
