4134 6444
546 403 617 455 63

1609 393 1935 451 ORlGENiS
1974 394 2039 448 ΙΝ
2075 392 2434 448 CANTICUM
2464 390 2737 447 CANTIC.

3730 386 3799 440 (Η

547 519 845 575 Eeclesiam
868 560 882 583 ,
917 520 1032 574 haec
1066 519 1180 588 ipsa
1217 518 1496 586 Scriptura
1547 534 1647 573 nos
1684 519 1865 573 docet.
1902 518 2127 573 Sodales
2158 523 2199 578 Α
2235 516 2549 585 Scripturas
2584 529 2614 568 a
2647 510 2963 565 doctoribus
2997 518 3052 564 et
3084 525 3113 562 a
3144 506 3485 577 sapientibus
3515 504 3800 576 tradipue-

547 625 770 679 quoque
803 625 1017 679 sponsa:
1051 607 1467 662 adolescentulze
1501 623 1625 661 cum
1662 609 1779 677 ipsa
1805 623 2004 677 sponsa
2029 623 2123 675 po-

547 701 665 756 sitae
685 716 806 770 quae
826 700 1080 761 dixerint,
1111 711 1343 766 quaeque
1380 697 1545 751 etiam
1577 699 1740 752 amici
1799 714 1864 753 ac
1910 698 2123 753 sodales

545 790 756 859 sponsi,
778 804 843 842 e-x
871 788 1059 842 eodem
1090 786 1446 842 nihilominus
1480 788 1641 851 libro,
1695 788 1789 858 qui
1835 789 2121 843 Canticum

545 880 884 933 canticorum
907 877 1209 931 attitulatur
1230 879 1331 949 (2),
1356 881 1763 949 cognoscimus.
1782 881 2124 937 Possibilitas

544 969 688 1023 enim
716 968 841 1022 data
882 977 965 1022 est
988 967 1151 1021 etiam
1184 970 1319 1038 ipsis
1347 971 1539 1025 amicis
1576 971 1762 1040 sponsi
1803 972 1981 1041 aliqua
2034 971 2120 1025 di-

545 1074 688 1125 cere,
732 1075 796 1114 ea
826 1059 1092 1114 duntaxat
1137 1076 1261 1130 qum
1312 1062 1600 1116 audierant
1651 1064 1719 1117 ab
1767 1063 1886 1134 ipso
1915 1078 2121 1133 sponso

543 1149 786 1217 laetantes
803 1151 869 1204 de
891 1150 1279 1220 conjunctione
1302 1167 1536 1221 sponsae.
1570 1152 1655 1206 Fit
1674 1168 1804 1224 ergo
1838 1168 2020 1208 sermo
2050 1153 2121 1207 ab

543 1239 660 1306 ipsa
685 1255 888 1309 sponsa
913 1283 927 1305 ,
963 1258 1070 1294 non
1115 1242 1292 1295 solum
1316 1243 1382 1295 ad
1410 1258 1670 1311 sponsum
1691 1282 1706 1305 ,
1733 1244 1825 1298 sed
1853 1244 2017 1300 etiam
2049 1245 2118 1298 ad

540 1332 1091 1398 adolescentulas;et
1126 1348 1342 1389 rursum
1397 1334 1584 1403 sponsi
1635 1350 1815 1389 sermo
1862 1351 1969 1389 non
2002 1345 2121 1390 tan-

542 1424 829 1478 tummodo
852 1425 917 1476 ad
946 1439 1224 1492 sponsam,
1263 1426 1355 1479 sed
1391 1425 1553 1479 etiam
1585 1426 1651 1479 ad
1686 1427 1894 1482 amicos
1921 1428 2116 1497 dirigi-

544 1524 635 1569 tur
654 1516 862 1584 sponsi.
898 1513 962 1567 Et
985 1515 1086 1569 hoc
1114 1524 1195 1570 est
1225 1515 1372 1585 quod
1407 1533 1570 1586 supra
1603 1518 1863 1584 diximus,
1897 1533 2115 1573 carmen

546 1606 789 1675 nuptiale
847 1606 902 1658 in
962 1606 1181 1659 modum
1236 1608 1504 1663 dramatis
1554 1624 1674 1663 esse
1720 1610 2112 1680 conscriptum.

544 1696 747 1751 Drama
775 1697 920 1752 enim
948 1696 1168 1763 dicitur,
1198 1707 1257 1752 ut
1286 1702 1337 1753 in
1361 1701 1543 1755 scenis
1572 1702 1650 1770 (5)
1686 1704 1770 1771 agi
1813 1701 1997 1757 fabula
2027 1718 2118 1757 so-

544 1786 651 1851 let,
686 1788 773 1841 ubi
824 1789 1054 1843 diversa:
1110 1806 1355 1859 persona:
1410 1792 1868 1859 introducuntur;
1905 1804 1960 1846 et
1994 1792 2117 1847 aliis

540 1879 946 1947 accedentibus,
971 1881 1091 1936 aliis
1113 1882 1275 1936 etiam
1306 1883 1729 1949 discedentibus,
1757 1900 1787 1938 a
1811 1883 2042 1939 diversis
2063 1894 2115 1937 et

539 1968 607 2021 ad
636 1968 885 2024 diversos
902 1980 1080 2027 textus
1107 1974 1438 2029 narrationis
1462 1976 1729 2045 expletur.
1748 1975 1879 2040 Qua:
1902 1975 2112 2045 singula

540 2074 642 2113 suo
662 2059 855 2114 ordine
882 2063 1153 2131 scriptura
1178 2064 1291 2119 haec
1316 2067 1583 2132 continet,
1606 2074 1888 2135 totumque
1916 2081 2114 2136 corpus

539 2149 662 2217 “ejus
704 2150 945 2220 mysticis
1005 2151 1272 2207 formatur
1303 2155 1554 2226 eloquiis.
1597 2154 1701 2209 Sed
1753 2155 1932 2225 primo
1974 2158 2115 2213 scire

546 2253 645 2292 nos
666 2248 895 2309 oportet,
926 2243 1184 2310 quoniam
1221 2245 1362 2300 sicut
1389 2248 1611 2315 puerilis
1639 2256 1770 2301 tetas
1793 2264 1901 2302 non
1931 2263 2115 2304 move-

544 2337 632 2382 tur
660 2328 728 2382 ad
756 2345 1000 2386 amorem
1034 2336 1347 2403 passibilem
1374 2337 1476 2406 (ι),
1506 2338 1579 2391 ita
1623 2354 1724 2392 nec
1754 2340 1821 2392 ad
1851 2341 2113 2410 capienda

539 2416 757 2483 quidem
792 2419 955 2473 verba
1003 2421 1138 2489 haec,
1182 2423 1402 2492 parvula
1440 2433 1493 2477 et
1536 2423 1799 2479 infantilis
1837 2425 2114 2482 interioris

541 2507 781 2565 hominis
812 2519 941 2567 astas
965 2511 1306 2579 admittitur,
1346 2513 1563 2567 illorum
1606 2513 1815 2568 scilicet
1843 2516 1938 2583 qui
1974 2515 2114 2569 lacte

539 2597 594 2652 iu
630 2598 848 2655 Christo
870 2601 1110 2670 aluntur,
1146 2619 1253 2658 non
1276 2603 1396 2659 cibo
1427 2603 1574 2670 forti,
1606 2613 1661 2659 et
1690 2606 1786 2674 qui
1820 2621 1967 2661 nunc
2004 2608 2113 2676 pri-

541 2691 689 2743 muin
729 2691 1051 2749 rationabile
1097 2704 1153 2749 et
1179 2696 1299 2751 sine
1330 2696 1459 2751 dolo
1479 2697 1564 2751 lac
1590 2699 2005 2767 concupiscunt.
2054 2698 2110 2753 lu

538 2780 719 2836 verbis
755 2783 835 2852 (,5)
887 2786 1032 2838 enim
1060 2784 1273 2840 Cantiei
1308 2786 1646 2841 canticorum
1697 2789 1787 2844 ille
1819 2791 1975 2845 cibus
2009 2800 2110 2855 est,

537 2869 606 2926 de
636 2888 746 2942 quo
770 2874 903 2929 dicit
921 2875 1248 2943 Apostolus:
1278 2876 1642 2947 Perfectorum
1675 2890 1851 2934 autem
1876 2894 1953 2936 est
1980 2882 2112 2935 soli-

538 2963 810 3018 dus'cibus
826 2982 845 3029 ;
870 2976 923 3021 et
957 2967 1091 3021 tales
1120 2968 1349 3037 requirit
1380 2970 1675 3035 auditores,
1702 2973 1794 3041 qui
1820 2988 1916 3041 pro
1939 2975 2114 3041 possi-

540 3056 745 3111 bilitate
762 3059 1006 3112 sumendi
1034 3059 1349 3115 exercitatos
1370 3061 1593 3116 habeant
1618 3080 1798 3117 sensus
1826 3065 1896 3118 ad
1921 3065 2117 3120 discre-

540 3150 733 3205 tionem
761 3152 881 3204 bom'
900 3160 950 3205 et
984 3152 1112 3204 ntali
1144 3153 1181 3207 ι.
1217 3152 1282 3208 Et
1312 3155 1530 3225 quidem
1562 3158 1771 3226 parvul-i
1799 3173 1939 3227 quos
1971 3155 2115 3213 dixi-

543 3256 705 3309 mus,
738 3242 784 3297 si
834 3242 1053 3296 veniant
1081 3242 1148 3296 ad
1192 3242 1308 3300 haec
1337 3246 1474 3311 loca,
1513 3256 1692 3317 potest
1732 3249 1848 3303 fieri
1889 3258 1949 3303 ut
1978 3250 2113 3304 nihil

539 3330 757 3399 quidem
781 3345 848 3384 ex
872 3330 974 3385 hac
996 3328 1279 3399 Scriptura
1310 3334 1617 3403 proficiant,
1642 3352 1742 3392 nec
1760 3344 1939 3393 tamen
1960 3338 2117 3394 valde

539 3420 828 3487 laedantur,
882 3424 964 3477 vel
998 3424 1114 3493 ipsa
1144 3441 1265 3495 qua:
1298 3425 1499 3511 scripta
1550 3439 1676 3483 sunt
1726 3429 1988 3500 legentes,
2029 3432 2115 3487 vel

538 3527 664 3581 qua:
686 3513 754 3567 ad
775 3514 1209 3583 explanationem
1237 3532 1425 3571 eorum
1468 3518 1696 3574 dicenda
1742 3533 1872 3577 sunt
1920 3540 2116 3580 recen-

539 3611 745 3660 sentes.
801 3600 859 3656 Si
909 3619 1038 3659 vcro
1073 3606 1271 3676 aliquis
1325 3609 1640 3676 accesserit,
1674 3610 1767 3680 qui
1814 3615 2115 3669 secundum

538 3709 762 3750 carnem
811 3697 1187 3752 tantummodo
1229 3699 1311 3753 vir
1339 3708 1439 3765 est,
1478 3701 1605 3756 huic
1651 3704 1745 3757 tali
1786 3721 1892 3760 non
1922 3722 2113 3776 parum

538 3799 607 3841 ex
650 3784 752 3841 hac
771 3784 1050 3855 Scriptura
1092 3787 1425 3845 discriminis
1464 3791 1800 3863 periculique
1836 3805 2110 3853 nascetur.

542 3874 746 3931 Audire
772 3875 917 3930 enim
944 3893 1077 3946 pure
1099 3888 1155 3934 et
1180 3880 1347 3936 castis
1376 3881 1603 3938 auribus
1650 3885 1855 3939 amoris
1892 3887 2111 3943 nomina

543 3967 813 4035 nesciens,
844 3967 913 4023 ab
936 3968 1185 4025 interiori
1213 3972 1433 4028 homine
1454 3974 1526 4029 ad
1553 3974 1877 4032 exteriorem
1908 3987 1962 4033 ct
1987 3995 2111 4036 car-

541 4058 718 4111 nalem
747 4059 926 4113 virum
951 4075 1169 4117 omnem
1193 4062 1443 4119 deﬂectet
1472 4065 1719 4123 auditum
1743 4106 1757 4131 ,
1781 4076 1835 4122 et
1863 4084 1892 4123 a
1918 4071 2113 4139 spiritu

541 4156 890 4204 convcrtetur
909 4151 976 4205 ad
999 4167 1219 4207 carnem
1242 4154 1555 4223 nutrietque
1584 4155 1638 4209 in
1663 4157 1955 4228 semetipso
1984 4175 2117 4214 con-

541 4240 905 4309 cupiscentias
930 4243 1198 4311 carnales,
1213 4251 1267 4298 ct
1291 4246 1584 4302 occasione
1605 4247 1801 4303 divinze
1820 4249 2116 4321 Scripturre

540 4332 874 4386 commoveri
919 4341 973 4389 et
1020 4334 1235 4390 incitari
1271 4335 1545 4392 videbitur
1571 4337 1638 4393 ad
1676 4339 1957 4395 libidinem
1990 4357 2114 4397 car-

544 4421 649 4475 nis.
672 4419 755 4476 Ob
771 4423 873 4477 hoc
897 4438 1027 4494 ergo
1049 4440 1266 4490 moneo,
1298 4434 1352 4481 et
1390 4427 1683 4484 consilium
1726 4429 1796 4484 do
1839 4431 1989 4485 omni
2020 4432 2113 4502 qui

2227 608 2325 669 ris,
2362 605 2525 659 simul
2556 613 2611 658 et
2638 618 2733 657 eas
2753 618 2892 671 quas
2916 598 3271 671 δευτερεῦσεις
3292 599 3583 667 appellant,
3613 598 3678 652 ad
3717 597 3799 649 ul-

2226 696 2415 749 timum
2459 701 2696 762 quatuor
2744 692 2845 744 ista
2898 688 3210 750 observari,
3263 686 3313 739 id
3356 695 3436 740 cst
3474 685 3796 754 principium

2224 786 2473 850 Genesis,
2501 784 2553 836 in
2583 798 2693 852 quo
2718 779 2904 835 mundi
2930 787 3177 843 creatura
3203 777 3550 838 describitur,
3591 786 3644 829 et
3666 773 3798 828 Eze-

2222 875 2413 929 chielis
2453 875 2730 944 propheta:
2760 871 3062 940 principia,
3109 869 3162 921 in
3186 869 3386 937 quibus
3411 868 3477 920 de.
3517 867 3796 920 cherubim

2222 965 2477 1027 refertur,
2511 973 2566 1019 et
2603 963 2763 1018 ﬁnem
2799 964 2853 1016 in
2876 977 2987 1030 quo
3019 960 3202 1028 templi
3230 958 3515 1013 mdificatio
3553 958 3800 1011 contine-

2222 1063 2331 1118 tur,
2360 1054 2587 1109 ethunc
2619 1052 2831 1107 Cantici
2855 1050 3196 1105 canticorum
3238 1050 3461 1103 librum.
3497 1048 3665 1117 Igitur
3703 1065 3796 1100 ne-

2220 1144 2521 1200 ccssarium
2547 1143 2680 1197 mihi
2716 1142 2948 1206 videtur,
2973 1150 3261 1209 antequam
3281 1139 3347 1192 ad
3372 1154 3433 1192 ea
3463 1155 3585 1208 quae
3614 1138 3666 1191 in
3697 1138 3800 1192 hoc

2221 1235 2402 1291 libello
2418 1233 2623 1303 scripta
2647 1240 2795 1295 sunt,
2821 1232 3159 1285 discutienda
3190 1230 3495 1291 veniamus,
3519 1231 3586 1281 de
3611 1246 3800 1282 amore

2220 1328 2377 1398 prius
2401 1326 2520 1396 ipso
2545 1323 2639 1394 qui
2667 1332 2750 1378 est
2790 1324 3075 1393 scripturae
3115 1323 3236 1393 ejus
3286 1337 3451 1376 causa
3502 1321 3795 1389 praecipua,

2221 1433 2393 1488 pauca
2444 1417 2739 1479 disserere,
2775 1422 2829 1469 et
2876 1422 2996 1484 post
3028 1414 3140 1468 haec
3193 1413 3261 1468 de
3292 1413 3482 1468 ordine
3532 1414 3794 1466 librorum

2222 1507 2562 1573 Salomonis,
2617 1507 2671 1560 in
2713 1506 2914 1575 quibus
2950 1506 3037 1559 hic
3062 1505 3198 1559 liber
3226 1505 3387 1559 tertio
3427 1505 3546 1558 loco
3588 1505 3797 1574 positus

2219 1600 2468 1665 videtur;
2526 1607 2639 1653 tum
2693 1599 2857 1654 etiam
2910 1597 2978 1652 de
3010 1597 3375 1652 attitulatione
3408 1596 3572 1649 libelli
3601 1595 3793 1665 ipsius.

2217 1707 2318 1745 cur
2351 1691 2640 1747 Canticum
2676 1691 3016 1746 canticorum
3051 1689 3461 1759 superseriptus
3487 1688 3591 1753 sit;
3633 1696 3797 1757 atque

2220 1785 2386 1838 etiam
2433 1783 2711 1854 quomodo
2752 1781 3018 1836 dramatis
3069 1781 3123 1833 in
3152 1779 3376 1835 modum
3402 1820 3417 1846 ,
3451 1789 3502 1833 et
3535 1788 3794 1849 tanquam

2152 1856 2191 1910 Β
2219 1874 2399 1929 fabula
2430 1893 2551 1945 qua:
2577 1876 2631 1928 in
2668 1875 2849 1928 scenis
2894 1888 3252 1943 personarum
3294 1871 3671 1925 immutatione
3710 1873 3793 1936 agi

2139 3187 2182 3245 C

2215 1966 2373 2029 solet,
2411 1966 2661 2019 videatur
2688 1981 2809 2019 esse
2836 1965 3194 2034 compositus.
3229 1964 3383 2032 Apud
3420 1963 3639 2017 Graecos
3673 1964 3796 2032 qui-

2215 2054 2335 2108 dem
2381 2056 2598 2124 plurimi
2637 2056 2979 2109 eruditorum
3012 2055 3251 2107 virorum
3288 2055 3527 2107 volentes
3566 2053 3793 2107 investi-

2216 2162 2341 2215 gare
2384 2148 2624 2201 veritatis
2672 2148 3002 2218 indaginem,
3039 2146 3106 2200 de
3146 2146 3352 2200 amoris
3399 2154 3594 2199 natura
3626 2146 3796 2199 multa

2216 2254 2279 2292 ac
2310 2239 2523 2293 diversa
2565 2239 2671 2308 27
2707 2240 2869 2293 etiam
2898 2239 3238 2307 dialogorum
3268 2237 3410 2308 stylo
3439 2238 3642 2306 scripta
3677 2253 3798 2306 pro-

2216 2332 2478 2393 tulerunt,
2504 2340 2766 2385 conantes
2793 2331 3084 2385 ostendere
3114 2345 3223 2383 non
3259 2328 3406 2383 aliud
3439 2343 3560 2383 esse
3591 2327 3797 2381 amoris

2214 2425 2347 2489 vim,
2398 2423 2501 2476 nisi
2545 2437 2666 2491 qum
2718 2422 2958 2475 animam
2995 2421 3062 2476 de
3094 2421 3253 2475 terris
3304 2419 3370 2473 ad
3423 2419 3637 2490 fastigia
3671 2419 3794 2473 εωιί

2215 2514 2359 2567 celsa
2392 2514 2671 2583 perducat,
2702 2529 2801 2567 nec
2825 2513 2891 2567 ad
2929 2528 3200 2568 summam
3219 2527 3378 2576 posse
3405 2511 3793 2567 beatitudinem

2213 2607 2504 2677 perveniri,
2538 2606 2642 2660 nisi
2672 2606 2879 2659 amoris
2917 2604 3191 2659 desiderio
3226 2612 3575 2673 provocante.
3609 2602 3711 2655 Sed
3742 2611 3796 2655 ct

2213 2700 2542 2767 qumstioncs
2565 2702 2632 2752 de
2668 2698 2773 2771 hoc
2800 2696 2960 2767 quasi
2990 2696 3043 2749 in
3076 2695 3343 2751 conviviis
3367 2694 3657 2764 proposita:
3707 2709 3794 2749 rc—

2214 2788 2464 2845 feruntur
2488 2790 2587 2859 (6),
2606 2789 2745 2843 inter
2764 2804 2859 2844 eos
2889 2797 3019 2858 puto
3047 2787 3188 2842 inter
3208 2802 3350 2857 quos
3378 2802 3485 2842 non
3518 2786 3791 2845 ciborum.

2214 2882 2307 2937 sed
2343 2882 2633 2936 verborum
2656 2881 2968 2935 convivium
3000 2881 3306 2950 gerebatur.
3335 2880 3439 2933 Alii
3472 2894 3601 2933 vero
3628 2880 3792 2934 etiam

2215 2982 2363 3028 artes
2401 2972 2669 3041 quasdam
2696 2971 2897 3041 quibus
2925 2986 3082 3025 amor
3107 2971 3197 3026 hic
3234 2971 3288 3023 in
3319 2971 3499 3022 anima
3540 2970 3685 3039 gigni
3710 2971 3793 3024 vel

2217 3064 2405 3135 augeri
2434 3079 2596 3133 posse
2626 3062 2897 3130 videatur,
2930 3063 3273 3131 conscriptas
3300 3059 3659 3129 reliquerunt.
3687 3050 3794 3114 Sed

2216 3155 2317 3209 has
2347 3165 2500 3209 artes
2536 3153 2788 3208 carnales
2818 3152 3067 3208 homines
3096 3153 3163 3205 ad
3198 3151 3391 3204 vitiosa
3439 3150 3707 3204 desideria
3740 3158 3797 3201 et

2216 3245 2505 3315 culpabilis
2539 3244 2741 3299 amoris
2776 3244 3033 3316 mysteria
3070 3243 3148 3313 (7)
3175 3250 3476 3297 traxerunt.
3510 3238 3627 3293 Non
3670 3255 3795 3311 ergo

2218 3335 2417 3390 mirum
2448 3334 2539 3400 sit,
2580 3332 2625 3388 si
2651 3341 2703 3387 et
2739 3332 2883 3403 apud
2925 3348 3022 3387 nos
3056 3331 3148 3385 ubi
3191 3339 3395 3401 quanto
3436 3331 3619 3400 plures
3661 3330 3794 3384 sim-

2217 3428 2492 3499 pliciores,
2519 3433 2669 3480 tanto
2697 3425 2882 3497 plures
2915 3434 2971 3480 et
3002 3424 3366 3495 imperitiores
3393 3423 3667 3485 videntur,
3689 3422 3795 3476 dif-

2217 3520 2411 3576 ﬁcilcm
2440 3518 2679 3574 diximus
2735 3528 2791 3573 et
2839 3517 3081 3587 periculo
3122 3517 3426 3584 proximam
3474 3515 3541 3571 de
3589 3516 3794 3569 amoris

2216 3620 2414 3666 natura
2450 3611 2911 3681 disputationem:
2945 3625 3065 3665 cum
3093 3610 3237 3680 apud
3260 3608 3485 3664 Graecos
3527 3607 3620 3678 qui
3661 3622 3792 3662 eru-

2217 3703 2313 3759 diti
2346 3711 2401 3758 et
2422 3702 2698 3772 sapientes
2725 3699 3012 3763 videntur,
3044 3698 3249 3755 fuerint
3290 3708 3469 3752 tamen
3493 3697 3660 3767 aliqui
3699 3698 3791 3765 qui

2214 3796 2281 3849 de
2307 3795 2392 3849 his
2432 3810 2539 3850 non
2567 3793 2640 3847 ita
2674 3792 3005 3862 acceperint,
3041 3791 3384 3860 utscriptum
3422 3798 3535 3853 est,
3579 3789 3670 3843 sed
3696 3804 3791 3843 oc-

2214 3885 2435 3941 casione
2464 3882 2654 3939 eorum
2687 3899 2810 3952 qua:
2831 3883 2897 3937 de
2925 3897 3111 3937 amore
3147 3881 3291 3936 dicta
3330 3890 3478 3944 sunt,
3513 3880 3566 3933 in
3604 3880 3793 3948 lapsus

2213 3975 2395 4029 carnis
2422 3982 2473 4028 ct
2499 3973 2553 4027 in
2583 3971 2938 4042 impudicitia:
2972 3967 3269 4040 pnecipitia
3301 3975 3654 4029 corruerunt,
3679 3965 3792 4019 sive

2214 4080 2281 4119 ex
2313 4064 2401 4119 bis
2438 4079 2560 4133 quae
2588 4063 2789 4134 scripta
2816 4069 2995 4127 erant,
3031 4068 3090 4114 ut
3129 4074 3297 4128 supra
3344 4059 3790 4123 memoravimus,

2216 4155 2619 4209 admonitiones
2670 4154 2933 4224 quasdam
2978 4158 3032 4205 ct
3081 4150 3428 4205 incitamenta
3484 4157 3789 4208 sumentes,

2217 4245 2331 4300 sive
2360 4245 2769 4301 incontinentia:
2794 4259 2907 4300 suae
2927 4243 3172 4298 velamen
3205 4241 3405 4310 scripta
3444 4240 3519 4311 (8)
3552 4249 3790 4293 veterum

2215 4334 2591 4407 praeferentes.
2633 4333 2712 4390 Ne
2755 4350 2887 4406 ergo
2926 4344 2979 4388 et
3022 4346 3125 4388 nos
3176 4331 3281 4386 tale
3314 4331 3517 4401 aliquid
3553 4331 3795 4385 incum»

2217 4442 2365 4493 mus,
2398 4441 2462 4481 ea
2491 4442 2613 4496 qua:
2643 4442 2676 4481 a
2700 4426 2975 4481 veteribus
3008 4425 3143 4480 bene
3171 4434 3226 4479 et
3253 4424 3568 4494 spiritaliter
3590 4425 3791 4493 scripta

544 4511 784 4565 nondum
808 4513 990 4567 carnis
1013 4522 1068 4567 et
1101 4513 1383 4583 sanguinis
1414 4514 1680 4570 molestiis
1709 4524 1878 4580 caret,
1937 4532 2115 4586 neque
2149 4515 2191 4569 D
2222 4526 2371 4581 sunt,
2395 4517 2590 4572 vitiose
2619 4525 2672 4571 et
2728 4517 3017 4571 carnaliter
3076 4516 3455 4583 advertentes,
3518 4525 3627 4569 tam
3670 4530 3792 4570 cor-

539 4601 611 4654 ab
639 4600 836 4656 affectu
862 4612 1068 4656 natura:
1092 4601 1386 4657 materialis
1423 4604 1699 4667 abscedit,
1728 4612 1788 4659 ut
1819 4621 1849 4659 a
1883 4604 2114 4661 lectione

541 4691 705 4747 libelli
742 4691 905 4763 hujus
941 4708 1240 4761 eorumque
1269 4709 1391 4764 qua:
1420 4694 1476 4749 in
1507 4710 1572 4750 co
1598 4694 1868 4760 dicentur,
1902 4699 2114 4765 penitus

541 4788 823 4849 temperet.
845 4780 1009 4835 Aiunt
1030 4782 1175 4837 enim
1194 4783 1469 4838 observari
1495 4784 1655 4839 etiam
1671 4785 1811 4854 apud
1836 4783 2113 4849 llcbrams,

542 4872 690 4942 quod
717 4871 824 4928 nisi
863 4873 988 4943 quis
1030 4874 1098 4928 ad
1127 4884 1342 4929 atatem
1388 4875 1681 4945 perfectam
1736 4886 2116 4948 maturamquc

544 4965 869 5033 pervenerit,
920 4967 1159 5022 libellum
1194 4968 1339 5023 hunc
1371 4984 1439 5023 ne
1491 4969 1712 5038 quidem
1768 4972 1821 5025 in
1864 4971 2116 5026 manibus

543 5063 726 5110 tenere
753 5057 1117 5126 permittatur.
1150 5059 1256 5116 Sed
1287 5070 1341 5115 et
1388 5059 1519 5114 illud
1570 5060 1638 5114 ab
1681 5061 1762 5117 eis
1809 5063 2117 5133 accepimus

544 5146 828 5214 custodiri,
850 5151 1288 5221 quandoquidem
1321 5153 1493 5209 moris
1521 5163 1605 5209 est
1632 5155 1774 5226 apud
1794 5170 1891 5211 eos
1926 5171 2117 5211 omnes

618 5257 634 5288 ί
673 5255 805 5314 lleb.
838 5274 889 5326 v,
923 5259 1009 5314 tt.

725 5370 1250 5454 lissiznattitufatur.
1272 5376 1428 5454 Libb.
1456 5377 1608 5454 editi,
1631 5379 1957 5434 iutitulatur.

616 5440 785 5521 (Tol-In
811 5443 940 5497 libb.
970 5445 1158 5521 editis,
1193 5448 1393 5521 dicitur
1443 5440 1733 5521 multorum
1772 5466 2118 5518 personarum

547 5509 835 5591 cantilenq,
894 5523 947 5566 ut
996 5514 1271 5591 in_scenis,
1308 5528 1411 5572 etc.
1449 5516 1551 5572 Sed
1592 5520 1645 5572 iu
1684 5509 1818 5591 mss.
1863 5521 2119 5575 omnibus

551 5582 752 5633 nostris
782 5580 933 5637 deest
956 5584 1242 5638 multarunt
1268 5603 1609 5643 personarum
1633 5590 1919 5643 cantilena.

736 5647 890 5727 ﬁssn
917 5653 1238 5727 possibilein.
1267 5647 1418 5710 Libb.
1446 5657 1596 5727 editi,
1626 5661 1976 5727 possibilium.

557 5717 926 5844 Μςῗὲέοᾱοί
954 5721 1241 5782 Bcccensis
1272 5736 1326 5783 et
1347 5728 1485 5784 alter
1512 5717 1876 5795 Bclvaeensis,
1910 5730 1963 5783 in
1998 5746 2122 5798 pro-

2218 4610 2371 4680 poris
2397 4624 2563 4679 quam
2595 4608 2790 4663 anima:
2822 4618 3022 4663 nostra:
3054 4609 3264 4679 palmas
3315 4608 3702 4677 protendamus
3723 4606 3789 4659 ad

2222 4701 2414 4767 Deum,
2446 4711 2506 4756 ut
2543 4700 2808 4758 Dominus
2831 4699 2925 4771 qui
2964 4700 3113 4756 dedit
3152 4700 3381 4755 verbum
3416 4699 3791 4769 evangelizan-

2219 4793 2366 4847 tibus
2398 4793 2599 4847 virtute
2628 4792 2819 4857 multa,
2868 4791 3033 4847 donet
3061 4802 3115 4847 et
3145 4791 3303 4847 nobis
3351 4791 3406 4845 in
3460 4791 3660 4843 virtute
3691 4803 3790 4843 sua

2220 4884 2449 4938 verbum
2477 4898 2585 4953 quo
2630 4884 2905 4954 possimus
2930 4898 2996 4937 ex
3025 4883 3112 4938 bis
3134 4899 3255 4953 quae
3294 4883 3495 4953 scripta
3524 4890 3673 4946 sunt,
3717 4881 3793 4935 in-

2220 4976 2492 5031 tellectum
2530 4990 2767 5039 sanum,
2824 4983 2881 5032 et
2932 4974 3000 5030 ad
3050 4974 3462 5031 aedificationem
3521 4973 3793 5045 pudicitia:

2219 5077 2427 5137 aptum,
2459 5068 2542 5123 vel
2564 5067 2771 5124 nomini
2820 5068 2944 5139 ipsi,
2970 5069 3052 5124 vel
3096 5080 3305 5124 natura:
3346 5067 3555 5123 amoris
3603 5077 3788 5122 osten-

2218 5156 2363 5212 dere.

2293 5382 2370 5452 (6)
2410 5382 2590 5438 Codex
2621 5382 2959 5439 Turonensis
2982 5392 3037 5437 et
3064 5379 3387 5436 Beeccnsis:
3436 5378 3539 5452 Sed
3573 5388 3622 5433 et
3647 5395 3790 5450 qure-

2222 5450 2443 5507 stionem
2478 5455 2543 5506 de
2599 5454 2696 5507 hoc
2731 5454 2884 5523 quasi
2917 5454 2973 5506 in
3011 5453 3262 5505 conviviis
3309 5450 3633 5521 propositam
3681 5466 3790 5504 esse

2223 5524 2597 5672 [έϊὲἶιοϐοιιυκ
2622 5592 2928 5658 Becceusis,
2963 5590 3231 5660 mysteria.
3266 5588 3420 5645 Libb.
3451 5589 3609 5659 edit.,
3635 5589 3788 5644 mini-

2223 5670 2571 5799 s‘ciégilss”
2604 5730 2820 5798 scriptu.
2855 5729 3010 5787 Libb.
3044 5730 3201 5795 edit.,
3235 5740 3464 5801 scriptis.
