4134 6444
343 336 416 393 65
1784 335 1898 392 ΡΒ(

2000 337 2107 394 161]
2118 339 2175 393 S.
3541 355 3608 406 66

415 463 472 518 In
499 457 769 530 princrpio
796 457 1083 513 verborum
1118 454 1312 528 Moysi,
1344 456 1435 509 ubi
1465 456 1532 510 de
1560 454 1750 509 mundi
1783 473 1919 510 con-
1951 463 1999 519 Α
2029 458 2164 513 Cum
2190 474 2355 513 essent
2383 460 2657 529 parvulus,
2685 459 2935 531 loquebar
2964 463 3107 518 sicut
3146 467 3418 533 parvulus,
3470 472 3605 524 sicut

341 548 548 604 ditione
567 548 955 611 conscribitur,
980 548 1120 602 duos
1144 546 1455 601 invenimus
1485 547 1736 602 homines
1768 562 1923 601 crea-

342 652 427 696 tos
458 641 667 695 referri.
698 640 943 694 Primum
985 639 1053 693 ad
1079 639 1377 709 imaginem
1426 647 1480 693 et
1510 639 1921 695 similitudinem

343 732 433 787 Dei
474 732 710 799 factum,
756 732 1057 788 secundum
1080 746 1111 785 e
1147 731 1281 785 limo
1307 739 1464 785 terra:
1496 729 1697 785 factum
1735 734 1778 786 ¹.
1806 731 1922 788 lloc

343 824 543 879 Paulus
576 824 858 894 apostolus
884 824 1021 877 bene
1044 823 1245 887 sciens,
1277 832 1330 877 et
1353 822 1419 876 ad
1446 823 1712 893 liquidum
1744 825 1799 879 in
1834 826 1922 882 his

339 919 607 980 eruditus,
639 918 692 970 in
727 917 843 971 suis
869 915 1066 970 litteris
1090 915 1332 985 apertius
1356 923 1411 969 et
1428 914 1733 970 evidentius
1759 915 1919 971 binos

339 1017 535 1064 esseet
567 1025 662 1078 per
688 1008 935 1077 singulos
970 1019 1219 1075 quosque
1250 1005 1502 1060 homines
1551 1005 1791 1075 scripsit.
1827 1004 1919 1060 Sic

338 1101 482 1154 enim
513 1100 650 1152 dixit
677 1116 689 1151 :
734 1096 877 1151 Nam
902 1098 948 1150 si
974 1097 1019 1149 is
1039 1097 1130 1167 qui
1163 1096 1295 1165 foris
1316 1105 1393 1149 est
1418 1096 1572 1150 homo
1600 1106 1774 1150 noster
1799 1113 1917 1149 cor-

339 1189 626 1258 rumpitur,
661 1188 750 1241 sed
778 1186 870 1241 ille
895 1189 985 1257 qui
1004 1187 1151 1239 intus
1194 1194 1294 1248 est,
1335 1192 1616 1238 renovatur
1645 1185 1709 1238 de
1745 1185 1830 1237 die
1859 1185 1915 1237 in

337 1279 476 1332 diem
507 1279 548 1332 ³.
583 1278 649 1331 Εῑ
680 1279 875 1332 iterum
902 1296 915 1330 :
943 1275 1288 1331 Coudelector
1306 1277 1448 1329 enim
1470 1275 1573 1345 legi
1608 1274 1703 1329 Dei
1728 1291 1915 1329 secun-

336 1369 463 1422 dum
486 1369 789 1421 interiorem
827 1367 1086 1420 hominem
1114 1366 1158 1431 ⁵,
1206 1374 1261 1420 et
1315 1365 1400 1421 his
1454 1365 1655 1420 similia
1708 1373 1911 1435 quanta

337 1460 674 1515 conscribit?
705 1457 855 1514 Unde
878 1469 1009 1528 puto
1035 1458 1310 1512 neminem
1354 1458 1468 1528 jam
1512 1456 1712 1512 debere
1751 1458 1910 1513 dubi-

337 1560 473 1615 tare,
503 1550 649 1620 quod
674 1549 884 1621 Moyses
913 1549 981 1603 de
1012 1549 1246 1603 duorum
1272 1547 1560 1602 hominum
1584 1546 1909 1603 factura-vel

337 1643 591 1710 tigmento
612 1641 893 1710 scripserit
919 1641 972 1694 in
992 1639 1261 1710 principio
1292 1639 1544 1704 Genesis,
1573 1655 1698 1693 cum
1727 1641 1909 1695 videat

332 1731 561 1787 Paulum
595 1735 687 1804 qui
715 1733 910 1787 melius
938 1731 1126 1800 utique
1146 1744 1313 1799 quam
1339 1744 1440 1783 nos
1477 1730 1812 1799 intelligebat
1841 1746 1904 1785 ea

2024 550 2278 619 parvulus
2300 553 2601 621 sapiebam,
2647 555 2784 608 sicut
2822 555 3074 625 parvulus
3109 560 3421 630 cogitabam.
3469 562 3603 618 Cum

2024 650 2202 695 autem
2223 641 2396 709 factus
2423 660 2541 697 sum
2583 645 2683 711 vir,
2711 644 2951 699 destruxi
2991 662 3108 716 qum
3134 660 3287 703 erant
3318 652 3527 718 parvuli
3558 653 3598 707 ".

2022 728 2089 781 Et
2122 729 2317 784 iterum
2365 732 2491 786 alibi
2526 734 2690 789 dicit:
2742 735 2919 791 Donec
2952 755 3291 793 occurramus
3323 759 3499 797 omnes
3544 747 3602 799 in

2019 820 2191 873 virum
2240 823 2546 891 perfectum,
2594 826 2650 878 in
2680 842 2977 882 mensuram
3034 833 3209 884 (etatis
3254 832 3598 901 plenitudinis

2018 911 2220 967 Christi
2248 914 2291 966 ⁸.
2324 912 2439 969 Scit
2464 916 2612 970 enim
2644 932 2972 975 occursuros
2993 936 3115 977 esse
3132 938 3324 979 omnes
3357 926 3451 995 qui
3477 941 3598 981 cre-

2016 1001 2171 1069 dunt,
2212 1004 2265 1057 in
2297 1005 2472 1058 virum
2508 1006 2833 1075 perfectum,
2880 1019 2935 1064 et
2965 1012 3019 1066 in
3054 1029 3367 1069 mensuram
3420 1019 3597 1074 :rlatis

2016 1094 2367 1162 plenitudinis
2405 1095 2634 1151 Christi.
2673 1097 2845 1168 lgitnr
2882 1103 3021 1157 sicut
3070 1104 3183 1159 haec
3227 1122 3349 1175 qua:
3382 1122 3593 1164 memo-

2014 1186 2256 1243 ravimus
2280 1196 2500 1244 mtatum
2535 1191 2779 1255 nomina,
2810 1192 3014 1248 eisdem
3039 1198 3323 1251 vocabulis
3359 1208 3413 1253 et
3442 1212 3594 1255 exte-

2012 1276 2145 1330 riori
2193 1277 2400 1332 homini
2426 1280 2778 1335 aseribuntur
2805 1291 2854 1337 et
2899 1284 3139 1340 interiori
3177 1305 3192 1342 :
3250 1289 3320 1342 ita
3350 1290 3594 1345 invenies

2010 1367 2171 1420 etiam
2212 1368 2581 1424 membrorum
2626 1372 2849 1427 nomina
2895 1377 3262 1443 corporalium
3302 1379 3590 1433 transferri

2009 1457 2076 1511 ad
2102 1458 2298 1512 anima:
2317 1461 2581 1526 membra,
2611 1477 2707 1516 seu
2734 1465 2912 1531 potius
2935 1465 3237 1521 efﬁcientia:
3259 1470 3373 1523 haec
3396 1470 3594 1524 animae

2007 1549 2340 1619 all'ectusque
2377 1551 2591 1607 dicendi
2623 1564 2769 1609 sunt.
2826 1557 3035 1611 Dicitur
3070 1574 3200 1629 ergo
3230 1562 3286 1614 in
3325 1559 3595 1615 Ecclesia-
3658 1616 3659 1619 η

2008 1652 2122 1693 ste:
2153 1638 2420 1708 Sapientis
2451 1643 2590 1697 oculi
2620 1645 2674 1697 iu
2699 1648 2871 1715 capite
2905 1645 3025 1711 eius
3069 1650 3113 1702 ⁹.
3156 1649 3286 1705 Item
3320 1651 3376 1705 in
3410 1649 3591 1705 Eran-

2008 1728 2180 1798 gelio:
2211 1729 2316 1793 Qui
2349 1730 2502 1783 habet
2534 1748 2688 1785 aures
2721 1736 3012 1802 audiendi,
3053 1739 3240 1792 audiat
3272 1741 3335 1792 ¹⁰.
3377 1724 3434 1795 In
3464 1757 3594 1810 pro-

331 1839 453 1893 qute
478 1839 509 1878 a
532 1801 716 1895 Moyse
751 1823 955 1892 scripta
982 1829 1130 1886 sunt,
1166 1821 1308 1875 duos
1352 1819 1599 1874 homines
1639 1834 1758 1875 esse
1809 1835 1907 1889 per
1938 1801 1978 1855 Β
2007 1819 2186 1889 phetis
2234 1834 2488 1889 quoque:
2547 1820 2729 1876 Sermo
2764 1824 3118 1897 Domiuiqui
3174 1830 3348 1898 factus
3398 1801 3482 1886 esi
3534 1835 3589 1886 in

330 1917 576 1983 singulos
607 1929 859 1984 quosque
889 1913 1180 1966 dicentem.
1213 1909 1458 1977 Quorum
1497 1927 1689 1973 utinm,
1741 1909 1796 1964 id
1823 1919 1908 1965 est

331 2005 648 2058 interiorem
676 2044 692 2071 ,
726 2003 976 2058 renovari
1011 2016 1108 2072 per
1147 2002 1393 2072 singulos
1433 2001 1550 2058 dies
1603 2010 1901 2068 memorat;

329 2096 560 2149 alterum
586 2109 736 2159 vero,
767 2094 821 2148 id
841 2102 925 2149 est
951 2094 1299 2159 exteriorem,
1336 2094 1390 2148 in
1414 2094 1739 2164 quibusdam
1777 2110 1905 2149 san-

327 2188 431 2241 ctis
456 2196 508 2240 et
535 2187 730 2241 talibus
754 2187 932 2257 qualis
953 2196 1070 2242 erat
1107 2186 1328 2253 Paulus,
1353 2187 1626 2256 corrumpi
1657 2186 1904 2256 perhibet

326 2289 380 2332 et
420 2278 703 2333 inﬁrmari.
737 2279 893 2345 Quod
928 2280 973 2335 si
996 2280 1159 2335 alicui
1184 2279 1457 2335 videbitur
1481 2279 1548 2333 de
1578 2280 1679 2333 hoc
1722 2277 1903 2333 adhuc

328 2370 532 2438 aliquid
560 2370 942 2438 dubitandum,
974 2371 1027 2426 in
1068 2371 1202 2426 locis
1235 2370 1470 2441 propriis
1492 2371 1690 2426 melius
1715 2370 1903 2440 expla-

326 2462 565 2517 nabitur.
591 2460 747 2517 Nunc
775 2471 954 2519 autem
989 2472 1209 2533 propter
1238 2464 1368 2533 quid
1412 2463 1735 2517 memoriam
1758 2462 1902 2519 fece-

326 2553 499 2609 rimus
525 2555 800 2611 interioris
825 2563 879 2609 et
897 2556 1190 2609 exterioris
1218 2555 1458 2609 hominis
1478 2568 1896 2623 prosequamur.

322 2641 622 2699 Ostendere
662 2644 808 2698 enim
851 2659 917 2698 ex
960 2644 1047 2698 his
1079 2645 1374 2708 volumus,
1414 2643 1556 2712 quod
1602 2642 1900 2713 Scripturis

319 2731 524 2786 divinis
546 2746 643 2803 per
677 2731 1079 2802 homonymias,
1120 2732 1173 2785 id
1210 2739 1294 2785 est
1322 2746 1419 2800 per
1459 2730 1667 2786 similes
1710 2732 1896 2801 appel-

324 2821 597 2887 lationes,
640 2823 752 2876 imo
797 2837 894 2891 per
943 2819 1132 2876 eadem
1184 2822 1443 2876 voeabula
1493 2829 1548 2877 et
1609 2823 1896 2879 exterioris

324 2912 564 2967 hominis
590 2912 851 2979 membra,
880 2921 933 2967 et
957 2914 1101 2966 illius
1136 2912 1414 2967 interioris
1437 2912 1677 2969 hominis
1709 2922 1894 2983 partes

321 2999 654 3069 ali'ectusqne
682 3002 1055 3067 nominantur,
1080 3015 1253 3070 eaque
1291 3015 1398 3054 non
1444 3001 1620 3055 solum
1655 3003 1893 3056 vocabu-

320 3092 407 3154 lis,
447 3092 538 3147 sed
573 3100 627 3147 et
676 3091 835 3146 rebus
884 3092 1017 3161 ipsis
1065 3092 1167 3147 sibi
1215 3091 1444 3146 invicem
1479 3102 1887 3161 comparantur.
1919 3125 1961 3182 ο

324 3180 484 3238 Verbi
506 3182 698 3253 gratia,
735 3191 891 3238 mtate
918 3181 1117 3252 aliquis
1146 3190 1231 3236 est
1250 3196 1387 3249 puer
1413 3181 1715 3237 secundum
1739 3191 1893 3238 exte-

317 3278 517 3331 riorem
553 3275 631 3346 (9)
669 3275 943 3330 hominem
964 3315 979 3339 ,
1008 3289 1170 3344 quem
1201 3274 1460 3343 possibile
1504 3283 1588 3330 est
1623 3289 1886 3345 crescere,

317 3378 372 3423 et
401 3369 467 3424 ad
497 3377 707 3424 aetatem
722 3367 938 3437 juvenis
958 3366 1174 3433 adduci,
1205 3374 1367 3435 atque
1393 3366 1519 3420 inde
1549 3367 1889 3421 succedenti-

318 3460 420 3515 bus
447 3458 795 3515 incrementis
820 3458 1104 3528 pervenire
1153 3456 1220 3510 ad
1255 3457 1433 3511 virum
1479 3456 1802 3526 perfectum,
1836 3466 1889 3513 et

313 3550 453 3607 elﬁci
483 3561 711 3622 patrem.
738 3551 832 3605 llis
860 3558 1036 3604 autem
1061 3547 1376 3603 nominibus
1401 3548 1480 3602 uti
1506 3548 1799 3614 voluimus,
1829 3558 1889 3604 ut

313 3659 556 3700 consona
611 3643 806 3698 divinae
863 3641 1189 3712 Scriptum,
1248 3641 1325 3695 illi
1383 3640 1593 3696 scilicet
1645 3657 1767 3711 qua:
1818 3642 1888 3696 ab

315 3734 525 3793 Joanne
556 3737 756 3807 scripta
779 3744 882 3803 est,
916 3736 1179 3790 vocabula
1217 3750 1566 3805 poneremus.
1605 3734 1697 3789 Ait
1739 3736 1886 3790 enim

315 3828 407 3886 ille
441 3847 455 3885 :
491 3827 694 3900 Scripsi
728 3829 893 3893 vobis,
948 3829 1118 3896 pueri,
1177 3829 1426 3898 quoniam
1451 3826 1764 3896 coguovistis
1791 3843 1889 3895 pa-

316 3929 480 3984 trem;
500 3920 692 3989 scripsi
717 3918 883 3981 vobis,
916 3928 1112 3987 patres,
1139 3918 1386 3986 quoniam
1410 3917 1725 3985 cognovistis
1766 3931 1886 3968 eum

312 4011 405 4080 qui
442 4010 506 4063 ab
539 4010 694 4063 initio
722 4018 836 4072 est;
885 4010 1074 4078 scripsi
1112 4008 1275 4071 vobis,
1319 4007 1538 4075 juvenes
1565 4047 1580 4071 ,
1634 4008 1885 4076 quoniant

316 4101 477 4170 fortes
509 4099 654 4165 estis,
686 4108 735 4153 et
762 4097 969 4152 verbum
1002 4097 1095 4150 Dei
1121 4108 1292 4150 manet
1330 4097 1382 4149 in
1414 4096 1578 4161 vobis,
1605 4105 1654 4149 et
1686 4096 1886 4151 vicistis

314 4185 604 4256 malignum
629 4187 651 4218 ⁸
683 4184 815 4256 (10).
843 4184 1079 4240 Evidens
1107 4185 1295 4256 utique
1319 4194 1401 4241 est
1428 4200 1527 4239 nec
1547 4186 1617 4239 ab
1647 4186 1758 4240 ullo
1794 4201 1883 4239 ar-

314 4279 487 4334 bitror
503 4277 727 4332 omnino
741 4275 1002 4339 dubitari,
1030 4277 1173 4346 quod
1203 4290 1401 4345 pueros
1432 4276 1517 4330 hic
1536 4274 1774 4332 Joannes
1801 4276 1885 4330 vel

313 4369 686 4424 adolescentes
703 4409 718 4434 ,
737 4367 821 4421 vel
832 4366 890 4435 ju
901 4381 1085 4431 venes,
1101 4366 1185 4421 vel
1201 4367 1362 4422 etiam
1392 4375 1571 4435 patres
1586 4368 1882 4423 secundum

2008 1927 2167 1963 manu
2193 1911 2460 1980 propheta:
2485 1911 2734 1968 Ieremia:
2767 1916 2830 1981 “,
2873 1916 2986 1969 sive
3022 1918 3249 1974 alterius
3277 1923 3584 1991 cujuslibet.

2008 1998 2197 2055 Simile
2229 2009 2313 2056 est
2335 2001 2497 2055 etiam
2529 2003 2657 2057 illud
2685 2005 2830 2073 quod
2865 2007 2941 2061 ait
2971 2007 3096 2061 ille:
3130 2008 3227 2062 Pes
3257 2020 3432 2065 autem
3466 2021 3587 2066 tuus

2004 2107 2106 2145 non
2132 2091 2351 2160 o/I‘eudit
2385 2091 2456 2147 ¹².
2493 2090 2557 2147 Ει
2579 2094 2819 2149 iterum:
2859 2097 2966 2151 Mei
2993 2109 3169 2153 autem
3199 2100 3360 2168 paulo
3412 2103 3586 2155 minus

2004 2183 2136 2237 moti
2162 2193 2284 2237 sunt
2323 2184 2477 2253 pedes
2510 2185 2572 2238 ¹³.
2610 2186 2723 2256 28
2759 2186 3052 2244 Evidenter
3076 2205 3295 2261 quoque
3317 2202 3370 2246 et
3399 2202 3589 2249 venter

2007 2274 2202 2330 animae
2226 2275 2561 2345 designatur,
2597 2278 2690 2331 ubi
2731 2278 2965 2335 dicitur:
3019 2280 3280 2346 Domine,
3321 2299 3355 2337 a
3390 2285 3588 2338 timore

2005 2378 2098 2419 tuo
2131 2367 2185 2419 in
2218 2374 2367 2419 utero
2398 2369 2731 2436 concepimus
2761 2370 2824 2424 ".
2857 2369 2992 2424 Nam
3036 2371 3162 2427 inde
3190 2375 3312 2442 quis
3355 2375 3582 2441 dubitet,

2003 2470 2128 2509 cum
2154 2454 2381 2509 dicitur:
2414 2453 2724 2525 Sepulcrum
2753 2468 2936 2525 patens
2964 2469 3041 2513 est
3079 2471 3265 2531 guttur
3289 2478 3470 2517 eorum
3502 2466 3544 2496 ’⁸
3563 2466 3586 2518 1’

2001 2545 2069 2599 Et
2095 2547 2290 2600 iterum
2316 2563 2330 2599 :
2368 2547 2680 2618 Prwcipita,
2716 2548 2959 2616 Domine,
2980 2560 3030 2605 et
3055 2553 3230 2607 divide
3249 2553 3459 2624 linguas
3489 2574 3580 2610 eo—

2001 2653 2121 2690 rum
2147 2639 2211 2692 ¹⁶.
2249 2637 2355 2693 Sed
2383 2647 2438 2695 et
2467 2640 2519 2693 id
2550 2640 2696 2709 quod
2728 2640 2991 2711 scriptum
3028 2653 3138 2697 est:
3184 2645 3370 2699 Dentes
3395 2662 3580 2714 pecca-

2001 2735 2175 2779 torum
2225 2729 2523 2783 contrivisti
2552 2731 2614 2783 ".
2662 2729 2730 2784 Et
2772 2728 3005 2787 iterum:
3037 2734 3258 2790 Comere
3306 2737 3580 2792 brachium

1997 2819 2288 2885 peccatoris
2316 2826 2367 2871 et
2390 2818 2609 2887 maligni
2637 2821 2722 2873 ⁸⁷⁸.
2749 2818 2814 2873 Et
2852 2822 2980 2888 quid
3022 2838 3160 2893 opus
3181 2833 3264 2879 est
3296 2827 3469 2881 mede
3494 2829 3580 2884 his

1996 2908 2154 2976 plura
2203 2909 2481 2979 colligere,
2535 2925 2658 2964 cum
2714 2910 3202 2970 abundantissimis
3251 2919 3577 2973 testimoniis

1997 2994 2294 3066 Scriptura:
2317 3000 2514 3055 divina:
2538 3002 2753 3071 repleta'
2775 3004 2945 3059 sunt?
2980 3003 3059 3058 Ex
3082 3007 3282 3074 quibus
3298 3009 3577 3064 evidenter

1997 3086 2302 3141 ostenditur
2354 3089 2725 3145 membrorum
2783 3092 2899 3147 haec
2950 3094 3172 3148 nomina
3226 3110 3613 3167 nequaqnanr

1995 3176 2209 3245 corpori
2223 3177 2422 3232 visibili
2450 3179 2622 3248 aptari
2647 3195 2826 3250 posse,
2848 3183 2942 3238 sed
2964 3184 3028 3238 ad
3067 3184 3354 3240 invisibilis
3376 3187 3573 3242 anima:

1993 3276 2201 3336 partem
2234 3268 2576 3339 virtutesque
2619 3272 2816 3327 debere
2875 3276 3119 3329 revocari
3158 3292 3170 3327 :
3215 3278 3473 3346 quoniam
3523 3290 3576 3335 ct

1991 3358 2255 3413 vocabula
2276 3358 2495 3427 quidem
2519 3360 2718 3415 habent
2739 3362 2959 3429 similia,
2979 3373 3163 3433 aperte
3179 3375 3361 3421 autem
3387 3378 3440 3422 et
3455 3369 3573 3422 sine

1994 3450 2100 3504 ulla
2138 3449 2494 3520 ambiguitate
2539 3466 2647 3505 non
2683 3454 2992 3521 exterioris,
3026 3455 3121 3509 sed
3167 3456 3442 3512 interioris
3470 3460 3572 3514 ho-

1991 3539 2156 3594 minis
2179 3540 2572 3611 signiticantias
2591 3551 2803 3612 gerunt.
2823 3543 2919 3598 Est
2941 3559 3071 3615 ergo
3092 3548 3391 3603 materialis
3410 3549 3572 3619 hujus

1992 3632 2253 3709 hominis,
2285 3632 2378 3702 qui
2406 3643 2459 3687 et
2487 3634 2725 3688 exterior
2759 3636 3083 3705 appellatur,
3112 3638 3268 3691 cibus
3297 3647 3570 3707 potusque

1991 3732 2199 3777 natura!
2229 3738 2341 3777 sua:
2372 3733 2658 3793 cognatus,
2693 3740 2989 3794 corporeus
3014 3727 3115 3781 iste
3145 3728 3353 3782 scilicet
3381 3739 3433 3783 et
3458 3739 3570 3781 ter-

1990 3828 2175 3867 renus.
2220 3810 2483 3866 Similiter
2518 3821 2698 3867 autem
2745 3823 2799 3868 et
2832 3816 3091 3884 spiritalis
3125 3817 3362 3872 hominis
3394 3819 3566 3888 ipsius

1989 3908 2153 3977 quiet
2191 3907 2415 3963 interior
2441 3908 2660 3973 dicitur,
2697 3917 2781 3963 est
2821 3910 3075 3978 proprius
3106 3911 3284 3977 cibus,
3320 3920 3380 3965 ut
3411 3915 3567 3981 panis

1990 4001 2080 4055 ille
2107 4002 2260 4056 vivus
2289 4001 2380 4070 qui
2414 3999 2485 4056 de
2505 4000 2644 4055 cmlo
2679 3999 2978 4055 descendit.
3021 3999 3126 4055 Sed
3169 4011 3225 4056 et
3264 4011 3424 4070 potus
3475 4002 3565 4056 ille

1988 4100 2162 4146 estex
2190 4092 2277 4145 illa
2310 4106 2451 4160 aqua
2475 4105 2637 4160 quam
2670 4091 2941 4158 promittit
2968 4089 3148 4157 Jesus,
3180 4092 3397 4148 dicens:
3429 4093 3567 4158 Qui-

1987 4199 2187 4253 cunque
2243 4181 2430 4236 biberit
2480 4197 2544 4234 ea:
2573 4180 2670 4234 hac
2718 4198 2856 4251 aqua
2910 4199 3068 4252 quam
3120 4200 3211 4253 ego
3246 4185 3313 4236 do
3359 4186 3429 4249 ei,
3462 4200 3567 4237 non

1986 4272 2129 4327 sitiet
2156 4272 2210 4325 in
2238 4279 2491 4325 veternum
2521 4271 2584 4324 ¹⁸.
2618 4269 2710 4325 Sic
2740 4286 2868 4340 ergo
2917 4287 3013 4339 per
3045 4274 3227 4326 omnia
3260 4274 3562 4328 similitudo

1986 4362 2205 4433 quidem
2236 4360 2622 4417 vocabulorum
2641 4364 2938 4416 secundum
2966 4372 3257 4433 utrumque
3283 4364 3557 4419 hominem

314 4460 543 4524 animat,
584 4473 689 4512 non
737 4456 1035 4512 secundum
1078 4456 1327 4526 corporis
1366 4457 1597 4526 appellet
1646 4466 1879 4512 aetatem.
1916 4466 1958 4520 D
1989 4456 2233 4525 ponitur:
2269 4468 2451 4509 rerum
2491 4468 2635 4507 vero.
2662 4454 2968 4524 proprietas
2996 4456 3291 4524 unicuique
3321 4458 3558 4513 discre;a

316 4552 421 4607 Sed
446 4559 502 4606 et
529 4549 731 4604 Paulus
761 4548 893 4604 dicit
914 4548 967 4602 in
994 4549 1230 4619 quodam
1260 4549 1381 4604 loco
1407 4567 1420 4603 :
1452 4547 1583 4603 Νοιί
1615 4553 1765 4619 potui
1794 4567 1883 4605 vo-

313 4646 393 4698 bis
437 4642 580 4713 lequi
616 4641 768 4711 quasi
817 4639 1176 4710 spiritalibus,
1220 4641 1309 4693 sed
1347 4642 1501 4711 quasi
1541 4642 1882 4705 carnalibus;

314 4744 567 4797 tanquam
597 4727 829 4796 parvulis
869 4727 926 4779 in
972 4726 1183 4780 Christo
1225 4727 1310 4782 lac
1335 4729 1480 4782 vobis
1508 4738 1689 4798 potum
1735 4730 1881 4798 dedi,

313 4836 416 4873 non
431 4835 603 4873 escam
638 4819 679 4871 ⁸.
701 4816 757 4870 In
789 4816 1010 4873 Christo
1046 4818 1157 4890 (11)
1185 4820 1443 4889 parvulus
1475 4821 1664 4890 procul
1716 4822 1882 4877 dubio

314 4908 611 4966 secundum
649 4906 866 4972 animat,
901 4922 1007 4961 non
1031 4910 1331 4964 secundum
1365 4911 1544 4965 carnis
1570 4912 1883 4966 nominatur

313 5011 543 5057 aetatem.
574 4998 817 5069 Denique
841 4997 982 5053 idem
1012 4997 1210 5055 Paulus
1232 5000 1394 5056 etiam
1423 5002 1475 5055 in
1499 5003 1607 5057 alio
1631 5003 1752 5058 loco
1779 5004 1875 5058 ait:

378 5161 399 5192 ’
427 5160 563 5215 Gen.
598 5177 635 5223 ι,
666 5162 764 5228 26;
798 5177 856 5227 ιι,
890 5164 940 5219 7.
1019 5164 1040 5196 ³
1074 5163 1119 5219 ll
1146 5162 1269 5218 Cor.
1308 5179 1380 5228 IV,
1419 5163 1502 5218 16.
1580 5162 1603 5194 ι
1627 5162 1786 5218 Rom.
1816 5178 1892 5217 vn

378 5244 423 5294 ll,
455 5230 542 5287 11.
619 5232 641 5264 ⁸
667 5232 869 5296 Ephes.
905 5252 980 5296 ιν,
1014 5236 1098 5290 15.
1174 5233 1390 5287 ’Eccle.
1421 5249 1478 5296 ιι,
1512 5233 1597 5288 14.
1678 5232 1898 5287 “Matth

2000 5163 2038 5216 Β.
2116 5162 2136 5193 ⁸
2164 5161 2185 5215 Ι
2213 5161 2368 5217 Joan.
2402 5179 2461 5227 ιι,
2493 5164 2577 5225 13,
2612 5164 2699 5217 14.

2001 5232 2160 5296 ιι,45.
2240 5232 2279 5263 ¹¹
2311 5233 2512 5288 Jerem.
2542 5249 2649 5290 xxr.
2678 5234 2727 5287 1.

303 5244 423 5294 xnr,
455 5230 542 5287 11.
619 5232 641 5264 ⁸
667 5232 869 5301 Ephes.
905 5252 980 5298 IV,
1014 5236 1098 5290 15.
1174 5233 1390 5287 ’Eccle.
1421 5249 1478 5298 ιι,
1512 5233 1597 5288 14.

304 5315 487 5368 smn,
508 5302 563 5357 Ξ.
641 5300 687 5335 ιδ
709 5300 811 5359 Isa.
842 5319 987 5370 XXVI,
1015 5304 1101 5360 18.
1182 5304 1225 5337 "
1256 5302 1395 5359 Psal.
1427 5320 1481 5369 ν,
1507 5302 1557 5358 9.
1638 5302 1682 5334 “
1711 5300 1854 5358 Psal.
1884 5320 1969 5369 tv,
2005 5303 2058 5358 9.

397 5444 474 5509 (9)
507 5443 677 5499 Codd.
713 5443 1002 5499 Beccensis
1024 5451 1078 5498 et
1100 5441 1463 5512 Turonensis,
1506 5451 1663 5497 aetate
1693 5443 1886 5512 aliquis

322 5523 398 5567 est
425 5529 555 5582 puer
593 5515 877 5568 secundum
915 5515 1246 5569 exteriorem.
1284 5511 1439 5567 Libb.
1469 5514 1597 5567 edit.
1621 5554 1636 5579 ,
1679 5511 1887 5567 vetalu-r

323 5584 517 5652 aliquis
543 5599 655 5653 esse
673 5600 803 5653 puer
825 5584 1111 5637 secundum
1143 5583 1462 5653 interiorem.

395 5650 508 5723 (10)
552 5652 615 5707 Et
649 5650 857 5707 verbum
912 5653 1010 5707 Dei
1039 5664 1212 5707 manet
1246 5654 1303 5705 in
1349 5650 1514 5719 vobis,
1563 5664 1612 5707 et
1660 5652 1881 5723 vicistis.

325 5722 416 5777 su;
456 5722 656 5780 habent
681 5739 839 5791 mss.,
887 5724 977 5779 sed
1013 5723 1132 5778 libri
1160 5723 1311 5788 editi,
1338 5732 1386 5776 et
1412 5739 1503 5791 per
1544 5724 1752 5776 verbum
1790 5722 1881 5775 Dei

1991 4554 2261 4611 servatur,
2289 4554 2344 4600 ct
2368 4544 2738 4614 corruptibilis
2777 4546 3117 4615 praebentur,
3159 4548 3558 4617 incorruptibili

1991 4656 2117 4695 vero
2145 4637 2578 4708 incorruptibilia
2614 4647 3011 4708 proponuntur.
3059 4638 3214 4694 Unde
3241 4641 3456 4703 accidit,
3503 4649 3563 4695 ut

1990 4729 2350 4799 simpliciores
2373 4727 2593 4799 quidam
2623 4731 2925 4784 nescientes
2947 4730 3277 4800 distinguere
3296 4746 3359 4785 ac
3384 4746 3563 4786 secer—

1990 4837 2120 4876 nere
2161 4836 2284 4891 qua:
2327 4821 2436 4875 sint
2463 4837 2585 4890 qua:
2627 4821 2681 4874 in
2726 4819 3023 4890 Seripturis
3067 4822 3266 4877 divinis
3311 4815 3560 4877 interieri

1991 4912 2216 4979 homini,
2246 4928 2367 4981 quae
2390 4928 2518 4966 vero
2544 4912 2801 4968 exteriori
2832 4913 3137 4982 deputanda
3161 4913 3291 4980 sint,
3325 4913 3531 4968 vocahu
3549 4943 3564 4953 -

1991 5002 2168 5057 lorum
2197 5001 2647 5059 similitudinibus
2676 5003 2796 5059 falsi
2826 5003 2894 5058 ad
2928 5004 3140 5075 ineptas
3178 5005 3445 5076 quasdam
3482 5002 3564 5060 fa-

2116 5162 2136 5193 ⁵
2164 5161 2185 5215 Ι
2213 5161 2368 5217 Joan.
2402 5179 2461 5227 ιι,
2493 5164 2577 5225 13,
2612 5164 2699 5217 1.1.
2775 5165 2794 5196 ⁸
2822 5164 2839 5218 1
2864 5163 2987 5218 Cor.
3025 5181 3105 5224 ιιι.
3139 5167 3188 5227 1,
3220 5167 3274 5219 9.
3350 5168 3371 5198 ⁷
3399 5167 3417 5219 Ι
3441 5167 3565 5223 Cor.

2116 5233 2142 5268 Χ
2240 5232 2279 5263 ιι
2319 5233 2490 5268 Ion-nun
2542 5249 2628 5268 ννι
2678 5234 2699 5268 Ι
2807 5236 2850 5266 1!
2878 5235 3016 5268 Dm."
3068 5251 3121 5268 III
3184 5237 3256 5268 ωπ
3353 5237 3395 5268 1³
3427 5237 3541 5268 Doni

2138 5235 2160 5285 ι.
2240 5235 2279 5263 ¹¹
2311 5235 2512 5288 Jerem.
2542 5249 2649 5290 xxr.
2678 5235 2727 5287 1.
2807 5236 2850 5266 “
2876 5235 3033 5288 Prov.
3068 5251 3122 5288 ιιι
3143 5276 3156 5295 ,
3184 5237 3274 5290 25.
3353 5237 3395 5268 ¹³
3422 5237 3567 5291 Psal.

2138 5303 2178 5335 ³⁷
2202 5300 2343 5358 Psal.
2378 5320 2454 5371 ιιι,
2487 5305 2537 5358 7.
2617 5305 2683 5336 ¹⁷⁶
2709 5303 2850 5359 Psal.
2884 5320 2937 5370 κ,
2971 5306 3056 5360 15.
3136 5305 3178 5336 ⁸⁸
3198 5305 3354 5360 Joan.
3379 5322 3450 5370 ιν,
3478 5308 3564 5365 1ο.

1991 5445 2131 5511 quod
2159 5453 2334 5505 manet
2375 5444 2431 5497 in
2470 5442 2622 5507 caelo,
2647 5443 2846 5511 vicistis
2867 5440 3177 5511 malignum.

2064 5516 2175 5585 (1|)
2219 5513 2281 5567 In
2317 5514 2553 5576 Christo,
2584 5521 2708 5585 ctc._
2722 5510 2815 5585 Sic
2855 5508 3014 5585 mss;
3056 5508 3182 5585 _li_hri
3226 5523 3356 5565 vero
3396 5508 3562 5585 editi:

1990 5600 2043 5637 tu
2068 5579 2278 5639 Christo
2313 5594 2486 5639 autem
2520 5581 2731 5652 parvuli
2755 5582 2939 5650 procul
2973 5579 3133 5633 dubio
3165 5619 3179 5636 .
3217 5614 3236 5635 .
3265 5619 3280 5635 .
3311 5619 3325 5636 .
3353 5620 3366 5635 .
3400 5583 3567 5634 uomi-

1991 5663 2205 5708 nuntur.
