4134 6454
576 324 626 377 3-,
1626 321 1949 377 ORIGENIS
1978 321 2047 374 lN
2084 317 2437 375 CANTICUM
2479 322 2750 378 CANTIC.
3750 339 3820 391 ὕει

560 440 717 495 bulas
749 451 803 494 et
846 440 1101 508 ﬁgmenta
1136 437 1316 492 inania
1366 454 1424 491 se
1467 439 1829 503 contulerint;
1873 447 1931 491 ut
1974 439 2137 491 etiam
2177 443 2215 497 Λ
2250 436 2556 506 Scriptura,
2586 440 2774 493 volens
2796 456 2999 495 cavere
3035 458 3101 497 ne
3145 442 3331 514 lapsus
3360 445 3560 514 aliquis
3604 447 3826 518 legenti-

559 540 686 600 post
732 530 1191 584 resurrectionem
1241 528 1379 582 cibis
1434 531 1812 597 corporalibus
1871 532 2133 584 utendum

557 622 861 687 crederent,
894 630 1189 691 potumque
1215 620 1541 675 sumendum
1577 637 1687 676 non
1719 623 1902 676 solum
1950 639 2017 676 es
2048 624 2138 677 illa

558 714 667 767 vite
685 729 812 767 vera
837 722 892 767 et
913 714 1127 767 vivente
1150 713 1203 766 in
1225 712 1448 774 szeeula,
1476 729 1665 767 verum
1687 722 1744 767 et
1772 730 1843 769 ex
1890 715 1977 769 his
2011 717 2139 769 viti-

558 805 665 858 bus
692 815 746 857 et
776 804 1051 860 fructibus
1075 804 1189 873 (19.)
1213 804 1369 874 ligni.
1413 803 1523 858 Sed
1543 804 1610 859 de
1642 804 1728 858 his
1761 805 1899 859 alias
1932 806 2138 860 videbi-

556 910 700 951 mus.
726 895 881 952 Nunc
911 912 1065 966 ergo,
1096 905 1157 950 ut
1179 897 1504 966 praecedenti
1534 897 1919 951 observatione
1940 898 2138 952 distin-

553 986 754 1054 ximus,
789 996 872 1041 est
897 988 1116 1057 quidem
1170 987 1470 1042 secundum
1506 987 1816 1043 interiorem
1858 990 2134 1044 hominem

551 1078 693 1132 alius
732 1078 851 1132 sine
888 1078 1016 1133 ﬁliis
1050 1086 1105 1132 et
1138 1079 1361 1140 sterilis,
1408 1078 1553 1133 alius
1581 1094 1712 1133 vero
1762 1080 2048 1135 abundans
2081 1080 2131 1134 in

550 1172 692 1225 ﬁliis.
730 1171 1042 1225 Secundum
1075 1172 1221 1240 quod
1253 1182 1306 1224 et
1338 1172 1466 1224 illud
1498 1173 1839 1227 advertimus
1873 1173 2081 1227 dictum
2116 1192 2129 1228 :

548 1260 760 1315 Sterilis
782 1264 978 1331 peperit
1015 1273 1232 1331 septem.
1274 1271 1322 1315 et
1352 1262 1579 1329 fecunda
1599 1263 1654 1315 in
1691 1263 1820 1331 [iliis
1856 1264 2132 1332 inﬁrmata

545 1363 621 1405 est
658 1355 723 1405 '9.
758 1352 826 1407 Et
858 1362 919 1407 ut
968 1355 1023 1407 in
1064 1354 1539 1408 benedictionibus
1585 1356 1822 1409 dicitur:
1869 1355 1987 1409 Non
2028 1359 2129 1409 erit

548 1443 606 1495 in
637 1447 782 1498 vobis
801 1447 914 1499 sine
944 1446 1077 1514 [iliis
1097 1455 1147 1499 et
1183 1445 1381 1499 sterilis
1416 1447 1482 1500 ’°.
1520 1446 1690 1516 Igitur
1715 1447 1761 1500 si
1798 1448 1911 1502 hinc
1958 1449 2028 1501 ita
2070 1462 2129 1503 se

549 1533 771 1599 habent,
812 1537 956 1589 sicut
995 1537 1198 1591 dicitur
1231 1537 1431 1605 aliquis
1470 1539 1710 1592 carnalis
1747 1553 1922 1604 amor,
1964 1556 2129 1608 quem

546 1631 603 1677 et
627 1624 936 1693 cupidinem
960 1627 1368 1694 appellaverunt
1410 1636 1599 1695 poetas,
1633 1629 1931 1682 secundum
1963 1646 2125 1698 quem

547 1714 641 1782 qui
663 1725 827 1777 amat,
855 1714 909 1768 in
934 1730 1097 1769 carne
1120 1717 1391 1781 seminat;
1423 1718 1495 1770 ita
1515 1726 1597 1770 est
1619 1726 1673 1771 et
1713 1718 1935 1786 quidam
1962 1721 2128 1789 spiti-

2246 531 2347 582 bns
2375 532 2479 583 sub
2509 533 2715 585 amoris
2746 533 2966 585 nomine
2996 545 3338 601 nasceretur,
3363 551 3463 605 pro
3509 537 3827 593 inﬁrmiori-

2244 621 2347 675 bus
2370 622 2681 691 quibusqne
2717 639 2843 677 cum
2877 624 2973 693 qui
3007 627 3151 695 apud
3180 627 3455 696 sapientes
3499 630 3686 683 saeculi
3730 646 3824 685 cu-

2242 712 2385 779 pido,
2418 727 2516 765 seu
2538 727 2693 766 amor
2720 712 2956 779 dicitur,
2988 714 3290 771 honestiori
3335 717 3607 772 vocabulo
3640 718 3826 774 chari-

2239 810 2404 857 tatem
2457 803 2541 856 vel
2575 804 2922 859 dilectionem
2958 807 3295 862 nominasse.
3336 806 3497 863 Verbi
3533 812 3731 881 gratia,
3766 822 3826 867 ut

2237 908 2363 948 cum
2398 894 2535 948 dixit
2563 893 2630 950 de
2660 894 2839 949 Isaae:
2879 895 2947 950 Et
2981 900 3179 967 accepit
3208 899 3517 965 Rebeecmn,
3571 914 3624 956 et
3676 905 3823 972 facta

2235 992 2315 1037 est
2338 986 2388 1039 ei
2420 1001 2576 1051 uxor,
2605 997 2653 1039 et
2696 987 2887 1041 diluit
2914 1005 3029 1042 eam
3059 991 3127 1044 ".
3152 990 3219 1044 Et
3253 992 3451 1046 iterum
3485 993 3554 1048 de
3579 992 3748 1050 Jacob
3769 1006 3824 1050 et

2240 1072 2441 1129 Rachel
2477 1075 2729 1131 similiter
2753 1077 2886 1131 dicit
2916 1076 3236 1149 Scriptura:
3268 1081 3468 1136 Rachel
3498 1095 3679 1138 autem
3705 1097 3822 1140 erat

2233 1164 2425 1217 decora
2459 1166 2649 1229 oculis,
2671 1179 2718 1219 et
2740 1172 2964 1235 pulchra
3002 1170 3159 1238 facie,
3187 1181 3239 1224 et
3277 1171 3468 1225 dilexit
3506 1172 3676 1227 Iacob
3708 1174 3819 1229 Ra-

2232 1256 2369 1319 chel,
2396 1266 2447 1310 et
2473 1258 2612 1310 dixit
2638 1274 2659 1311 :
2683 1258 2919 1312 Serviani
2948 1261 3044 1313 tibi
3085 1270 3278 1330 septem
3308 1265 3463 1319 annis
3494 1281 3590 1333 pro
3627 1264 3821 1321 Rachel

2233 1346 2351 1414 ﬁlia
2385 1357 2479 1402 tua
2530 1350 2749 1417 juniore
2781 1352 2849 1405 “.
2900 1351 3224 1409 Evidentius
3272 1364 3456 1409 autem
3501 1357 3819 1413 immutatus

2233 1456 2368 1496 usus
2396 1441 2648 1495 vocabuli
2684 1441 2852 1511 hujus
2880 1454 3104 1513 apparet
3127 1445 3181 1498 in
3210 1446 3447 1511 Amnon,
3474 1449 3570 1518 qui
3597 1450 3820 1505 adama-

2236 1534 2310 1587 vit
2336 1547 2583 1587 sororem
2620 1548 2777 1587 suam
2817 1532 3079 1589 'l'lralrar.
3118 1536 3393 1606 Scriptum
3425 1547 3507 1594 est
3533 1539 3678 1593 enim
3707 1557 3720 1593 :
3750 1540 3819 1595 Et

2233 1625 2432 1693 [actum
2459 1635 2533 1678 est
2568 1634 2683 1693 post
2716 1624 2847 1687 lucc,
2874 1635 2924 1679 et
2945 1637 3060 1680 erat
3086 1627 3316 1681 Αἰνεσιοη
3362 1629 3476 1695 ﬁlio
3525 1628 3696 1684 David
3731 1648 3820 1686 so-

2233 1730 2323 1767 ror
2351 1715 2542 1769 decora
2576 1715 2714 1784 facie
2740 1716 2913 1777 valde,
2950 1728 2998 1772 et
3035 1734 3219 1771 nomen
3244 1719 3291 1771 ei
3336 1718 3605 1783 Thamar,
3642 1731 3693 1776 et
3726 1723 3814 1775 di-

548 1807 671 1861 talis
733 1823 920 1873 amor,
977 1808 1275 1861 secundum
1331 1823 1492 1877 quem
1545 1809 1633 1863 ille
1687 1811 1918 1867 interior
1963 1814 2125 1868 humu

2232 1805 2359 1858 texit
2396 1823 2513 1859 eam
2543 1782 2749 1860 Amnon
2774 1808 2923 1876 ﬁlius
2957 1808 3125 1864 David
3151 1811 3218 1864 ".
3242 1810 3462 1875 Dilevit,
3484 1812 3668 1881 posuit
3691 1830 3813 1883 pro,

544 1913 736 1952 amans
774 1898 826 1951 in
858 1899 1053 1969 spiritu
1101 1900 1358 1955 seminat.
1402 1899 1468 1953 Et
1507 1910 1564 1955 ut
1594 1902 1904 1959 evidentius
1925 1904 2130 1974 dicam,

540 1988 587 2042 si
617 1988 743 2057 quis
757 1997 840 2043 est
865 1989 956 2058 qui
982 1998 1161 2059 portat
1181 1991 1363 2045 adhuc
1391 1991 1684 2061 imaginem
1709 1996 1907 2049 terreni
1934 2011 2132 2050 secun-

541 2081 670 2134 dum
702 2080 1029 2136 exteriorem
1054 2082 1353 2147 hominem,
1383 2084 1560 2151 agitur
1586 2083 1840 2153 cupidine
1860 2093 1915 2139 et
1945 2100 2132 2140 amore

544 2182 781 2227 terreno.
817 2173 923 2239 Qui
950 2189 1081 2228 vero
1114 2182 1293 2243 portat
1325 2175 1619 2244 imaginem
1654 2176 1895 2232 ctelestis
1933 2192 2132 2232 secun-

542 2264 677 2317 dum
701 2263 1020 2318 interiorem
1061 2263 1358 2329 hominem,
1387 2264 1563 2333 agitur
1588 2266 1843 2335 cupidine
1869 2276 1924 2321 et
1943 2282 2131 2322 amore

543 2353 775 2407 cmlesti.
821 2352 1023 2407 Amore
1055 2361 1236 2407 autem
1276 2364 1328 2408 et
1384 2354 1641 2424 cupidine
1689 2357 1901 2412 ccelesti
1951 2360 2132 2429 agitur

542 2446 727 2499 anima
753 2460 877 2499 cum
910 2457 1192 2515 perspecta
1227 2446 1640 2515 pulchritudine
1669 2457 1723 2503 et
1752 2449 1951 2505 decore
1979 2454 2128 2509 verbi

541 2529 659 2598 Dei,
684 2535 921 2603 speciem
942 2534 1061 2601 ejus
1077 2536 1430 2603 adamaverit,
1461 2544 1515 2592 et
1535 2553 1599 2592 ex
1623 2540 1747 2609 ipso
1762 2542 1924 2597 telum
1952 2546 2130 2615 quod-

540 2624 663 2677 dam
695 2634 748 2678 et
771 2626 971 2681 vulnus
996 2629 1201 2683 amoris
1243 2631 1534 2699 acceperit.
1573 2630 1670 2687 Est
1718 2634 1863 2689 enim
1901 2639 2124 2694 verbum

540 2717 644 2770 hoc
679 2718 880 2787 imago,
903 2728 957 2772 et
985 2720 1243 2788 splendor
1269 2721 1361 2774 Dei
1385 2722 1694 2790 invisibilis,
1728 2728 2126 2800 primogenitus

538 2807 720 2861 omnis
739 2818 1039 2876 creatum,
1074 2811 1128 2863 in
1167 2826 1277 2880 quo
1305 2821 1487 2866 creata
1514 2822 1643 2866 sunt
1681 2818 1865 2871 omnia
1918 2837 2039 2888 quae
2071 2822 2126 2874 in

541 2899 695 2953 cmlis
725 2911 873 2964 sunt,
909 2910 1103 2972 etqtta!
1138 2904 1191 2957 in
1232 2906 1416 2971 terris,
1447 2905 1561 2960 sive
1598 2908 1855 2974 visibilia,
1894 2913 2007 2967 sive
2043 2915 2128 2967 in-

539 2990 793 3045 visibilia.
818 2992 990 3061 Igitur
1018 2994 1064 3047 si
1086 2994 1211 3063 quis
1241 2995 1479 3064 potuerit
1508 2998 1695 3065 capaci
1744 3009 1924 3055 mente
1950 3003 2128 3072 conji-

2230 1895 2525 1951 adamavit.
2570 1895 2636 1949 Et
2671 1897 3055 1966 tribulabatur,
3099 1899 3313 1969 inquit,
3352 1901 3552 1955 Aristum
3577 1943 3592 1965 ,
3646 1904 3724 1956 ita
3758 1913 3816 1958 ut

2229 1987 2596 2057 inﬁrmaretur
2634 2001 2845 2058 prapter
2893 1988 3126 2044 Thamar
3175 2008 3409 2047 sororem
3454 2009 3641 2047 suam:
3685 2011 3815 2065 quo-

2231 2079 2377 2132 niam
2424 2080 2570 2150 virgo
2598 2090 2733 2147 erat,
2757 2090 2806 2133 et
2834 2098 2988 2151 grave
3010 2081 3286 2136 videbatur
3321 2085 3377 2137 in
3404 2085 3572 2138 oculis
3605 2087 3812 2140 Amnon

2229 2168 2403 2236 facere
2428 2169 2476 2221 ei
2502 2168 2705 2239 aliquid
2731 2169 2797 2223 ".
2824 2168 2889 2224 Et
2917 2181 3036 2239 post
3069 2183 3241 2240 pauca
3277 2171 3344 2226 de
3367 2172 3617 2229 violentia
3645 2190 3810 2244 quam

2232 2258 2417 2312 intulit
2445 2259 2661 2313 Amnon
2697 2257 2940 2315 Thamar
2981 2262 3156 2315 sorori
3201 2278 3339 2327 suae,
3386 2265 3459 2318 ita
3502 2264 3633 2319 dicit
3666 2264 3816 2320 Scri—

2231 2359 2423 2419 ptura:
2460 2348 2528 2402 Et
2559 2351 2725 2404 noluit
2775 2352 2982 2405 Amnon
3010 2354 3198 2407 audire
3228 2370 3401 2408 vocent
3432 2355 3569 2425 ejus,
3601 2357 3693 2409 sed
3730 2358 3815 2411 in-

2230 2440 2397 2495 valuit
2452 2457 2608 2512 super
2634 2458 2787 2505 eam,
2837 2452 2888 2496 et
2935 2443 3234 2498 humiliarit
3289 2461 3406 2500 eam
3437 2487 3455 2510 ,
3507 2457 3557 2499 et
3604 2447 3811 2502 dormi—

2228 2533 2301 2589 vit
2331 2533 2444 2604 29
2483 2551 2603 2588 eum
2634 2550 2717 2598 ea,
2751 2544 2801 2588 et
2844 2534 3007 2588 adivit
3045 2551 3162 2588 eam
3202 2538 3323 2590 odio
3363 2538 3571 2593 Amnon
3617 2556 3809 2611 magno

2228 2624 2413 2680 valde:
2437 2626 2691 2695 quoniam
2739 2625 2911 2693 majus
2949 2638 3062 2679 erat
3104 2626 3283 2679 odinnt
3325 2644 3426 2686 quo
3458 2629 3641 2683 oderat
3670 2645 3807 2693 eam,

2226 2734 2387 2786 quam
2424 2719 2641 2772 dilectio
2670 2734 2777 2786 qua
2815 2717 3073 2772 dilexerat
3102 2734 3221 2772 cam
3252 2719 3317 2774 ⁸⁷.
3353 2718 3415 2773 Ει
3447 2720 3503 2774 in
3540 2720 3626 2776 his
3654 2736 3808 2792 ergo,

2228 2820 2281 2865 et
2313 2813 2366 2866 iu
2399 2812 2649 2880 pluribus
2686 2813 2811 2867 aliis
2839 2813 2973 2868 locis
3004 2814 3252 2869 invenies
3293 2813 3633 2885 Scripturam
3666 2817 3805 2873 divi-

2230 2919 2359 2956 nam
2396 2901 2663 2974 refugisse
2697 2904 2902 2958 amoris
2933 2906 3287 2970 vocabulum,
3318 2917 3374 2961 et
3402 2909 3690 2965 cbaritatis
3722 2909 3811 2964 di-

2229 2995 2589 3065 lectionisque
2622 2997 2894 3064 posuisse.
2923 2993 3227 3059 Interdum,
3257 2996 3382 3050 licet
3409 3014 3560 3065 raro,
3590 3000 3814 3069 proprio

538 3095 661 3135 cere
709 3094 762 3137 et
805 3082 1155 3137 considerare
1202 3085 1405 3139 horum
1447 3088 1699 3141 omnium
1731 3104 1853 3158 qute
1905 3091 1959 3144 in
2008 3091 2125 3161 ipso

2234 3094 2414 3140 tamen
2456 3086 2725 3140 vocabulo
2776 3101 3023 3140 antorem
3076 3086 3346 3149 nominat,
3398 3096 3451 3141 et
3507 3088 3701 3143 invitat
3743 3091 3811 3143 ad

537 3184 719 3229 creata
755 3186 883 3230 sunt
916 3177 1083 3231 decus
1106 3187 1159 3231 et
1183 3177 1443 3246 speciem,
1477 3179 1591 3247 ipsa
1626 3196 1810 3234 rerum
1847 3193 2129 3239 venustate

537 3280 833 3333 percussus
855 3308 871 3331 ,
898 3274 953 3320 et
980 3268 1287 3337 splendoris
1334 3266 1737 3337 magniﬁcentia
1774 3285 1874 3325 ceu
1920 3271 2125 3341 jaculo,

540 3364 598 3407 ut
625 3356 703 3407 ait
724 3356 989 3424 propheta
1012 3357 1082 3422 ἰ,
1102 3355 1277 3410 electo
1304 3355 1630 3422 terebratus,
1658 3358 1896 3414 salutare
1919 3362 1986 3413 ab
2009 3361 2128 3430 ipso

536 3445 739 3498 vulnus
768 3446 1020 3514 accipiet,
1042 3454 1096 3500 et
1125 3446 1283 3500 beato
1308 3446 1432 3514 igne
1466 3448 1673 3503 amoris
1701 3450 1824 3518 ejus
1855 3451 2088 3507 ardebit.

608 3555 837 3625 Oportet
857 3557 1023 3611 etiam
1050 3573 1152 3612 nos
1176 3557 1306 3613 illud
1339 3558 1503 3622 scire,
1536 3560 1683 3628 quod
1717 3561 1941 3618 illicitus
1970 3581 2128 3621 amor

535 3661 589 3703 et
618 3656 807 3703 contra
843 3649 1014 3719 legem
1041 3649 1185 3704 sicut
1224 3649 1471 3703 accidere
1520 3659 1699 3718 potest
1736 3652 1941 3707 homini
1975 3665 2127 3711 exte-

534 3738 693 3805 riori,
744 3738 894 3794 verbi
932 3739 1142 3809 gratia,
1188 3748 1248 3794 ut
1278 3755 1387 3794 non
1418 3754 1675 3810 sponsam
1710 3743 1795 3797 vel
1835 3745 2120 3818 conjugem

535 3839 705 3894 amet,
730 3831 823 3886 sed
849 3844 943 3887 aut
970 3833 1310 3887 meretricem
1340 3840 1435 3886 aut
1472 3833 1803 3903 adulteram;
1847 3837 1918 3891 ita
1959 3847 2013 3892 et
2037 3839 2122 3893 in-

536 3922 722 3976 teriori
742 3922 969 3987 homini,
993 3924 1100 3977 hoc
1120 3932 1203 3976 est
1229 3923 1448 3987 animai,
1470 3924 1716 3979 accidere.
1740 3936 1918 3994 potest
1940 3944 2119 3998 amor,

535 4030 645 4069 non
682 4014 734 4068 in
763 4014 1064 4085 legitimum
1087 4029 1347 4083 sponsum
1374 4031 1536 4085 quem
1567 4016 1812 4070 diximus
1839 4034 1961 4073 esse
1991 4017 2123 4074 Ver-

535 4109 665 4161 bum
702 4106 815 4171 Dei,
840 4107 933 4161 sed
959 4107 1012 4160 in
1046 4107 1352 4161 adulterum
1378 4107 1615 4177 aliquem
1646 4116 1699 4162 et
1719 4120 2119 4178 corruptorem.

531 4198 689 4265 Quod
724 4197 828 4252 sub
866 4197 967 4252 hac
995 4198 1186 4253 eadem
1223 4197 1396 4268 ﬁgura
1418 4199 1700 4254 evidenter
1721 4199 1961 4255 declarat
1992 4201 2124 4257 Eze—

531 4293 671 4348 chiel
697 4293 957 4363 prepheta
981 4295 1051 4356 ",
1084 4291 1177 4347 ubi
1200 4289 1413 4347 Oullam
1439 4301 1494 4346 et
1535 4290 1785 4346 Oolibam
1821 4293 2125 4349 introducit

532 4385 635 4438 sub
651 4384 828 4452 specie
851 4382 1114 4437 Samaria:
1139 4391 1192 4436 et
1215 4381 1578 4444 Hierusalem,
1598 4382 1909 4436 adulterino
1931 4400 2119 4437 amore

2231 3191 2358 3229 eum
2398 3184 2563 3245 atque
2586 3176 2777 3229 incitat
2805 3175 3043 3242 animas,
3078 3184 3139 3230 ut
3159 3192 3285 3230 cum
3320 3176 3463 3236 dicit
3495 3178 3550 3231 in
3582 3175 3811 3233 Prover-

2230 3268 2336 3322 biis
2364 3268 2433 3321 de
2461 3268 2727 3337 sapientia
2755 3285 2767 3320 :
2799 3266 3011 3320 Adams
3041 3284 3185 3329 eam,
3221 3278 3271 3321 et
3303 3271 3539 3323 servabit“
3575 3281 3664 3334 te;
3698 3272 3810 3324 cir-

2227 3359 2421 3411 cumda
2443 3374 2582 3422 eam,
2614 3369 2664 3411 et
2689 3358 2949 3412 exaltabit
2986 3367 3071 3421 te;
3099 3359 3297 3413 honora
3332 3377 3468 3426 eam,
3505 3372 3553 3415 et
3583 3361 3813 3429 compte-

2227 3461 2404 3505 stetur
2434 3462 2485 3505 te
2519 3451 2586 3505 ⁸⁸.
2612 3450 2718 3505 Sed
2748 3460 2802 3505 ct
2828 3452 2882 3505 in
2921 3467 2987 3506 eo
3017 3452 3197 3507 libello
3224 3453 3315 3522 qui
3352 3453 3553 3507 dicitur
3586 3454 3810 3524 Sapien-

2228 3543 2302 3599 tia
2328 3543 2660 3610 Salomonis,
2698 3542 2770 3597 ita
2809 3545 3070 3614 scriptum
3118 3554 3204 3599 est
3238 3545 3307 3600 de
3344 3546 3459 3615 ipsa
3497 3548 3802 3617 sapientia:

2224 3638 2451 3692 Amator
2477 3638 2653 3707 factus
2693 3654 2811 3692 sum
2850 3636 3055 3690 decoris
3091 3638 3204 3706 ejus
3236 3639 3301 3691 '9.
3329 3639 3580 3693 Arbitror
3618 3650 3804 3695 autem

2224 3730 2370 3799 quod
2407 3728 2501 3782 ubi
2546 3727 2692 3781 nulla
2740 3728 2927 3796 lapsus
2969 3727 3255 3781 videbatur
3288 3729 3526 3792 occasio.
3563 3729 3635 3784 ibi
3683 3739 3805 3784 tan-

2224 3829 2340 3876 tum
2374 3835 2573 3874 nomen
2618 3818 2826 3873 amoris
2874 3817 3123 3873 inseruit.
3171 3817 3315 3883 Quid
3343 3820 3491 3874 enim
3523 3821 3800 3889 passibile,

2223 3919 2319 3965 aut
2368 3910 2499 3980 quid
2554 3909 2877 3963 indecorum
2930 3908 3104 3977 possit
3157 3909 3360 3979 aliquis
3415 3911 3695 3966 advertere
3744 3911 3799 3966 in

2234 4015 2426 4054 amore
2456 3999 2761 4069 sapientize,
2785 3998 2875 4053 vel
2913 3998 2969 4052 in
2998 4012 3065 4052 eo
3097 3996 3191 4067 qui
3237 4013 3298 4052 se
3335 4006 3637 4053 amatorem
3677 4013 3804 4068 pro-

2226 4090 2446 4145 ﬁtealut‘
2507 4105 2629 4145 esse
2687 4089 3019 4159 sapientiae?
3069 4087 3205 4142 Nam
3256 4088 3300 4143 si
3359 4089 3622 4152 dixisset,
3673 4089 3805 4158 quia

2225 4182 2501 4237 adamavit
2546 4182 2631 4235 vel
2679 4180 2832 4236 Isaae
2871 4179 3205 4245 Bebeecam,
3230 4180 3319 4234 vel
3364 4178 3533 4235 Iacob
3576 4178 3800 4245 Rachel,

2226 4276 2412 4345 passio
2448 4274 2637 4345 utique
2673 4275 2854 4345 aliqua
2888 4273 3144 4328 indecora
3176 4287 3270 4343 per
3309 4273 3425 4327 base
3469 4273 3633 4327 verba
3671 4288 3799 4343 erga

2225 4376 2447 4423 sanctos
2491 4365 2583 4419 Dei
2630 4365 2880 4420 homines
2923 4364 3191 4433 potuisset
3225 4363 3474 4433 intelligi,
3511 4365 3656 4433 apud
3704 4380 3800 4419 eos

531 4480 842 4542 corruptas,
892 4473 1036 4527 sicut
1080 4473 1237 4527 locus
1284 4474 1400 4543 ipse
1451 4472 1736 4541 scripturae
1784 4475 2116 4543 prophetiae

2228 4456 2495 4525 prtecipue
2516 4453 2609 4523 qui
2643 4452 2895 4506 nesciunt
2920 4467 2952 4505 a
2980 4453 3157 4507 littera
3189 4454 3556 4508 conscendere
3588 4453 3654 4507 ad
3685 4455 3801 4521 spi-

531 4563 770 4618 estendit
796 4563 1105 4617 volentibus
1136 4561 1352 4630 plenius
1382 4562 1543 4615 scire.
1579 4560 1904 4617 Exardeseit
1936 4574 2118 4619 autem

532 4657 696 4711 etiam
723 4656 811 4710 hic
846 4655 1108 4725 spiritalis
1143 4669 1298 4707 amor
1321 4653 1518 4707 anima:
1539 4654 1834 4723 aliquando
1868 4656 2113 4724 quidem,

533 4747 956 4810 utedocuimus,
989 4762 1114 4815 erga
1149 4746 1366 4815 aliquos
1412 4745 1639 4814 spiritus
1688 4747 1973 4814 nequitia},
2019 4748 2120 4800 ali-

532 4841 751 4911 quando
781 4855 908 4909 erga
935 4838 1195 4909 Spiritum
1238 4847 1487 4893 sanctum
1520 4847 1574 4892 et
1602 4837 1838 4893 Verbum
1874 4839 1986 4901 Dei,
2018 4841 2113 4907 qui

533 4943 619 4988 est
646 4949 881 5003 sponsus
916 4933 1087 4986 ﬁdelis
1127 4942 1179 4986 et
1208 4930 1437 4987 eruditae
1468 4931 1664 4984 anima:
1698 4932 1782 4984 vir
1807 4931 2026 4997 dicitur,
2061 4942 2117 4987 et

534 5024 691 5092 cujus
715 5024 828 5092 ipsa
861 5038 1060 5092 sponsa
1096 5022 1148 5075 in
1198 5023 1301 5076 hac
1347 5021 1614 5090 prtecipue
1664 5021 1935 5089 scriptura
1993 5037 2115 5091 quae

536 5116 767 5170 habetur
790 5116 842 5168 in
874 5115 1125 5169 manibus
1156 5114 1489 5179 nominatur,
1519 5113 1662 5169 sicut
1689 5121 1981 5183 praestante
2010 5112 2114 5168 Do~

536 5209 685 5263 mino
706 5206 919 5279 plenius
952 5205 1326 5270 ostendemus,
1368 5220 1501 5260 cum.
1536 5203 1699 5258 verba
1734 5203 1911 5272 ipsius
1941 5202 2113 5258 libelli

532 5300 829 5370 entlanare
863 5298 1209 5368 «reaper-imus.
1256 5295 1484 5350 Videtur
1513 5303 1695 5349 autem
1740 5295 1878 5348 mihi
1925 5295 2107 5351 divina

609 5461 695 5516 "l
730 5460 865 5533 Reg.
911 5476 989 5533 tt,
1043 5458 1096 5533 5.

537 5546 687 5595 una,
726 5526 987 5597 17:18."
1053 5532 1097 5562 ’³
1127 5529 1170 5583 ll
1214 5526 1345 5598 Reg.
1380 5543 1496 5594 xm,
1543 5530 1594 5581 l.

448 5676 457 5687 υ
538 5604 581 5633 ⁸ο
618 5601 776 5657 Cant.
812 5620 864 5667 v,
911 5603 964 5654 8.

1691 5528 1738 5559 ³⁸
1770 5527 1923 5591 ibid,
1972 5529 2026 5581 ἓ.

1182 5458 1227 5489 ’θ
1265 5456 1437 5511 Exod.
1473 5455 1744 5523 xxm,26.
1821 5459 1863 5489 ’ί
1897 5454 2002 5512 lsa.
2030 5475 2175 5519 χιιι,
2224 5457 2280 5512 2.
2358 5456 2403 5486 "
2450 5454 2587 5531 Ezee

1214 5526 1345 5580 Reg.
1380 5543 1496 5580 rut.
1543 5530 1594 5580 l.
1691 5528 1738 5559 ³⁸
1770 5527 1923 5580 ibid.
1972 5529 2026 5580 Ξ.
2138 5530 2181 5560 ’⁷
2226 5525 2335 5580 ibid
2400 5523 2487 5580 li.
2521 5522 2587 5573 li)

2226 5544 2335 5580 tbttt
2400 5544 2487 5585 ιιι,
2521 5544 2609 5573 ιδ).

2222 4549 2410 4601 ritum.
2442 4545 2804 4615 Apertissime
2851 4554 3030 4598 autem
3081 4545 3135 4598 in
3186 4545 3291 4599 hoc
3333 4545 3453 4614 ipso
3489 4544 3669 4598 libello
3702 4544 3796 4614 qui

2222 4639 2450 4693 habetur
2473 4638 2531 4691 in
2568 4637 2843 4701 manibus,
2875 4636 3080 4690 amoris
3109 4648 3306 4690 nomen
3332 4634 3622 4690 charitatis
3644 4647 3802 4687 voca-

2219 4730 2348 4784 bulo
2379 4736 2748 4799 permutatum
2775 4735 2882 4793 est,
2907 4727 2958 4781 in
2982 4742 3048 4783 eo
3074 4727 3165 4782 ubi
3189 4727 3325 4782 dixit
3348 4742 3364 4777 :
3396 4726 3656 4796 Adjuravi
3684 4741 3795 4789 eos,

2216 4822 2347 4890 lilia:
2386 4818 2751 4885 Hierusalem,
2783 4819 2830 4872 si
2864 4819 3165 4872 inveneritis
3192 4815 3494 4887 fratruelem
3524 4833 3715 4882 meant,
3740 4827 3799 4870 ιιι

2224 4917 2547 4969 annuntietis
2570 4918 2638 4979 ei,
2663 4917 2788 4987 quia
2825 4916 3117 4971 vulnerata.r
3144 4915 3429 4967 charitatis
3452 4929 3543 4982 ego
3572 4928 3691 4965 sum
3716 4911 3796 4978 ³⁶;

2221 5022 2320 5076 pro
2354 5022 2420 5060 eo
2450 5008 2636 5076 utique
2667 5015 2725 5060 ut
2761 5007 2962 5061 diceret
2989 5023 3002 5057 :
3038 5003 3251 5057 Amoris
3282 5003 3397 5071 ejus
3428 5002 3530 5055 telo
3554 5017 3800 5070 percussa

2219 5116 2356 5153 sum.
2390 5095 2537 5151 Nihil
2566 5112 2695 5168 ergo
2722 5097 2945 5150 interest
2967 5094 3020 5149 in
3047 5093 3342 5163 Scripturis
3368 5093 3589 5153 divinis,
3616 5102 3798 5145 utrum

2217 5192 2460 5246 charitas
2491 5190 2725 5255 dicatur,
2754 5205 2823 5243 an
2869 5202 3048 5254 amor,
3076 5187 3165 5240 vel
3210 5185 3428 5241 dilectio
3452 5223 3475 5248 ,
3504 5183 3609 5237 nisi
3652 5183 3797 5252 quod

2218 5289 2270 5342 in
2297 5297 2505 5343 tantum
2535 5299 2733 5340 nomen
2758 5280 3044 5339 charitatis
3070 5280 3379 5344 extollitur,
3401 5287 3462 5332 ut
3492 5274 3659 5332 etiam
3683 5277 3799 5348 ipse

2358 5456 2403 5486 η
2450 5449 2648 5504 Ezceh.
2694 5459 2852 5499 χχιιι.

2962 5441 3008 5474 ’³
3042 5441 3184 5496 Gen.
3216 5453 3379 5501 xstv,
3400 5438 3491 5493 67.
3588 5439 3636 5471 ’⁸
3660 5436 3794 5492 Gen.

2717 5515 2762 5546 "‘
2797 5514 2957 5569 Prov.
2988 5527 3063 5580 tv,
3096 5512 3149 5577 6,
3174 5513 3229 5568 8.
3332 5513 3377 5543 ²⁸
3420 5512 3549 5580 Sap.
3591 5524 3712 5571 vui,
3740 5512 3793 5560 at.

3332 5513 3377 5543 υ
3420 5510 3549 5581 Sap.
3591 5524 3712 5571 vttt,
3740 5507 3777 5560 Si

609 5737 720 5804 (Ιὲ)
766 5736 828 5790 Et
859 5738 1137 5808 fructibus.
1176 5736 1330 5791 Deest
1353 5737 1404 5790 in
1438 5736 1590 5791 libris
1621 5748 1778 5790 antea
1801 5737 1981 5802 editis,
2011 5736 2104 5788 scd
2146 5733 2375 5786 habetur
2408 5731 2459 5781 in
2498 5741 2631 5780 Mss.
