  <div class='ocr_page' id='page_1' title='image "/cluster/home/n/w/nwhite01/storage/ocr_20150623/13:no.3/coo.31924054872910/044.png"; bbox 0 0 4134 6422; ppageno 0'>
   <div class='ocr_carea' id='block_1_1' title="bbox 294 252 1919 369">
    <p class='ocr_par' dir='ltr' id='par_1_1' title="bbox 294 252 1913 365">
     <span class='ocr_line' id='line_1_1' title="bbox 294 252 1913 365; baseline -0.008 1"><span class='ocrx_word' id='word_1_1' title='bbox 294 252 301 257; x_wconf 26' lang='lat'><strong>‘</strong></span> <span class='ocrx_word' id='word_1_2' title='bbox 353 312 418 365; x_wconf 72' lang='lat'><strong>68</strong></span> <span class='ocrx_word' id='word_1_3' title='bbox 1780 300 1913 354; x_wconf 76' lang='lat' dir='ltr'><strong>PRO</strong></span> 
     </span>
    </p>
   </div>
   <div class='ocr_carea' id='block_1_2' title="bbox 2021 252 3616 369">
    <p class='ocr_par' dir='ltr' id='par_1_2' title="bbox 2021 252 3616 369">
     <span class='ocr_line' id='line_1_2' title="bbox 2021 252 3616 369; baseline 0.009 -15"><span class='ocrx_word' id='word_1_4' title='bbox 2021 299 2168 356; x_wconf 64' lang='grc' dir='ltr'><strong>ΕΗΒ.</strong></span> <span class='ocrx_word' id='word_1_5' title='bbox 2248 252 2266 273; x_wconf 39' lang='grc' dir='ltr'>ν</span> <span class='ocrx_word' id='word_1_6' title='bbox 3548 315 3616 369; x_wconf 75' lang='grc' dir='ltr'><strong>Ίύ</strong></span> 
     </span>
    </p>
   </div>
   <div class='ocr_carea' id='block_1_3' title="bbox 355 416 3611 498">
    <p class='ocr_par' dir='ltr' id='par_1_3' title="bbox 355 416 3611 498">
     <span class='ocr_line' id='line_1_3' title="bbox 355 416 3611 498; baseline 0.003 -23"><span class='ocrx_word' id='word_1_7' title='bbox 355 425 496 477; x_wconf 76' lang='lat' dir='ltr'><strong>heus</strong></span> <span class='ocrx_word' id='word_1_8' title='bbox 532 421 772 477; x_wconf 85' lang='lat' dir='ltr'><strong>charitas</strong></span> <span class='ocrx_word' id='word_1_9' title='bbox 804 420 1126 488; x_wconf 73' lang='lat' dir='ltr'><strong>appelletur,</strong></span> <span class='ocrx_word' id='word_1_10' title='bbox 1162 419 1304 473; x_wconf 92' lang='lat' dir='ltr'><strong>sicut</strong></span> <span class='ocrx_word' id='word_1_11' title='bbox 1325 417 1564 471; x_wconf 80' lang='lat' dir='ltr'><strong>Joannes</strong></span> <span class='ocrx_word' id='word_1_12' title='bbox 1592 416 1760 470; x_wconf 81' lang='lat' dir='ltr'><strong>dixit:</strong></span> <span class='ocrx_word' id='word_1_13' title='bbox 1791 416 1933 471; x_wconf 78' lang='lat' dir='ltr'><strong>Cha-</strong></span> <span class='ocrx_word' id='word_1_14' title='bbox 1962 425 2001 478; x_wconf 75' lang='grc' dir='ltr'><strong>Α</strong></span> <span class='ocrx_word' id='word_1_15' title='bbox 2038 417 2321 484; x_wconf 80' lang='lat' dir='ltr'><strong>Hiericho;</strong></span> <span class='ocrx_word' id='word_1_16' title='bbox 2358 425 2412 472; x_wconf 91' lang='lat' dir='ltr'><strong>et</strong></span> <span class='ocrx_word' id='word_1_17' title='bbox 2442 420 2623 489; x_wconf 87' lang='lat' dir='ltr'><strong>culpat</strong></span> <span class='ocrx_word' id='word_1_18' title='bbox 2647 420 2866 489; x_wconf 81' lang='lat' dir='ltr'><strong>quidem</strong></span> <span class='ocrx_word' id='word_1_19' title='bbox 2897 421 3238 477; x_wconf 69' lang='lat' dir='ltr'><strong>sacerdotem</strong></span> <span class='ocrx_word' id='word_1_20' title='bbox 3267 441 3334 481; x_wconf 90' lang='lat' dir='ltr'><strong>ac</strong></span> <span class='ocrx_word' id='word_1_21' title='bbox 3369 428 3611 498; x_wconf 74' lang='lat' dir='ltr'><strong>levium,</strong></span> 
     </span>
    </p>
   </div>
   <div class='ocr_carea' id='block_1_4' title="bbox 353 509 1928 582">
    <p class='ocr_par' dir='ltr' id='par_1_4' title="bbox 353 509 1928 582">
     <span class='ocr_line' id='line_1_4' title="bbox 353 509 1928 582; baseline -0.005 -13"><span class='ocrx_word' id='word_1_22' title='bbox 353 514 575 580; x_wconf 64' lang='lat' dir='ltr'><strong>tissimi,</strong></span> <span class='ocrx_word' id='word_1_23' title='bbox 606 512 887 582; x_wconf 79' lang='lat' dir='ltr'><strong>diligamus</strong></span> <span class='ocrx_word' id='word_1_24' title='bbox 912 511 1154 576; x_wconf 77' lang='lat' dir='ltr'><strong>invicem,</strong></span> <span class='ocrx_word' id='word_1_25' title='bbox 1184 511 1309 580; x_wconf 91' lang='lat' dir='ltr'><strong>quia</strong></span> <span class='ocrx_word' id='word_1_26' title='bbox 1341 509 1575 562; x_wconf 74' lang='lat' dir='ltr'><strong>Charitas</strong></span> <span class='ocrx_word' id='word_1_27' title='bbox 1598 523 1662 562; x_wconf 82' lang='lat' dir='ltr'><strong>ea:</strong></span> <span class='ocrx_word' id='word_1_28' title='bbox 1689 509 1800 563; x_wconf 88' lang='lat' dir='ltr'><strong>Deo</strong></span> <span class='ocrx_word' id='word_1_29' title='bbox 1827 520 1928 572; x_wconf 87' lang='lat' dir='ltr'><strong>est,</strong></span> 
     </span>
    </p>
   </div>
   <div class='ocr_carea' id='block_1_5' title="bbox 351 601 1929 673">
    <p class='ocr_par' dir='ltr' id='par_1_5' title="bbox 351 601 1929 673">
     <span class='ocr_line' id='line_1_5' title="bbox 351 601 1929 673; baseline -0.004 -16"><span class='ocrx_word' id='word_1_30' title='bbox 351 614 399 657; x_wconf 76' lang='lat' dir='ltr'><strong>et</strong></span> <span class='ocrx_word' id='word_1_31' title='bbox 424 604 601 657; x_wconf 77' lang='lat' dir='ltr'><strong>omnis</strong></span> <span class='ocrx_word' id='word_1_32' title='bbox 637 604 730 673; x_wconf 97' lang='lat' dir='ltr'><strong>qui</strong></span> <span class='ocrx_word' id='word_1_33' title='bbox 758 602 955 672; x_wconf 77' lang='lat' dir='ltr'><strong>diligit,</strong></span> <span class='ocrx_word' id='word_1_34' title='bbox 994 617 1059 654; x_wconf 81' lang='lat' dir='ltr'><strong>ea:</strong></span> <span class='ocrx_word' id='word_1_35' title='bbox 1097 601 1204 655; x_wconf 89' lang='lat' dir='ltr'><strong>Deo</strong></span> <span class='ocrx_word' id='word_1_36' title='bbox 1243 610 1401 655; x_wconf 87' lang='lat' dir='ltr'><strong>natus</strong></span> <span class='ocrx_word' id='word_1_37' title='bbox 1441 610 1538 664; x_wconf 89' lang='lat' dir='ltr'><strong>est,</strong></span> <span class='ocrx_word' id='word_1_38' title='bbox 1579 613 1626 654; x_wconf 91' lang='lat' dir='ltr'><strong>et</strong></span> <span class='ocrx_word' id='word_1_39' title='bbox 1666 601 1929 669; x_wconf 85' lang='lat' dir='ltr'><strong>cognoscit</strong></span> 
     </span>
    </p>
   </div>
   <div class='ocr_carea' id='block_1_6' title="bbox 354 689 1928 762">
    <p class='ocr_par' dir='ltr' id='par_1_6' title="bbox 354 689 1928 762">
     <span class='ocr_line' id='line_1_6' title="bbox 354 689 1928 762; baseline -0.005 -14"><span class='ocrx_word' id='word_1_40' title='bbox 354 694 554 757; x_wconf 78' lang='lat' dir='ltr'><strong>Deum;</strong></span> <span class='ocrx_word' id='word_1_41' title='bbox 587 692 678 762; x_wconf 88' lang='lat' dir='ltr'><strong>qui</strong></span> <span class='ocrx_word' id='word_1_42' title='bbox 709 701 888 745; x_wconf 82' lang='lat' dir='ltr'><strong>autem</strong></span> <span class='ocrx_word' id='word_1_43' title='bbox 928 708 1030 744; x_wconf 88' lang='lat' dir='ltr'><strong>non</strong></span> <span class='ocrx_word' id='word_1_44' title='bbox 1068 692 1269 761; x_wconf 76' lang='lat' dir='ltr'><strong>diligit,</strong></span> <span class='ocrx_word' id='word_1_45' title='bbox 1307 707 1410 744; x_wconf 86' lang='lat' dir='ltr'><strong>non</strong></span> <span class='ocrx_word' id='word_1_46' title='bbox 1441 690 1708 760; x_wconf 85' lang='lat' dir='ltr'><strong>cognoscit</strong></span> <span class='ocrx_word' id='word_1_47' title='bbox 1743 689 1928 755; x_wconf 87' lang='lat' dir='ltr'><strong>Deum,</strong></span> 
     </span>
    </p>
   </div>
   <div class='ocr_carea' id='block_1_7' title="bbox 355 782 1932 853">
    <p class='ocr_par' dir='ltr' id='par_1_7' title="bbox 355 782 1932 853">
     <span class='ocr_line' id='line_1_7' title="bbox 355 782 1932 853; baseline -0.003 -15"><span class='ocrx_word' id='word_1_48' title='bbox 355 786 479 853; x_wconf 81' lang='lat' dir='ltr'><strong>quia</strong></span> <span class='ocrx_word' id='word_1_49' title='bbox 511 784 652 837; x_wconf 84' lang='lat' dir='ltr'><strong>Deus</strong></span> <span class='ocrx_word' id='word_1_50' title='bbox 680 782 916 836; x_wconf 83' lang='lat' dir='ltr'><strong>eharitas</strong></span> <span class='ocrx_word' id='word_1_51' title='bbox 942 793 1019 836; x_wconf 86' lang='lat' dir='ltr'><strong>est</strong></span> <span class='ocrx_word' id='word_1_52' title='bbox 1047 784 1113 836; x_wconf 82' lang='grc'><strong>³¹.</strong></span> <span class='ocrx_word' id='word_1_53' title='bbox 1147 782 1217 837; x_wconf 87' lang='lat' dir='ltr'><strong>Et</strong></span> <span class='ocrx_word' id='word_1_54' title='bbox 1251 783 1501 853; x_wconf 80' lang='lat' dir='ltr'><strong>quamvis</strong></span> <span class='ocrx_word' id='word_1_55' title='bbox 1543 783 1769 837; x_wconf 89' lang='lat' dir='ltr'><strong>alterius</strong></span> <span class='ocrx_word' id='word_1_56' title='bbox 1794 791 1932 835; x_wconf 88' lang='lat' dir='ltr'><strong>tem-</strong></span> 
     </span>
    </p>
   </div>
   <div class='ocr_carea' id='block_1_8' title="bbox 357 874 1929 945">
    <p class='ocr_par' dir='ltr' id='par_1_8' title="bbox 357 874 1929 945">
     <span class='ocr_line' id='line_1_8' title="bbox 357 874 1929 945; baseline -0.004 -14"><span class='ocrx_word' id='word_1_57' title='bbox 357 877 504 945; x_wconf 78' lang='lat' dir='ltr'><strong>poris</strong></span> <span class='ocrx_word' id='word_1_58' title='bbox 550 877 621 930; x_wconf 90' lang='lat' dir='ltr'><strong>sit</strong></span> <span class='ocrx_word' id='word_1_59' title='bbox 663 875 844 930; x_wconf 89' lang='lat' dir='ltr'><strong>dicere</strong></span> <span class='ocrx_word' id='word_1_60' title='bbox 876 874 1083 944; x_wconf 82' lang='lat' dir='ltr'><strong>aliquid</strong></span> <span class='ocrx_word' id='word_1_61' title='bbox 1117 875 1186 929; x_wconf 86' lang='lat' dir='ltr'><strong>de</strong></span> <span class='ocrx_word' id='word_1_62' title='bbox 1231 874 1316 929; x_wconf 88' lang='lat' dir='ltr'><strong>his</strong></span> <span class='ocrx_word' id='word_1_63' title='bbox 1344 891 1468 945; x_wconf 69' lang='lat' dir='ltr'><strong>qua:</strong></span> <span class='ocrx_word' id='word_1_64' title='bbox 1498 874 1733 943; x_wconf 85' lang='lat' dir='ltr'><strong>exempli</strong></span> <span class='ocrx_word' id='word_1_65' title='bbox 1764 888 1929 928; x_wconf 88' lang='lat' dir='ltr'><strong>causa</strong></span> 
     </span>
    </p>
   </div>
   <div class='ocr_carea' id='block_1_9' title="bbox 357 964 1931 1037">
    <p class='ocr_par' dir='ltr' id='par_1_9' title="bbox 357 964 1931 1037">
     <span class='ocr_line' id='line_1_9' title="bbox 357 964 1931 1037; baseline -0.004 -13"><span class='ocrx_word' id='word_1_66' title='bbox 357 986 422 1024; x_wconf 82' lang='lat' dir='ltr'><strong>cx</strong></span> <span class='ocrx_word' id='word_1_67' title='bbox 477 968 704 1024; x_wconf 80' lang='lat' dir='ltr'><strong>Joannis</strong></span> <span class='ocrx_word' id='word_1_68' title='bbox 761 967 1002 1036; x_wconf 83' lang='lat' dir='ltr'><strong>Epistola</strong></span> <span class='ocrx_word' id='word_1_69' title='bbox 1058 967 1413 1037; x_wconf 89' lang='lat' dir='ltr'><strong>protulimus,</strong></span> <span class='ocrx_word' id='word_1_70' title='bbox 1463 974 1642 1021; x_wconf 89' lang='lat' dir='ltr'><strong>tamen</strong></span> <span class='ocrx_word' id='word_1_71' title='bbox 1694 964 1931 1019; x_wconf 89' lang='lat' dir='ltr'><strong>breviter</strong></span> 
     </span>
    </p>
   </div>
   <div class='ocr_carea' id='block_1_10' title="bbox 355 1056 1925 1128">
    <p class='ocr_par' dir='ltr' id='par_1_10' title="bbox 355 1056 1925 1128">
     <span class='ocr_line' id='line_1_10' title="bbox 355 1056 1925 1128; baseline -0.006 -12"><span class='ocrx_word' id='word_1_72' title='bbox 355 1063 516 1116; x_wconf 80' lang='lat' dir='ltr'><strong>ctiam</strong></span> <span class='ocrx_word' id='word_1_73' title='bbox 550 1060 733 1128; x_wconf 87' lang='lat' dir='ltr'><strong>aliqua</strong></span> <span class='ocrx_word' id='word_1_74' title='bbox 762 1057 1128 1128; x_wconf 79' lang='lat' dir='ltr'><strong>perstringere</strong></span> <span class='ocrx_word' id='word_1_75' title='bbox 1155 1072 1262 1111; x_wconf 93' lang='lat' dir='ltr'><strong>non</strong></span> <span class='ocrx_word' id='word_1_76' title='bbox 1289 1065 1372 1112; x_wconf 88' lang='lat' dir='ltr'><strong>est</strong></span> <span class='ocrx_word' id='word_1_77' title='bbox 1392 1057 1568 1112; x_wconf 90' lang='lat' dir='ltr'><strong>visum</strong></span> <span class='ocrx_word' id='word_1_78' title='bbox 1604 1056 1925 1112; x_wconf 88' lang='lat' dir='ltr'><strong>absurdum.</strong></span> 
     </span>
    </p>
   </div>
   <div class='ocr_carea' id='block_1_11' title="bbox 359 1144 1926 1221">
    <p class='ocr_par' dir='ltr' id='par_1_11' title="bbox 359 1144 1926 1221">
     <span class='ocr_line' id='line_1_11' title="bbox 359 1144 1926 1221; baseline -0.006 -16"><span class='ocrx_word' id='word_1_79' title='bbox 359 1151 675 1221; x_wconf 83' lang='lat' dir='ltr'><strong>Diligamus,</strong></span> <span class='ocrx_word' id='word_1_80' title='bbox 701 1147 898 1218; x_wconf 91' lang='lat' dir='ltr'><strong>inquit,</strong></span> <span class='ocrx_word' id='word_1_81' title='bbox 921 1147 1164 1210; x_wconf 86' lang='lat' dir='ltr'><strong>invicem,</strong></span> <span class='ocrx_word' id='word_1_82' title='bbox 1187 1146 1312 1215; x_wconf 82' lang='lat' dir='ltr'><strong>quia</strong></span> <span class='ocrx_word' id='word_1_83' title='bbox 1336 1147 1569 1199; x_wconf 81' lang='lat' dir='ltr'><strong>charitas</strong></span> <span class='ocrx_word' id='word_1_84' title='bbox 1594 1160 1659 1200; x_wconf 77' lang='lat' dir='ltr'><strong>ea:</strong></span> <span class='ocrx_word' id='word_1_85' title='bbox 1690 1144 1793 1198; x_wconf 89' lang='lat' dir='ltr'><strong>Deo</strong></span> <span class='ocrx_word' id='word_1_86' title='bbox 1817 1154 1926 1205; x_wconf 85' lang='lat' dir='ltr'><strong>est;</strong></span> 
     </span>
    </p>
   </div>
   <div class='ocr_carea' id='block_1_12' title="bbox 355 1239 1929 1313">
    <p class='ocr_par' dir='ltr' id='par_1_12' title="bbox 355 1239 1929 1313">
     <span class='ocr_line' id='line_1_12' title="bbox 355 1239 1929 1313; baseline -0.005 -13"><span class='ocrx_word' id='word_1_87' title='bbox 355 1254 409 1300; x_wconf 89' lang='lat' dir='ltr'><strong>ct</strong></span> <span class='ocrx_word' id='word_1_88' title='bbox 437 1252 559 1313; x_wconf 87' lang='lat' dir='ltr'><strong>post</strong></span> <span class='ocrx_word' id='word_1_89' title='bbox 605 1258 818 1313; x_wconf 83' lang='lat' dir='ltr'><strong>pauca:</strong></span> <span class='ocrx_word' id='word_1_90' title='bbox 866 1240 1003 1295; x_wconf 85' lang='lat' dir='ltr'><strong>Deus</strong></span> <span class='ocrx_word' id='word_1_91' title='bbox 1041 1241 1277 1295; x_wconf 85' lang='lat' dir='ltr'><strong>charitas</strong></span> <span class='ocrx_word' id='word_1_92' title='bbox 1315 1250 1414 1296; x_wconf 86' lang='lat' dir='ltr'><strong>est.</strong></span> <span class='ocrx_word' id='word_1_93' title='bbox 1451 1241 1509 1293; x_wconf 90' lang='lat' dir='ltr'><strong>ln</strong></span> <span class='ocrx_word' id='word_1_94' title='bbox 1539 1255 1649 1309; x_wconf 92' lang='lat' dir='ltr'><strong>quo</strong></span> <span class='ocrx_word' id='word_1_95' title='bbox 1691 1239 1929 1293; x_wconf 85' lang='lat' dir='ltr'><strong>ostendit</strong></span> 
     </span>
    </p>
   </div>
   <div class='ocr_carea' id='block_1_13' title="bbox 354 1331 1925 1404">
    <p class='ocr_par' dir='ltr' id='par_1_13' title="bbox 354 1331 1925 1404">
     <span class='ocr_line' id='line_1_13' title="bbox 354 1331 1925 1404; baseline -0.004 -15"><span class='ocrx_word' id='word_1_96' title='bbox 354 1344 409 1389; x_wconf 90' lang='lat' dir='ltr'><strong>et</strong></span> <span class='ocrx_word' id='word_1_97' title='bbox 455 1334 632 1404; x_wconf 89' lang='lat' dir='ltr'><strong>ipsum</strong></span> <span class='ocrx_word' id='word_1_98' title='bbox 689 1332 859 1387; x_wconf 86' lang='lat' dir='ltr'><strong>Deum</strong></span> <span class='ocrx_word' id='word_1_99' title='bbox 898 1332 1220 1387; x_wconf 88' lang='lat' dir='ltr'><strong>charitatem</strong></span> <span class='ocrx_word' id='word_1_100' title='bbox 1266 1347 1408 1398; x_wconf 89' lang='lat' dir='ltr'><strong>esse,</strong></span> <span class='ocrx_word' id='word_1_101' title='bbox 1454 1339 1509 1385; x_wconf 93' lang='lat' dir='ltr'><strong>et</strong></span> <span class='ocrx_word' id='word_1_102' title='bbox 1560 1331 1757 1385; x_wconf 88' lang='lat' dir='ltr'><strong>iterum</strong></span> <span class='ocrx_word' id='word_1_103' title='bbox 1800 1344 1925 1384; x_wconf 90' lang='lat' dir='ltr'><strong>eum</strong></span> 
     </span>
    </p>
   </div>
   <div class='ocr_carea' id='block_1_14' title="bbox 355 1422 1924 1494">
    <p class='ocr_par' dir='ltr' id='par_1_14' title="bbox 355 1422 1924 1494">
     <span class='ocr_line' id='line_1_14' title="bbox 355 1422 1924 1494; baseline -0.001 -17"><span class='ocrx_word' id='word_1_104' title='bbox 355 1426 445 1494; x_wconf 85' lang='lat' dir='ltr'><strong>qui</strong></span> <span class='ocrx_word' id='word_1_105' title='bbox 485 1439 551 1479; x_wconf 75' lang='lat' dir='ltr'><strong>ex</strong></span> <span class='ocrx_word' id='word_1_106' title='bbox 594 1423 704 1478; x_wconf 92' lang='lat' dir='ltr'><strong>Deo</strong></span> <span class='ocrx_word' id='word_1_107' title='bbox 739 1433 841 1489; x_wconf 89' lang='lat' dir='ltr'><strong>est,</strong></span> <span class='ocrx_word' id='word_1_108' title='bbox 884 1423 1207 1479; x_wconf 88' lang='lat' dir='ltr'><strong>charitatem</strong></span> <span class='ocrx_word' id='word_1_109' title='bbox 1254 1438 1395 1479; x_wconf 92' lang='lat' dir='ltr'><strong>esse.</strong></span> <span class='ocrx_word' id='word_1_110' title='bbox 1433 1422 1569 1490; x_wconf 87' lang='lat' dir='ltr'><strong>Quis</strong></span> <span class='ocrx_word' id='word_1_111' title='bbox 1626 1436 1809 1478; x_wconf 89' lang='lat' dir='ltr'><strong>autem</strong></span> <span class='ocrx_word' id='word_1_112' title='bbox 1858 1438 1924 1477; x_wconf 80' lang='lat' dir='ltr'><strong>ex</strong></span> 
     </span>
    </p>
   </div>
   <div class='ocr_carea' id='block_1_15' title="bbox 357 1514 1926 1586">
    <p class='ocr_par' dir='ltr' id='par_1_15' title="bbox 357 1514 1926 1586">
     <span class='ocr_line' id='line_1_15' title="bbox 357 1514 1926 1586; baseline -0.002 -15"><span class='ocrx_word' id='word_1_113' title='bbox 357 1516 465 1571; x_wconf 89' lang='lat' dir='ltr'><strong>Deo</strong></span> <span class='ocrx_word' id='word_1_114' title='bbox 490 1524 593 1581; x_wconf 86' lang='lat' dir='ltr'><strong>est,</strong></span> <span class='ocrx_word' id='word_1_115' title='bbox 623 1514 728 1570; x_wconf 90' lang='lat' dir='ltr'><strong>nisi</strong></span> <span class='ocrx_word' id='word_1_116' title='bbox 756 1515 845 1569; x_wconf 90' lang='lat' dir='ltr'><strong>ille</strong></span> <span class='ocrx_word' id='word_1_117' title='bbox 871 1515 965 1586; x_wconf 88' lang='lat' dir='ltr'><strong>qui</strong></span> <span class='ocrx_word' id='word_1_118' title='bbox 992 1515 1160 1569; x_wconf 89' lang='lat' dir='ltr'><strong>dicit:</strong></span> <span class='ocrx_word' id='word_1_119' title='bbox 1187 1514 1300 1586; x_wconf 83' lang='lat' dir='ltr'><strong>Ego</strong></span> <span class='ocrx_word' id='word_1_120' title='bbox 1319 1531 1386 1569; x_wconf 78' lang='lat' dir='ltr'><strong>ea:</strong></span> <span class='ocrx_word' id='word_1_121' title='bbox 1413 1515 1522 1568; x_wconf 84' lang='lat' dir='ltr'><strong>Deo</strong></span> <span class='ocrx_word' id='word_1_122' title='bbox 1550 1516 1711 1581; x_wconf 71' lang='lat' dir='ltr'><strong>exivi,</strong></span> <span class='ocrx_word' id='word_1_123' title='bbox 1739 1525 1788 1568; x_wconf 90' lang='lat' dir='ltr'><strong>et</strong></span> <span class='ocrx_word' id='word_1_124' title='bbox 1812 1515 1926 1569; x_wconf 82' lang='lat' dir='ltr'><strong>veni</strong></span> 
     </span>
    </p>
   </div>
   <div class='ocr_carea' id='block_1_16' title="bbox 354 1605 1924 1673">
    <p class='ocr_par' dir='ltr' id='par_1_16' title="bbox 354 1605 1924 1673">
     <span class='ocr_line' id='line_1_16' title="bbox 354 1605 1924 1673; baseline 0.003 -15"><span class='ocrx_word' id='word_1_125' title='bbox 354 1607 405 1658; x_wconf 89' lang='lat' dir='ltr'><strong>in</strong></span> <span class='ocrx_word' id='word_1_126' title='bbox 438 1605 577 1659; x_wconf 81' lang='lat' dir='ltr'><strong>hunc</strong></span> <span class='ocrx_word' id='word_1_127' title='bbox 618 1605 875 1659; x_wconf 82' lang='lat' dir='ltr'><strong>mundum</strong></span> <span class='ocrx_word' id='word_1_128' title='bbox 913 1606 994 1660; x_wconf 71' lang='grc'><strong>³⁸2</strong></span> <span class='ocrx_word' id='word_1_129' title='bbox 1038 1606 1194 1673; x_wconf 85' lang='lat' dir='ltr'><strong>Quod</strong></span> <span class='ocrx_word' id='word_1_130' title='bbox 1238 1607 1284 1661; x_wconf 89' lang='lat' dir='ltr'><strong>si</strong></span> <span class='ocrx_word' id='word_1_131' title='bbox 1317 1606 1458 1661; x_wconf 88' lang='lat' dir='ltr'><strong>Deus</strong></span> <span class='ocrx_word' id='word_1_132' title='bbox 1495 1606 1656 1661; x_wconf 88' lang='lat' dir='ltr'><strong>Pater</strong></span> <span class='ocrx_word' id='word_1_133' title='bbox 1685 1607 1924 1663; x_wconf 80' lang='lat' dir='ltr'><strong>Charitas</strong></span> 
     </span>
    </p>
   </div>
   <div class='ocr_carea' id='block_1_17' title="bbox 351 1692 1924 1764">
    <p class='ocr_par' dir='ltr' id='par_1_17' title="bbox 351 1692 1924 1764">
     <span class='ocr_line' id='line_1_17' title="bbox 351 1692 1924 1764; baseline 0.003 -12"><span class='ocrx_word' id='word_1_134' title='bbox 351 1706 453 1762; x_wconf 88' lang='lat' dir='ltr'><strong>est,</strong></span> <span class='ocrx_word' id='word_1_135' title='bbox 478 1706 533 1752; x_wconf 90' lang='lat' dir='ltr'><strong>et</strong></span> <span class='ocrx_word' id='word_1_136' title='bbox 560 1692 733 1753; x_wconf 76' lang='lat' dir='ltr'><strong>Fdius</strong></span> <span class='ocrx_word' id='word_1_137' title='bbox 762 1698 1003 1753; x_wconf 87' lang='lat' dir='ltr'><strong>charitas</strong></span> <span class='ocrx_word' id='word_1_138' title='bbox 1033 1706 1147 1764; x_wconf 85' lang='lat' dir='ltr'><strong>est;</strong></span> <span class='ocrx_word' id='word_1_139' title='bbox 1184 1698 1425 1753; x_wconf 86' lang='lat' dir='ltr'><strong>charitas</strong></span> <span class='ocrx_word' id='word_1_140' title='bbox 1446 1707 1628 1752; x_wconf 87' lang='lat' dir='ltr'><strong>autem</strong></span> <span class='ocrx_word' id='word_1_141' title='bbox 1665 1698 1842 1756; x_wconf 84' lang='lat' dir='ltr'><strong>Patris</strong></span> <span class='ocrx_word' id='word_1_142' title='bbox 1871 1710 1924 1756; x_wconf 88' lang='lat' dir='ltr'><strong>et</strong></span> 
     </span>
    </p>
   </div>
   <div class='ocr_carea' id='block_1_18' title="bbox 2037 508 3610 586">
    <p class='ocr_par' dir='ltr' id='par_1_18' title="bbox 2037 508 3610 586">
     <span class='ocr_line' id='line_1_18' title="bbox 2037 508 3610 586; baseline 0.013 -29"><span class='ocrx_word' id='word_1_143' title='bbox 2037 510 2130 577; x_wconf 86' lang='lat' dir='ltr'><strong>qui</strong></span> <span class='ocrx_word' id='word_1_144' title='bbox 2167 508 2409 564; x_wconf 84' lang='lat' dir='ltr'><strong>videntes</strong></span> <span class='ocrx_word' id='word_1_145' title='bbox 2436 511 2786 575; x_wconf 88' lang='lat' dir='ltr'><strong>seminecem,</strong></span> <span class='ocrx_word' id='word_1_146' title='bbox 2816 513 3227 581; x_wconf 62' lang='lat' dir='ltr'><strong>praeterierunt;</strong></span> <span class='ocrx_word' id='word_1_147' title='bbox 3265 519 3610 586; x_wconf 82' lang='lat' dir='ltr'><strong>amplectitur</strong></span> 
     </span>
    </p>
   </div>
   <div class='ocr_carea' id='block_1_19' title="bbox 2036 598 3607 673">
    <p class='ocr_par' dir='ltr' id='par_1_19' title="bbox 2036 598 3607 673">
     <span class='ocr_line' id='line_1_19' title="bbox 2036 598 3607 673; baseline 0.009 -22"><span class='ocrx_word' id='word_1_148' title='bbox 2036 609 2215 655; x_wconf 81' lang='lat' dir='ltr'><strong>autem</strong></span> <span class='ocrx_word' id='word_1_149' title='bbox 2257 598 2662 654; x_wconf 88' lang='lat' dir='ltr'><strong>Samaritanum</strong></span> <span class='ocrx_word' id='word_1_150' title='bbox 2707 602 2802 671; x_wconf 91' lang='lat' dir='ltr'><strong>qui</strong></span> <span class='ocrx_word' id='word_1_151' title='bbox 2841 603 3270 659; x_wconf 89' lang='lat' dir='ltr'><strong>misericordiam</strong></span> <span class='ocrx_word' id='word_1_152' title='bbox 3314 606 3522 673; x_wconf 79' lang='lat' dir='ltr'><strong>fecerit,</strong></span> <span class='ocrx_word' id='word_1_153' title='bbox 3554 622 3607 665; x_wconf 82' lang='lat' dir='ltr'><strong>et</strong></span> 
     </span>
    </p>
   </div>
   <div class='ocr_carea' id='block_1_20' title="bbox 2037 689 3610 767">
    <p class='ocr_par' dir='ltr' id='par_1_20' title="bbox 2037 689 3610 767">
     <span class='ocr_line' id='line_1_20' title="bbox 2037 689 3610 767; baseline 0.007 -25"><span class='ocrx_word' id='word_1_154' title='bbox 2037 691 2181 744; x_wconf 90' lang='lat' dir='ltr'><strong>hunc</strong></span> <span class='ocrx_word' id='word_1_155' title='bbox 2224 689 2392 744; x_wconf 82' lang='lat' dir='ltr'><strong>fuisse</strong></span> <span class='ocrx_word' id='word_1_156' title='bbox 2438 691 2487 744; x_wconf 90' lang='lat' dir='ltr'><strong>ei</strong></span> <span class='ocrx_word' id='word_1_157' title='bbox 2535 692 2844 760; x_wconf 81' lang='lat' dir='ltr'><strong>proximum</strong></span> <span class='ocrx_word' id='word_1_158' title='bbox 2895 693 3069 763; x_wconf 88' lang='lat' dir='ltr'><strong>ipsius</strong></span> <span class='ocrx_word' id='word_1_159' title='bbox 3113 696 3207 765; x_wconf 91' lang='lat' dir='ltr'><strong>qui</strong></span> <span class='ocrx_word' id='word_1_160' title='bbox 3250 710 3610 767; x_wconf 86' lang='lat' dir='ltr'><strong>proposuerat</strong></span> 
     </span>
    </p>
   </div>
   <div class='ocr_carea' id='block_1_21' title="bbox 2034 782 3610 858">
    <p class='ocr_par' dir='ltr' id='par_1_21' title="bbox 2034 782 3610 858">
     <span class='ocr_line' id='line_1_21' title="bbox 2034 782 3610 858; baseline 0.005 -24"><span class='ocrx_word' id='word_1_161' title='bbox 2034 782 2391 850; x_wconf 84' lang='lat' dir='ltr'><strong>responsione</strong></span> <span class='ocrx_word' id='word_1_162' title='bbox 2433 783 2687 847; x_wconf 82' lang='lat' dir='ltr'><strong>lirmavit,</strong></span> <span class='ocrx_word' id='word_1_163' title='bbox 2717 792 2770 838; x_wconf 84' lang='lat' dir='ltr'><strong>et</strong></span> <span class='ocrx_word' id='word_1_164' title='bbox 2806 785 2882 839; x_wconf 88' lang='lat' dir='ltr'><strong>ait</strong></span> <span class='ocrx_word' id='word_1_165' title='bbox 2904 786 2953 840; x_wconf 89' lang='lat' dir='ltr'><strong>ei</strong></span> <span class='ocrx_word' id='word_1_166' title='bbox 2980 804 2995 840; x_wconf 88' lang='lat'><strong>:</strong></span> <span class='ocrx_word' id='word_1_167' title='bbox 3044 785 3205 851; x_wconf 82' lang='lat' dir='ltr'><strong>Vade,</strong></span> <span class='ocrx_word' id='word_1_168' title='bbox 3247 797 3296 842; x_wconf 89' lang='lat' dir='ltr'><strong>et</strong></span> <span class='ocrx_word' id='word_1_169' title='bbox 3329 797 3384 842; x_wconf 84' lang='lat' dir='ltr'><strong>tu</strong></span> <span class='ocrx_word' id='word_1_170' title='bbox 3413 790 3500 858; x_wconf 80' lang='lat' dir='ltr'><strong>fac</strong></span> <span class='ocrx_word' id='word_1_171' title='bbox 3533 791 3610 844; x_wconf 87' lang='lat' dir='ltr'><strong>si-</strong></span> 
     </span>
    </p>
   </div>
   <div class='ocr_carea' id='block_1_22' title="bbox 2033 872 3603 948">
    <p class='ocr_par' dir='ltr' id='par_1_22' title="bbox 2033 872 3603 948">
     <span class='ocr_line' id='line_1_22' title="bbox 2033 872 3603 948; baseline 0.006 -24"><span class='ocrx_word' id='word_1_172' title='bbox 2033 873 2228 927; x_wconf 80' lang='lat' dir='ltr'><strong>militer</strong></span> <span class='ocrx_word' id='word_1_173' title='bbox 2251 873 2315 928; x_wconf 84' lang='grc'><strong>³⁷.</strong></span> <span class='ocrx_word' id='word_1_174' title='bbox 2345 872 2558 928; x_wconf 88' lang='lat' dir='ltr'><strong>Etenim</strong></span> <span class='ocrx_word' id='word_1_175' title='bbox 2589 882 2787 929; x_wconf 88' lang='lat' dir='ltr'><strong>natura</strong></span> <span class='ocrx_word' id='word_1_176' title='bbox 2817 891 3008 931; x_wconf 91' lang='lat' dir='ltr'><strong>omnes</strong></span> <span class='ocrx_word' id='word_1_177' title='bbox 3037 877 3194 931; x_wconf 91' lang='lat' dir='ltr'><strong>nobis</strong></span> <span class='ocrx_word' id='word_1_178' title='bbox 3219 879 3449 933; x_wconf 71' lang='lat' dir='ltr'><strong>iuvit-em</strong></span> <span class='ocrx_word' id='word_1_179' title='bbox 3474 894 3603 948; x_wconf 90' lang='lat' dir='ltr'><strong>pro-</strong></span> 
     </span>
    </p>
   </div>
   <div class='ocr_carea' id='block_1_23' title="bbox 2032 962 3608 1037">
    <p class='ocr_par' dir='ltr' id='par_1_23' title="bbox 2032 962 3608 1037">
     <span class='ocr_line' id='line_1_23' title="bbox 2032 962 3608 1037; baseline 0.006 -22"><span class='ocrx_word' id='word_1_180' title='bbox 2032 963 2163 1016; x_wconf 79' lang='lat' dir='ltr'><strong>ximi</strong></span> <span class='ocrx_word' id='word_1_181' title='bbox 2194 978 2405 1019; x_wconf 88' lang='lat' dir='ltr'><strong>sumus.</strong></span> <span class='ocrx_word' id='word_1_182' title='bbox 2436 962 2712 1032; x_wconf 87' lang='lat' dir='ltr'><strong>Operibus</strong></span> <span class='ocrx_word' id='word_1_183' title='bbox 2742 979 2869 1019; x_wconf 90' lang='lat' dir='ltr'><strong>vero</strong></span> <span class='ocrx_word' id='word_1_184' title='bbox 2894 966 3178 1023; x_wconf 88' lang='lat' dir='ltr'><strong>cbaritatis</strong></span> <span class='ocrx_word' id='word_1_185' title='bbox 3222 968 3283 1022; x_wconf 87' lang='lat' dir='ltr'><strong>lit</strong></span> <span class='ocrx_word' id='word_1_186' title='bbox 3324 970 3608 1037; x_wconf 80' lang='lat' dir='ltr'><strong>proximus</strong></span> 
     </span>
    </p>
   </div>
   <div class='ocr_carea' id='block_1_24' title="bbox 2032 1051 3606 1126">
    <p class='ocr_par' dir='ltr' id='par_1_24' title="bbox 2032 1051 3606 1126">
     <span class='ocr_line' id='line_1_24' title="bbox 2032 1051 3606 1126; baseline 0.006 -22"><span class='ocrx_word' id='word_1_187' title='bbox 2032 1051 2120 1105; x_wconf 90' lang='lat' dir='ltr'><strong>ille</strong></span> <span class='ocrx_word' id='word_1_188' title='bbox 2152 1053 2246 1122; x_wconf 84' lang='lat' dir='ltr'><strong>qui</strong></span> <span class='ocrx_word' id='word_1_189' title='bbox 2288 1060 2467 1122; x_wconf 87' lang='lat' dir='ltr'><strong>potest</strong></span> <span class='ocrx_word' id='word_1_190' title='bbox 2507 1052 2844 1120; x_wconf 78' lang='lat' dir='ltr'><strong>benefacere,</strong></span> <span class='ocrx_word' id='word_1_191' title='bbox 2877 1055 2925 1108; x_wconf 94' lang='lat' dir='ltr'><strong>ei</strong></span> <span class='ocrx_word' id='word_1_192' title='bbox 2956 1057 3049 1124; x_wconf 91' lang='lat' dir='ltr'><strong>qui</strong></span> <span class='ocrx_word' id='word_1_193' title='bbox 3077 1071 3186 1111; x_wconf 92' lang='lat' dir='ltr'><strong>non</strong></span> <span class='ocrx_word' id='word_1_194' title='bbox 3218 1067 3416 1126; x_wconf 88' lang='lat' dir='ltr'><strong>potest.</strong></span> <span class='ocrx_word' id='word_1_195' title='bbox 3456 1057 3606 1114; x_wconf 88' lang='lat' dir='ltr'><strong>Unde</strong></span> 
     </span>
    </p>
   </div>
   <div class='ocr_carea' id='block_1_25' title="bbox 2027 1142 3607 1216">
    <p class='ocr_par' dir='ltr' id='par_1_25' title="bbox 2027 1142 3607 1216">
     <span class='ocr_line' id='line_1_25' title="bbox 2027 1142 3607 1216; baseline 0.006 -20"><span class='ocrx_word' id='word_1_196' title='bbox 2027 1152 2083 1197; x_wconf 87' lang='lat' dir='ltr'><strong>et</strong></span> <span class='ocrx_word' id='word_1_197' title='bbox 2110 1142 2360 1199; x_wconf 85' lang='lat' dir='ltr'><strong>Salvator</strong></span> <span class='ocrx_word' id='word_1_198' title='bbox 2405 1153 2593 1199; x_wconf 88' lang='lat' dir='ltr'><strong>noster</strong></span> <span class='ocrx_word' id='word_1_199' title='bbox 2635 1143 2811 1199; x_wconf 79' lang='lat' dir='ltr'><strong>lactus</strong></span> <span class='ocrx_word' id='word_1_200' title='bbox 2848 1156 2933 1200; x_wconf 82' lang='lat' dir='ltr'><strong>est</strong></span> <span class='ocrx_word' id='word_1_201' title='bbox 2978 1149 3263 1216; x_wconf 74' lang='lat' dir='ltr'><strong>prosimus</strong></span> <span class='ocrx_word' id='word_1_202' title='bbox 3294 1150 3471 1216; x_wconf 87' lang='lat' dir='ltr'><strong>nobis,</strong></span> <span class='ocrx_word' id='word_1_203' title='bbox 3508 1168 3607 1205; x_wconf 88' lang='lat' dir='ltr'><strong>nec.</strong></span> 
     </span>
    </p>
   </div>
   <div class='ocr_carea' id='block_1_26' title="bbox 2028 1234 3605 1301">
    <p class='ocr_par' dir='ltr' id='par_1_26' title="bbox 2028 1234 3605 1301">
     <span class='ocr_line' id='line_1_26' title="bbox 2028 1234 3605 1301; baseline 0.005 -16"><span class='ocrx_word' id='word_1_204' title='bbox 2028 1234 2377 1301; x_wconf 87' lang='lat' dir='ltr'><strong>pertransivit</strong></span> <span class='ocrx_word' id='word_1_205' title='bbox 2404 1250 2504 1289; x_wconf 88' lang='lat' dir='ltr'><strong>nos</strong></span> <span class='ocrx_word' id='word_1_206' title='bbox 2532 1250 2656 1288; x_wconf 89' lang='lat' dir='ltr'><strong>cum</strong></span> <span class='ocrx_word' id='word_1_207' title='bbox 2691 1235 2995 1291; x_wconf 87' lang='lat' dir='ltr'><strong>semineces</strong></span> <span class='ocrx_word' id='word_1_208' title='bbox 3024 1253 3089 1291; x_wconf 84' lang='lat' dir='ltr'><strong>ex</strong></span> <span class='ocrx_word' id='word_1_209' title='bbox 3122 1238 3392 1292; x_wconf 87' lang='lat' dir='ltr'><strong>latronum</strong></span> <span class='ocrx_word' id='word_1_210' title='bbox 3420 1240 3605 1293; x_wconf 89' lang='lat' dir='ltr'><strong>vulne-</strong></span> 
     </span>
    </p>
   </div>
   <div class='ocr_carea' id='block_1_27' title="bbox 2029 1323 3605 1396">
    <p class='ocr_par' dir='ltr' id='par_1_27' title="bbox 2029 1323 3605 1396">
     <span class='ocr_line' id='line_1_27' title="bbox 2029 1323 3605 1396; baseline 0.006 -20"><span class='ocrx_word' id='word_1_211' title='bbox 2029 1324 2180 1378; x_wconf 83' lang='lat' dir='ltr'><strong>ribus</strong></span> <span class='ocrx_word' id='word_1_212' title='bbox 2203 1323 2534 1393; x_wconf 87' lang='lat' dir='ltr'><strong>jaccremus.</strong></span> <span class='ocrx_word' id='word_1_213' title='bbox 2571 1324 2738 1396; x_wconf 89' lang='lat' dir='ltr'><strong>Igitur</strong></span> <span class='ocrx_word' id='word_1_214' title='bbox 2778 1326 3064 1382; x_wconf 90' lang='lat' dir='ltr'><strong>sciendum</strong></span> <span class='ocrx_word' id='word_1_215' title='bbox 3108 1338 3194 1383; x_wconf 89' lang='lat' dir='ltr'><strong>est</strong></span> <span class='ocrx_word' id='word_1_216' title='bbox 3241 1328 3335 1385; x_wconf 87' lang='lat' dir='ltr'><strong>Dei</strong></span> <span class='ocrx_word' id='word_1_217' title='bbox 3367 1330 3605 1386; x_wconf 81' lang='lat' dir='ltr'><strong>charita-</strong></span> 
     </span>
    </p>
   </div>
   <div class='ocr_carea' id='block_1_28' title="bbox 2029 1416 3604 1491">
    <p class='ocr_par' dir='ltr' id='par_1_28' title="bbox 2029 1416 3604 1491">
     <span class='ocr_line' id='line_1_28' title="bbox 2029 1416 3604 1491; baseline 0.004 -23"><span class='ocrx_word' id='word_1_218' title='bbox 2029 1425 2135 1468; x_wconf 85' lang='lat' dir='ltr'><strong>tem</strong></span> <span class='ocrx_word' id='word_1_219' title='bbox 2164 1430 2379 1485; x_wconf 83' lang='lat' dir='ltr'><strong>semper</strong></span> <span class='ocrx_word' id='word_1_220' title='bbox 2399 1418 2465 1471; x_wconf 86' lang='lat' dir='ltr'><strong>ad</strong></span> <span class='ocrx_word' id='word_1_221' title='bbox 2491 1416 2663 1473; x_wconf 89' lang='lat' dir='ltr'><strong>Deum</strong></span> <span class='ocrx_word' id='word_1_222' title='bbox 2689 1420 2930 1485; x_wconf 90' lang='lat' dir='ltr'><strong>tendere,</strong></span> <span class='ocrx_word' id='word_1_223' title='bbox 2952 1436 2983 1475; x_wconf 92' lang='lat' dir='ltr'><strong>a</strong></span> <span class='ocrx_word' id='word_1_224' title='bbox 3009 1436 3118 1491; x_wconf 90' lang='lat' dir='ltr'><strong>quo</strong></span> <span class='ocrx_word' id='word_1_225' title='bbox 3144 1420 3409 1490; x_wconf 75' lang='lat' dir='ltr'><strong>originem</strong></span> <span class='ocrx_word' id='word_1_226' title='bbox 3428 1422 3604 1487; x_wconf 76' lang='lat' dir='ltr'><strong>duxit,</strong></span> 
     </span>
    </p>
   </div>
   <div class='ocr_carea' id='block_1_29' title="bbox 2026 1505 3601 1581">
    <p class='ocr_par' dir='ltr' id='par_1_29' title="bbox 2026 1505 3601 1581">
     <span class='ocr_line' id='line_1_29' title="bbox 2026 1505 3601 1581; baseline 0.004 -23"><span class='ocrx_word' id='word_1_227' title='bbox 2026 1514 2081 1559; x_wconf 91' lang='lat' dir='ltr'><strong>et</strong></span> <span class='ocrx_word' id='word_1_228' title='bbox 2112 1505 2179 1559; x_wconf 90' lang='lat' dir='ltr'><strong>ad</strong></span> <span class='ocrx_word' id='word_1_229' title='bbox 2227 1508 2537 1576; x_wconf 75' lang='lat' dir='ltr'><strong>proximum</strong></span> <span class='ocrx_word' id='word_1_230' title='bbox 2586 1510 2876 1580; x_wconf 81' lang='lat' dir='ltr'><strong>respicere,</strong></span> <span class='ocrx_word' id='word_1_231' title='bbox 2924 1527 3050 1565; x_wconf 92' lang='lat' dir='ltr'><strong>cum</strong></span> <span class='ocrx_word' id='word_1_232' title='bbox 3100 1525 3211 1580; x_wconf 90' lang='lat' dir='ltr'><strong>quo</strong></span> <span class='ocrx_word' id='word_1_233' title='bbox 3261 1512 3601 1581; x_wconf 74' lang='lat' dir='ltr'><strong>participium</strong></span> 
     </span>
    </p>
   </div>
   <div class='ocr_carea' id='block_1_30' title="bbox 2029 1596 3601 1672">
    <p class='ocr_par' dir='ltr' id='par_1_30' title="bbox 2029 1596 3601 1672">
     <span class='ocr_line' id='line_1_30' title="bbox 2029 1596 3601 1672; baseline 0.005 -23"><span class='ocrx_word' id='word_1_234' title='bbox 2029 1596 2209 1651; x_wconf 90' lang='lat' dir='ltr'><strong>inierit</strong></span> <span class='ocrx_word' id='word_1_235' title='bbox 2238 1597 2375 1668; x_wconf 86' lang='lat' dir='ltr'><strong>(l5),</strong></span> <span class='ocrx_word' id='word_1_236' title='bbox 2403 1609 2586 1669; x_wconf 87' lang='lat' dir='ltr'><strong>utpote</strong></span> <span class='ocrx_word' id='word_1_237' title='bbox 2611 1602 2863 1658; x_wconf 80' lang='lat' dir='ltr'><strong>similiter</strong></span> <span class='ocrx_word' id='word_1_238' title='bbox 2888 1612 3134 1658; x_wconf 82' lang='lat' dir='ltr'><strong>creatum</strong></span> <span class='ocrx_word' id='word_1_239' title='bbox 3159 1603 3214 1657; x_wconf 90' lang='lat' dir='ltr'><strong>in</strong></span> <span class='ocrx_word' id='word_1_240' title='bbox 3236 1605 3601 1672; x_wconf 80' lang='lat' dir='ltr'><strong>corruptione.</strong></span> 
     </span>
    </p>
   </div>
   <div class='ocr_carea' id='block_1_31' title="bbox 2028 1687 3604 1764">
    <p class='ocr_par' dir='ltr' id='par_1_31' title="bbox 2028 1687 3604 1764">
     <span class='ocr_line' id='line_1_31' title="bbox 2028 1687 3604 1764; baseline 0.004 -22"><span class='ocrx_word' id='word_1_241' title='bbox 2028 1687 2119 1743; x_wconf 91' lang='lat' dir='ltr'><strong>Sic</strong></span> <span class='ocrx_word' id='word_1_242' title='bbox 2144 1703 2274 1757; x_wconf 80' lang='lat' dir='ltr'><strong>ergo</strong></span> <span class='ocrx_word' id='word_1_243' title='bbox 2302 1705 2642 1760; x_wconf 79' lang='lat' dir='ltr'><strong>quaecunque</strong></span> <span class='ocrx_word' id='word_1_244' title='bbox 2668 1694 2735 1748; x_wconf 88' lang='lat' dir='ltr'><strong>de</strong></span> <span class='ocrx_word' id='word_1_245' title='bbox 2755 1695 3023 1749; x_wconf 85' lang='lat' dir='ltr'><strong>charitate</strong></span> <span class='ocrx_word' id='word_1_246' title='bbox 3047 1696 3247 1764; x_wconf 88' lang='lat' dir='ltr'><strong>scripta</strong></span> <span class='ocrx_word' id='word_1_247' title='bbox 3274 1703 3423 1758; x_wconf 82' lang='lat' dir='ltr'><strong>sum,</strong></span> <span class='ocrx_word' id='word_1_248' title='bbox 3446 1697 3604 1764; x_wconf 90' lang='lat' dir='ltr'><strong>quasi</strong></span> 
     </span>
    </p>
   </div>
   <div class='ocr_carea' id='block_1_32' title="bbox 350 1761 3601 1859">
    <p class='ocr_par' dir='ltr' id='par_1_32' title="bbox 350 1761 3601 1859">
     <span class='ocr_line' id='line_1_32' title="bbox 350 1761 3601 1859; baseline 0.006 -38"><span class='ocrx_word' id='word_1_249' title='bbox 350 1761 587 1841; x_wconf 58' lang='grc' dir='ltr'>ειηηίιπ</span> <span class='ocrx_word' id='word_1_250' title='bbox 629 1786 754 1840; x_wconf 60' lang='lat' dir='ltr'><strong>Fin;</strong></span> <span class='ocrx_word' id='word_1_251' title='bbox 804 1802 974 1841; x_wconf 73' lang='lat' dir='ltr'><strong>unum</strong></span> <span class='ocrx_word' id='word_1_252' title='bbox 1017 1761 1171 1852; x_wconf 58' lang='grc' dir='ltr'><strong>δυηί,</strong></span> <span class='ocrx_word' id='word_1_253' title='bbox 1214 1801 1324 1841; x_wconf 74' lang='lat' dir='ltr'><strong>non</strong></span> <span class='ocrx_word' id='word_1_254' title='bbox 1373 1802 1551 1853; x_wconf 62' lang='lat' dir='ltr'><strong>unus;</strong></span> <span class='ocrx_word' id='word_1_255' title='bbox 1580 1803 1922 1859; x_wconf 65' lang='lat' dir='ltr'><strong>conseque&quot;-</strong></span> <span class='ocrx_word' id='word_1_256' title='bbox 1956 1761 1996 1813; x_wconf 71' lang='grc' dir='ltr'><strong>Β</strong></span> <span class='ocrx_word' id='word_1_257' title='bbox 2025 1777 2093 1830; x_wconf 90' lang='lat' dir='ltr'><strong>de</strong></span> <span class='ocrx_word' id='word_1_258' title='bbox 2118 1792 2305 1833; x_wconf 89' lang='lat' dir='ltr'><strong>amore</strong></span> <span class='ocrx_word' id='word_1_259' title='bbox 2343 1779 2487 1833; x_wconf 86' lang='lat' dir='ltr'><strong>dicta</strong></span> <span class='ocrx_word' id='word_1_260' title='bbox 2518 1781 2757 1849; x_wconf 86' lang='lat' dir='ltr'><strong>suscipe,</strong></span> <span class='ocrx_word' id='word_1_261' title='bbox 2778 1783 2915 1836; x_wconf 86' lang='lat' dir='ltr'><strong>nihil</strong></span> <span class='ocrx_word' id='word_1_262' title='bbox 2936 1783 3003 1838; x_wconf 86' lang='lat' dir='ltr'><strong>de</strong></span> <span class='ocrx_word' id='word_1_263' title='bbox 3032 1761 3346 1840; x_wconf 83' lang='lat' dir='ltr'><strong>nominibus</strong></span> <span class='ocrx_word' id='word_1_264' title='bbox 3380 1761 3601 1840; x_wconf 76' lang='lat' dir='ltr'><strong>curans.</strong></span> 
     </span>
    </p>
   </div>
   <div class='ocr_carea' id='block_1_33' title="bbox 354 1878 1921 1948">
    <p class='ocr_par' dir='ltr' id='par_1_33' title="bbox 354 1878 1921 1948">
     <span class='ocr_line' id='line_1_33' title="bbox 354 1878 1921 1948; baseline 0.003 -17"><span class='ocrx_word' id='word_1_265' title='bbox 354 1888 434 1932; x_wconf 85' lang='lat' dir='ltr'><strong>ter</strong></span> <span class='ocrx_word' id='word_1_266' title='bbox 466 1878 581 1948; x_wconf 76' lang='lat' dir='ltr'><strong>(l3)</strong></span> <span class='ocrx_word' id='word_1_267' title='bbox 611 1892 745 1948; x_wconf 78' lang='lat' dir='ltr'><strong>ergo</strong></span> <span class='ocrx_word' id='word_1_268' title='bbox 776 1878 936 1932; x_wconf 88' lang='lat' dir='ltr'><strong>Pater</strong></span> <span class='ocrx_word' id='word_1_269' title='bbox 969 1890 1019 1933; x_wconf 89' lang='grc' dir='ltr'><strong>ει</strong></span> <span class='ocrx_word' id='word_1_270' title='bbox 1048 1878 1220 1938; x_wconf 83' lang='lat' dir='ltr'><strong>Filius</strong></span> <span class='ocrx_word' id='word_1_271' title='bbox 1260 1894 1428 1933; x_wconf 91' lang='lat' dir='ltr'><strong>unum</strong></span> <span class='ocrx_word' id='word_1_272' title='bbox 1468 1878 1631 1934; x_wconf 77' lang='lat' dir='ltr'><strong>bene-</strong></span> <span class='ocrx_word' id='word_1_273' title='bbox 1646 1880 1921 1935; x_wconf 89' lang='lat' dir='ltr'><strong>dicuntur.</strong></span> 
     </span>
    </p>
   </div>
   <div class='ocr_carea' id='block_1_34' title="bbox 350 1968 1927 2041">
    <p class='ocr_par' dir='ltr' id='par_1_34' title="bbox 350 1968 1927 2041">
     <span class='ocr_line' id='line_1_34' title="bbox 350 1968 1927 2041; baseline 0.003 -20"><span class='ocrx_word' id='word_1_274' title='bbox 350 1968 416 2021; x_wconf 79' lang='lat' dir='ltr'><strong>Et</strong></span> <span class='ocrx_word' id='word_1_275' title='bbox 466 1969 588 2022; x_wconf 90' lang='lat' dir='ltr'><strong>ideo</strong></span> <span class='ocrx_word' id='word_1_276' title='bbox 627 1969 1014 2023; x_wconf 86' lang='lat' dir='ltr'><strong>convenienter</strong></span> <span class='ocrx_word' id='word_1_277' title='bbox 1058 1969 1312 2026; x_wconf 81' lang='lat' dir='ltr'><strong>Christus</strong></span> <span class='ocrx_word' id='word_1_278' title='bbox 1355 1972 1497 2025; x_wconf 91' lang='lat' dir='ltr'><strong>sicut</strong></span> <span class='ocrx_word' id='word_1_279' title='bbox 1537 1972 1828 2041; x_wconf 87' lang='lat' dir='ltr'><strong>sapientia,</strong></span> <span class='ocrx_word' id='word_1_280' title='bbox 1871 1981 1927 2026; x_wconf 89' lang='lat' dir='ltr'><strong>et</strong></span> 
     </span>
    </p>
   </div>
   <div class='ocr_carea' id='block_1_35' title="bbox 351 2056 1926 2126">
    <p class='ocr_par' dir='ltr' id='par_1_35' title="bbox 351 2056 1926 2126">
     <span class='ocr_line' id='line_1_35' title="bbox 351 2056 1926 2126; baseline 0.004 -16"><span class='ocrx_word' id='word_1_281' title='bbox 351 2056 546 2119; x_wconf 85' lang='lat' dir='ltr'><strong>virtus,</strong></span> <span class='ocrx_word' id='word_1_282' title='bbox 569 2065 624 2111; x_wconf 89' lang='lat' dir='ltr'><strong>et</strong></span> <span class='ocrx_word' id='word_1_283' title='bbox 643 2056 876 2126; x_wconf 86' lang='lat' dir='ltr'><strong>justitia,</strong></span> <span class='ocrx_word' id='word_1_284' title='bbox 907 2066 963 2111; x_wconf 92' lang='lat' dir='ltr'><strong>ct</strong></span> <span class='ocrx_word' id='word_1_285' title='bbox 993 2059 1244 2124; x_wconf 86' lang='lat' dir='ltr'><strong>verbum,</strong></span> <span class='ocrx_word' id='word_1_286' title='bbox 1271 2067 1326 2113; x_wconf 91' lang='lat' dir='ltr'><strong>et</strong></span> <span class='ocrx_word' id='word_1_287' title='bbox 1353 2060 1569 2125; x_wconf 88' lang='lat' dir='ltr'><strong>veritas,</strong></span> <span class='ocrx_word' id='word_1_288' title='bbox 1599 2062 1672 2115; x_wconf 88' lang='lat' dir='ltr'><strong>ita</strong></span> <span class='ocrx_word' id='word_1_289' title='bbox 1711 2068 1765 2117; x_wconf 92' lang='lat' dir='ltr'><strong>et</strong></span> <span class='ocrx_word' id='word_1_290' title='bbox 1794 2062 1926 2116; x_wconf 88' lang='lat' dir='ltr'><strong>cha-</strong></span> 
     </span>
    </p>
   </div>
   <div class='ocr_carea' id='block_1_36' title="bbox 350 2146 1926 2221">
    <p class='ocr_par' dir='ltr' id='par_1_36' title="bbox 350 2146 1926 2221">
     <span class='ocr_line' id='line_1_36' title="bbox 350 2146 1926 2221; baseline 0.003 -20"><span class='ocrx_word' id='word_1_291' title='bbox 350 2147 484 2202; x_wconf 84' lang='lat' dir='ltr'><strong>ritas</strong></span> <span class='ocrx_word' id='word_1_292' title='bbox 514 2147 735 2201; x_wconf 86' lang='lat' dir='ltr'><strong>dicitur.</strong></span> <span class='ocrx_word' id='word_1_293' title='bbox 768 2146 836 2201; x_wconf 89' lang='lat' dir='ltr'><strong>Et</strong></span> <span class='ocrx_word' id='word_1_294' title='bbox 866 2147 986 2202; x_wconf 90' lang='lat' dir='ltr'><strong>ideo</strong></span> <span class='ocrx_word' id='word_1_295' title='bbox 1019 2148 1149 2204; x_wconf 90' lang='lat' dir='ltr'><strong>dicit</strong></span> <span class='ocrx_word' id='word_1_296' title='bbox 1181 2150 1461 2219; x_wconf 86' lang='lat' dir='ltr'><strong>Scriptura</strong></span> <span class='ocrx_word' id='word_1_297' title='bbox 1502 2150 1628 2221; x_wconf 87' lang='lat' dir='ltr'><strong>quia</strong></span> <span class='ocrx_word' id='word_1_298' title='bbox 1658 2152 1704 2207; x_wconf 89' lang='lat' dir='ltr'><strong>si</strong></span> <span class='ocrx_word' id='word_1_299' title='bbox 1743 2154 1926 2207; x_wconf 85' lang='lat' dir='ltr'><strong>chari—</strong></span> 
     </span>
    </p>
   </div>
   <div class='ocr_carea' id='block_1_37' title="bbox 350 2238 1919 2314">
    <p class='ocr_par' dir='ltr' id='par_1_37' title="bbox 350 2238 1919 2314">
     <span class='ocr_line' id='line_1_37' title="bbox 350 2238 1919 2314; baseline 0.003 -22"><span class='ocrx_word' id='word_1_300' title='bbox 350 2248 435 2293; x_wconf 88' lang='lat' dir='ltr'><strong>tas</strong></span> <span class='ocrx_word' id='word_1_301' title='bbox 467 2248 649 2293; x_wconf 84' lang='lat' dir='ltr'><strong>manet</strong></span> <span class='ocrx_word' id='word_1_302' title='bbox 697 2239 752 2293; x_wconf 93' lang='lat' dir='ltr'><strong>in</strong></span> <span class='ocrx_word' id='word_1_303' title='bbox 782 2239 960 2303; x_wconf 82' lang='lat' dir='ltr'><strong>nobis,</strong></span> <span class='ocrx_word' id='word_1_304' title='bbox 997 2238 1138 2296; x_wconf 86' lang='lat' dir='ltr'><strong>Deus</strong></span> <span class='ocrx_word' id='word_1_305' title='bbox 1185 2242 1238 2295; x_wconf 91' lang='lat' dir='ltr'><strong>in</strong></span> <span class='ocrx_word' id='word_1_306' title='bbox 1276 2243 1437 2298; x_wconf 90' lang='lat' dir='ltr'><strong>nobis</strong></span> <span class='ocrx_word' id='word_1_307' title='bbox 1478 2242 1592 2314; x_wconf 79' lang='grc'><strong>(14)</strong></span> <span class='ocrx_word' id='word_1_308' title='bbox 1631 2253 1816 2299; x_wconf 88' lang='lat' dir='ltr'><strong>manet</strong></span> <span class='ocrx_word' id='word_1_309' title='bbox 1854 2245 1919 2297; x_wconf 81' lang='grc'><strong>⁸³.</strong></span> 
     </span>
    </p>
   </div>
   <div class='ocr_carea' id='block_1_38' title="bbox 351 2326 1925 2403">
    <p class='ocr_par' dir='ltr' id='par_1_38' title="bbox 351 2326 1925 2403">
     <span class='ocr_line' id='line_1_38' title="bbox 351 2326 1925 2403; baseline 0.007 -23"><span class='ocrx_word' id='word_1_310' title='bbox 351 2326 496 2384; x_wconf 86' lang='lat' dir='ltr'><strong>Deus</strong></span> <span class='ocrx_word' id='word_1_311' title='bbox 527 2336 732 2393; x_wconf 86' lang='lat' dir='ltr'><strong>autem,</strong></span> <span class='ocrx_word' id='word_1_312' title='bbox 765 2329 820 2383; x_wconf 89' lang='lat' dir='ltr'><strong>id</strong></span> <span class='ocrx_word' id='word_1_313' title='bbox 851 2339 935 2385; x_wconf 97' lang='grc' dir='ltr'><strong>εει</strong></span> <span class='ocrx_word' id='word_1_314' title='bbox 989 2328 1147 2385; x_wconf 87' lang='lat' dir='ltr'><strong>Pater</strong></span> <span class='ocrx_word' id='word_1_315' title='bbox 1174 2341 1229 2387; x_wconf 91' lang='lat' dir='ltr'><strong>ct</strong></span> <span class='ocrx_word' id='word_1_316' title='bbox 1260 2331 1453 2400; x_wconf 88' lang='lat' dir='ltr'><strong>Filius,</strong></span> <span class='ocrx_word' id='word_1_317' title='bbox 1489 2334 1582 2403; x_wconf 86' lang='lat' dir='ltr'><strong>qui</strong></span> <span class='ocrx_word' id='word_1_318' title='bbox 1613 2343 1668 2390; x_wconf 91' lang='lat' dir='ltr'><strong>et</strong></span> <span class='ocrx_word' id='word_1_319' title='bbox 1698 2336 1925 2391; x_wconf 88' lang='lat' dir='ltr'><strong>veniunt</strong></span> 
     </span>
    </p>
   </div>
   <div class='ocr_carea' id='block_1_39' title="bbox 349 2418 1918 2491">
    <p class='ocr_par' dir='ltr' id='par_1_39' title="bbox 349 2418 1918 2491">
     <span class='ocr_line' id='line_1_39' title="bbox 349 2418 1918 2491; baseline 0.006 -19"><span class='ocrx_word' id='word_1_320' title='bbox 349 2418 418 2473; x_wconf 90' lang='lat' dir='ltr'><strong>ad</strong></span> <span class='ocrx_word' id='word_1_321' title='bbox 452 2434 576 2474; x_wconf 89' lang='lat' dir='ltr'><strong>eum</strong></span> <span class='ocrx_word' id='word_1_322' title='bbox 619 2419 712 2489; x_wconf 91' lang='lat' dir='ltr'><strong>qui</strong></span> <span class='ocrx_word' id='word_1_323' title='bbox 746 2419 1018 2488; x_wconf 81' lang='lat' dir='ltr'><strong>perfectus</strong></span> <span class='ocrx_word' id='word_1_324' title='bbox 1062 2422 1118 2476; x_wconf 91' lang='lat' dir='ltr'><strong>in</strong></span> <span class='ocrx_word' id='word_1_325' title='bbox 1165 2423 1428 2478; x_wconf 88' lang='lat' dir='ltr'><strong>charitate</strong></span> <span class='ocrx_word' id='word_1_326' title='bbox 1468 2438 1573 2491; x_wconf 86' lang='lat' dir='ltr'><strong>est,</strong></span> <span class='ocrx_word' id='word_1_327' title='bbox 1618 2426 1918 2482; x_wconf 75' lang='lat' dir='ltr'><strong>secundum</strong></span> 
     </span>
    </p>
   </div>
   <div class='ocr_carea' id='block_1_40' title="bbox 350 2508 1924 2584">
    <p class='ocr_par' dir='ltr' id='par_1_40' title="bbox 350 2508 1924 2584">
     <span class='ocr_line' id='line_1_40' title="bbox 350 2508 1924 2584; baseline 0.007 -24"><span class='ocrx_word' id='word_1_328' title='bbox 350 2508 576 2563; x_wconf 86' lang='lat' dir='ltr'><strong>verbum</strong></span> <span class='ocrx_word' id='word_1_329' title='bbox 609 2508 822 2565; x_wconf 89' lang='lat' dir='ltr'><strong>Domini</strong></span> <span class='ocrx_word' id='word_1_330' title='bbox 851 2518 906 2564; x_wconf 87' lang='lat' dir='ltr'><strong>et</strong></span> <span class='ocrx_word' id='word_1_331' title='bbox 931 2510 1231 2567; x_wconf 87' lang='lat' dir='ltr'><strong>Salvatoris</strong></span> <span class='ocrx_word' id='word_1_332' title='bbox 1258 2514 1530 2569; x_wconf 88' lang='lat' dir='ltr'><strong>dicentis:</strong></span> <span class='ocrx_word' id='word_1_333' title='bbox 1569 2514 1684 2584; x_wconf 81' lang='lat' dir='ltr'><strong>Ego</strong></span> <span class='ocrx_word' id='word_1_334' title='bbox 1720 2526 1770 2569; x_wconf 85' lang='lat' dir='ltr'><strong>et</strong></span> <span class='ocrx_word' id='word_1_335' title='bbox 1813 2516 1924 2571; x_wconf 88' lang='lat' dir='ltr'><strong>Pa-</strong></span> 
     </span>
    </p>
   </div>
   <div class='ocr_carea' id='block_1_41' title="bbox 349 2600 1923 2674">
    <p class='ocr_par' dir='ltr' id='par_1_41' title="bbox 349 2600 1923 2674">
     <span class='ocr_line' id='line_1_41' title="bbox 349 2600 1923 2674; baseline 0.003 -19"><span class='ocrx_word' id='word_1_336' title='bbox 349 2610 428 2655; x_wconf 86' lang='lat' dir='ltr'><strong>ter</strong></span> <span class='ocrx_word' id='word_1_337' title='bbox 457 2601 717 2655; x_wconf 75' lang='lat' dir='ltr'><strong>veniemus</strong></span> <span class='ocrx_word' id='word_1_338' title='bbox 761 2600 830 2654; x_wconf 86' lang='lat' dir='ltr'><strong>ad</strong></span> <span class='ocrx_word' id='word_1_339' title='bbox 874 2617 1015 2665; x_wconf 79' lang='lat' dir='ltr'><strong>eum,</strong></span> <span class='ocrx_word' id='word_1_340' title='bbox 1046 2609 1095 2655; x_wconf 87' lang='lat' dir='ltr'><strong>et</strong></span> <span class='ocrx_word' id='word_1_341' title='bbox 1129 2603 1454 2656; x_wconf 75' lang='lat' dir='ltr'><strong>mansionem</strong></span> <span class='ocrx_word' id='word_1_342' title='bbox 1483 2603 1740 2672; x_wconf 79' lang='lat' dir='ltr'><strong>faciemus</strong></span> <span class='ocrx_word' id='word_1_343' title='bbox 1780 2609 1923 2674; x_wconf 81' lang='lat' dir='ltr'><strong>apud</strong></span> 
     </span>
    </p>
   </div>
   <div class='ocr_carea' id='block_1_42' title="bbox 348 2688 1924 2767">
    <p class='ocr_par' dir='ltr' id='par_1_42' title="bbox 348 2688 1924 2767">
     <span class='ocr_line' id='line_1_42' title="bbox 348 2688 1924 2767; baseline 0.007 -26"><span class='ocrx_word' id='word_1_344' title='bbox 348 2704 467 2741; x_wconf 84' lang='lat' dir='ltr'><strong>eum</strong></span> <span class='ocrx_word' id='word_1_345' title='bbox 490 2688 554 2743; x_wconf 75' lang='lat'><strong>“.</strong></span> <span class='ocrx_word' id='word_1_346' title='bbox 586 2688 878 2745; x_wconf 85' lang='lat' dir='ltr'><strong>Sciendum</strong></span> <span class='ocrx_word' id='word_1_347' title='bbox 907 2705 1039 2760; x_wconf 83' lang='lat' dir='ltr'><strong>ergo</strong></span> <span class='ocrx_word' id='word_1_348' title='bbox 1066 2698 1169 2754; x_wconf 90' lang='lat' dir='ltr'><strong>est,</strong></span> <span class='ocrx_word' id='word_1_349' title='bbox 1201 2692 1347 2760; x_wconf 88' lang='lat' dir='ltr'><strong>quod</strong></span> <span class='ocrx_word' id='word_1_350' title='bbox 1394 2692 1509 2747; x_wconf 63' lang='lat' dir='ltr'><strong>haec</strong></span> <span class='ocrx_word' id='word_1_351' title='bbox 1531 2695 1771 2751; x_wconf 90' lang='lat' dir='ltr'><strong>charitas</strong></span> <span class='ocrx_word' id='word_1_352' title='bbox 1801 2713 1924 2767; x_wconf 74' lang='lat' dir='ltr'><strong>qua:</strong></span> 
     </span>
    </p>
   </div>
   <div class='ocr_carea' id='block_1_43' title="bbox 352 2776 1923 2854">
    <p class='ocr_par' dir='ltr' id='par_1_43' title="bbox 352 2776 1923 2854">
     <span class='ocr_line' id='line_1_43' title="bbox 352 2776 1923 2854; baseline 0.007 -23"><span class='ocrx_word' id='word_1_353' title='bbox 352 2776 494 2833; x_wconf 89' lang='lat' dir='ltr'><strong>Deus</strong></span> <span class='ocrx_word' id='word_1_354' title='bbox 529 2787 632 2845; x_wconf 88' lang='lat' dir='ltr'><strong>est,</strong></span> <span class='ocrx_word' id='word_1_355' title='bbox 670 2795 795 2833; x_wconf 90' lang='lat' dir='ltr'><strong>cum</strong></span> <span class='ocrx_word' id='word_1_356' title='bbox 825 2779 880 2834; x_wconf 91' lang='lat' dir='ltr'><strong>in</strong></span> <span class='ocrx_word' id='word_1_357' title='bbox 923 2780 1107 2850; x_wconf 89' lang='lat' dir='ltr'><strong>aliquo</strong></span> <span class='ocrx_word' id='word_1_358' title='bbox 1132 2781 1315 2849; x_wconf 80' lang='lat' dir='ltr'><strong>fuerit,</strong></span> <span class='ocrx_word' id='word_1_359' title='bbox 1347 2784 1480 2837; x_wconf 86' lang='lat' dir='ltr'><strong>nihil</strong></span> <span class='ocrx_word' id='word_1_360' title='bbox 1511 2793 1808 2854; x_wconf 89' lang='lat' dir='ltr'><strong>terrenum,</strong></span> <span class='ocrx_word' id='word_1_361' title='bbox 1838 2789 1923 2842; x_wconf 87' lang='lat' dir='ltr'><strong>ni-</strong></span> 
     </span>
    </p>
   </div>
   <div class='ocr_carea' id='block_1_44' title="bbox 353 2870 1918 2947">
    <p class='ocr_par' dir='ltr' id='par_1_44' title="bbox 353 2870 1918 2947">
     <span class='ocr_line' id='line_1_44' title="bbox 353 2870 1918 2947; baseline 0.009 -23"><span class='ocrx_word' id='word_1_362' title='bbox 353 2870 429 2925; x_wconf 90' lang='lat' dir='ltr'><strong>hil</strong></span> <span class='ocrx_word' id='word_1_363' title='bbox 457 2872 756 2937; x_wconf 83' lang='lat' dir='ltr'><strong>materiale,</strong></span> <span class='ocrx_word' id='word_1_364' title='bbox 795 2873 928 2928; x_wconf 90' lang='lat' dir='ltr'><strong>nihil</strong></span> <span class='ocrx_word' id='word_1_365' title='bbox 970 2874 1321 2943; x_wconf 89' lang='lat' dir='ltr'><strong>corruptibile</strong></span> <span class='ocrx_word' id='word_1_366' title='bbox 1350 2876 1543 2947; x_wconf 80' lang='lat' dir='ltr'><strong>diligit.</strong></span> <span class='ocrx_word' id='word_1_367' title='bbox 1568 2878 1772 2936; x_wconf 82' lang='lat' dir='ltr'><strong>Contra</strong></span> <span class='ocrx_word' id='word_1_368' title='bbox 1818 2899 1918 2938; x_wconf 84' lang='lat' dir='ltr'><strong>na-</strong></span> 
     </span>
    </p>
   </div>
   <div class='ocr_carea' id='block_1_45' title="bbox 351 2965 1913 3043">
    <p class='ocr_par' dir='ltr' id='par_1_45' title="bbox 351 2965 1913 3043">
     <span class='ocr_line' id='line_1_45' title="bbox 351 2965 1913 3043; baseline 0.008 -28"><span class='ocrx_word' id='word_1_369' title='bbox 351 2970 527 3017; x_wconf 87' lang='lat' dir='ltr'><strong>turam</strong></span> <span class='ocrx_word' id='word_1_370' title='bbox 559 2977 794 3032; x_wconf 83' lang='lat' dir='ltr'><strong>namque</strong></span> <span class='ocrx_word' id='word_1_371' title='bbox 817 2972 898 3019; x_wconf 91' lang='grc' dir='ltr'><strong>εει</strong></span> <span class='ocrx_word' id='word_1_372' title='bbox 938 2965 990 3021; x_wconf 87' lang='lat' dir='ltr'><strong>ei</strong></span> <span class='ocrx_word' id='word_1_373' title='bbox 1028 2966 1378 3036; x_wconf 85' lang='lat' dir='ltr'><strong>corruptibile</strong></span> <span class='ocrx_word' id='word_1_374' title='bbox 1418 2968 1624 3039; x_wconf 87' lang='lat' dir='ltr'><strong>aliquid</strong></span> <span class='ocrx_word' id='word_1_375' title='bbox 1667 2972 1913 3043; x_wconf 82' lang='lat' dir='ltr'><strong>diligere,</strong></span> 
     </span>
    </p>
   </div>
   <div class='ocr_carea' id='block_1_46' title="bbox 349 3053 1988 3147">
    <p class='ocr_par' dir='ltr' id='par_1_46' title="bbox 349 3053 1988 3147">
     <span class='ocr_line' id='line_1_46' title="bbox 349 3053 1988 3147; baseline 0.01 -40"><span class='ocrx_word' id='word_1_376' title='bbox 349 3068 473 3108; x_wconf 90' lang='lat' dir='ltr'><strong>cum</strong></span> <span class='ocrx_word' id='word_1_377' title='bbox 508 3053 622 3122; x_wconf 89' lang='lat' dir='ltr'><strong>ipsa</strong></span> <span class='ocrx_word' id='word_1_378' title='bbox 656 3055 727 3110; x_wconf 88' lang='lat' dir='ltr'><strong>sit</strong></span> <span class='ocrx_word' id='word_1_379' title='bbox 751 3056 1176 3126; x_wconf 88' lang='lat' dir='ltr'><strong>incorruptionis</strong></span> <span class='ocrx_word' id='word_1_380' title='bbox 1206 3058 1347 3114; x_wconf 81' lang='lat' dir='ltr'><strong>fons.</strong></span> <span class='ocrx_word' id='word_1_381' title='bbox 1372 3058 1492 3130; x_wconf 84' lang='lat' dir='ltr'><strong>Ipsa</strong></span> <span class='ocrx_word' id='word_1_382' title='bbox 1513 3069 1598 3117; x_wconf 89' lang='lat' dir='ltr'><strong>est</strong></span> <span class='ocrx_word' id='word_1_383' title='bbox 1629 3064 1773 3117; x_wconf 91' lang='lat' dir='ltr'><strong>enim</strong></span> <span class='ocrx_word' id='word_1_384' title='bbox 1798 3066 1916 3123; x_wconf 88' lang='lat' dir='ltr'><strong>sola</strong></span> <span class='ocrx_word' id='word_1_385' title='bbox 1944 3090 1988 3147; x_wconf 75' lang='grc' dir='ltr'>ο</span> 
     </span>
    </p>
   </div>
   <div class='ocr_carea' id='block_1_47' title="bbox 347 3141 1916 3218">
    <p class='ocr_par' dir='ltr' id='par_1_47' title="bbox 347 3141 1916 3218">
     <span class='ocr_line' id='line_1_47' title="bbox 347 3141 1916 3218; baseline 0.013 -26"><span class='ocrx_word' id='word_1_386' title='bbox 347 3154 468 3207; x_wconf 71' lang='lat' dir='ltr'><strong>qua:</strong></span> <span class='ocrx_word' id='word_1_387' title='bbox 498 3141 660 3197; x_wconf 91' lang='lat' dir='ltr'><strong>habet</strong></span> <span class='ocrx_word' id='word_1_388' title='bbox 687 3143 1148 3202; x_wconf 86' lang='lat' dir='ltr'><strong>immortalitatem</strong></span> <span class='ocrx_word' id='word_1_389' title='bbox 1176 3165 1190 3202; x_wconf 91' lang='lat'><strong>:</strong></span> <span class='ocrx_word' id='word_1_390' title='bbox 1215 3149 1480 3218; x_wconf 88' lang='lat' dir='ltr'><strong>siquidem</strong></span> <span class='ocrx_word' id='word_1_391' title='bbox 1504 3150 1649 3209; x_wconf 88' lang='lat' dir='ltr'><strong>Deus</strong></span> <span class='ocrx_word' id='word_1_392' title='bbox 1677 3155 1916 3212; x_wconf 87' lang='lat' dir='ltr'><strong>charitas</strong></span> 
     </span>
    </p>
   </div>
   <div class='ocr_carea' id='block_1_48' title="bbox 346 3232 1915 3302">
    <p class='ocr_par' dir='ltr' id='par_1_48' title="bbox 346 3232 1915 3302">
     <span class='ocr_line' id='line_1_48' title="bbox 346 3232 1915 3302; baseline 0.008 -15"><span class='ocrx_word' id='word_1_393' title='bbox 346 3240 450 3294; x_wconf 88' lang='lat' dir='ltr'><strong>est,</strong></span> <span class='ocrx_word' id='word_1_394' title='bbox 479 3232 573 3302; x_wconf 91' lang='lat' dir='ltr'><strong>qui</strong></span> <span class='ocrx_word' id='word_1_395' title='bbox 620 3234 770 3289; x_wconf 88' lang='lat' dir='ltr'><strong>solus</strong></span> <span class='ocrx_word' id='word_1_396' title='bbox 802 3235 966 3291; x_wconf 87' lang='lat' dir='ltr'><strong>habet</strong></span> <span class='ocrx_word' id='word_1_397' title='bbox 1013 3238 1502 3302; x_wconf 85' lang='lat' dir='ltr'><strong>immortalitatem.</strong></span> <span class='ocrx_word' id='word_1_398' title='bbox 1533 3243 1707 3299; x_wconf 88' lang='lat' dir='ltr'><strong>lucem</strong></span> <span class='ocrx_word' id='word_1_399' title='bbox 1755 3245 1915 3301; x_wconf 68' lang='lat' dir='ltr'><strong>habi~</strong></span> 
     </span>
    </p>
   </div>
   <div class='ocr_carea' id='block_1_49' title="bbox 346 3322 1916 3394">
    <p class='ocr_par' dir='ltr' id='par_1_49' title="bbox 346 3322 1916 3394">
     <span class='ocr_line' id='line_1_49' title="bbox 346 3322 1916 3394; baseline 0.01 -17"><span class='ocrx_word' id='word_1_400' title='bbox 346 3330 469 3378; x_wconf 90' lang='lat' dir='ltr'><strong>tans</strong></span> <span class='ocrx_word' id='word_1_401' title='bbox 497 3322 928 3381; x_wconf 87' lang='lat' dir='ltr'><strong>inaccessibilem</strong></span> <span class='ocrx_word' id='word_1_402' title='bbox 951 3326 1018 3383; x_wconf 81' lang='grc'><strong>³⁸.</strong></span> <span class='ocrx_word' id='word_1_403' title='bbox 1050 3326 1188 3394; x_wconf 84' lang='lat' dir='ltr'><strong>Quid</strong></span> <span class='ocrx_word' id='word_1_404' title='bbox 1224 3341 1406 3386; x_wconf 86' lang='lat' dir='ltr'><strong>autem</strong></span> <span class='ocrx_word' id='word_1_405' title='bbox 1450 3332 1597 3388; x_wconf 89' lang='lat' dir='ltr'><strong>aliud</strong></span> <span class='ocrx_word' id='word_1_406' title='bbox 1633 3334 1916 3391; x_wconf 81' lang='lat' dir='ltr'><strong>immorta-</strong></span> 
     </span>
    </p>
   </div>
   <div class='ocr_carea' id='block_1_50' title="bbox 345 3415 1915 3495">
    <p class='ocr_par' dir='ltr' id='par_1_50' title="bbox 345 3415 1915 3495">
     <span class='ocr_line' id='line_1_50' title="bbox 345 3415 1915 3495; baseline 0.008 -26"><span class='ocrx_word' id='word_1_407' title='bbox 345 3415 470 3471; x_wconf 87' lang='lat' dir='ltr'><strong>litas</strong></span> <span class='ocrx_word' id='word_1_408' title='bbox 493 3415 597 3471; x_wconf 89' lang='lat' dir='ltr'><strong>nisi</strong></span> <span class='ocrx_word' id='word_1_409' title='bbox 625 3417 734 3472; x_wconf 81' lang='lat' dir='ltr'><strong>vita</strong></span> <span class='ocrx_word' id='word_1_410' title='bbox 760 3425 961 3473; x_wconf 66' lang='lat' dir='ltr'><strong>aeterna</strong></span> <span class='ocrx_word' id='word_1_411' title='bbox 987 3429 1090 3483; x_wconf 89' lang='lat' dir='ltr'><strong>est,</strong></span> <span class='ocrx_word' id='word_1_412' title='bbox 1125 3437 1289 3491; x_wconf 84' lang='lat' dir='ltr'><strong>quam</strong></span> <span class='ocrx_word' id='word_1_413' title='bbox 1319 3423 1575 3479; x_wconf 82' lang='lat' dir='ltr'><strong>daturum</strong></span> <span class='ocrx_word' id='word_1_414' title='bbox 1607 3441 1667 3481; x_wconf 89' lang='lat' dir='ltr'><strong>se</strong></span> <span class='ocrx_word' id='word_1_415' title='bbox 1688 3428 1915 3495; x_wconf 88' lang='lat' dir='ltr'><strong>promit-</strong></span> 
     </span>
    </p>
   </div>
   <div class='ocr_carea' id='block_1_51' title="bbox 347 3502 1910 3581">
    <p class='ocr_par' dir='ltr' id='par_1_51' title="bbox 347 3502 1910 3581">
     <span class='ocr_line' id='line_1_51' title="bbox 347 3502 1910 3581; baseline 0.007 -20"><span class='ocrx_word' id='word_1_416' title='bbox 347 3504 413 3561; x_wconf 86' lang='lat' dir='ltr'><strong>tit</strong></span> <span class='ocrx_word' id='word_1_417' title='bbox 444 3502 584 3561; x_wconf 89' lang='lat' dir='ltr'><strong>Deus</strong></span> <span class='ocrx_word' id='word_1_418' title='bbox 612 3506 960 3564; x_wconf 86' lang='lat' dir='ltr'><strong>credentibus</strong></span> <span class='ocrx_word' id='word_1_419' title='bbox 988 3509 1044 3565; x_wconf 90' lang='lat' dir='ltr'><strong>in</strong></span> <span class='ocrx_word' id='word_1_420' title='bbox 1082 3510 1258 3579; x_wconf 89' lang='lat' dir='ltr'><strong>ipsum</strong></span> <span class='ocrx_word' id='word_1_421' title='bbox 1290 3513 1469 3569; x_wconf 89' lang='lat' dir='ltr'><strong>solum</strong></span> <span class='ocrx_word' id='word_1_422' title='bbox 1504 3530 1690 3569; x_wconf 89' lang='lat' dir='ltr'><strong>verum</strong></span> <span class='ocrx_word' id='word_1_423' title='bbox 1717 3515 1910 3581; x_wconf 88' lang='lat' dir='ltr'><strong>Deum,</strong></span> 
     </span>
    </p>
   </div>
   <div class='ocr_carea' id='block_1_52' title="bbox 344 3596 1913 3674">
    <p class='ocr_par' dir='ltr' id='par_1_52' title="bbox 344 3596 1913 3674">
     <span class='ocr_line' id='line_1_52' title="bbox 344 3596 1913 3674; baseline 0.008 -25"><span class='ocrx_word' id='word_1_424' title='bbox 344 3603 401 3649; x_wconf 88' lang='lat' dir='ltr'><strong>ct</strong></span> <span class='ocrx_word' id='word_1_425' title='bbox 444 3609 605 3665; x_wconf 88' lang='lat' dir='ltr'><strong>quem</strong></span> <span class='ocrx_word' id='word_1_426' title='bbox 647 3596 796 3651; x_wconf 87' lang='lat' dir='ltr'><strong>misit</strong></span> <span class='ocrx_word' id='word_1_427' title='bbox 838 3597 1026 3653; x_wconf 83' lang='lat' dir='ltr'><strong>Jesum</strong></span> <span class='ocrx_word' id='word_1_428' title='bbox 1064 3598 1342 3656; x_wconf 78' lang='lat' dir='ltr'><strong>Christum</strong></span> <span class='ocrx_word' id='word_1_429' title='bbox 1373 3602 1570 3657; x_wconf 89' lang='lat' dir='ltr'><strong>Filium</strong></span> <span class='ocrx_word' id='word_1_430' title='bbox 1594 3605 1750 3674; x_wconf 78' lang='lat' dir='ltr'><strong>ejus?</strong></span> <span class='ocrx_word' id='word_1_431' title='bbox 1776 3605 1913 3662; x_wconf 85' lang='lat' dir='ltr'><strong>Pro-</strong></span> 
     </span>
    </p>
   </div>
   <div class='ocr_carea' id='block_1_53' title="bbox 345 3687 1914 3756">
    <p class='ocr_par' dir='ltr' id='par_1_53' title="bbox 345 3687 1914 3756">
     <span class='ocr_line' id='line_1_53' title="bbox 345 3687 1914 3756; baseline 0.009 -19"><span class='ocrx_word' id='word_1_432' title='bbox 345 3692 525 3753; x_wconf 85' lang='lat' dir='ltr'><strong>plerea</strong></span> <span class='ocrx_word' id='word_1_433' title='bbox 554 3700 684 3754; x_wconf 82' lang='lat' dir='ltr'><strong>ergo</strong></span> <span class='ocrx_word' id='word_1_434' title='bbox 723 3687 778 3740; x_wconf 89' lang='lat' dir='ltr'><strong>in</strong></span> <span class='ocrx_word' id='word_1_435' title='bbox 808 3687 1021 3756; x_wconf 80' lang='lat' dir='ltr'><strong>primis,</strong></span> <span class='ocrx_word' id='word_1_436' title='bbox 1063 3697 1118 3743; x_wconf 90' lang='lat' dir='ltr'><strong>et</strong></span> <span class='ocrx_word' id='word_1_437' title='bbox 1149 3698 1278 3749; x_wconf 86' lang='lat' dir='ltr'><strong>ante</strong></span> <span class='ocrx_word' id='word_1_438' title='bbox 1316 3693 1501 3748; x_wconf 89' lang='lat' dir='ltr'><strong>omnia</strong></span> <span class='ocrx_word' id='word_1_439' title='bbox 1544 3694 1648 3750; x_wconf 91' lang='lat' dir='ltr'><strong>hoc</strong></span> <span class='ocrx_word' id='word_1_440' title='bbox 1680 3696 1914 3751; x_wconf 86' lang='lat' dir='ltr'><strong>amabile</strong></span> 
     </span>
    </p>
   </div>
   <div class='ocr_carea' id='block_1_54' title="bbox 344 3774 1914 3855">
    <p class='ocr_par' dir='ltr' id='par_1_54' title="bbox 344 3774 1914 3855">
     <span class='ocr_line' id='line_1_54' title="bbox 344 3774 1914 3855; baseline 0.007 -27"><span class='ocrx_word' id='word_1_441' title='bbox 344 3782 399 3828; x_wconf 88' lang='lat' dir='ltr'><strong>et</strong></span> <span class='ocrx_word' id='word_1_442' title='bbox 435 3774 695 3844; x_wconf 91' lang='lat' dir='ltr'><strong>placitum</strong></span> <span class='ocrx_word' id='word_1_443' title='bbox 726 3777 925 3833; x_wconf 83' lang='lat' dir='ltr'><strong>dicitur</strong></span> <span class='ocrx_word' id='word_1_444' title='bbox 954 3794 1079 3835; x_wconf 82' lang='lat' dir='ltr'><strong>esse</strong></span> <span class='ocrx_word' id='word_1_445' title='bbox 1105 3779 1235 3846; x_wconf 88' lang='lat' dir='ltr'><strong>Deo,</strong></span> <span class='ocrx_word' id='word_1_446' title='bbox 1264 3791 1325 3837; x_wconf 92' lang='lat' dir='ltr'><strong>ut</strong></span> <span class='ocrx_word' id='word_1_447' title='bbox 1350 3785 1474 3853; x_wconf 88' lang='lat' dir='ltr'><strong>quis</strong></span> <span class='ocrx_word' id='word_1_448' title='bbox 1497 3785 1689 3855; x_wconf 70' lang='lat' dir='ltr'><strong>diligat</strong></span> <span class='ocrx_word' id='word_1_449' title='bbox 1726 3784 1914 3841; x_wconf 55' lang='lat' dir='ltr'><strong>Daunia</strong></span> 
     </span>
    </p>
   </div>
   <div class='ocr_carea' id='block_1_55' title="bbox 346 3865 1912 3941">
    <p class='ocr_par' dir='ltr' id='par_1_55' title="bbox 346 3865 1912 3941">
     <span class='ocr_line' id='line_1_55' title="bbox 346 3865 1912 3941; baseline 0.008 -22"><span class='ocrx_word' id='word_1_450' title='bbox 346 3881 475 3922; x_wconf 89' lang='lat' dir='ltr'><strong>num</strong></span> <span class='ocrx_word' id='word_1_451' title='bbox 500 3865 668 3923; x_wconf 88' lang='lat' dir='ltr'><strong>Deum</strong></span> <span class='ocrx_word' id='word_1_452' title='bbox 689 3883 849 3925; x_wconf 81' lang='lat' dir='ltr'><strong>suum</strong></span> <span class='ocrx_word' id='word_1_453' title='bbox 868 3884 935 3924; x_wconf 79' lang='lat' dir='ltr'><strong>ex</strong></span> <span class='ocrx_word' id='word_1_454' title='bbox 957 3877 1075 3926; x_wconf 88' lang='lat' dir='ltr'><strong>toto</strong></span> <span class='ocrx_word' id='word_1_455' title='bbox 1098 3872 1261 3928; x_wconf 86' lang='lat' dir='ltr'><strong>corde</strong></span> <span class='ocrx_word' id='word_1_456' title='bbox 1281 3889 1402 3941; x_wconf 88' lang='lat' dir='ltr'><strong>suo,</strong></span> <span class='ocrx_word' id='word_1_457' title='bbox 1424 3884 1480 3929; x_wconf 91' lang='lat' dir='ltr'><strong>et</strong></span> <span class='ocrx_word' id='word_1_458' title='bbox 1502 3890 1569 3929; x_wconf 79' lang='lat' dir='ltr'><strong>ex</strong></span> <span class='ocrx_word' id='word_1_459' title='bbox 1595 3883 1706 3930; x_wconf 84' lang='lat' dir='ltr'><strong>tota</strong></span> <span class='ocrx_word' id='word_1_460' title='bbox 1729 3876 1912 3931; x_wconf 84' lang='lat' dir='ltr'><strong>anima</strong></span> 
     </span>
    </p>
   </div>
   <div class='ocr_carea' id='block_1_56' title="bbox 345 3958 1912 4033">
    <p class='ocr_par' dir='ltr' id='par_1_56' title="bbox 345 3958 1912 4033">
     <span class='ocr_line' id='line_1_56' title="bbox 345 3958 1912 4033; baseline 0.006 -21"><span class='ocrx_word' id='word_1_461' title='bbox 345 3971 468 4024; x_wconf 86' lang='lat' dir='ltr'><strong>sua,</strong></span> <span class='ocrx_word' id='word_1_462' title='bbox 494 3966 548 4012; x_wconf 90' lang='lat' dir='ltr'><strong>et</strong></span> <span class='ocrx_word' id='word_1_463' title='bbox 576 3973 644 4012; x_wconf 76' lang='lat' dir='ltr'><strong>ex</strong></span> <span class='ocrx_word' id='word_1_464' title='bbox 683 3958 811 4017; x_wconf 84' lang='lat' dir='ltr'><strong>totis</strong></span> <span class='ocrx_word' id='word_1_465' title='bbox 840 3959 1049 4015; x_wconf 86' lang='lat' dir='ltr'><strong>viribus</strong></span> <span class='ocrx_word' id='word_1_466' title='bbox 1075 3962 1212 4021; x_wconf 83' lang='lat' dir='ltr'><strong>suis.</strong></span> <span class='ocrx_word' id='word_1_467' title='bbox 1242 3962 1309 4017; x_wconf 83' lang='lat' dir='ltr'><strong>Et</strong></span> <span class='ocrx_word' id='word_1_468' title='bbox 1333 3965 1462 4033; x_wconf 82' lang='lat' dir='ltr'><strong>quia</strong></span> <span class='ocrx_word' id='word_1_469' title='bbox 1491 3963 1635 4021; x_wconf 81' lang='lat' dir='ltr'><strong>Deus</strong></span> <span class='ocrx_word' id='word_1_470' title='bbox 1675 3967 1912 4021; x_wconf 81' lang='lat' dir='ltr'><strong>charitas</strong></span> 
     </span>
    </p>
   </div>
   <div class='ocr_carea' id='block_1_57' title="bbox 343 4046 1913 4120">
    <p class='ocr_par' dir='ltr' id='par_1_57' title="bbox 343 4046 1913 4120">
     <span class='ocr_line' id='line_1_57' title="bbox 343 4046 1913 4120; baseline 0.007 -19"><span class='ocrx_word' id='word_1_471' title='bbox 343 4057 447 4113; x_wconf 87' lang='lat' dir='ltr'><strong>est,</strong></span> <span class='ocrx_word' id='word_1_472' title='bbox 473 4057 529 4102; x_wconf 82' lang='lat' dir='ltr'><strong>et</strong></span> <span class='ocrx_word' id='word_1_473' title='bbox 558 4046 729 4103; x_wconf 79' lang='lat' dir='ltr'><strong>Filius</strong></span> <span class='ocrx_word' id='word_1_474' title='bbox 749 4049 842 4117; x_wconf 87' lang='lat' dir='ltr'><strong>qui</strong></span> <span class='ocrx_word' id='word_1_475' title='bbox 873 4065 939 4104; x_wconf 76' lang='lat' dir='ltr'><strong>ex</strong></span> <span class='ocrx_word' id='word_1_476' title='bbox 967 4048 1076 4105; x_wconf 90' lang='lat' dir='ltr'><strong>Deo</strong></span> <span class='ocrx_word' id='word_1_477' title='bbox 1098 4061 1203 4115; x_wconf 86' lang='lat' dir='ltr'><strong>est,</strong></span> <span class='ocrx_word' id='word_1_478' title='bbox 1230 4053 1470 4109; x_wconf 88' lang='lat' dir='ltr'><strong>charitas</strong></span> <span class='ocrx_word' id='word_1_479' title='bbox 1492 4063 1595 4120; x_wconf 84' lang='lat' dir='ltr'><strong>est,</strong></span> <span class='ocrx_word' id='word_1_480' title='bbox 1621 4056 1707 4112; x_wconf 89' lang='lat' dir='ltr'><strong>sui</strong></span> <span class='ocrx_word' id='word_1_481' title='bbox 1734 4057 1913 4117; x_wconf 85' lang='lat' dir='ltr'><strong>simile</strong></span> 
     </span>
    </p>
   </div>
   <div class='ocr_carea' id='block_1_58' title="bbox 344 4138 1909 4213">
    <p class='ocr_par' dir='ltr' id='par_1_58' title="bbox 344 4138 1909 4213">
     <span class='ocr_line' id='line_1_58' title="bbox 344 4138 1909 4213; baseline 0.006 -18"><span class='ocrx_word' id='word_1_482' title='bbox 344 4138 547 4208; x_wconf 84' lang='lat' dir='ltr'><strong>aliquid</strong></span> <span class='ocrx_word' id='word_1_483' title='bbox 577 4139 802 4208; x_wconf 88' lang='lat' dir='ltr'><strong>requirit</strong></span> <span class='ocrx_word' id='word_1_484' title='bbox 833 4140 891 4194; x_wconf 91' lang='lat' dir='ltr'><strong>in</strong></span> <span class='ocrx_word' id='word_1_485' title='bbox 936 4141 1136 4197; x_wconf 83' lang='lat' dir='ltr'><strong>nobis:</strong></span> <span class='ocrx_word' id='word_1_486' title='bbox 1184 4152 1243 4197; x_wconf 91' lang='lat' dir='ltr'><strong>ut</strong></span> <span class='ocrx_word' id='word_1_487' title='bbox 1269 4159 1365 4213; x_wconf 86' lang='lat' dir='ltr'><strong>per</strong></span> <span class='ocrx_word' id='word_1_488' title='bbox 1409 4144 1551 4202; x_wconf 85' lang='lat' dir='ltr'><strong>hanc</strong></span> <span class='ocrx_word' id='word_1_489' title='bbox 1588 4148 1909 4204; x_wconf 79' lang='lat' dir='ltr'><strong>charitatem</strong></span> 
     </span>
    </p>
   </div>
   <div class='ocr_carea' id='block_1_59' title="bbox 343 4231 1911 4306">
    <p class='ocr_par' dir='ltr' id='par_1_59' title="bbox 343 4231 1911 4306">
     <span class='ocr_line' id='line_1_59' title="bbox 343 4231 1911 4306; baseline 0.007 -22"><span class='ocrx_word' id='word_1_490' title='bbox 343 4246 467 4300; x_wconf 68' lang='lat' dir='ltr'><strong>quae</strong></span> <span class='ocrx_word' id='word_1_491' title='bbox 500 4241 583 4287; x_wconf 85' lang='lat' dir='ltr'><strong>est</strong></span> <span class='ocrx_word' id='word_1_492' title='bbox 608 4231 662 4286; x_wconf 91' lang='lat' dir='ltr'><strong>in</strong></span> <span class='ocrx_word' id='word_1_493' title='bbox 687 4231 907 4288; x_wconf 85' lang='lat' dir='ltr'><strong>Christo</strong></span> <span class='ocrx_word' id='word_1_494' title='bbox 933 4232 1085 4299; x_wconf 85' lang='lat' dir='ltr'><strong>Jesu,</strong></span> <span class='ocrx_word' id='word_1_495' title='bbox 1112 4235 1207 4304; x_wconf 89' lang='lat' dir='ltr'><strong>qui</strong></span> <span class='ocrx_word' id='word_1_496' title='bbox 1241 4246 1327 4291; x_wconf 91' lang='grc' dir='ltr'><strong>εει</strong></span> <span class='ocrx_word' id='word_1_497' title='bbox 1347 4238 1603 4306; x_wconf 87' lang='lat' dir='ltr'><strong>charitas,</strong></span> <span class='ocrx_word' id='word_1_498' title='bbox 1635 4240 1783 4295; x_wconf 86' lang='lat' dir='ltr'><strong>velut</strong></span> <span class='ocrx_word' id='word_1_499' title='bbox 1816 4255 1911 4295; x_wconf 83' lang='lat' dir='ltr'><strong>co-</strong></span> 
     </span>
    </p>
   </div>
   <div class='ocr_carea' id='block_1_60' title="bbox 345 4323 1911 4393">
    <p class='ocr_par' dir='ltr' id='par_1_60' title="bbox 345 4323 1911 4393">
     <span class='ocr_line' id='line_1_60' title="bbox 345 4323 1911 4393; baseline 0.007 -17"><span class='ocrx_word' id='word_1_500' title='bbox 345 4332 507 4393; x_wconf 82' lang='lat' dir='ltr'><strong>gnata</strong></span> <span class='ocrx_word' id='word_1_501' title='bbox 535 4323 772 4392; x_wconf 87' lang='lat' dir='ltr'><strong>quadam</strong></span> <span class='ocrx_word' id='word_1_502' title='bbox 798 4337 891 4393; x_wconf 90' lang='lat' dir='ltr'><strong>per</strong></span> <span class='ocrx_word' id='word_1_503' title='bbox 915 4324 1197 4381; x_wconf 86' lang='lat' dir='ltr'><strong>charitatis</strong></span> <span class='ocrx_word' id='word_1_504' title='bbox 1228 4341 1425 4381; x_wconf 89' lang='lat' dir='ltr'><strong>nomen</strong></span> <span class='ocrx_word' id='word_1_505' title='bbox 1449 4327 1705 4385; x_wconf 79' lang='lat' dir='ltr'><strong>allinitate</strong></span> <span class='ocrx_word' id='word_1_506' title='bbox 1737 4332 1911 4387; x_wconf 88' lang='lat' dir='ltr'><strong>socio-</strong></span> 
     </span>
    </p>
   </div>
   <div class='ocr_carea' id='block_1_61' title="bbox 2024 1866 3602 1941">
    <p class='ocr_par' dir='ltr' id='par_1_61' title="bbox 2024 1866 3602 1941">
     <span class='ocr_line' id='line_1_61' title="bbox 2024 1866 3602 1941; baseline 0.004 -21"><span class='ocrx_word' id='word_1_507' title='bbox 2024 1866 2225 1922; x_wconf 89' lang='lat' dir='ltr'><strong>Eadem</strong></span> <span class='ocrx_word' id='word_1_508' title='bbox 2256 1884 2493 1939; x_wconf 87' lang='lat' dir='ltr'><strong>namque</strong></span> <span class='ocrx_word' id='word_1_509' title='bbox 2529 1870 2584 1923; x_wconf 91' lang='lat' dir='ltr'><strong>in</strong></span> <span class='ocrx_word' id='word_1_510' title='bbox 2620 1880 2851 1941; x_wconf 75' lang='lat' dir='ltr'><strong>uu&#39;oque</strong></span> <span class='ocrx_word' id='word_1_511' title='bbox 2884 1873 3056 1927; x_wconf 74' lang='lat' dir='ltr'><strong>virtus</strong></span> <span class='ocrx_word' id='word_1_512' title='bbox 3091 1875 3418 1929; x_wconf 87' lang='lat' dir='ltr'><strong>ostenditur.</strong></span> <span class='ocrx_word' id='word_1_513' title='bbox 3447 1875 3602 1941; x_wconf 86' lang='lat' dir='ltr'><strong>Quod</strong></span> 
     </span>
    </p>
   </div>
   <div class='ocr_carea' id='block_1_62' title="bbox 2024 1958 3605 2032">
    <p class='ocr_par' dir='ltr' id='par_1_62' title="bbox 2024 1958 3605 2032">
     <span class='ocr_line' id='line_1_62' title="bbox 2024 1958 3605 2032; baseline 0.004 -20"><span class='ocrx_word' id='word_1_514' title='bbox 2024 1958 2069 2012; x_wconf 89' lang='lat' dir='ltr'><strong>si</strong></span> <span class='ocrx_word' id='word_1_515' title='bbox 2108 1958 2232 2027; x_wconf 91' lang='lat' dir='ltr'><strong>quis</strong></span> <span class='ocrx_word' id='word_1_516' title='bbox 2280 1958 2445 2025; x_wconf 86' lang='lat' dir='ltr'><strong>dicat,</strong></span> <span class='ocrx_word' id='word_1_517' title='bbox 2488 1961 2618 2029; x_wconf 85' lang='lat' dir='ltr'><strong>quia</strong></span> <span class='ocrx_word' id='word_1_518' title='bbox 2664 1971 2718 2016; x_wconf 89' lang='lat' dir='ltr'><strong>et</strong></span> <span class='ocrx_word' id='word_1_519' title='bbox 2772 1963 3087 2032; x_wconf 89' lang='lat' dir='ltr'><strong>pecuniam,</strong></span> <span class='ocrx_word' id='word_1_520' title='bbox 3136 1969 3502 2029; x_wconf 90' lang='lat' dir='ltr'><strong>meretrlcem,</strong></span> <span class='ocrx_word' id='word_1_521' title='bbox 3551 1975 3605 2017; x_wconf 90' lang='lat' dir='ltr'><strong>et</strong></span> 
     </span>
    </p>
   </div>
   <div class='ocr_carea' id='block_1_63' title="bbox 2023 2049 3603 2125">
    <p class='ocr_par' dir='ltr' id='par_1_63' title="bbox 2023 2049 3603 2125">
     <span class='ocr_line' id='line_1_63' title="bbox 2023 2049 3603 2125; baseline 0.005 -24"><span class='ocrx_word' id='word_1_522' title='bbox 2023 2049 2130 2103; x_wconf 86' lang='lat' dir='ltr'><strong>alia</strong></span> <span class='ocrx_word' id='word_1_523' title='bbox 2167 2049 2421 2105; x_wconf 90' lang='lat' dir='ltr'><strong>similiter</strong></span> <span class='ocrx_word' id='word_1_524' title='bbox 2453 2052 2595 2107; x_wconf 87' lang='lat' dir='ltr'><strong>mala</strong></span> <span class='ocrx_word' id='word_1_525' title='bbox 2631 2054 2819 2109; x_wconf 88' lang='lat' dir='ltr'><strong>eodem</strong></span> <span class='ocrx_word' id='word_1_526' title='bbox 2864 2055 3130 2110; x_wconf 89' lang='lat' dir='ltr'><strong>vocabulo</strong></span> <span class='ocrx_word' id='word_1_527' title='bbox 3163 2056 3309 2125; x_wconf 88' lang='lat' dir='ltr'><strong>quod</strong></span> <span class='ocrx_word' id='word_1_528' title='bbox 3341 2070 3374 2110; x_wconf 78' lang='grc' dir='ltr'><strong>ιι</strong></span> <span class='ocrx_word' id='word_1_529' title='bbox 3417 2056 3603 2111; x_wconf 87' lang='lat' dir='ltr'><strong>chari-</strong></span> 
     </span>
    </p>
   </div>
   <div class='ocr_carea' id='block_1_64' title="bbox 2024 2138 3601 2214">
    <p class='ocr_par' dir='ltr' id='par_1_64' title="bbox 2024 2138 3601 2214">
     <span class='ocr_line' id='line_1_64' title="bbox 2024 2138 3601 2214; baseline 0.006 -23"><span class='ocrx_word' id='word_1_530' title='bbox 2024 2147 2132 2194; x_wconf 88' lang='lat' dir='ltr'><strong>tatc</strong></span> <span class='ocrx_word' id='word_1_531' title='bbox 2178 2138 2301 2194; x_wconf 92' lang='lat' dir='ltr'><strong>duci</strong></span> <span class='ocrx_word' id='word_1_532' title='bbox 2355 2141 2591 2206; x_wconf 88' lang='lat' dir='ltr'><strong>videtur,</strong></span> <span class='ocrx_word' id='word_1_533' title='bbox 2637 2144 2863 2214; x_wconf 87' lang='lat' dir='ltr'><strong>diligere</strong></span> <span class='ocrx_word' id='word_1_534' title='bbox 2906 2146 3278 2214; x_wconf 84' lang='lat' dir='ltr'><strong>appellamur:</strong></span> <span class='ocrx_word' id='word_1_535' title='bbox 3320 2148 3601 2201; x_wconf 87' lang='lat' dir='ltr'><strong>sciendum</strong></span> 
     </span>
    </p>
   </div>
   <div class='ocr_carea' id='block_1_65' title="bbox 2021 2228 3606 2304">
    <p class='ocr_par' dir='ltr' id='par_1_65' title="bbox 2021 2228 3606 2304">
     <span class='ocr_line' id='line_1_65' title="bbox 2021 2228 3606 2304; baseline 0.007 -21"><span class='ocrx_word' id='word_1_536' title='bbox 2021 2237 2107 2283; x_wconf 92' lang='lat' dir='ltr'><strong>est</strong></span> <span class='ocrx_word' id='word_1_537' title='bbox 2147 2228 2203 2282; x_wconf 89' lang='lat' dir='ltr'><strong>in</strong></span> <span class='ocrx_word' id='word_1_538' title='bbox 2231 2231 2315 2286; x_wconf 90' lang='lat' dir='ltr'><strong>his</strong></span> <span class='ocrx_word' id='word_1_539' title='bbox 2342 2246 2449 2286; x_wconf 92' lang='lat' dir='ltr'><strong>non</strong></span> <span class='ocrx_word' id='word_1_540' title='bbox 2483 2234 2729 2304; x_wconf 84' lang='lat' dir='ltr'><strong>proprie,</strong></span> <span class='ocrx_word' id='word_1_541' title='bbox 2761 2236 2854 2290; x_wconf 89' lang='lat' dir='ltr'><strong>sed</strong></span> <span class='ocrx_word' id='word_1_542' title='bbox 2897 2238 3120 2292; x_wconf 83' lang='lat' dir='ltr'><strong>abusive</strong></span> <span class='ocrx_word' id='word_1_543' title='bbox 3152 2238 3472 2293; x_wconf 88' lang='lat' dir='ltr'><strong>charitatem</strong></span> <span class='ocrx_word' id='word_1_544' title='bbox 3505 2255 3606 2294; x_wconf 89' lang='lat' dir='ltr'><strong>no-</strong></span> 
     </span>
    </p>
   </div>
   <div class='ocr_carea' id='block_1_66' title="bbox 2021 2319 3600 2397">
    <p class='ocr_par' dir='ltr' id='par_1_66' title="bbox 2021 2319 3600 2397">
     <span class='ocr_line' id='line_1_66' title="bbox 2021 2319 3600 2397; baseline 0.006 -22"><span class='ocrx_word' id='word_1_545' title='bbox 2021 2319 2242 2376; x_wconf 82' lang='lat' dir='ltr'><strong>minari.</strong></span> <span class='ocrx_word' id='word_1_546' title='bbox 2294 2319 2471 2387; x_wconf 87' lang='lat' dir='ltr'><strong>Sicut,</strong></span> <span class='ocrx_word' id='word_1_547' title='bbox 2518 2326 2666 2379; x_wconf 79' lang='lat' dir='ltr'><strong>verbi</strong></span> <span class='ocrx_word' id='word_1_548' title='bbox 2712 2326 2906 2395; x_wconf 78' lang='lat' dir='ltr'><strong>gratia,</strong></span> <span class='ocrx_word' id='word_1_549' title='bbox 2957 2338 3013 2382; x_wconf 88' lang='lat' dir='ltr'><strong>et</strong></span> <span class='ocrx_word' id='word_1_550' title='bbox 3057 2327 3170 2397; x_wconf 82' lang='lat'><strong>30</strong></span> <span class='ocrx_word' id='word_1_551' title='bbox 3213 2326 3361 2384; x_wconf 89' lang='lat' dir='ltr'><strong>Deus</strong></span> <span class='ocrx_word' id='word_1_552' title='bbox 3403 2343 3600 2385; x_wconf 87' lang='lat' dir='ltr'><strong>nomen</strong></span> 
     </span>
    </p>
   </div>
   <div class='ocr_carea' id='block_1_67' title="bbox 2022 2412 3596 2491">
    <p class='ocr_par' dir='ltr' id='par_1_67' title="bbox 2022 2412 3596 2491">
     <span class='ocr_line' id='line_1_67' title="bbox 2022 2412 3596 2491; baseline 0.007 -26"><span class='ocrx_word' id='word_1_553' title='bbox 2022 2412 2396 2484; x_wconf 89' lang='lat' dir='ltr'><strong>principaliter</strong></span> <span class='ocrx_word' id='word_1_554' title='bbox 2425 2416 2479 2471; x_wconf 92' lang='lat' dir='ltr'><strong>in</strong></span> <span class='ocrx_word' id='word_1_555' title='bbox 2509 2434 2576 2473; x_wconf 86' lang='lat' dir='ltr'><strong>eo</strong></span> <span class='ocrx_word' id='word_1_556' title='bbox 2597 2428 2705 2483; x_wconf 91' lang='lat' dir='ltr'><strong>est,</strong></span> <span class='ocrx_word' id='word_1_557' title='bbox 2737 2434 2803 2473; x_wconf 83' lang='lat' dir='ltr'><strong>ex</strong></span> <span class='ocrx_word' id='word_1_558' title='bbox 2836 2434 2946 2488; x_wconf 89' lang='lat' dir='ltr'><strong>quo</strong></span> <span class='ocrx_word' id='word_1_559' title='bbox 2977 2420 3184 2487; x_wconf 86' lang='lat' dir='ltr'><strong>omnia,</strong></span> <span class='ocrx_word' id='word_1_560' title='bbox 3226 2428 3281 2474; x_wconf 90' lang='lat' dir='ltr'><strong>ct</strong></span> <span class='ocrx_word' id='word_1_561' title='bbox 3309 2436 3406 2489; x_wconf 89' lang='lat' dir='ltr'><strong>per</strong></span> <span class='ocrx_word' id='word_1_562' title='bbox 3434 2436 3596 2491; x_wconf 89' lang='lat' dir='ltr'><strong>quem</strong></span> 
     </span>
    </p>
   </div>
   <div class='ocr_carea' id='block_1_68' title="bbox 2022 2505 3604 2580">
    <p class='ocr_par' dir='ltr' id='par_1_68' title="bbox 2022 2505 3604 2580">
     <span class='ocr_line' id='line_1_68' title="bbox 2022 2505 3604 2580; baseline 0.006 -22"><span class='ocrx_word' id='word_1_563' title='bbox 2022 2505 2230 2570; x_wconf 88' lang='lat' dir='ltr'><strong>omnia,</strong></span> <span class='ocrx_word' id='word_1_564' title='bbox 2259 2508 2390 2560; x_wconf 90' lang='lat' dir='ltr'><strong>etin</strong></span> <span class='ocrx_word' id='word_1_565' title='bbox 2419 2523 2529 2577; x_wconf 87' lang='lat' dir='ltr'><strong>quo</strong></span> <span class='ocrx_word' id='word_1_566' title='bbox 2557 2508 2738 2562; x_wconf 89' lang='lat' dir='ltr'><strong>omnia</strong></span> <span class='ocrx_word' id='word_1_567' title='bbox 2769 2526 2784 2564; x_wconf 89' lang='lat'><strong>:</strong></span> <span class='ocrx_word' id='word_1_568' title='bbox 2831 2510 2977 2578; x_wconf 83' lang='lat' dir='ltr'><strong>quod</strong></span> <span class='ocrx_word' id='word_1_569' title='bbox 3005 2510 3191 2580; x_wconf 90' lang='lat' dir='ltr'><strong>utique</strong></span> <span class='ocrx_word' id='word_1_570' title='bbox 3221 2522 3405 2580; x_wconf 88' lang='lat' dir='ltr'><strong>aperte</strong></span> <span class='ocrx_word' id='word_1_571' title='bbox 3438 2513 3604 2567; x_wconf 87' lang='lat' dir='ltr'><strong>virtu-</strong></span> 
     </span>
    </p>
   </div>
   <div class='ocr_carea' id='block_1_69' title="bbox 2024 2598 3601 2674">
    <p class='ocr_par' dir='ltr' id='par_1_69' title="bbox 2024 2598 3601 2674">
     <span class='ocr_line' id='line_1_69' title="bbox 2024 2598 3601 2674; baseline 0.006 -26"><span class='ocrx_word' id='word_1_572' title='bbox 2024 2602 2152 2659; x_wconf 89' lang='lat' dir='ltr'><strong>tem,</strong></span> <span class='ocrx_word' id='word_1_573' title='bbox 2185 2604 2240 2649; x_wconf 90' lang='lat' dir='ltr'><strong>et</strong></span> <span class='ocrx_word' id='word_1_574' title='bbox 2284 2607 2535 2651; x_wconf 89' lang='lat' dir='ltr'><strong>naturam</strong></span> <span class='ocrx_word' id='word_1_575' title='bbox 2573 2598 2728 2651; x_wconf 70' lang='lat' dir='ltr'><strong>trinae</strong></span> <span class='ocrx_word' id='word_1_576' title='bbox 2759 2599 3155 2668; x_wconf 84' lang='lat' dir='ltr'><strong>singularitatis</strong></span> <span class='ocrx_word' id='word_1_577' title='bbox 3192 2603 3439 2657; x_wconf 88' lang='lat' dir='ltr'><strong>enuntiat</strong></span> <span class='ocrx_word' id='word_1_578' title='bbox 3465 2603 3601 2674; x_wconf 83' lang='lat' dir='ltr'><strong>(l6).</strong></span> 
     </span>
    </p>
   </div>
   <div class='ocr_carea' id='block_1_70' title="bbox 2023 2683 3605 2755">
    <p class='ocr_par' dir='ltr' id='par_1_70' title="bbox 2023 2683 3605 2755">
     <span class='ocr_line' id='line_1_70' title="bbox 2023 2683 3605 2755; baseline 0.006 -17"><span class='ocrx_word' id='word_1_579' title='bbox 2023 2683 2277 2741; x_wconf 88' lang='lat' dir='ltr'><strong>Secundo</strong></span> <span class='ocrx_word' id='word_1_580' title='bbox 2306 2702 2438 2741; x_wconf 90' lang='lat' dir='ltr'><strong>vero</strong></span> <span class='ocrx_word' id='word_1_581' title='bbox 2484 2688 2541 2742; x_wconf 90' lang='lat' dir='ltr'><strong>in</strong></span> <span class='ocrx_word' id='word_1_582' title='bbox 2584 2689 2727 2753; x_wconf 90' lang='lat' dir='ltr'><strong>loco,</strong></span> <span class='ocrx_word' id='word_1_583' title='bbox 2755 2699 2832 2754; x_wconf 87' lang='lat' dir='ltr'><strong>et,</strong></span> <span class='ocrx_word' id='word_1_584' title='bbox 2873 2700 2933 2743; x_wconf 92' lang='lat' dir='ltr'><strong>ut</strong></span> <span class='ocrx_word' id='word_1_585' title='bbox 2965 2690 3039 2743; x_wconf 90' lang='lat' dir='ltr'><strong>ita</strong></span> <span class='ocrx_word' id='word_1_586' title='bbox 3073 2691 3328 2755; x_wconf 79' lang='lat' dir='ltr'><strong>dixerim,</strong></span> <span class='ocrx_word' id='word_1_587' title='bbox 3378 2694 3605 2748; x_wconf 79' lang='lat' dir='ltr'><strong>abusive</strong></span> 
     </span>
    </p>
   </div>
   <div class='ocr_carea' id='block_1_71' title="bbox 2022 2776 3600 2852">
    <p class='ocr_par' dir='ltr' id='par_1_71' title="bbox 2022 2776 3600 2852">
     <span class='ocr_line' id='line_1_71' title="bbox 2022 2776 3600 2852; baseline 0.005 -21"><span class='ocrx_word' id='word_1_588' title='bbox 2022 2777 2156 2832; x_wconf 90' lang='lat' dir='ltr'><strong>deos</strong></span> <span class='ocrx_word' id='word_1_589' title='bbox 2203 2777 2337 2832; x_wconf 92' lang='lat' dir='ltr'><strong>dicit</strong></span> <span class='ocrx_word' id='word_1_590' title='bbox 2368 2776 2650 2848; x_wconf 86' lang='lat' dir='ltr'><strong>Scriptura</strong></span> <span class='ocrx_word' id='word_1_591' title='bbox 2685 2781 2848 2836; x_wconf 88' lang='lat' dir='ltr'><strong>etiam</strong></span> <span class='ocrx_word' id='word_1_592' title='bbox 2878 2782 3001 2838; x_wconf 91' lang='lat' dir='ltr'><strong>illos</strong></span> <span class='ocrx_word' id='word_1_593' title='bbox 3029 2783 3096 2836; x_wconf 90' lang='lat' dir='ltr'><strong>ad</strong></span> <span class='ocrx_word' id='word_1_594' title='bbox 3120 2799 3261 2852; x_wconf 91' lang='lat' dir='ltr'><strong>quos</strong></span> <span class='ocrx_word' id='word_1_595' title='bbox 3292 2798 3474 2839; x_wconf 91' lang='lat' dir='ltr'><strong>sermo</strong></span> <span class='ocrx_word' id='word_1_596' title='bbox 3508 2784 3600 2839; x_wconf 79' lang='lat' dir='ltr'><strong>Dei</strong></span> 
     </span>
    </p>
   </div>
   <div class='ocr_carea' id='block_1_72' title="bbox 2022 2868 3603 2943">
    <p class='ocr_par' dir='ltr' id='par_1_72' title="bbox 2022 2868 3603 2943">
     <span class='ocr_line' id='line_1_72' title="bbox 2022 2868 3603 2943; baseline 0.008 -23"><span class='ocrx_word' id='word_1_597' title='bbox 2022 2868 2102 2932; x_wconf 85' lang='lat' dir='ltr'><strong>lit,</strong></span> <span class='ocrx_word' id='word_1_598' title='bbox 2134 2868 2277 2923; x_wconf 89' lang='lat' dir='ltr'><strong>sicut</strong></span> <span class='ocrx_word' id='word_1_599' title='bbox 2319 2868 2607 2925; x_wconf 71' lang='lat' dir='ltr'><strong>confirmat</strong></span> <span class='ocrx_word' id='word_1_600' title='bbox 2640 2869 2889 2926; x_wconf 84' lang='lat' dir='ltr'><strong>Salvator</strong></span> <span class='ocrx_word' id='word_1_601' title='bbox 2919 2872 2975 2925; x_wconf 87' lang='lat' dir='ltr'><strong>in</strong></span> <span class='ocrx_word' id='word_1_602' title='bbox 3033 2871 3362 2943; x_wconf 88' lang='lat' dir='ltr'><strong>Evangeliis.</strong></span> <span class='ocrx_word' id='word_1_603' title='bbox 3400 2874 3506 2930; x_wconf 85' lang='lat' dir='ltr'><strong>Sed</strong></span> <span class='ocrx_word' id='word_1_604' title='bbox 3549 2888 3603 2932; x_wconf 84' lang='lat' dir='ltr'><strong>et</strong></span> 
     </span>
    </p>
   </div>
   <div class='ocr_carea' id='block_1_73' title="bbox 2019 2960 3599 3034">
    <p class='ocr_par' dir='ltr' id='par_1_73' title="bbox 2019 2960 3599 3034">
     <span class='ocr_line' id='line_1_73' title="bbox 2019 2960 3599 3034; baseline 0.004 -20"><span class='ocrx_word' id='word_1_605' title='bbox 2019 2960 2271 3015; x_wconf 75' lang='grc' dir='ltr'>είειεειεε</span> <span class='ocrx_word' id='word_1_606' title='bbox 2298 2962 2526 3017; x_wconf 86' lang='lat' dir='ltr'><strong>virtutes</strong></span> <span class='ocrx_word' id='word_1_607' title='bbox 2548 2961 2652 3016; x_wconf 88' lang='lat' dir='ltr'><strong>sub</strong></span> <span class='ocrx_word' id='word_1_608' title='bbox 2678 2962 2781 3017; x_wconf 89' lang='lat' dir='ltr'><strong>hoc</strong></span> <span class='ocrx_word' id='word_1_609' title='bbox 2806 2962 3027 3017; x_wconf 85' lang='lat' dir='ltr'><strong>nomine</strong></span> <span class='ocrx_word' id='word_1_610' title='bbox 3048 2964 3310 3034; x_wconf 87' lang='lat' dir='ltr'><strong>appellari</strong></span> <span class='ocrx_word' id='word_1_611' title='bbox 3332 2966 3599 3033; x_wconf 85' lang='lat' dir='ltr'><strong>videntur,</strong></span> 
     </span>
    </p>
   </div>
   <div class='ocr_carea' id='block_1_74' title="bbox 2020 3050 3599 3125">
    <p class='ocr_par' dir='ltr' id='par_1_74' title="bbox 2020 3050 3599 3125">
     <span class='ocr_line' id='line_1_74' title="bbox 2020 3050 3599 3125; baseline 0.005 -21"><span class='ocrx_word' id='word_1_612' title='bbox 2020 3050 2153 3105; x_wconf 89' lang='lat' dir='ltr'><strong>dum</strong></span> <span class='ocrx_word' id='word_1_613' title='bbox 2200 3052 2403 3107; x_wconf 88' lang='lat' dir='ltr'><strong>dicitur</strong></span> <span class='ocrx_word' id='word_1_614' title='bbox 2441 3071 2454 3106; x_wconf 92' lang='lat'><strong>:</strong></span> <span class='ocrx_word' id='word_1_615' title='bbox 2502 3053 2643 3107; x_wconf 84' lang='lat' dir='ltr'><strong>Deus</strong></span> <span class='ocrx_word' id='word_1_616' title='bbox 2687 3055 2827 3108; x_wconf 82' lang='lat' dir='ltr'><strong>stetit</strong></span> <span class='ocrx_word' id='word_1_617' title='bbox 2862 3056 2913 3108; x_wconf 90' lang='lat' dir='ltr'><strong>in</strong></span> <span class='ocrx_word' id='word_1_618' title='bbox 2955 3072 3221 3125; x_wconf 73' lang='lat' dir='ltr'><strong>synagoga</strong></span> <span class='ocrx_word' id='word_1_619' title='bbox 3270 3058 3506 3124; x_wconf 83' lang='lat' dir='ltr'><strong>deorum,</strong></span> <span class='ocrx_word' id='word_1_620' title='bbox 3545 3061 3599 3113; x_wconf 88' lang='lat' dir='ltr'><strong>in</strong></span> 
     </span>
    </p>
   </div>
   <div class='ocr_carea' id='block_1_75' title="bbox 2023 3140 3600 3210">
    <p class='ocr_par' dir='ltr' id='par_1_75' title="bbox 2023 3140 3600 3210">
     <span class='ocr_line' id='line_1_75' title="bbox 2023 3140 3600 3210; baseline 0.006 -18"><span class='ocrx_word' id='word_1_621' title='bbox 2023 3140 2192 3194; x_wconf 81' lang='lat' dir='ltr'><strong>medio</strong></span> <span class='ocrx_word' id='word_1_622' title='bbox 2235 3152 2412 3195; x_wconf 82' lang='lat' dir='ltr'><strong>autent</strong></span> <span class='ocrx_word' id='word_1_623' title='bbox 2449 3142 2572 3196; x_wconf 88' lang='lat' dir='ltr'><strong>deos</strong></span> <span class='ocrx_word' id='word_1_624' title='bbox 2616 3142 2876 3210; x_wconf 85' lang='lat' dir='ltr'><strong>dijudicat</strong></span> <span class='ocrx_word' id='word_1_625' title='bbox 2902 3144 2968 3200; x_wconf 83' lang='grc'><strong>³⁸.</strong></span> <span class='ocrx_word' id='word_1_626' title='bbox 2996 3144 3181 3200; x_wconf 88' lang='lat' dir='ltr'><strong>Tertio</strong></span> <span class='ocrx_word' id='word_1_627' title='bbox 3214 3161 3343 3201; x_wconf 85' lang='lat' dir='ltr'><strong>vero</strong></span> <span class='ocrx_word' id='word_1_628' title='bbox 3381 3147 3435 3202; x_wconf 90' lang='lat' dir='ltr'><strong>in</strong></span> <span class='ocrx_word' id='word_1_629' title='bbox 3481 3149 3600 3203; x_wconf 86' lang='lat' dir='ltr'><strong>loco</strong></span> 
     </span>
    </p>
   </div>
   <div class='ocr_carea' id='block_1_76' title="bbox 2015 3229 3596 3300">
    <p class='ocr_par' dir='ltr' id='par_1_76' title="bbox 2015 3229 3596 3300">
     <span class='ocr_line' id='line_1_76' title="bbox 2015 3229 3596 3300; baseline 0.003 -15"><span class='ocrx_word' id='word_1_630' title='bbox 2015 3229 2130 3296; x_wconf 82' lang='lat' dir='ltr'><strong>jam</strong></span> <span class='ocrx_word' id='word_1_631' title='bbox 2161 3244 2271 3282; x_wconf 90' lang='lat' dir='ltr'><strong>non</strong></span> <span class='ocrx_word' id='word_1_632' title='bbox 2301 3230 2546 3293; x_wconf 89' lang='lat' dir='ltr'><strong>abusive,</strong></span> <span class='ocrx_word' id='word_1_633' title='bbox 2579 3231 2675 3287; x_wconf 87' lang='lat' dir='ltr'><strong>sed</strong></span> <span class='ocrx_word' id='word_1_634' title='bbox 2716 3230 2885 3296; x_wconf 81' lang='lat' dir='ltr'><strong>falso,</strong></span> <span class='ocrx_word' id='word_1_635' title='bbox 2910 3231 2986 3284; x_wconf 84' lang='lat' dir='ltr'><strong>dii</strong></span> <span class='ocrx_word' id='word_1_636' title='bbox 3035 3232 3279 3300; x_wconf 78' lang='lat' dir='ltr'><strong>gentium</strong></span> <span class='ocrx_word' id='word_1_637' title='bbox 3321 3233 3596 3288; x_wconf 68' lang='lat' dir='ltr'><strong>daamones</strong></span> 
     </span>
    </p>
   </div>
   <div class='ocr_carea' id='block_1_77' title="bbox 2018 3319 3599 3393">
    <p class='ocr_par' dir='ltr' id='par_1_77' title="bbox 2018 3319 3599 3393">
     <span class='ocr_line' id='line_1_77' title="bbox 2018 3319 3599 3393; baseline 0.004 -22"><span class='ocrx_word' id='word_1_638' title='bbox 2018 3319 2382 3387; x_wconf 89' lang='lat' dir='ltr'><strong>appellantur,</strong></span> <span class='ocrx_word' id='word_1_639' title='bbox 2414 3335 2538 3373; x_wconf 92' lang='lat' dir='ltr'><strong>cum</strong></span> <span class='ocrx_word' id='word_1_640' title='bbox 2580 3320 2712 3374; x_wconf 86' lang='lat' dir='ltr'><strong>dicit</strong></span> <span class='ocrx_word' id='word_1_641' title='bbox 2759 3319 3082 3388; x_wconf 84' lang='lat' dir='ltr'><strong>Scriptura:</strong></span> <span class='ocrx_word' id='word_1_642' title='bbox 3123 3322 3317 3379; x_wconf 79' lang='lat' dir='ltr'><strong>Omnes</strong></span> <span class='ocrx_word' id='word_1_643' title='bbox 3359 3323 3436 3376; x_wconf 84' lang='lat' dir='ltr'><strong>dii</strong></span> <span class='ocrx_word' id='word_1_644' title='bbox 3475 3340 3599 3393; x_wconf 82' lang='lat' dir='ltr'><strong>gen-</strong></span> 
     </span>
    </p>
   </div>
   <div class='ocr_carea' id='block_1_78' title="bbox 2019 3407 3596 3477">
    <p class='ocr_par' dir='ltr' id='par_1_78' title="bbox 2019 3407 3596 3477">
     <span class='ocr_line' id='line_1_78' title="bbox 2019 3407 3596 3477; baseline 0.007 -19"><span class='ocrx_word' id='word_1_645' title='bbox 2019 3408 2153 3460; x_wconf 84' lang='lat' dir='ltr'><strong>tium</strong></span> <span class='ocrx_word' id='word_1_646' title='bbox 2174 3407 2439 3460; x_wconf 76' lang='lat' dir='ltr'><strong>dtemoniu</strong></span> <span class='ocrx_word' id='word_1_647' title='bbox 2459 3408 2526 3463; x_wconf 76' lang='grc'><strong>³⁸.</strong></span> <span class='ocrx_word' id='word_1_648' title='bbox 2552 3407 2738 3477; x_wconf 78' lang='lat' dir='ltr'><strong>itaque</strong></span> <span class='ocrx_word' id='word_1_649' title='bbox 2761 3418 2813 3463; x_wconf 91' lang='lat' dir='ltr'><strong>et</strong></span> <span class='ocrx_word' id='word_1_650' title='bbox 2837 3410 3071 3477; x_wconf 88' lang='lat' dir='ltr'><strong>primum</strong></span> <span class='ocrx_word' id='word_1_651' title='bbox 3096 3413 3377 3467; x_wconf 61' lang='lat' dir='ltr'><strong>eharitat&#39;ts</strong></span> <span class='ocrx_word' id='word_1_652' title='bbox 3398 3428 3596 3469; x_wconf 74' lang='lat' dir='ltr'><strong>noiiicu</strong></span> 
     </span>
    </p>
   </div>
   <div class='ocr_carea' id='block_1_79' title="bbox 2018 3495 3591 3570">
    <p class='ocr_par' dir='ltr' id='par_1_79' title="bbox 2018 3495 3591 3570">
     <span class='ocr_line' id='line_1_79' title="bbox 2018 3495 3591 3570; baseline 0.005 -20"><span class='ocrx_word' id='word_1_653' title='bbox 2018 3498 2072 3550; x_wconf 89' lang='lat' dir='ltr'><strong>in</strong></span> <span class='ocrx_word' id='word_1_654' title='bbox 2098 3495 2208 3550; x_wconf 88' lang='lat' dir='ltr'><strong>Deo</strong></span> <span class='ocrx_word' id='word_1_655' title='bbox 2232 3505 2335 3562; x_wconf 90' lang='lat' dir='ltr'><strong>est,</strong></span> <span class='ocrx_word' id='word_1_656' title='bbox 2369 3507 2584 3566; x_wconf 81' lang='lat' dir='ltr'><strong>propter</strong></span> <span class='ocrx_word' id='word_1_657' title='bbox 2609 3499 2754 3568; x_wconf 88' lang='lat' dir='ltr'><strong>quod</strong></span> <span class='ocrx_word' id='word_1_658' title='bbox 2783 3498 3040 3567; x_wconf 87' lang='lat' dir='ltr'><strong>jubemur</strong></span> <span class='ocrx_word' id='word_1_659' title='bbox 3065 3501 3291 3570; x_wconf 81' lang='lat' dir='ltr'><strong>diligere</strong></span> <span class='ocrx_word' id='word_1_660' title='bbox 3328 3503 3494 3559; x_wconf 82' lang='lat' dir='ltr'><strong>Deum</strong></span> <span class='ocrx_word' id='word_1_661' title='bbox 3525 3519 3591 3558; x_wconf 82' lang='lat' dir='ltr'><strong>cx</strong></span> 
     </span>
    </p>
   </div>
   <div class='ocr_carea' id='block_1_80' title="bbox 2017 3591 3598 3658">
    <p class='ocr_par' dir='ltr' id='par_1_80' title="bbox 2017 3591 3598 3658">
     <span class='ocr_line' id='line_1_80' title="bbox 2017 3591 3598 3658; baseline 0.004 -13"><span class='ocrx_word' id='word_1_662' title='bbox 2017 3598 2130 3645; x_wconf 86' lang='lat' dir='ltr'><strong>toto</strong></span> <span class='ocrx_word' id='word_1_663' title='bbox 2163 3591 2328 3645; x_wconf 89' lang='lat' dir='ltr'><strong>corde</strong></span> <span class='ocrx_word' id='word_1_664' title='bbox 2358 3599 2568 3655; x_wconf 89' lang='lat' dir='ltr'><strong>nostro,</strong></span> <span class='ocrx_word' id='word_1_665' title='bbox 2601 3606 2669 3645; x_wconf 78' lang='lat' dir='ltr'><strong>ex</strong></span> <span class='ocrx_word' id='word_1_666' title='bbox 2698 3600 2807 3646; x_wconf 88' lang='lat' dir='ltr'><strong>tota</strong></span> <span class='ocrx_word' id='word_1_667' title='bbox 2831 3594 3012 3645; x_wconf 87' lang='lat' dir='ltr'><strong>anima</strong></span> <span class='ocrx_word' id='word_1_668' title='bbox 3044 3605 3251 3658; x_wconf 83' lang='lat' dir='ltr'><strong>nostra,</strong></span> <span class='ocrx_word' id='word_1_669' title='bbox 3285 3604 3340 3649; x_wconf 88' lang='lat' dir='ltr'><strong>et</strong></span> <span class='ocrx_word' id='word_1_670' title='bbox 3368 3611 3436 3649; x_wconf 82' lang='lat' dir='ltr'><strong>ex</strong></span> <span class='ocrx_word' id='word_1_671' title='bbox 3472 3598 3598 3652; x_wconf 87' lang='lat' dir='ltr'><strong>totis</strong></span> 
     </span>
    </p>
   </div>
   <div class='ocr_carea' id='block_1_81' title="bbox 2014 3686 3595 3756">
    <p class='ocr_par' dir='ltr' id='par_1_81' title="bbox 2014 3686 3595 3756">
     <span class='ocr_line' id='line_1_81' title="bbox 2014 3686 3595 3756; baseline 0.004 -17"><span class='ocrx_word' id='word_1_672' title='bbox 2014 3686 2225 3740; x_wconf 87' lang='lat' dir='ltr'><strong>viribus</strong></span> <span class='ocrx_word' id='word_1_673' title='bbox 2269 3687 2494 3751; x_wconf 85' lang='lat' dir='ltr'><strong>nostris,</strong></span> <span class='ocrx_word' id='word_1_674' title='bbox 2543 3695 2730 3755; x_wconf 88' lang='lat' dir='ltr'><strong>utpote</strong></span> <span class='ocrx_word' id='word_1_675' title='bbox 2779 3702 2905 3741; x_wconf 89' lang='lat' dir='ltr'><strong>eum</strong></span> <span class='ocrx_word' id='word_1_676' title='bbox 2949 3704 2983 3741; x_wconf 90' lang='lat' dir='ltr'><strong>a</strong></span> <span class='ocrx_word' id='word_1_677' title='bbox 3028 3704 3141 3756; x_wconf 89' lang='lat' dir='ltr'><strong>quo</strong></span> <span class='ocrx_word' id='word_1_678' title='bbox 3181 3690 3447 3745; x_wconf 83' lang='lat' dir='ltr'><strong>habemus</strong></span> <span class='ocrx_word' id='word_1_679' title='bbox 3492 3693 3595 3746; x_wconf 90' lang='lat' dir='ltr'><strong>hoc</strong></span> 
     </span>
    </p>
   </div>
   <div class='ocr_carea' id='block_1_82' title="bbox 2016 3775 3591 3847">
    <p class='ocr_par' dir='ltr' id='par_1_82' title="bbox 2016 3775 3591 3847">
     <span class='ocr_line' id='line_1_82' title="bbox 2016 3775 3591 3847; baseline 0.003 -16"><span class='ocrx_word' id='word_1_680' title='bbox 2016 3776 2218 3845; x_wconf 85' lang='lat' dir='ltr'><strong>ipsum,</strong></span> <span class='ocrx_word' id='word_1_681' title='bbox 2253 3784 2314 3828; x_wconf 88' lang='grc' dir='ltr'><strong>ιιι</strong></span> <span class='ocrx_word' id='word_1_682' title='bbox 2352 3775 2579 3844; x_wconf 78' lang='lat' dir='ltr'><strong>diligere</strong></span> <span class='ocrx_word' id='word_1_683' title='bbox 2611 3776 2906 3843; x_wconf 87' lang='lat' dir='ltr'><strong>possimus.</strong></span> <span class='ocrx_word' id='word_1_684' title='bbox 2941 3775 2999 3829; x_wconf 87' lang='lat' dir='ltr'><strong>In</strong></span> <span class='ocrx_word' id='word_1_685' title='bbox 3048 3778 3169 3845; x_wconf 91' lang='lat' dir='ltr'><strong>ipso</strong></span> <span class='ocrx_word' id='word_1_686' title='bbox 3196 3779 3310 3847; x_wconf 88' lang='lat' dir='ltr'><strong>jam</strong></span> <span class='ocrx_word' id='word_1_687' title='bbox 3344 3779 3464 3833; x_wconf 88' lang='lat' dir='ltr'><strong>sine</strong></span> <span class='ocrx_word' id='word_1_688' title='bbox 3491 3782 3591 3836; x_wconf 87' lang='lat' dir='ltr'><strong>du-</strong></span> 
     </span>
    </p>
   </div>
   <div class='ocr_carea' id='block_1_83' title="bbox 2015 3867 3596 3939">
    <p class='ocr_par' dir='ltr' id='par_1_83' title="bbox 2015 3867 3596 3939">
     <span class='ocr_line' id='line_1_83' title="bbox 2015 3867 3596 3939; baseline 0.004 -17"><span class='ocrx_word' id='word_1_689' title='bbox 2015 3867 2106 3922; x_wconf 86' lang='lat' dir='ltr'><strong>bio</strong></span> <span class='ocrx_word' id='word_1_690' title='bbox 2138 3867 2468 3932; x_wconf 86' lang='lat' dir='ltr'><strong>continetur,</strong></span> <span class='ocrx_word' id='word_1_691' title='bbox 2515 3878 2575 3920; x_wconf 92' lang='lat' dir='ltr'><strong>ut</strong></span> <span class='ocrx_word' id='word_1_692' title='bbox 2619 3876 2674 3921; x_wconf 92' lang='lat' dir='ltr'><strong>et</strong></span> <span class='ocrx_word' id='word_1_693' title='bbox 2710 3868 3059 3936; x_wconf 84' lang='lat' dir='ltr'><strong>sapientiam,</strong></span> <span class='ocrx_word' id='word_1_694' title='bbox 3112 3878 3166 3923; x_wconf 93' lang='lat' dir='ltr'><strong>et</strong></span> <span class='ocrx_word' id='word_1_695' title='bbox 3205 3870 3498 3939; x_wconf 82' lang='lat' dir='ltr'><strong>justitiam,</strong></span> <span class='ocrx_word' id='word_1_696' title='bbox 3541 3884 3596 3929; x_wconf 88' lang='lat' dir='ltr'><strong>et</strong></span> 
     </span>
    </p>
   </div>
   <div class='ocr_carea' id='block_1_84' title="bbox 2015 3957 3597 4032">
    <p class='ocr_par' dir='ltr' id='par_1_84' title="bbox 2015 3957 3597 4032">
     <span class='ocr_line' id='line_1_84' title="bbox 2015 3957 3597 4032; baseline 0.006 -22"><span class='ocrx_word' id='word_1_697' title='bbox 2015 3958 2292 4026; x_wconf 82' lang='lat' dir='ltr'><strong>pietatem,</strong></span> <span class='ocrx_word' id='word_1_698' title='bbox 2352 3965 2406 4011; x_wconf 91' lang='lat' dir='ltr'><strong>et</strong></span> <span class='ocrx_word' id='word_1_699' title='bbox 2453 3957 2734 4013; x_wconf 86' lang='lat' dir='ltr'><strong>veritatem</strong></span> <span class='ocrx_word' id='word_1_700' title='bbox 2783 3972 3082 4028; x_wconf 82' lang='lat' dir='ltr'><strong>omnesque</strong></span> <span class='ocrx_word' id='word_1_701' title='bbox 3126 3962 3357 4017; x_wconf 87' lang='lat' dir='ltr'><strong>virtutes</strong></span> <span class='ocrx_word' id='word_1_702' title='bbox 3395 3964 3597 4032; x_wconf 86' lang='lat' dir='ltr'><strong>pariter</strong></span> 
     </span>
    </p>
   </div>
   <div class='ocr_carea' id='block_1_85' title="bbox 2014 4044 3591 4120">
    <p class='ocr_par' dir='ltr' id='par_1_85' title="bbox 2014 4044 3591 4120">
     <span class='ocr_line' id='line_1_85' title="bbox 2014 4044 3591 4120; baseline 0.004 -18"><span class='ocrx_word' id='word_1_703' title='bbox 2014 4047 2323 4118; x_wconf 82' lang='lat' dir='ltr'><strong>diligamus.</strong></span> <span class='ocrx_word' id='word_1_704' title='bbox 2344 4044 2525 4101; x_wconf 83' lang='lat' dir='ltr'><strong>Unum</strong></span> <span class='ocrx_word' id='word_1_705' title='bbox 2544 4049 2689 4101; x_wconf 86' lang='lat' dir='ltr'><strong>enim</strong></span> <span class='ocrx_word' id='word_1_706' title='bbox 2708 4057 2870 4117; x_wconf 86' lang='lat' dir='ltr'><strong>atque</strong></span> <span class='ocrx_word' id='word_1_707' title='bbox 2896 4048 3036 4102; x_wconf 88' lang='lat' dir='ltr'><strong>idem</strong></span> <span class='ocrx_word' id='word_1_708' title='bbox 3058 4059 3140 4103; x_wconf 91' lang='lat' dir='ltr'><strong>est</strong></span> <span class='ocrx_word' id='word_1_709' title='bbox 3155 4050 3376 4120; x_wconf 74' lang='lat' dir='ltr'><strong>diligere</strong></span> <span class='ocrx_word' id='word_1_710' title='bbox 3396 4051 3591 4117; x_wconf 89' lang='lat' dir='ltr'><strong>Deum,</strong></span> 
     </span>
    </p>
   </div>
   <div class='ocr_carea' id='block_1_86' title="bbox 2012 4137 3593 4210">
    <p class='ocr_par' dir='ltr' id='par_1_86' title="bbox 2012 4137 3593 4210">
     <span class='ocr_line' id='line_1_86' title="bbox 2012 4137 3593 4210; baseline 0.003 -14"><span class='ocrx_word' id='word_1_711' title='bbox 2012 4151 2068 4196; x_wconf 85' lang='lat' dir='ltr'><strong>et</strong></span> <span class='ocrx_word' id='word_1_712' title='bbox 2105 4139 2327 4209; x_wconf 82' lang='lat' dir='ltr'><strong>diligere</strong></span> <span class='ocrx_word' id='word_1_713' title='bbox 2367 4138 2531 4193; x_wconf 84' lang='lat' dir='ltr'><strong>bona.</strong></span> <span class='ocrx_word' id='word_1_714' title='bbox 2582 4137 2833 4194; x_wconf 85' lang='lat' dir='ltr'><strong>Secundo</strong></span> <span class='ocrx_word' id='word_1_715' title='bbox 2877 4140 3019 4207; x_wconf 89' lang='lat' dir='ltr'><strong>loco,</strong></span> <span class='ocrx_word' id='word_1_716' title='bbox 3059 4142 3221 4210; x_wconf 88' lang='lat' dir='ltr'><strong>quasi</strong></span> <span class='ocrx_word' id='word_1_717' title='bbox 3268 4143 3496 4199; x_wconf 83' lang='lat' dir='ltr'><strong>abusivo</strong></span> <span class='ocrx_word' id='word_1_718' title='bbox 3539 4157 3593 4200; x_wconf 87' lang='lat' dir='ltr'><strong>et</strong></span> 
     </span>
    </p>
   </div>
   <div class='ocr_carea' id='block_1_87' title="bbox 2012 4224 3593 4301">
    <p class='ocr_par' dir='ltr' id='par_1_87' title="bbox 2012 4224 3593 4301">
     <span class='ocr_line' id='line_1_87' title="bbox 2012 4224 3593 4301; baseline 0.004 -22"><span class='ocrx_word' id='word_1_719' title='bbox 2012 4226 2138 4281; x_wconf 88' lang='lat' dir='ltr'><strong>inde</strong></span> <span class='ocrx_word' id='word_1_720' title='bbox 2169 4224 2413 4279; x_wconf 85' lang='lat' dir='ltr'><strong>derivato</strong></span> <span class='ocrx_word' id='word_1_721' title='bbox 2438 4226 2669 4279; x_wconf 72' lang='lat' dir='ltr'><strong>nurnine</strong></span> <span class='ocrx_word' id='word_1_722' title='bbox 2707 4227 2868 4280; x_wconf 85' lang='lat' dir='ltr'><strong>etiam</strong></span> <span class='ocrx_word' id='word_1_723' title='bbox 2910 4229 3221 4296; x_wconf 82' lang='lat' dir='ltr'><strong>proximum</strong></span> <span class='ocrx_word' id='word_1_724' title='bbox 3252 4231 3479 4299; x_wconf 77' lang='lat' dir='ltr'><strong>diligere</strong></span> <span class='ocrx_word' id='word_1_725' title='bbox 3502 4233 3593 4301; x_wconf 86' lang='lat' dir='ltr'><strong>jn-</strong></span> 
     </span>
    </p>
   </div>
   <div class='ocr_carea' id='block_1_88' title="bbox 2012 4315 3588 4393">
    <p class='ocr_par' dir='ltr' id='par_1_88' title="bbox 2012 4315 3588 4393">
     <span class='ocr_line' id='line_1_88' title="bbox 2012 4315 3588 4393; baseline 0.005 -23"><span class='ocrx_word' id='word_1_726' title='bbox 2012 4315 2223 4381; x_wconf 84' lang='lat' dir='ltr'><strong>bemur,</strong></span> <span class='ocrx_word' id='word_1_727' title='bbox 2255 4324 2511 4384; x_wconf 88' lang='lat' dir='ltr'><strong>tanquam</strong></span> <span class='ocrx_word' id='word_1_728' title='bbox 2548 4332 2648 4371; x_wconf 91' lang='lat' dir='ltr'><strong>nos</strong></span> <span class='ocrx_word' id='word_1_729' title='bbox 2675 4315 2842 4385; x_wconf 85' lang='lat' dir='ltr'><strong>ipsos.</strong></span> <span class='ocrx_word' id='word_1_730' title='bbox 2878 4315 3123 4372; x_wconf 88' lang='lat' dir='ltr'><strong>Tertium</strong></span> <span class='ocrx_word' id='word_1_731' title='bbox 3160 4336 3289 4375; x_wconf 72' lang='lat' dir='ltr'><strong>vero</strong></span> <span class='ocrx_word' id='word_1_732' title='bbox 3320 4331 3405 4376; x_wconf 85' lang='lat' dir='ltr'><strong>est</strong></span> <span class='ocrx_word' id='word_1_733' title='bbox 3443 4325 3588 4393; x_wconf 87' lang='lat' dir='ltr'><strong>quod</strong></span> 
     </span>
    </p>
   </div>
   <div class='ocr_carea' id='block_1_89' title="bbox 343 4405 3587 4485">
    <p class='ocr_par' dir='ltr' id='par_1_89' title="bbox 343 4405 3587 4485">
     <span class='ocr_line' id='line_1_89' title="bbox 343 4405 3587 4485; baseline 0.001 -21"><span class='ocrx_word' id='word_1_734' title='bbox 343 4428 495 4480; x_wconf 80' lang='lat' dir='ltr'><strong>mur;</strong></span> <span class='ocrx_word' id='word_1_735' title='bbox 526 4413 669 4468; x_wconf 89' lang='lat' dir='ltr'><strong>sicut</strong></span> <span class='ocrx_word' id='word_1_736' title='bbox 711 4423 767 4468; x_wconf 90' lang='lat' dir='ltr'><strong>et</strong></span> <span class='ocrx_word' id='word_1_737' title='bbox 795 4414 885 4467; x_wconf 87' lang='lat' dir='ltr'><strong>ille</strong></span> <span class='ocrx_word' id='word_1_738' title='bbox 914 4415 1007 4483; x_wconf 87' lang='lat' dir='ltr'><strong>qui</strong></span> <span class='ocrx_word' id='word_1_739' title='bbox 1045 4415 1158 4483; x_wconf 90' lang='lat' dir='ltr'><strong>jam</strong></span> <span class='ocrx_word' id='word_1_740' title='bbox 1206 4417 1534 4485; x_wconf 88' lang='lat' dir='ltr'><strong>conjunctus</strong></span> <span class='ocrx_word' id='word_1_741' title='bbox 1577 4420 1625 4475; x_wconf 89' lang='lat' dir='ltr'><strong>ei</strong></span> <span class='ocrx_word' id='word_1_742' title='bbox 1659 4422 1907 4477; x_wconf 85' lang='lat' dir='ltr'><strong>dicebat:</strong></span> <span class='ocrx_word' id='word_1_743' title='bbox 1941 4427 1986 4485; x_wconf 75' lang='grc' dir='ltr'>ι)</span> <span class='ocrx_word' id='word_1_744' title='bbox 2016 4405 2152 4461; x_wconf 70' lang='lat' dir='ltr'><strong>falso</strong></span> <span class='ocrx_word' id='word_1_745' title='bbox 2195 4407 2298 4462; x_wconf 86' lang='lat' dir='ltr'><strong>sub</strong></span> <span class='ocrx_word' id='word_1_746' title='bbox 2340 4405 2624 4461; x_wconf 88' lang='lat' dir='ltr'><strong>charitatis</strong></span> <span class='ocrx_word' id='word_1_747' title='bbox 2658 4408 2815 4462; x_wconf 88' lang='lat' dir='ltr'><strong>titulo</strong></span> <span class='ocrx_word' id='word_1_748' title='bbox 2862 4409 3200 4475; x_wconf 84' lang='lat' dir='ltr'><strong>nominatur,</strong></span> <span class='ocrx_word' id='word_1_749' title='bbox 3231 4412 3457 4483; x_wconf 83' lang='lat' dir='ltr'><strong>diligere</strong></span> <span class='ocrx_word' id='word_1_750' title='bbox 3503 4416 3587 4470; x_wconf 88' lang='lat' dir='ltr'><strong>vel</strong></span> 
     </span>
    </p>
   </div>
   <div class='ocr_carea' id='block_1_90' title="bbox 347 4503 1908 4579">
    <p class='ocr_par' dir='ltr' id='par_1_90' title="bbox 347 4503 1908 4579">
     <span class='ocr_line' id='line_1_90' title="bbox 347 4503 1908 4579; baseline 0.006 -23"><span class='ocrx_word' id='word_1_751' title='bbox 347 4503 477 4570; x_wconf 84' lang='lat' dir='ltr'><strong>Quis</strong></span> <span class='ocrx_word' id='word_1_752' title='bbox 509 4520 602 4557; x_wconf 83' lang='lat' dir='ltr'><strong>uos</strong></span> <span class='ocrx_word' id='word_1_753' title='bbox 626 4504 890 4573; x_wconf 82' lang='lat' dir='ltr'><strong>separabit</strong></span> <span class='ocrx_word' id='word_1_754' title='bbox 919 4521 954 4558; x_wconf 88' lang='lat' dir='ltr'><strong>a</strong></span> <span class='ocrx_word' id='word_1_755' title='bbox 993 4505 1250 4559; x_wconf 75' lang='lat' dir='ltr'><strong>charitate</strong></span> <span class='ocrx_word' id='word_1_756' title='bbox 1272 4506 1390 4574; x_wconf 85' lang='lat' dir='ltr'><strong>Dei,</strong></span> <span class='ocrx_word' id='word_1_757' title='bbox 1424 4525 1541 4579; x_wconf 70' lang='lat' dir='ltr'><strong>qua:</strong></span> <span class='ocrx_word' id='word_1_758' title='bbox 1566 4523 1643 4566; x_wconf 87' lang='lat' dir='ltr'><strong>est</strong></span> <span class='ocrx_word' id='word_1_759' title='bbox 1669 4512 1728 4565; x_wconf 83' lang='lat' dir='ltr'><strong>in</strong></span> <span class='ocrx_word' id='word_1_760' title='bbox 1751 4511 1908 4568; x_wconf 70' lang='lat' dir='ltr'><strong>Citri-</strong></span> 
     </span>
    </p>
   </div>
   <div class='ocr_carea' id='block_1_91' title="bbox 344 4596 1910 4662">
    <p class='ocr_par' dir='ltr' id='par_1_91' title="bbox 344 4596 1910 4662">
     <span class='ocr_line' id='line_1_91' title="bbox 344 4596 1910 4662; baseline 0.006 -11"><span class='ocrx_word' id='word_1_761' title='bbox 344 4606 426 4651; x_wconf 83' lang='lat' dir='ltr'><strong>sto</strong></span> <span class='ocrx_word' id='word_1_762' title='bbox 465 4596 594 4651; x_wconf 78' lang='lat' dir='ltr'><strong>Jesu</strong></span> <span class='ocrx_word' id='word_1_763' title='bbox 639 4596 860 4651; x_wconf 86' lang='lat' dir='ltr'><strong>Domino</strong></span> <span class='ocrx_word' id='word_1_764' title='bbox 909 4607 1090 4652; x_wconf 71' lang='lat' dir='ltr'><strong>nostra</strong></span> <span class='ocrx_word' id='word_1_765' title='bbox 1132 4599 1216 4653; x_wconf 73' lang='grc' dir='ltr'><strong>³⁶ῗ</strong></span> <span class='ocrx_word' id='word_1_766' title='bbox 1268 4598 1394 4656; x_wconf 73' lang='lat' dir='ltr'><strong>Haec</strong></span> <span class='ocrx_word' id='word_1_767' title='bbox 1440 4612 1624 4658; x_wconf 88' lang='lat' dir='ltr'><strong>autem</strong></span> <span class='ocrx_word' id='word_1_768' title='bbox 1666 4604 1910 4662; x_wconf 77' lang='lat' dir='ltr'><strong>clmitas</strong></span> 
     </span>
    </p>
   </div>
   <div class='ocr_carea' id='block_1_92' title="bbox 341 4688 1908 4763">
    <p class='ocr_par' dir='ltr' id='par_1_92' title="bbox 341 4688 1908 4763">
     <span class='ocr_line' id='line_1_92' title="bbox 341 4688 1908 4763; baseline 0.004 -20"><span class='ocrx_word' id='word_1_769' title='bbox 341 4701 560 4744; x_wconf 89' lang='lat' dir='ltr'><strong>omnem</strong></span> <span class='ocrx_word' id='word_1_770' title='bbox 596 4688 870 4742; x_wconf 79' lang='lat' dir='ltr'><strong>hominem</strong></span> <span class='ocrx_word' id='word_1_771' title='bbox 916 4690 1225 4758; x_wconf 76' lang='lat' dir='ltr'><strong>proximum</strong></span> <span class='ocrx_word' id='word_1_772' title='bbox 1258 4691 1449 4763; x_wconf 89' lang='lat' dir='ltr'><strong>diligit.</strong></span> <span class='ocrx_word' id='word_1_773' title='bbox 1493 4692 1579 4748; x_wconf 92' lang='lat' dir='ltr'><strong>0b</strong></span> <span class='ocrx_word' id='word_1_774' title='bbox 1613 4694 1717 4750; x_wconf 91' lang='lat' dir='ltr'><strong>hoc</strong></span> <span class='ocrx_word' id='word_1_775' title='bbox 1760 4696 1908 4750; x_wconf 87' lang='lat' dir='ltr'><strong>enim</strong></span> 
     </span>
    </p>
   </div>
   <div class='ocr_carea' id='block_1_93' title="bbox 343 4776 1909 4854">
    <p class='ocr_par' dir='ltr' id='par_1_93' title="bbox 343 4776 1909 4854">
     <span class='ocr_line' id='line_1_93' title="bbox 343 4776 1909 4854; baseline 0.004 -21"><span class='ocrx_word' id='word_1_776' title='bbox 343 4778 523 4848; x_wconf 76' lang='lat' dir='ltr'><strong>arguit</strong></span> <span class='ocrx_word' id='word_1_777' title='bbox 562 4776 813 4832; x_wconf 80' lang='lat' dir='ltr'><strong>Salvator</strong></span> <span class='ocrx_word' id='word_1_778' title='bbox 862 4780 1173 4848; x_wconf 82' lang='lat' dir='ltr'><strong>quemdam,</strong></span> <span class='ocrx_word' id='word_1_779' title='bbox 1219 4781 1313 4850; x_wconf 91' lang='lat' dir='ltr'><strong>qui</strong></span> <span class='ocrx_word' id='word_1_780' title='bbox 1369 4783 1700 4852; x_wconf 85' lang='lat' dir='ltr'><strong>epinabatur</strong></span> <span class='ocrx_word' id='word_1_781' title='bbox 1760 4785 1909 4854; x_wconf 89' lang='lat' dir='ltr'><strong>quod</strong></span> 
     </span>
    </p>
   </div>
   <div class='ocr_carea' id='block_1_94' title="bbox 344 4868 1909 4941">
    <p class='ocr_par' dir='ltr' id='par_1_94' title="bbox 344 4868 1909 4941">
     <span class='ocr_line' id='line_1_94' title="bbox 344 4868 1909 4941; baseline 0.004 -19"><span class='ocrx_word' id='word_1_782' title='bbox 344 4869 487 4937; x_wconf 84' lang='lat' dir='ltr'><strong>iusta</strong></span> <span class='ocrx_word' id='word_1_783' title='bbox 532 4868 713 4923; x_wconf 81' lang='lat' dir='ltr'><strong>anima</strong></span> <span class='ocrx_word' id='word_1_784' title='bbox 756 4883 883 4939; x_wconf 76' lang='lat' dir='ltr'><strong>erga</strong></span> <span class='ocrx_word' id='word_1_785' title='bbox 927 4883 1050 4923; x_wconf 87' lang='lat' dir='ltr'><strong>eam</strong></span> <span class='ocrx_word' id='word_1_786' title='bbox 1088 4885 1211 4939; x_wconf 75' lang='lat' dir='ltr'><strong>qua:</strong></span> <span class='ocrx_word' id='word_1_787' title='bbox 1255 4870 1636 4941; x_wconf 86' lang='lat' dir='ltr'><strong>iniquitatibus</strong></span> <span class='ocrx_word' id='word_1_788' title='bbox 1667 4873 1909 4929; x_wconf 84' lang='lat' dir='ltr'><strong>involuta</strong></span> 
     </span>
    </p>
   </div>
   <div class='ocr_carea' id='block_1_95' title="bbox 343 4959 1908 5029">
    <p class='ocr_par' dir='ltr' id='par_1_95' title="bbox 343 4959 1908 5029">
     <span class='ocr_line' id='line_1_95' title="bbox 343 4959 1908 5029; baseline 0.003 -14"><span class='ocrx_word' id='word_1_789' title='bbox 343 4970 445 5025; x_wconf 85' lang='lat' dir='ltr'><strong>est,</strong></span> <span class='ocrx_word' id='word_1_790' title='bbox 474 4959 892 5029; x_wconf 82' lang='lat' dir='ltr'><strong>propinquitatis</strong></span> <span class='ocrx_word' id='word_1_791' title='bbox 918 4959 1043 5029; x_wconf 86' lang='lat' dir='ltr'><strong>jura</strong></span> <span class='ocrx_word' id='word_1_792' title='bbox 1065 4976 1177 5017; x_wconf 91' lang='lat' dir='ltr'><strong>non</strong></span> <span class='ocrx_word' id='word_1_793' title='bbox 1198 4971 1372 5017; x_wconf 87' lang='lat' dir='ltr'><strong>servet</strong></span> <span class='ocrx_word' id='word_1_794' title='bbox 1396 4981 1409 5017; x_wconf 90' lang='lat'><strong>:</strong></span> <span class='ocrx_word' id='word_1_795' title='bbox 1440 4972 1495 5017; x_wconf 89' lang='lat' dir='ltr'><strong>et</strong></span> <span class='ocrx_word' id='word_1_796' title='bbox 1529 4964 1631 5018; x_wconf 88' lang='lat' dir='ltr'><strong>ista</strong></span> <span class='ocrx_word' id='word_1_797' title='bbox 1653 4963 1722 5020; x_wconf 83' lang='lat' dir='ltr'><strong>de</strong></span> <span class='ocrx_word' id='word_1_798' title='bbox 1743 4980 1908 5021; x_wconf 90' lang='lat' dir='ltr'><strong>causa</strong></span> 
     </span>
    </p>
   </div>
   <div class='ocr_carea' id='block_1_96' title="bbox 344 5050 1910 5123">
    <p class='ocr_par' dir='ltr' id='par_1_96' title="bbox 344 5050 1910 5123">
     <span class='ocr_line' id='line_1_96' title="bbox 344 5050 1910 5123; baseline 0.004 -18"><span class='ocrx_word' id='word_1_799' title='bbox 344 5051 514 5105; x_wconf 64' lang='lat' dir='ltr'><strong>texuit</strong></span> <span class='ocrx_word' id='word_1_800' title='bbox 537 5051 693 5105; x_wconf 89' lang='lat' dir='ltr'><strong>istam</strong></span> <span class='ocrx_word' id='word_1_801' title='bbox 718 5050 1055 5120; x_wconf 81' lang='lat' dir='ltr'><strong>parabolam,</strong></span> <span class='ocrx_word' id='word_1_802' title='bbox 1083 5066 1206 5121; x_wconf 72' lang='lat' dir='ltr'><strong>qua:</strong></span> <span class='ocrx_word' id='word_1_803' title='bbox 1228 5051 1378 5119; x_wconf 88' lang='lat' dir='ltr'><strong>dicit,</strong></span> <span class='ocrx_word' id='word_1_804' title='bbox 1412 5054 1558 5123; x_wconf 82' lang='lat' dir='ltr'><strong>quod</strong></span> <span class='ocrx_word' id='word_1_805' title='bbox 1590 5054 1647 5108; x_wconf 87' lang='lat' dir='ltr'><strong>in</strong></span> <span class='ocrx_word' id='word_1_806' title='bbox 1670 5055 1910 5111; x_wconf 88' lang='lat' dir='ltr'><strong>latrones</strong></span> 
     </span>
    </p>
   </div>
   <div class='ocr_carea' id='block_1_97' title="bbox 346 5140 1907 5212">
    <p class='ocr_par' dir='ltr' id='par_1_97' title="bbox 346 5140 1907 5212">
     <span class='ocr_line' id='line_1_97' title="bbox 346 5140 1907 5212; baseline 0.003 -16"><span class='ocrx_word' id='word_1_807' title='bbox 346 5142 530 5197; x_wconf 91' lang='lat' dir='ltr'><strong>incidit</strong></span> <span class='ocrx_word' id='word_1_808' title='bbox 578 5141 823 5212; x_wconf 86' lang='lat' dir='ltr'><strong>quidam,</strong></span> <span class='ocrx_word' id='word_1_809' title='bbox 854 5140 985 5196; x_wconf 90' lang='lat' dir='ltr'><strong>dum</strong></span> <span class='ocrx_word' id='word_1_810' title='bbox 1033 5141 1315 5201; x_wconf 82' lang='lat' dir='ltr'><strong>descendit</strong></span> <span class='ocrx_word' id='word_1_811' title='bbox 1355 5142 1424 5197; x_wconf 86' lang='lat' dir='ltr'><strong>ab</strong></span> <span class='ocrx_word' id='word_1_812' title='bbox 1464 5141 1801 5205; x_wconf 81' lang='lat' dir='ltr'><strong>Hierusalem</strong></span> <span class='ocrx_word' id='word_1_813' title='bbox 1850 5145 1907 5200; x_wconf 90' lang='lat' dir='ltr'><strong>in</strong></span> 
     </span>
    </p>
   </div>
   <div class='ocr_carea' id='block_1_98' title="bbox 420 5277 1753 5348">
    <p class='ocr_par' dir='ltr' id='par_1_98' title="bbox 420 5277 1753 5348">
     <span class='ocr_line' id='line_1_98' title="bbox 420 5277 1753 5348; baseline 0.002 -14"><span class='ocrx_word' id='word_1_814' title='bbox 420 5280 461 5313; x_wconf 83' lang='grc'>³¹</span> <span class='ocrx_word' id='word_1_815' title='bbox 502 5278 521 5334; x_wconf 98' lang='lat' dir='ltr'><strong>l</strong></span> <span class='ocrx_word' id='word_1_816' title='bbox 566 5277 724 5335; x_wconf 76' lang='lat' dir='ltr'><strong>loan.</strong></span> <span class='ocrx_word' id='word_1_817' title='bbox 761 5296 839 5348; x_wconf 78' lang='lat' dir='ltr'><strong>Iv,</strong></span> <span class='ocrx_word' id='word_1_818' title='bbox 880 5280 934 5341; x_wconf 90' lang='lat'><strong>7,</strong></span> <span class='ocrx_word' id='word_1_819' title='bbox 977 5280 1032 5336; x_wconf 90' lang='lat'><strong>8.</strong></span> <span class='ocrx_word' id='word_1_820' title='bbox 1134 5281 1178 5313; x_wconf 75' lang='grc'>³³</span> <span class='ocrx_word' id='word_1_821' title='bbox 1215 5279 1372 5336; x_wconf 76' lang='lat' dir='ltr'><strong>Joan.</strong></span> <span class='ocrx_word' id='word_1_822' title='bbox 1405 5296 1514 5348; x_wconf 82' lang='lat' dir='ltr'><strong>va,</strong></span> <span class='ocrx_word' id='word_1_823' title='bbox 1544 5281 1635 5345; x_wconf 73' lang='lat'><strong>27,</strong></span> <span class='ocrx_word' id='word_1_824' title='bbox 1663 5281 1753 5337; x_wconf 73' lang='grc'><strong>28.</strong></span> 
     </span>
    </p>
   </div>
   <div class='ocr_carea' id='block_1_99' title="bbox 1859 5276 2961 5346">
    <p class='ocr_par' dir='ltr' id='par_1_99' title="bbox 1859 5276 2961 5346">
     <span class='ocr_line' id='line_1_99' title="bbox 1859 5276 2961 5346; baseline -0.004 -11"><span class='ocrx_word' id='word_1_825' title='bbox 1859 5282 1904 5314; x_wconf 88' lang='grc'>³³</span> <span class='ocrx_word' id='word_1_826' title='bbox 1938 5279 2148 5335; x_wconf 83' lang='lat' dir='ltr'><strong>lJoan.</strong></span> <span class='ocrx_word' id='word_1_827' title='bbox 2175 5293 2250 5336; x_wconf 83' lang='lat' dir='ltr'><strong>IV.</strong></span> <span class='ocrx_word' id='word_1_828' title='bbox 2274 5279 2362 5334; x_wconf 71' lang='lat' dir='ltr'><strong>i2.</strong></span> <span class='ocrx_word' id='word_1_829' title='bbox 2438 5278 2485 5312; x_wconf 70' lang='lat'><strong>“</strong></span> <span class='ocrx_word' id='word_1_830' title='bbox 2515 5276 2675 5334; x_wconf 86' lang='lat' dir='ltr'><strong>Joan.</strong></span> <span class='ocrx_word' id='word_1_831' title='bbox 2726 5293 2838 5346; x_wconf 77' lang='lat' dir='ltr'><strong>xiv,</strong></span> <span class='ocrx_word' id='word_1_832' title='bbox 2870 5277 2961 5332; x_wconf 76' lang='grc'><strong>25.</strong></span> 
     </span>
    </p>
   </div>
   <div class='ocr_carea' id='block_1_100' title="bbox 2014 4498 3587 4573">
    <p class='ocr_par' dir='ltr' id='par_1_100' title="bbox 2014 4498 3587 4573">
     <span class='ocr_line' id='line_1_100' title="bbox 2014 4498 3587 4573; baseline 0.006 -21"><span class='ocrx_word' id='word_1_833' title='bbox 2014 4499 2319 4566; x_wconf 85' lang='lat' dir='ltr'><strong>pecuniam,</strong></span> <span class='ocrx_word' id='word_1_834' title='bbox 2359 4498 2443 4553; x_wconf 77' lang='lat' dir='ltr'><strong>vel</strong></span> <span class='ocrx_word' id='word_1_835' title='bbox 2492 4499 2816 4568; x_wconf 84' lang='lat' dir='ltr'><strong>voluptates,</strong></span> <span class='ocrx_word' id='word_1_836' title='bbox 2863 4500 2948 4554; x_wconf 85' lang='lat' dir='ltr'><strong>vel</strong></span> <span class='ocrx_word' id='word_1_837' title='bbox 2999 4515 3164 4555; x_wconf 83' lang='lat' dir='ltr'><strong>ontne</strong></span> <span class='ocrx_word' id='word_1_838' title='bbox 3206 4505 3469 4573; x_wconf 84' lang='lat' dir='ltr'><strong>quidquid</strong></span> <span class='ocrx_word' id='word_1_839' title='bbox 3520 4508 3587 4561; x_wconf 89' lang='lat' dir='ltr'><strong>ad</strong></span> 
     </span>
    </p>
   </div>
   <div class='ocr_carea' id='block_1_101' title="bbox 2013 4591 3589 4664">
    <p class='ocr_par' dir='ltr' id='par_1_101' title="bbox 2013 4591 3589 4664">
     <span class='ocr_line' id='line_1_101' title="bbox 2013 4591 3589 4664; baseline 0.004 -19"><span class='ocrx_word' id='word_1_840' title='bbox 2013 4591 2374 4660; x_wconf 79' lang='lat' dir='ltr'><strong>corruptelam</strong></span> <span class='ocrx_word' id='word_1_841' title='bbox 2402 4591 2634 4659; x_wconf 86' lang='lat' dir='ltr'><strong>pertinet</strong></span> <span class='ocrx_word' id='word_1_842' title='bbox 2670 4600 2726 4647; x_wconf 92' lang='lat' dir='ltr'><strong>et</strong></span> <span class='ocrx_word' id='word_1_843' title='bbox 2753 4607 3017 4648; x_wconf 78' lang='lat' dir='ltr'><strong>errorem.</strong></span> <span class='ocrx_word' id='word_1_844' title='bbox 3048 4591 3166 4649; x_wconf 84' lang='lat' dir='ltr'><strong>Non</strong></span> <span class='ocrx_word' id='word_1_845' title='bbox 3202 4610 3335 4664; x_wconf 82' lang='lat' dir='ltr'><strong>ergo</strong></span> <span class='ocrx_word' id='word_1_846' title='bbox 3362 4595 3589 4652; x_wconf 86' lang='lat' dir='ltr'><strong>interest</strong></span> 
     </span>
    </p>
   </div>
   <div class='ocr_carea' id='block_1_102' title="bbox 2015 4681 3585 4757">
    <p class='ocr_par' dir='ltr' id='par_1_102' title="bbox 2015 4681 3585 4757">
     <span class='ocr_line' id='line_1_102' title="bbox 2015 4681 3585 4757; baseline 0.004 -20"><span class='ocrx_word' id='word_1_847' title='bbox 2015 4692 2198 4738; x_wconf 84' lang='lat' dir='ltr'><strong>utrum</strong></span> <span class='ocrx_word' id='word_1_848' title='bbox 2224 4682 2401 4737; x_wconf 86' lang='lat' dir='ltr'><strong>amari</strong></span> <span class='ocrx_word' id='word_1_849' title='bbox 2419 4683 2635 4738; x_wconf 84' lang='lat' dir='ltr'><strong>dicatur</strong></span> <span class='ocrx_word' id='word_1_850' title='bbox 2659 4681 2824 4748; x_wconf 90' lang='lat' dir='ltr'><strong>Deus,</strong></span> <span class='ocrx_word' id='word_1_851' title='bbox 2849 4698 2918 4738; x_wconf 90' lang='lat' dir='ltr'><strong>an</strong></span> <span class='ocrx_word' id='word_1_852' title='bbox 2948 4684 3119 4755; x_wconf 71' lang='lat' dir='ltr'><strong>diligi.</strong></span> <span class='ocrx_word' id='word_1_853' title='bbox 3142 4684 3251 4740; x_wconf 84' lang='lat' dir='ltr'><strong>Nec</strong></span> <span class='ocrx_word' id='word_1_854' title='bbox 3283 4696 3416 4755; x_wconf 83' lang='lat' dir='ltr'><strong>puto</strong></span> <span class='ocrx_word' id='word_1_855' title='bbox 3438 4690 3585 4757; x_wconf 88' lang='lat' dir='ltr'><strong>quod</strong></span> 
     </span>
    </p>
   </div>
   <div class='ocr_carea' id='block_1_103' title="bbox 2016 4770 3588 4842">
    <p class='ocr_par' dir='ltr' id='par_1_103' title="bbox 2016 4770 3588 4842">
     <span class='ocr_line' id='line_1_103' title="bbox 2016 4770 3588 4842; baseline 0.003 -16"><span class='ocrx_word' id='word_1_856' title='bbox 2016 4770 2224 4839; x_wconf 89' lang='lat' dir='ltr'><strong>culpari</strong></span> <span class='ocrx_word' id='word_1_857' title='bbox 2261 4772 2433 4840; x_wconf 88' lang='lat' dir='ltr'><strong>possit</strong></span> <span class='ocrx_word' id='word_1_858' title='bbox 2457 4772 2502 4826; x_wconf 88' lang='lat' dir='ltr'><strong>si</strong></span> <span class='ocrx_word' id='word_1_859' title='bbox 2536 4772 2661 4842; x_wconf 86' lang='lat' dir='ltr'><strong>quis</strong></span> <span class='ocrx_word' id='word_1_860' title='bbox 2688 4770 2857 4826; x_wconf 86' lang='lat' dir='ltr'><strong>Deum</strong></span> <span class='ocrx_word' id='word_1_861' title='bbox 2891 4772 3032 4827; x_wconf 86' lang='lat' dir='ltr'><strong>sicut</strong></span> <span class='ocrx_word' id='word_1_862' title='bbox 3070 4772 3309 4830; x_wconf 77' lang='lat' dir='ltr'><strong>Joannes</strong></span> <span class='ocrx_word' id='word_1_863' title='bbox 3349 4776 3588 4831; x_wconf 82' lang='lat' dir='ltr'><strong>charita-</strong></span> 
     </span>
    </p>
   </div>
   <div class='ocr_carea' id='block_1_104' title="bbox 2016 4865 3585 4935">
    <p class='ocr_par' dir='ltr' id='par_1_104' title="bbox 2016 4865 3585 4935">
     <span class='ocr_line' id='line_1_104' title="bbox 2016 4865 3585 4935; baseline 0.002 -14"><span class='ocrx_word' id='word_1_864' title='bbox 2016 4875 2145 4932; x_wconf 88' lang='lat' dir='ltr'><strong>tem,</strong></span> <span class='ocrx_word' id='word_1_865' title='bbox 2176 4866 2251 4923; x_wconf 87' lang='lat' dir='ltr'><strong>ita</strong></span> <span class='ocrx_word' id='word_1_866' title='bbox 2275 4865 2389 4931; x_wconf 87' lang='lat' dir='ltr'><strong>ipse</strong></span> <span class='ocrx_word' id='word_1_867' title='bbox 2410 4880 2648 4920; x_wconf 86' lang='lat' dir='ltr'><strong>amorem</strong></span> <span class='ocrx_word' id='word_1_868' title='bbox 2676 4866 2940 4920; x_wconf 75' lang='lat' dir='ltr'><strong>nominet.</strong></span> <span class='ocrx_word' id='word_1_869' title='bbox 2967 4865 3211 4935; x_wconf 81' lang='lat' dir='ltr'><strong>Denique</strong></span> <span class='ocrx_word' id='word_1_870' title='bbox 3230 4868 3451 4923; x_wconf 82' lang='lat' dir='ltr'><strong>memini</strong></span> <span class='ocrx_word' id='word_1_871' title='bbox 3487 4871 3585 4925; x_wconf 62' lang='lat' dir='ltr'><strong>ali~</strong></span> 
     </span>
    </p>
   </div>
   <div class='ocr_carea' id='block_1_105' title="bbox 2015 4956 3585 5028">
    <p class='ocr_par' dir='ltr' id='par_1_105' title="bbox 2015 4956 3585 5028">
     <span class='ocr_line' id='line_1_105' title="bbox 2015 4956 3585 5028; baseline 0.003 -17"><span class='ocrx_word' id='word_1_872' title='bbox 2015 4971 2176 5026; x_wconf 82' lang='lat' dir='ltr'><strong>quem</strong></span> <span class='ocrx_word' id='word_1_873' title='bbox 2207 4962 2520 5011; x_wconf 82' lang='lat' dir='ltr'><strong>sanctorum</strong></span> <span class='ocrx_word' id='word_1_874' title='bbox 2547 4956 2752 5014; x_wconf 82' lang='lat' dir='ltr'><strong>dixisse</strong></span> <span class='ocrx_word' id='word_1_875' title='bbox 2783 4957 3045 5028; x_wconf 74' lang='lat' dir='ltr'><strong>lgnatinm</strong></span> <span class='ocrx_word' id='word_1_876' title='bbox 3073 4958 3297 5012; x_wconf 74' lang='lat' dir='ltr'><strong>nomine</strong></span> <span class='ocrx_word' id='word_1_877' title='bbox 3326 4959 3395 5015; x_wconf 91' lang='lat' dir='ltr'><strong>de</strong></span> <span class='ocrx_word' id='word_1_878' title='bbox 3421 4960 3585 5016; x_wconf 81' lang='lat' dir='ltr'><strong>Chri-</strong></span> 
     </span>
    </p>
   </div>
   <div class='ocr_carea' id='block_1_106' title="bbox 2014 5049 3590 5122">
    <p class='ocr_par' dir='ltr' id='par_1_106' title="bbox 2014 5049 3590 5122">
     <span class='ocr_line' id='line_1_106' title="bbox 2014 5049 3590 5122; baseline 0.002 -19"><span class='ocrx_word' id='word_1_879' title='bbox 2014 5059 2145 5104; x_wconf 90' lang='lat' dir='ltr'><strong>sto:</strong></span> <span class='ocrx_word' id='word_1_880' title='bbox 2182 5049 2329 5109; x_wconf 73' lang='lat' dir='ltr'><strong>Meus</strong></span> <span class='ocrx_word' id='word_1_881' title='bbox 2359 5059 2537 5103; x_wconf 75' lang='lat' dir='ltr'><strong>autem</strong></span> <span class='ocrx_word' id='word_1_882' title='bbox 2583 5065 2739 5104; x_wconf 66' lang='lat' dir='ltr'><strong>sutor</strong></span> <span class='ocrx_word' id='word_1_883' title='bbox 2780 5050 3070 5118; x_wconf 63' lang='lat' dir='ltr'><strong>cruciﬁxus</strong></span> <span class='ocrx_word' id='word_1_884' title='bbox 3114 5058 3230 5113; x_wconf 74' lang='lat' dir='ltr'><strong>est;</strong></span> <span class='ocrx_word' id='word_1_885' title='bbox 3262 5065 3362 5107; x_wconf 88' lang='lat' dir='ltr'><strong>nec</strong></span> <span class='ocrx_word' id='word_1_886' title='bbox 3406 5069 3590 5122; x_wconf 53' lang='lat' dir='ltr'><strong>vepre-</strong></span> 
     </span>
    </p>
   </div>
   <div class='ocr_carea' id='block_1_107' title="bbox 2016 5138 3083 5211">
    <p class='ocr_par' dir='ltr' id='par_1_107' title="bbox 2016 5138 3083 5211">
     <span class='ocr_line' id='line_1_107' title="bbox 2016 5138 3083 5211; baseline 0.001 -18"><span class='ocrx_word' id='word_1_887' title='bbox 2016 5140 2177 5195; x_wconf 75' lang='lat' dir='ltr'><strong>bendi</strong></span> <span class='ocrx_word' id='word_1_888' title='bbox 2211 5155 2336 5195; x_wconf 89' lang='lat' dir='ltr'><strong>eum</strong></span> <span class='ocrx_word' id='word_1_889' title='bbox 2362 5154 2463 5211; x_wconf 80' lang='lat' dir='ltr'><strong>pro</strong></span> <span class='ocrx_word' id='word_1_890' title='bbox 2491 5140 2597 5195; x_wconf 77' lang='lat' dir='ltr'><strong>hoc</strong></span> <span class='ocrx_word' id='word_1_891' title='bbox 2619 5140 2843 5209; x_wconf 83' lang='lat' dir='ltr'><strong>dignum</strong></span> <span class='ocrx_word' id='word_1_892' title='bbox 2874 5138 3083 5209; x_wconf 76' lang='lat' dir='ltr'><strong>judico.</strong></span> 
     </span>
    </p>
   </div>
   <div class='ocr_carea' id='block_1_108' title="bbox 3056 5276 3584 5343">
    <p class='ocr_par' dir='ltr' id='par_1_108' title="bbox 3056 5276 3584 5343">
     <span class='ocr_line' id='line_1_108' title="bbox 3056 5276 3584 5343; baseline 0.002 -13"><span class='ocrx_word' id='word_1_893' title='bbox 3056 5279 3102 5312; x_wconf 84' lang='grc'><strong>³⁵</strong></span> <span class='ocrx_word' id='word_1_894' title='bbox 3140 5276 3157 5331; x_wconf 90' lang='lat' dir='ltr'><strong>l</strong></span> <span class='ocrx_word' id='word_1_895' title='bbox 3201 5277 3343 5333; x_wconf 89' lang='lat' dir='ltr'><strong>Tim.</strong></span> <span class='ocrx_word' id='word_1_896' title='bbox 3370 5292 3445 5343; x_wconf 90' lang='lat' dir='ltr'><strong>vt,</strong></span> <span class='ocrx_word' id='word_1_897' title='bbox 3500 5276 3584 5332; x_wconf 81' lang='lat' dir='ltr'><strong>l6.</strong></span> 
     </span>
    </p>
   </div>
   <div class='ocr_carea' id='block_1_109' title="bbox 346 5342 1919 5417">
    <p class='ocr_par' dir='ltr' id='par_1_109' title="bbox 346 5342 1919 5415">
     <span class='ocr_line' id='line_1_109' title="bbox 346 5342 1919 5415; baseline 0.003 -12"><span class='ocrx_word' id='word_1_898' title='bbox 346 5353 391 5386; x_wconf 77' lang='lat'>&quot;</span> <span class='ocrx_word' id='word_1_899' title='bbox 430 5348 586 5404; x_wconf 78' lang='lat' dir='ltr'><strong>Rom.</strong></span> <span class='ocrx_word' id='word_1_900' title='bbox 621 5364 743 5414; x_wconf 82' lang='grc' dir='ltr'>νιιι,</span> <span class='ocrx_word' id='word_1_901' title='bbox 781 5342 870 5415; x_wconf 73' lang='lat'><strong>33,</strong></span> <span class='ocrx_word' id='word_1_902' title='bbox 898 5350 987 5405; x_wconf 77' lang='lat'><strong>39.</strong></span> <span class='ocrx_word' id='word_1_903' title='bbox 1063 5351 1107 5382; x_wconf 78' lang='lat'><strong>”</strong></span> <span class='ocrx_word' id='word_1_904' title='bbox 1148 5350 1278 5406; x_wconf 87' lang='lat' dir='ltr'><strong>Luc.</strong></span> <span class='ocrx_word' id='word_1_905' title='bbox 1320 5367 1372 5414; x_wconf 71' lang='grc' dir='ltr'>κ,</span> <span class='ocrx_word' id='word_1_906' title='bbox 1408 5342 1510 5406; x_wconf 80' lang='grc'><strong>57.’</strong></span> <span class='ocrx_word' id='word_1_907' title='bbox 1577 5342 1632 5384; x_wconf 63' lang='grc'><strong>³⁸</strong></span> <span class='ocrx_word' id='word_1_908' title='bbox 1662 5350 1807 5408; x_wconf 87' lang='lat' dir='ltr'><strong>Psal.</strong></span> <span class='ocrx_word' id='word_1_909' title='bbox 1860 5368 1919 5407; x_wconf 76' lang='lat' dir='ltr'><strong>Ls</strong></span> 
     </span>
    </p>
   </div>
   <div class='ocr_carea' id='block_1_110' title="bbox 2021 5342 2717 5417">
    <p class='ocr_par' dir='ltr' id='par_1_110' title="bbox 2021 5348 2717 5417">
     <span class='ocr_line' id='line_1_110' title="bbox 2021 5348 2717 5417; baseline 0 -14"><span class='ocrx_word' id='word_1_910' title='bbox 2021 5367 2067 5417; x_wconf 74' lang='lat' dir='ltr'><strong>ll,</strong></span> <span class='ocrx_word' id='word_1_911' title='bbox 2099 5352 2148 5405; x_wconf 89' lang='grc'><strong>1.</strong></span> <span class='ocrx_word' id='word_1_912' title='bbox 2225 5350 2269 5383; x_wconf 75' lang='grc'><strong>⁸³</strong></span> <span class='ocrx_word' id='word_1_913' title='bbox 2307 5348 2452 5405; x_wconf 90' lang='lat' dir='ltr'><strong>Psal.</strong></span> <span class='ocrx_word' id='word_1_914' title='bbox 2488 5364 2629 5415; x_wconf 77' lang='lat' dir='ltr'><strong>xcvi,</strong></span> <span class='ocrx_word' id='word_1_915' title='bbox 2663 5349 2717 5405; x_wconf 80' lang='lat'><strong>5.</strong></span> 
     </span>
    </p>
   </div>
   <div class='ocr_carea' id='block_1_111' title="bbox 414 5466 1905 5540">
    <p class='ocr_par' dir='ltr' id='par_1_111' title="bbox 414 5466 1905 5540">
     <span class='ocr_line' id='line_1_111' title="bbox 414 5466 1905 5540; baseline 0.001 -17"><span class='ocrx_word' id='word_1_916' title='bbox 414 5468 524 5540; x_wconf 75' lang='lat'><strong>(13)</strong></span> <span class='ocrx_word' id='word_1_917' title='bbox 564 5466 720 5540; x_wconf 8' lang='lat' dir='ltr'><strong>Libgb.</strong></span> <span class='ocrx_word' id='word_1_918' title='bbox 754 5468 909 5540; x_wconf 84' lang='lat' dir='ltr'><strong>edit.,</strong></span> <span class='ocrx_word' id='word_1_919' title='bbox 939 5477 989 5522; x_wconf 88' lang='lat' dir='ltr'><strong>et</strong></span> <span class='ocrx_word' id='word_1_920' title='bbox 1025 5468 1169 5537; x_wconf 80' lang='lat' dir='ltr'><strong>ﬁlius</strong></span> <span class='ocrx_word' id='word_1_921' title='bbox 1212 5469 1491 5540; x_wconf 85' lang='lat' dir='ltr'><strong>charitalis</strong></span> <span class='ocrx_word' id='word_1_922' title='bbox 1517 5478 1614 5540; x_wconf 82' lang='lat' dir='ltr'><strong>est.</strong></span> <span class='ocrx_word' id='word_1_923' title='bbox 1657 5470 1905 5525; x_wconf 74' lang='lat' dir='ltr'><strong>Charitas</strong></span> 
     </span>
    </p>
   </div>
   <div class='ocr_carea' id='block_1_112' title="bbox 342 5538 1907 5607">
    <p class='ocr_par' dir='ltr' id='par_1_112' title="bbox 342 5538 1907 5607">
     <span class='ocr_line' id='line_1_112' title="bbox 342 5538 1907 5607; baseline 0.001 -14"><span class='ocrx_word' id='word_1_924' title='bbox 342 5538 518 5595; x_wconf 83' lang='lat' dir='ltr'><strong>autem</strong></span> <span class='ocrx_word' id='word_1_925' title='bbox 547 5547 595 5591; x_wconf 89' lang='lat' dir='ltr'><strong>et</strong></span> <span class='ocrx_word' id='word_1_926' title='bbox 620 5538 855 5607; x_wconf 79' lang='lat' dir='ltr'><strong>charitns</strong></span> <span class='ocrx_word' id='word_1_927' title='bbox 880 5554 1042 5591; x_wconf 82' lang='lat' dir='ltr'><strong>unum</strong></span> <span class='ocrx_word' id='word_1_928' title='bbox 1074 5548 1173 5603; x_wconf 84' lang='lat' dir='ltr'><strong>est,</strong></span> <span class='ocrx_word' id='word_1_929' title='bbox 1207 5549 1255 5592; x_wconf 89' lang='lat' dir='ltr'><strong>et</strong></span> <span class='ocrx_word' id='word_1_930' title='bbox 1278 5539 1332 5591; x_wconf 86' lang='lat' dir='ltr'><strong>in</strong></span> <span class='ocrx_word' id='word_1_931' title='bbox 1364 5539 1511 5592; x_wconf 89' lang='lat' dir='ltr'><strong>nullo</strong></span> <span class='ocrx_word' id='word_1_932' title='bbox 1542 5539 1759 5607; x_wconf 72' lang='lat' dir='ltr'><strong>(li/fert:</strong></span> <span class='ocrx_word' id='word_1_933' title='bbox 1782 5556 1907 5594; x_wconf 85' lang='lat' dir='ltr'><strong>con-</strong></span> 
     </span>
    </p>
   </div>
   <div class='ocr_carea' id='block_1_113' title="bbox 342 5606 1662 5678">
    <p class='ocr_par' dir='ltr' id='par_1_113' title="bbox 342 5606 1662 5678">
     <span class='ocr_line' id='line_1_113' title="bbox 342 5606 1662 5678; baseline 0 -14"><span class='ocrx_word' id='word_1_934' title='bbox 342 5616 633 5678; x_wconf 72' lang='lat' dir='ltr'><strong>sequenter,</strong></span> <span class='ocrx_word' id='word_1_935' title='bbox 655 5613 764 5678; x_wconf 75' lang='lat' dir='ltr'><strong>etc.</strong></span> <span class='ocrx_word' id='word_1_936' title='bbox 791 5606 1065 5678; x_wconf 84' lang='lat' dir='ltr'><strong>Sedmss.</strong></span> <span class='ocrx_word' id='word_1_937' title='bbox 1092 5618 1151 5663; x_wconf 92' lang='lat' dir='ltr'><strong>ut</strong></span> <span class='ocrx_word' id='word_1_938' title='bbox 1179 5610 1233 5663; x_wconf 86' lang='lat' dir='ltr'><strong>in</strong></span> <span class='ocrx_word' id='word_1_939' title='bbox 1269 5617 1417 5667; x_wconf 78' lang='lat' dir='ltr'><strong>textu</strong></span> <span class='ocrx_word' id='word_1_940' title='bbox 1455 5606 1662 5678; x_wconf 78' lang='lat' dir='ltr'><strong>nostro.</strong></span> 
     </span>
    </p>
   </div>
   <div class='ocr_carea' id='block_1_114' title="bbox 410 5675 1906 5748">
    <p class='ocr_par' dir='ltr' id='par_1_114' title="bbox 410 5675 1906 5748">
     <span class='ocr_line' id='line_1_114' title="bbox 410 5675 1906 5748; baseline 0 -16"><span class='ocrx_word' id='word_1_941' title='bbox 410 5675 460 5745; x_wconf 65' lang='lat' dir='ltr'><strong>ll</strong></span> <span class='ocrx_word' id='word_1_942' title='bbox 474 5679 524 5748; x_wconf 79' lang='grc'><strong>1)</strong></span> <span class='ocrx_word' id='word_1_943' title='bbox 564 5676 718 5743; x_wconf 74' lang='grc' dir='ltr'>Μεε..</span> <span class='ocrx_word' id='word_1_944' title='bbox 748 5676 803 5730; x_wconf 86' lang='lat' dir='ltr'><strong>in</strong></span> <span class='ocrx_word' id='word_1_945' title='bbox 832 5676 999 5744; x_wconf 76' lang='lat' dir='ltr'><strong>nobis,</strong></span> <span class='ocrx_word' id='word_1_946' title='bbox 1034 5678 1173 5733; x_wconf 87' lang='lat' dir='ltr'><strong>Deus</strong></span> <span class='ocrx_word' id='word_1_947' title='bbox 1200 5680 1255 5732; x_wconf 89' lang='lat' dir='ltr'><strong>in</strong></span> <span class='ocrx_word' id='word_1_948' title='bbox 1288 5679 1452 5733; x_wconf 82' lang='lat' dir='ltr'><strong>nobis.</strong></span> <span class='ocrx_word' id='word_1_949' title='bbox 1482 5675 1638 5734; x_wconf 85' lang='lat' dir='ltr'><strong>Libb.</strong></span> <span class='ocrx_word' id='word_1_950' title='bbox 1672 5677 1828 5745; x_wconf 88' lang='lat' dir='ltr'><strong>edit.,</strong></span> <span class='ocrx_word' id='word_1_951' title='bbox 1852 5680 1906 5732; x_wconf 89' lang='lat' dir='ltr'><strong>in</strong></span> 
     </span>
    </p>
   </div>
   <div class='ocr_carea' id='block_1_115' title="bbox 2013 5469 2637 5534">
    <p class='ocr_par' dir='ltr' id='par_1_115' title="bbox 2013 5469 2637 5534">
     <span class='ocr_line' id='line_1_115' title="bbox 2013 5469 2637 5534; baseline 0.002 -10"><span class='ocrx_word' id='word_1_952' title='bbox 2013 5470 2178 5534; x_wconf 78' lang='lat' dir='ltr'><strong>vobis,</strong></span> <span class='ocrx_word' id='word_1_953' title='bbox 2218 5469 2358 5524; x_wconf 85' lang='lat' dir='ltr'><strong>Dens</strong></span> <span class='ocrx_word' id='word_1_954' title='bbox 2386 5470 2440 5522; x_wconf 88' lang='lat' dir='ltr'><strong>in</strong></span> <span class='ocrx_word' id='word_1_955' title='bbox 2473 5470 2637 5525; x_wconf 77' lang='lat' dir='ltr'><strong>vobis.</strong></span> 
     </span>
    </p>
   </div>
   <div class='ocr_carea' id='block_1_116' title="bbox 2082 5532 3516 5607">
    <p class='ocr_par' dir='ltr' id='par_1_116' title="bbox 2082 5532 3516 5607">
     <span class='ocr_line' id='line_1_116' title="bbox 2082 5532 3516 5607; baseline -0.001 -14"><span class='ocrx_word' id='word_1_956' title='bbox 2082 5532 2198 5607; x_wconf 72' lang='lat'><strong>(15)</strong></span> <span class='ocrx_word' id='word_1_957' title='bbox 2218 5539 2400 5596; x_wconf 73' lang='lat' dir='ltr'><strong>Codex</strong></span> <span class='ocrx_word' id='word_1_958' title='bbox 2425 5538 2727 5604; x_wconf 87' lang='lat' dir='ltr'><strong>Beccensis,</strong></span> <span class='ocrx_word' id='word_1_959' title='bbox 2756 5538 2954 5607; x_wconf 78' lang='lat' dir='ltr'><strong>inierit.</strong></span> <span class='ocrx_word' id='word_1_960' title='bbox 2987 5534 3144 5607; x_wconf 72' lang='lat' dir='ltr'><strong>Libh.</strong></span> <span class='ocrx_word' id='word_1_961' title='bbox 3171 5532 3333 5607; x_wconf 78' lang='lat' dir='ltr'><strong>edit.,</strong></span> <span class='ocrx_word' id='word_1_962' title='bbox 3355 5537 3516 5605; x_wconf 66' lang='grc' dir='ltr'><strong>θεῆς.</strong></span> 
     </span>
    </p>
   </div>
   <div class='ocr_carea' id='block_1_117' title="bbox 2085 5569 3417 5681">
    <p class='ocr_par' dir='ltr' id='par_1_117' title="bbox 2085 5569 3417 5681">
     <span class='ocr_line' id='line_1_117' title="bbox 2115 5569 3412 5607; baseline -0.006 -14"><span class='ocrx_word' id='word_1_963' title='bbox 2115 5569 2198 5607; x_wconf 77' lang='grc' dir='ltr'><strong>ΙυῙ</strong></span> <span class='ocrx_word' id='word_1_964' title='bbox 2218 5569 2400 5596; x_wconf 68' lang='grc' dir='ltr'><strong>υυυωι</strong></span> <span class='ocrx_word' id='word_1_965' title='bbox 2426 5569 2727 5604; x_wconf 68' lang='grc' dir='ltr'>υπυῦιιδιδ,</span> <span class='ocrx_word' id='word_1_966' title='bbox 2758 5569 2881 5591; x_wconf 63' lang='lat' dir='ltr'><strong>mser</strong></span> <span class='ocrx_word' id='word_1_967' title='bbox 2895 5569 2954 5591; x_wconf 72' lang='lat' dir='ltr'><strong>llo</strong></span> <span class='ocrx_word' id='word_1_968' title='bbox 2988 5569 3144 5588; x_wconf 74' lang='grc' dir='ltr'><strong>υιυυ-</strong></span> <span class='ocrx_word' id='word_1_969' title='bbox 3171 5569 3329 5596; x_wconf 65' lang='grc' dir='ltr'><strong>ῡοιιοο,</strong></span> <span class='ocrx_word' id='word_1_970' title='bbox 3355 5569 3412 5605; x_wconf 63' lang='grc' dir='ltr'><strong>υτ</strong></span> 
     </span>
     <span class='ocr_line' id='line_1_118' title="bbox 2085 5569 3417 5681; baseline -0.003 -16"><span class='ocrx_word' id='word_1_971' title='bbox 2085 5569 2201 5681; x_wconf 50' lang='lat' dir='ltr'><strong>illi)</strong></span> <span class='ocrx_word' id='word_1_972' title='bbox 2238 5609 2418 5669; x_wconf 79' lang='lat' dir='ltr'><strong>Codex</strong></span> <span class='ocrx_word' id='word_1_973' title='bbox 2449 5608 2817 5673; x_wconf 83' lang='lat' dir='ltr'><strong>Belvacensis,</strong></span> <span class='ocrx_word' id='word_1_974' title='bbox 2850 5605 3127 5663; x_wconf 79' lang='lat' dir='ltr'><strong>Trinitatis</strong></span> <span class='ocrx_word' id='word_1_975' title='bbox 3154 5606 3417 5661; x_wconf 83' lang='lat' dir='ltr'><strong>enuntiat.</strong></span> 
     </span>
    </p>
   </div>
  </div>
