4134 6436
559 309 616 357 7t
1613 292 1937 349 ORIGENIS
1977 290 2040 345 IN
2081 288 2437 346 CANTICUM
2467 287 2739 344 CAN'I‘IC.
3734 289 3811 347 Ἰν,

624 414 918 470 Sciendum
965 421 1143 467 autem
1180 408 1325 482 quod
1361 409 1541 464 omnis
1573 410 1664 478 qui
1713 409 1792 461 vel
1836 407 2120 477 pecuniam
2153 409 2198 465 Α
2228 405 2300 458 ita
2341 406 2680 474 temperabit,
2711 414 2770 459 ut
2798 404 2901 459 scit
2931 404 3006 458 illi
3047 403 3260 473 placere
3289 419 3452 473 quem
3497 404 3704 474 diligit:
3739 422 3806 460 ne

553 508 750 578 diligit,
785 506 869 560 vel
899 520 960 559 ea
999 520 1119 572 quzc
1164 505 1215 556 in
1265 501 1468 556 mundo
1496 511 1625 556 sunt
1665 502 1905 554 materia:
1938 517 2128 556 corru-

555 599 779 668 ptibilis,
815 597 1066 649 virtutem
1105 591 1383 647 cbaritatis
1415 607 1536 660 qme
1561 607 1626 645 ex
1657 590 1766 643 Deo
1793 600 1895 650 est,
1923 591 1987 643 ad
2020 600 2130 643 ter-

556 704 684 742 rena
719 696 771 741 et
803 686 868 740 ad
905 684 1106 738 caduca
1133 682 1368 742 deducit,
1399 690 1452 734 et
1485 682 1647 735 rebus
1682 680 1772 733 Dei
1798 681 2038 733 abutitur
2062 681 2127 734 ad

553 797 616 834 ca
647 795 767 848 qua}
800 794 904 833 non
939 778 1051 830 vult
1081 775 1244 828 Deus.
1281 773 1394 827 Non
1433 774 1574 826 enim
1617 772 1756 826 Deus
1781 772 2126 827 dilectionem

555 873 771 934 horum,
823 871 916 924 sed
969 883 1127 922 usum
1181 866 1498 920 hominibus
1551 864 1718 918 dedit.
1773 863 1895 918 llzec
1945 873 2126 917 autem

552 963 714 1031 paulo
746 961 908 1014 latius
931 958 1316 1020 discussimus,
1345 956 1584 1008 volentes
1621 954 1688 1007 de
1722 954 2127 1007 natura‘cliari-

551 1055 677 1108 tatis
706 1063 758 1108 et
780 1051 982 1106 amoris
1004 1051 1247 1119 apertius
1277 1049 1642 1117 attentiusque
1663 1047 2023 1117 distinguere,
2055 1061 2123 1101 ne

551 1147 687 1199 forte
734 1143 990 1214 quoniam
1026 1142 1307 1211 Scriptura
1350 1140 1498 1202 dicit,
1542 1140 1668 1208 quia
1705 1137 1843 1191 Deus
1891 1139 2125 1192 charitas

549 1247 624 1291 est
648 1237 716 1301 “,
744 1249 906 1290 omne
926 1234 1072 1302 quod
1103 1232 1347 1300 diligitur
1375 1231 1536 1284 etiam
1573 1230 1617 1284 si
1654 1229 2004 1297 corruptibile
2034 1229 2123 1290 sit,

549 1343 617 1381 ex
649 1326 758 1379 Deo
790 1340 933 1386 esse.
963 1333 1018 1378 et
1063 1323 1167 1376 hoc
1197 1321 1434 1375 charitas
1473 1328 1526 1373 ct
1559 1319 1777 1373 dilectio
1822 1328 2121 1388 putaretur.

553 1415 659 1471 Sed
695 1416 1000 1470 ostenditur
1029 1429 1115 1468 res
1143 1413 1358 1482 quidem
1385 1411 1496 1477 Dei,
1527 1421 1581 1464 et
1625 1427 1824 1464 munus
1863 1411 1981 1478 ejus
2003 1424 2125 1464 esse

552 1508 813 1572 charitas,
841 1523 949 1560 non
998 1514 1176 1559 tamen
1210 1521 1425 1574 semper
1465 1505 1536 1558 ab
1573 1503 1904 1565 hominibus,
1950 1501 2014 1555 ad
2061 1516 2123 1554 ea

553 1614 676 1668 qua:
708 1599 799 1652 Dei
825 1608 970 1661 sunt,
1001 1609 1055 1653 et
1082 1613 1202 1668 qum
1231 1598 1372 1651 Deu‘s
1412 1596 1527 1649 vult
1558 1611 1694 1664 opus
1729 1595 1847 1662 ejus
1877 1594 2119 1656 assumi;

557 1691 651 1744 sed
681 1697 736 1743 et
768 1689 873 1744 hoc
913 1690 1051 1743 scire
1089 1697 1318 1758 oportet,
1350 1687 1493 1756 quod
1537 1685 1870 1753 impossibile
1911 1692 2014 1744 est,
2066 1693 2123 1737 ut

556 1795 661 1834 non
705 1795 918 1849 semper
964 1781 1198 1833 humana
1247 1789 1437 1830 natura
1493 1776 1693 1845 aliquid
1721 1783 1883 1829 amet.
1933 1774 2124 1829 Omnis

555 1884 788 1937 namque
812 1870 904 1938 qui
935 1869 999 1921 ad
1028 1869 1077 1922 id
1107 1869 1282 1923 artatis
1311 1867 1540 1929 venerit,
1583 1881 1746 1936 quam
1785 1866 2122 1935 pubertatem

548 1969 762 2024 vocant,
803 1970 948 2013 amat
986 1960 1189 2030 aliquid
1232 1975 1328 2013 seu
1377 1959 1557 2012 minus
1609 1968 1772 2020 recte,
1819 1974 1943 2012 cum
1979 1969 2125 2012 amat

548 2064 666 2116 (tum
706 2065 812 2101 non
858 2060 1099 2118 oportet;
1139 2065 1237 2104 seu
1278 2059 1422 2104 recte
1466 2062 1519 2102 et
1552 2049 1776 2114 utiliter,
1819 2064 1944 2102 cum
1979 2058 2126 2101 amat

551 2155 671 2207 quae.
703 2149 934 2208 oportet.
987 2137 1184 2192 Verum
1241 2141 1489 2194 nonnulli
1539 2141 1684 2194 hunc
1735 2142 1940 2194 amoris
1991 2141 2123 2194 affe-

550 2238 721 2287 ctum.
759 2230 850 2297 qui
895 2231 1090 2283 animae
1135 2232 1447 2284 rationabili
1489 2231 1687 2285 insitus
1730 2241 1813 2284 est
1864 2233 2125 2287 bcuclicio

551 2319 885 2388 Conditoris,
915 2330 1007 2374 aut
1032 2321 1096 2374 ad
1127 2337 1365 2376 amorem
1390 2325 1631 2391 pecunirc
1666 2323 1889 2376 trahunt
1913 2333 1964 2376 et
1999 2339 2126 2376 ava-

555 2409 691 2463 rititc
717 2411 976 2474 studium,
1001 2422 1095 2466 aut
1118 2429 1246 2482 erga
1279 2414 1504 2481 gloriam
1540 2414 1885 2482 captandam,
1911 2423 1961 2466 et
1992 2413 2126 2468 ﬁunt

555 2499 732 2554 inanis
757 2503 938 2570 gloria:
971 2504 1181 2572 cupidi;
1227 2514 1317 2558 aut
1357 2520 1482 2574 erga
1519 2515 1698 2558 scorta
1749 2505 2030 2568 sectanda,
2072 2515 2125 2558 et

551 2592 900 2645 inveniuntur
948 2594 1294 2661 impudicitiae
1356 2595 1706 2662 libidinisque
1753 2595 1985 2663 captivi;
2032 2603 2126 2647 aut

550 2682 614 2733 a.l
647 2681 750 2734 alia
787 2682 872 2736 his
901 2683 1096 2737 similia
1135 2684 1385 2738 virtutem
1425 2685 1558 2738 tanti
1594 2684 1718 2736 boni
1756 2684 1917 2752 hujus
1951 2684 2124 2737 ell'un-

548 2773 704 2825 dunt.
737 2771 841 2827 Sed
874 2783 1073 2825 etcum
1107 2789 1232 2842 erga
1265 2776 1512 2827 diversas
1537 2783 1682 2826 artes
1706 2787 1862 2824 amor
1899 2773 1998 2825 iste
2019 2774 2125 2824 dii-

551 2862 714 2926 citnr,
738 2877 859 2930 quze
890 2879 1050 2917 manu
1095 2865 1502 2930 ministrantur,
1529 2872 1621 2916 aut
1651 2880 1746 2932 per
1774 2864 1950 2918 studia
1981 2879 2123 2936 pra:-

549 2951 719 3005 sentis
746 2952 867 3006 vita:
907 2969 1010 3008 non
1057 2955 1232 3008 solum
1283 2955 1615 3017 necessaria,
1653 2963 1709 3008 ut
1755 2955 1900 3007 verbi
1952 2956 2123 3024 gratia

2233 494 2373 548 forte
2407 496 2451 547 si
2490 495 2542 547 in
2588 496 2770 563 aliquo
2812 504 2998 547 contra
3045 494 3376 547 voluntatem
3425 495 3568 549 illius
3613 497 3803 565 egerit,

2231 585 2509 638 consortia
2537 585 2655 653 ejus
2692 585 2770 636 vir
2802 584 2890 636 ille
2936 583 3172 650 optimus
3218 582 3416 637 refutet
3457 595 3619 651 atque
3653 601 3802 654 sper-

2232 675 2368 728 nat?
2393 673 2668 727 Poteritne
2703 673 2815 726 lucc
2865 673 3056 725 mulier
3089 689 3210 741 qua:
3241 688 3368 741 erga
3411 689 3654 727 amorem
3700 674 3802 726 viri

2232 766 2377 818 illius
2425 774 2536 817 toto
2566 764 2749 829 corde,
2779 773 2889 817 tota
2936 766 3143 827 anima,
3176 764 3414 832 totisque
3452 764 3659 817 viribus
3693 765 3802 818 fer-

2233 867 2339 922 vet,
2375 866 2467 910 aut
2506 856 2826 910 adulterium
2871 856 3210 910 committere
3255 870 3377 924 qua:
3418 871 3544 909 cum
3593 859 3803 910 noverit

2231 962 2415 1000 amare
2439 945 2792 1015 pudicitiam?
2819 953 2914 997 aut
2958 944 3332 1005 homicidium,
3379 959 3499 1012 qua:
3536 959 3660 998 eum
3704 961 3800 998 no-

2231 1039 2367 1093 verit
2396 1039 2620 1092 mitem?
2654 1047 2749 1091 aut
2780 1035 3003 1099 furtum,
3033 1051 3155 1104 qua:
3177 1035 3225 1089 ei
3256 1039 3393 1089 Sciat
3421 1036 3795 1090 liberalitatem

2228 1131 2476 1201 placere?
2513 1140 2605 1183 aut
2645 1127 2996 1196 concupiscet
3043 1127 3240 1190 aliena,
3277 1143 3398 1194 qua:
3437 1142 3630 1181 omnes
3667 1142 3798 1184 suas

2228 1222 2700 1290 concupiscentias
2729 1236 2856 1288 erga
2892 1234 3132 1273 amorem
3166 1218 3266 1270 viri
3304 1219 3448 1272 illius
3485 1219 3678 1272 habeat
3707 1235 3798 1272 oc-

2226 1313 2486 1380 cupatas?
2511 1310 2598 1364 Sic
2619 1326 2748 1379 ergo
2781 1311 2835 1362 in
2871 1310 3152 1363 cbaritatis
3185 1309 3533 1378 perfectioae,
3560 1320 3612 1363 et
3637 1327 3799 1366 omne

2229 1405 2542 1458 mandatum
2568 1402 2861 1456 restaurari
2891 1401 3108 1467 dicitur,
3134 1411 3188 1456 et
3217 1403 3348 1470 legis
3376 1403 3548 1454 virtus
3573 1405 3801 1471 prophcv

2229 1507 2515 1563 tarumque
2537 1494 2788 1561 pendere.
2817 1492 3042 1562 Propter
3070 1495 3210 1547 istud
3236 1494 3516 1547 cbaritatis
3538 1496 3620 1547 vel
3648 1509 3797 1547 amo-

2228 1590 2303 1642 ris
2334 1589 2555 1646 bonum,
2589 1585 2762 1641 sancti
2796 1601 2897 1639 nec
2930 1587 2983 1638 in
3016 1586 3360 1639 tribulatione
3395 1587 3796 1655 angustiantur.

2229 1695 2326 1733 nec
2356 1678 2585 1747 aporiati
2621 1676 3030 1746 exaporiantur,
3063 1693 3160 1730 nec
3187 1678 3377 1745 dejecti
3417 1688 3663 1745 pereunt,
3704 1679 3797 1731 sed

2227 1772 2370 1838 quod
2415 1770 2467 1822 in
2505 1769 2758 1838 praesenti
2782 1778 2866 1824 est
2895 1778 3355 1829 momentaneum,
3382 1777 3436 1822 et
3463 1768 3576 1822 leve
3624 1768 3798 1821 tribu-

2227 1862 2447 1915 lationis
2481 1877 2668 1914 eorum
2699 1876 2862 1929 supra
2917 1860 3135 1924 modum
3166 1870 3426 1914 aeternum
3454 1861 3638 1930 gloria:
3665 1877 3798 1929 pon-

2226 1954 2328 2006 dus
2351 1962 2606 2021 operatur
2635 1953 2762 2006 illis.
2781 1950 2898 2007 Non
2925 1952 3068 2006 enim
3089 1953 3366 2015 omnibus,
3392 1956 3483 2006 sed
3515 1952 3703 2016 Paulo,
3745 1965 3800 2008 et

2228 2045 2312 2098 his
2349 2045 2443 2114 qui
2471 2045 2518 2098 ei
2551 2045 2755 2098 similes
2784 2054 2931 2108 sunt,
2968 2060 3204 2112 przescns
3260 2045 3372 2099 hare
3420 2055 3474 2099 et
3497 2056 3799 2098 momenta-

2229 2152 2327 2189 nea
2357 2152 2420 2189 ac
2451 2136 2582 2191 levis
2614 2136 2812 2190 dicitur
2843 2136 3150 2190 tribulatio:
3191 2136 3316 2204 quia
3351 2135 3640 2203 perfectam
3669 2137 3798 2190 cha-

2229 2228 2441 2282 ritatem
2486 2225 2578 2280 Dei
2624 2228 2677 2279 in
2711 2226 2933 2280 Christo
2953 2225 3080 2280 Jesu
3123 2242 3219 2295 per
3251 2225 3510 2294 Spiritum
3545 2235 3794 2280 sanctum

2227 2317 2330 2390 31
2371 2319 2572 2372 habent
2600 2320 2652 2372 in
2683 2319 2844 2373 corde
2897 2334 2998 2372 suo
3045 2317 3318 2372 diffusam.
3359 2317 3449 2370 Sic
3488 2318 3717 2386 denique
3745 2328 3799 2372 et

2227 2408 2396 2464 Jacob
2430 2411 2794 2479 patriarcbam
2823 2424 2977 2464 amor
3008 2408 3211 2462 Rachel
3248 2426 3342 2479 per
3381 2419 3584 2479 septem
3625 2428 3795 2464 annos

2227 2503 2518 2556 continuos
2554 2502 2605 2554 iu
2643 2502 2920 2555 laboribus
2948 2502 3180 2570 positum
3210 2504 3390 2556 diurni
3423 2515 3587 2558 aestus
3615 2515 3669 2559 et
3698 2520 3796 2559 no-

2229 2595 2406 2648 cturui
2459 2592 2673 2662 frigoris
2724 2593 2992 2645 ustionem
3051 2592 3252 2646 sentire
3294 2610 3398 2646 non
3452 2595 3652 2647 sivit“.
3710 2596 3799 2649 Sic

2228 2686 2405 2754 ipsum
2439 2683 2661 2738 Paulum
2704 2683 2757 2735 in
2788 2697 2972 2736 amore
3000 2681 3162 2751 hujus
3195 2684 3474 2738 incensum
3509 2686 3694 2738 audito
3718 2687 3799 2737 di-

2225 2787 2436 2831 centem
2473 2795 2485 2829 :
2517 2776 2763 2830 Charitas
2791 2778 2965 2828 omnia
3002 2777 3223 2843 patitur,
3254 2779 3430 2829 omnia
3461 2778 3648 2842 credit,
3687 2793 3801 2827 om-

2229 2871 2318 2922 nia
2349 2882 2545 2938 sperat,
2569 2869 2744 2920 omnia
2774 2870 2984 2934 tolerat,
3011 2871 3246 2922 charitas
3275 2887 3540 2939 nunquam
3568 2871 3709 2922 cadit
3731 2872 3795 2924 “.

2227 2961 2370 3016 Nihil
2408 2976 2538 3032 ergo
2568 2972 2651 3015 est
2682 2961 2824 3030 quod
2879 2978 2987 3015 non
3032 2963 3244 3024 toleret,
3279 2964 3371 3030 qui
3411 2962 3646 3030 perfecte
3674 2963 3794 3014 dili-

547 3040 798 3104 dixerim,
836 3057 960 3112 erga
985 3051 1153 3098 artem
1190 3043 1572 3113 palaestricam,
1600 3044 1682 3096 vel
1728 3059 1925 3098 cursus
1961 3060 2118 3097 exer-

2230 3053 2324 3122 git.
2367 3052 2528 3104 Plura
2577 3061 2754 3104 autem
2803 3052 3022 3120 quando
3073 3067 3179 3103 non
3232 3052 3545 3114 toleramus,
3593 3061 3797 3103 certum

547 3131 695 3195 cilia,
721 3139 816 3186 aut
846 3142 990 3187 certe
1019 3133 1182 3188 etiam
1213 3149 1339 3204 erga
1386 3136 1792 3202 geometricam,
1826 3133 1910 3186 vel
1954 3135 2124 3187 musi-

546 3237 690 3285 cam,
721 3221 804 3277 vel
840 3224 1237 3278 arithmeticam
1261 3223 1562 3287 confertur,
1595 3232 1756 3293 atque
1787 3225 1852 3276 ad
1879 3224 2016 3276 alias
2043 3224 2124 3277 vel

549 3314 926 3383 hujuscemodi
953 3315 1290 3385 disciplinas,
1323 3328 1422 3368 nec
1453 3313 1532 3368 sic
1565 3314 1785 3381 quidem
1817 3314 1949 3365 mihi
1979 3313 2128 3365 vide-

545 3412 636 3456 tur
662 3419 796 3458 usus
819 3403 936 3474 ejus
966 3404 1317 3474 probabiliter
1349 3403 1513 3457 sumi.
1565 3403 1622 3456 Si
1653 3404 1795 3456 enim
1839 3403 1983 3471 quod
2023 3403 2124 3455 bo-

547 3508 676 3546 num
702 3501 807 3556 est,
840 3493 945 3548 hoc
972 3503 1028 3548 et
1052 3493 1331 3563 probabile
1372 3503 1487 3558 est;
1526 3495 1729 3547 bonum
1778 3503 1957 3547 autem
1997 3507 2126 3562 pro-

546 3585 663 3654 prie
695 3600 799 3638 non
833 3599 960 3654 erga
988 3599 1120 3638 usus
1163 3597 1479 3652 corporcos,
1521 3585 1614 3638 sed
1643 3583 1697 3636 in
1732 3583 1844 3638 Deo
1885 3585 2121 3654 primum

544 3687 598 3732 et
649 3677 817 3731 animi
870 3675 1166 3730 virtutibus
1207 3673 1559 3742 intelligitur;
1599 3685 1992 3744 consequenter
2034 3677 2124 3732 ille

546 3783 702 3822 amor
748 3767 1046 3836 probabilis
1093 3773 1195 3831 est,
1231 3764 1324 3834 qui
1361 3763 1472 3819 Deo
1513 3776 1565 3820 et
1614 3765 1780 3819 animi
1831 3766 2122 3821 virtutibus

547 3867 851 3926 coaptatur.
890 3856 956 3910 Et
987 3856 1090 3909 hoc
1133 3855 1205 3908 ita
1251 3871 1310 3911 se
1343 3856 1538 3911 habere
1586 3857 1901 3911 deﬁnitione
1949 3858 2123 3927 ipsius

551 3943 848 3996 Salvator-is
893 3939 1218 4007 ostenditur,
1250 3941 1341 3996 ubi
1387 3942 1754 4012 interrogatus
1794 3959 1824 3998 a
1859 3945 2118 4014 quodam,

549 4033 695 4103 quod
724 4043 869 4087 esset
907 4030 1218 4085 mandatum
1275 4031 1520 4086 omnium
1566 4031 1890 4099 maximum,
1919 4042 1970 4087 et
2011 4035 2122 4102 pri-

552 4139 700 4180 mum
747 4123 800 4176 in
841 4123 978 4191 lege,
1026 4122 1344 4191 respondit:
1379 4119 1578 4191 Diliges
1632 4121 1915 4174 Dominum
1960 4121 2123 4174 Deum

553 4234 701 4276 tuum
731 4233 796 4271 ea:
831 4227 939 4270 toto
967 4218 1121 4270 corde
1151 4227 1261 4280 tuo,
1289 4223 1338 4268 et
1367 4231 1432 4269 cx
1463 4224 1574 4268 tota
1602 4214 1781 4268 anima
1822 4224 1934 4276 tua,
1971 4223 2018 4267 et
2061 4231 2124 4268 ea:

552 4313 674 4366 totis
704 4310 898 4366 viribus
929 4311 1056 4364 tuis.
1087 4307 1382 4364 Secundum
1414 4323 1531 4361 rero
1565 4308 1736 4361 simile
1763 4318 1838 4361 est
1870 4307 1951 4359 illi
1977 4322 1994 4358 :
2028 4306 2122 4358 Di-

551 4405 679 4474 liges
705 4403 1004 4472 prox-imum
1049 4412 1194 4454 tuum
1235 4403 1371 4454 sicut
1406 4401 1649 4469 teipsum.
1687 4399 1752 4451 Et
1788 4400 2018 4468 adjecit:
2057 4399 2122 4452 In
2155 4393 2198 4450 D

553 4497 632 4550 liis
653 4497 852 4548 duobus
877 4494 1143 4547 mandatis
1167 4495 1333 4548 omnis
1363 4493 1447 4545 lex
1472 4491 1656 4561 pendet
1685 4501 1733 4544 et
1760 4492 2021 4560 propheta:
2040 4493 2081 4523 “
2108 4511 2122 4547 :

551 4589 842 4643 ostendens
862 4603 956 4657 per
986 4587 1098 4640 haec
1128 4586 1238 4641 duo
1267 4585 1479 4655 justum
1521 4599 1762 4637 amorem
1794 4584 2123 4653 legitimum-

551 4695 657 4749 que
690 4689 959 4743 constarc,
993 4686 1156 4747 atque
1205 4677 1256 4729 in
1309 4675 1393 4729 bis
1439 4674 1746 4729 universam
1787 4674 1955 4743 legem
1991 4689 2120 4743 pro-

553 4770 850 4838 plietasque
877 4767 1132 4837 pendere.
1166 4764 1269 4819 Sed
1305 4764 1525 4834 etquod
1550 4763 1657 4816 ait:
1696 4762 1816 4815 Non
1851 4764 2122 4816 adultera-

551 4863 664 4923 ln's;
709 4875 812 4912 non
855 4856 1087 4919 occides;
1136 4871 1238 4908 non
1287 4854 1489 4923 furtum
1530 4854 1729 4922 facies;
1775 4869 1876 4906 non
1925 4853 2121 4922 falsum

551 4953 908 5008 testimonium
943 4948 1083 5000 dices
1114 4946 1190 5012 ⁸¹;
1223 4955 1278 5001 et
1315 4946 1360 4998 si
1408 4943 1553 5014 quod
1589 4944 1736 4996 aliud
1783 4944 2119 5006 mandatum,

553 5045 606 5098 in
641 5043 742 5095 hoc
773 5039 934 5094 verbo
961 5045 1318 5100 restauratur,
1351 5036 1406 5088 in
1434 5049 1542 5103 quo
1571 5033 1645 5086 ait
1676 5051 1688 5084 :
1718 5032 1914 5102 Diliges
1943 5034 2124 5100 proxi-

552 5147 692 5184 mum
737 5140 883 5182 tuum
912 5130 1045 5181 sicut
1078 5127 1320 5194 teipsum,
1353 5123 1498 5193 quod
1547 5122 1652 5177 hoc
1694 5122 1858 5177 modo
1905 5120 2121 5176 facilius

549 5220 950 5294 esplauabitur.

617 5330 914 5396 Ponamus,
944 5327 1089 5383 verbi
1134 5340 1322 5389 causa,
1351 5321 1632 5377 mulierem
1675 5334 1861 5372 amore
1889 5319 2119 5388 alicujus

548 5428 648 5481 viri
694 5425 995 5484 ardentem,
1047 5417 1462 5489 cupientemque
1511 5413 1565 5466 in
1611 5413 1948 5466 consortium
1998 5411 2118 5480 ejus

548 5516 763 5581 ascisci,
795 5525 976 5568 nonne
1001 5507 1186 5564 omnia
1212 5505 1285 5560 ita
1307 5512 1450 5575 aget,
1482 5512 1535 5556 et
1559 5513 1751 5555 omnes
1781 5509 1960 5554 motus
1987 5517 2119 5554 suos

614 5635 659 5666 ‘°
701 5634 717 5686 ι
751 5633 907 5685 Joan.
945 5643 1018 5691 tv,
1056 5626 1110 5680 8.
1199 5625 1242 5656 “
1283 5621 1468 5678 Matth.
1500 5635 1640 5691 xm,
1672 5619 1762 5685 57,
1794 5618 1882 5684 39,
1923 5616 2009 5672 40.
2099 5617 2143 5649 δ’
2183 5615 2371 5670 Matth.
2404 5631 2517 5683 six,
2561 5614 2646 5668 l8.

551 5709 592 5739 ⁸⁵
634 5704 820 5762 Matth.
856 5715 930 5767 st,
995 5696 1088 5752 27.

2229 3142 2373 3211 quod
2420 3143 2486 3195 ob
2534 3142 2636 3194 hoc
2682 3143 2809 3210 quia
2853 3142 3173 3195 charitatem
3206 3156 3325 3208 qua-
3352 3141 3533 3193 omnia
3586 3141 3799 3201 tolerat,

2231 3250 2336 3286 non
2373 3233 2656 3286 habemus.
2695 3231 2758 3285 Et
2793 3233 2836 3285 si
2871 3247 2978 3284 non
3031 3231 3257 3283 ferimus
3300 3232 3479 3299 aliqua
3513 3232 3797 3300 patienter,

2230 3322 2431 3374 ideirco
2483 3331 2565 3374 est
2611 3323 2737 3389 quia
2789 3321 3030 3373 charitas
3081 3319 3236 3372 nobis
3271 3320 3584 3388 deest,qu:e
3617 3322 3796 3372 omnia

2229 3412 2452 3481 patitur.
2484 3410 2542 3464 ln
2574 3411 2867 3464 luctamine
2898 3425 3117 3478 quoque
3143 3424 3208 3462 eo
3240 3409 3382 3474 quod
3416 3421 3497 3462 est
3523 3410 3677 3462 nobis
3703 3411 3796 3462 ad-

2227 3518 2418 3556 versus
2458 3502 2756 3566 diabolum,
2809 3503 2954 3569 quod
3012 3501 3323 3569 frequenter
3359 3500 3624 3565 eadimus,
3687 3516 3793 3554 non

2226 3591 2451 3646 dubium
2485 3600 2566 3644 est
2596 3589 2726 3658 quin
2771 3589 2841 3641 ob
2872 3589 2974 3640 hoc
3009 3587 3100 3640 ﬁat
3134 3589 3277 3656 quod
3312 3604 3416 3640 non
3446 3598 3528 3642 est
3558 3589 3609 3640 in
3641 3591 3796 3643 nouis

2227 3679 2464 3734 charitas
2496 3679 2582 3730 illa
2628 3692 2749 3746 qua:
2782 3690 3058 3743 nunquam
3093 3674 3254 3727 cadit.
3300 3675 3453 3729 llunc
3477 3692 3605 3745 ergo
3640 3691 3794 3730 amo-

2226 3786 2338 3824 rem
2372 3771 2612 3838 loquitur
2639 3783 2875 3838 praesens
2911 3765 3210 3833 Scriptura,
3256 3782 3364 3834 quo
3397 3781 3523 3834 erga
3573 3767 3793 3819 verbum

2225 3861 2318 3915 Dei
2349 3862 2528 3914 anima
2563 3861 2719 3914 beata
2753 3858 2920 3912 utitur
2941 3865 2995 3909 et
3019 3856 3414 3922 inflammatur;
3437 3867 3489 3909 et
3516 3857 3654 3909 istud
3680 3859 3794 3924 cpi-

2223 3953 2466 4006 thalamii
2502 3967 2720 4006 carmen
2775 3966 2868 4019 per
2912 3949 3160 4018 spiritum
3210 3947 3353 4000 canit
3396 3963 3506 4015 quo
3557 3946 3793 3999 Ecclesia

2224 4059 2422 4112 sponso
2457 4043 2663 4097 caelesti
2691 4040 2908 4095 Christo
2937 4039 3285 4108 conjungitur
3317 4054 3380 4091 ac
3413 4039 3674 4102 sociatur,
3703 4037 3794 4089 de-

2227 4136 2472 4190 siderans
2504 4133 2716 4187 misceri
2747 4133 2794 4185 ei
2831 4149 2922 4200 per
2955 4131 3202 4196 verbum,
3237 4140 3295 4182 ut
3316 4130 3586 4198 concipiat
3611 4146 3675 4182 cx
3705 4144 3791 4190 co,

2225 4237 2278 4279 ct
2307 4224 2505 4278 salvari
2542 4224 2710 4292 possit
2744 4238 2836 4290 per
2886 4221 3026 4276 hanc
3058 4231 3264 4274 castam
3303 4220 3533 4273 ﬁliorum
3569 4235 3795 4289 genera-

2227 4318 2449 4378 tionem,
2473 4331 2595 4370 cum
2631 4313 3026 4383 permanserint
3052 4313 3102 4364 in
3130 4310 3252 4372 ﬁde,
3281 4320 3335 4365 et
3362 4314 3646 4365 sanctitate
3670 4327 3791 4366 cum

2227 4405 2521 4460 sobrietate
2560 4423 2572 4456 :
2602 4413 2785 4470 utpote
2813 4400 3058 4466 concepti
3088 4415 3152 4452 ex
3182 4399 3387 4452 semine
3421 4400 3636 4467 quidem
3667 4398 3795 4452 Vei—

2229 4498 2280 4550 bi
2329 4495 2444 4558 Dei,
2471 4495 2598 4548 editi
2628 4508 2756 4547 vero
2785 4491 3058 4562 genitique
3091 4490 3173 4543 vel
3207 4490 3274 4541 ab
3311 4490 3653 4543 inunaculata
3694 4488 3796 4541 Ec-

2227 4587 2412 4651 clesia,
2445 4585 2526 4638 vel
2580 4585 2648 4637 ab
2694 4584 2873 4637 auirna
2909 4581 3042 4634 nihil
3081 4596 3428 4648 corporeum,
3458 4579 3589 4632 nihil
3625 4589 3795 4632 mate-

2228 4678 2362 4732 riale
2401 4677 2727 4745 requirente,
2762 4674 2854 4728 sed
2887 4674 3004 4728 solo
3031 4671 3190 4725 Verbi
3227 4671 3317 4724 Dei
3348 4685 3533 4724 amore
3563 4671 3793 4737 flagran-

2228 4779 2298 4823 te.
2335 4767 2457 4820 llaac
2513 4765 2726 4819 interim
2778 4764 2934 4817 nobis
2979 4763 3044 4815 ad
3095 4777 3333 4832 prarsens
3371 4762 3437 4814 de
3479 4776 3683 4824 amore,
3714 4760 3794 4812 vel

2228 4861 2514 4922 charitate,
2545 4872 2666 4926 quze
2700 4857 2752 4908 in
2786 4855 3135 4924 epithalamio
3165 4854 3267 4906 hoc
3298 4852 3505 4906 Cantici
3551 4851 3796 4905 cantico-

2228 4966 2348 5004 rum
2401 4947 2652 5009 refertur,
2697 4961 2984 5000 oceurrere
3015 4953 3326 5014 potuerunt.
3365 4942 3468 4996 Sed
3512 4944 3791 4996 sciendum

2228 5053 2311 5095 est
2343 5052 2448 5094 tam
2487 5041 2655 5093 multa
2702 5054 2822 5093 esse
2869 5053 2990 5106 qua:
3021 5037 3126 5089 dici
3153 5036 3382 5087 debeant
3423 5035 3489 5087 de
3532 5035 3793 5087 charitate

2230 5134 2350 5196 hac,
2383 5143 2582 5201 quanta
2613 5142 2667 5185 ct
2691 5132 2756 5185 de
2795 5131 2901 5184 Deo
2934 5147 2947 5181 :
2981 5127 3246 5196 siquidem
3281 5127 3393 5196 ipse
3424 5136 3504 5178 est
3531 5127 3788 5179 charitas.

2231 5226 2379 5279 Sicut
2403 5225 2546 5279 enim
2579 5239 2727 5276 nemo
2767 5223 2903 5274 norit
2937 5218 3150 5272 Patrem
3174 5221 3275 5271 nisi
3312 5218 3503 5284 Filius,
3529 5228 3574 5270 ct
3599 5220 3682 5269 cui
3706 5235 3793 5271 vo-

2226 5317 2381 5368 luerit
2430 5315 2599 5368 Filius
2631 5315 2948 5378 revelare";
2982 5313 3054 5366 ita
3105 5326 3262 5364 nemo
3292 5312 3438 5363 novit
3472 5311 3792 5365 charitatcm

2228 5410 2330 5463 nisi
2378 5408 2565 5463 Filius.
2619 5407 2879 5460 Similiter
2924 5417 3104 5458 autem
3148 5404 3307 5456 etiam
3365 5402 3538 5470 ipsum
3572 5400 3792 5465 Filium,

2227 5503 2482 5571 quoniam
2507 5509 2561 5554 et
2596 5501 2710 5568 ipse
2735 5499 2974 5553 charitas
2998 5506 3101 5560 est,
3141 5496 3364 5566 ipsaque
3397 5511 3459 5547 ex
3500 5494 3605 5548 Deo
3632 5492 3793 5546 Patre

2759 5613 2803 5644 "
2842 5611 2977 5666 Gen.
3010 5626 3123 5664 six.
3200 5608 3246 5639 “
3286 5611 3302 5661 Ι
3334 5609 3460 5664 Cor.
3499 5624 3592 5662 xui
3653 5607 3702 5671 7,
3732 5609 3788 5664 8.
