4134 6422
402 410 473 467 75
1298 462 1308 472 ,
1814 402 2198 460 PROLOGUS.
3585 412 3651 466 74

397 535 481 577 est
513 519 772 587 Charitas,
799 534 959 575 nemo
984 517 1086 575 scit
1111 519 1216 576 nisi
1246 515 1425 577 Pater.
1447 519 1650 574 Tamen
1676 520 1975 575 secundum
2008 529 2050 586 Α
2080 534 2196 588 qua:
2231 527 2306 573 est
2341 520 2408 572 ad
2437 537 2583 575 oram
2611 523 2796 587 maris,
2825 528 2873 575 et
2902 521 3261 593 multiplicata
3288 536 3364 580 est
3403 527 3458 580 in
3489 545 3548 582 eo
3571 547 3652 584 sa-

395 614 500 668 hoc
549 613 694 683 quod
741 613 982 667 charitas
1020 613 1220 668 dicitur
1267 613 1380 682 ipse
1413 611 1556 666 Deus
1600 611 1781 677 Pater,
1813 613 1893 667 sic
1925 622 1978 667 et

397 705 566 759 Filius
597 705 690 775 qui
719 719 782 758 ex
809 703 968 758 Patre
993 703 1258 774 procedit,
1283 715 1336 758 et
1364 705 1485 759 ideo
1513 705 1614 759 scit
1641 720 1763 774 quae
1786 704 1838 758 iu
1865 700 1976 758 Deo

395 807 542 862 sunt,
576 797 719 851 sicut
768 796 995 866 spiritus
1041 795 1283 850 hominis
1332 797 1434 851 scit
1483 811 1605 866 quae
1658 796 1710 849 in
1759 796 1979 850 homine

396 896 542 942 sunt.
577 884 731 942 Nunc
765 903 894 943 vero
926 885 1242 943 Paracletus
1276 886 1409 957 (I7),
1442 884 1679 957 Spiritus
1705 887 1975 952 veritatis,

395 980 488 1048 qui
529 979 592 1034 de
630 977 791 1033 Patre
826 979 1088 1049 procedit,
1120 977 1317 1032 circuit
1346 992 1594 1048 quazrens
1631 977 1676 1031 si
1709 993 1848 1048 quas
1891 977 1976 1030 in-

395 1071 577 1125 veniat
627 1070 821 1141 dignas
870 1079 924 1124 et
971 1083 1202 1139 capaces
1252 1068 1484 1134 animas,
1527 1067 1728 1136 quibus
1780 1067 1979 1122 revolet

396 1161 825 1232 magnitudinem
882 1159 1170 1216 cbaritatis
1220 1158 1387 1228 hujus
1431 1175 1553 1229 quae
1594 1175 1662 1213 ex
1715 1159 1826 1213 Deo
1870 1169 1972 1213 est.

395 1251 553 1308 Nunc
588 1267 718 1322 ergo
759 1253 873 1323 jam
917 1253 1097 1320 ipsum
1129 1249 1298 1304 Deum
1335 1249 1574 1312 Patrem,
1611 1247 1703 1319 qui
1735 1249 1976 1304 charitas

397 1353 500 1412 est,
520 1346 858 1411 invocantes,
877 1358 970 1413 per
993 1358 1110 1397 eam
1143 1357 1263 1411 quae
1291 1358 1356 1396 ex
1383 1342 1502 1412 ipso
1523 1351 1606 1396 est
1628 1339 1970 1402 charitatem,

400 1437 564 1491 etiam
615 1435 682 1490 ad
730 1435 934 1504 reliqua
969 1433 1310 1488 discutienda
1341 1433 1648 1488 veniamus.
1706 1431 1770 1486 Et
1801 1439 1975 1486 tente-

402 1541 523 1579 mus
557 1527 788 1595 primum
823 1525 889 1580 de
924 1538 990 1579 eo
1021 1523 1300 1594 requirere
1332 1523 1462 1592 quid
1514 1521 1647 1576 illud
1696 1521 1786 1589 sit,
1831 1519 1976 1590 quod

397 1632 521 1671 cum
549 1616 650 1672 tria
684 1617 962 1671 volumina
990 1615 1230 1672 Ecclesia
1265 1614 1360 1668 Dei
1390 1630 1420 1668 a
1446 1613 1738 1669 Salomone
1772 1612 1972 1682 scripta

397 1707 716 1778 susceperit,
743 1710 954 1778 primus
991 1721 1058 1760 ex
1084 1705 1216 1775 ipsis
1245 1703 1669 1758 Proverbiorum
1710 1703 1847 1758 liber
1877 1718 1977 1772 po-

396 1799 536 1854 situs
578 1799 670 1863 sit,
703 1799 977 1854 secundus
1025 1797 1070 1851 is
1115 1796 1208 1865 qui
1251 1793 1606 1849 Ecclesiastes
1650 1795 1974 1865 appellatur,

396 1891 555 1944 tertio
588 1905 716 1944 vero
741 1889 795 1942 in
830 1889 954 1943 loco
977 1864 1190 1943 Cantici
1227 1885 1563 1940 canticorum
1595 1864 1845 1940 volumen
1876 1886 1976 1940 ha-
2008 1864 2051 1918 Β

397 1981 610 2035 beatur.
647 1979 780 2044 Qua:
820 1995 950 2050 ergo
985 1978 1146 2033 nobis
1178 1991 1466 2033 occurrere
1508 1977 1720 2046 possint
1766 1976 1820 2030 in
1875 1978 1978 2032 hoc

398 2073 540 2139 loco,
581 2073 682 2128 ista
731 2081 879 2127 sunt.
909 2071 1202 2127 Generales
1231 2069 1531 2140 disciplina:
1561 2069 1762 2139 quibus
1791 2070 1857 2124 ad
1892 2085 1979 2124 re-

400 2176 521 2214 rum
573 2159 854 2215 scientiam
906 2159 1221 2229 pervenitur
1270 2169 1382 2214 tres
1435 2167 1582 2222 sunt,
1625 2174 1764 2229 quas
1804 2158 1976 2214 Graeci

397 2251 652 2315 ethicam,
686 2251 963 2322 physicam
997 2259 1048 2305 et
1094 2249 1367 2306 theoricen
1415 2247 1843 2320 appellaverunt,
1877 2265 1978 2307 nos

399 2342 497 2398 has
518 2343 697 2399 dicere
725 2359 1016 2415 possumus
1042 2343 1327 2409 moralem,
1355 2344 1657 2398 naturalem
1703 2353 1756 2399 et
1797 2344 1979 2415 inspe-

405 2436 630 2490 ctivam.
662 2433 919 2491 Nonnulli
951 2450 1082 2490 sane
1117 2434 1261 2504 apud
1304 2433 1524 2489 Graecos
1549 2434 1712 2490 etiam
1740 2434 1974 2504 logicen,

396 2541 560 2595 quam
613 2542 715 2580 nos
761 2525 1084 2580 rationalem
1132 2539 1427 2595 possumus
1459 2523 1660 2589 dicere,
1693 2535 1889 2595 quarto
1923 2525 1976 2579 in

397 2631 627 2670 numero
659 2631 907 2686 posuere.
938 2615 1044 2670 Alii
1078 2629 1186 2670 non
1216 2614 1558 2669 extrinsecus
1585 2629 1729 2679 eam,
1763 2615 1856 2670 sed
1885 2631 1980 2686 per

395 2705 497 2761 bas
530 2717 641 2762 tres
673 2722 812 2777 quas
852 2722 1018 2777 supra
1067 2707 1498 2761 memoravimus
1546 2706 1859 2776 disciplinas
1890 2709 1976 2764 itt-

398 2811 594 2852 nexam
627 2805 1047 2866 consertamque
1092 2810 1190 2866 per
1234 2810 1398 2850 omne
1436 2810 1637 2866 corpus
1673 2812 1794 2853 esse
1826 2799 1979 2854 dixe-

400 2894 548 2939 runt.
581 2883 678 2940 Est
708 2886 854 2940 enim
881 2885 1104 2956 logiees,
1146 2895 1201 2940 et
1245 2884 1392 2940 velut
1418 2899 1517 2940 nos
1551 2884 1786 2941 dicimus
1812 2888 1972 2942 ratio-

400 2978 560 3043 nalis,
581 2993 703 3048 quae
726 2979 1018 3033 verborum
1051 2979 1431 3047 dictorumque
1457 2975 1669 3032 videtur
1702 2979 1979 3036 continere

399 3067 662 3132 rationes,
699 3069 1190 3138 proprietatesque,
1218 3075 1274 3123 et
1325 3067 1777 3138 impr0prietates,
1813 3085 1976 3140 gene-

2081 612 2280 680 pientia
2319 626 2475 680 super
2500 629 2675 668 omnes
2706 616 2950 685 antiquos
2981 616 3122 686 ﬁlios
3152 617 3443 686 hominum,
3470 631 3520 673 et
3561 637 3653 674 su-

2079 717 2172 770 per
2201 715 2376 757 omnes
2405 706 2664 772 sapientes
2700 704 2922 776 Αἶρε]ρεὶ
2941 705 3007 760 ⁸⁸.

2154 789 2410 844 Salomon
2450 806 2579 860 ergo
2625 800 2735 847 tres
2767 792 2922 861 istas,
2949 810 3088 865 quas
3113 812 3277 868 supra
3303 797 3542 856 diximus
3570 817 3656 872 ge-

2081 883 2292 937 nerales
2316 897 2438 937 esse
2466 883 2805 954 disciplinas,
2837 887 2890 942 id
2915 894 2998 944 est
3030 891 3315 958 moralem,
3349 893 3653 947 naturalem

2080 979 2134 1026 et
2160 970 2539 1040 inspectivam,
2564 973 2899 1045 distinguere
2929 977 2997 1032 ab
3025 977 3256 1034 invicem
3284 995 3350 1035 ac
3371 996 3658 1037 secernere

2079 1062 2289 1123 volens,
2322 1062 2497 1118 tribus
2523 1079 2617 1118 eas
2642 1064 2838 1120 libellis
2870 1067 3058 1133 edidit,
3090 1085 3192 1126 suo
3224 1087 3442 1142 quoque
3466 1074 3658 1128 ordine

2080 1153 2310 1223 singulis
2343 1163 2742 1225 consequenter
2783 1158 2999 1227 aptatis.
3046 1158 3236 1216 Primo
3274 1179 3403 1233 ergo
3442 1165 3497 1220 in
3521 1163 3658 1219 Pro-

2082 1245 2282 1302 verbiis
2304 1248 2564 1302 moralem
2588 1249 2776 1305 docuit
2798 1250 3001 1318 locum,
3018 1254 3339 1321 succinctis,
3368 1265 3428 1312 ut
3453 1257 3654 1324 decuit,

2078 1337 2443 1408 brevibusque
2493 1342 2777 1397 sententiis
2821 1343 2948 1398 vita:
2990 1343 3239 1402 inStituta
3298 1363 3652 1418 componens.

2085 1426 2391 1484 Secundam
2420 1445 2552 1485 vero
2577 1447 2700 1502 quae
2731 1435 3001 1491 naturalis
3044 1437 3366 1506 appellatur,
3402 1453 3656 1508 compre-

2079 1521 2266 1574 hendit
2290 1521 2343 1574 in
2383 1521 2711 1580 Ecclesiaste
2740 1543 2752 1579 :
2787 1526 2841 1582 in
2865 1542 2975 1598 quo
3002 1529 3173 1584 multa
3203 1529 3273 1585 de
3303 1531 3469 1586 rebus
3507 1541 3661 1586 natu-

2079 1611 2286 1665 ralibus
2317 1611 2611 1680 disserens,
2634 1624 2688 1670 et
2714 1617 2897 1672 inania
2929 1634 2992 1674 ac
3016 1636 3154 1676 vana
3199 1622 3269 1676 ab
3295 1622 3523 1678 utilibus
3564 1639 3661 1678 ne-

2080 1703 2444 1774 cessariisque
2509 1719 2838 1773 secernens,
2891 1711 3303 1781 relinquendam
3363 1716 3659 1770 vanitatem

2080 1803 2302 1856 monet,
2349 1801 2404 1848 et
2457 1795 2610 1850 utilia
2665 1807 2920 1869 rectaque
2969 1803 3246 1858 sectanda.
3295 1803 3658 1874 Inspectivum

2079 1899 2300 1954 quoque
2341 1885 2519 1940 locum
2570 1887 2623 1942 in
2674 1888 2778 1944 hoc
2807 1889 2994 1945 libello
3029 1893 3274 1960 tradidit,
3301 1897 3396 1966 qui
3428 1895 3662 1954 habetur

2079 1974 2186 2044 32
2237 1975 2291 2029 in
2342 1977 2616 2043 manibus,
2646 1978 2696 2034 id
2732 1989 2812 2034 est
2859 1981 2912 2035 in
2956 1982 3184 2039 Cantico
3207 1988 3570 2053 canticorum,
3605 1993 3658 2045 tn

2079 2081 2189 2136 quo
2225 2083 2466 2124 amorem
2515 2070 2815 2126 cmlcstium
2862 2073 3285 2148 divinorumque
3329 2081 3657 2138 desiderium

2081 2157 2278 2213 incutit
2301 2159 2497 2214 animae
2527 2161 2630 2216 sub
2657 2163 2837 2233 specie
2858 2180 3073 2235 sponsa:
3092 2184 3158 2223 ac
3186 2171 3394 2240 sponsi,
3421 2172 3663 2228 charita-

2080 2247 2150 2304 tis
2179 2258 2233 2303 et
2258 2251 2462 2305 amoris
2484 2252 2586 2307 viis
2614 2255 3034 2323 perveniendum
3084 2259 3284 2316 docens
3324 2262 3391 2316 ad
3436 2278 3662 2319 consor-

2080 2340 2218 2394 tium
2253 2339 2370 2396 Dei.
2404 2341 2519 2398 Hoc
2552 2359 2683 2400 vero
2712 2360 2836 2400 eum
2875 2363 3017 2402 verte
3060 2349 3420 2422 philosophiae
3463 2353 3660 2411 funda-

2081 2439 2325 2487 mentum
2360 2444 2673 2503 poneutem,
2711 2447 2766 2494 et
2809 2438 3056 2494 ordinent
3113 2441 3526 2513 disciplinarum
3578 2448 3661 2501 iu-

2081 2523 2540 2597 stitutionumque
2571 2530 2918 2598 condentem,
2963 2533 3106 2602 quod
3153 2550 3261 2588 non
3295 2536 3532 2602 latuerit,
3575 2555 3664 2593 ne-

2080 2629 2189 2684 que
2216 2615 2284 2670 ab
2315 2630 2382 2670 eo
2419 2619 2663 2688 abjectus
2695 2619 2767 2674 sit
2795 2621 2957 2675 etiam
2998 2624 3284 2680 rationalis
3333 2627 3508 2694 locus,
3549 2632 3662 2685 evi-

2082 2706 2272 2763 denter
2313 2711 2548 2766 ostendit
2581 2711 2634 2765 in
2683 2714 2952 2784 principio
3003 2717 3185 2772 statim
3235 2718 3656 2777 Proverbioruui

2082 2811 2331 2852 suorum.
2364 2797 2552 2855 Primo
2589 2802 2832 2856 omnium
2863 2819 2959 2873 per
2986 2806 3090 2860 hoc
3119 2807 3295 2877 ipsum
3341 2813 3483 2882 quod
3528 2812 3662 2868 Pro-

2084 2889 2269 2946 verbia
2315 2891 2613 2948 attitulavit
2652 2893 2896 2952 libellum
2931 2915 3116 2967 suum,
3141 2904 3284 2972 quod
3329 2905 3517 2975 utique
3563 2923 3661 2961 uo-

2082 2994 2206 3036 men
2239 2981 2507 3053 signiﬁcat
2538 2985 2686 3040 aliud
2714 2988 2934 3057 quidem
2980 2992 3159 3062 palam
3198 2995 3328 3061 dici,
3351 2997 3500 3053 aliud
3531 3016 3663 3054 vero

2081 3071 2415 3130 intrinsecus
2440 3076 2692 3134 indicari.
2729 3079 2844 3136 Hoc
2887 3084 3032 3137 enim
3072 3094 3128 3139 et
3171 3091 3482 3145 communis
3527 3105 3662 3147 usus

401 3174 586 3229 raque,
613 3169 668 3214 et
689 3161 920 3231 species,
939 3171 993 3215 et
1016 3159 1580 3232 tignras'singulorum
1605 3177 1825 3232 quoque
1846 3163 1975 3218 edo-
2003 3191 2044 3249 ο
2079 3161 2493 3232 proverbiorum
2519 3168 2696 3237 docet,
2726 3179 2780 3226 et
2809 3170 3046 3229 Joannes
3077 3177 3128 3230 in
3155 3175 3447 3249 Evangelio
3478 3181 3662 3236 Salva-

398 3268 523 3308 ccre
567 3253 873 3319 dictorum;
905 3268 1068 3323 quam
1102 3253 1291 3322 utique
1316 3252 1682 3323 disciplinam,
1715 3270 1822 3308 non
1863 3262 1972 3309 tam

397 3347 642 3414 separari
677 3361 843 3415 quam
893 3344 1062 3400 inseri
1107 3344 1320 3400 caeteris
1371 3345 1626 3400 convenit
1678 3354 1733 3400 et
1782 3345 1972 3401 intexi.

400 3436 620 3490 Moralis
652 3444 832 3490 autem
860 3434 1060 3490 dicitur
1087 3449 1184 3505 per
1213 3449 1377 3505 quam
1413 3451 1530 3491 mos
1555 3436 1771 3490 vivendi
1801 3435 1976 3491 hone-

397 3537 516 3584 stus
543 3537 781 3598 aptatur,
812 3537 866 3582 et
888 3528 1134 3582 instituta
1159 3527 1225 3582 ad
1256 3529 1510 3584 virtutem
1545 3529 1820 3584 tendentia
1848 3545 1978 3600 prae-

397 3634 681 3695 purantur.
715 3622 991 3679 Naturalis
1037 3623 1240 3678 dicitur
1293 3622 1382 3676 ubi
1429 3622 1864 3692 uniuscujusque
1900 3622 1976 3676 rei

398 3725 593 3770 natura
639 3715 950 3781 discutitur,
984 3729 1096 3784 quo
1128 3713 1266 3768 nihil
1309 3721 1502 3769 contra
1534 3723 1785 3768 naturam
1819 3729 1976 3782 gera-

399 3816 486 3862 tur
510 3808 566 3862 iu
600 3807 731 3873 vita,
755 3807 850 3862 sed
880 3806 1311 3876 unumquodque
1339 3805 1422 3859 his
1446 3804 1637 3859 usibus
1662 3803 1971 3872 deputetur,

399 3897 453 3952 in
484 3913 623 3969 quos
665 3913 696 3951 a
727 3896 985 3952 Creatore
1014 3896 1336 3966 productum
1369 3901 1472 3949 est.
1509 3892 1809 3962 Inspectiva
1839 3892 1977 3946 dici-

401 4000 512 4055 tur,
542 4005 648 4059 qua
697 3989 1038 4058 supergressi
1083 3987 1340 4052 visibilia,
1368 3986 1437 4040 de
1464 3984 1664 4039 divinis
1688 3985 1892 4054 aliquid
1923 3993 1976 4039 et

398 4083 716 4138 cmlestibus
744 4082 1201 4150 contemplamur,
1233 4093 1408 4148 eaque
1438 4079 1553 4132 sola
1587 4087 1765 4133 mente
1795 4079 1973 4132 intue-

398 4188 543 4236 mur,
597 4171 855 4242 quoniam
908 4185 1232 4241 corporeum
1285 4168 1767 4239 supergrediuntur
1817 4183 1969 4238 aspe-

397 4274 568 4320 ctum.
601 4263 727 4319 Haic
751 4278 902 4336 ergo,
931 4274 991 4319 ut
1028 4262 1162 4318 mihi
1194 4263 1425 4327 videtur,
1467 4261 1738 4331 sapientes
1771 4262 1974 4331 quique

395 4356 709 4413 Graecorum
732 4366 947 4426 sumpta
975 4372 1006 4411 a
1033 4355 1345 4421 Salomone,
1381 4363 1566 4425 utpote
1604 4353 1696 4423 qui
1727 4362 1886 4408 aetate
1923 4364 1977 4409 et

395 4456 638 4517 tempore
669 4447 828 4517 longe
871 4455 998 4502 ante
1025 4446 1174 4516 ipsos
1199 4445 1350 4516 prior
1377 4459 1439 4499 ea
1468 4459 1565 4514 per
1593 4443 1687 4498 Dei
1718 4445 1966 4514 spiritum

2084 3267 2254 3313 torem
2293 3259 2365 3314 ita
2394 3262 2586 3317 scribit
2619 3263 2887 3320 dicentem
2921 3286 2932 3320 :
2975 3266 3103 3322 llaec
3132 3271 3186 3323 in
3207 3272 3494 3340 proverbiis
3523 3275 3663 3329 locu-

2081 3359 2166 3403 tus
2192 3367 2306 3404 sum
2344 3351 2522 3418 vobis;
2554 3355 2717 3409 veniet
2745 3356 2875 3411 liora
2909 3375 3028 3412 cum
3067 3361 3185 3429 jam
3231 3379 3333 3416 non
3371 3367 3422 3420 in
3449 3383 3660 3434 prover-

2077 3438 2178 3492 biis
2209 3439 2399 3511 loquar
2419 3442 2582 3509 vobis,
2613 3445 2703 3498 sed
2727 3447 3002 3511 manifeste
3041 3449 3105 3503 de
3144 3449 3310 3505 Patre
3352 3456 3660 3510 attnuntiem

2075 3531 2218 3586 vobis
2234 3533 2296 3586 ⁸⁷.
2339 3532 2462 3589 Ilaec
2503 3535 2719 3590 interim
2757 3536 2811 3591 in
2846 3538 2960 3608 ipsa
2996 3540 3136 3595 tituli
3185 3542 3557 3614 inscriptione.
3600 3548 3654 3601 lu

2077 3624 2324 3693 sequenti
2354 3641 2483 3681 vero
2512 3628 2698 3682 statim
2729 3627 3009 3700 subjungit
3031 3630 3414 3690 discretionem
3445 3651 3659 3691 sermo-

2078 3715 2187 3778 nis,
2219 3726 2273 3770 et
2299 3717 2588 3788 distinguit
2619 3720 2903 3775 scientiam
2933 3737 2964 3776 a
3001 3723 3292 3792 sapientia,
3313 3737 3366 3782 et
3389 3743 3418 3782 a
3443 3729 3660 3798 sapien-

2078 3808 2151 3861 tia
2184 3804 2552 3878 disciplinam,
2583 3819 2638 3864 et
2687 3812 3016 3868 intellectum
3055 3820 3345 3872 verborum
3377 3819 3524 3874 aliud
3555 3836 3656 3891 po-

2078 3898 2193 3964 nit;
2227 3907 2281 3953 et
2313 3897 2655 3968 prudentiam
2685 3901 2817 3957 dicit
2847 3903 2901 3958 in
2924 3919 2989 3960 eo
3011 3922 3153 3974 esse,
3178 3915 3237 3963 ut
3259 3910 3510 3980 excipere
3535 3913 3659 3981 quis

2078 3990 2250 4056 possit
2282 3990 2573 4044 verborum
2607 3993 2922 4049 versutiam.
2959 3995 3254 4070 Distinguit
3293 4000 3455 4055 etiam
3491 4001 3659 4070 justi-

2078 4080 2207 4133 tiam
2230 4094 2412 4135 veram
2440 4096 2471 4136 a
2494 4081 2792 4140 directione
2822 4085 3010 4155 judicii
3034 4105 3048 4155 ;
3083 4091 3176 4146 sed
3197 4101 3251 4146 et
3275 4095 3532 4147 astutiam
3560 4109 3659 4146 no-

2078 4172 2250 4226 minat
2279 4175 2572 4242 quamdam
2622 4177 2709 4232 his
2767 4193 2907 4249 quos
2942 4182 3139 4237 imbuit
3168 4187 3558 4251 necessariam,
3594 4189 3658 4242 il-

2078 4263 2184 4317 lam
2221 4265 2384 4320 credo
2415 4280 2511 4335 per
2543 4282 2706 4337 quam
2757 4270 3154 4340 sophismatum
3208 4274 3434 4346 intelligi
3473 4294 3538 4333 ac
3570 4281 3661 4334 de-

2076 4354 2267 4408 clinari
2299 4357 2469 4420 possit
2493 4357 2724 4426 argutia.
2755 4359 2823 4414 Et
2851 4360 2972 4416 ideo
2995 4362 3126 4418 dicit
3157 4363 3539 4425 innocentibus
3565 4387 3661 4439 per

2078 4447 2398 4517 sapientiam
2431 4449 2547 4502 dari
2585 4450 2862 4518 astutiam,
2895 4452 3013 4508 sine
3055 4454 3222 4509 dubio
3272 4471 3339 4510 ne
3391 4458 3442 4512 in
3492 4462 3658 4515 verbo

394 4538 696 4602 didicisset,
726 4547 985 4608 tanquam
1016 4537 1235 4608 propria
1269 4536 1488 4590 inventa
1522 4535 1889 4604 protulerunt,
1919 4547 1974 4614 et
2007 4525 2054 4586 D
2080 4535 2174 4589 Dei
2208 4535 2549 4605 decipiantur
2592 4534 2782 4592 fraude
2812 4538 3131 4608 sophistica.
3162 4540 3268 4596 Sed
3298 4543 3353 4597 in
3388 4543 3493 4598 hoc
3525 4547 3658 4599 mihi

395 4627 798 4683 institutionum
869 4643 1094 4684 suarum
1145 4625 1518 4681 voluminibus
1578 4628 1971 4696 comprehensa

394 4719 626 4789 posteris
669 4720 932 4776 tradenda
979 4721 1268 4791 reliquere.
1305 4718 1409 4774 Sed
1446 4719 1586 4785 haec,
1620 4729 1680 4774 ut
1707 4720 1969 4787 diximus,

397 4809 657 4866 Salomon
693 4822 820 4867 ante
848 4827 1042 4868 omnes
1079 4811 1306 4876 invenit,
1337 4819 1393 4866 et
1421 4811 1606 4866 docuit
1636 4826 1730 4880 per
1756 4813 1972 4882 sapien-

395 4903 527 4958 tiam
574 4918 741 4974 quam
784 4904 992 4974 accepit
1033 4919 1064 4958 a
1111 4902 1245 4969 Deo,
1272 4903 1416 4958 sicut
1449 4903 1715 4970 scriptum
1745 4913 1865 4957 est:
1899 4906 1968 4956 Et

394 4995 536 5048 dedit
598 4994 738 5050 Deus
795 4996 1130 5064 prudentiam
1183 4993 1498 5061 Salomoni,
1551 5004 1600 5048 et
1650 4996 1968 5064 sapientiam

394 5087 618 5142 multam
661 5087 834 5156 ualde,
877 5099 928 5143 et
968 5089 1306 5143 latitudinem
1351 5088 1526 5142 cordis
1566 5089 1702 5145 sicut
1749 5105 1967 5142 arenam

465 5291 511 5322 “
546 5288 613 5344 Ill
638 5289 769 5361 Reg.
795 5305 870 5358 tv,
897 5290 987 5358 29,
1015 5291 1104 5346 50.
1180 5292 1224 5323 ⁸⁷
1263 5290 1424 5348 Joan.
1457 5306 1567 5359 xvu,
1593 5291 1685 5347 25.

465 5453 577 5524 (I7)
617 5453 710 5510 Sic
745 5455 945 5512 habent
967 5459 1263 5524 mss.,lihri
1297 5469 1476 5515 autem
1504 5459 1633 5514 editi
1657 5477 1668 5513 :
1691 5458 1804 5514 Scit
1827 5460 1967 5513 enim

393 5539 542 5577 nemo
571 5524 788 5593 Patrem
813 5528 916 5582 nisi
951 5527 1144 5593 Filius,
1174 5540 1224 5583 et
1250 5531 1336 5583 cui
1365 5530 1586 5583 voluerit
1617 5528 1790 5583 Filius
1824 5546 1967 5584 reve-

391 5599 524 5669 lare.
555 5591 816 5669 Similiter
845 5608 1020 5650 autem
1057 5591 1220 5652 etiam
1259 5601 1432 5669 ipsum
1471 5599 1693 5669 Eilium,
1718 5600 1966 5669 quoniam

392 5673 442 5717 et
473 5664 582 5732 ipse
620 5663 853 5734 charitas
883 5677 982 5730 est,
1014 5684 1164 5722 nemo
1201 5663 1299 5723 scit
1339 5670 1443 5723 nisi
1477 5668 1660 5734 Pater,
1687 5663 1741 5722 ei
1780 5686 1966 5724 secun-

392 5733 519 5786 dum
548 5734 646 5789 hoc
671 5732 810 5803 quod
837 5735 1071 5807 charitas
1101 5739 1317 5792 dicitur.
1345 5737 1501 5794 Solus
1530 5732 1704 5792 autem
1733 5736 1964 5807 Spiritus

396 5813 608 5858 sanctus
639 5811 739 5870 est,
763 5805 854 5874 qui
877 5805 942 5857 ab
972 5805 1129 5860 Patre
1155 5811 1407 5877 procedit,
1429 5821 1476 5864 et
1505 5811 1623 5863 ideo
1649 5809 1745 5862 scit
1769 5805 1884 5879 ante
1908 5810 1961 5863 in

673 5896 942 5957 Parrum"
975 5899 1092 5958 (in.
1135 5901 1306 5962 XIII.

2075 4626 2290 4681 videtur
2338 4626 2622 4682 rationalis
2666 4628 2968 4698 disciplinae
2998 4631 3330 4696 meminisse,
3367 4649 3464 4703 per
3491 4651 3656 4704 quam

2073 4717 2318 4773 doctrina
2370 4719 2660 4774 verborum
2712 4720 3089 4791 dictorumque
3141 4722 3515 4792 signilleantiae
3547 4727 3664 4782 dis-

2074 4818 2392 4876 cernuntur,
2452 4819 2506 4864 et
2557 4809 2989 4880 uniuscujusque
3037 4813 3307 4868 sermonis
3355 4816 3658 4884 proprietas

2071 4912 2220 4958 certa
2266 4915 2392 4956 cum
2446 4901 2659 4956 ratione
2703 4901 3077 4972 distinguitur.
3127 4903 3186 4956 In
3234 4919 3340 4974 qua
3389 4907 3660 4976 praecipue

2073 4993 2278 5049 erudiri
2329 4995 2585 5050 convenit
2630 5009 2849 5064 pueros.
2887 4991 3001 5049 Hoc
3047 4994 3191 5049 enim
3235 4995 3505 5063 hortatur,
3531 5014 3657 5053 cum

2073 5088 2205 5143 dicit
2229 5107 2241 5142 :
2267 5085 2329 5141 Ut
2358 5088 2442 5141 det
2473 5103 2632 5156 puero
2651 5086 2859 5156 juniori
2881 5102 3091 5142 sensum
3119 5097 3169 5142 et
3197 5090 3569 5160 cogitationem
3583 5091 3650 5157 “_

1763 5291 1806 5324 ⁸⁸
1846 5289 2005 5346 Prov.
2039 5305 2078 5356 t,
2113 5289 2166 5345 4.

2077 5456 2360 5528 Deo‘sunt,
2387 5455 2522 5510 sicut
2553 5456 2771 5528 spiritus
2808 5457 3166 5528 hominisiscit
3203 5473 3320 5528 qua:
3359 5459 3414 5510 in
3443 5457 3652 5514 Itomim:

2074 5538 2221 5584 sunt.
2248 5527 2352 5581 Hic
2385 5543 2500 5580 vero
2540 5525 2874 5597 Paractetus,
2900 5536 3005 5582 etc.
3039 5525 3350 5597 Paulo‘post
3379 5543 3652 5597 mss.,per

2072 5615 2191 5652 eum
2222 5599 2313 5665 qui
2348 5613 2413 5652 ea:
2447 5598 2561 5665 ipso
2591 5605 2669 5649 est
2706 5595 2988 5649 Dominum
3015 5606 3252 5649 nostrum
3281 5596 3464 5650 Iesum
3491 5595 3649 5653 (Inri-

2072 5681 2233 5733 stum,
2265 5667 2356 5722 ubi
2386 5667 2507 5738 libri
2535 5666 2664 5718 editi
2698 5666 2897 5717 habent
2925 5680 3016 5732 per
3042 5681 3157 5717 eam
3190 5682 3308 5734 qua:
3338 5684 3403 5721 ex
3430 5672 3542 5738 ipso
3571 5680 3648 5723 est

2071 5739 2402 5792 cltaritatem.
2447 5735 2563 5788 Mos
2600 5750 2712 5787 mss
2741 5773 2756 5798 ,
2785 5743 2833 5786 et
2881 5745 3083 5801 tempus
3108 5747 3182 5787 est
3218 5735 3468 5803 primum,
3501 5739 3649 5793 Libri

2071 5818 2253 5863 autcm
2281 5807 2432 5872 editi,
2473 5814 2520 5857 et
2550 5813 2804 5856 tentemus
2827 5805 3076 5870 primum.

3309 5899 3348 5956 3
