4134 6482
437 397 506 451 75
1511 391 1832 447 ORIGENIS
1870 392 1935 445 IN
1968 390 2331 448 CANTICUM
2370 387 2645 444 CANTIC.
2878 459 2886 467 .
3633 396 3704 449 76

435 513 504 568 Et
529 513 658 582 quia
711 512 803 583 qui
851 512 905 567 in
938 511 1025 567 his
1049 510 1316 574 eruditur,
1349 510 1659 562 necessario
1686 510 2027 564 rationabili-
2056 512 2100 570 Α
2132 509 2481 577 ctioncmque
2505 507 2779 577 didicerit,
2803 502 2898 578 per
2928 525 3051 579 qum
3082 510 3136 564 in
3163 510 3310 563 nullo
3341 512 3510 580 possit
3530 527 3592 565 ex
3624 512 3711 569 his

434 615 516 658 ter
554 620 648 672 per
681 619 744 658 ca
776 619 898 674 quae
932 603 1120 658 didicit
1146 601 1498 670 semetipsum
1533 601 1821 670 gubernat,
1856 610 1909 656 et
1938 601 2019 654 vi.

435 706 548 749 tam
575 709 732 750 suam
756 695 1093 749 moderatius
1120 693 1302 758 librat,
1326 700 1615 763 propterea
1643 692 1775 747 dicit
1805 710 1817 745 :
1851 690 2020 745 Intel-

432 787 602 855 tigens
637 795 813 840 autent
853 783 1210 856 gubernacula
1239 784 1553 855 acquirat“.
1581 782 1713 840 Post
1740 785 1857 838 ha:c
1890 796 2020 837 vero

433 892 773 947 cognoscens
806 877 859 931 in
904 876 1083 933 verbis
1114 875 1316 931 divinis
1346 875 1547 945 quibus
1595 890 1692 945 per
1723 875 2019 945 prophetas

434 965 676 1021 humano
713 965 896 1036 generi
946 966 1179 1021 traditus
1210 973 1295 1021 est
1324 966 1459 1021 ordo
1492 964 1729 1031 vivendi,
1769 964 2017 1021 diversos

430 1073 556 1113 esse
581 1058 785 1127 eloquii
828 1068 1036 1128 tropos,
1066 1068 1122 1113 et
1169 1058 1354 1113 varias
1398 1058 1612 1113 dicendi
1661 1058 1871 1127 species
1903 1075 1917 1111 :
1952 1071 2018 1114 ac

431 1146 615 1201 sciens
644 1146 831 1202 haberi
863 1148 920 1201 iu
945 1148 1028 1202 eis
1046 1147 1293 1219 aliquam
1326 1146 1577 1217 ﬁguram,
1605 1162 1728 1217 qua:
1755 1147 2015 1217 parabola

431 1239 751 1307 appelletur,
796 1248 852 1295 et
896 1239 1059 1294 aliam
1103 1256 1227 1311 quae
1269 1239 1503 1295 obscura
1546 1238 1715 1295 dictio
1767 1248 2013 1306 vocetur,

429 1329 677 1398 aliasque
709 1345 835 1400 qua:
878 1331 1165 1400 aenigmata
1208 1330 1582 1394 nominentur,
1613 1336 1668 1383 et
1710 1328 1848 1384 alias
1892 1343 2017 1398 quae

429 1419 577 1474 dicta
608 1420 919 1489 sapientum
949 1421 1224 1486 dicantur,
1254 1419 1481 1476 scribit:
1509 1417 1781 1490 Intelliges
1809 1435 2013 1491 quoque

426 1509 742 1578 parabolam
784 1521 833 1565 et
872 1512 1150 1565 obscurum
1190 1525 1502 1575 sermonem,
1535 1509 1777 1578 dictaque
1807 1510 2013 1577 sapien-

430 1614 543 1656 tum
588 1611 637 1655 et
692 1603 1060 1673 wnigmata”.
1089 1601 1194 1658 Per
1238 1602 1357 1658 haec
1408 1615 1544 1672 ergo
1585 1599 1797 1670 singula
1854 1598 2015 1654 ratio-

428 1692 608 1747 nalem
661 1692 841 1747 locum
895 1693 1179 1749 manifeste
1228 1700 1284 1746 ct
1325 1691 1604 1746 evidenter
1653 1688 1912 1758 exponit,
1947 1704 2012 1746 ac

430 1799 583 1849 more
613 1794 854 1839 veterum
885 1784 1180 1839 succinctis
1210 1782 1577 1851 brevibusque
1612 1781 1898 1836 sententiis
1927 1781 2011 1835 in-

2127 600 2337 667 figuris,
2370 599 2571 670 quibus
2623 613 2840 668 sponsae
2870 599 2936 652 ad
2970 614 3232 669 sponsum
3264 603 3537 657 caelestem
3571 603 3707 676 (20),

2126 690 2178 744 id
2212 700 2298 746 est
2330 690 2525 744 animte
2564 687 2817 759 perfecta:
2848 706 3002 744 amor
3028 693 3094 744 ad
3135 694 3357 747 verbum
3389 692 3480 749 Dei
3506 696 3711 750 descri-

2125 780 2271 836 bitur
2298 796 2362 835 ac
2389 770 2675 843 formatur,
2705 778 2997 836 offendere.
3021 779 3326 838 Prmmissis
3358 801 3598 854 namque
3623 788 3708 839 his

2124 871 2328 943 quibus
2362 872 2684 942 puriﬁcatur
2712 872 2895 926 anima
2920 888 3017 943 per
3046 884 3203 930 actus
3231 891 3297 930 ac
3329 891 3533 944 mores,
3563 884 3617 930 et
3653 877 3707 933 in

2122 970 2309 1022 rerum
2334 965 2717 1019 discretionem
2761 966 3090 1020 naturalium
3124 967 3458 1037 perducitur,
3487 985 3707 1037 compe-

2124 1064 2301 1112 tenter
2322 1057 2388 1111 ad
2413 1058 2719 1129 dogmatica
2749 1057 2859 1129 (2i)
2894 1056 3128 1124 venitur,
3152 1067 3205 1111 ct
3235 1058 3301 1112 ad
3339 1059 3587 1129 mystica,
3616 1069 3705 1113 aia

2122 1161 2230 1216 que
2271 1147 2337 1201 ad
2369 1148 2669 1205 divinitatis
2702 1147 3212 1218 contemplationem
3249 1150 3467 1203 sincero
3510 1159 3562 1203 et
3595 1151 3707 1219 spi-

2122 1237 2271 1291 ritali
2307 1253 2495 1292 amore
2524 1236 2931 1293 conscenditur.
2960 1231 3109 1289 Hanc
3130 1252 3258 1307 rrgo
3281 1234 3545 1306 triplicem
3575 1236 3707 1289 divi-

2121 1345 2205 1385 na:
2232 1329 2594 1401 philosophiae
2642 1329 2876 1384 formam
2916 1332 3082 1383 etiam
3118 1329 3173 1383 in
3226 1329 3334 1384 illis
3380 1330 3584 1383 sanctis
3638 1343 3703 1383 ac

2120 1420 2293 1476 beatis
2321 1421 2453 1477 viris
2481 1422 2722 1477 arbitror
2755 1421 3157 1492 praesigoatam,
3188 1437 3285 1491 pro
3314 1437 3545 1491 quorum
3578 1435 3703 1473 san-

2118 1512 2381 1568 ctissimis
2432 1511 2863 1568 institutionibus
2912 1511 3054 1567 Deus
3096 1527 3344 1566 summus
3387 1512 3493 1567 dici
3532 1512 3702 1565 vofuit

2121 1603 2264 1661 Deus
2308 1603 2605 1670 Abraham,
2633 1604 2778 1661 Deus
2810 1606 2986 1671 Isaac,
3019 1603 3159 1660 Deus
3187 1602 3375 1658 lat-ob.
3423 1604 3697 1658 Abraham

2118 1705 2377 1767 tanquam
2411 1697 2668 1752 moralem
2714 1697 2958 1753 declarat
2986 1696 3406 1767 philosophiam,
3442 1711 3537 1766 per
3571 1697 3699 1750 ohe-

2116 1787 2395 1843 dicntiam.
2433 1785 2608 1843 Tanta
2652 1789 2798 1844 enim
2847 1791 2968 1859 ejus
3018 1789 3122 1845 fuit
3167 1788 3471 1845 obctlicntia
3516 1795 3571 1844 (ιι
3596 1789 3698 1841 oh-

428 1884 618 1944 gentes
650 1884 703 1928 et
735 1872 1010 1943 perfectos
1035 1873 1268 1943 explicat
1294 1887 1510 1928 sensus.
1546 1868 1700 1938 Qua,
1732 1870 1778 1927 si
1804 1872 1930 1943 quis
1958 1871 2013 1925 in
2045 1870 2089 1925 B
2117 1879 2353 1935 sci-vatio
2405 1879 2787 1933 mandatorum
2814 1920 2829 1947 ,
2886 1889 2947 1935 ιιι
2986 1896 3111 1936 cum
3164 1881 3377 1934 audiret
3422 1898 3434 1932 ;
3488 1877 3593 1932 Exi
3635 1878 3702 1933 de

426 1967 542 2034 lege
582 1964 795 2020 Domini
847 1965 1141 2021 meditetur
1170 1963 1260 2018 die
1289 1979 1355 2019 ac
1389 1972 1570 2029 nocte,
1606 1971 1661 2018 et
1692 1963 1736 2018 si
1767 1963 1892 2033 quis
1928 1973 2014 2020 est

425 2057 568 2111 sicut
591 2056 726 2126 justi
759 2071 822 2110 os
854 2057 1002 2126 quod
1051 2056 1345 2112 meditatur
1394 2054 1610 2109 Domini
1664 2053 2009 2125 sapientiam,

427 2148 756 2217 investigare
786 2147 1102 2218 diligentius
1128 2147 1347 2218 poterit,
1374 2156 1428 2203 et
1446 2146 1727 2213 invenire;
1753 2146 1797 2203 si
1829 2155 2011 2205 tamen

426 2249 574 2294 recte
615 2240 913 2310 quaesierit,
948 2249 1003 2295 et
1042 2254 1294 2311 quaerens
1335 2239 1634 2309 pulsaverit
1672 2241 1875 2296 ostium
1918 2255 2011 2297 sa-

427 2334 663 2402 pientia,
697 2344 887 2404 petens
911 2349 943 2389 a
976 2333 1087 2390 Deo
1115 2343 1174 2390 ut
1206 2334 1480 2404 aperiatur
1505 2333 1634 2402 sibi,
1660 2343 1713 2390 et
1736 2342 2013 2391 mereatur

428 2424 682 2492 accipere
724 2440 820 2494 per
866 2423 1131 2495 Spiritum
1171 2435 1418 2481 sanctum
1453 2425 1678 2481 verbum
1709 2427 2011 2497 sapientiae,

428 2516 651 2569 vcrbtttn
701 2516 964 2581 scientiae,
993 2516 1220 2586 tierique
1250 2517 1522 2589 particeps
1556 2517 1705 2573 illius
1732 2519 2013 2590 sapientia:

423 2622 546 2675 qua:
577 2606 793 2662 dicebat
821 2627 835 2664 :
870 2607 1230 2662 Extendebam
1273 2609 1415 2663 enim
1457 2608 1612 2663 verba
1648 2625 1783 2677 mea,
1814 2618 1865 2664 et
1908 2626 2012 2665 non

422 2698 718 2752 audiebatis
734 2699 803 2752 “.
835 2698 901 2754 Et
931 2701 1126 2756 merito
1152 2701 1447 2758 extendere
1493 2717 1553 2760 se
1584 2702 1724 2758 dixit
1758 2704 1925 2760 verba
1953 2704 2011 2760 in

422 2791 545 2859 ejus
591 2792 779 2860 corde,
808 2792 898 2847 cui
922 2791 1132 2848 dederit
1172 2791 1335 2860 Deus,
1368 2794 1513 2851 sicut
1554 2809 1720 2864 supra
1749 2795 2010 2862 diximus,

425 2886 767 2943 latitudinem
808 2888 1011 2944 cordis.
1049 2887 1316 2944 Dilatatur
1347 2903 1584 2959 namque
1623 2889 1769 2945 illius
1797 2904 1895 2946 cor
1917 2889 2012 2960 qui

426 2986 605 3046 potest
644 2993 708 3032 ea
738 2993 860 3057 quae
892 2978 1124 3035 breviter
1169 2981 1221 3035 in
1268 2980 1545 3052 mysteriis
1572 2979 1714 3037 dicta
1747 2989 1898 3045 sunt,
1928 2981 2011 3037 la-

423 3070 563 3125 tiore
610 3070 854 3125 doctrina
900 3071 1133 3142 sumptis
1166 3086 1233 3126 ex
1268 3070 1641 3127 voluminibus
1671 3070 1870 3127 divinis
1918 3087 2010 3128 as—

423 3162 754 3217 sertionibus
828 3163 1141 3233 explanare.
1198 3162 1426 3234 Oportet
1485 3164 1649 3234 igitur
1704 3166 2007 3220 secundum

426 3254 565 3306 hanc
612 3253 861 3308 eamdem
910 3254 1304 3325 sapientissimi
1342 3253 1657 3310 Salomonis
1703 3255 2009 3311 doctrinam

423 3359 547 3397 eum
576 3345 667 3413 qui
699 3345 1021 3415 sapientiam
1051 3346 1194 3401 scire
1222 3344 1515 3411 desiderat,
1536 3345 1774 3416 incipere
1796 3347 1864 3401 ab
1885 3362 2014 3403 eru-

421 3434 626 3488 ditione
679 3437 893 3499 morali,
929 3446 985 3491 et
1030 3436 1331 3507 intelligere
1368 3435 1501 3491 illud
1551 3436 1696 3506 quod
1748 3437 2011 3508 scripturn

422 3534 505 3578 est
540 3544 552 3578 :
587 3525 891 3595 Concupt'sti
921 3528 1261 3596 sapientiam,
1306 3542 1456 3581 serva
1501 3528 1779 3592 mandata,
1814 3538 1864 3582 et
1901 3527 2012 3582 Do-

424 3617 594 3672 minus
619 3618 765 3672 dabit
799 3634 915 3674 eam
956 3618 1053 3672 tibi
1070 3619 1138 3672 ⁸².
1194 3615 1278 3674 0b
1311 3617 1413 3674 hoc
1462 3620 1719 3689 magister
1778 3619 1867 3675 hic
1914 3619 2009 3689 qui

385 3744 395 3758 .
422 3708 632 3776 primus
664 3710 914 3765 homines
936 3709 1176 3763 divinam
1200 3708 1597 3779 phil050phiam
1622 3710 1802 3777 docet,
1827 3711 2009 3781 operis

418 3802 503 3853 sui
533 3800 818 3855 exordium
851 3800 1268 3857 Proverbiorum
1298 3801 1480 3870 posuit
1504 3800 1841 3867 libellum,in
1868 3818 2006 3873 quo,

422 3900 483 3944 ut
512 3890 777 3961 diximus,
813 3893 1039 3948 moralis
1065 3893 1297 3948 traditur
1324 3893 1479 3949 locus
1518 3911 1532 3949 :
1567 3902 1627 3949 ut
1659 3909 1787 3951 cum
1838 3895 2003 3951 intel-

420 3984 559 4038 lectu
603 3985 960 4054 moribusque
1006 3984 1131 4054 quis
1177 3984 1489 4055 profecerit,
1523 3985 1705 4041 veniat
1735 3986 1899 4041 etiam
1936 3986 2005 4042 ad

419 4073 689 4128 naturalis
720 4060 1085 4145 intelligentiae
1114 4073 1482 4145 disciplinam,
1513 4082 1678 4145 atque
1707 4075 1781 4130 ibi
1813 4091 1996 4131 rerum

420 4179 623 4219 causas
656 4173 991 4235 naturasque
1028 4165 1369 4235 distinguens
1397 4174 1662 4236 agnoscat
1708 4166 2005 4222 vanitatem

423 4254 856 4325 relinquendam,
887 4255 955 4309 ad
985 4264 1186 4310 adorna
1216 4261 1398 4309 autem
1434 4260 1489 4309 et
1515 4266 1775 4324 perpetua
1809 4268 2008 4324 prope-

422 4328 655 4399 randum
686 4353 784 4400 :et
830 4345 951 4399 ideo
993 4354 1116 4417 post
1160 4344 1478 4411 Proverbia,
1525 4344 1592 4400 ad
1637 4342 2001 4400 Ecclesiasten

423 4436 660 4500 venitur,
697 4435 790 4505 qui
839 4433 1021 4502 docet,
1068 4443 1130 4490 ut
1170 4434 1432 4500 diximus,
1460 4433 1696 4489 visibilia
1718 4434 1899 4489 omnia
1950 4442 2006 4489 et

2113 1982 2254 2026 terra
2300 1980 2413 2030 tua.
2444 1980 2494 2025 et
2529 1970 2594 2024 de
2636 1972 2951 2042 cognatione
2986 1981 3100 2039 tua,
3132 1980 3182 2025 et
3227 1971 3293 2024 de
3336 1969 3491 2023 domo
3527 1970 3698 2038 patris

2112 2061 2279 2127 tui",
2331 2074 2439 2114 non
2491 2060 2568 2115 sit
2611 2069 2921 2129 cunctatus,
2970 2064 3062 2120 sed
3117 2067 3304 2120 statim
3362 2061 3699 2135 fecerit,33

2111 2150 2223 2205 imo
2260 2159 2315 2205 ct
2352 2149 2558 2220 aliquid
2606 2150 2843 2221 amplius
2896 2152 3101 2208 fecerit.
3134 2153 3378 2208 Audiens
3440 2152 3584 2206 cnim
3642 2163 3700 2206 ut

2113 2239 2417 2295 immolaret
2463 2239 2631 2295 filium
2694 2256 2880 2310 suum,
2911 2257 3013 2299 nec
3043 2245 3167 2299 inde
3197 2242 3417 2315 quidem
3460 2243 3697 2306 dubitat,

2114 2331 2210 2388 sed
2245 2332 2588 2402 obtemperat
2614 2345 2887 2405 pracepto
2926 2351 2940 2387 :
2974 2347 3028 2390 ct
3087 2337 3154 2390 ad
3211 2336 3519 2406 exemplum
3567 2336 3699 2388 ole-

2111 2422 2328 2478 dientite
2356 2439 2479 2494 qua:
2505 2432 2587 2479 est
2625 2426 2851 2481 moralis
2883 2426 3257 2497 philosophia,
3300 2427 3533 2497 posteris
3562 2426 3701 2480 dan-

2110 2516 2264 2580 dum,
2288 2530 2388 2572 nec
2406 2515 2517 2571 [ilio
2536 2532 2640 2574 suo
2671 2517 2835 2573 unico
2857 2520 3095 2589 pepercit
3110 2520 3177 2575 ".
3204 2518 3355 2575 lsaac
3371 2536 3589 2590 qttmtue
3608 2536 3700 2574 ua—

2117 2609 2348 2665 turalem
2399 2609 2803 2681 philosOphiam
2850 2622 3029 2675 tenet,
3062 2628 3186 2669 cum
3217 2623 3271 2668 et
3295 2623 3489 2683 puteos
3530 2612 3694 2676 fodit,

2121 2709 2176 2755 et
2204 2717 2388 2756 rerum
2422 2702 2693 2772 profunda
2726 2701 3040 2758 rimatur".
3091 2702 3195 2759 Sed
3222 2713 3276 2758 et
3303 2702 3477 2759 Jacob
3506 2704 3691 2772 inspe-

2124 2791 2326 2846 ctivum
2356 2801 2504 2848 tenet
2546 2793 2728 2850 locum
2751 2832 2767 2859 ,
2796 2794 2999 2866 quippe
3030 2794 3125 2865 qui
3158 2804 3212 2849 et
3258 2793 3420 2849 Israel
3458 2794 3530 2848 ob
3556 2793 3699 2848 divi-

2113 2899 2306 2938 norum
2361 2883 2876 2955 contemplationem
2948 2886 3268 2942 nominatus
3323 2886 3432 2952 sit,
3484 2895 3540 2940 ct
3598 2885 3695 2955 qui

2111 2986 2292 3029 castra
2325 2974 2450 3030 coeli
2486 2975 2722 3041 viderit,
2760 2984 2815 3029 et
2850 2975 3075 3030 domum
3105 2974 3239 3041 Dei,
3269 2986 3434 3047 atque
3472 2976 3695 3047 angelo-

2112 3082 2235 3120 rum
2272 3066 2408 3131 vias,
2441 3066 2492 3121 id
2519 3079 2601 3121 est
2629 3066 2807 3122 scalas
2837 3082 2867 3121 a
2898 3068 3059 3122 terris
3090 3067 3143 3121 in
3172 3068 3374 3122 ctelum
3417 3076 3698 3135 porrectas

2116 3155 2477 3228 prospexit".
2519 3152 2677 3210 Unde
2724 3163 2780 3209 et
2821 3156 3016 3210 merito
3065 3155 3374 3210 invenimus
3416 3165 3527 3209 tres
3559 3153 3699 3208 istos

2116 3249 2305 3302 beatos
2330 3246 2475 3301 viros
2499 3244 2693 3300 altaria
2726 3244 2911 3300 fixisse
2945 3243 3076 3310 Deo,
3098 3244 3199 3299 hoc
3228 3252 3311 3299 est
3335 3243 3697 3315 philosophia:

2114 3354 2228 3394 sua:
2256 3352 2613 3394 consecrasse
2661 3335 2965 3407 profectus,
2993 3338 3139 3406 quod
3169 3338 3376 3393 scilicet
3405 3337 3695 3392 edocercnt

2114 3445 2224 3484 non
2266 3430 2383 3484 hec
2416 3429 2481 3484 ad
2526 3439 2672 3482 artes
2720 3426 3026 3497 humanas,
3079 3428 3173 3483 sed
3217 3427 3284 3483 ad
3328 3428 3419 3483 Dei
3457 3429 3692 3499 gratiam

2114 3521 2419 3578 referenda.
2474 3518 2581 3575 Sed
2612 3519 2754 3575 etin
2789 3519 3159 3576 tabernaculis
3200 3520 3437 3591 degunt,
3493 3530 3551 3575 ut
3598 3536 3693 3591 per

2113 3612 2230 3667 haec
2261 3609 2572 3676 ostendant,
2604 3626 2781 3680 neque
2809 3609 2863 3663 in
2896 3610 3057 3665 terris
3085 3609 3397 3666 habendum
3438 3626 3561 3665 esse
3590 3611 3691 3664 ali-

2110 3701 2240 3774 quid
2272 3702 2551 3772 proprium
2584 3698 2714 3755 huic
2737 3700 2832 3770 qui
2858 3699 3058 3756 divina:
3091 3702 3451 3774 philosophia:
3483 3701 3691 3766 studet,

2111 3792 2205 3846 sed
2235 3807 2450 3863 semper
2479 3794 2935 3862 promovendum,
2967 3808 3075 3847 non
3109 3802 3219 3847 tam
3257 3792 3323 3847 de
3357 3791 3477 3847 loco
3510 3789 3579 3845 ad
3610 3790 3692 3844 Io-

2109 3898 2268 3950 cum,
2319 3900 2485 3954 quam
2536 3884 2604 3940 de
2648 3885 2876 3941 scientia
2922 3884 3242 3939 inferiorum
3289 3884 3355 3939 ad
3400 3882 3688 3939 scientiam

2108 3972 2502 4045 perfectorum.
2527 3973 2632 4032 Sed
2665 3984 2719 4032 et
2754 3974 2859 4029 alia
2887 3975 3057 4030 multa
3077 3976 3131 4029 in
3161 3973 3463 4044 Scripturis
3487 3972 3690 4027 divinis

2110 4064 2356 4121 invenies
2385 4081 2508 4137 qua:
2534 4065 2784 4121 ordinem
2818 4065 2967 4122 hunc
2996 4081 3159 4137 quem
3197 4066 3253 4119 in
3306 4065 3504 4120 libellis
3532 4063 3689 4119 Salo-

2110 4156 2292 4211 monis
2324 4156 2587 4212 contineri
2619 4157 2894 4224 diximus,
2929 4157 3230 4213 secundum
3265 4154 3408 4208 hanc
3437 4152 3685 4208 eamdem

2113 4249 2344 4303 formam
2395 4248 2683 4319 designant
2726 4266 2741 4303 :
2787 4251 2879 4305 sed
2917 4265 2981 4304 ea
3033 4264 3181 4304 nunc
3225 4247 3385 4304 nobis
3429 4246 3686 4316 prosequi

2112 4339 2260 4394 aliud
2294 4338 2349 4393 in
2384 4338 2639 4394 manibus
2682 4337 3012 4393 habentibus
3057 4337 3278 4409 longum
3311 4347 3416 4393 est.
3463 4335 3521 4390 Si
3563 4335 3690 4405 quis

2108 4445 2240 4502 ergo
2268 4431 2506 4501 primum
2546 4428 2727 4484 locum
2760 4430 2815 4483 in
2860 4429 3219 4484 emendandis
3249 4428 3497 4484 moribus
3531 4443 3687 4482 man-

425 4539 685 4595 corporea
728 4525 934 4582 caduca
978 4540 1099 4580 esse
1141 4534 1196 4580 et
1239 4525 1474 4597 fragilia,
1502 4539 1625 4595 quae
1658 4525 1848 4595 utique
1875 4540 2000 4582 cum
2037 4542 2083 4598 ι)
2112 4522 2364 4593 datisque
2410 4521 2731 4584 servandis,
2771 4521 2864 4590 qui
2912 4534 3009 4589 per
3047 4521 3331 4590 proverbia
3373 4521 3689 4593 designatur

424 4617 498 4672 ita
530 4630 653 4670 esse
680 4616 1094 4686 deprehenderit
1123 4616 1172 4672 is
1197 4616 1291 4687 qui
1325 4616 1605 4686 sapientiae
1645 4617 1849 4684 studet,
1884 4618 2005 4674 sine

423 4707 592 4762 dubio
624 4717 936 4764 contemnet
967 4723 1030 4763 ea
1055 4723 1119 4763 ac
1148 4707 1428 4777 despiciet,
1452 4715 1506 4762 et
1536 4708 1810 4774 universo,
1845 4719 1902 4765 ut
1930 4709 2003 4766 ita

422 4801 623 4867 dicam,
653 4802 853 4856 saeculo
890 4800 1215 4856 renuntians
1258 4800 1439 4855 tendet
1491 4800 1561 4855 ad
1612 4800 1904 4857 invisibilia
1948 4811 2004 4858 et

423 4898 649 4954 alterna,
688 4905 809 4959 quae
843 4890 1186 4960 spiritahbus
1221 4890 1442 4960 quidem
1474 4890 1750 4957 sensibus,
1781 4892 1874 4946 sed
1905 4892 2002 4947 ad-

424 4983 629 5053 opertis
653 4996 902 5037 amorum
925 4979 1255 5050 quihusdam
1278 4979 1467 5050 ﬁguris
1488 4980 1756 5034 docentur
1778 4980 1834 5035 in
1855 4977 2004 5036 Can-

423 5078 533 5133 tico
562 5076 901 5132 canticorum
929 5074 1065 5147 (i8).
1105 5073 1230 5128 ideo
1257 5072 1404 5128 enim
1434 5073 1796 5129 novissimum
1818 5073 2003 5129 locum

423 5173 568 5219 tenet
619 5164 708 5219 hic
754 5165 912 5226 liber,
946 5171 1006 5217 ut
1052 5171 1185 5217 tunc
1216 5161 1285 5217 ad
1315 5176 1442 5217 eum
1489 5162 1760 5228 veniatur,
1785 5177 1911 5217 cum
1948 5171 2005 5218 et

423 5255 668 5310 moribus
696 5255 822 5325 quis
849 5252 1012 5309 fuerit
1039 5252 1336 5308 defaecatus
1363 5252 1497 5323 (i9),
1520 5261 1575 5307 et
1607 5268 1790 5308 rerum
1818 5268 2005 5308 corru-

422 5346 689 5416 ptibilium
741 5354 905 5415 atque
953 5344 1449 5414 incorruptibilium
1486 5343 1770 5400 scientiam
1807 5347 2002 5402 distin-

2115 4613 2361 4684 implevit
2406 4628 2420 4664 :
2472 4620 2599 4683 post
2649 4611 2769 4667 haec
2814 4622 2995 4666 autem
3055 4610 3390 4682 deprehensa
3452 4611 3688 4667 vanitate

2114 4704 2343 4771 mundi,
2390 4714 2445 4759 et
2471 4718 2652 4758 rerum
2679 4703 3010 4760 caducarum
3043 4701 3335 4774 fragilitate
3363 4712 3644 4774 perspecta
3667 4743 3684 4768 ,

2110 4797 2262 4853 venit
2290 4797 2343 4852 in
2379 4795 2485 4852 hoc
2512 4806 2571 4850 ut
2599 4797 2874 4851 renuntiet
2902 4795 3142 4864 mundo,
3189 4804 3244 4851 et
3282 4796 3539 4851 omnibus
3564 4810 3687 4865 qua:

2112 4891 2167 4945 in
2223 4889 2428 4944 mundo
2479 4895 2609 4943 sunt
2659 4906 2674 4943 :
2725 4899 3126 4959 consequenter
3172 4888 3356 4944 veniet
3402 4887 3568 4943 etiam
3618 4885 3684 4941 ad

2110 4981 2532 5055 contemplanda
2560 4990 2615 5037 et
2641 4981 3001 5037 desideranda
3030 4995 3093 5037 ea
3129 4996 3252 5053 quae
3294 4994 3403 5035 non
3434 4979 3687 5035 videntur

2111 5082 2167 5128 et
2199 5081 2399 5128 aeterna
2434 5083 2583 5129 sunt.
2614 5073 2695 5129 Ad
2727 5089 2851 5145 quae
2880 5083 3061 5130 tamen
3097 5083 3159 5128 ut
3189 5073 3475 5144 pervenire
3508 5071 3686 5141 possi-

2112 5180 2258 5232 mus,
2292 5164 2600 5235 indigemus
2627 5164 2811 5220 divina
2838 5164 3237 5231 misericordia,
3264 5164 3313 5220 si
3343 5162 3484 5221 forte
3506 5163 3686 5218 valea-

2112 5271 2236 5311 mus
2276 5263 2557 5325 perspecta
2591 5256 2999 5326 pulchritudine
3025 5255 3187 5314 Verbi
3240 5256 3335 5312 Dei
3363 5254 3592 5312 salutari
3628 5254 3684 5308 ia

2110 5362 2235 5403 eum
2274 5362 2459 5402 amore
2503 5349 2798 5413 succendi,
2832 5358 2893 5404 ut
2940 5358 2998 5405 et
3045 5349 3162 5420 ipse
3207 5348 3461 5419 dignetur
3491 5345 3685 5417 hujus-

493 5457 538 5531 ’δξ
575 5455 737 5512 Prov.
781 5473 822 5523 t,
852 5457 913 5513 5.
982 5455 1037 5488 "
1067 5456 1201 5512 ibid.
1233 5455 1287 5511 εἰ.
1362 5455 1411 5488 ἰ
1449 5456 1580 5512 ibid.
1617 5456 1709 5515 24.
1785 5458 1831 5491 ⁸³
1866 5458 2009 5517 Eccli

2126 5460 2226 5519 .26.
2302 5463 2349 5495 ⁸³
2387 5462 2522 5519 Gen.
2555 5479 2655 5531 xu,
2684 5464 2734 5519 1.
2810 5464 2859 5497 ⁸⁸
2896 5463 3032 5521 Gen.
3066 5480 3200 5521 xxu.
3276 5465 3323 5497 ⁸⁸
3362 5463 3498 5522 Gen.
3530 5477 3682 5519 xxvt.

421 5523 467 5578 κ
499 5524 635 5581 Gen.
668 5532 860 5584 xxvitt.

452 5707 464 5716 _
494 5637 610 5719 (ιε)
651 5638 762 5721 Mss
791 5677 806 5702 ,
837 5638 1058 5694 Cantica
1094 5636 1447 5693 canticorum.
1478 5637 1636 5699 Libh.
1668 5640 1825 5706 edit.,
1854 5639 1999 5695 Can-

424 5717 542 5759 ttﬂs
577 5717 926 5762 canticorum.

490 5776 608 5848 (19)
643 5778 794 5845 Μες.,
824 5778 1127 5848 deferatur.
1160 5774 1314 5831 Lihb.
1341 5777 1493 5842 edit.,
1519 5778 1813 5849 deftrcatt’s.

2126 5656 2129 5661 ‘
2178 5643 2291 5784 (20}
2332 5642 2487 5710 Mss.,
2514 5645 2789 5700 delectent.
2820 5644 3071 5715 impressi
3100 5646 3246 5714 libri,
3274 5647 3518 5701 relatis.

2176 5714 2259 5783 (21
2332 5713 2482 5781 Μεδη
2517 5716 2842 5784 dogmutt'ca.
2878 5716 3153 5784 Impressi,
3180 5720 3488 5775 rimimo.

2176 5713 2288 5784 (21)
2332 5713 2482 5781 Μεδη
2517 5716 2842 5785 dogmutt'ca.
2878 5713 3153 5786 liupressi,
3180 5713 3488 5775 dmum.
