4134 6454
497 446 560 499 77

1926 425 2313 484 PROLOGUS.

3674 433 3745 489 ’18

493 561 637 612 irmli
671 558 908 617 animam
936 555 1194 626 diligere,
1241 568 1408 625 quam
1458 550 1792 608 desiderium
1829 549 1917 605 sui
1969 550 2067 604 ba-
2096 551 2142 609 Α
2171 547 2269 613 ris,
2305 556 2435 603 tunc
2462 546 2607 601 enim
2649 546 2844 602 merito
2875 547 3120 603 cantabit
3145 557 3203 606 et
3231 550 3374 606 dicet
3407 569 3421 607 :
3457 549 3742 612 Cantemus

488 651 614 704 bere
649 651 946 722 perspexit.

566 746 694 799 Post
733 743 847 796 haec
878 739 1044 812 exigit
1093 753 1196 792 nos
1235 733 1627 806 consequentia
1672 731 1944 788 sermonis
1987 730 2070 786 di-

493 849 614 889 cere
647 834 812 889 etiam
841 830 910 887 de
937 829 1403 904 superscriptione
1442 828 1559 897 ipsa
1587 824 1799 880 Cantici
1836 823 2071 878 cantico-

494 943 634 980 rum.
671 924 862 980 Simile
893 937 1042 978 enim
1070 930 1154 978 est
1183 921 1287 974 hoc
1328 919 1434 974 illis
1462 933 1584 988 quae
1631 918 1683 971 in
1717 914 2069 970 tabernaculo

494 1016 784 1072 testimonii
817 1014 1158 1084 appellantur
1188 1010 1388 1066 Sancta
1431 1007 1831 1074 sanctorum",
1877 1017 1931 1061 et
1960 1005 2069 1060 illis

493 1123 613 1175 qua:
653 1106 706 1159 in
737 1105 878 1178 libro
918 1102 1288 1160 Numerorum
1337 1109 1712 1155 memorantur
1749 1112 1913 1168 opera
1946 1112 2070 1165 ope-

495 1215 638 1261 rum,
669 1213 898 1268 quazque.
932 1196 1074 1266 apud
1100 1193 1332 1248 Paulum
1367 1192 1624 1248 dicuntur
1668 1189 1865 1245 saecula
1903 1205 2070 1244 saecu-

501 1287 669 1344 lorum
690 1288 755 1342 ".
815 1285 922 1340 Sed
963 1283 1238 1354 quomodo
1270 1281 1525 1338 differant
1556 1295 1588 1334 a
1629 1280 1832 1334 sanctis
1869 1278 2066 1333 Sancta

498 1386 806 1435 sanctorum
837 1377 890 1430 in
921 1373 1110 1428 Exodo
1135 1413 1148 1438 ,
1193 1383 1249 1428 et
1291 1370 1571 1441 quomodo
1610 1369 1864 1424 dilferant
1903 1384 2065 1438 opera

500 1471 564 1526 ab
586 1469 838 1538 operibus
863 1483 1088 1536 operum
1127 1467 1182 1520 in
1212 1462 1579 1518 Numerorum
1625 1461 1784 1527 libro,
1820 1459 2068 1515 tractati-

497 1559 596 1614 bus
626 1559 759 1628 (22),
791 1567 956 1630 prout
1000 1557 1298 1628 potuimus,
1325 1553 1528 1608 dictum
1571 1561 1653 1607 est
1682 1569 1712 1606 a
1745 1553 1920 1608 nobis.
1961 1551 2066 1608 Sed

491 1661 544 1704 et
573 1650 638 1704 de
670 1651 868 1705 smeulo
895 1650 1222 1704 surculorum
1267 1648 1320 1700 in
1387 1646 1522 1700 locis
1554 1644 1754 1712 quibus
1787 1644 2065 1708 occurrit,

494 1756 600 1793 non
636 1741 901 1796 omissum
932 1749 1014 1794 est
1034 1779 1050 1800 ,
1075 1746 1130 1794 et
1171 1752 1239 1791 ne
1263 1737 1454 1791 eadem
1487 1743 1801 1803 repetamus
1827 1735 1916 1788 illa
1951 1732 2066 1790 suf-

493 1831 694 1884 liciant.
758 1831 913 1885 Nunc
961 1844 1091 1899 ergo
1152 1827 1500 1896 requiramus
1551 1825 1730 1895 primo
1781 1842 1902 1894 qua:
1955 1823 2067 1880 sint

491 1919 736 1983 cantica,
786 1931 1020 1986 quorum
1067 1915 1405 1970 canticorum
1460 1915 1565 1968 hoc
1621 1928 1746 1968 esse
1790 1913 2063 1968 canticum

491 2005 713 2058 dicitur.
741 2003 879 2057 Puto
899 2018 1027 2072 ergo
1057 2002 1200 2072 quod
1231 2005 1442 2058 cantica
1472 2003 1582 2057 sint
1603 2002 1691 2056 illa
1713 2018 1831 2072 qua:
1859 2003 2064 2057 dudum

494 2107 588 2157 [er
625 2092 916 2161 prophetas
943 2131 958 2157 ,
999 2090 1083 2147 vel
1129 2110 1224 2166 per
1265 2092 1488 2162 angelos
1541 2094 1902 2149 canebantur.
1960 2090 2064 2145 Lex

491 2183 636 2235 enim
672 2183 872 2237 dicitur
917 2199 1012 2242 per
1051 2182 1270 2247 angelos
1301 2183 1610 2236 ministrata
1645 2183 1699 2235 in
1736 2198 1899 2235 manu
1949 2197 2065 2236 me-

489 2273 718 2328 diatoris
767 2269 1284 2347 ".lllaergoomnia
1316 2288 1436 2343 quae
1471 2288 1567 2342 per
1611 2273 1732 2328 illos
1775 2274 2068 2328 annuntia-

490 2367 706 2428 bantur,
739 2365 949 2421 cantica
980 2375 1137 2420 erant
1161 2382 1260 2437 per
1285 2367 1494 2420 amicos
1529 2366 1718 2435 sponsi
1749 2366 2058 2433 praeceden-

489 2455 582 2508 tia.
623 2452 772 2510 lstud
802 2471 932 2509 vero
967 2471 1136 2509 unum
1188 2455 1463 2508 canticum
1491 2463 1606 2520 est,
1639 2455 1781 2523 quod
1815 2455 1917 2524 ipsi
1951 2450 2064 2524 jam

489 2559 693 2613 sponso
722 2559 983 2614 sponsam
1015 2560 1170 2599 suam
1203 2553 1527 2612 suscepturo
1572 2544 1909 2612 epithalamii
1942 2560 2066 2614 spe-

487 2635 568 2688 cie
597 2644 712 2689 erat
750 2635 1094 2689 canendum:
1128 2634 1185 2687 in
1219 2649 1328 2701 quo
1374 2647 1576 2702 sponsa
1608 2649 1717 2687 non
1753 2635 1932 2689 adhuc
1971 2651 2066 2704 per

487 2728 695 2782 amicos
742 2725 929 2796 sponsi
976 2724 1182 2779 cantari
1237 2721 1341 2778 sibi
1387 2723 1534 2787 vult,
1586 2723 1680 2777 sed
1733 2724 1904 2793 ipsius
1950 2725 2064 2795 jam

489 2819 675 2886 sponsi
719 2817 1004 2886 prtesentis
1049 2815 1239 2870 audire
1283 2814 1444 2868 verba
1482 2813 1790 2882 desiderat,
1830 2816 2062 2871 dicens:

492 2908 772 2963 Osculetur
820 2925 900 2961 me
945 2907 1124 2960 osculo
1165 2906 1271 2959 oris
1315 2905 1400 2958 sui
1416 2905 1481 2958 ".
1531 2903 1684 2959 Unde
1715 2912 1769 2959 et
1807 2905 2064 2962 omnibus

487 2998 714 3054 canticis
765 2997 962 3052 merito
1012 2996 1318 3068 praefertur,
1376 2995 1596 3050 videtur
1659 2995 1806 3051 enim
1868 3005 2064 3053 caetera

485 3089 694 3141 cantica
728 3103 849 3157 quae
877 3086 960 3140 lex
1013 3098 1069 3140 et
1113 3086 1392 3155 propheta:
1436 3084 1792 3153 cecinerunt,
1826 3087 2064 3153 parvulae

473 3179 660 3234 adhuc
693 3194 908 3249 sponsae
933 3217 947 3241 ,
985 3185 1041 3232 et
1082 3193 1202 3247 quae
1251 3176 1492 3231 nondum
1521 3176 1785 3232 vestibula
1833 3185 2062 3232 maturae

481 3270 656 3324 aetatis
688 3269 933 3340 ingressa
985 3267 1091 3335 sit,
1127 3267 1444 3332 decantata;
1480 3267 1582 3323 hoc
1620 3283 1749 3323 vero
1779 3269 2054 3324 canticum

481 3365 698 3428 adultas,
722 3374 776 3419 et
799 3363 912 3433 jam
939 3362 1092 3416 valde
1121 3359 1379 3426 robustae,
1412 3368 1466 3414 et
1494 3375 1618 3430 qua:
1641 3374 1813 3429 capax
1847 3359 1920 3414 sit
1942 3359 2056 3429 jam

483 3456 653 3510 virilis
678 3457 933 3524 potentia:
965 3453 1297 3524 perfectique
1322 3450 1590 3524 mysterii,
1615 3450 1895 3505 decantari
1918 3450 2054 3521 (25).

483 3546 793 3600 Secundum
829 3547 975 3616 quod
1009 3547 1206 3601 dicitur
1247 3543 1315 3599 de
1359 3545 1476 3613 ipsa
1510 3542 1638 3612 quia
1668 3557 1776 3597 una
1827 3541 1898 3597 sit
1932 3555 2056 3610 per-

485 3636 625 3691 lecta
673 3637 944 3692 columba.
983 3636 1152 3704 Quasi
1205 3634 1446 3705 perfecta
1495 3649 1625 3704 ergo
1671 3631 1893 3702 perfecti
1941 3629 2054 3702 (24)

480 3731 579 3785 visi
611 3747 811 3801 sponsa
836 3725 1088 3801 perfectae
1117 3730 1360 3798 suscepit
1389 3727 1556 3782 verba
1596 3727 1876 3782 doctrinas.

549 3822 793 3878 Primum
841 3839 970 3894 ergo
1017 3820 1290 3876 canticum
1338 3818 1542 3875 cecinit
1582 3817 1690 3870 Deo
1735 3816 1948 3887 Moyses
2003 3822 2058 3867 et

480 3914 576 3969 lilii
608 3913 772 3969 Israel
805 3913 1028 3982 quando
1072 3910 1326 3965 viderunt
1367 3907 1654 3980 Egyptios
1701 3914 1951 3960 mortuos
1987 3905 2053 3958 ad

481 4004 634 4058 littus
661 4003 830 4056 maris
850 4043 866 4069 ,
896 4011 952 4055 et
979 3999 1200 4071 quando
1232 3997 1486 4052 viderunt
1511 4010 1735 4050 manum
1776 3991 1974 4050 fortem
2004 4004 2058 4050 et

480 4098 764 4154 brachium
802 4095 1078 4151 excelsum
1112 4091 1360 4157 Domini,
1392 4097 1445 4145 et
1474 4089 1824 4144 crediderunt
1863 4087 1972 4142 Deo
2004 4098 2059 4144 et

481 4190 684 4246 famulo
729 4189 848 4258 ejus
896 4185 1089 4256 Moysi.
1144 4181 1301 4237 Tune
1347 4188 1708 4236 cantaverunt
1766 4180 2053 4235 dicentes:

478 4284 762 4340 Cantemus
782 4281 1027 4345 Domino,
1033 4277 1257 4349 gloriose
1274 4276 1413 4329 enim
1428 4273 1757 4345 gloriﬁcatus
1773 4280 1848 4325 est
1865 4270 2052 4341 “(25).

480 4374 590 4446 Ego
620 4382 800 4428 autem
838 4372 1073 4426 arbitror
1108 4366 1254 4440 quod
1300 4381 1409 4421 non
1441 4366 1613 4435 possit
1640 4364 1706 4419 ad
1752 4362 1896 4420 istud
1940 4375 2058 4431 per-

479 4467 678 4523 fectum
708 4467 830 4536 quis
857 4473 910 4520 et
934 4462 1223 4534 mysticum
1257 4457 1532 4512 canticum
1563 4456 1868 4526 pervenire,
1900 4464 1955 4510 et
1986 4453 2052 4507 ad

477 4557 637 4613 istam
689 4525 1074 4627 perfectionem
1108 4567 1352 4623 sponsae,
1395 4566 1516 4622 quae
1544 4549 1596 4604 in
1633 4548 1738 4603 hac
1783 4546 2053 4617 scriptura
2087 4525 2132 4579 θ

477 4649 805 4713 continetur,
830 4646 936 4700 nisi
961 4645 1116 4715 prius
1144 4643 1387 4697 ambulet
1420 4657 1516 4713 per
1551 4641 1758 4696 siccum
1791 4638 1845 4691 in
1871 4637 2053 4692 medio

479 4743 652 4809 mari,
683 4751 736 4796 et
769 4743 862 4794 fiat
895 4739 944 4794 ei
984 4753 1125 4809 aqua
1160 4750 1350 4790 murus
1384 4749 1413 4788 a
1443 4733 1662 4788 dextera
1694 4732 1957 4800 laevaque,
1999 4737 2054 4783 et

478 4834 558 4890 sic
586 4833 778 4887 evadat
811 4831 878 4886 de
923 4828 1175 4883 manibus
1226 4823 1636 4896 Egyptiorum;
1669 4821 1743 4875 ita
1777 4827 1839 4874 ut
1874 4817 2056 4873 videat

477 4939 572 4979 eos
602 4931 849 4978 mortuos
877 4919 944 4974 ad
969 4920 1120 4974 littus
1153 4919 1342 4980 maris,
1379 4925 1543 4986 atque
1573 4915 1792 4968 intuens
1824 4923 2047 4965 manum

2172 637 2437 704 Domino,
2465 637 2689 708 gloriose
2725 639 2864 692 enim
2908 639 3236 710 glori/iectus
3291 654 3392 699 est.
3435 644 3543 700 Sed
3587 648 3745 703 istius

2170 728 2442 784 canticum
2475 738 2633 784 canet
2673 731 2797 800 quis
2835 745 2960 785 cum
3004 733 3240 801 primum
3275 735 3536 793 liberatus
3583 737 3748 794 fuerit

2170 835 2202 874 a
2253 820 2511 874 servitute
2568 819 2972 891 Egyptiorum.
3017 821 3150 879 Post
3204 825 3321 880 haec
3381 836 3560 883 autem
3617 843 3742 884 cum

2169 909 2451 990 transierit
2481 926 2577 980 per
2613 912 2727 967 haec
2761 912 2946 967 omnia
2984 930 3107 983 quae
3142 915 3196 969 in
3237 915 3425 973 Exodo
3452 928 3502 974 et
3535 935 3658 990 quae
3688 920 3744 975 in

2170 989 2414 1057 Levitico
2445 1002 2644 1072 scripta
2673 1011 2837 1070 sunt,
2868 1013 2923 1058 et
2953 1007 3158 1061 venerit
3192 1007 3259 1062 ad
3293 1007 3397 1065 hoc
3425 1018 3484 1064 ut
3515 989 3570 1064 in
3600 1011 3744 1065 divi-

2170 1107 2272 1147 nos
2324 1107 2581 1147 numeros
2633 1104 2977 1162 assumatur,
3016 1107 3146 1153 tunc
3193 1098 3389 1154 iterum
3441 1102 3740 1156 secundum

2171 1179 2447 1234 canticum
2481 1191 2668 1249 canet,
2695 1197 2820 1237 cum
2866 1185 3060 1240 exierit
3082 1186 3148 1241 de
3170 1189 3311 1245 valle
3337 1189 3533 1246 Zaretb
3552 1231 3569 1256 ,
3597 1193 3744 1261 quod

2169 1271 2554 1341 interpretatur
2581 1274 2755 1329 aliena
2788 1275 3092 1345 descensio,
3118 1287 3171 1333 et
3191 1283 3400 1337 venerit
3420 1284 3486 1338 ad
3516 1295 3740 1353 puteum

2167 1361 2234 1415 de
2254 1377 2363 1431 quo
2391 1362 2652 1432 scriptum
2678 1374 2761 1420 est
2789 1381 2803 1419 :
2842 1364 2909 1420 Et
2938 1367 3077 1421 dixit
3097 1367 3357 1426 Dominus
3387 1373 3456 1426 ad
3488 1373 3704 1444 Moysen
3723 1390 3743 1426 :

2169 1450 2439 1523 Congrega
2468 1455 2720 1524 populum
2745 1494 2759 1521 ,
2801 1467 2850 1512 et
2884 1458 3024 1512 dabo
3049 1461 3124 1513 eis
3157 1477 3348 1532 aquam
3383 1463 3448 1518 de
3472 1475 3627 1534 puteo
3659 1467 3743 1520 bi-

2168 1543 2285 1597 bere
2301 1545 2365 1598 ⁸³.
2403 1543 2482 1600 lbi
2513 1547 2656 1601 enim
2709 1549 2953 1604 cantabit
2982 1558 3035 1606 et
3063 1551 3205 1608 dicet
3235 1569 3251 1606 :
3288 1553 3507 1610 Initiate
3551 1557 3600 1610 ei
3643 1573 3745 1626 pu-

2170 1647 2328 1691 teum.
2354 1636 2632 1692 Foderunt,
2656 1638 2808 1692 illum
2837 1641 3098 1711 principes
3119 1680 3134 1707 ,
3165 1646 3486 1700 excuderunt
3511 1662 3632 1702 eum
3663 1664 3744 1702 re-

2167 1742 2251 1796 ges
2279 1727 2511 1795 gentium
2542 1729 2596 1780 in
2622 1744 2777 1798 regno
2815 1745 2909 1784 suo
2941 1746 3059 1784 cum
3107 1732 3448 1789 dominantur
3477 1737 3736 1791 eorum“.

2170 1817 2274 1872 Sed
2305 1818 2373 1872 de
2402 1817 2488 1873 bis
2514 1819 2730 1888 plenius
2754 1820 2808 1874 in
2833 1819 3197 1880 Numerorum
3237 1827 3377 1883 libro
3401 1870 3416 1895 ,
3442 1829 3742 1885 secundum

2167 1909 2313 1978 quod
2363 1907 2511 1964 dedit
2579 1909 2738 1966 nobis
2789 1909 3087 1980 Dominus,
3126 1916 3331 1972 dictum
3368 1927 3470 1975 est.
3521 1919 3746 1990 Oportet

2167 1999 2335 2070 igitur
2359 1999 2546 2055 venire
2578 1999 2645 2054 ad
2676 2011 2895 2070 puteum
2918 2043 2933 2070 ,
2979 2004 3074 2075 qui
3120 2021 3151 2061 a
3195 2007 3533 2079 principibus
3560 2009 3744 2068 fossus

2165 2103 2276 2156 est,
2325 2100 2378 2146 et
2427 2105 2459 2148 a
2502 2093 2722 2163 regibus
2755 2109 2994 2151 excusus
3017 2106 3133 2162 est,
3165 2099 3221 2153 in
3258 2116 3367 2170 quo
3391 2115 3555 2172 opere
3581 2117 3744 2158 nemo

2167 2181 2409 2250 plebeius
2439 2193 2716 2252 operatur,
2748 2186 2845 2240 sed
2873 2201 3065 2244 omnes
3089 2188 3200 2261 34
3225 2191 3522 2262 principes,
3549 2207 3743 2250 omnes

2165 2265 2320 2341 reges
2342 2314 2356 2338 ,
2410 2274 2622 2346 regales
2651 2276 2858 2331 scilicet
2889 2285 2943 2333 et
2987 2280 3315 2351 principales
3348 2282 3547 2338 anima:
3569 2322 3586 2348 ,
3620 2299 3744 2354 qua:

2165 2361 2505 2419 altitudinem
2555 2366 2706 2436 putei
2755 2382 2953 2438 aquam
2983 2370 3163 2425 vivam
3196 2371 3524 2430 continentis
3557 2373 3743 2444 inqui-

2166 2463 2313 2508 runt.
2353 2454 2481 2511 Post
2510 2455 2642 2512 illud
2677 2462 2952 2515 canticum
2983 2462 3200 2516 venitur
3229 2463 3295 2518 ad
3336 2462 3742 2520 Deuteronomii

2165 2545 2470 2611 canticum,
2499 2546 2567 2601 de
2601 2563 2712 2617 quo
2746 2549 2878 2604 dicit
2923 2547 3230 2606 Dominus:
3266 2549 3336 2604 Et
3362 2567 3499 2606 nunc
3530 2553 3744 2608 scribite

2169 2635 2308 2689 vobis
2331 2637 2486 2690 verba
2511 2638 2705 2691 cantici
2735 2637 2914 2707 hujus,
2938 2649 2989 2692 et
3013 2640 3194 2695 docete
3213 2641 3348 2695 illud
3373 2641 3515 2710 ﬁlios
3543 2641 3742 2710 Israel,

2167 2737 2214 2782 et
2254 2727 2458 2797 injicite
2497 2727 2638 2781 illud
2679 2729 2732 2782 in
2767 2744 2823 2782 os
2858 2744 3070 2796 eorum,
3102 2739 3159 2786 ut
3188 2730 3284 2799 ﬁat
3315 2730 3447 2785 mihi
3473 2731 3742 2786 canticum

2165 2818 2308 2872 istud
2353 2818 2424 2871 ad
2472 2817 2834 2871 testimonium
2887 2806 2941 2871 in
2993 2818 3124 2887 ﬁliis
3172 2817 3424 2875 Israel“.
3490 2818 3560 2876 Et
3617 2823 3744 2879 vide

2165 2919 2432 2980 quantum
2463 2919 2518 2965 et
2541 2910 2705 2979 quale
2730 2909 2802 2965 sit
2823 2910 3098 2988 canticum
3126 2911 3272 2968 istud
3301 2913 3388 2970 cui
3419 2912 3486 2970 ad
3511 2915 3744 2971 audien-

2165 3000 2294 3054 dum
2334 3006 2478 3054 terra
2513 3015 2619 3053 non
2653 2998 2888 3065 sullicit,
2925 3001 3018 3057 sed
3049 3013 3389 3060 convocatur
3431 3012 3486 3066 et
3515 3007 3738 3064 coelum.

2163 3093 2255 3146 Ait
2305 3091 2449 3146 enim
2477 3109 2491 3145 :
2522 3090 2746 3145 Attende
2791 3093 2977 3147 ctelum
3021 3108 3141 3164 quae
3188 3093 3406 3165 loquar,
3457 3108 3508 3154 es
3551 3100 3740 3153 audiat

2089 3203 2131 3262 α
2166 3191 2307 3237 terra
2337 3183 2492 3236 verba
2537 3197 2602 3236 ex
2640 3197 2728 3236 ore
2773 3199 2885 3237 meo
2901 3182 2971 3238 °'.
3009 3181 3143 3239 Vide
3167 3199 3331 3255 quam
3363 3202 3560 3257 magna
3595 3189 3738 3255 sint,

2162 3285 2325 3344 quam
2393 3272 2630 3343 ingentia
2685 3287 2808 3342 qua
2859 3274 3138 3329 dicuntur.
3211 3273 3578 3346 Exspectatur,
3631 3279 3736 3344 sit.

2158 3367 2295 3420 sicut
2336 3365 2512 3435 pluvia
2543 3363 2805 3435 eloquium
2845 3380 3017 3419 meum
3037 3405 3051 3430 ,
3083 3373 3134 3420 et
3165 3365 3446 3423 descendat
3479 3370 3618 3424 siem
3651 3385 3741 3428 ros

2159 3469 2315 3521 super
2341 3469 2577 3523 gramen,
2603 3462 2653 3506 et
2680 3454 2817 3508 sicut
2849 3453 2944 3506 nix
2975 3469 3130 3522 super
3156 3455 3375 3524 frenum,
3398 3459 3527 3528 quia
3550 3475 3736 3515 nomen

2137 3542 2378 3598 Domini
2421 3540 2744 3606 invocavi“,
2789 3548 2843 3594 et
2873 3542 3100 3612 reliqua.
3151 3541 3419 3609 Quartum
3461 3547 3733 3604 canticum

2159 3643 2242 3689 est
2297 3633 2351 3687 in
2398 3633 2536 3687 libro
2585 3631 2873 3698 Judicum,
2925 3633 2992 3688 de
3037 3649 3148 3704 quo
3194 3636 3457 3706 scriptum
3495 3646 3616 3694 est:
3665 3638 3738 3694 Et

2160 3726 2390 3779 cantavit
2433 3725 2676 3778 Debbora
2722 3735 2773 3779 et
2820 3724 3032 3778 Βαναεή
3066 3725 3211 3795 ﬁlius
3254 3726 3507 3783 Abinoem
3549 3731 3603 3783 in
3646 3732 3734 3785 die

2159 3814 2258 3868 illa
2296 3815 2526 3866 dicentes
2573 3827 2590 3865 :
2633 3811 2940 3881 Incipiendo
2983 3814 3301 3883 principales
3346 3817 3400 3869 in
3457 3815 3632 3873 Israel
3676 3820 3734 3874 in

2159 3904 2424 3974 proposito
2450 3901 2632 3972 populi
2661 3900 2948 3956 benedicite
2990 3902 3291 3958 Dominum.
3320 3904 3536 3975 Audite,
3569 3925 3736 3979 reges,

2160 3997 2378 4051 auribus
2422 3994 2670 4064 percipite
2688 3993 2755 4057 ",
2780 4001 2834 4048 et
2866 3993 3095 4065 reliqua.
3122 3995 3248 4052 Hzec
3277 4004 3458 4053 autem
3489 4015 3613 4069 quae
3641 4015 3736 4055 ca-

2161 4086 2241 4141 nit
2269 4086 2388 4156 apis
2413 4099 2536 4140 esse
2560 4083 2740 4150 debet,
2772 4083 2930 4152 cujus
2962 4099 3100 4154 opus
3127 4085 3232 4140 tale
3257 4097 3360 4152 est,
3387 4097 3448 4142 ut
3475 4102 3542 4145 eo
3576 4105 3732 4160 reges

2157 4185 2212 4232 et
2247 4177 2558 4232 mediocres
2584 4183 2808 4230 utantur
2842 4175 2908 4229 ad
2946 4176 3252 4232 sanitatem.
3294 4176 3543 4235 Debbora
3580 4195 3734 4237 nauta

2157 4282 2264 4340 que
2315 4267 2433 4336 apis
2477 4267 2866 4336 interpretatur
2909 4280 3032 4334 quae
3082 4267 3225 4322 istud
3249 4268 3521 4324 canticum
3545 4271 3730 4336 canit,

2159 4361 2252 4416 sed
2292 4368 2345 4414 et
2379 4357 2588 4412 Barach
2625 4369 2747 4412 cum
2789 4356 2907 4424 ipsa
2937 4372 2950 4408 :
2987 4355 3373 4426 interpretatur
3396 4368 3582 4415 autem
3625 4359 3733 4416 Ba:

2159 4451 2288 4506 racli
2334 4447 2662 4505 coruscatio.
2713 4445 2780 4501 Et
2821 4448 3041 4503 canitur
3096 4447 3242 4503 istud
3291 4450 3563 4506 canticum
3608 4460 3735 4522 post

2158 4541 2440 4598 victoriam
2467 4579 2482 4606 ,
2523 4539 2652 4609 quia
2683 4553 2783 4593 nec
2811 4547 2938 4593 ante
2964 4537 3090 4607 quis
3118 4543 3296 4608 potest
3329 4554 3453 4608 qua:
3491 4540 3732 4610 perfecta

2158 4639 2288 4689 sunt
2314 4645 2512 4686 canere
2531 4669 2546 4695 ,
2575 4629 2681 4684 nisi
2711 4629 2803 4684 ubi
2835 4629 3180 4685 adversarios
3211 4630 3418 4685 vicerit.
3451 4630 3544 4687 Sic
3570 4631 3729 4687 deui-

2157 4739 2264 4796 que
2310 4731 2364 4778 et
2403 4722 2458 4777 in
2504 4721 2625 4791 ipso
2667 4721 2880 4777 cantico
2908 4721 3110 4776 dicitur
3141 4737 3155 4774 :
3193 4721 3454 4793 Exsurge,
3488 4739 3730 4796 exsurge,

2159 4811 2438 4877 Debbora,
2489 4808 2757 4863 exsuscita
2815 4807 2990 4863 millia
3035 4811 3238 4880 populi.
3311 4810 3584 4882 Exsurge,
3638 4829 3731 4867 ea:-

2159 4919 2334 4974 surge,
2377 4916 2506 4955 cane
2531 4901 2794 4954 canticum
2815 4943 2830 4968 ,
2862 4915 3104 4972 exsurge,
3130 4901 3339 4956 Βαναεὴ
3354 4902 3418 4956 ⁸³.
3447 4901 3648 4958 Verum
3675 4914 3730 4959 et

479 5015 674 5070 fortem
717 5013 966 5078 Domini,
1016 5010 1145 5082 quia
1194 5007 1463 5063 interfecit
1505 5005 1822 5076 Egyptios,
1866 5002 2055 5058 credat
2154 4997 2222 5052 de
2265 4996 2352 5050 his
2382 4993 2598 5064 plenius
2641 4992 2697 5047 in
2733 4993 2842 5049 illis
2887 4993 3250 5048 oratiunculis
3281 5010 3420 5064 quas
3449 4994 3518 5049 de
3545 4994 3728 5049 libello

477 5106 710 5162 Domino
757 5113 812 5159 ct
854 5103 1060 5158 famulo
1094 5101 1211 5172 ejus
1249 5099 1441 5170 Moysi.
1485 5096 1656 5168 Moysi
1699 5102 1882 5149 autem
1930 5091 2052 5148 dico
2153 5085 2408 5142 Iudicum
2443 5083 2737 5147 edidimus,
2765 5082 2998 5139 disserta
3023 5085 3281 5153 reperies.
3306 5083 3569 5150 Quintum
3605 5094 3730 5154 post

419 5179 422 5182 ’
477 5199 581 5270 legi
611 5211 776 5268 atque
802 5194 1129 5266 Evangeliis,
1162 5192 1526 5260 omnibusque
1564 5187 1765 5242 divinis
1785 5184 2051 5254 'Scriptu-
2154 5180 2270 5234 haec
2303 5175 2578 5234 canticum
2605 5183 2688 5230 est
2713 5173 2768 5228 in
2802 5173 3044 5230 secundo
3071 5173 3214 5230 libro
3243 5173 3576 5244 Regnorum,
3601 5189 3726 5228 cum

549 5405 592 5436 "
635 5402 806 5458 Exod.
843 5417 972 5466 xxx,
1006 5397 1094 5452 29.
1170 5397 1216 5428 ⁵⁸
1250 5395 1408 5449 Rom.
1439 5409 1548 5447 va.
1625 5393 1670 5424 ⁸9
1709 5389 1827 5445 Gal.
1862 5405 1944 5454 Ill,
1972 5387 2059 5442 19.

568 5475 673 5512 inm
733 5474 828 5512 47,
881 5470 950 5512 tit
1077 5467 1122 5499 σι
1155 5465 1309 5512 Dant.
1345 5479 1510 5512 xxxi.
1545 5463 1627 5512 19.
1723 5461 1767 5492 ⁵⁸
1809 5459 1965 5512 Deut.
2003 5472 2062 5510 xx

2162 5384 2183 5414 °
2222 5381 2378 5436 Cant.
2405 5394 2444 5442 ι,
2474 5378 2529 5432 2.

2162 5494 2175 5512 ,
2212 5454 2260 5505 l.
2339 5451 2387 5482 “
2411 5448 2523 5502 ibid

1951 5498 1965 5511 θ
2003 5489 2175 5520 ΔᾹᾹΙΙ,
2215 5489 2260 5505 Ι.

483 5473 528 5504 ⁸³
567 5475 696 5528 ibid.
733 5474 834 5537 17,
881 5463 970 5525 18.
1077 5467 1122 5499 ⁸⁸
1150 5465 1309 5520 Deut.
1345 5479 1510 5528 xxxi,
1545 5463 1627 5518 l9.

553 5591 663 5661 (22)
703 5591 866 5661 Mss._,
897 5583 1536 5661 tractatibus._lmpressi,_
1565 5579 1945 5661 tractantibus:-

706 5659 764 5714 ln
814 5649 968 5735 libris
1013 5657 1296 5735 impressis
1319 5649 1463 5735 “post
1502 5651 1791 5735 decantari
1824 5649 2043 5735 addit-ur

479 5725 706 5856 aidetu'r,
738 5730 883 5800 quod
909 5731 1062 5784 abest
1089 5725 1157 5782 ab
1187 5725 1439 5781 omnibus
1475 5735 1607 5778 mss.
1645 5729 1829 5788 utpote
1854 5730 2046 5786 super-

521 5816 667 5856 uum.

2147 5657 2268 5710 ενςο
2290 5649 2341 5710 ει

2632 5375 2677 5407 ⁸¹
2718 5373 2889 5430 Exod.
2928 5392 3020 5441 xv,
3049 5375 3100 5430 Ι.
3209 5375 3254 5408 ⁸³
3293 5373 3453 5429 Num.
3485 5391 3600 5439 xxi,
3634 5375 3718 5440 16.

2339 5451 2387 5482 ⁸⁸
2411 5448 2546 5502 ibid.
2573 5445 2629 5501 2.
2702 5446 2750 5476 ⁸⁷
2780 5445 2905 5500 Jud.
2930 5461 2984 5510 ν,
3018 5445 3072 5512 1,
3095 5444 3151 5512 2,
3183 5446 3236 5500 5.
3315 5445 3363 5478 ⁸⁸
3399 5445 3530 5500 ibid.
3565 5446 3654 5501 12.

2225 5571 2336 5638 (24)
2378 5567 2681 5648 Sic_mss.;
2716 5564 2841 5619 libri
2879 5580 3006 5620 vero
3038 5563 3200 5632 editi,
3234 5579 3352 5634 qua:
3385 5565 3432 5618 si
3467 5566 3724 5635 perfecta,

2225 5657 2268 5704 io
2290 5649 2341 5692 et
2369 5638 2605 5707 perfecti.

2225 5709 2337 5778 (25)
2378 5707 2519 5778 Mss.
2544 5706 2661 5778 _boc
2698 5704 2817 5760 loco
2850 5714 2904 5758 et
2948 5702 3123 5771 inira,
3173 5702 3522 5771 gloriﬁcatur.
3565 5703 3722 5759 Libb.

2153 5776 2308 5843 editi,
2321 5776 2734 5844 bonoriﬁratus.
