4134 6434
419 362 484 417 79
1467 359 1786 414 OIlIGENIS
1821 360 1884 412 IN
1926 358 2283 415 CANTICUII
2324 358 2596 415 CANTIC.
3591 360 3659 412 80

410 476 630 531 locutus
661 485 745 530 est
775 474 941 530 David
968 475 1033 529 ad
1083 474 1370 529 Dominmn
1403 475 1568 528 verba
1599 476 1797 528 cantici
1826 475 1987 542 hujus
2023 480 2059 534 Α
2096 475 2147 526 in
2193 475 2276 529 his
2321 477 2496 530 tribus
2544 475 2740 531 libellis
2780 477 3039 530 voluntati
3081 475 3318 543 Spiritus
3355 473 3559 529 sancti.
3604 475 3658 526 εἰ

415 569 472 623 in
499 571 586 624 die
609 585 713 638 qua
745 569 994 623 liberavit
1015 583 1138 622 eum
1176 565 1436 619 Dominus
1461 565 1525 619 de
1553 582 1714 619 manu
1741 567 1984 619 omnium

415 661 762 714 inimicorum
807 675 1028 713 suorum
1053 701 1069 726 ,
1104 667 1156 710 et
1185 656 1251 710 de
1306 671 1472 709 manu
1509 655 1676 721 Saul,
1713 667 1766 711 et
1797 655 1934 709 dixit
1971 675 1984 709 :

417 750 671 802 Dominus
696 749 822 800 mihi
851 757 1002 815 petra
1031 756 1079 798 et
1110 747 1330 798 mimitio
1357 762 1491 810 mea,
1517 746 1768 800 liberator
1804 746 1987 800 Domi-

413 856 533 905 nus,
558 839 700 892 Dens
727 854 866 891 meus
892 847 1071 890 custos
1103 837 1202 889 erit
1245 836 1374 889 mihi
1397 837 1462 890 ⁵⁸.
1492 837 1547 890 Si
1577 853 1706 908 ergo
1735 847 1788 891 et
1821 848 1873 891 tu
1901 853 1996 906 p0-

415 933 581 986 tueris
611 930 962 987 considerare
985 928 1077 997 qui
1108 937 1237 982 sunt
1289 928 1494 982 inimici
1531 926 1698 981 David
1720 967 1734 990 ,
1771 943 1910 997 quos
1935 929 1988 981 in

415 1025 590 1094 primo
623 1033 679 1078 et
715 1021 954 1076 secundo
986 1018 1300 1089 Regnorum
1347 1020 1486 1075 libro
1511 1029 1731 1089 superat
1770 1037 1833 1074 ac
1863 1036 1989 1089 pro-

412 1119 640 1178 sternit,
687 1124 736 1168 et
777 1111 1054 1181 quomodo
1107 1112 1308 1182 dignus
1346 1111 1523 1167 factus
1565 1121 1651 1165 est
1683 1122 1741 1165 ut
1773 1110 1988 1164 Domini

411 1206 738 1274 adiutorium
791 1214 1096 1258 mereretur
1125 1211 1180 1258 et
1217 1202 1540 1258 liberaretur
1567 1203 1636 1256 ab
1675 1202 1988 1272 hujusmodi

413 1297 691 1350 inimicis:
723 1306 852 1350 tunc
887 1298 1091 1363 poteris
1133 1304 1187 1349 et
1225 1305 1280 1348 tu
1334 1295 1584 1364 quintum
1633 1294 1775 1347 istud
1818 1294 1991 1348 canti-

411 1402 536 1440 cum
567 1403 793 1441 canere.
829 1385 1056 1440 Sestum
1091 1395 1173 1439 est
1201 1388 1473 1440 canticum
1525 1385 1576 1438 in
1617 1386 1789 1454 primo
1819 1383 1984 1439 Para-

413 1481 725 1550 lipomenon
752 1480 920 1542 libro,
965 1479 1054 1532 ubi
1111 1478 1398 1532 constituit
1432 1476 1597 1530 David
1631 1477 1683 1529 in
1721 1476 1989 1544 principio

414 1572 482 1625 ad
513 1571 843 1625 laudandum
874 1569 1163 1624 Do:ninum
1207 1569 1411 1637 Asaph,
1443 1577 1496 1622 et
1528 1568 1721 1622 fratres
1744 1569 1863 1637 ejus
1887 1608 1902 1632 ,
1937 1575 1991 1620 et

413 1669 499 1716 est
536 1661 753 1715 initium
793 1662 989 1716 cantici
1037 1662 1194 1715 istius
1227 1660 1334 1713 tale
1365 1675 1379 1710 :
1416 1658 1656 1712 Laudate
1705 1657 1989 1711 Dominum

412 1760 464 1805 et
495 1751 850 1820 confitemini,
885 1763 936 1804 et
969 1752 1204 1804 invocate
1235 1767 1350 1804 eum
1398 1751 1450 1802 in
1491 1751 1698 1804 nomine
1727 1749 1878 1814 eius,
1902 1766 1991 1802 no-

2093 565 2404 621 I‘roverhiis
2457 568 2675 636 quidem
2725 567 2939 622 dicatur
2987 567 3246 621 Salomon
3293 565 3440 620 ﬁlius
3493 563 3661 617 David

2091 659 2184 727 qui
2236 658 2482 727 regnavit
2526 660 2580 712 in
2623 657 2877 725 Israel";
2929 663 2983 713 in
3031 659 3272 713 secundo
3306 673 3435 712 vero
3479 656 3660 711 libello

2092 765 2199 803 non
2235 748 2491 803 Salomon
2540 749 2828 816 scribitur,
2878 751 2969 805 sed
3001 751 3183 812 verba,
3230 751 3438 819 inquit,
3479 747 3661 800 Eccle-

2091 840 2270 894 siastes
2299 839 2399 908 ﬁlii
2433 838 2600 892 David
2626 842 2761 910 regis
2793 839 2963 894 Israel
2988 842 3041 892 in
3083 838 3381 893 Jerusalem
3403 837 3480 903 ";
3508 846 3562 890 et
3594 839 3658 889 li-

2094 932 2226 985 lium
2257 929 2473 999 quidem
2502 945 2560 984 se
2585 945 2706 985 esse
2740 929 2907 985 David
2929 969 2945 996 ,
2977 931 3230 985 similiter
3263 940 3321 984 ut
3373 931 3426 982 in
3461 929 3658 997 prium,

2091 1033 2145 1078 et
2169 1038 2348 1092 regem
2383 1021 2549 1076 Israel
2573 1021 2785 1088 scribit,
2819 1023 2910 1076 sed
2947 1022 3018 1076 ibi
3046 1022 3350 1092 proverbia,
3379 1020 3468 1073 hic
3499 1020 3661 1073 verba

2093 1115 2278 1184 ponit;
2317 1124 2370 1169 et
2404 1115 2644 1184 seipsum
2673 1131 2834 1185 quem
2865 1115 2935 1169 ibi
2969 1115 3340 1174 Salomonem,
3366 1112 3452 1165 hic
3476 1110 3664 1164 Eccle-

2092 1205 2295 1260 siasten
2335 1205 2600 1260 nominat.
2641 1205 2702 1260 Et
2731 1223 2856 1260 cum
2898 1207 2969 1260 ibi
3001 1213 3214 1274 gentem
3268 1203 3438 1258 solam
3469 1201 3525 1257 in
3553 1216 3663 1270 qua

2091 1305 2411 1365 regnaverat
2443 1296 2737 1365 posuisset,
2758 1297 2846 1351 hic
2871 1305 2923 1350 et
2947 1303 3160 1365 gentem
3185 1295 3388 1364 posuit,
3407 1302 3461 1346 et
3483 1293 3662 1345 locum

2093 1387 2244 1456 regni
2285 1383 2586 1443 Jerusalem
2636 1389 2906 1459 designat.
2951 1385 3010 1440 In
3051 1386 3279 1441 Cantico
3321 1386 3662 1441 canticorum

2092 1492 2222 1532 vero
2273 1493 2448 1548 neque
2493 1478 2672 1550 gentis
2720 1496 2956 1545 nomen,
3003 1493 3177 1549 neque
3218 1478 3394 1531 locum
3453 1477 3505 1530 in
3555 1489 3667 1541 quo

2094 1578 2315 1638 regnet,
2369 1585 2546 1639 neque
2578 1570 2804 1624 omnino
2832 1570 2974 1639 quod
3025 1584 3116 1622 rex
3157 1568 3261 1630 sit,
3312 1565 3666 1635 nequequod

2094 1670 2303 1730 patrem
2365 1661 2530 1716 David
2598 1662 2792 1715 habeat
2857 1662 3081 1723 scribit,
3137 1663 3228 1715 sed
3290 1659 3669 1713 tantummodo

2097 1752 2399 1818 Canticum,
2429 1752 2524 1816 ait,
2552 1752 2876 1804 canticorum
2902 1752 3041 1820 quod
3072 1751 3273 1813 est-ipsi
3310 1747 3666 1803 Salomoni".

416 1852 499 1895 tas
541 1843 705 1910 facile
737 1842 791 1894 in
818 1843 1026 1910 populis
1068 1842 1355 1895 voluntates
1403 1842 1515 1910 ejus
1537 1883 1553 1906 ,
1595 1842 1769 1894 canite
1805 1842 1853 1894 ei
1875 1879 1892 1904 ,
1936 1851 1986 1894 et
2018 1837 2060 1892 Β
2091 1842 2156 1898 Et
2183 1845 2436 1914 quamvis
2467 1843 2682 1899 dicile
2709 1842 2841 1896 mihi
2874 1843 3124 1896 videatur
3144 1883 3158 1906 ,
3191 1849 3280 1895 aut
3311 1841 3667 1910 perscrutari,

411 1931 662 2001 Ityinnum
706 1933 895 1994 dicite,
941 1943 1158 1985 narrate
1198 1949 1375 1986 omnes
1431 1933 1826 1986 adinventiones
1874 1930 1988 2000 ejus

411 2039 542 2094 quas
590 2023 710 2092 fecit
753 2021 1120 2088 Dominus",
1166 2033 1270 2076 etc.
1320 2022 1615 2077 Sciendum
1675 2032 1856 2077 tamen
1909 2031 1994 2078 est

412 2115 560 2182 quod
586 2114 857 2168 canticum
884 2115 1101 2183 quidem
1127 2111 1272 2183 quod
1299 2124 1385 2168 est
1415 2115 1468 2167 in
1499 2114 1738 2170 secundo
1772 2112 1992 2182 Regno-

417 2218 537 2256 rum
566 2203 738 2270 libro,
775 2203 926 2257 valde
965 2204 1144 2258 simile
1183 2213 1265 2258 est
1309 2205 1521 2272 psalmo
1553 2221 1682 2258 xvn.
1711 2203 1864 2270 Quod
1900 2220 1996 2258 au-

417 2303 522 2348 tem
571 2304 655 2349 est
705 2297 756 2349 in
808 2296 983 2365 primo
1041 2295 1181 2349 libro
1224 2295 1677 2365 Paralipomenon
1723 2297 1778 2350 in
1827 2297 1994 2350 initiis

416 2385 636 2455 quidem
670 2402 840 2456 usque
868 2388 935 2441 ad
967 2403 1091 2442 eum
1122 2388 1302 2442 locum
1335 2388 1426 2441 ubi
1475 2388 1648 2441 dicit:
1685 2387 1752 2441 Et
1787 2391 1837 2442 in
1869 2407 1994 2458 pro-

417 2477 581 2542 phetis
632 2477 790 2530 nol.te
848 2477 1133 2548 malignari
1163 2519 1180 2543 ,
1240 2479 1418 2532 simile
1476 2488 1561 2532 est
1617 2494 1704 2533 etv
1755 2483 1988 2550 psalmo.

415 2567 722 2622 Posteriora
753 2584 881 2623 vero
909 2570 978 2625 ab
1022 2570 1127 2625 hoc
1168 2569 1288 2624 loco
1346 2569 1751 2626 similitudinem
1798 2583 1995 2643 gerunt

415 2657 714 2728 primarum
748 2661 985 2730 partium
1020 2676 1121 2716 xcv
1171 2661 1343 2731 psal.,
1379 2661 1469 2715 ubi
1496 2662 1734 2718 dicitur:
1769 2663 1994 2719 Cantate

417 2748 665 2815 Domino,
697 2752 867 2804 omnis
894 2760 1059 2817 terra,
1085 2766 1256 2820 usque
1290 2753 1358 2806 ad
1383 2768 1507 2806 eum
1542 2754 1722 2808 locum
1755 2756 1844 2808 ubi
1875 2757 1951 2809 ait
1977 2773 1991 2809 :

419 2837 560 2903 Quia
596 2842 731 2895 venit
755 2841 1006 2911 judicare
1039 2851 1255 2895 terram.
1290 2841 1458 2911 Igitur
1487 2843 1534 2899 si
1578 2845 1633 2897 in
1660 2845 1744 2900 his
1774 2847 1992 2899 conclu-

418 2931 630 2987 dendus
675 2942 760 2987 est
807 2949 1071 2989 numerus
1119 2933 1487 3000 canticorum,
1523 2935 1752 3004 septimo
1787 2937 1840 2989 in
1876 2937 1998 2992 loco

415 3024 700 3094 ponendus
739 3026 1008 3080 videbitur
1050 3026 1185 3080 liber
1233 3027 1321 3081 hic.
1370 3027 1582 3082 Cantici
1633 3028 1994 3082 canticorum.

421 3114 478 3167 Si
512 3114 636 3182 quis
664 3130 792 3168 vero
837 3115 1000 3170 etiam
1040 3114 1196 3168 Isaia:
1225 3115 1497 3168 canticum
1522 3115 1565 3145 "'
1621 3129 1742 3168 cum
1787 3114 1998 3169 cretei-is

2093 1943 2187 1989 aut
2234 1935 2540 2005 pertingere
2585 1949 2746 2003 posse
2789 1937 2987 1987 horum
3029 1933 3392 1995 diﬂerentias,
3440 1941 3536 1986 aut
3581 1943 3665 1984 ut~

2092 2042 2307 2096 cunque
2359 2025 2708 2095 investigatas
2748 2024 2927 2094 palam
2968 2024 3253 2093 proferre,
3301 2033 3354 2077 et
3404 2023 3670 2077 chartulis

2092 2118 2312 2172 credere
2357 2134 2371 2170 :
2421 2126 2600 2170 tamen
2653 2115 2706 2168 in
2761 2124 3026 2183 quantum
3080 2128 3278 2183 capere
3324 2114 3408 2168 vel
3473 2130 3671 2167 sensus

2093 2219 2278 2266 noster
2303 2251 2318 2275 ,
2350 2209 2432 2263 Vcl
2463 2209 2683 2262 auditus
2725 2208 3018 2275 legentium
3054 2216 3229 2276 potest
3249 2247 3262 2268 ,
3321 2207 3508 2276 paucis
3539 2222 3669 2274 ape-

2093 2302 2202 2356 rire
2248 2299 2601 2354 tentabimus.
2661 2295 2719 2350 In
2765 2297 3015 2365 plurimis
3065 2297 3412 2353 Salomonem
3464 2299 3670 2351 Christi

2093 2390 2199 2462 35
2232 2401 2414 2462 typum
2447 2389 2607 2454 l’erre,
2644 2388 2726 2441 vel
2762 2389 3062 2442 secundum
3101 2390 3245 2458 qnod
3287 2390 3541 2458 paciﬁcus
3584 2392 3666 2442 di-

2097 2486 2263 2549 citur,
2301 2483 2383 2536 vel
2411 2482 2710 2536 secundum
2741 2479 2844 2534 hoc
2873 2482 3020 2550 quod
3055 2481 3235 2550 regina
3266 2483 3434 2535 austri
3463 2481 3605 2534 venit
3639 2499 3669 2534 υ

2095 2575 2292 2629 finibus
2316 2582 2468 2628 terra:
2491 2574 2680 2627 audire
2704 2574 3020 2642 sapientiam
3054 2572 3383 2637 Salomonis,
3410 2589 3514 2626 non
3541 2587 3670 2642 pum

2096 2667 2472 2721 dubitandum.
2515 2665 2611 2720 lIic
2639 2681 2769 2734 ergo
2799 2676 2853 2719 ct
2882 2665 3182 2719 secundum
3211 2666 3355 2734 quod
3389 2666 3530 2718 [ilius
3569 2665 3667 2718 Da-

2097 2759 2181 2812 vid
2213 2760 2432 2822 dicitur,
2466 2765 2652 2826 regnat
2678 2757 2730 2809 in
2762 2755 2946 2822 Israel,
2975 2767 3029 2811 et
3059 2757 3360 2811 secundum
3393 2757 3535 2825 quo.l
3575 2774 3658 2808 su-

2098 2863 2194 2917 pra
2223 2862 2318 2901 cos
2346 2863 2498 2916 reges
2541 2862 2638 2914 pro
2691 2847 2892 2915 quibus
2936 2847 3049 2916 ipse
3086 2863 3179 2901 rex
3223 2863 3407 2916 regum
3449 2848 3670 2908 dicitur,

2099 2946 2308 3007 regnat.
2358 2936 2418 2989 Et
2453 2951 2642 2990 rursus
2679 2951 2842 2991 verus
2893 2935 3250 2991 Ecclesiastes
3281 2938 3394 3004 ipse
3424 2946 3542 3001 est,
3581 2953 3671 3004 qui

2100 3046 2214 3082 cum
2247 3031 2300 3082 in
2342 3029 2513 3096 forma
2543 3027 2635 3080 Dei
2668 3039 2821 3091 esset,
2858 3029 3193 3100 semetipsum
3227 3027 3515 3080 exiuanivit
3563 3027 3671 3091 [or-

2101 3136 2240 3172 mam
2263 3119 2396 3173 servi
2433 3120 2693 3186 accipiens
2718 3119 2784 3181 ⁷⁸,
2815 3128 2873 3172 ut
2893 3126 3248 3187 congregaret
3278 3116 3574 3170 Ecclesium
3600 3128 3616 3176 ;
3645 3130 3676 3166 a

421 3206 818 3261 numerandum
851 3215 1042 3274 putet,
1101 3206 1225 3260 licet
1256 3221 1363 3259 non
1396 3205 1553 3260 valde
1585 3207 1880 3260 convenire
1915 3205 1997 3259 vi-
2026 3182 2070 3241 δ
2102 3209 2482 3280 congregando
2514 3209 2659 3262 enim
2691 3208 2986 3262 Ecclesiam
3031 3207 3391 3261 Ecclesiastes
3433 3205 3673 3274 appella-

417 3296 633 3361 deatur,
695 3306 754 3351 ut
809 3297 1154 3366 praecessisse
1221 3304 1437 3364 putetur
1486 3294 1638 3350 Isaiae
1684 3296 1997 3359 canticum,

419 3388 566 3458 quod
597 3389 756 3458 longe
777 3387 1174 3458 posterioribus
1201 3387 1538 3455 temporibus
1567 3385 1735 3441 Isaias
1764 3386 2000 3455 scripse-

421 3479 492 3534 rit
520 3497 534 3533 :
568 3487 747 3533 tamen
778 3479 826 3533 si
855 3479 980 3547 quis
1015 3485 1166 3547 putet
1190 3478 1336 3546 quod
1372 3477 1686 3546 prophetica
1717 3477 1860 3531 dicta
1891 3492 2001 3531 non

418 3571 792 3642 temporibus,
841 3570 936 3624 sed
970 3570 1181 3623 ratione
1237 3567 1515 3638 pensanda
1547 3567 1698 3632 sint,
1747 3568 2003 3638 adiunget

417 3665 582 3719 etiam
617 3663 747 3717 illud
781 3662 1092 3725 canticum;
1126 3671 1180 3714 et
1208 3661 1350 3714 dicet
1392 3659 1498 3713 hoc
1545 3659 1689 3728 quod
1742 3657 2001 3713 Salomon

416 3755 618 3813 cecinit
671 3753 958 3808 Canticum
988 3766 1111 3806 esse
1143 3751 1480 3805 canticorum
1517 3765 1626 3805 non
1659 3761 1870 3804 tantum
1908 3765 2000 3804 eo-

419 3863 541 3902 rum
567 3861 690 3916 quae
718 3845 871 3914 prius
892 3881 905 3906 ,
944 3843 1037 3898 sed
1064 3851 1118 3897 et
1143 3857 1332 3896 eorum
1362 3857 1485 3911 qua:
1514 3843 1861 3911 postmodum
1899 3857 1994 3897 ca-

421 3939 597 3994 nenda
627 3938 969 3990 videbantur.
999 3932 1055 3987 Si
1087 3934 1210 4002 quis
1235 3949 1364 3990 vero
1393 3943 1544 4002 putet
1572 3933 1738 3988 etiam
1768 3948 1833 3987 ex
1858 3933 1998 3989 libro

423 4027 762 4082 l’salmorutn
793 4025 990 4079 debere
1017 4024 1259 4086 assumi,
1293 4024 1470 4078 sicubi
1512 4024 1564 4076 in
1599 4040 1664 4078 eo
1710 4024 1794 4077 vel
1827 4027 2001 4079 canti-

420 4133 545 4172 cum
585 4117 863 4179 scrihitur,
892 4115 976 4168 vel
1016 4115 1288 4170 canticum
1323 4114 1561 4183 psalmi,
1597 4115 1999 4170 multitudinem

424 4206 771 4278 congregaliit
791 4203 1209 4275 precedentium
1238 4203 1605 4256 canticorum.
1635 4201 1833 4274 Junget
1853 4205 1999 4259 enim

421 4299 632 4354 caeteris
673 4298 836 4352 etiam
880 4311 948 4350 xv
991 4295 1155 4351 simul
1199 4295 1468 4366 graduum
1531 4295 1782 4349 cantica:
1813 4305 1868 4350 et
1916 4311 2002 4349 re-

421 4390 647 4460 quirens
683 4390 1022 4459 singulorum
1056 4389 1284 4442 virtutes
1315 4387 1656 4440 canticorum
1679 4425 1694 4450 ,
1732 4395 1897 4456 atque
1934 4403 2002 4442 ex

2105 3309 2212 3354 tur.
2241 3299 2380 3353 Tum
2420 3314 2547 3352 vero
2579 3299 2703 3367 quis
2733 3298 2804 3351 ita
2836 3296 3117 3361 Salomon,
3165 3297 3216 3350 id
3247 3305 3331 3351 est
3374 3297 3630 3366 paciﬁcus
3657 3336 3674 3358 ,

2103 3389 2248 3444 sicut
2285 3388 2547 3442 Dominus
2570 3396 2754 3441 noster
2783 3385 2943 3440 Jesus
2968 3386 3240 3451 Christus,
3271 3387 3360 3455 qui
3383 3386 3557 3450 [actus
3595 3395 3670 3437 est

2104 3479 2248 3533 nobis
2289 3478 2549 3546 sapientia
2580 3494 2612 3529 a
2639 3476 2741 3530 Deo
2767 3486 2816 3530 et
2844 3477 3061 3544 justitia
3081 3489 3128 3529 et
3159 3490 3264 3545 pax
3303 3475 3386 3529 ’7?
3423 3474 3589 3544 Igitur
3620 3475 3674 3526 in

2101 3572 2280 3642 primo
2308 3569 2723 3623 Proverbiorum
2753 3569 2892 3622 libro
2918 3584 3040 3624 cum
3070 3584 3168 3622 nos
3195 3567 3492 3620 moralibus
3518 3565 3675 3619 insti-

2105 3663 2206 3717 tuit
2226 3661 2548 3730 disciplinis,
2585 3676 2678 3714 rex
2713 3674 2833 3714 esse
2862 3660 3062 3714 dicitur
3095 3659 3148 3712 in
3197 3657 3360 3711 Israel
3383 3699 3399 3723 ,
3441 3658 3672 3710 necdum

2103 3755 2157 3808 in
2198 3752 2536 3807 Hierusalem
2581 3755 2756 3822 :quia
2807 3751 2908 3805 etsi
2962 3749 3127 3804 Israel
3172 3750 3421 3804 dicamur
3459 3759 3678 3817 pI‘Oplt'I'

2101 3848 2284 3914 ﬁdem,
2319 3863 2427 3900 non
2465 3855 2643 3900 tamen
2677 3844 2728 3898 in
2761 3844 2863 3898 hoc
2885 3852 3202 3913 perventum
3234 3853 3316 3898 est
3344 3852 3400 3897 ut
3433 3844 3498 3896 ad
3544 3841 3676 3895 Ilie-

2101 3939 2338 3994 rusalem
2385 3935 2660 3992 cmlestcm
2702 3935 3013 4003 pervenisse
3053 3933 3350 3987 videamur.
3403 3932 3504 3987 Ubi
3546 3948 3677 3986 vero

2102 4029 2514 4100 profecerimus,
2549 4036 2603 4081 et
2636 4027 2690 4079 in
2721 4026 2823 4078 hoc
2857 4032 3078 4078 ventmn
3114 4023 3296 4088 fuerit,
3334 4033 3393 4078 ut
3422 4023 3677 4078 Ecclrs'a:

2103 4120 2499 4190 primitivorum
2538 4133 2660 4187 quae
2703 4116 2756 4168 in
2803 4115 2957 4169 cmlis
2995 4124 3116 4179 est,
3157 4116 3470 4179 sociemur,
3516 4124 3678 4182 atque

2106 4210 2442 4265 Hierusalem
2472 4208 2745 4263 caelestem
2774 4207 3041 4262 discussis
3072 4206 3384 4275 diligentius
3409 4205 3604 4274 priscis
3623 4215 3678 4258 ct

2104 4302 2446 4357 naturalibus
2477 4299 2659 4354 causis
2693 4311 2920 4353 matrem
2958 4308 3199 4352 nostram
3228 4311 3352 4351 esse
3383 4311 3680 4364 cegnosca-

2105 4411 2230 4450 mus
2257 4394 2529 4448 caelestem
2565 4411 2577 4445 :
2617 4401 2742 4445 tunc
2766 4391 2878 4460 jam
2908 4389 3064 4443 nobis
3092 4389 3252 4442 etiam
3282 4388 3396 4456 ipse
3424 4387 3678 4440 Christus

425 4482 510 4536 his
541 4480 874 4550 prolicientis
901 4479 1098 4533 anima:
1119 4479 1324 4548 gradus
1351 4478 1614 4548 colligens
1638 4493 1702 4531 ac
1735 4479 2002 4547 spiritalis
2035 4503 2080 4558 υ
2108 4485 2465 4541 Ecclesiastes
2487 4482 2738 4544 eﬂicitur,
2775 4489 2828 4534 et
2859 4494 2967 4532 non
2999 4479 3173 4533 solum
3205 4479 3258 4530 in
3285 4477 3467 4541 Israel,
3509 4479 3600 4532 sed
3625 4486 3679 4529 t-t

422 4575 667 4628 ordinem
738 4571 932 4626 iterum
1000 4567 1560 4638 consequentiamque
1626 4583 1997 4637 componens,

421 4664 715 4718 ostendere
761 4662 972 4733 poterit,
1001 4676 1165 4732 quam
1206 4660 1514 4729 magniﬁcis
1545 4661 1822 4730 gressibus
1853 4661 2001 4716 ince~

421 4757 554 4810 deus
598 4769 798 4824 sponsa
843 4768 937 4823 per
976 4753 1092 4807 haec
1133 4752 1320 4806 omnia
1377 4753 1657 4822 perveniat
1711 4743 1886 4821 u'sque
1931 4753 1999 4807 ad

422 4844 723 4910 thalamum
757 4842 988 4912 sponsi,
1035 4840 1344 4912 digrediens
1371 4842 1426 4894 in
1455 4839 1630 4893 locum
1671 4841 2001 4896 tabernaculi

421 4935 752 4992 admirabilis
777 4950 940 5004 usque
972 4934 1042 4987 ad
1073 4933 1289 4986 domum
1319 4931 1414 4986 Dei
1451 4933 1506 4986 in
1533 4949 1651 4988 voce
1677 4935 1997 4987 exsultatio-

422 5028 503 5082 nis
532 5037 582 5080 et
609 5026 953 5095 confessionis
985 5040 1144 5078 sonus
1174 5023 1535 5092 epulantis";
1575 5032 1630 5078 et
1674 5025 1998 5093 perveniens

425 5133 598 5186 usque
628 5117 695 5172 ad
727 5116 906 5186 ipsum
926 5156 944 5182 ,
974 5121 1034 5169 ut
1078 5114 1344 5177 diximus,
1378 5114 1679 5168 thalamum
1714 5115 1900 5182 sponsi
1940 5125 2000 5169 ut

425 5209 607 5262 audiat
635 5217 689 5264 et
730 5208 985 5276 loquatur
1015 5215 1214 5262 cuncta
1259 5206 1374 5260 haec
1401 5220 1523 5274 quae
1562 5206 1912 5260 continentur
1943 5207 1997 5261 in

425 5297 649 5353 Cantica
709 5296 1071 5354 canticorum.
1121 5295 1316 5351 Adhuc
1366 5306 1548 5350 autem
1600 5311 1894 5366 possumus
1943 5307 1998 5352 et

427 5391 540 5445 haec
585 5387 858 5460 inquirere
897 5388 1216 5458 priusquam
1251 5387 1319 5442 ad
1375 5387 1554 5456 ipsum
1595 5403 1796 5457 corpus
1829 5389 1995 5444 libelli

427 5483 746 5539 veniamus:
775 5497 875 5538 cur
915 5479 1174 5536 Salomon
1228 5480 1321 5549 qui
1357 5480 1573 5534 videtur
1618 5482 1996 5552 obtemperare

497 5690 544 5723 ”
586 5689 627 5743 II
660 5688 772 5757 Reg
819 5705 955 5751 xx",
986 5689 1041 5749 ἓ.
1067 5691 1119 5742 3.

428 5759 473 5790 "
512 5759 669 5816 Cant.
703 5776 740 5822 ι,
772 5759 820 5810 7.

1209 5689 1254 5720 7"
1294 5691 1312 5741 Ι
1342 5687 1520 5740 Paral.
1553 5703 1662 5750 .xVI,
1690 5687 1744 5753 8,
1777 5689 1829 5745 9.
1906 5692 1948 5723 “
1992 5689 2096 5746 Isa.
2123 5706 2198 5742 vt.

906 5761 952 5789 ⁷⁸
977 5759 1415 5829 I'hilipp.lt,6,7.
1476 5759 1518 5789 τ’
1557 5757 1731 5814 ICor.
1776 5761 1826 5826 I,
1855 5761 1943 5816 '50.
2021 5763 2066 5791 ⁷⁸
2105 5759 2319 5813 Coloss.
2374 5774 2410 5822 ι,
2446 5760 2537 5812 9.0.

2100 4577 2156 4630 in
2193 4573 2531 4628 Hierusalem
2565 4585 2792 4641 regnare
2825 4569 3043 4624 dicitur.
3069 4569 3204 4622 Cum
3241 4584 3366 4622 vero
3394 4569 3461 4622 ad
3498 4586 3542 4638 pc
3566 4569 3679 4621 rfe-

2099 4662 2335 4716 ctionem
2387 4659 2630 4713 omnium
2675 4666 2892 4712 ventum
2941 4656 3118 4722 fuerit,
3148 4667 3201 4711 et
3244 4673 3446 4726 sponsa
3473 4659 3521 4711 ei
3557 4673 3680 4726 per-

2101 4753 2244 4808 fecta
2270 4753 2449 4807 omnis
2479 4752 2748 4805 duntaxat
2787 4749 3068 4804 rationalis
3113 4759 3362 4805 creatura
3395 4750 3674 4820 jungetur,

2102 4845 2232 4914 quia
2286 4843 2592 4913 paciﬁeavit
2633 4858 2727 4912 per
2768 4841 3089 4912 sanguinem
3134 4857 3295 4897 suum
3341 4859 3446 4896 non
3498 4842 3676 4896 solum

2105 4951 2228 5006 qua:
2262 4939 2314 4989 in
2347 4935 2508 4989 terris
2545 4941 2694 4998 sunt,
2731 4932 2822 4987 sed
2860 4941 2913 4987 et
2943 4947 3064 5002 qua:
3104 4933 3158 4986 in
3212 4932 3368 4988 caelis
3404 4933 3449 4964 ⁷⁸
3486 4951 3499 4986 :
3550 4941 3680 4987 tunc

2104 5027 2360 5082 Salomon
2382 5025 2757 5081 tantummodo
2771 5024 3001 5089 dicetur,
3023 5039 3139 5077 cum
3163 5023 3445 5076 tradiderit
3466 5037 3680 5091 regnum

2103 5119 2213 5172 Deo
2236 5129 2284 5172 et
2315 5117 2494 5181 Patri,
2519 5133 2637 5170 cum
2659 5116 2984 5169 evacuauerit
3009 5131 3211 5168 omnem
3252 5116 3608 5183 principatum
3630 5126 3676 5166 et

2101 5220 2430 5281 potestatem.
2473 5207 2688 5277 Oportet
2730 5208 2870 5260 enim
2914 5222 3031 5259 eum
3075 5222 3292 5275 regnare
3315 5206 3479 5259 donec
3515 5217 3678 5274 ponat

2101 5303 2341 5357 inimicos
2368 5318 2489 5355 suos
2506 5301 2601 5354 sub
2627 5299 2842 5370 pedibus
2863 5301 2997 5364 suis,
3027 5310 3075 5353 et
3099 5301 3410 5354 nouissimus
3434 5301 3678 5353 inimicus

2105 5394 2410 5446 destruatur
2431 5408 2569 5445 mors
2590 5392 2654 5444 ⁷⁸.
2682 5390 2748 5444 Et
2775 5391 2846 5444 ita
2877 5391 3173 5459 paeilicatis
3200 5391 3475 5452 omnibus,
3507 5389 3683 5444 Patri-

2105 5499 2210 5553 que
2243 5483 2524 5553 subjectis,
2544 5496 2668 5536 cum
2687 5480 2918 5550 eritjam
2945 5479 3085 5535 Deus
3118 5481 3306 5534 omnia
3325 5481 3376 5534 in
3400 5481 3677 5544 omnibus,

2275 5691 2322 5721 "
2361 5687 2502 5743 I‘sal.
2536 5702 2644 5748 xu,
2677 5688 2731 5740 5.
2841 5686 2887 5717 "
2926 5685 3090 5741 Prov.
3119 5702 3155 5740 t.
3258 5689 3302 5718 τι
3344 5687 3506 5743 Eccli.
3548 5702 3586 5750 I,
3625 5686 3674 5738 ί.

2616 5758 2659 5787 ’⁵
2693 5757 2711 5808 I
2744 5755 2870 5811 Cor.
2902 5773 2990 5822 xv,
3022 5758 3113 5821 ‘24,
3147 5757 3234 5823 '15,
3262 5759 3352 5812 26.
