4134 6422
453 444 514 499 81
1880 445 1966 500 ΡΒ
1974 444 2027 500 Ol

2127 445 2265 503 :us.
3635 402 3706 506 se

452 566 1122 636 Salomontantummodo,
1141 568 1194 624 id
1209 577 1290 624 est
1302 570 1452 625 solus
1463 568 2035 641 pacilicusnominabi-
2063 571 2110 627 Δ
2208 567 2333 626 Ilaec
2357 580 2537 627 autem
2564 573 2666 628 visi
2699 588 2890 628 sumus
2921 571 3195 628 discutere
3223 570 3385 644 paulo
3413 570 3707 634 curiosius,

449 671 558 714 tur.
588 658 972 728 Competenter
1011 672 1142 728 ergo
1168 657 1222 712 in
1254 658 1358 714 hoc
1386 659 1567 716 libello
1601 661 1694 730 qui
1729 661 1797 715 de
1838 676 2026 717 amore

452 765 668 820 sponsae
699 758 752 804 et
777 749 962 818 sponsi
1007 757 1125 804 erat
1167 750 1529 817 scribendus,
1571 751 1732 806 etiam
1779 768 1879 822 pro
1923 752 2026 808 hoc

456 856 632 912 neque
659 839 802 894 ﬁlius
831 838 1020 905 David,
1053 855 1228 908 neque
1257 856 1349 894 rex
1372 882 1386 905 ,
1417 856 1592 909 neque
1639 841 1786 896 aliud
1829 843 2024 898 borum

451 935 599 1004 quod
652 933 718 987 ad
769 948 1090 1002 corporeum
1127 934 1396 1000 pertinere
1428 933 1602 1002 possit
1653 934 2024 1002 intellectum,

453 1027 734 1092 scribitur,
763 1034 820 1080 ut
851 1025 1042 1079 merito
1068 1024 1136 1079 de
1160 1041 1224 1078 eo
1249 1024 1484 1094 perlecta
1507 1025 1616 1096 jam
1646 1040 1843 1094 sponsa
1859 1027 2024 1094 dicat,

452 1119 582 1189 quia
607 1127 656 1172 et
684 1118 730 1170 si
755 1116 1042 1187 aliquando
1068 1119 1402 1187 cognovimus
1435 1117 1707 1172 Christum
1739 1117 2026 1172 secundum

453 1225 688 1273 carnem,
713 1208 801 1262 sed
835 1223 971 1260 nunc
985 1206 1104 1275 jam
1129 1224 1230 1260 non
1248 1208 1487 1260 novimus
1515 1207 1584 1273 ⁸ο,
1623 1224 1688 1262 ne
1719 1207 1842 1276 quis
1875 1215 2027 1275 putet

452 1315 574 1355 eam
614 1314 937 1368 corporeum
967 1299 1168 1368 aliquid
1197 1314 1402 1363 amare,
1434 1308 1532 1353 aut
1573 1299 1626 1351 in
1675 1314 1840 1353 carne
1881 1296 2023 1366 posi-

455 1401 594 1457 tum,
626 1401 678 1446 et
711 1390 921 1444 macula
951 1389 1131 1458 aliqua
1159 1389 1330 1443 amori
1362 1389 1481 1457 ejus
1529 1387 1787 1441 credatur
1819 1386 2024 1441 induci.

456 1483 746 1552 PrOpterea
779 1481 1062 1536 Canticum
1089 1480 1426 1535 canticorum
1459 1477 1737 1532 Salonioni
1785 1485 2028 1531 tantum-

455 1575 619 1628 modo
650 1583 754 1637 est,
785 1588 958 1642 neque
991 1571 1101 1626 lilio
1135 1571 1324 1633 David,
1363 1584 1540 1638 neque
1566 1568 1676 1639 regi
1710 1567 1900 1632 Israel,
1929 1581 2028 1620 ne-

452 1680 561 1734 que
583 1664 762 1735 aliqua
785 1663 841 1716 in
869 1663 956 1717 his
987 1677 1212 1731 prorsus
1237 1660 1498 1713 miscetur
1522 1657 1758 1711 carnalis
1792 1655 2031 1710 nominis

454 1755 826 1826 intelligentia.
868 1753 934 1806 Et
967 1768 1034 1807 ne
1073 1749 1285 1806 mireris
1329 1747 1474 1816 quod
1514 1762 1637 1800 cum
1687 1763 1831 1802 unus
1866 1754 2031 1817 atque

451 1833 594 1902 idem
630 1849 702 1902 sit
740 1845 1002 1899 Dominus
1039 1851 1202 1911 atque
1225 1841 1476 1896 Salvator
1515 1851 1699 1896 noster
1725 1881 1741 1906 ,
1780 1840 2030 1894 dicamus

2135 661 2375 718 volentes
2400 664 2559 718 etiam
2594 679 2690 734 per
2715 665 2831 720 haec
2860 663 3146 720 ostendere
3168 664 3455 728 rationem,
3485 661 3613 732 quia
3652 662 3706 715 in

2138 752 2276 822 ipsis
2308 768 2528 824 quoque
2547 756 3003 812 altitulationibus
3031 755 3294 811 librorum
3334 768 3560 811 suorum
3602 752 3709 808 Sa-

2133 841 2322 896 lomon
2349 842 2671 898 dill‘erentiis
2703 860 2836 899 usus
2863 853 2946 899 est
2968 843 3322 908 necessariis,
3373 853 3428 897 et
3463 841 3608 896 aliud
3650 841 3705 896 in

2131 932 2464 1000 Proverbiis,
2490 935 2639 990 aliud
2670 936 2723 989 in
2751 934 3098 1002 Ecclesiaste,
3123 934 3271 998 aliud
3297 932 3460 988 etiam
3489 930 3544 986 in
3563 930 3710 986 Can-

2132 1023 2367 1078 ticorum
2404 1026 2620 1080 cantico
2653 1040 2716 1080 ex
2748 1025 2862 1095 ipsa
2894 1026 3248 1096 inscriptione
3280 1023 3426 1080 tituli
3449 1022 3708 1092 designa-

2132 1115 2229 1170 vit.
2257 1114 2322 1170 Et
2353 1116 2533 1172 adhuc
2561 1117 2706 1187 quod
2745 1117 2798 1171 in
2831 1116 3059 1173 Canlico
3082 1118 3420 1172 canticorum
3472 1113 3714 1181 ubijam

2131 1205 2392 1276 perfectio
2416 1207 2947 1277 ostenditunneque
2979 1209 3122 1264 [ilius
3167 1207 3356 1274 David,
3407 1220 3583 1276 neque
3613 1219 3705 1258 rex

2131 1297 2422 1362 scribitur,
2453 1308 2631 1370 potest
2657 1300 2822 1354 etiam
2861 1301 2966 1355 hoc
3008 1299 3117 1354 dici
3144 1317 3158 1365 ;
3187 1299 3315 1368 quia
3361 1313 3486 1353 cum
3529 1294 3708 1350 factus

2133 1385 2300 1443 fuerit
2328 1405 2520 1446 servus
2549 1392 2690 1446 sicut
2709 1391 2987 1458 dominus,
3019 1399 3074 1446 et
3102 1389 3404 1460 discipulus
3437 1387 3579 1443 sicut
3601 1401 3710 1440 ma-

2131 1489 2321 1550 gister,
2350 1481 2694 1552 videturjam
2722 1499 2898 1552 neque
2919 1497 3111 1538 servus
3140 1496 3264 1538 esse
3288 1494 3498 1543 servus,
3530 1475 3708 1530 Iactus

2137 1571 2389 1626 videlicet
2424 1574 2568 1628 sicut
2595 1573 2872 1640 dominus;
2915 1588 3091 1644 neque
3123 1570 3424 1641 discipulus
3451 1583 3574 1623 esse
3624 1565 3708 1620 di-

2133 1659 2396 1727 scipulus,
2429 1661 2627 1731 quippe
2649 1663 2740 1732 qui
2771 1663 2916 1718 sicut
2937 1662 3200 1733 magister
3229 1659 3453 1716 en‘ectus
3483 1666 3585 1724 est;
3610 1657 3708 1712 sed

2135 1747 2306 1804 fuisse
2329 1749 2548 1819 quidem
2584 1751 2878 1820 aliquando
2903 1752 3228 1821 discipulus,
3257 1765 3403 1805 nunc
3433 1764 3562 1804 vero
3586 1763 3708 1804 esse

2135 1841 2279 1894 sicut
2304 1840 2580 1910 magister;
2617 1849 2669 1894 et
2706 1840 2876 1896 fuisse
2899 1842 3118 1910 quidem
3165 1854 3355 1894 servus
3389 1840 3705 1909 aliquando,

451 1950 579 1989 cum
615 1934 763 1986 velut
795 1932 1062 1984 minorem
1096 1931 1272 2000 primo
1302 1931 1355 1984 in
1386 1930 1717 1994 Proverbiis,
1754 1940 1807 1984 et
1837 1929 2029 1985 deinde
2060 1929 2102 1983 Β
2132 1949 2278 1988 nunc
2311 1948 2438 1987 vero
2465 1948 2586 1988 esse
2609 1934 2750 1988 sicut
2772 1933 2882 2004 36
2913 1931 3195 1987 Dominus.
3229 1929 3404 1985 Simili
3432 1931 3595 2002 igitur
3620 1948 3710 1987 ra-

453 2024 822 2093 prolicientem
857 2023 909 2074 in
938 2021 1280 2087 Ecclesiaste,
1309 2031 1362 2077 et
1393 2032 1514 2092 post
1539 2023 1653 2078 [nec
1683 2021 1882 2076 habere
1906 2035 2030 2090 per-

453 2114 742 2169 fectionem
782 2111 834 2165 in
861 2112 1085 2166 Cantico
1117 2112 1489 2176 canticorum,
1527 2127 1651 2166 cum
1700 2110 1814 2165 [nec
1862 2110 2025 2164 etiam

451 2206 507 2260 in
548 2203 854 2273 Evangeliis
897 2202 1080 2258 videas
1123 2205 1358 2272 scripta,
1414 2204 1504 2258 ubi
1549 2212 1771 2273 propter
1821 2216 1923 2256 nos
1973 2209 2029 2256 et

451 2297 567 2365 ipse
601 2295 651 2347 in
687 2294 841 2348 nobis
875 2293 1074 2347 dicitur
1123 2294 1405 2362 prolicere.
1441 2291 1536 2348 Sic
1584 2292 1733 2347 enim
1767 2289 2025 2356 refertur,

447 2387 578 2456 quia
609 2385 766 2440 Iesus
784 2385 1094 2454 proﬁciebat
1119 2393 1278 2439 etate
1300 2393 1349 2438 et
1376 2384 1641 2454 sapientia
1667 2382 1809 2450 apud
1855 2380 2025 2435 Deum

446 2489 496 2533 et
523 2478 754 2531 homines
781 2479 848 2532 ⁸¹.
877 2476 1016 2531 Puto
1040 2491 1169 2547 ergo
1202 2475 1346 2544 quod
1375 2491 1474 2544 pro
1503 2475 1590 2530 bis
1616 2473 1893 2538 omnibus,
1925 2486 2026 2526 ne-

446 2587 555 2640 que
591 2570 734 2624 [ilius
765 2569 955 2634 David,
982 2584 1158 2636 neque
1188 2583 1284 2622 rex
1315 2566 1481 2621 Israel
1510 2566 1768 2620 scribitur
1803 2583 1817 2618 :
1853 2564 1945 2620 sed
1971 2572 2027 2620 et

447 2674 549 2729 pro
581 2675 646 2713 eo
677 2659 876 2722 adhuc,
924 2657 1068 2728 quod
1099 2658 1155 2711 in
1187 2657 1412 2712 Canlico
1445 2655 1784 2710 canticorum
1823 2668 2026 2724 sponsa

444 2753 558 2821 jam
590 2751 642 2804 in
672 2761 882 2805 tantum
915 2749 1242 2819 profecerat,
1287 2759 1347 2802 ut
1400 2748 1578 2817 majus
1628 2746 1831 2816 aliquid
1883 2756 2027 2801 esset

447 2858 615 2912 quam
644 2851 727 2896 est
757 2857 979 2912 regnum
1011 2841 1370 2896 Hierusalem.
1389 2839 1523 2895 Nam
1551 2840 1886 2896 Ilierusalem
1913 2854 2026 2895 ete-

449 2933 642 2988 lestem
669 2934 714 2965 ⁸³
743 2933 875 2988 dicit
898 2933 1191 3002 Apostolus
1214 2947 1354 2999 esse,
1386 2942 1548 3002 atque
1573 2931 1638 2985 ad
1663 2946 1782 2985 eam
1816 2943 2025 2984 memo~

446 3056 532 3102 rat
582 3045 866 3100 credentes
929 3045 1208 3099 accedere.
1256 3042 1413 3099 Ilunc
1457 3059 1586 3114 ergo
1639 3059 1900 3114 sponsum
1954 3043 2020 3098 ad
2099 3108 2102 3110 η

445 3151 608 3212 quem
642 3152 786 3190 nunc
819 3151 1022 3205 sponsa
1054 3135 1298 3201 festinat,
1326 3135 1468 3189 idem
1505 3134 1707 3191 Paulus
1738 3151 1863 3190 cum
1895 3151 2019 3190 eum

446 3225 755 3296 pontiﬁcem
788 3227 1087 3279 maximum
1121 3225 1272 3290 dicit,
1305 3225 1378 3278 ita
1405 3223 1473 3278 de
1497 3238 1565 3278 eo
1599 3225 1828 3290 scribit,
1861 3225 2017 3294 quasi
2047 3263 2096 3326 c

443 3319 537 3388 qui
567 3333 674 3372 non
703 3318 754 3370 in
779 3318 932 3372 ctelis
980 3318 1081 3380 sit,
1116 3317 1210 3372 sed
1257 3317 1633 3386 pertransierit
1675 3331 1866 3372 omnes
1905 3331 2020 3372 cm-

446 3411 528 3466 los
549 3410 616 3476 ⁸³,
645 3417 699 3463 et
725 3408 854 3462 illuc
881 3423 1097 3476 quoque
1122 3421 1246 3462 eum
1281 3407 1396 3463 haec
1425 3423 1524 3463 sua
1555 3407 1788 3477 perfecta
1821 3423 2020 3478 sponsa

445 3509 700 3566 sectetur,
731 3501 841 3553 imo
871 3499 1001 3552 illuc
1047 3498 1332 3553 adhaerens
1365 3497 1415 3552 ei
1460 3507 1514 3553 et
1549 3499 1836 3568 conjuncta
1890 3514 2024 3553 con-

446 3593 735 3657 scenderit,
784 3600 870 3647 est
914 3592 1060 3647 enim
1112 3589 1254 3644 facta
1297 3607 1422 3646 cum
1465 3607 1532 3646 eo
1579 3607 1723 3648 unus
1772 3591 2019 3662 spiritus.

447 3682 602 3739 Unde
631 3684 846 3738 videtur
868 3683 1002 3737 mihi
1029 3693 1082 3737 et
1117 3683 1182 3738 ad
1215 3682 1434 3738 Petrum
1457 3723 1470 3748 ,
1519 3685 1610 3754 qui
1657 3700 1764 3738 non
1811 3692 2025 3753 poterat

443 3790 565 3830 eum
599 3775 776 3844 primo
802 3774 956 3845 sequi
983 3789 1108 3829 cum
1140 3774 1346 3829 diceret
1381 3792 1394 3829 :
1425 3775 1543 3839 Quo
1583 3789 1676 3844 ego
1713 3775 1846 3828 vado
1869 3815 1884 3840 ,
1936 3789 2023 3828 vos

445 3883 548 3920 non
574 3869 791 3936 potestis
824 3869 995 3922 venire
1021 3865 1174 3920 modo
1200 3907 1216 3933 ,
1265 3866 1473 3921 dixisse
1501 3884 1516 3921 :
1566 3865 1810 3935 Sequeris
1847 3875 2024 3919 autem

443 3972 622 4030 postea
646 3961 712 4014 “.
743 3959 898 4026 Quod
923 3968 1104 4014 autem
1131 3959 1204 4014 sit
1232 3958 1437 4027 aliquid
1463 3957 1639 4027 majus
1661 3965 1716 4012 et
1740 3957 1809 4009 ab
1835 3955 2020 4023 Israel,

446 4053 570 4106 inde
595 4051 905 4121 colligimus
929 4089 944 4111 ,
975 4049 1123 4120 quod
1152 4048 1208 4102 in
1253 4047 1620 4102 Numerorum
1670 4047 1810 4101 libro
1842 4046 2024 4103 omnis

443 4142 663 4211 quidem
698 4139 862 4196 Israel
886 4155 1228 4202 numeratur,
1258 4148 1314 4194 et
1339 4137 1626 4194 duodecim
1657 4137 1832 4193 tribus
1859 4137 2024 4193 Israel

442 4243 593 4290 certo
623 4235 725 4290 sub
755 4227 986 4288 numero
1026 4239 1354 4296 censentur;
1387 4231 1560 4285 tribus
1591 4245 1719 4285 vero
1764 4229 2022 4297 Levitica,

444 4333 628 4395 utpote
658 4323 867 4379 caneris
893 4323 1217 4377 eminentior
1246 4337 1409 4390 supra
1440 4321 1586 4376 bunc
1616 4335 1901 4375 numerum
1926 4320 2018 4373 lia-

441 4417 618 4482 betur,
652 4423 707 4470 et
758 4429 1100 4484 nequaquam
1143 4413 1197 4466 in
1228 4411 1527 4467 Israelitico
1577 4427 1807 4466 numero
1855 4415 2024 4480 depu-

441 4514 609 4560 tatur.
645 4506 784 4562 Dieit
825 4504 970 4559 enim
1009 4505 1081 4559 ita
1121 4521 1136 4558 :
1173 4501 1304 4558 Han:
1335 4513 1412 4557 est
1450 4504 1686 4558 visitatio
1709 4504 1765 4556 in
1801 4519 1905 4574 qua
1941 4518 2023 4556 re-

2131 2023 2278 2078 tione
2307 2023 2470 2077 etiam
2498 2021 2566 2076 de
2596 2037 2721 2092 rege
2765 2032 2819 2077 et
2853 2023 2906 2076 in
2957 2021 3044 2076 bis
3086 2035 3227 2091 quos
3272 2029 3461 2090 regnat
3499 2020 3706 2076 adverti

2129 2129 2290 2184 posse
2319 2113 2590 2170 videbitur
2611 2155 2625 2179 ,
2657 2130 2782 2170 cum
2829 2129 3055 2186 regnum
3081 2113 3194 2184 jam
3225 2112 3474 2166 tradetur
3513 2111 3624 2165 Deo
3654 2121 3709 2166 et

2128 2203 2297 2260 I‘atri.
2333 2203 2440 2260 Sed
2465 2215 2517 2260 et
2545 2206 2650 2260 hoc
2689 2222 2798 2260 non
2842 2206 3026 2270 lateat,
3062 2205 3356 2260 nonnullos
3385 2203 3708 2260 altitulatio-

2127 2314 2251 2355 nem
2272 2298 2438 2352 libelli
2462 2297 2628 2368 hujus
2653 2297 2876 2354 Cantica
2901 2297 3244 2352 canticorum
3273 2295 3530 2360 scribere,
3558 2297 3704 2365 quod

2127 2403 2236 2443 non
2261 2398 2408 2445 recte
2437 2389 2713 2444 scribitur.
2741 2386 2860 2442 Non
2885 2387 3030 2442 enim
3057 2387 3360 2457 pluraliter,
3387 2388 3480 2445 sed
3513 2388 3699 2456 singu-

2127 2479 2318 2535 lariter
2337 2479 2624 2535 Canticum
2654 2480 2744 2534 bic
2767 2479 2968 2534 dicitur
2989 2479 3350 2534 canticorum.
3394 2478 3520 2534 Haec
3547 2482 3705 2550 quasi

2127 2577 2182 2630 in
2205 2574 2520 2646 praefatione
2540 2575 2683 2629 dicta
2711 2579 2839 2628 sunt
2877 2587 2908 2626 a
2945 2571 3103 2626 nobis
3141 2572 3209 2626 de
3244 2573 3707 2641 superscriptione

2131 2667 2272 2737 ipsa,
2296 2665 2379 2720 vel
2407 2664 2770 2719 altitulatione
2795 2663 2984 2717 libelli.
3007 2659 3126 2716 Jam
3152 2676 3297 2715 nunc
3340 2660 3571 2716 Domino
3603 2676 3707 2718 no-

2127 2768 2242 2814 stro
2267 2773 2367 2812 nos
2395 2756 2686 2826 adjuvante
2713 2754 2884 2823 ipsius
2909 2755 3089 2822 operis
3112 2752 3429 2806 adoriamur
3452 2753 3698 2815 exordia,

2125 2861 2178 2906 et
2203 2858 2382 2904 tamen
2414 2863 2482 2902 ne
2521 2846 2649 2901 illud
2673 2846 2892 2916 quidem
2929 2851 3208 2899 remaneat
3239 2844 3293 2897 in
3339 2844 3497 2900 nobis
3531 2846 3702 2900 omis-

2126 2957 2272 3007 sum,
2293 2940 2440 3011 quod
2462 2937 2791 3010 quibusdam
2815 2935 3202 3006 requirendum
3227 2936 3401 2988 visum
3426 2942 3509 2989 est
3528 2935 3706 2990 adhuc

2123 3034 2192 3090 de
2219 3034 2336 3102 ipsa
2389 3030 2750 3086 attitulatione
2791 3044 2856 3084 ac
2889 3027 3354 3098 superscriptione
3382 3026 3541 3090 libri,
3584 3041 3708 3095 quae

2124 3123 2198 3178 ita
2237 3121 2469 3177 habetur
2496 3139 2508 3175 :
2534 3118 2814 3176 Canticum
2838 3119 3167 3172 canticorum
3191 3116 3331 3187 quod
3351 3125 3428 3169 est
3473 3116 3574 3185 ipsi
3603 3114 3706 3169 Sa-

2126 3213 2325 3268 lomoni
2352 3213 2418 3266 ‘7.
2453 3211 2546 3268 Sic
2571 3213 2718 3268 enim
2746 3211 3041 3280 accipiunt,
3079 3209 3235 3281 quasi
3276 3209 3562 3266 Cantictun
3601 3209 3707 3263 hoc

2126 3323 2248 3362 esse
2268 3306 2467 3362 dixerit
2489 3305 2830 3360 canticorum
2875 3302 3207 3366 Salomonis,
3242 3311 3302 3356 ut
3341 3317 3409 3356 ex
3453 3299 3705 3370 plurimis

2126 3399 2242 3454 suis
2278 3397 2506 3452 canticis
2555 3396 2657 3450 hoc
2701 3409 2873 3449 unum
2909 3409 3035 3449 esse
3085 3393 3397 3464 signaverit.
3452 3390 3560 3447 Sed
3605 3407 3706 3446 nos

2123 3487 2402 3558 quomodo
2428 3485 2750 3555 recipiemus
2780 3483 3093 3554 bujusmodi
3118 3482 3548 3551 intelligentiam,
3577 3496 3702 3536 cum

2126 3594 2304 3650 neque
2329 3577 2569 3634 Ecclesia
2598 3575 2692 3631 Dei
2724 3575 2832 3630 ulla
2858 3575 3199 3631 extrinsecus
3227 3572 3539 3628 Salomonis
3565 3588 3702 3627 can-

2126 3675 2234 3728 tica
2271 3671 2495 3740 legenda
2538 3668 2839 3737 susceperit
2885 3685 2898 3721 :
2933 3680 3112 3735 neque
3157 3665 3302 3734 apud
3337 3662 3592 3718 Hebraos
3616 3703 3632 3727 ,
3669 3678 3702 3716 a

2125 3764 2324 3834 quibus
2344 3761 2558 3830 eloquia
2588 3760 2681 3814 Dei
2717 3760 2784 3814 ad
2815 3774 2918 3814 nos
2958 3758 3210 3812 videntur
3241 3771 3364 3811 esse
3415 3755 3699 3820 translata,

2125 3853 2330 3925 aliquid
2361 3862 2558 3922 praeter
2590 3853 2690 3907 bos
2724 3861 2834 3907 tres
2864 3851 3074 3907 libellos
3122 3849 3434 3904 Salomonis
3459 3887 3476 3914 ,
3522 3847 3616 3918 qui
3648 3858 3718 3902 et,

2127 3945 2270 4017 apud
2297 3960 2398 3999 nos
2423 3953 2571 4011 sunt,
2597 3944 2832 4014 amplis
2865 3943 3127 3998 habeatur
3155 3941 3207 3996 in
3238 3943 3475 3996 canone?
3502 3938 3721 3994 Volunt.

2127 4049 2304 4094 tamen
2325 4037 2418 4106 qui
2444 4041 2546 4092 noc
2561 4046 2835 4101 asserunt,
2861 4035 2984 4094 inde
3004 4034 3337 4091 conﬁrmare
3355 4031 3702 4099 sententiam,

2125 4131 2272 4200 quod
2303 4131 2356 4184 in
2390 4129 2702 4199 Regnorum
2729 4128 3347 4196 tertiolibroscriptum
3379 4127 3703 4190 est,.multa

2125 4223 2296 4279 fuisse
2319 4222 2628 4278 Salomonis
2665 4222 2898 4288 cantica,
2931 4229 3006 4276 ut.
3031 4235 3220 4274 turum.
3245 4221 3528 4275 ex.multis
3576 4238 3704 4277 esse

2126 4317 2469 4373 conﬁrment.
2516 4312 2631 4367 lIoc
2665 4312 2739 4366 ibi
2765 4327 2896 4382 ergo
2923 4311 3157 4366 refertur
3193 4331 3206 4368 :
3259 4312 3326 4366 Et
3368 4313 3506 4367 Deus
3552 4315 3700 4370 dedit

2125 4407 2460 4478 prudentiam
2485 4403 2780 4470 Salomoni,
2809 4413 2858 4456 et
2897 4403 3215 4471 sapientiam
3256 4403 3481 4457 multam
3528 4408 3704 4475 valde,

2127 4508 2175 4553 et
2199 4493 2734 4553 latitudinem-cordis
2760 4496 2897 4548 sicut
2942 4511 3158 4548 arenam
3191 4513 3308 4566 quae
3331 4507 3408 4553 est
3449 4500 3519 4552 ad
3548 4515 3696 4553 oram

440 4599 627 4652 censiti
645 4607 765 4651 sunt
803 4597 905 4665 ﬁlii
938 4595 1111 4650 Israel
1151 4595 1435 4649 secundum
1472 4595 1658 4648 domus
1696 4593 2023 4663 familiarum
2056 4592 2101 4647 D
2131 4591 2318 4656 maris,
2337 4598 2389 4644 et.
2411 4588 2586 4657 factus
2615 4596 2692 4641 est
2727 4587 2938 4655 sapiens
2974 4584 3227 4640 Salomon
3254 4589 3405 4642 valde
3431 4604 3589 4657 super
3611 4606 3698 4642 sn-

440 4704 679 4743 suarum.
706 4687 892 4743 Omnis
914 4687 1145 4740 visitatio
1163 4701 1343 4738 eorum
1360 4701 1476 4738 cum
1497 4686 1687 4739 virtute
1699 4701 1796 4737 sua
1810 4697 2024 4738 sexcen-

443 4790 498 4834 ta
523 4781 629 4833 tria
660 4778 832 4832 millia
863 4777 1132 4848 quingenti
1169 4777 1571 4847 quinquaginta.
1613 4774 1810 4828 Levitis
1844 4785 2022 4828 autem

443 4888 544 4924 non
565 4880 688 4926 sunt
717 4871 976 4924 numerati
1011 4885 1128 4923 cum
1152 4870 1226 4923 eis
1251 4907 1265 4932 ,
1300 4869 1438 4924 sicut
1475 4869 1732 4938 prwcepit-
1761 4867 2020 4920 Dominus

445 4962 618 5032 Moysi
661 4963 728 5015 ⁸³.
765 4959 928 5016 Vides
972 4961 1253 5030 quomodo
1285 4969 1344 5014 ut
1377 4960 1769 5015 eminentiores
1810 4974 1840 5013 a
1888 4959 2018 5014 Illiis

442 5050 1053 5123 Israel-sequestrantur
1076 5050 1294 5117 Levites,
1341 5065 1444 5106 nec
1473 5051 1528 5106 in
1559 5065 1757 5106 eorum
1787 5051 2019 5104 numero

443 5145 744 5200 sociantur.
774 5143 838 5199 Et
872 5149 1088 5199 rursum”
1123 5143 1325 5199 Levitis
1352 5143 1740 5199 eminentiores
1771 5142 2024 5198 scribuna

445 5246 532 5290 tur
561 5237 893 5292 sacerdotes.
924 5235 1014 5292 Sic
1036 5236 1182 5292 enim
1214 5237 1268 5290 in
1298 5235 1486 5290 eadem
1513 5235 1795 5306 Scriptura
1839 5235 2020 5291 conti-

443 5339 603 5383 netur
634 5348 646 5383 :
680 5328 747 5381 Et
775 5329 980 5383 locutus
1009 5337 1108 5392 est,
1136 5328 1332 5398 inquit,
1366 5329 1625 5382 Dominus
1663 5329 1732 5382 ad
1777 5327 2022 5397 Moysen;

441 5419 660 5475 dicens:
679 5421 866 5489 Accipe
881 5436 1140 5474 summam
1157 5419 1280 5474 Levi
1287 5429 1481 5486 tarum,
1498 5429 1546 5473 et
1563 5419 1846 5479 constitues
1857 5434 1942 5472 eos
1967 5421 2023 5472 in

442 5521 714 5579 conspectu
742 5513 918 5566 Aaron
938 5512 1250 5577 sacerdotis,
1264 5521 1312 5565 et
1332 5513 1626 5565 ministrent
1638 5512 1686 5565 ei
1701 5511 1768 5562 ⁸⁵.
1789 5509 2024 5566 Vides-et

443 5602 498 5655 in
533 5603 636 5657 hoc
659 5603 932 5671 quomodo
951 5603 1260 5672 superiores
1273 5603 1472 5659 Levitis
1500 5600 1742 5658 nominet
1773 5605 2026 5659 sacerdoé

445 5705 545 5759 tes,
568 5704 623 5749 ct
648 5709 838 5749 rursus
863 5692 1078 5749 Levitas
1103 5695 1492 5751 eminentiores
1512 5695 1664 5765 ponit
1683 5697 1806 5756 [iliis
1835 5694 2026 5752 Israel?

1834 5779 1874 5805 ε

2121 4679 2373 4749 pientiam
2401 4677 2632 4731 omnium
2655 4677 3018 4744 antiquorum,
3038 4685 3088 4729 et
3115 4693 3271 4744 super
3293 4679 3702 4748 omnessapien-

2121 4777 2195 4824 te's
2223 4767 2464 4840 Egypli,
2494 4779 2543 4824 et
2573 4786 2728 4839 super
2761 4769 2936 4822 Ethan
2987 4767 3239 4822 Ezraiten
3267 4778 3316 4822 et
3371 4767 3615 4834 "emam,
3649 4780 3700 4821 et

2124 4864 2360 4919 Chalcal-
2388 4872 2437 4917 et
2485 4862 2666 4916 Dorda
2704 4863 2844 4931 ﬁlios
2889 4861 3054 4922 Maol.
3085 4872 3134 4916 et
3157 4871 3270 4916 erat
3303 4864 3604 4917 nominatus
3644 4864 3703 4915 in

2125 4955 2382 5008 universis
2406 4953 2642 5023 gentibus
2671 4969 2762 5021 per
2782 4953 3060 5005 circuitum
3089 4965 3108 5004 :
3129 4961 3180 5006 et
3203 4953 3409 5008 locutus
3438 4965 3513 5006 est
3546 4953 3702 5008 Salo-

2129 5062 2250 5100 mon
2284 5047 2388 5099 tria
2421 5043 2590 5098 millia
2620 5043 2996 5113 parabolarum
3019 5085 3034 5109 ,
3061 5054 3111 5098 et
3155 5054 3306 5098 erant
3349 5046 3555 5100 cantica
3587 5046 3700 5114 ejus

2123 5140 2363 5208 quinque
2382 5137 2556 5191 millia
2574 5137 2640 5190 ⁸³.
2674 5133 2752 5190 Ex
2777 5137 2862 5192 bis
2884 5151 3016 5206 ergo
3034 5137 3278 5208 quinque
3305 5137 3546 5192 millibus
3570 5153 3696 5192 can-

2127 5234 2250 5288 ticis
2289 5233 2478 5285 volunt
2531 5229 2701 5285 videri
2735 5230 2838 5284 hoc
2879 5245 3048 5284 unum
3091 5245 3212 5285 ese
3245 5231 3517 5284 canticum
3554 5233 3704 5299 quin}

2128 5325 2391 5381 habemus
2421 5342 2435 5377 :
2462 5322 2556 5378 sed
2583 5336 2890 5392 usquequo,
2923 5321 3006 5375 vel
3032 5320 3124 5374 ubi
3157 5330 3370 5376 cantata
3401 5323 3538 5386 sint,
3592 5341 3697 5377 non

2127 5417 2303 5471 solum
2336 5416 2402 5470 ad
2441 5431 2622 5478 usum,
2663 5415 2755 5470 sed
2780 5431 2846 5469 ne
2869 5414 2937 5468 ad
2969 5413 3216 5468 notitiam
3251 5415 3469 5481 quidem
3513 5432 3702 5484 perre-

2126 5509 2207 5563 nit
2231 5507 2598 5564 Ecclesiarum
2629 5505 2746 5561 Dei.
2779 5505 3079 5574 Operosnm
3113 5512 3202 5558 est
3217 5515 3473 5561 autem-ct
3511 5512 3701 5576 procul

2126 5603 2196 5657 ab
2220 5617 2382 5672 opere
2410 5598 2708 5669 proposito,
2731 5597 2776 5651 si
2807 5596 3036 5651 velimus
3070 5612 3215 5652 nunc
3238 5599 3515 5668 inquirere
3535 5617 3700 5672 qnam

2126 5697 2420 5751 multorum
2447 5692 2721 5746 librorum
2749 5691 3193 5745 commemoratio
3238 5691 3328 5745 liut
3365 5692 3418 5746 in
3458 5690 3702 5764 Scriptu-

513 5813 556 5843 “°
591 5812 628 5864 II
657 5813 783 5866 Cor.
819 5828 870 5875 v,
905 5811 990 5865 16.
1066 5813 1107 5843 ⁸¹
1143 5813 1273 5867 an.
1309 5813 1476 5880 ",52.
1548 5814 1591 5844 ⁸³
1628 5811 1786 5866 11μ1ιυι.
1819 5816 2009 5879 mili.

2127 5815 2316 5868 'llvbr.
2341 5829 2412 5873 iv,
2439 5811 2520 5865 1-1.
2599 5810 2642 5840 ⁸⁵
2664 5809 2820 5866 Joan.
2847 5827 2966 5879 xm,
2991 5811 3079 5866 '56.
3156 5814 3199 5846 ⁸³
3231 5811 3391 5870 Νυω.
3419 5815 3696 5881 11,52,155.

444 5883 489 5913 "
519 5884 678 5937 Num.
721 5899 798 5950 ιιι,
843 5883 898 5949 5,
933 5885 984 5937 6.
1062 5883 1103 5913 ⁸⁷
1135 5885 1291 5939 Laut.
1327 5900 1364 5952 ι,
1402 5884 1447 5938 l.

1529 5883 1574 5914 “
1609 5883 1676 5938 III
1705 5881 1834 5954 Reg.
1870 5902 1941 5948 ιν,
1969 5887 2058 5953 “29,
2092 5886 2180 5953 '50,
2213 5885 2303 5950 5|,
2335 5884 2423 5938 5'3.
