4134 6464
408 409 482 470 85
1471 412 1794 470 ORIGENIS
1825 413 1892 468 IN
1929 415 2287 475 CANTICUM
2322 419 2596 476 CANTIC.
3595 421 3665 477 ιι

409 526 489 582 ris
515 527 739 595 divinis,
764 544 1000 599 quorum
1045 530 1202 586 lectio
1241 530 1386 585 nulla
1430 532 1590 588 nobis
1637 532 1867 587 omnino
1906 541 1989 588 est
2017 545 2062 602 Α
2091 545 2274 606 patres
2299 538 2493 593 nostri.
2518 536 2701 593 Potuit
2726 537 2868 593 enim
2895 538 3034 601 fieri,
3065 546 3122 592 ut
3145 537 3376 606 apostoli
3404 537 3487 592 vel
3509 552 3672 594 evan-

409 620 631 675 tradita.
658 619 764 675 Sed
790 637 961 691 neque
974 622 1116 691 apud
1137 619 1351 678 Iudaeos
1373 622 1559 677 haberi
1585 624 1804 693 quidem
1830 642 1988 681 usum

411 711 726 783 huiusmodi
765 712 1061 781 reperimus
1097 713 1384 768 lectionum
1407 753 1422 776 ,
1471 729 1609 784 quas
1642 716 1758 770 sive
1793 731 1890 786 pro
1927 733 1992 772 eo

412 805 557 874 quod
587 803 768 872 aliqua
792 818 955 872 supra
987 803 1282 858 humanam
1316 805 1729 877 intelligentiam
1755 809 1996 864 contine-

411 893 562 950 bant.
600 892 806 962 placuit
841 892 1066 963 Spiritui
1090 904 1282 952 sancto
1312 895 1512 953 auferri
1541 898 1608 953 de
1638 900 1836 964 medio,
1879 901 1993 956 sive

409 983 554 1052 quod
582 994 761 1040 essent
787 985 855 1040 de
886 985 1174 1056 scripturis
1220 987 1307 1044 his
1333 1004 1455 1060 qua:
1485 991 1825 1062 appellantur
1863 1007 1994 1061 apo-

407 1075 645 1143 cryphze,
679 1090 777 1145 pro
811 1092 875 1132 eo
908 1079 1054 1151 quod
1089 1080 1260 1136 multa
1285 1081 1338 1135 in
1371 1080 1450 1136 eis
1477 1091 1728 1152 corrupta
1772 1091 1825 1136 et
1855 1099 1990 1136 con-

408 1173 491 1218 tra
527 1165 684 1220 fidem
721 1183 906 1223 veram
951 1169 1307 1229 inveniuntur
1350 1188 1381 1227 a
1424 1173 1726 1242 maioribus
1772 1173 1989 1240 tradita,

409 1269 518 1309 non
553 1255 756 1326 placuit
778 1259 859 1315 eis
882 1260 1000 1316 dari
1030 1262 1238 1329 locum,
1269 1279 1369 1320 nec
1401 1263 1612 1320 admitti
1644 1264 1709 1318 ad
1747 1263 1989 1319 auctori-

410 1355 597 1404 tatem.
632 1348 811 1424 Supra
839 1368 939 1409 nos
973 1363 1058 1414 est
1089 1358 1445 1426 pronuntiare
1487 1356 1554 1411 de
1596 1355 1814 1412 talibus.
1852 1356 1990 1411 illud

407 1449 589 1500 tamen
621 1444 799 1512 palam
829 1456 912 1502 est
941 1447 1112 1504 multa
1129 1450 1212 1505 vel
1235 1450 1303 1505 ab
1324 1450 1603 1521 apostolis,
1629 1451 1712 1507 vel
1735 1450 1803 1504 ab
1825 1465 1990 1504 evan-

410 1535 620 1603 gelistis
657 1540 900 1610 exempla
926 1556 1046 1595 esse
1074 1541 1311 1612 prolata,
1354 1552 1408 1597 et
1455 1542 1604 1599 Novo
1637 1542 1990 1598 Testamento

408 1625 636 1688 inserta,
667 1646 788 1700 quae
810 1632 862 1686 in
896 1633 981 1688 his
1013 1633 1310 1704 Scripturis
1334 1651 1472 1708 quas
1506 1636 1796 1690 canonicas
1821 1633 1989 1689 habe-

411 1735 556 1782 mus,
591 1737 870 1793 nunquam
902 1725 1154 1794 legimus,
1187 1725 1239 1780 in
1270 1727 1592 1797 apocryphis
1626 1736 1803 1780 tamen
1828 1722 1984 1780 inve-

410 1811 658 1879 niuntur,
685 1824 739 1870 et
758 1815 1034 1870 evidenter
1055 1832 1118 1870 ex
1147 1816 1280 1886 ipsis
1303 1816 1666 1885 ostenduntur
1687 1826 1986 1887 assumpta.

411 1902 516 1960 Sed
547 1919 614 1958 ne
647 1906 728 1960 sic
769 1906 989 1976 quidem
1039 1907 1192 1962 locus
1240 1908 1568 1979 apocryphis
1608 1909 1819 1962 dandus
1851 1917 1936 1962 est
1971 1928 1985 1964 :

407 2013 517 2053 non
547 1998 694 2054 enim
724 2000 1042 2058 transeundi
1073 2010 1200 2055 sunt
1237 2001 1455 2056 termini
1493 2014 1632 2071 quos
1679 2007 1989 2056 statuerunt

2094 626 2299 697 gelistze
2336 637 2526 682 sancto
2566 626 2771 698 Spiritu
2821 628 3008 696 repleti
3053 627 3310 682 sciverint
3343 627 3472 698 quid
3513 644 3670 683 assu-

2095 719 2350 773 mendum
2389 736 2453 774 ex
2488 720 2595 774 illis
2629 729 2776 775 esset
2815 718 3148 789 Scripturis,
3184 719 3382 789 quidve
3428 719 3670 773 refutan-

2093 809 2245 875 dnm;
2278 811 2435 865 nobis
2459 820 2637 866 autem
2671 827 2776 865 non
2804 818 2888 865 est
2929 811 3135 880 absque
3171 810 3414 880 periculo
3461 809 3667 879 aliquid

2093 900 2198 954 tale
2228 916 2575 971 prmsumere,
2599 903 2800 972 quibus
2826 916 2931 955 non
2960 912 3041 956 est
3066 911 3214 956 tanta
3243 901 3467 972 spiritus
3496 901 3670 954 abun-

2093 991 2298 1046 dantia.
2333 991 2399 1045 Et
2422 991 2542 1047 ideo
2571 993 2638 1047 de
2663 994 2915 1063 praesenti
2943 993 3211 1048 versiculo
3241 1008 3341 1047 nos
3370 1007 3488 1046 eam
3522 1001 3669 1046 tene-

2093 1099 2216 1138 mus
2239 1082 2533 1138 editionem
2571 1100 2734 1155 quam
2784 1099 2946 1153 supra
2989 1084 3344 1153 exposuimus
3369 1124 3384 1148 ,
3433 1082 3668 1136 maxime

2093 1191 2215 1230 cum
2245 1176 2466 1231 evidens
2493 1176 2546 1230 in
2572 1191 2636 1231 eo
2659 1176 2920 1230 habeatur
2940 1173 3238 1238 distinctio,
3265 1175 3355 1228 ubi
3385 1175 3460 1228 ait
3484 1193 3497 1227 :
3524 1173 3665 1227 Can-

2094 1267 2254 1320 ticum
2284 1268 2634 1335 canticorum,
2662 1268 2802 1338 qnod
2828 1279 2903 1321 est
2948 1267 3051 1336 ipsi
3085 1265 3376 1322 Salomoni.
3428 1265 3482 1320 Si
3520 1267 3665 1320 enim

2091 1359 2357 1414 voluisset
2409 1359 2632 1430 intelligi
2679 1359 3012 1414 canticorum
3050 1355 3360 1413 Salomonis
3400 1358 3504 1412 hoc
3546 1374 3668 1413 esse

2091 1445 2400 1513 Canticum,
2432 1448 2662 1504 dixisset
2720 1447 2938 1517 utique,
2988 1448 3272 1503 Canticum
3325 1448 3663 1502 canticorum

2091 1555 2214 1610 quae
2242 1550 2371 1596 sunt
2399 1539 2704 1606 Salomoni,
2732 1541 2816 1594 vel
2841 1541 3128 1596 Canticum
3159 1557 3223 1596 ex
3253 1541 3481 1596 canticis
3510 1540 3667 1594 Salo-

2091 1631 2273 1687 monis
2300 1649 2313 1686 :
2348 1647 2494 1686 nunc
2530 1641 2710 1686 autem
2746 1633 2874 1702 quia
2907 1633 3063 1698 dixit,
3095 1634 3233 1703 quod
3261 1642 3336 1686 est
3369 1630 3664 1693 Solomoui,

2091 1724 2399 1778 ostenditur
2426 1723 2572 1778 istud
2604 1723 2890 1778 Canticum
2928 1725 3070 1794 quod
3106 1733 3188 1778 est
3216 1723 3269 1777 in
3307 1724 3580 1788 manibus,
3613 1732 3668 1776 et

2091 1818 2237 1888 quod
2267 1828 2382 1873 erat
2412 1819 2461 1874 ei
2489 1817 2816 1882 canendum,
2847 1833 2968 1872 esse
3002 1811 3331 1871 Salomonis.
3366 1815 3431 1870 Et
3460 1817 3562 1870 hoc
3599 1819 3666 1870 de

2091 1910 2452 1966 attitulatione
2499 1926 2661 1981 quam
2695 1910 2975 1981 proposuit
3023 1911 3317 1966 continere.
3379 1908 3666 1967 Videamus

2091 2016 2220 2072 ergo
2243 2001 2355 2071 iam
2389 2009 2444 2056 et
2481 2016 2603 2070 qua:
2627 2008 2948 2070 sequuntur.

1604 2368 2510 2528 ORIGENIS

997 2667 1144 2778 IN

1275 2664 2031 2783 CANTICUM
2135 2660 3078 2778 CANTICORUM

1574 2898 1930 2987 LIBER
2006 2897 2504 2991 PRIMUS.

479 3231 615 3302 Cap.
651 3231 692 3297 l,
719 3247 862 3288 vers.
892 3232 944 3288 l.
983 3230 1264 3287 Oscutetur
1298 3245 1378 3283 me
1420 3230 1486 3285 ab
1509 3231 1688 3285 osculo
1735 3232 1844 3287 oris
1879 3234 1984 3287 sui.
2013 3235 2058 3296 ο
2091 3243 2414 3292 aestuantem
2449 3244 2579 3286 vero
2613 3228 2883 3286 desiderio
2929 3229 3154 3298 sponsi,
3181 3236 3238 3282 et
3280 3227 3497 3281 interno
3547 3226 3665 3281 vul-

410 3323 724 3380 Meminisse
753 3330 965 3392 oportet
992 3321 1125 3376 illud
1151 3322 1296 3391 quod
1319 3321 1374 3375 in
1401 3320 1720 3391 praefatione
1755 3337 1988 3391 praemo-

410 3415 658 3477 nuimus,
681 3415 809 3484 quia
827 3414 1040 3469 libellus
1062 3413 1152 3468 bic
1165 3412 1499 3482 epithalamii
1529 3412 1736 3469 habens
1755 3415 1988 3482 speciem

409 3505 674 3560 dramatls
696 3504 752 3558 in
782 3505 1003 3561 modum
1029 3505 1416 3560 conscribitur.
1445 3502 1643 3559 Drama
1662 3513 1846 3560 autem
1869 3520 1992 3560 esse

410 3599 653 3654 diximus
687 3597 779 3653 ubi
806 3605 967 3653 certae
991 3611 1242 3667 persona:
1273 3595 1722 3666 introducuntur,
1753 3612 1875 3666 qua:
1909 3597 1990 3652 lo-

411 3701 675 3763 quuntur,
702 3700 757 3747 et
789 3692 908 3748 alia;
935 3692 1210 3748 interdum
1241 3693 1652 3764 superveniunt,
1685 3693 1804 3748 alite
1834 3706 1988 3747 rece-

409 3783 568 3847 dunt,
601 3789 695 3836 aut
723 3783 1026 3847 accedunt,
1060 3791 1116 3838 et
1152 3783 1232 3840 sic
1270 3791 1444 3838 totum
1491 3783 1546 3837 in
1593 3783 1988 3840 mutationibus

412 3871 592 3942 agitur
617 3887 996 3941 personarum.
1025 3870 1148 3928 Haec
1177 3888 1306 3944 ergo
1329 3873 1438 3928 erit
1469 3873 1634 3929 totius
1663 3874 1830 3928 libelli
1857 3889 1982 3944 spe-

411 3964 543 4030 cies,
579 3973 632 4020 et
654 3963 956 4019 secundum
984 3963 1126 4018 hanc
1152 3979 1249 4033 pro
1281 3965 1494 4019 viribus
1516 3965 1777 4020 historica
1805 3982 1838 4022 a
1884 3982 1986 4022 no-

413 4057 498 4111 his
523 4056 800 4125 aptabitur
826 4056 1112 4124 expositio.
1159 4055 1432 4124 Spiritalis
1469 4071 1600 4111 vero
1631 4057 1984 4126 intelligentia

411 4148 710 4202 secundum
743 4148 848 4204 hoc
869 4149 1229 4204 nihilominus
1266 4149 1412 4218 quod
1462 4149 1517 4202 in
1545 4146 1863 4218 praefatione
1913 4149 1987 4202 si-

409 4241 718 4310 gnavimus,
747 4241 831 4297 vel
859 4242 927 4296 de
954 4242 1196 4298 Ecclesia
1224 4242 1291 4297 ad
1317 4240 1596 4297 Christum
1635 4241 1740 4295 sub
1771 4255 1988 4311 sponsas

409 4332 493 4387 vel
519 4334 704 4402 sponsi
737 4333 915 4398 titulo,
941 4335 1026 4389 vel
1053 4335 1121 4389 de
1155 4334 1352 4390 anima:
1372 4351 1496 4390 cum
1525 4333 1702 4390 Verbo
1733 4335 1826 4390 Dei
1856 4351 1987 4390 con-

404 4423 689 4492 iunctione
743 4422 1015 4494 dirigitur.
1072 4425 1442 4482 introducitur
1489 4441 1621 4496 ergo
1677 4441 1824 4481 nunc
1892 4441 1986 4496 per

412 4513 654 4570 historia:
702 4515 937 4584 speciem
994 4530 1196 4585 sponsa
1248 4518 1495 4588 quaedam
1553 4533 1676 4587 quae
1746 4519 1988 4588 suscepit

408 4602 657 4672 quaedam
715 4605 1114 4673 sponsaliorum
1164 4615 1220 4660 et
1269 4607 1413 4662 dotis
1455 4608 1614 4662 titulo
1658 4607 1982 4679 dignissima

410 4707 636 4749 munera
662 4695 731 4749 ab
756 4710 960 4765 sponso
986 4696 1326 4753 nobilissimo
1362 4699 1486 4753 :sed
1513 4698 1748 4768 plurimo
1778 4708 1989 4770 tempo-

409 4800 469 4840 re
500 4800 709 4841 moram
744 4785 976 4844 faciente
1004 4804 1227 4858 sponso,
1261 4791 1538 4846 sollicitari
1564 4806 1682 4846 eam
1715 4792 1988 4848 desiderio

407 4875 614 4930 amoris
647 4876 754 4942 sui,
789 4888 845 4932 et
866 4878 1060 4933 conﬁci
1089 4879 1357 4948 iacentem
1388 4880 1534 4936 domi
1571 4896 1705 4948 suae,
1737 4891 1984 4952 agentem

405 4966 516 5037 37
546 4969 731 5023 omnia
769 4980 1040 5038 quatenus
1069 4972 1246 5040 possit
1277 4971 1572 5041 aliquando
1605 4974 1789 5029 videre
1820 4989 1989 5044 spon-

409 5075 530 5116 sum
563 5075 746 5128 suum,
781 5071 947 5132 atque
988 5065 1192 5119 osculis
1224 5065 1344 5134 eius
1391 5065 1520 5122 frui.
1565 5066 1698 5133 Quae
1723 5068 1985 5138 quoniam

409 5166 510 5207 nec
540 5151 746 5208 dill'erri
781 5169 1024 5210 amorem
1072 5171 1268 5221 suum,
1311 5173 1410 5213 nec
1453 5157 1681 5227 adipisci
1730 5173 1789 5213 se
1823 5173 1986 5228 posse

409 5241 556 5312 quod
598 5242 880 5299 desiderat
923 5245 1098 5310 videt,
1138 5254 1422 5301 convertat
1463 5260 1523 5301 se
1555 5247 1622 5300 ad
1655 5247 1980 5311 orationem,

407 5341 462 5388 et
498 5335 765 5404 supplicet
813 5334 948 5398 Deo,
997 5336 1177 5391 sciens
1224 5351 1344 5390 eum
1377 5335 1594 5391 Patrem
1635 5352 1758 5392 esse
1797 5341 1983 5408 sponsi

406 5424 511 5478 sui.
539 5424 965 5482 Consideremus
993 5441 1124 5498 ergo
1157 5443 1276 5482 eam
1308 5428 1573 5484 levantem
1617 5437 1835 5485 sanctas
1864 5445 1982 5485 ma-

405 5530 510 5568 nus
541 5515 660 5569 sine
696 5516 773 5570 ira
811 5525 866 5571 et
905 5517 1306 5588 disceptatione
1333 5519 1387 5574 in
1414 5518 1601 5574 habitu
1630 5528 1825 5575 ornato
1853 5535 1979 5576 cum

404 5605 731 5660 verecundia
761 5615 814 5661 et
837 5607 1150 5674 sobrietate,
1180 5618 1430 5663 ornatam
1462 5609 1798 5680 dignissimis
1826 5627 1984 5666 orna-

405 5695 638 5762 mentis,
678 5697 880 5765 quibus
928 5701 1114 5755 ornari
1166 5700 1322 5758 decet
1373 5701 1609 5758 nobilem
1664 5717 1917 5773 sponsam
1963 5724 1976 5761 :

477 5835 524 5869 ⁸⁹
553 5835 734 5893 Galat.
768 5852 854 5904 ιιι,
884 5837 972 5892 l9.

2091 3339 2222 3380 nere
2249 3325 2456 3378 amoris
2488 3322 2769 3395 agitatam,
2793 3319 3123 3384 orationem,
3156 3327 3217 3374 ut
3243 3319 3506 3383 diximus,
3538 3319 3665 3372 fun-

2091 3413 2221 3470 dere
2248 3414 2315 3468 ad
2354 3413 2546 3478 Deum,
2571 3423 2624 3468 et
2650 3412 2831 3467 dicere
2872 3410 2939 3465 de
2981 3425 3185 3480 sponso
3213 3427 3318 3466 suo
3344 3427 3356 3462 :
3387 3409 3666 3464 Oscaletar

2093 3521 2175 3559 me
2204 3505 2269 3558 ab
2303 3504 2483 3559 osculo
2531 3504 2641 3558 oris
2687 3503 2792 3556 sui.
2841 3499 2968 3555 Haec
2999 3509 3272 3568 suntquae
3318 3500 3580 3553 dramatis
3611 3499 3664 3552 in

2093 3596 2318 3653 modum
2371 3596 2672 3664 composita
2729 3593 2989 3649 historica
3037 3593 3282 3646 continet
3332 3591 3663 3660 explanatio.

2092 3685 2319 3742 Interior
2349 3701 2477 3741 vero
2509 3686 2814 3740 intellectus
2845 3684 3126 3738 videamus
3161 3682 3208 3737 si
3240 3683 3344 3736 hoc
3373 3681 3534 3736 modo
3568 3698 3664 3750 po-

2091 3777 2214 3832 terit
2265 3785 2632 3846 competenter
2678 3775 2876 3845 aptari.
2927 3773 3171 3828 Ecclesia
3225 3773 3296 3827 sit
3347 3773 3666 3827 desiderans

2086 3867 2306 3922 Christo
2336 3867 2614 3936 conjungi.
2649 3864 2947 3922 Ecclesiam
2972 3875 3153 3919 autem
3184 3874 3383 3920 cretum
3418 3865 3664 3918 omnium

2088 3962 2305 4017 adverte
2359 3971 2700 4018 sanctorum.
2759 3961 2882 4017 Haec
2933 3975 3066 4030 ergo
3109 3959 3350 4014 Ecclesia
3399 3961 3468 4014 sit
3506 3960 3664 4027 quasi

2087 4052 2330 4107 omnium
2365 4069 2470 4106 una
2505 4068 2760 4122 persona,
2793 4069 2915 4122 qua:
2948 4054 3206 4122 loquatur
3232 4063 3286 4106 et
3307 4052 3451 4105 dicat
3485 4071 3498 4104 :
3529 4049 3661 4105 0m-

2089 4143 2178 4196 nEa
2216 4143 2410 4207 habeo,
2442 4146 2644 4214 repleta
2673 4160 2794 4201 sum
2836 4145 3158 4199 muneribus
3198 4160 3321 4212 qua:
3356 4142 3662 4211 sponsalio-

2090 4248 2213 4288 rum
2249 4236 2334 4290 vel
2379 4235 2523 4292 dotis
2555 4237 2710 4290 titulo
2755 4245 2880 4291 ante
2923 4237 3141 4304 nuptias
3177 4236 3406 4304 sumpsi.
3451 4234 3666 4288 Dudum

2088 4327 2236 4380 enim
2266 4343 2389 4382 cum
2443 4343 2777 4398 prtepararer
2809 4329 2876 4382 ad
2924 4328 3240 4397 coniugium
3286 4327 3382 4381 lilii
3439 4326 3580 4395 regis
3611 4335 3668 4382 et

2089 4419 2438 4489 primogeniti
2487 4419 2670 4474 omnis
2718 4429 3003 4484 creatura,
3034 4419 3280 4473 obsecuti
3314 4428 3442 4473 sunt
3472 4428 3527 4473 et
3557 4419 3664 4473 mi-

2090 4511 2462 4566 nistraverunt
2500 4510 2633 4564 mihi
2678 4509 2856 4578 angeli
2891 4510 3066 4564 sancti
3093 4510 3232 4577 ejus,
3263 4509 3568 4565 deferentes
3596 4511 3664 4564 ad

2092 4617 2178 4656 me
2205 4603 2376 4671 legem
2410 4600 2682 4670 sponsalis
2713 4601 2956 4656 muneris
2983 4601 3121 4656 loco.
3165 4601 3272 4657 Lex
3305 4617 3541 4672 namque
3571 4619 3666 4671 per

2091 4691 2315 4762 angelos
2371 4689 2638 4759 disposita
2681 4689 2886 4745 dicitur
2931 4690 2985 4744 in
3033 4706 3198 4745 manu
3250 4693 3567 4748 mediatoris
3593 4694 3660 4747 ".

2090 4783 2541 4840 Ministraverunt
2592 4782 2726 4836 mihi
2781 4782 2943 4837 etiam
2987 4783 3282 4854 propheta.
3316 4784 3507 4841 Locuti
3537 4796 3668 4841 sunt

2089 4879 2233 4934 enim
2262 4877 2448 4933 omnia
2495 4889 2548 4932 et
2587 4876 2712 4946 ipsi,
2741 4892 2836 4946 per
2867 4892 2989 4946 qua:
3031 4893 3140 4933 non
3189 4877 3367 4933 solum
3411 4878 3666 4933 ostende-

2089 4979 2212 5025 rent
2241 4978 2296 5024 et
2327 4967 2631 5024 indicarent
2658 4966 2790 5022 mihi
2817 4967 2884 5023 de
2907 4967 3048 5022 Filio
3082 4967 3198 5034 Dei,
3229 4968 3319 5024 cui
3355 4985 3441 5024 me
3471 4969 3665 5024 delatis

2093 5062 2178 5118 his
2210 5078 2332 5132 qua
2357 5060 2694 5131 appellantur
2735 5060 2913 5116 arrhis
2944 5069 3000 5115 et
3042 5060 3360 5116 muneribus
3386 5061 3665 5117 dotalibus

2091 5154 2360 5225 spondere
2387 5152 2714 5224 cupiebant:
2747 5168 2936 5209 verum
2985 5163 3047 5206 ut
3089 5161 3143 5206 et
3175 5153 3229 5207 in
3278 5167 3520 5208 amorem
3577 5171 3664 5208 me

2089 5247 2210 5318 eius
2241 5247 2683 5316 desideriumque
2728 5245 3124 5302 succenderent
3172 5247 3666 5314 pronuntiaverunt

2090 5339 2226 5394 mihi
2273 5338 2603 5409 propheticis
2648 5338 2877 5394 vocibus
2914 5336 2982 5392 de
3033 5336 3264 5392 adventu
3308 5337 3430 5408 eius
3455 5376 3470 5400 ,
3511 5347 3565 5392 et
3595 5339 3665 5392 de

2089 5429 2393 5486 innumeris
2432 5429 2746 5495 virtutibus,
2794 5429 3161 5499 operibusque
3211 5428 3332 5498 eius
3380 5428 3662 5484 immensis

2089 5523 2279 5593 repleti
2317 5520 2521 5590 Spiritu
2565 5529 2757 5576 sancto
2794 5519 3248 5591 praedicaverunt.
3294 5519 3663 5576 Pulchritudi-

2089 5631 2209 5670 nem
2239 5629 2455 5684 quoque
2502 5614 2653 5682 eius,
2685 5621 2740 5667 et
2787 5612 3045 5682 speciem,
3077 5628 3144 5667 ac
3187 5613 3662 5670 mansuetudinem

2087 5707 2514 5776 descripserunt,
2542 5706 2614 5760 ita
2650 5714 2707 5761 ut
2738 5703 2996 5762 omnibus
3027 5704 3113 5760 his
3157 5705 3224 5761 ad
3271 5720 3512 5762 amorem
3542 5706 3664 5777 eius
