4134 6432
437 379 503 435 87
1491 374 1817 432 ORIGENIS
1855 370 1918 428 IN
1956 368 2318 425 CANTICIJM
2357 367 2633 424 CANTIC.
3616 362 3684 415 88

435 500 543 568 sui,
575 499 857 572 subjungit
905 510 1026 571 post
1069 501 1181 555 haec
1231 500 1294 554 ad
1329 507 1644 568 praesentem
1690 499 1803 567 jam
1849 512 2010 565 spon-
2041 497 2083 551 Α
2184 491 2288 546 Sed
2341 505 2485 544 nunc
2531 488 2885 544 considerans
2914 486 3052 540 banc
3095 484 3416 549 doctrinam,
3455 496 3578 552 quae
3617 496 3682 534 cs

437 608 584 659 sum,
617 592 806 648 dicens
833 609 848 644 :
890 595 1038 645 Bona
1068 592 1225 644 ubera
1273 606 1363 642 tua
1396 605 1552 657 super
1579 589 1780 652 vinum,
1805 597 1852 641 et
1880 586 2010 639 odor

435 694 822 753 unguentorum
873 693 1079 736 tuorum
1133 698 1289 749 super
1333 681 1510 734 omnia
1566 688 1829 733 aromata.
1888 675 2013 732 "ac

435 776 654 829 interim
689 774 987 828 secundum
1028 773 1343 828 historicam
1382 771 1813 840 intelligentiam,
1844 786 2008 840 quam

434 863 698 917 dramatis
728 864 781 917 in
810 864 1028 916 modum
1063 863 1416 933 praediximus
1447 873 1668 918 textam.
1703 861 1856 917 Nunc
1881 878 2010 917 vero

432 954 562 1024 quid
607 954 911 1008 intellectus
959 955 1187 1009 interior
1241 955 1468 1021 habeat,
1514 957 1878 1024 requiramus.
1919 954 2010 1008 Dio

433 1045 604 1099 versis
638 1045 914 1100 vocabulis
941 1046 1242 1116 principale
1271 1046 1452 1101 cordis
1484 1047 1744 1117 appellari
1776 1047 1828 1100 in
1859 1047 2008 1100 Scri-

433 1136 608 1203 pturis
635 1136 836 1191 divinis
885 1136 1217 1203 invenimus,
1254 1153 1376 1208 qme
1399 1139 1663 1192 vocabula
1692 1154 1788 1206 pro
1826 1138 2009 1192 causis

431 1242 495 1280 ac
523 1226 686 1282 rebus
731 1227 798 1281 de
829 1227 1030 1294 quibus
1076 1229 1255 1298 agitur
1297 1228 1470 1298 aptari
1499 1229 1696 1284 solent.
1730 1228 2006 1284 Interdum

428 1317 573 1370 enim
608 1333 705 1374 cor
737 1317 956 1382 dicitur,
992 1328 1051 1373 ut
1084 1336 1096 1370 :
1142 1319 1297 1373 Beati
1351 1321 1544 1374 mundo
1595 1321 1749 1374 corde
1778 1321 1852 1386 ”;
1905 1329 1956 1374 et
1990 1335 2001 1370 :

429 1406 601 1462 Corde
648 1409 884 1462 creditur
938 1410 1007 1462 ad
1041 1411 1315 1480 justitiam
1364 1411 1432 1465 ”.
1486 1411 1544 1466 Si
1597 1427 1726 1466 vero
1772 1408 2005 1466 convivii

428 1506 646 1566 tempus
692 1498 782 1566 sit,
821 1513 918 1568 pro
964 1501 1143 1570 specie
1188 1510 1242 1555 et
1287 1501 1476 1556 ordine
1519 1501 2004 1565 discumbentium,

428 1588 514 1640 vel
561 1589 718 1644 sinus
763 1592 847 1644 vel
899 1601 1087 1661 pectus
1119 1593 1421 1662 appellatur
1451 1609 1464 1645 :
1498 1594 1642 1647 sicut
1679 1592 1918 1648 Joannes
1951 1593 2005 1646 in

430 1677 726 1751 Evangelia
760 1682 926 1738 refert
957 1684 1024 1740 de
1050 1683 1286 1754 quodam
1335 1685 1602 1754 discipulo
1637 1702 1798 1755 quem
1854 1701 2007 1740 ama-

431 1771 522 1825 bat
545 1770 724 1837 Jesus,
756 1774 901 1844 quod
938 1775 992 1829 in
1040 1777 1163 1831 sinu
1195 1775 1314 1846 ejus
1355 1777 1438 1831 vel
1471 1793 1636 1847 supra
1668 1787 1856 1847 pectus
1885 1778 2006 1846 ejus

2114 582 2376 637 uberibus
2405 579 2626 652 proﬂuit
2667 579 2874 649 sponsi,
2919 578 3150 631 miratur
3179 584 3234 630 et
3262 581 3465 643 stupet,
3497 571 3685 624 videns

2111 690 2229 728 eam
2261 675 2421 743 longe
2466 671 2896 742 praestantiorem
2930 683 3092 737 quam
3136 667 3282 721 illam
3326 680 3392 719 es
3422 680 3528 733 qua
3559 673 3682 716 ante

2112 766 2402 819 adventum
2438 763 2624 833 sponsi
2653 761 2917 816 laztificata
2949 759 3144 825 fuerat,
3177 767 3437 827 tanquam
3459 770 3525 809 es
3557 754 3684 807 vino

2111 856 2338 924 Spiritali
2392 854 2538 924 quod
2592 851 2973 908 ministrabant
3019 850 3191 905 sancti
3238 857 3420 917 patres
3465 855 3521 900 et
3553 860 3684 916 pro-

2111 949 2305 1016 phette,
2335 947 2427 1017 qui
2453 946 2616 1000 etiam
2647 946 2807 1014 hujus
2832 943 3045 1015 generis
3071 944 3448 1013 plantaverunt
3474 939 3682 1004 vineas,

2112 1051 2170 1094 ut
2218 1041 2328 1096 Noe
2379 1041 2589 1110 primus
2633 1039 2699 1104 ",
2752 1050 2807 1093 et
2866 1037 3035 1092 lsaias
3091 1037 3145 1090 in
3212 1049 3382 1090 cornu
3446 1033 3499 1086 in
3563 1031 3684 1086 loco

2110 1130 2263 1186 uberi
2289 1133 2358 1196 ”,
2387 1140 2443 1184 et
2487 1132 2772 1184 coluerunt
2811 1143 2924 1182 eas.
2956 1126 3156 1181 Videas
3188 1139 3318 1195 ergo
3358 1137 3501 1176 nunc
3550 1123 3684 1175 mul-

2111 1235 2217 1280 tam
2267 1239 2390 1280 esse
2418 1221 2769 1277 eminentiam
2814 1218 3126 1289 dogmatum
3173 1225 3228 1271 et
3269 1215 3509 1270 scicntia:
3537 1215 3681 1284 apud

2109 1329 2394 1385 sponsum,
2426 1321 2480 1367 et
2532 1311 2689 1380 longe
2731 1326 2797 1365 cx
2846 1325 2911 1364 eo
2962 1307 3336 1378 perfectiorem
3373 1321 3538 1375 quam
3579 1304 3684 1359 fuit

2109 1407 2250 1475 apud
2277 1405 2536 1474 antiquos
2566 1416 2822 1456 emanare
2856 1400 3156 1454 doctrinam
3184 1399 3310 1452 dicit
3343 1415 3355 1451 :
3381 1395 3530 1450 Bona
3558 1406 3682 1448 sunt

2108 1497 2268 1549 ubera
2299 1505 2389 1548 tua
2431 1509 2584 1562 super
2624 1493 2832 1554 uiuum;
2865 1507 3029 1560 super
3067 1491 3212 1544 illam
3243 1489 3446 1543 scilicet
3480 1486 3685 1540 doctrio

2110 1603 2236 1642 nam
2263 1603 2369 1657 qua
2405 1584 2716 1640 laztilicabar
2754 1582 2823 1635 ab
2865 1582 3123 1651 antiquis.
3159 1579 3231 1634 De
3268 1580 3369 1633 hoc
3401 1579 3547 1632 enim
3586 1593 3686 1632 an-

2111 1682 2386 1750 tiquorum
2424 1679 2551 1733 vino
2579 1676 2958 1746 intelligendus
2984 1684 3066 1729 est
3093 1672 3448 1727 Ecclesiastes
3479 1671 3682 1734 dicere,

2110 1773 2202 1828 ubi
2249 1773 2364 1827 ait:
2397 1770 2509 1842 Ego
2537 1770 2652 1824 dixi
2697 1771 2753 1823 in
2799 1769 2954 1822 corde
3006 1775 3166 1820 meo:
3221 1763 3364 1827 Veni,
3395 1772 3442 1816 et
3473 1766 3684 1816 tentabo

429 1862 796 1929 recumberet;
850 1864 939 1919 ille
969 1841 1238 1935 profecto‘
1261 1867 1348 1922 cui
1399 1841 1635 1924 innueus
1668 1841 1872 1924 Simon
1904 1841 2002 1925 l’e-
2035 1841 2077 1896 B
2109 1875 2158 1921 te
2179 1867 2234 1920 in
2265 1866 2480 1928 laetitia,
2519 1863 2696 1917 ridebo
2742 1864 2797 1915 in
2831 1861 2962 1914 bono
2995 1869 3033 1912 I.
3062 1857 3128 1911 Et
3173 1857 3365 1911 iterum
3394 1855 3461 1908 de
3491 1855 3680 1908 iisdem

424 1961 543 2006 trus
596 1953 854 2009 dicebat:
908 1955 1187 2028 Interroga
1238 1960 1356 2030 quis
1389 1961 1473 2013 hic
1523 1962 1588 2014 de
1635 1978 1734 2034 quo
1776 1962 1906 2016 dicit
1934 1961 1999 2018 ".

421 2039 551 2097 Post
579 2043 694 2098 haec
721 2061 851 2102 vero
899 2049 1224 2104 recumbens
1259 2064 1424 2120 super
1454 2060 1646 2121 pectus
1687 2051 1846 2117 Jcsu,
1871 2053 2006 2108 dicit

422 2133 472 2187 ei
507 2151 521 2187 :
570 2133 826 2201 Domine,
872 2139 989 2207 quis
1041 2148 1117 2194 est
1155 2139 1324 2195 "‘Pln
1367 2141 1451 2197 his
1489 2143 1632 2197 enim
1677 2153 1883 2198 certum
1919 2154 2005 2200 est

423 2225 572 2292 quod
621 2225 860 2283 Joannes
907 2229 960 2282 in
1009 2231 1295 2301 principali
1351 2234 1533 2289 cordis
1576 2233 1704 2290 Jesu
1752 2246 1916 2306 atque
1947 2237 2000 2290 in

424 2315 654 2372 internis
681 2318 942 2374 doctrina:
965 2321 1084 2391 ejus
1114 2323 1365 2378 sensibus
1400 2325 1734 2394 requievisse
1765 2325 1999 2391 dicatur,

427 2407 503 2462 ibi
538 2409 824 2478 requirens
850 2419 903 2465 et
935 2422 1286 2482 perscrutans
1313 2414 1603 2470 thesauros
1638 2417 1920 2486 sapientia:
1949 2427 2002 2473 et

423 2499 667 2555 scientiae
713 2500 806 2571 qui
841 2504 1101 2557 reconditi
1144 2515 1299 2560 erant
1334 2505 1389 2560 in
1435 2506 1660 2562 Christo
1709 2506 1858 2563 Jesu.
1894 2507 1999 2564 Sed

422 2589 569 2658 quod
615 2589 768 2646 sinus
795 2591 998 2646 Christi
1052 2593 1104 2647 in
1155 2595 1272 2650 loco
1315 2598 1634 2667 dogmatum
1680 2607 1998 2655 sanctorum

424 2679 740 2749 accipiatur,
773 2691 904 2751 puto
931 2683 1188 2740 indecens
1217 2701 1326 2740 non
1370 2688 1563 2743 videri.
1600 2689 1836 2747 Diversis
1867 2706 1998 2762 ergo

424 2771 620 2835 modis,
655 2780 716 2826 ut
758 2772 940 2828 dicere
985 2789 1350 2844 coeperamus,
1401 2778 1704 2849 principale
1729 2780 1909 2835 cordis
1941 2781 1996 2834 in

423 2861 723 2933 Scripturis
764 2866 971 2921 sanctis
1015 2867 1355 2938 designatur,
1384 2871 1526 2927 sicut
1568 2881 1623 2927 et
1660 2873 1716 2927 in
1759 2872 2000 2928 Levitico

424 2956 781 3012 nihilominus
809 2956 874 3021 ⁸⁸,
905 2958 997 3012 ubi
1029 2959 1096 3014 de
1123 2960 1408 3018 sacriﬁciis
1437 2964 1811 3033 pectusculum
1838 2979 1999 3032 sepa-

423 3051 674 3117 rationis,
719 3063 773 3108 et
823 3055 1107 3110 brachium
1153 3055 1529 3112 sacerdotibus
1575 3063 1998 3126 sequestratur:

2108 1961 2281 2016 vineis
2312 1960 2544 2029 loquens
2575 1957 2713 2010 idem
2747 1954 3104 2010 Ecclesiastes
3139 1950 3270 2005 dicit
3305 1967 3316 2001 :
3349 1946 3684 2016 Magni/itaet

2106 2051 2238 2104 mihi
2287 2067 2414 2118 opus
2470 2064 2674 2111 meum,
2733 2045 2990 2114 tedificavi
3044 2042 3172 2095 mihi
3209 2041 3412 2103 dontos,
3445 2036 3683 2106 plautart'

2105 2141 2236 2194 mihi
2270 2141 2466 2202 vineas,
2514 2139 2612 2207 feci
2649 2137 2776 2191 mihi
2807 2136 2984 2189 hortos
3014 2143 3062 2187 et
3090 2129 3369 2201 paradisus
3397 2131 3439 2189 ’,
3466 2135 3520 2181 et
3551 2125 3681 2180 reli-

2104 2248 2235 2302 qua.
2272 2231 2411 2286 Sunt
2437 2239 2615 2284 autem
2665 2228 2830 2296 hujus
2861 2227 3030 2280 vincte
3059 2220 3272 2293 mystici
3313 2219 3474 2274 etiam
3510 2217 3677 2270 mini-

2105 2325 2203 2378 stri
2237 2323 2482 2392 quidam,
2512 2321 2605 2391 qui
2632 2320 2739 2374 vini
2766 2320 2979 2372 fusores
3011 2313 3370 2385 appellantur.
3415 2309 3505 2365 Sic
3534 2308 3680 2363 enim

2103 2417 2244 2471 idem
2281 2415 2415 2470 dicit
2449 2432 2460 2468 :
2501 2411 2568 2466 Et
2619 2412 2718 2480 feci
2767 2409 2893 2463 mihi
2937 2416 3176 2460 cantores
3204 2413 3252 2458 et
3283 2402 3600 2456 cantatrices
3625 2401 3684 2454 in

2101 2508 2295 2564 laetitia
2323 2507 2558 2576 filiorum
2603 2504 2895 2567 hominum,
2925 2499 3029 2554 vini
3060 2498 3263 2568 fusores
3309 2505 3360 2549 et
3402 2495 3511 2548 vini
3542 2493 3680 2562 fusi-

2101 2606 2257 2659 trices
2288 2604 2328 2658 ³.
2366 2601 2494 2656 Vide
2524 2617 2655 2669 ergo
2688 2598 2733 2652 si
2767 2595 3042 2667 possimus
3073 2601 3186 2646 tum
3217 2590 3273 2644 in
3307 2588 3538 2652 caeteris,
3565 2594 3681 2640 tum

2059 2698 2264 2755 'etiam
2300 2698 2354 2751 in
2391 2697 2494 2750 hoc
2526 2691 2636 2763 39
2667 2690 2965 2760 intelligere
2995 2683 3332 2740 Salvaturem
3359 2678 3525 2734 veteri
3554 2677 3684 2731 vino

2099 2789 2312 2844 novella
2348 2787 2579 2840 uberum
2636 2797 2861 2836 suorum
2909 2778 3113 2832 ﬂuenta
3168 2775 3509 2835 miscentem,
3552 2781 3679 2823 eum

2099 2877 2268 2933 Maria
2296 2885 2350 2930 et
2375 2871 2574 2941 Josepb
2605 2878 2909 2940 quaerentes
2934 2869 3237 2921 invenerunt
3267 2879 3384 2917 eum
3407 2862 3463 2914 in
3489 2858 3682 2928 templo

2100 2967 2364 3022 sedentem
2421 2966 2477 3017 in
2529 2961 2700 3016 medio
2753 2960 3048 3023 doctorum,
3091 2965 3141 3009 et
3183 2955 3486 3006 audientem
3528 2958 3684 3018 atque

2099 3057 2508 3124 interrogantem
2532 3066 2641 3113 eos,
2665 3049 2884 3118 quando
2904 3055 2953 3100 et
2977 3045 3310 3098 mirabantur
3332 3055 3507 3094 omnes
3530 3054 3688 3106 super

422 3152 478 3196 et
513 3143 569 3197 in
602 3144 705 3199 hoc
752 3155 1152 3215 sequestratmn
1183 3161 1245 3202 ac
1285 3155 1595 3216 separatum
1622 3148 1998 3218 pectusculum
2028 3185 2070 3245 α
2104 3146 2367 3216 responsis
2397 3144 2512 3213 ejus
2542 3142 2583 3196 ⁸.
2624 3139 2728 3195 Sed
2760 3149 2816 3194 et
2845 3137 2919 3191 ibi
2956 3133 3210 3190 fortassis
3252 3131 3464 3200 species
3495 3127 3688 3182 format

463 3243 468 3245 _
507 3233 522 3245 .
641 3235 692 3245 ..
1033 3237 1066 3245 ..
1486 3238 1499 3245 -
1619 3240 1630 3245 -
1865 3239 1876 3245 .
1957 3239 1969 3245 -
2108 3243 2117 3245 _
2186 3240 2198 3245 _
2409 3237 2424 3245 ,
2642 3234 2655 3245 ,
2679 3233 2692 3245 ,
2921 3230 2934 3245 ,
3087 3229 3097 3239 ,
3177 3234 3412 3245 Μηλψ
3459 3221 3684 3245 λη,Ιῷ

422 3243 475 3286 et
507 3233 817 3303 brachium,
857 3237 1169 3306 pmcclleus
1217 3247 1442 3292 caeteros
1486 3238 1768 3307 homines,
1795 3239 2000 3310 princi-

425 3327 546 3395 pale
570 3329 754 3384 cordis
784 3337 836 3382 et
873 3345 1101 3398 operam
1131 3329 1298 3385 dceus
1340 3330 1455 3384 vult
1489 3346 1610 3386 csse
1639 3330 1693 3386 in
1741 3332 2001 3388 sacerdo-

424 3419 589 3474 tibus.
616 3418 690 3474 De
719 3435 830 3490 quo
861 3421 1072 3490 plenius
1096 3421 1148 3475 in
1175 3421 1313 3476 libro
1340 3420 1603 3485 Levitico,
1628 3433 1791 3494 prout
1819 3422 2005 3478 Domi-

425 3528 528 3568 nus
563 3513 692 3567 dare
724 3513 976 3581 dignatus
1002 3521 1104 3578 est,
1139 3513 1516 3582 exposuimus.
1553 3512 1865 3570 Secundum
1889 3514 2005 3569 haec

422 3619 552 3674 ergo
583 3604 746 3660 etiam
790 3603 842 3657 in
878 3605 1130 3674 praesenti
1168 3605 1322 3669 loco,
1371 3605 1814 3676 quandoquidem
1847 3620 2002 3660 ama-

421 3695 625 3750 torium
675 3697 888 3752 videtur
939 3696 1126 3750 drama
1173 3697 1317 3766 quod
1377 3697 1588 3767 agitur,
1640 3698 1693 3751 in
1743 3697 2004 3753 uberibus

425 3785 722 3856 principale
755 3786 935 3841 cordis
965 3785 1350 3858 intelligamus,
1381 3796 1440 3842 ut
1473 3789 1575 3844 tale
1606 3788 1853 3843 videatur
1881 3804 2002 3845 esse

425 3877 572 3945 quod
625 3878 826 3933 dicitur
859 3896 872 3933 :
901 3877 1009 3934 Cor
1045 3887 1194 3932 tuum
1219 3919 1234 3945 ,
1265 3895 1298 3935 ο
1338 3895 1538 3951 sponse
1585 3896 1760 3945 meus,
1812 3881 1865 3936 id
1894 3891 1998 3946 est,

422 3969 674 4039 dogmata
704 3986 827 4040 quae
857 3971 994 4026 intra
1034 3981 1084 4028 te
1112 3988 1258 4037 sunt,
1284 3973 1368 4028 vel
1394 3973 1655 4028 doctrina:
1687 3974 1877 4044 gratia,
1911 3988 2004 4029 su-

428 4069 580 4123 perat
608 4076 769 4116 oumc
799 4063 1006 4128 vinum,
1037 4066 1179 4135 quod
1212 4080 1312 4120 cor
1337 4064 1579 4119 hominis
1613 4063 1890 4119 lastificare
1915 4077 2004 4118 so-

424 4160 515 4205 tet.
551 4150 704 4207 Sicut
727 4153 875 4208 enim
906 4157 962 4210 in
995 4158 1079 4212 his
1112 4158 1178 4212 de
1208 4155 1410 4227 quibus
1439 4153 1573 4209 dicit
1614 4169 1627 4205 :
1671 4152 1810 4218 Quia
1835 4151 2005 4206 Deum

424 4242 669 4298 uidebunt
691 4245 758 4310 ’⁷,
783 4260 878 4300 cur
902 4256 1269 4317 competenter
1307 4247 1512 4301 dictum
1545 4259 1666 4299 esse
1694 4243 1926 4308 videtur,
1951 4249 2006 4296 et

425 4335 567 4390 inter
609 4337 1012 4393 discumbentes
1065 4340 1219 4394 sinus
1267 4354 1331 4394 ac
1379 4347 1567 4408 pectus
1613 4335 1858 4407 ponitur,
1904 4349 2005 4404 pro

427 4426 615 4480 habitu
652 4428 772 4483 sine
805 4429 970 4485 dubio
997 4429 1459 4485 discumbentium
1494 4428 1783 4499 formaque
1811 4427 2004 4483 convi-

2106 3240 2272 3310 hujus
2304 3237 2570 3307 expletur,
2605 3233 2693 3287 ubi
2737 3230 3038 3287 ascendens
3085 3229 3140 3282 in
3176 3234 3415 3280 montem
3455 3221 3688 3277 docebat

2105 3329 2356 3402 populos,
2388 3336 2442 3383 et
2478 3327 2690 3382 dicebat
2721 3341 2734 3376 :
2766 3321 2979 3377 Dictum
3021 3330 3097 3374 est
3137 3315 3368 3386 antiquis
3395 3331 3414 3368 :
3447 3313 3566 3366 Non
3597 3329 3686 3366 oc-

2105 3423 2247 3477 cides
2270 3439 2288 3486 ;
2337 3437 2429 3491 ego
2474 3430 2650 3472 autem
2693 3418 2812 3470 dico
2842 3414 2985 3469 vobis
3025 3424 3043 3462 :
3077 3410 3260 3466 Omnis
3291 3408 3382 3478 qui
3431 3406 3685 3460 irascitur

2107 3512 2266 3582 fratri
2296 3527 2389 3563 suo
2415 3510 2529 3563 sine
2570 3523 2753 3573 causa,
2785 3521 2902 3559 reus
2933 3504 3070 3567 erit;
3115 3508 3170 3556 et
3197 3517 3211 3552 :
3252 3498 3462 3552 Dictum
3486 3502 3562 3548 est
3588 3510 3687 3546 an-

2107 3605 2310 3675 tiquis:
2357 3601 2476 3656 Non
2531 3599 2895 3662 adulterabis;
2953 3611 3045 3666 ego
3091 3602 3266 3647 autem
3318 3589 3435 3642 dico
3489 3586 3631 3640 vobis
3664 3599 3684 3637 :

2108 3698 2294 3754 Omnis
2321 3696 2412 3765 qui
2442 3694 2630 3749 uiderit
2656 3691 2924 3746 mulierem
2954 3689 3023 3742 ad
3046 3681 3515 3754 concupiscendum
3543 3693 3682 3739 eam,

2095 3792 2212 3862 jam
2245 3787 2532 3842 moechatus
2565 3794 2641 3839 est
2685 3798 2801 3838 eam
2847 3781 2901 3834 in
2947 3778 3103 3832 corde
3131 3791 3225 3830 suo
3255 3775 3296 3827 ⁵.
3330 3771 3388 3826 In
3419 3778 3684 3841 quantum

2103 3859 2232 3952 ergo
2263 3877 2514 3935 doctrina
2546 3875 2662 3930 hazc
2685 3873 2806 3944 ejus
2835 3868 3093 3942 praecellit
3125 3867 3271 3921 illam
3298 3862 3600 3932 antiquam,
3629 3859 3683 3911 in

2107 3982 2318 4029 tantum
2373 3983 2577 4041 Sponsa
2626 3964 2879 4034 intelligit
2909 3971 2964 4017 et
3011 3955 3331 4032 pronuntiat
3376 3954 3516 4008 bona
3562 3963 3687 4005 esse

2106 4066 2274 4122 ubera
2301 4063 2420 4132 ejus
2447 4075 2612 4130 super
2643 4058 2851 4112 viuum.

2163 4156 2268 4213 Sed
2299 4163 2353 4211 et
2390 4152 2537 4224 quod
2567 4165 2735 4206 vorax
2769 4146 2971 4203 dicitur
3008 4142 3180 4198 Filius
3217 4136 3474 4202 hominis,
3515 4142 3570 4190 et
3597 4132 3684 4188 bi-

2106 4250 2267 4312 bens,
2295 4255 2349 4301 et
2375 4244 2562 4300 dicunt
2587 4259 2600 4294 :
2635 4239 2770 4295 Ecce
2791 4237 2944 4292 homo
2970 4248 3135 4290 raras:
3160 4241 3208 4287 et
3233 4231 3411 4285 uiuunt
3435 4226 3612 4281 bibens
3628 4226 3684 4278 ':

2110 4339 2177 4396 ad
2213 4341 2318 4393 hoc
2363 4331 2722 4390 nihilominus
2764 4326 3027 4397 respicit:
3075 4322 3183 4378 tale
3213 4329 3268 4376 et
3320 4317 3450 4373 illud
3498 4316 3687 4370 vinum

2112 4428 2284 4485 fuisse
2329 4424 2479 4482 Cana
2521 4421 2753 4478 Galilaue
2798 4416 2945 4487 quod
2998 4412 3280 4470 bibebatur
3331 4408 3384 4462 in
3437 4405 3688 4462 convivio

424 4516 528 4578 vii;
563 4526 616 4572 et
660 4534 854 4576 rursus
902 4530 964 4576 ut
1008 4521 1151 4592 apud
1201 4521 1510 4575 sacerdotes
1542 4495 1920 4590 pectusculum
1952 4527 2007 4574 et
2037 4519 2081 4574 Β
2111 4519 2374 4591 nuptiali,
2409 4531 2521 4586 quo
2578 4511 2860 4567 deficiente
2906 4507 3033 4563 fecit
3071 4514 3125 4560 et
3166 4501 3310 4558 aliud
3366 4501 3552 4555 vinum
3597 4495 3686 4552 cui

425 4611 706 4666 brachium
761 4613 1003 4686 mysticis
1049 4612 1364 4682 designatur
1411 4611 1668 4680 eloquiis,
1718 4611 1793 4666 ita
1834 4611 2000 4667 etiam

423 4705 660 4760 arbitror
687 4706 741 4760 in
777 4705 1030 4777 praesenti
1064 4704 1208 4768 loco,
1243 4702 1331 4757 ubi
1366 4704 1666 4759 amantium
1701 4702 1924 4759 habitus
1949 4710 2006 4758 et

425 4798 698 4867 colloquia
728 4799 1136 4863 describuntur,
1163 4799 1472 4868 gratissime
1502 4798 1608 4852 hoc
1641 4796 1822 4865 ipsum
1855 4795 2006 4866 priu-

424 4891 599 4960 cipale
646 4891 829 4946 cordis
877 4891 930 4944 in
981 4891 1240 4948 uberibus
1291 4893 1644 4963 appellatum.
1683 4889 1832 4942 Bona
1875 4903 2006 4952 ergo

425 4992 555 5037 sunt
587 4984 757 5037 ubera
787 4982 992 5050 sponsi,
1031 4984 1472 5054 quandoquidem
1519 4981 1762 5036 thesauri
1798 4979 2006 5035 suntin

423 5075 505 5129 eis
554 5072 836 5142 sapientiae
887 5083 943 5127 et
988 5074 1230 5130 scientia:
1275 5074 1562 5130 reconditi.
1611 5070 1795 5125 Ubera
1821 5080 2003 5126 actem

425 5165 543 5219 haec
585 5165 714 5218 vino
761 5171 1045 5231 comparat
1098 5179 1321 5234 sponsa,
1375 5164 1468 5219 sed
1521 5163 1592 5218 ita
1636 5171 1921 5232 comparat
1949 5171 2006 5215 ut

426 5255 696 5326 praeferat.
729 5253 928 5309 Vinum
977 5263 1157 5309 autem
1208 5255 1298 5309 illa
1352 5253 1698 5325 intelligenda
1733 5262 1860 5308 sunt
1901 5253 2001 5306 do-

425 5362 604 5418 gurata
649 5357 699 5403 et
755 5348 1037 5412 doctrime,
1069 5363 1190 5418 quae
1238 5363 1334 5419 per
1383 5347 1554 5417 legem
1607 5357 1660 5400 et
1712 5345 2004 5415 prophetas

425 5451 550 5497 ante
579 5441 870 5496 adventum
910 5440 1098 5510 sponsi
1131 5454 1347 5494 sumere
1382 5453 1584 5508 sponsa
1627 5447 1999 5493 consueverat.

531 5619 578 5650 "
610 5615 799 5670 Matth.
832 5631 885 5675 v,
910 5614 960 5668 8.
1071 5615 1114 5646 ⁸³
1145 5613 1296 5668 Boni.
1336 5631 1387 5679 κ,
1428 5615 1511 5669 10.

1622 5615 1666 5646 ’⁸
1687 5614 1844 5670 Joan.
1884 5631 2000 5674 xui,
2044 5611 2135 5666 24.

2112 4590 2486 4668 testimonium
2522 4602 2753 4660 reddidit
2799 4599 3203 4656 architriclinus
3241 4595 3384 4666 quod
3432 4593 3502 4648 sit
3533 4590 3688 4644 valde

2111 4705 2349 4764 bonum.
2381 4707 2437 4754 et
2483 4711 2549 4752 eo
2593 4697 2721 4749 vino
2765 4691 2910 4763 quod
2956 4702 3252 4759 expensum
3295 4685 3473 4740 fuerat
3516 4681 3688 4737 multo

2116 4791 2497 4867 prastautius,
2529 4802 2654 4844 cum
2687 4785 2856 4841 dicit:
2885 4784 3070 4840 Omnis
3095 4782 3247 4836 homo
3287 4778 3454 4851 primo
3495 4774 3688 4828 bonum

2116 4864 2295 4939 uinum
2323 4881 2492 4952 ponit,
2526 4888 2577 4933 et
2609 4893 2728 4930 cum
2758 4874 3004 4930 inebriati
3033 4872 3251 4942 fuerint,
3285 4869 3340 4923 id
3365 4865 3506 4938 quod
3542 4864 3687 4916 dete-

2112 4978 2222 5032 rius
2247 4984 2361 5038 est;
2386 4983 2439 5026 tu
2464 4983 2637 5027 autem
2660 4967 2879 5025 seruasti
2904 4966 3079 5019 vinum
3099 4962 3290 5015 bonum
3313 4975 3474 5029 usque
3496 4956 3685 5009 nunc".

2112 5067 2215 5122 Sed
2249 5076 2302 5120 et
2330 5064 2677 5120 Salomonem
2709 5062 2802 5132 qui
2832 5074 2928 5130 pro
2963 5065 3182 5124 accepta
3210 5051 3302 5107 Dei
3336 5049 3601 5120 sapientia
3633 5049 3687 5102 iu

2109 5158 2469 5214 admiratione
2503 5154 2605 5210 fuit
2635 5154 2836 5224 regina:
2872 5150 3049 5211 Saba,
3076 5162 3200 5216 qua:
3228 5152 3451 5199 venerat
3481 5149 3690 5194 tentare

2063 5235 2067 5242 ’
2107 5264 2231 5304 eum
2267 5248 2318 5302 in
2355 5245 2788 5316 quaestionibus:
2819 5244 2872 5297 in
2898 5242 3099 5312 quibus
3128 5254 3254 5293 eum
3284 5236 3473 5291 eadem
3500 5233 3686 5301 regina

2112 5349 2387 5396 scrutetur
2419 5346 2473 5394 et
2503 5337 2750 5399 miretur,
2786 5336 2913 5390 audi
2953 5333 3292 5402 Scripturam
3325 5327 3686 5383 referentem;

2115 5433 2182 5488 Et
2213 5433 2364 5493 vidit,
2394 5431 2591 5500 inquit,
2623 5430 2804 5498 regina
2835 5425 2978 5481 Saba
3003 5441 3208 5480 onmem
3241 5422 3558 5492 sapientiam
3590 5418 3690 5473 Sa-

3221 5601 3265 5633 "
3302 5599 3489 5656 Matth.
3538 5613 3591 5661 v,
3630 5597 3688 5650 8.

2243 5612 2288 5643 ”
2321 5609 2451 5663 ibid.
2496 5609 2585 5663 25.
2698 5607 2745 5638 “
2787 5605 2964 5661 chit.
3010 5619 3105 5657 vn.

426 5689 472 5725 ο·
500 5665 990 5741 ‹;ρ,.’ῑ;έ;“’·θί;ει.
1147 5665 1520 5748 iugasti.
1601 5687 1619 5716 ι
1656 5665 2000 5741 ίιᾶιὶιῖ”.ι.’“”έ’

2105 5683 2137 5736 I.
2168 5682 2218 5736 8.
2299 5680 2321 5712 ⁵
2353 5679 2482 5734 Luc.
2515 5695 2572 5744 ιι,
2603 5678 2690 5743 46,
2724 5677 2812 5733 47.
2893 5677 2911 5708 ¹
2941 5674 3130 5730 Matth.
3155 5688 3207 5738 ν,
3239 5673 3328 5746 21,
3363 5671 3454 5734 ‘22,
3489 5665 3686 5735 27,28.

429 5755 447 5784 ‘
488 5755 680 5813 Hatth.
712 5773 784 5818 χι,
823 5756 902 5811 19.
981 5757 999 5784 ⁷
1041 5753 1194 5810 Joau.
1234 5771 1293 5818 ll,
1344 5756 1422 5809 l0.
