4134 6446
350 375 421 433 89
1715 370 1913 426 ιιΒΕιι
1949 370 2226 427 PRIMUS.
3547 375 3620 430 90

350 488 601 557 temonis,
625 497 677 543 et
702 487 916 541 domum
941 502 1101 557 quam
1135 484 1443 554 ludiﬁcabit,
1470 494 1789 554 apparatum
1814 502 1939 540 con-
1966 495 2015 547 Α
2043 485 2219 554 phetis
2246 503 2259 539 :
2288 500 2355 539 ex
2382 499 2494 553 quo
2527 484 2673 540 velut
2710 483 3079 554 praemeditata
3104 493 3222 540 erat
3249 501 3449 557 sponsa
3489 490 3631 546 lactt-

350 581 474 633 νὴ*ίὶ
500 579 635 648 ejus,
667 586 719 631 et
745 577 918 632 sedem
950 591 1231 642 puerorum
1268 575 1384 644 ejus
1426 583 1477 628 et
1508 575 1750 628 ordinent
1784 576 1945 629 mini-

352 678 585 723 strorum
618 667 756 736 ejus,
794 676 845 721 et
875 675 1040 721 uestes
1063 664 1202 733 ejus,
1239 673 1291 719 et
1334 666 1443 719 uini
1482 664 1687 733 fusores
1715 663 1853 733 ejus,
1893 673 1943 717 et

352 761 662 814 holocausta
693 757 833 827 eius,
866 773 985 827 qua:
1014 754 1270 825 oﬂerebat
1303 755 1360 809 in
1399 755 1555 809 domo
1590 753 1711 820 Dei,
1745 763 1794 811 et
1825 764 1944 808 stu-

353 851 563 918 refacta
595 857 673 902 est
695 847 738 912 ',
763 855 872 903 etc.
906 847 969 901 In
1000 845 1089 902 his
1122 859 1253 917 ergo
1278 845 1498 900 adverte
1521 844 1796 915 quomodo
1831 846 1945 900 haec

353 958 474 1010 qua:
506 939 655 995 venit
681 955 712 995 a
752 939 954 995 ﬁnibus
982 945 1146 995 terra
1177 936 1370 992 audire
1416 936 1741 1006 sapientiam
1785 934 1943 990 Salo-

354 1032 553 1097 monis,
582 1032 723 1087 inter
758 1039 952 1087 caetera
992 1030 1229 1086 miratur
1257 1037 1311 1085 et
1340 1028 1494 1085 cibos
1530 1027 1768 1084 convivii
1799 1028 1940 1097 ejus,

354 1125 438 1178 vel
474 1124 585 1178 vini
632 1122 847 1178 fusores
893 1122 1034 1192 ejus,
1081 1129 1137 1176 et
1177 1134 1342 1191 super
1385 1119 1472 1175 his
1518 1120 1718 1175 dicitur
1748 1120 1940 1175 obstu-

357 1211 561 1282 puisse.
590 1210 786 1268 Nescio
808 1219 989 1267 autem
1024 1210 1071 1267 si
1107 1210 1182 1265 ita
1210 1210 1449 1281 ineptam
1485 1219 1746 1280 putemus
1770 1208 1943 1265 fuisse

355 1299 618 1367 reginam,
645 1314 768 1369 quae
792 1298 863 1355 ob
891 1299 994 1355 hoc
1019 1307 1243 1354 venerat
1274 1315 1304 1353 a
1340 1298 1541 1354 ﬁnibus
1571 1310 1731 1353 terrm
1756 1310 1814 1353 ut
1842 1314 1943 1353 au-

359 1392 500 1445 diret
532 1391 856 1461 sapientiam
893 1389 1226 1458 Salomonis,
1264 1400 1324 1445 ut
1352 1391 1581 1447 miretur
1626 1391 1780 1447 cibos
1815 1406 1942 1446 cor-

360 1483 596 1551 porales,
648 1490 703 1537 et
743 1481 926 1536 vinum
968 1482 1116 1538 istud
1167 1496 1495 1550 commune,
1543 1498 1608 1539 ac
1651 1482 1943 1554 pincernas

357 1572 467 1627 vini
497 1572 550 1627 in
587 1571 889 1629 ministerio
922 1572 1088 1643 regis.
1137 1570 1280 1641 Quid
1318 1573 1462 1628 enim
1496 1573 1552 1627 in
1585 1573 1670 1628 his
1699 1573 1939 1627 admira-

353 1663 500 1718 tione
530 1663 752 1733 dignum
782 1665 983 1737 reginae
1015 1665 1285 1739 videatur,
1315 1680 1441 1735 qua;
1467 1665 1779 1720 communia
1806 1679 1945 1734 pene

353 1753 612 1811 omnibus
641 1765 771 1811 sunt
798 1756 1154 1813 hominibus?
1186 1753 1292 1810 Sed
1334 1755 1468 1809 mihi
1500 1756 1715 1811 videtur
1740 1754 1939 1810 mirata

351 1858 474 1899 esse
503 1845 656 1901 cibos
689 1846 952 1901 doctrinae
986 1845 1109 1914 ejus
1138 1853 1194 1900 et
1220 1844 1409 1899 vinum
1438 1844 1780 1914 doamatum,
1818 1860 1940 1913 quae

352 1936 512 1991 abeo
546 1953 646 2006 per
676 1937 917 1992 divinam
959 1938 1281 2008 sapientiam
1320 1937 1778 2008 praedicabantur.
1827 1935 1940 1994 Hoc

353 2036 472 2080 erat
497 2028 681 2083 vinum
710 2038 766 2083 et
798 2028 929 2084 illud
968 2030 1117 2100 quod
1153 2046 1249 2100 per
1281 2029 1569 2086 Ieremiam
1614 2029 1850 2085 refertur
1873 2029 1942 2084 de

356 2115 482 2172 tiliis
529 2115 778 2174 Ionadab
812 2120 909 2175 ﬁlii
966 2120 1187 2177 Rechab
1206 2124 1251 2189 ⁸,
1305 2124 1402 2192 qui
1443 2138 1509 2179 eo
1549 2131 1790 2191 tempore
1832 2137 1939 2192 quo

355 2215 575 2276 peccata
608 2210 791 2278 populi
823 2211 1185 2279 invaluerant,
1213 2220 1270 2267 et
1290 2227 1387 2282 pro
1410 2212 1795 2282 iniquitatibus
1826 2212 1940 2282 ple-

357 2296 441 2353 bis
467 2298 754 2368 captivitas
775 2299 1114 2368 imminebat,
1140 2302 1425 2357 convocati
1455 2310 1586 2357 sunt
1612 2310 1671 2355 ut
1697 2302 1941 2357 biberent

356 2391 565 2459 vinum,
597 2401 652 2448 et
678 2393 960 2461 dixerunt,
988 2394 1116 2464 quia
1144 2394 1509 2449 mandaverat
1523 2393 1605 2447 eis
1631 2404 1785 2464 pater
1806 2410 1942 2450 suus

351 2480 600 2539 Ionadab
625 2500 695 2541 ne
724 2484 975 2541 biberent
1003 2485 1194 2540 vinum
1227 2485 1331 2555 ipsi
1365 2493 1419 2539 et
1448 2484 1544 2539 ﬁlii
1569 2483 1654 2539 sui
1679 2484 1735 2538 in
1767 2500 1942 2540 saecu—

354 2573 487 2638 lum,
532 2589 709 2645 neque
739 2575 936 2632 domos
981 2574 1340 2640 aediﬁcarent,
1390 2588 1566 2643 neque
1606 2574 1943 2628 seminarent

354 2679 540 2718 semen
568 2680 745 2736 neque
772 2666 1081 2736 plantarent
1109 2666 1322 2729 vineas,
1351 2664 1445 2719 sed
1486 2663 1540 2717 in
1577 2662 1944 2718 tabernaculis

357 2752 666 2808 habitarent
689 2755 944 2809 omnibus
973 2753 1170 2809 diebus
1192 2753 1315 2807 vita:
1342 2767 1476 2807 suae.
1508 2750 1575 2806 Et
1598 2752 1943 2820 amplectitur

353 2860 452 2900 eos
476 2845 619 2900 Deus
642 2860 710 2900 eo
730 2844 874 2915 quod
899 2842 1260 2900 eustodierint
1285 2849 1609 2911 prmptum
1637 2840 1808 2910 patris
1831 2840 1939 2905 sui,

353 2943 408 2989 ct
445 2933 718 3009 noluerint
747 2933 934 2990 bibere
965 2935 1174 2988 vinum.
1208 2931 1314 2986 Pro
1348 2930 1587 3001 peccatis
1631 2931 1775 2985 enim
1814 2938 1943 2984 tunc

356 3026 561 3097 populi,
590 3036 646 3081 et
670 3026 1049 3098 iniquitatibus
1080 3040 1294 3092 eorum,
1322 3032 1442 3080 erat
1482 3026 1633 3078 uinea
1661 3039 1843 3078 eorum
1874 3036 1941 3077 ea:

2032 575 2179 628 .tiam
2204 574 2387 629 cordis
2409 575 2681 644 accipere,
2702 589 2770 629 ac
2796 589 3119 644 prteparare,
3144 587 3204 632 ut
3231 592 3427 647 capere
3448 590 3631 649 posset

2043 666 2207 720 etiam
2239 666 2384 721 illam
2409 681 2529 736 qua:
2551 665 2805 722 adfutura
2831 674 2948 722 erat
2967 682 3062 737 per
3081 668 3250 723 ubera
3272 670 3445 738 ipsius
3466 686 3632 742 spon-

2043 757 2113 822 si,
2167 757 2607 813 excellentiorem
2663 758 2878 814 cunctis
2939 758 3461 829 eminentioremquc
3515 761 3628 833 (30)

2042 846 2374 913 doctrinam,
2403 847 2536 903 dicit
2562 867 2576 901 :
2611 847 2763 901 Bona
2793 857 2916 902 sunt
2950 847 3109 904 ubera
3139 858 3232 903 tua
3255 865 3410 918 super
3431 852 3627 907 vinum.

2114 937 2181 993 Et
2218 938 2342 994 vide
2392 939 2439 995 si
2492 939 2674 994 adhuc
2726 938 2915 995 formae
2960 939 3088 995 huic
3135 953 3321 1008 aptare
3356 942 3630 1010 possimus

2043 1029 2192 1085 illam
2243 1026 2521 1099 Evangelii
2560 1028 2898 1098 parabolam,
2947 1044 3068 1097 quae
3110 1031 3281 1085 dicit:
3326 1030 3513 1086 Simile
3554 1042 3630 1086 est

2044 1137 2260 1192 regnum
2287 1120 2538 1173 calorum
2579 1109 2828 1174 thesauro
2877 1120 3183 1174 abscondito
3217 1122 3272 1175 in
3302 1139 3451 1193 agro,
3480 1140 3631 1194 quem

2044 1211 2137 1283 qui
2162 1212 2442 1273 invenerit,
2481 1209 2785 1273 abscondit,
2828 1221 2879 1264 et
2909 1226 3021 1280 pra:
3063 1213 3257 1280 gaudio
3300 1213 3415 1282 ejus
3462 1215 3628 1278 vadit,

2043 1314 2090 1358 et
2120 1303 2296 1358 uendit
2340 1304 2519 1357 omnia
2558 1319 2676 1373 qua:
2704 1303 2880 1367 habet,
2921 1312 2972 1357 et
3009 1305 3136 1357 emit
3164 1321 3350 1375 agrum
3379 1306 3531 1361 illum
3562 1307 3627 1363 “.

2045 1394 2143 1450 Est
2173 1410 2302 1465 ergo
2338 1394 2629 1449 thesaurus
2658 1395 2705 1449 is
2747 1409 2857 1449 non
2901 1395 2957 1449 in
3004 1395 3219 1451 deserto
3264 1397 3448 1466 aliquo
3487 1399 3627 1464 loco,

2044 1500 2223 1555 neque
2258 1484 2312 1538 in
2348 1484 2523 1550 silvis,
2568 1484 2660 1540 sed
2690 1484 2744 1538 in
2773 1499 2928 1553 agro.
2949 1484 3322 1553 absconditus.
3355 1485 3419 1540 Et
3450 1487 3630 1557 possi-

2044 1575 2150 1629 bile
2181 1575 2369 1645 utique
2413 1583 2499 1630 est
2533 1591 2724 1644 agrum
2772 1575 2923 1631 illum
2968 1575 3173 1631 habere
3215 1577 3378 1631 etiam
3425 1578 3629 1644 vineas,

2044 1681 2168 1735 quae
2197 1665 2426 1719 aderant
2449 1664 2658 1730 vinum,
2692 1666 2894 1721 habere
2933 1667 3096 1720 etiam
3140 1668 3455 1723 thesaurum
3508 1683 3634 1738 pro-

2047 1765 2168 1827 pter
2195 1770 2358 1824 quem
2388 1754 2666 1809 distractis
2699 1756 2956 1811 omnibus
2993 1757 3125 1812 emit
3167 1773 3357 1828 agrum
3403 1759 3554 1813 illum
3587 1759 3634 1812 is

2043 1846 2136 1914 qui
2172 1846 2456 1900 invenerat
2480 1845 2555 1899 ibi
2586 1845 2932 1901 thesaurum.
2962 1847 3144 1903 Potest
3170 1863 3300 1919 ergo
3330 1850 3512 1903 dicere
3543 1849 3633 1903 ille

2040 1937 2133 2006 qni
2168 1937 2301 1991 emit
2334 1953 2546 2006 agrum,
2574 1938 2705 2007 quia
2737 1938 2914 1994 bonus
2958 1946 3045 1994 est
3082 1940 3371 1994 thesaurus
3412 1940 3505 2009 qui
3547 1948 3633 1994 es:
3740 1982 3745 1987 .

2040 2027 2094 2080 in
2133 2040 2284 2094 agro,
2308 2025 2483 2095 magis
2513 2041 2677 2095 Quam
2712 2027 2897 2080 vinum
2926 2026 3072 2095 quod
3096 2035 3182 2081 cst
3211 2027 3263 2080 in
3288 2041 3371 2083 eo.
3399 2025 3476 2081 lta
3500 2042 3632 2095 ergo

2038 2129 2093 2173 et
2118 2119 2293 2173 bonus
2325 2128 2410 2173 est
2439 2134 2676 2189 sponsus
2711 2129 2875 2189 atque
2908 2119 3074 2174 ubera
3104 2120 3313 2188 sponsi,
3343 2136 3463 2188 qua:
3487 2121 3632 2174 velut

2040 2209 2332 2263 thesaurus
2357 2209 2709 2265 absconditus
2731 2219 2817 2265 est
2850 2210 2902 2263 in
2935 2211 3049 2280 lege
3085 2219 3141 2264 et
3166 2210 3465 2279 prophetis,
3523 2209 3633 2281 ιο

2039 2300 2214 2369 magis
2242 2315 2407 2369 quam
2456 2300 2642 2355 vinum
2691 2302 2833 2370 quod
2884 2309 2968 2356 est
3016 2301 3069 2354 in
3118 2301 3219 2362 eis,
3279 2300 3366 2354 illa
3415 2301 3624 2356 scilicet

2041 2392 2292 2447 doctrina
2326 2408 2450 2462 quae
2481 2394 2658 2463 palam
2684 2405 2768 2448 est
2799 2401 2854 2447 et
2886 2393 3121 2448 laetiﬁcat
3149 2392 3452 2447 audientes.
3477 2391 3629 2446 Bona

2039 2499 2170 2553 ergo
2199 2493 2328 2538 sunt
2350 2486 2515 2540 ubera
2542 2485 2751 2555 sponsi.
2785 2484 3050 2539 Thesauri
3083 2484 3229 2539 enim
3259 2492 3387 2539 sunt
3414 2483 3630 2554 sapien-

2042 2576 2129 2629 tiae
2157 2584 2211 2628 et
2240 2575 2481 2630 scientiae
2511 2575 2565 2629 in
2599 2589 2668 2630 eo
2695 2574 3037 2629 absconditi:
3071 2573 3166 2642 qui
3205 2589 3329 2627 cum
3363 2573 3533 2642 aperti
3578 2582 3634 2626 et

2041 2663 2267 2740 gevelati
2294 2663 2498 2718 fuerint
2521 2664 2696 2719 oculis
2726 2679 2966 2736 sponsze,
3005 2663 3178 2718 multo
3219 2662 3629 2733 praestantiores

2040 2755 2091 2810 ei
2122 2755 2448 2810 videbuntur
2470 2770 2636 2825 quam
2678 2755 2780 2809 fuit
2809 2755 2963 2825 prius
2998 2754 3143 2809 istud
3179 2755 3365 2808 vinum
3408 2753 3542 2824 legis
3574 2764 3630 2809 et

2041 2846 2309 2901 doctrina:
2341 2845 2673 2915 prophetica:
2698 2844 2833 2916 (5t).
2866 2844 2970 2900 Sed
2997 2853 3050 2898 et
3080 2844 3127 2901 si
3158 2844 3371 2900 tertiam
3403 2845 3627 2914 exposi-

2043 2935 2245 2991 tionem
2277 2934 2346 2989 de
2375 2935 2558 2989 anima
2592 2933 2831 3004 perfecta
2855 2942 2911 2988 et
2941 2932 3121 2990 Verbo
3162 2931 3255 2989 Dei
3297 2933 3499 2989 sentire
3530 2933 3631 2986 de-

2041 3025 2293 3090 beamus,
2315 3038 2611 3095 possumus
2631 3023 2832 3089 dicere,
2861 3024 2991 3094 quia
3018 3024 3144 3093 quis
3169 3023 3342 3079 donec
3365 3024 3628 3093 parvulus

351 3121 502 3174 uinea
540 3115 914 3180 Sodomorum,
933 3126 983 3171 et
1018 3114 1262 3186 palmites
1292 3130 1474 3169 eorum
1517 3129 1582 3168 ea:
1620 3111 1937 3179 Gomorrlta,
1963 3156 2009 3214 ε
2041 3122 2146 3180 est,
2172 3122 2227 3169 et
2257 3113 2497 3168 nondum
2525 3114 2878 3184 semetipsum
2914 3128 2981 3168 ex
3016 3113 3227 3183 integro
3265 3113 3462 3167 obtulit
3493 3112 3627 3180 Deo,

353 3227 451 3263 ura
475 3225 662 3265 eorum
687 3225 788 3263 uva
822 3208 982 3278 fellis,
1029 3217 1082 3262 et
1122 3212 1310 3272 botrus.
1339 3205 1755 3270 amaritudinis;
1792 3198 1940 3259 ωηε-

351 3318 381 3352 ιι
391 3316 476 3352 um
500 3299 748 3368 aspidum
771 3307 820 3352 et
844 3299 996 3367 [uror
1018 3297 1309 3352 draconum
1330 3306 1448 3351 erat
1465 3296 1643 3351 vinum
1665 3311 1848 3350 eorum
1869 3294 1917 3325 ⁸ο

353 3388 580 3458 Propter
610 3389 714 3443 hoc
739 3403 870 3458 ergo
906 3387 1204 3442 laudabiles
1242 3386 1510 3440 habentur
1539 3386 1634 3441 ﬁlii
1672 3378 1941 3452 Ionadab;

351 3479 446 3549 qui
482 3479 590 3533 tale
621 3476 827 3544 vinum,
859 3486 1122 3532 venenata
1152 3475 1359 3531 scilicet
1386 3475 1643 3545 dogmata
1677 3484 1734 3530 et
1761 3476 1938 3532 aliena

352 3586 383 3624 a
416 3570 520 3626 ﬁde
564 3569 678 3633 Dei,
706 3569 893 3624 bibere
932 3577 987 3623 et
1029 3568 1305 3637 suscipere
1333 3562 1676 3623 recusarunt.
1711 3565 1938 3636 Propter

354 3660 460 3714 hoc
493 3674 624 3729 ergo
659 3639 910 3713 fortassis
948 3658 1219 3728 percussit
1260 3656 1406 3714 Deus
1440 3658 1626 3714 vineas
1660 3655 1939 3727 [Egyptio-

353 3763 501 3814 rum,
529 3749 674 3804 sicut
697 3749 750 3804 in
776 3748 988 3819 psalmo
1019 3749 1284 3818 scriptum
1314 3757 1400 3804 est
1424 3750 1491 3814 “,
1534 3763 1602 3804 ne
1647 3747 1753 3803 tale
1794 3746 1938 3804 lace-

355 3847 476 3895 rcnt
500 3841 707 3897 vinum.
735 3841 900 3912 Igitur
927 3840 1042 3913 (29)
1066 3841 1112 3897 si
1145 3840 1509 3896 intelleximus
1541 3838 1653 3894 vini
1681 3838 1939 3894 dill'erén-

353 3932 495 3999 tias,
546 3948 752 4002 easque
798 3948 899 4003 pro
951 3933 1267 3989 diversitate
1319 3931 1638 4002 dogmatum
1683 3938 1939 3985 constare

351 4021 752 4091 perspeximus,
782 4021 928 4092 quod
963 4022 1042 4077 ait
1067 4022 1159 4079 hic
1189 4035 1390 4093 sponsa
1415 4037 1431 4077 :
1459 4019 1603 4087 Quia
1636 4020 1775 4075 bona
1812 4028 1937 4074 sunt

354 4115 516 4169 ubera
542 4124 636 4170 tua
664 4133 823 4187 super
848 4118 1059 4181 vinum,
1096 4133 1262 4188 super
1285 4116 1497 4181 vinum,
1516 4116 1703 4186 utique
1736 4114 1941 4171 intelli-

354 4223 544 4277 gamus
572 4209 799 4276 bonum,
827 4224 937 4265 non
976 4211 1198 4265 malum.
1231 4210 1397 4266 Bonis
1436 4210 1611 4274 enim,
1642 4224 1755 4264 non
1786 4207 1941 4264 malis

353 4310 667 4372 comparata
692 4301 1036 4373 dogmatibus
1064 4302 1247 4373 sponsi
1274 4303 1525 4374 dogmata
1548 4301 1937 4371 praferuntur.

2041 3204 2179 3260 bibit
2208 3205 2396 3260 vinum
2429 3206 2575 3276 quod
2612 3204 2767 3260 aﬁ'ert
2808 3219 2937 3274 ager
2968 3204 3077 3270 illc,
3129 3204 3224 3273 qui
3275 3204 3437 3259 habet
3486 3203 3628 3259 intra
3671 3190 3677 3196 ’

2041 3311 2100 3350 se
2130 3297 2295 3352 etiam
2333 3297 2652 3353 thesaurum
2683 3296 3085 3364 absconditum,
3115 3303 3170 3351 et
3221 3294 3416 3350 bibens
3455 3294 3632 3350 letiﬁ-

2035 3396 2192 3443 catur
2226 3402 2293 3443 ex
2341 3389 2492 3444 vino.
2538 3387 2674 3443 Cum
2726 3398 2905 3442 autem
2953 3385 3209 3451 obtulerit
3249 3394 3305 3440 et
3349 3385 3631 3441 devoverit

2036 3478 2394 3547 semetipsum
2426 3477 2558 3546 Deo,
2583 3493 2650 3533 ac
2679 3476 2974 3534 Nazaraaus
2996 3477 3163 3534 fuerit
3189 3475 3433 3543 allectus,
3464 3485 3629 3547 atque

2037 3566 2307 3624 invenerit
2338 3568 2656 3625 thesaurum
2685 3568 3090 3636 absconditum,
3119 3576 3174 3623 et
3201 3568 3267 3624 ad
3300 3567 3421 3638 ipsa
3457 3568 3625 3623 ubera

2037 3659 2325 3730 fontesque
2364 3661 2679 3730 pervenerit
2714 3658 2878 3716 Verbi
2926 3658 3052 3726 Dei,
3083 3659 3269 3713 vinum
3300 3667 3355 3712 et
3393 3658 3622 3712 siceram

2029 3752 2144 3821 jam
2180 3767 2289 3806 non
2322 3751 2490 3815 bibet,
2519 3751 2711 3807 dicens
2736 3751 2805 3806 ad
2835 3750 3017 3819 ipsum
3045 3747 3143 3805 Dei
3173 3746 3409 3804 Verbum
3439 3747 3508 3803 de
3528 3747 3615 3804 bis

2034 3842 2330 3907 thesauris,
2347 3842 2440 3911 qui
2459 3843 2514 3897 in
2544 3842 2664 3912 ipso
2690 3841 2933 3898 scientias
2958 3850 3013 3896 et
3038 3839 3322 3912 sapientiai
3345 3839 3615 3899 reconditi

2036 3938 2207 3986 sunt:
2246 3930 2389 3995 Quia
2420 3930 2556 3984 bona
2587 3939 2709 3985 sunt
2738 3928 2903 3984 ubera
2934 3937 3027 3983 tua
3057 3944 3214 3999 super
3241 3930 3438 3982 uinum.
3484 3928 3625 3984 Sunt

2034 4031 2217 4077 autem
2246 4030 2520 4093 unguenta
2572 4021 2824 4093 quaedam
2876 4021 3084 4092 sponsi,
3110 4034 3346 4091 quorum
3377 4018 3625 4091 fragran-

2033 4114 2112 4170 tia
2142 4113 2405 4170 delectata
2440 4123 2526 4171 est
2569 4128 2793 4184 sponsa,
2841 4121 2897 4175 et
2935 4111 3107 4170 dicit:
3153 4110 3301 4167 Odor
3336 4121 3627 4182 unguento-

2037 4220 2155 4258 rum
2187 4213 2398 4259 tuorum
2424 4220 2580 4274 super
2610 4203 2788 4259 amatio
2823 4212 3092 4261 aromata.
3125 4202 3385 4257 Aromata
3414 4203 3623 4271 species

2039 4303 2171 4350 sunt
2201 4294 2626 4366 pigmentorum.
2661 4293 2872 4364 Sponsa
2905 4301 3084 4348 autem
3112 4291 3302 4347 habuit
3329 4291 3619 4361 quemdam

354 4391 564 4446 Bonum
599 4393 744 4447 enim
774 4393 959 4447 vinum
987 4402 1299 4464 gustaverat
1327 4393 1480 4463 prius
1507 4393 1562 4447 in
1592 4393 1709 4464 lege
1736 4400 1791 4447 et
1815 4407 1941 4461 pro-
1967 4405 2011 4460 ι)
2041 4401 2202 4441 usum
2227 4394 2280 4440 et
2309 4384 2558 4442 notitiam
2588 4393 2917 4457 aromatum,
2946 4384 3049 4440 hoc
3083 4393 3186 4449 est,
3219 4386 3509 4441 verborum
3537 4386 3621 4443 ιε-

424 4522 448 4556 ⁸
484 4522 549 4578 lll
576 4524 711 4595 Reg.
738 4541 794 4592 χ,
829 4524 882 4594 4,
907 4525 961 4582 5.
1036 4528 1057 4561 ⁸
1082 4523 1194 4581 Icr.
1223 4541 1384 4594 xxxv,
1411 4525 1463 4580 5.
1547 4526 1589 4559 ¹⁶
1620 4525 1776 4582 Deut.
1803 4542 1939 4583 xxxi:

2040 4526 2091 4595 2,
2113 4527 2204 4581 55.
2281 4527 2323 4558 ⁸³
2354 4524 2499 4582 Psal.
2525 4542 2608 4594 cv,
2641 4525 2729 4581 55.
2809 4527 2852 4558 ¹¹
2892 4525 3081 4581 Matth.
3115 4538 3237 4595 χιιι,
3265 4528 3356 4584 «id.

425 4707 537 4782 (29)
573 4706 653 4782 Ad
701 4707 847 4764 hunc
897 4707 1078 4782 Ioc_um
1126 4709 1396 4782 pertinere
1444 4708 1700 4782 videntur
1751 4709 1938 4765 Graeca

355 4778 444 4833 illa
496 4778 659 4848 verba
704 4793 828 4848 quae
869 4792 905 4848 _a
970 4778 1236 4848 Procopio
1291 4779 1511 4848 Origeni
1563 4779 1883 4834 tribuuntur
1926 4798 1941 4835 :

353 4848 572 4922 Πολλῶν
611 4846 782 4922 iton
838 4846 999 4922 οξνων
1016 4920 1033 4922 ᾉ
1056 4851 1114 4902 ὲν
1149 4846 1236 4922 ’τῇ-
1282 4849 1321 4901 Γ
1330 4846 1474 4921 ραφῇ
1507 4850 1845 4922 κρειττόνων
1871 4867 1944 4922 ,τε

352 4921 449 4975 καὶ
493 4916 918 4991 χειρόνωνηνῦν
951 4920 1064 4982 τοῖς
1114 4916 1422 4991 κρέζττοέτιν
1448 4916 1518 4972 "oi
1556 4916 1658 4991 ’τοῦ
1708 4919 1944 4991 νυμφίου

356 4986 556 5062 patriot
585 4986 990 5062 ’παρᾳείθεγται
1011 5004 1025 5017 ·
1074 4988 1135 5062 oo
1157 4986 1291 5060 ⁷γὰρ
1324 4988 1392 5062 av
1418 4991 1531 5062 tot;
1565 4986 1790 5062 χείροσί
1815 4986 1945 5062 ῥυν-

351 5057 690 5131 ἑκρίθησᾳνζ
811 5057 988 5131 colvuv
1027 5058 1240 5131 νῷμςρη,
1261 5057 1491 5122 ’πολλοῖς
1531 5057 1625 5112 usti.
1656 5057 1946 5131 διαφόροις

350 5126 946 5200 φῐῆοιςξεύφρᾳνθεῐσᾳ,
999 5126 1108 5181 καὶὴ
1132 5126 1332 5200 Exitus-at
1372 5130 1730 5200 παρᾳσκευὴν
1766 5126 1844 5193 ei:
1870 5129 1933 5182 τὸ

351 5196 776 5278 δὲξᾳσθαιίὲᾳὺς
811 5197 1129 5268 κρείττονας
1165 5196 1374 5278 ξούτων
1399 5196 1508 5278 pas
1547 5196 1782 5278 νυμφίου
1812 5216 1932 5278 pa-

355 5271 534 5333 στοὺς,
560 5266 720 5339 τοῦτᾴ
759 5266 892 5338 φηάι
911 5306 927 5339 ,_
963 5266 1717 5339 προτιμῶ-σα-τούτᾳυςρτνόυ
1745 5266 1840 5322 τοῦ
1874 5270 1934 5339 ἐξ)

353 5339 504 5409 νόμῳ
531 5355 592 5409 τε
629 5337 1238 5409 xa}npoqﬁ1atc._Kal
1268 5337 1328 5390 τὸ
1360 5338 1491 5409 περὶ
1508 5337 1619 5391 τῶν
1656 5339 1843 5409 μύρων
1875 5338 1933 5391 δὲ

352 5406 432 5479 τῷ
464 5406 594 5479 ἰπερὶ
630 5406 722 5479 τρῦ
764 5406 1340 5479 οἴγου’ταυτόν.-Ὅρα
1371 5406 1444 5461 δὲ’
1464 5407 1539 5479 ὡς
1570 5406 1668 5479 ἐπὶ.
1704 5406 1801 5478 μὲν
1832 5409 1934 5479 τῆς

355 5476 717 5559 suum;
757 5476 1033 5559 πολεεειας
1061 5476 1236 5559 ὁρμὴν
1268 5476 1411 5559 ἔφη’
1446 5477 1541 5559 ἐπὶ
1565 5478 1668 5559 “sic
1700 5476 1929 5559 ὴομεκῆς

354 5522 1033 5631 ἱᾷἕρἑάξξᾶὗτᾶξὲὀέἱῐὶ
1064 5522 1930 5631 angustans;

356 5615 415 5688 τὸ
459 5615 722 5688 ὖπερὲχον
763 5615 860 5688 καὶ
906 5615 1529 5688 πνευματικδνζταύτης
1561 5615 1627 5672 ’δὲ
1658 5619 1721 5672 τὸ
1759 5615 1926 5687 παχύ.

360 5687 492 5739 Cum
523 5684 694 5756 uitalia
725 5686 828 5736 sint
872 5687 993 5756 uina
1022 5684 1076 5739 in
1119 5684 1180 5738 St
1195 5684 1929 5756 riptura,.prwstautioru'ac

360 5755 650 5822 deteriora,
680 5770 815 5808 more
852 5754 1156 5816 melioribus
1188 5754 1367 5828 sponsi
1416 5754 1575 5812 ubera
1620 5773 1931 5827 comparan-

2053 4719 2160 4772 tur,
2189 4725 2293 4763 non
2322 4708 2460 4779 enim
2493 4723 2608 4761 cum
2638 4707 2982 4763 deterioribus
3010 4707 3145 4761 inita
3174 4707 3256 4761 illi
3294 4712 3620 4779 comparatio

2050 4783 2144 4835 sit.
2179 4780 2381 4850 Sponsa
2412 4778 2578 4847 igitur
2607 4779 2789 4850 multis
2830 4795 2892 4832 ac
2931 4779 3149 4850 diversis
3190 4780 3323 4831 vinis
3361 4778 3615 4845 recrratu,

2043 4846 2324 4919 animoque
2364 4846 2557 4917 parata
2587 4848 2655 4919 ad
2682 4851 2899 4902 meliora
2924 4849 3008 4902 his
3037 4846 3197 4902 ubera
3232 4850 3409 4916 sponsi
3446 4854 3609 4902 ειμι-ἕρ

2038 4917 2252 4988 pirnda,
2283 4920 2378 4989 hoc
2406 4918 2557 4984 dicit,
2590 4917 2760 4989 pluris
2788 4935 2849 4972 ea
2878 4919 3076 4989 faciens
3100 4919 3238 4983 vino,
3270 4919 3409 4989 quod
3435 4920 3487 4973 in
3510 4919 3606 4989 legt

2043 4987 2105 5043 ac
2160 4987 2423 5058 prop/retis
2463 4997 2560 5042 est.
2621 4987 2689 5040 Et
2737 4987 2885 5055 quod
2921 4988 2984 5042 de
3033 4992 3310 5058 unguentis
3363 4987 3615 5057 loquitur,

2040 5056 2218 5113 eodem
2246 5056 2467 5128 spectat,
2490 5075 2563 5128 Aac
2585 5059 2724 5128 quod
2754 5059 2888 5128 dixit
2924 5058 2986 5112 de
3015 5056 3153 5112 vino.
3197 5056 3528 5128 Viderautem
3559 5068 3615 5110 ut

2042 5146 2161 5181 cum
2193 5130 2257 5181 de
2274 5126 2897 5197 'evangelica'disciplina
2935 5144 3104 5182 sermo
3138 5139 3236 5191 est.
3281 5127 3491 5181 odorem
3521 5144 3618 5196 ap-

2037 5199 2351 5268 pellaverit;
2386 5197 2473 5250 ubi
2506 5207 2683 5251 autent
2712 5198 2972 5268 delegati
3008 5197 3178 5262 cultu,
3216 5199 3330 5266 ipsa
3373 5209 3616 5251 aromata

2038 5267 2314 5338 posuerit:
2338 5284 2441 5338 quo
2468 5268 2719 5321 nimirum
2756 5267 2904 5321 illius
2933 5268 3142 5337 quidem
3181 5268 3515 5338 eminentiam
3551 5283 3616 5321 ac

2038 5336 2479 5406 spiritualitatem
2512 5339 2833 5403 ostenderet;
2866 5336 3024 5402 huius
3053 5352 3170 5390 vero
3198 5336 3437 5406 proderet
3466 5351 3616 5390 cras-

2037 5411 2083 5463 si
2090 5410 2232 5461 tiem.

2107 5480 2219 5547 (50)
2259 5476 2783 5548 Eminentioremque.
2817 5475 2908 5531 Sic
2935 5490 3094 5538 mss.,
3129 5474 3269 5529 male
3295 5487 3426 5528 vero
3450 5473 3612 5540 edit.,

2036 5562 2249 5602 cernens
2275 5564 2333 5601 £0
2340 5563 2479 5601 rum.

2110 5618 2224 5682 (5|)
2266 5616 2423 5681 Mss.,
2454 5616 2711 5673 doctrinm
2747 5615 3080 5686 prophett't‘at,
3105 5613 3261 5670 Libb.
3303 5613 3476 5681 editi.,
3508 5615 3605 5671 do-

2037 5690 2208 5742 ctrina
2238 5688 2560 5757 prophetica.
