4134 6436
545 354 611 411 9i
1613 355 1934 412 ORIGENIS
1973 354 2039 409 IN
2076 354 2433 412 CANTICUM
2472 355 2746 414 CANTIC.
3726 356 3791 411 9!

547 474 633 543 gis
669 481 722 526 et
771 471 1178 544 prophetarum,
1210 475 1412 544 quibus
1449 484 1576 528 ante
1615 475 1903 528 adventum
1936 470 2123 542 sponsi
2153 473 2196 528 Δ
2224 481 2332 526 tam
2379 471 2600 539 dicitur,
2647 484 2869 545 propter
2913 445 3213 531 Ecciesiam
3251 488 3369 530 sine
3403 469 3592 535 dubio.
3632 488 3795 542 quam

549 564 896 618 nuutiocriter
929 566 1074 628 licet,
1107 566 1296 619 instrui
1326 576 1506 619 tamen
1539 567 1842 631 videbatur,
1875 576 1929 620 et
1963 581 2120 620 exer-

547 654 660 708 ceri
700 654 767 707 ad
804 655 1007 708 cultum
1053 652 1178 715 Dei,
1226 663 1413 723 utpote
1462 658 1685 724 parvula
1728 657 1905 710 adhuc
1937 665 1990 709 et
2019 655 2122 710 sub

549 745 892 796 curatoribus
922 752 978 796 et
1017 744 1294 797 actoribus
1329 761 1495 816 agens
1529 757 1582 801 et
1622 748 1927 818 paedagogis
1949 747 2011 813 ¹³,
2037 748 2121 800 lca:

545 833 688 884 enim
735 832 1050 902 paedagogus
1103 845 1280 886 noster
1325 835 1425 903 fuit
1463 836 1532 888 ad
1584 835 1853 890 Christum
1889 836 1950 886 “.
1999 833 2122 890 llaec

543 932 724 976 autem
757 923 940 977 omnia
995 932 1240 977 aromata
1291 923 1537 990 fuerant,
1584 925 1637 980 in
1681 926 1882 995 quibus
1926 925 2119 979 nutriri

543 1015 656 1066 visa
675 1022 757 1067 est
775 1024 829 1068 et
851 1029 1054 1082 sponso
1069 1027 1172 1068 suo
1189 1017 1501 1084 praeparari.
1523 1016 1626 1070 Sed
1661 1016 1752 1069 ubi
1780 1015 1922 1069 venit
1950 1015 2120 1084 pleni-

541 1105 672 1156 tudo
707 1113 1012 1174 temporum
1044 1115 1099 1159 et
1126 1105 1363 1161 adolevit
1393 1116 1555 1176 atque
1585 1105 1930 1175 Unigcnitnm
1957 1121 2118 1160 suum

539 1195 694 1250 Pater
727 1196 932 1266 Spiritu
981 1206 1174 1251 sancto
1209 1207 1432 1252 unctum
1471 1197 1620 1252 misit
1670 1197 1724 1250 in
1779 1195 1924 1250 hunc
1958 1212 2119 1250 mun—

535 1285 690 1344 dum.
721 1287 947 1340 odorata
993 1301 1193 1356 sponsa
1240 1286 1408 1340 divini
1446 1286 1706 1356 unguenti
1744 1284 2114 1354 fragrantiam,

535 1379 892 1448 sentiensque
921 1379 1066 1446 quod
1102 1377 1190 1432 illa
1225 1379 1410 1432 omnia
1455 1388 1701 1432 aromata
1733 1377 1933 1447 quibus
1965 1379 2116 1447 prius

539 1486 638 1524 usa
670 1471 958 1526 videbatur
991 1471 1152 1540 longe
1191 1470 1452 1526 inferiora
1485 1471 1596 1526 sint
1639 1471 1707 1524 ad
1753 1470 2115 1539 comparatio-

538 1577 662 1614 nem
697 1561 985 1615 suavitatis
1013 1560 1136 1614 novi
1172 1561 1335 1630 hujus
1358 1568 1411 1614 et
1431 1562 1668 1615 crelcstts
1693 1560 1974 1629 unguenti,
2002 1559 2075 1612 ait
2098 1578 2110 1612 :

540 1649 690 1704 Odor
723 1663 1107 1720 unguentorum
1137 1663 1345 1704 tuorum
1373 1667 1529 1720 super
1557 1652 1732 1703 omnia
1759 1661 2020 1704 aromata.
2048 1649 2114 1702 Et

539 1743 802 1810 quoniam
832 1742 1084 1796 Christus
1113 1742 1252 1795 idem
1285 1756 1541 1812 sponsus,
1573 1750 1734 1811 atque
1763 1742 1900 1795 idem
1933 1741 2112 1811 ponti-

540 1835 628 1891 fex
662 1837 903 1891 dicitur:
941 1835 1180 1903 pontifex
1219 1836 1437 1905 quidem
1472 1836 1773 1892 secundum
1821 1836 1924 1889 hoc
1963 1835 2109 1904 quod

537 1927 808 1981 mediator
834 1936 918 1980 est
958 1925 1050 1979 Dei
1087 1935 1142 1980 et
1190 1925 1472 1980 hominum
1500 1926 1788 1994 omnisque
1828 1935 2110 1987 creaturae,

529 2028 630 2082 pro
657 2027 766 2082 qua
805 2020 862 2067 et
903 2011 1218 2081 propitiatio
1267 2013 1443 2068 factus
1478 2024 1562 2068 est
1597 2015 1947 2084 semetipsum
1982 2012 2114 2067 olfe-

531 2120 659 2158 rcns
693 2102 926 2158 hostiam
963 2117 1061 2171 pro
1097 2112 1320 2172 peccato
1351 2103 1572 2164 mundi:
1609 2120 1842 2174 sponsus
1869 2121 1998 2158 vero
2027 2119 2112 2156 sc—

529 2194 770 2247 cumlum
819 2196 924 2248 hoc
963 2193 1107 2262 quod
1156 2193 1412 2249 Ecclesiae
1445 2195 1694 2265 jungitur
1735 2210 1842 2248 non
1893 2195 2108 2249 habenti

530 2285 828 2345 maculam,
849 2293 946 2338 aut
977 2300 1190 2354 rugam,
1225 2295 1319 2339 aut
1345 2285 1545 2353 aliquid
1575 2287 1798 2350 horum;
1828 2285 2111 2340 considera

530 2392 599 2431 ne
637 2376 775 2430 forte
797 2386 1133 2444 unguentum
1168 2377 1300 2431 illud
1333 2375 1640 2446 pontiﬁcale
1669 2376 1811 2445 quod
1845 2377 1896 2430 in
1926 2375 2112 2432 Exodo

527 2469 780 2537 componi
811 2468 1032 2534 jnbetur
1050 2477 1168 2523 arte
1205 2469 1544 2540 pigmentarii
1572 2469 1638 2533 ¹³,
1667 2469 1824 2522 istius
1850 2469 2108 2534 unguenti

527 2561 674 2631 quod
725 2577 870 2616 nunc
920 2561 1146 2616 odorata
1190 2575 1388 2630 sponsa
1423 2561 1674 2623 miratur,
1722 2571 1902 2616 teneat
1947 2563 2110 2614 ratio-

529 2668 674 2718 nem,
707 2660 761 2706 et
789 2652 980 2706 videns
1021 2653 1170 2722 quod
1215 2652 1306 2706 illa
1354 2652 1571 2720 quidem
1620 2663 1861 2707 aromata
1910 2654 2108 2722 quibus

525 2744 888 2813 compositum
921 2751 1258 2812 unguentum
1299 2743 1606 2807 videbatur,
1642 2760 1752 2813 quo
1784 2744 1963 2798 Aaron
2007 2762 2108 2799 un-

525 2844 648 2888 ctus
677 2843 782 2899 est,
814 2835 1076 2902 quoniam
1105 2842 1263 2888 erant
1303 2843 1514 2888 terrena
1555 2843 1610 2889 et
1651 2835 1890 2890 materia:
1915 2851 2108 2905 corpo-

531 2927 688 2992 ralis,
727 2926 830 2981 ltoc
860 2935 1042 2980 autem
1074 2935 1434 2995 unguentum,
1459 2941 1567 2996 quo
1608 2942 1756 2983 nunc
1781 2939 2002 2981 unctum
2027 2929 2111 2982 vi-

526 3018 607 3071 dit
632 3032 916 3086 sponsum,
944 3017 1226 3087 spirituale
1269 3028 1352 3074 est
1398 3027 1454 3072 et
1499 3020 1750 3084 caeleste,
1797 3019 2000 3074 idcirco
2027 3021 2112 3074 di-

2223 559 2563 627 purilicatam
2599 561 2818 617 lavacro
2842 577 3000 632 aqua
3029 564 3434 619 immaculatam
3487 561 3634 628 fecit,
3686 578 3794 615 non

2223 650 2512 705 habentem
2544 653 2835 718 maculam,
2864 665 2959 710 aut
2998 670 3210 725 rugam,
3243 664 3338 709 aut
3363 654 3570 722 aliquid
3605 653 3796 721 hujus-

2221 746 2391 800 modi.
2443 744 2550 801 Sed
2580 757 2634 802 et
2665 749 2913 805 calamus
2952 751 3269 813 assumitur,
3303 749 3432 819 quia
3465 749 3646 817 lingua
3676 749 3796 816 ejus

2220 838 2381 892 etiam
2427 848 2512 896 est
2540 843 2784 897 calamus
2829 843 3026 898 scribae
3066 841 3325 898 velociter
3357 841 3668 904 scribentis,
3697 842 3780 893 de

2219 930 2410 984 ctrina:
2467 933 2696 1000 gratiam
2767 932 3059 1003 pigmentis
3119 932 3416 1002 designans
3485 931 3791 989 suavitatis.

2224 1021 2414 1091 Ἰρεως
2453 1037 2672 1094 quoque
2711 1024 2922 1094 species
2954 1024 3066 1094 (52)
3105 1023 3393 1078 adhibetur
3435 1023 3792 1085 calidissima,

2221 1118 2281 1163 ut
2309 1109 2499 1174 fertur,
2520 1122 2574 1166 et
2591 1114 2974 1169 ardentissima
3002 1133 3015 1168 :
3042 1115 3095 1168 in
3119 1129 3228 1183 qua
3250 1113 3334 1168 vel
3359 1112 3594 1182 Spiritus
3618 1115 3791 1166 sancti

2219 1199 2419 1266 fervor,
2448 1204 2531 1257 vel
2560 1202 2726 1258 futuri
2756 1220 2852 1273 per
2880 1205 3056 1274 ignem
3087 1204 3282 1275 judicii
3321 1203 3632 1258 ostenditur
3677 1203 3790 1256 for-

2217 1306 2326 1345 ma.
2358 1291 2629 1350 Numerus
2661 1310 2789 1350 vero
2815 1297 3257 1366 quingentorum,
3301 1296 3386 1351 vel
3430 1297 3788 1350 ducentorum

2217 1382 2611 1452 quinquaginta
2660 1386 2941 1452 siclorum,
2986 1387 3070 1439 vel
3097 1387 3339 1456 quinque
3371 1400 3632 1440 sensuum
3676 1385 3787 1453 (55)

2215 1473 2367 1528 ineo
2414 1475 2734 1544 mysterium
2783 1485 2931 1530 tenet
2978 1475 3352 1545 centupliciter
3401 1475 3787 1544 perfectorem,

2217 1564 2299 1616 vel
2333 1565 2705 1618 remissionem
2738 1574 3082 1634 peccatorum
3113 1581 3209 1635 per
3235 1580 3362 1620 eum
3393 1565 3574 1619 datam
3616 1567 3786 1635 signi-

2216 1653 2342 1706 licat
2369 1655 2872 1723 quinquagenarius
2918 1656 3147 1711 venialis
3184 1656 3599 1726 quintupliciter
3640 1657 3791 1725 posi-

2220 1754 2325 1798 tus.
2361 1744 2464 1799 Sed
2491 1747 2603 1800 hinc
2631 1749 2815 1801 omnia
2839 1748 2958 1802 oleo
2988 1763 3126 1818 puro
3153 1748 3500 1818 colliguntur,
3527 1763 3621 1817 per
3642 1749 3787 1818 quod

2213 1835 2540 1897 ostenditur,
2572 1836 2654 1890 vel
2691 1837 3082 1892 misericordiae
3106 1838 3279 1893 solius
3313 1838 3426 1907 (54)
3452 1853 3618 1891 causa
3654 1837 3790 1891 fuis-

2210 1939 2292 1989 se,
2320 1927 2466 1994 quod
2500 1925 2545 1981 is
2575 1927 2668 1995 qui
2718 1937 2837 1982 erat
2886 1928 2941 1982 in
2999 1927 3176 1984 forma
3223 1927 3318 1982 Dei
3375 1927 3606 1981 formam
3645 1930 3785 1982 servi

2211 2018 2530 2087 susceperit,
2581 2018 2663 2072 vel
2705 2034 2770 2073 ea
2818 2034 2940 2088 quae
2977 2034 3044 2072 ex
3082 2019 3352 2074 materiali
3394 2019 3696 2073 substantia
3732 2021 3786 2071 in

2209 2109 2427 2163 Christo
2478 2107 2693 2164 fuerant
2737 2118 3051 2178 assumpta,
3093 2125 3187 2178 per
3226 2108 3487 2178 Spiritum
3536 2120 3784 2163 sanctqu

2211 2199 2428 2252 redacta
2477 2197 2531 2250 in
2581 2213 2749 2253 unum
2795 2197 2986 2260 fuisse,
3028 2207 3192 2266 atque
3241 2197 3296 2251 in
3341 2214 3504 2251 unam
3551 2199 3784 2266 speciem

2209 2305 2332 2359 quae
2352 2299 2436 2344 est
2464 2303 2694 2358 persona
2716 2289 3034 2344 mediatoris
3055 2288 3263 2342 eﬂ‘ecta.
3293 2286 3429 2342 Illud
3450 2304 3579 2358 ergo
3605 2290 3784 2342 oleun.

2210 2377 2493 2432 tnateriale
2526 2375 2674 2430 nullo
2703 2392 2900 2447 genere
2931 2379 3111 2432 oleum
3151 2377 3351 2432 laetitia:
3392 2377 3652 2446 appellari
3691 2394 3785 2446 po-

2211 2463 2332 2518 tuit.
2361 2463 2505 2518 Istud
2534 2471 2715 2518 autem
2736 2464 2938 2526 oleum,
2983 2465 3035 2519 id
3085 2474 3168 2519 est
3200 2463 3436 2534 Spiritus
3477 2467 3651 2520 sancti
3677 2482 3783 2520 un—

2210 2565 2495 2627 guentum,
2533 2570 2643 2624 quo
2668 2564 2867 2611 unctus
2917 2564 3004 2610 est
3030 2554 3306 2621 Christus,
3347 2564 3402 2610 et
3453 2556 3613 2624 cujus
3641 2571 3783 2610 nunc

2207 2650 2433 2703 odorem
2469 2649 2776 2719 percipiens
2824 2666 3024 2720 sponsa
3062 2650 3324 2704 admirata
3354 2660 3456 2715 est,
3484 2651 3661 2705 oleum
3691 2650 3783 2703 huc

2208 2739 2364 2801 tiliae,
2408 2743 2535 2809 quia
2592 2739 2802 2796 fructus
2835 2741 3062 2810 spiritus
3091 2738 3194 2811 41
3226 2742 3484 2811 gaudium
3529 2750 3633 2803 est,
3670 2757 3783 2796 me-

2213 2833 2320 2886 rito
2355 2833 2698 2902 appellatur:
2755 2849 2867 2904 quo
2899 2833 3042 2888 Deus
3089 2834 3244 2887 unxit
3269 2850 3416 2898 eum,
3475 2834 3568 2903 qui
3595 2834 3784 2887 dilexit

2206 2922 2477 2993 justitiam
2534 2933 2588 2977 et
2634 2925 2761 2977 olio
2819 2924 3006 2976 habuit
3070 2924 3434 2992 iniquitatem.
3488 2925 3782 2993 Propterea

2211 3015 2360 3068 enim
2388 3015 2589 3069 dicitur
2616 3033 2630 3068 :
2679 3015 2839 3069 Unxit
2875 3031 2999 3070 cum
3043 3013 3298 3068 Dominus
3327 3015 3465 3068 Deus
3492 3031 3627 3069 suus
3672 3018 3786 3069 oleo

523 3119 612 3163 cat
651 3128 664 3162 :
707 3107 849 3173 Quia
896 3110 1031 3162 oder
1067 3119 1452 3179 unguentorum
1493 3121 1701 3165 tuorum
1731 3127 1886 3180 super
1931 3113 2108 3164 omnia
2135 3131 2178 3190 ο
2212 3106 2416 3160 (mitia:
2439 3122 2550 3176 pra:
2589 3107 2934 3175 participibus
2974 3107 3090 3161 suis
3148 3108 3211 3160 ".
3259 3105 3323 3158 Et
3375 3106 3497 3158 ideo
3521 3105 3656 3158 odor
3683 3121 3786 3156 un-

526 3211 796 3254 aromata.
824 3199 1120 3257 Videamus
1146 3218 1276 3272 ergo
1309 3204 1586 3272 quomodo
1627 3206 1987 3274 compositum
2036 3206 2108 3260 sit

525 3292 656 3347 illud
697 3301 1073 3363 unguentum:
1107 3292 1177 3347 Et
1212 3295 1418 3349 locutus
1460 3305 1536 3350 est
1581 3295 1854 3361 Dominus,
1901 3297 2104 3366 inquit,

525 3385 594 3436 ad
618 3381 852 3452 Mosgem
880 3384 1057 3436 dicens
1082 3398 1104 3438 :
1132 3384 1323 3454 Accipe
1350 3386 1444 3439 tibi
1471 3387 1656 3456 ﬂorem
1679 3387 1906 3456 myrrha:
1929 3386 2108 3440 electa

530 3475 834 3549 quingentos
879 3473 1071 3538 siclos,
1121 3485 1171 3530 et
1203 3478 1592 3532 cinnamomum
1654 3495 1812 3532 suave
1857 3485 2106 3532 ducentos

524 3563 911 3634 quinquaginta
961 3565 1140 3630 siclos,
1187 3575 1238 3620 et
1283 3567 1547 3620 calamum
1597 3585 1807 3623 suavem
1857 3569 2106 3622 ducentos

522 3656 911 3726 quinquaginta
939 3655 1120 3720 sidus,
1147 3666 1200 3710 et
1225 3660 1386 3713 casiae
1413 3660 1719 3730 quingentos
1745 3660 1901 3714 siclos
1923 3677 2106 3715 secun-

521 3746 654 3798 dum
688 3746 876 3800 siclum
909 3756 1176 3811 sanctum,
1209 3756 1260 3800 et
1292 3747 1463 3802 oleum
1487 3763 1554 3802 ex
1581 3749 1732 3804 olivis
1769 3749 1898 3812 "in,
1933 3762 1982 3804 et
2012 3753 2095 3820 [a-

521 3839 628 3890 ciss
657 3838 793 3892 illud
835 3840 1006 3893 oleum
1047 3840 1353 3892 chrismatis
1398 3843 1572 3895 sancti
1621 3854 1939 3912 unguentum
1987 3852 2104 3896 arte

522 3932 862 3998 pigmentarii
893 3933 956 3986 “.
1004 3931 1129 3987 Haec
1177 3942 1355 3985 autem
1402 3931 1456 3984 in
1502 3932 1617 4000 lege
1648 3933 1866 4001 quidem
1914 3933 2102 3987 referri

523 4022 767 4077 audierat
800 4038 1023 4093 sponsa,
1061 4025 1155 4078 sed
1188 4025 1458 4077 rationem
1485 4039 1678 4077 eorum
1711 4025 2107 4093 veritatemque

524 4128 669 4166 nunc
701 4115 973 4184 perspicit.
1011 4115 1144 4168 Vide
1177 4130 1304 4184 ergo
1330 4116 1472 4183 quod
1499 4115 1615 4169 istm
1638 4124 1871 4183 quatuor
1897 4115 2107 4183 species

523 4205 784 4274 unguenti
853 4207 1044 4271 istius,
1108 4205 1338 4259 formam
1395 4205 1650 4259 tenebant
1715 4205 2106 4262 incarnationis

528 4296 686 4352 Verbi
724 4297 836 4362 Dei,
871 4300 1014 4369 quod
1058 4316 1123 4354 ex
1163 4309 1398 4369 quatuor
1437 4296 1718 4352 elementis
1757 4297 2109 4367 compagina-

521 4398 636 4442 tum
668 4405 866 4458 corpus
893 4392 1225 4459 assumpsit,
1273 4391 1325 4444 in
1357 4405 1467 4459 quo
1495 4403 1727 4457 corpore
1761 4389 1982 4458 myrrha
2016 4389 2103 4443 illa

2211 3195 2534 3266 gnentorum
2571 3200 2692 3267 ejus
2717 3206 2802 3251 est
2829 3213 2993 3266 super
3044 3197 3228 3251 omnia
3285 3206 3550 3250 aromata.
3608 3195 3780 3248 Simili

2208 3300 2390 3344 autem
2423 3290 2767 3360 expositione
2809 3289 3037 3353 utimur,
3088 3289 3300 3344 etiamsi
3329 3289 3395 3341 ad
3422 3303 3782 3356 unamquam-

2207 3395 2315 3449 que
2341 3379 2580 3433 animam
2635 3378 2688 3432 in
2721 3392 2908 3432 amore
2931 3388 2985 3431 et
3026 3377 3295 3432 desiderio
3330 3375 3486 3430 Verbi
3518 3374 3610 3429 Dei
3641 3377 3783 3444 posi—

2209 3480 2316 3525 tam
2348 3469 2706 3526 transferatur
2738 3469 2828 3523 hic
2871 3483 3072 3531 sermo,
3115 3468 3202 3522 cui
3243 3466 3440 3522 fuerint
3469 3483 3657 3522 omnes
3685 3468 3785 3522 du-

2207 3563 2397 3618 ctrinaa
2428 3577 2523 3631 per
2541 3554 2785 3616 ordinem
2808 3560 3068 3621 decrstc,
3094 3557 3146 3612 in
3175 3558 3375 3628 quibus
3405 3566 3532 3612 ante
3551 3558 3783 3626 agnitio.

2205 3668 2329 3707 nem
2365 3651 2527 3706 Verbi
2585 3651 2681 3705 Dei
2729 3652 3026 3705 exercitata
3062 3649 3274 3703 videtur
3302 3656 3357 3701 et
3399 3648 3635 3711 erudita,
3670 3647 3784 3702 sive

2205 3758 2272 3798 ex
2329 3742 2629 3797 moralibus
2682 3740 3107 3801 descendentes,
3161 3739 3273 3793 sive
3323 3754 3390 3792 ex
3443 3739 3785 3792 naturalibus

2203 3833 2430 3888 scholis.
2456 3831 2625 3886 Erant
2652 3830 2796 3885 enim
2830 3830 2881 3884 ei
2907 3830 3092 3883 omnia
3127 3829 3230 3882 ista
3264 3837 3511 3882 aromata
3531 3827 3781 3896 qua-datu

2205 3939 2305 3994 pro
2335 3939 2402 3979 eo
2431 3923 2580 3993 quod
2613 3922 2668 3976 in
2705 3922 2789 3975 his
2819 3920 3086 3975 institutio
3129 3919 3444 3988 probabilis,
3473 3929 3528 3972 et
3567 3935 3783 3973 morum

2205 4015 2550 4085 conquiritur
2574 4012 2904 4075 emendatio,
2945 4012 3092 4080 quod
3141 4010 3563 4079 deprehenditur
3592 4011 3646 4064 in
3699 4012 3785 4064 his

2207 4107 2426 4161 vanitas
2460 4106 2667 4170 saeculi,
2719 4113 2774 4160 et
2821 4103 3152 4158 caducarum
3213 4118 3396 4158 rerum
3452 4111 3783 4172 respuuntur

2211 4198 2348 4252 falsa
2374 4197 2660 4251 miracula.
2688 4195 2855 4250 Erant
2880 4210 3009 4264 ergo
3046 4194 3096 4248 ei
3133 4193 3248 4248 haec
3271 4193 3454 4249 omnia
3489 4195 3636 4248 velut
3661 4210 3784 4247 aro-

2212 4300 2356 4344 mata
2379 4298 2434 4343 et
2461 4290 2811 4343 odoramenta
2832 4289 3077 4356 quaedam
3125 4286 3324 4340 animae
3355 4285 3649 4355 pigmenta.
3678 4285 3783 4338 Sed

2209 4381 2301 4436 ubi
2354 4381 2419 4435 ad
2490 4381 2822 4452 agnitionem
2892 4377 3277 4448 mysteriorum
3347 4385 3404 4430 et
3475 4376 3780 4430 divinorum

523 4481 716 4535 mortis
748 4481 888 4550 ejus,
919 4499 1082 4550 quant
1111 4484 1224 4537 sive
1253 4491 1311 4535 ut
1341 4482 1583 4551 pontifex
1617 4493 1716 4550 pro
1749 4479 1969 4548 populo,
1995 4479 2108 4534 sive
2139 4476 2186 4535 D
2213 4474 2528 4544 dogmalum
2559 4472 2841 4526 scientiam
2877 4480 3094 4524 vcnlum
3120 4476 3222 4533 est.
3253 4466 3342 4520 ubi
3371 4467 3439 4521 ad
3467 4467 3664 4537 ianuas
3694 4483 3782 4520 8³-

522 4581 582 4624 ut
627 4587 859 4641 sponsus
914 4589 1010 4641 pro
1065 4589 1268 4642 sponsa
1323 4574 1584 4641 suscepit,
1643 4579 1824 4627 servat
1879 4570 2099 4626 indicia.

519 4663 675 4729 Quod
710 4679 836 4719 vero
878 4679 988 4717 non
1026 4663 1348 4732 simpliciter
1378 4665 1632 4734 myrrha,
1683 4663 1776 4718 sed
1827 4661 1928 4717 ﬂos
1973 4663 2102 4716 mir-

521 4757 654 4818 rhaa,
675 4764 730 4810 et
749 4757 984 4824 myrrha:
1006 4757 1189 4810 electae
1213 4755 1474 4824 scriptum
1496 4764 1596 4818 est,
1619 4770 1725 4807 non
1750 4755 1924 4808 solum
1954 4769 2101 4808 mor-

519 4857 626 4900 tem
677 4847 826 4916 ejus,
869 4847 961 4900 scd
1010 4856 1063 4900 et
1112 4845 1534 4916 primogenitum
1579 4861 1704 4898 eum
1755 4845 1996 4898 futurum
2036 4861 2103 4899 cx

519 4939 754 4993 mortuis
790 4938 1088 5003 indicabat,
1133 4947 1298 5006 atque
1328 4951 1421 4990 eos
1448 4936 1542 5004 qui
1578 4935 1929 5004 complantati
1967 4933 2100 4989 fuis-

515 5038 639 5084 scut
677 5029 1033 5083 similitudine
1066 5028 1261 5081 mortis
1287 5024 1429 5094 ejus,
1487 5040 1594 5078 non
1642 5025 1816 5078 solum
1858 5033 2098 5088 vocatos,

516 5121 612 5176 sed
665 5121 868 5174 electos
917 5120 1149 5175 futuros.
1184 5118 1570 5172 (linamomum
1605 5133 1734 5172 vero
1779 5118 2101 5172 immacula-

2209 4564 2423 4636 picntitc
2453 4564 2646 4633 ipsius,
2675 4570 2730 4616 et
2776 4562 3059 4630 sapientia:
3088 4578 3196 4616 non
3248 4559 3411 4630 hujus
3446 4557 3657 4619 mundi,
3687 4572 3780 4610 ne-

2207 4672 2313 4728 que
2337 4657 2642 4726 principum
2670 4655 2834 4724 hujus
2856 4655 3042 4708 mundi
3068 4655 3162 4724 qui
3207 4653 3564 4708 destruuutur
3597 4663 3782 4703 acces-

2208 4765 2330 4805 sum
2357 4756 2464 4812 est,
2494 4747 2588 4802 sed
2615 4747 2682 4800 ad
2709 4747 2881 4815 ipsam
2938 4744 3032 4799 Dci
3086 4743 3428 4814 sapientiam,
3477 4757 3599 4811 qua:
3647 4741 3785 4793 inter

2209 4840 2478 4911 perfectos
2506 4838 2820 4901 disseritur,
2843 4847 2896 4890 et
2919 4837 3011 4890 ubi
3047 4835 3366 4906 mysterium
3397 4834 3542 4902 quod
3590 4831 3784 4902 priori-

2210 4938 2312 4989 bus
2343 4931 2784 5004 generationibus
2819 4945 2924 4984 nou
2965 4928 3067 4982 fuit
3107 4941 3320 4992 notum,
3353 4927 3476 4981 filiis
3500 4925 3782 4978 hominum

2207 5029 2505 5084 revelatum
2530 5036 2646 5090 est;
2673 5024 2789 5090 ubi,
2811 5025 3054 5094 inquam,
3087 5022 3268 5078 anima
3296 5021 3362 5075 ad
3387 5019 3522 5073 tanti
3555 5016 3784 5087 agnitio-

2210 5135 2334 5175 nem
2371 5116 2618 5174 ascendit
2643 5116 2852 5179 arcani,
2910 5115 3104 5170 merito
3129 5114 3298 5168 dicit:
3333 5110 3478 5166 Odor
3499 5118 3785 5178 unguento-

587 5280 630 5314 ⁸³
665 5280 784 5335 Gal.
811 5296 886 5344 tv,
913 5279 968 5334 2.
1047 5279 1090 5312 “
1115 5279 1235 5335 Gal.
1298 5294 1378 5343 ιιι,
1406 5279 1497 5332 24.
1575 5278 1618 5312 ’⁸
1656 5277 1824 5336 Exod.
1873 5298 2000 5337 xxx.
2080 5286 2108 5317 ¹⁴

2211 5281 2332 5337 xod.
2367 5296 2495 5341 xxx,
2523 5277 2614 5337 ‘29..
2645 5277 2736 5340 23,
2764 5275 2852 5340 ει,
2888 5274 2980 5329 25.
3060 5275 3100 5305 ⁸⁷
3124 5271 3268 5327 Psal.
3300 5287 3421 5337 va,
3459 5270 3507 5322 7.

589 5467 702 5535 (52)
744 5467 835 5543 Sic
861 5468 1067 5543 habent
1097 5484 1259 5543 mss._:_
1289 5469 1412 5543 libri
1442 5486 1570 5524 vero
1601 5473 1728 5526 editi
1749 5492 1762 5526 :
1781 5471 1848 5526 In
1877 5474 1951 5525 eis
1975 5490 2100 5543 quo-

514 5555 615 5610 que
661 5540 855 5610 species
903 5538 1116 5592 adhibet
1157 5539 1533 5603 calidissimas,
1583 5554 1637 5596 ut
1685 5538 1996 5610 referantur
2029 5544 2099 5596 ad

518 5607 893 5661 ardentissima
916 5624 934 5660 :
959 5610 1016 5660 in
1041 5625 1146 5676 qua
1180 5625 1232 5661 re
1266 5610 1344 5663 vel
1361 5610 1599 5676 Spiritus
1633 5607 1826 5676 sancti,
1861 5625 1965 5665 etc.

591 5676 704 5739 (33)
758 5676 845 5728 l’el
873 5679 1102 5745 quinque
1136 5695 1400 5732 sensuum.
1452 5682 1542 5734 Sic
1599 5684 1797 5734 habent
1841 5699 2011 5737 tnss.:
2050 5683 2101 5735 in

523 5747 803 5814 impressis
832 5761 958 5801 vero
995 5747 1123 5803 illud
1149 5750 1415 5804 omissum
1442 5763 1545 5812 est.
1578 5761 1632 5806 ct
1672 5755 1831 5814 paulo
1870 5765 1989 5811 post
2027 5753 2100 5806 le-

2207 5473 2369 5542 gitur,
2419 5482 2472 5522 ut
2523 5469 2881 5522 remissionem
2935 5477 3266 5542 peccatorum
3310 5476 3407 5542 per
3446 5475 3564 5539 eum
3602 5459 3784 5542 detaut

2205 5528 2484 5610 iiquiﬁcet.
2521 5528 3018 5607 Quinquagcnarius
3064 5535 3202 5586 enim
3237 5530 3486 5600 jubiltcus
3513 5531 3562 5581 in
3595 5528 3675 5579 his
3709 5533 3784 5579 cst

2205 5612 2607 5682 quintupit'citt'r
2633 5610 2888 5682 positus.”
2946 5675 2954 5682 _

2282 5671 2403 5744 (52)
2436 5681 2587 5742 Mss,
2615 5671 2801 5740 salius,
2835 5675 2957 5729 libri
2985 5672 3139 5735 editi,
3165 5671 3239 5724 uel
3269 5671 3482 5723 salutis.
