4134 6430
337 381 410 439 93
1721 383 1921 439 LIBER
1959 381 2233 437 PRIMUS.
3545 378 3610 436 9i

340 511 455 548 rum
491 506 723 564 tuorum,
761 499 1023 570 spiritalis
1076 500 1285 557 scilicet
1335 499 1690 573 intelligentia
1719 513 1772 556 et
1806 519 1922 573 my—
1953 507 1995 561 Α
2029 501 2113 555 nis
2137 501 2258 568 ejus
2279 509 2331 552 et
2354 498 2540 552 odoris
2570 498 2840 552 senserint
2864 495 3213 562 suavitatem,
3237 495 3328 552 tibi
3364 513 3610 567 unguen-

345 589 504 654 stica,
534 606 692 658 super
744 592 922 644 omnia
978 601 1223 644 aromata
1281 591 1506 646 moralis
1557 592 1928 661 naturalisque

347 681 726 751 philosophia}.
788 679 908 733 Non
964 689 1146 734 autem
1182 681 1346 736 lateat
1376 697 1476 736 nos
1509 683 1651 751 quod
1710 683 1762 735 in
1801 684 1927 750 qui-

349 772 579 826 busdam
611 768 1016 838 exemplaribus
1046 783 1146 837 pro
1190 783 1256 821 eo
1285 769 1430 837 quod
1483 769 1714 839 legimus
1743 787 1755 822 :
1790 767 1927 833 Quia

347 864 482 916 bona
510 871 632 915 sunt
682 861 844 915 ubera
897 872 991 913 tua
1021 876 1180 930 super
1209 862 1408 925 vinum,
1457 860 1765 914 invenimus
1794 861 1930 914 scri-

348 965 495 1022 ptum
535 972 548 1007 :
583 952 725 1018 Quia
768 953 916 1005 bona:
977 961 1101 1004 sunt
1131 951 1352 1022 loquela:
1383 960 1488 1004 tua:
1531 967 1685 1012 super
1708 951 1928 1015 vinum;

347 1046 495 1116 quod
528 1045 783 1116 quamvis
802 1045 1090 1100 videantur
1131 1044 1473 1112 signiﬁcasse
1518 1043 1822 1098 evidentius
1864 1058 1927 1096 ea

349 1135 464 1205 ipsa
512 1151 635 1205 qua:
696 1135 853 1190 nobis
915 1135 1146 1204 spiritali
1196 1133 1642 1202 interpretatione
1694 1133 1928 1187 disserta

353 1236 508 1294 sunt,
540 1234 718 1281 tamen
763 1243 864 1280 nos
915 1225 1268 1296 Septuaginta
1318 1223 1676 1293 lnterpretnm
1728 1224 1928 1290 scripta

350 1332 447 1386 per
467 1317 655 1372 omnia
686 1316 1044 1380 custodimus,
1072 1317 1204 1372 certi
1232 1315 1381 1386 quod
1431 1313 1667 1384 Spiritus
1707 1323 1930 1368 sanctus

354 1408 740 1478 mysteriorum
775 1407 978 1463 formas
1011 1408 1256 1462 obtectas
1287 1407 1466 1461 inesse
1494 1406 1667 1459 voluit
1691 1405 1743 1458 in
1778 1403 1928 1459 Scri-

353 1499 529 1569 pturis
555 1499 775 1566 divinis,
804 1509 860 1555 et
884 1516 992 1556 non
1034 1499 1214 1571 palam
1246 1508 1408 1570 atque
1439 1498 1492 1553 in
1522 1498 1810 1568 propatulo
1834 1496 1931 1552 ha-

353 1590 489 1646 beri.

421 1680 571 1739 Vers.
599 1683 652 1751 Ι,
680 1684 733 1751 5,
758 1684 813 1740 4.
833 1682 1164 1754 Unguentum
1184 1681 1514 1737 exinanitum
1543 1697 1726 1734 nomen
1758 1692 1927 1735 tuum.

345 1772 636 1844 Propterea
666 1773 1071 1829 adolescentulis
1125 1772 1420 1826 dilexerunt
1454 1779 1521 1835 te,
1569 1787 1630 1823 ac
1656 1779 1930 1825 traxerunt

2031 600 2210 644 torum
2240 591 2360 659 ejus
2386 589 2738 659 fragrantiam
2787 590 3050 658 ceperint,
3099 589 3310 644 ratione
3342 590 3611 644 duntaxat

2031 677 2302 732 adventus
2324 677 2467 746 ejus,
2502 687 2554 732 et
2583 677 2973 747 redemptionis
3001 693 3064 732 ac
3093 680 3365 748 passionis
3388 696 3606 744 causas,

2029 768 2462 837 charitatemque
2488 769 2829 837 agnoverint,
2888 784 2995 838 qua
3028 784 3126 838 pro
3167 771 3340 824 salute
3361 771 3605 824 omnium

2032 873 2208 926 usque
2235 857 2299 910 ad
2340 864 2567 910 mortem
2600 858 2782 912 crucis
2811 858 3137 912 immortalis
3165 859 3415 922 accessit,
3447 869 3501 913 et
3524 860 3608 913 his

2028 949 2288 1002 omnibus
2330 948 2478 1002 velut
2532 948 2704 1003 divini
2737 949 3022 1018 cujusdam
3077 960 3130 1004 et
3187 951 3476 1005 ineffabilis
3506 967 3608 1003 un-

1990 1051 2000 1058 '
2031 1041 2218 1110 guenti
2243 1040 2506 1095 odoribus
2523 1040 2763 1094 invitata:
2788 1041 3221 1108 adolescentiilze,
3238 1044 3287 1097 id
3309 1053 3390 1098 est
3413 1043 3608 1097 animis

2030 1131 2202 1200 plenae
2234 1130 2438 1201 vigoris
2475 1139 2639 1200 atque
2665 1130 2962 1186 alacritatis
2986 1132 3206 1198 effectae,
3237 1143 3463 1189 currunt
3485 1141 3608 1203 post

2032 1220 2232 1291 ipsum,
2271 1230 2434 1292 atque
2461 1221 2526 1276 ad
2567 1221 2790 1278 odorem
2821 1222 3110 1277 suavitatis
3161 1224 3280 1292 ejus
3307 1240 3414 1278 non
3459 1225 3606 1278 lento

2032 1313 2226 1381 gradu,
2255 1328 2358 1367 nec
2403 1312 2573 1367 tardis
2606 1312 2882 1382 passibus,
2937 1313 3032 1367 sed
3087 1314 3278 1383 rapido
3333 1330 3493 1368 cursu
3554 1323 3608 1366 et

2033 1411 2144 1457 tota
2179 1405 2562 1474 properatione
2599 1404 2880 1470 festinant,
2913 1407 3374 1476 quemadmodum
3422 1417 3474 1460 et
3518 1406 3607 1459 ille

2032 1492 2126 1562 qui
2153 1493 2368 1547 dicebat
2413 1497 2474 1547 "z
2499 1490 2589 1546 Sic
2615 1508 2776 1549 curro
2790 1502 2848 1548 ut
2890 1495 3372 1565 comprehendam.
3402 1493 3604 1548 Verum

2031 1583 2176 1654 quod
2237 1583 2352 1638 ait:
2418 1583 2752 1654 Unguentum
2802 1585 3136 1639 exinanitum
3188 1602 3374 1640 nomen
3431 1593 3603 1650 tuum,

2031 1682 2304 1742 propterea
2363 1674 2768 1730 adolescentulo:
2805 1676 3101 1731 dilexerunt
3135 1687 3202 1742 te,
3244 1687 3292 1730 et
3334 1685 3605 1730 traxerunt

2035 1780 2083 1824 te
2113 1777 2228 1838 post
2282 1784 2372 1832 se;
2426 1769 2480 1820 in
2522 1769 2736 1823 odorem
2784 1781 3166 1840 unguentorum
3197 1781 3406 1824 tuorum
3439 1786 3610 1823 curre-

343 1871 392 1916 te
417 1835 534 1932 post
581 1879 659 1918 se.
696 1861 763 1916 In
796 1862 1010 1915 odorem
1070 1869 1456 1928 unguentorum
1509 1864 1718 1909 tuorum
1748 1871 1927 1909 curre-
1961 1835 2004 1890 Β
2034 1835 2440 1915 mue.Trahunt
2483 1860 2549 1916 ad
2603 1871 2664 1915 se
2706 1835 2995 1917 Christum
3053 1862 3490 1922 adolescentulze,
3533 1861 3608 1914 si-

343 1968 483 2006 unus.
513 1951 789 2007 llistorica
818 1951 1036 2021 quidem
1068 1949 1340 2020 expositio
1365 1947 1554 2004 eadem
1590 1963 1711 2016 quae
1746 1947 1799 2001 in
1834 1962 1928 2002 su-

345 2042 676 2110 perioribus,
735 2041 1003 2112 percurrit
1047 2041 1212 2095 etiam
1239 2041 1292 2095 in
1317 2038 1570 2110 prmsenti
1605 2039 1724 2094 loco
1751 2039 1927 2093 donec

344 2134 440 2188 fiat
463 2135 645 2203 aliqua
706 2133 936 2189 mutatio
992 2148 1373 2205 personarum,
1417 2133 1490 2186 ita
1543 2130 1744 2201 quippe
1792 2131 1926 2186 ordo

341 2223 607 2280 dramatis
636 2225 791 2294 quia
847 2226 1004 2281 nobis
1034 2225 1089 2280 in
1143 2224 1245 2279 hac
1287 2223 1630 2294 expositione
1674 2231 1924 2293 receptus

340 2325 447 2381 est,
483 2316 677 2386 poscit.
704 2315 887 2372 Potest
910 2332 1042 2372 sane
1071 2317 1124 2370 in
1171 2315 1257 2370 his
1300 2314 1583 2384 prephetia
1637 2313 1747 2382 (55)
1777 2329 1924 2382 qua:-

343 2405 469 2460 dam
491 2405 660 2461 videri
695 2422 758 2461 ex
788 2421 1020 2477 persona
1055 2420 1271 2476 sponsae
1328 2406 1544 2476 prolata
1583 2405 1648 2459 de
1679 2403 1920 2468 Christo,

339 2497 486 2566 quod
508 2496 751 2552 futurum
781 2505 925 2553 esset
953 2497 1007 2551 in
1067 2497 1304 2550 adventu
1336 2495 1553 2550 Domini
1577 2503 1633 2548 et
1672 2493 1922 2548 Salvato-

340 2588 419 2642 ris
444 2587 640 2652 nostri,
673 2597 734 2642 nt
764 2601 963 2642 nomen
998 2586 1115 2656 ejus
1137 2586 1211 2640 ita
1237 2601 1333 2654 per
1352 2585 1537 2639 urbem
1563 2594 1719 2638 terra:
1745 2594 1798 2638 et
1827 2600 1922 2654 per

339 2677 657 2733 universum
712 2678 975 2732 mundum
1031 2675 1444 2738 diﬂ'underetur,
1486 2685 1544 2729 ut
1585 2675 1738 2730 ﬁeret
1783 2676 1922 2730 odor

339 2767 626 2822 suavitatis
655 2768 708 2821 in
762 2768 910 2822 omni
963 2768 1107 2834 loco,
1139 2767 1284 2824 sicut
1328 2775 1382 2821 et
1409 2766 1707 2838 Apostolus
1738 2768 1872 2822 dixit
1900 2786 1916 2824 :

340 2857 484 2924 Quia
523 2857 723 2913 Christi
755 2858 918 2914 bonus
945 2859 1076 2913 odor
1104 2876 1287 2914 sumus
1313 2860 1369 2912 in
1418 2859 1562 2912 onmi
1598 2858 1752 2920 loco;
1792 2860 1916 2916 aliis

337 2949 546 3018 quidem
579 2950 712 3002 odor
747 2966 812 3004 ea:
835 2959 1000 3004 morte
1023 2951 1094 3004 in.
1117 2960 1357 3016 mortem,
1412 2950 1535 3003 aliis
1578 2959 1755 3004 autent
1785 2950 1918 3005 odor

337 3040 404 3094 de
430 3041 537 3094 vita
577 3041 630 3094 in
659 3043 820 3094 vitam
856 3041 920 3096 ³⁸.
976 3042 1032 3096 Si
1078 3042 1225 3096 enim
1260 3042 1518 3097 omnibus
1550 3039 1744 3097 fuisset
1778 3042 1915 3098 odor

2029 1952 2248 2021 quidem
2292 1949 2359 2003 de
2386 1947 2648 2006 Ecelcsiis
2704 1949 3057 2021 intelligatur,
3086 1967 3207 2020 qua:
3249 1967 3353 2004 una
3387 1952 3605 2020 quidem

2026 2051 2108 2096 est
2140 2057 2264 2096 cum
2313 2042 2552 2112 perfecta
2602 2051 2703 2096 est.
2755 2040 2935 2096 Multa:
2971 2057 3101 2098 vero
3139 2051 3266 2096 sunt
3292 2042 3607 2095 adolescen—

2025 2132 2174 2197 tulte,
2223 2148 2347 2186 cum
2401 2132 2581 2188 adhuc
2637 2133 2988 2188 instruuntur
3034 2143 3088 2190 et
3145 2136 3456 2203 proficiunt.
3488 2135 3608 2189 Isne.

2024 2238 2156 2296 ergo
2183 2225 2407 2278 trahunt
2435 2225 2501 2278 ad
2535 2239 2593 2280 se
2627 2224 2908 2280 Christum
2939 2242 3036 2297 per
3076 2227 3258 2294 tidem,
3291 2229 3417 2297 quia
3453 2228 3607 2282 Chri-

2025 2322 2165 2376 stus,
2199 2313 2291 2368 ubi
2322 2313 2518 2368 viderit
2561 2324 2918 2386 congregatos
2950 2315 3090 2370 duos
3123 2315 3204 2370 vel
3241 2325 3351 2370 tres
3393 2316 3448 2370 in
3504 2315 3606 2368 fide

2026 2403 2265 2458 nominis
2291 2404 2398 2470 sui,
2426 2404 2577 2458 vadit
2608 2403 2758 2468 illuc,
2782 2415 2836 2458 et
2869 2415 2953 2460 est
2976 2406 3030 2459 in
3055 2407 3232 2460 medio
3261 2422 3475 2470 eorum,
3501 2406 3606 2460 fide

2022 2510 2215 2550 eorum
2245 2503 2454 2549 tractus
2491 2503 2545 2550 et
2600 2496 2964 2551 unanimitate
2999 2505 3350 2566 provocatus.
3387 2497 3442 2551 Si
3473 2513 3603 2551 vero

2023 2587 2184 2640 tertia
2233 2584 2342 2656 42
2386 2586 2729 2656 expositione
2756 2587 2824 2642 de
2867 2588 3049 2641 anima
3085 2587 3324 2642 Verbum
3373 2588 3469 2643 Dei
3517 2605 3604 2644 sc-

2022 2685 2222 2747 qncnte
2255 2676 2483 2744 intelligi
2511 2677 2628 2731 lucc
2649 2683 2880 2746 oportet,
2911 2693 3250 2748 quaecunque
3283 2679 3464 2732 anima
3490 2678 3606 2734 lue-

2024 2767 2332 2821 riterudita
2365 2767 2546 2837 primo
2578 2768 2630 2820 in
2680 2767 3003 2830 moralibus,
3051 2769 3293 2822 secundo
3327 2767 3491 2822 etiam
3547 2769 3602 2823 in

2019 2861 2366 2916 naturalibus
2403 2860 2721 2924 exercitata,
2768 2877 2864 2930 per
2911 2862 3002 2916 illa
3037 2864 3220 2915 omnia
3249 2879 3370 2932 qua:
3404 2864 3458 2916 in
3515 2865 3600 2919 his

2016 2951 2319 3023 disciplinis
2353 2953 2569 3008 edoceri
2599 2968 2762 3021 supra
2812 2953 3177 3019 ostendimus,
3209 2953 3327 3024 ipsa
3381 2969 3596 3008 morum

2015 3042 2345 3107 emendatio,
2370 3050 2424 3096 et
2448 3039 2684 3095 eruditio
2712 3055 2918 3100 rerum.
2949 3056 3012 3095 ac
3035 3041 3279 3110 probitas
3301 3041 3603 3110 disciplinae

328 3128 400 3184 de
425 3131 532 3186 vita
563 3131 616 3186 in
649 3132 834 3196 vitam,
866 3132 1090 3198 dixisset
1123 3133 1306 3200 utique
1335 3143 1388 3187 et
1435 3133 1557 3187 hic:
1593 3129 1796 3188 Omnes
1828 3133 1911 3188 di-
1939 3161 1982 3219 ο
2031 3131 2202 3186 trahit
2230 3131 2296 3186 ad
2327 3147 2385 3186 se
2419 3127 2653 3184 Verbum
2686 3127 2801 3195 Dei,
2831 3138 2883 3183 et
2903 3129 3078 3183 lihens
3111 3129 3377 3194 trahitur;
3405 3131 3602 3190 gratis-

333 3215 582 3278 lcxerunt
607 3232 660 3277 te
695 3235 749 3278 et
778 3233 1060 3279 traxerunt
1115 3233 1187 3280 te.
1220 3223 1326 3281 Sed
1364 3242 1510 3280 nunc
1545 3225 1642 3290 ait,
1675 3226 1766 3281 ubi
1805 3243 1907 3281 no-

331 3322 457 3365 men
493 3323 650 3373 tuum
675 3325 758 3372 est
784 3315 988 3371 factum
1021 3325 1357 3388 unguentum
1384 3315 1747 3382 exinanitum,
1775 3315 1912 3371 dile-

332 3415 529 3461 serunt
561 3416 631 3471 te,
661 3423 766 3462 non
794 3408 897 3462 illa:
928 3407 1136 3472 vetulae,
1170 3421 1235 3462 ac
1261 3416 1496 3463 veterem
1525 3407 1800 3462 hominem
1829 3407 1912 3462 in-

329 3497 478 3552 duta:
502 3499 719 3562 animae,
771 3514 946 3570 neque
975 3514 1141 3570 rugas
1193 3499 1477 3563 habentes,
1513 3515 1690 3570 neque
1725 3515 1912 3553 macu-

333 3589 435 3654 las,
459 3591 553 3644 sed
589 3592 1012 3648 adolescentula:
1065 3593 1119 3647 in
1176 3602 1472 3661 augmento
1499 3593 1706 3648 scilicet
1733 3592 1911 3647 anatis

334 3691 388 3738 et
424 3682 848 3753 pulchritudinis
879 3684 1071 3753 positae
1101 3685 1314 3750 animae,
1354 3701 1478 3754 quae
1499 3700 1713 3754 semper
1748 3685 1909 3737 inno-

332 3781 550 3838 vantur,
579 3782 633 3828 et
684 3775 749 3829 de
775 3775 862 3829 die
896 3774 951 3829 in
993 3775 1136 3830 diem
1188 3785 1544 3841 renovantur,
1593 3789 1794 3829 novum
1849 3789 1908 3828 se.

332 3863 606 3918 hominem
649 3863 934 3920 induentes
962 3865 1055 3934 qui
1104 3868 1403 3921 secundum
1465 3865 1634 3920 Deum
1691 3874 1909 3919 creatus

330 3962 436 4010 est.
478 3953 704 4023 Propter
751 3955 885 4011 istas
935 3973 1066 4026 ergo
1107 3957 1543 4013 adolescentulus
1600 3965 1654 4009 et
1706 3957 1759 4009 in
1813 3973 1910 4010 au-

329 4043 564 4112 gmentis
597 4043 720 4097 vitm
767 4043 1102 4114 profectibus
1136 4047 1364 4116 positas,
1397 4045 1700 4099 exinanivit
1736 4061 1793 4100 se
1817 4045 1908 4100 ille

327 4133 421 4202 qui
452 4142 568 4188 erat
597 4133 649 4187 in
686 4132 861 4188 forma
898 4133 1011 4199 Dei,
1043 4143 1101 4188 ut
1147 4137 1297 4190 licret
1336 4143 1671 4206 unguentum
1728 4136 1910 4188 exina-

327 4224 502 4278 nitum
537 4240 732 4278 nomen
760 4223 911 4293 ejus;
941 4233 999 4278 ut
1053 4241 1158 4279 non
1186 4225 1298 4295 jam
1335 4224 1672 4279 inaccessam
1727 4225 1903 4280 lucem

325 4316 706 4372 tantummodo
733 4316 1002 4372 habitaret
1036 4326 1086 4372 et
1114 4319 1167 4372 in
1215 4317 1389 4372 forma
1420 4317 1511 4371 Dei
1542 4330 1902 4388 permaneret,

323 4409 417 4464 sed
443 4406 680 4464 Verbum
709 4423 840 4464 caro
871 4409 1042 4473 fieret,
1067 4424 1176 4480 quo
1206 4418 1430 4478 possent
1460 4409 1577 4463 ista:
1596 4409 1906 4466 adolesceno

2015 3224 2158 3279 sime
2189 3224 2335 3278 enim
2362 3223 2430 3277 ad
2462 3223 2710 3278 eruditas
2763 3221 2977 3275 animas
3004 3220 3173 3286 venit,
3201 3229 3248 3274 et
3280 3219 3421 3272 trahi
3449 3233 3506 3272 se
3531 3217 3600 3271 ah

2015 3317 2100 3371 his
2148 3315 2491 3388 indulgenter
2549 3313 2766 3384 accipit,
2798 3313 3139 3383 benigneque
3187 3310 3454 3367 concedit.
3491 3309 3599 3362 Re.-

2013 3405 2172 3476 qniro
2195 3420 2350 3472 sane,
2378 3404 2424 3460 si
2460 3405 2636 3460 solum
2667 3418 2864 3458 nomen
2912 3402 3054 3472 ejus,
3097 3402 3224 3472 quia
3259 3409 3595 3471 unguentum

2013 3495 2219 3552 factum
2270 3504 2355 3551 est
2377 3495 2740 3561 exinanitum,
2773 3502 2985 3548 tantum
3014 3493 3194 3564 operis
3220 3493 3413 3563 egerit,
3442 3501 3495 3546 et
3524 3492 3597 3546 ita

2012 3587 2294 3643 suscitarit
2337 3587 2798 3649 adulescentulas,
2848 3594 2906 3640 nt
2939 3586 3120 3656 primo
3161 3585 3443 3640 traherent
3467 3598 3594 3638 eum

2012 3679 2078 3732 ad
2110 3695 2190 3743 se,
2217 3688 2272 3734 et
2294 3679 2558 3734 habentes
2602 3696 2729 3734 eum
2767 3680 2910 3750 apud
2959 3694 3038 3742 se,
3071 3685 3328 3746 caperent
3357 3692 3599 3745 unguen-

2011 3778 2191 3825 torum
2228 3771 2348 3839 ejus
2376 3771 2620 3838 odorem,
2655 3784 2710 3828 et
2745 3773 2933 3827 statim
2972 3777 3256 3824 currerent
3285 3776 3407 3837 post
3429 3782 3591 3832 eum;

2012 3862 2058 3916 si
2093 3862 2228 3926 hare,
2260 3862 2510 3931 inquam,
2563 3858 2747 3915 omnia
2799 3861 2918 3917 solo
2972 3859 3190 3914 nomine
3236 3860 3355 3928 ejus
3402 3859 3590 3913 elici-ta

2011 3960 2161 4016 sunt,
2195 3952 2326 4022 quid
2352 3960 2514 4020 putas
2545 3952 2706 4009 faciet
2736 3955 2851 4024 ipsa
2907 3953 3027 4021 ejus
3062 3951 3404 4007 substantia?
3447 3950 3590 4017 Quid

2009 4057 2074 4097 ex
2108 4043 2200 4098 illa
2232 4043 2652 4100 adolescentula:
2695 4047 2814 4102 istae
2842 4045 3081 4109 virtutis,
3115 4045 3244 4115 quid
3275 4045 3478 4115 vigoris
3507 4061 3592 4099 ac-

2009 4135 2233 4205 cipient,
2259 4137 2303 4192 si
2331 4153 2440 4208 quo
2465 4147 2621 4207 pacto
2665 4139 2943 4209 potuerint
2975 4138 3271 4208 aliquando
3300 4137 3366 4191 ad
3413 4137 3588 4206 ipsam

2008 4228 2130 4298 ejus
2158 4228 2764 4300 incomprehensibilem
2789 4241 2952 4299 atque
2981 4229 3305 4283 ineffabilem
3343 4228 3592 4282 substan-

2007 4320 2137 4374 tiam
2171 4321 2621 4392 pervenire?Ego
2653 4330 2786 4393 puto
2816 4323 2960 4392 quod
2993 4322 3037 4377 si
3071 4322 3136 4375 ad
3168 4321 3271 4376 hoc
3294 4319 3590 4390 aliquando

2008 4413 2503 4484 pervcnerint,jam
2534 4431 2640 4468 non
2670 4414 2952 4468 ambulent
2997 4430 3175 4484 neque
3215 4421 3462 4476 currant,
3489 4411 3587 4467 sed

325 4501 473 4564 tulze,
509 4499 638 4553 etin
700 4499 1008 4571 augmentis
1055 4499 1397 4570 profectnum
1459 4501 1649 4570 positae
1682 4503 1899 4567 animai,
1935 4493 1980 4552 D
2008 4505 2240 4560 vinculis
2273 4505 2600 4576 quibusdam
2657 4507 2944 4562 charitatis
2977 4507 3098 4576 ejus
3130 4507 3373 4560 astricta:
3410 4505 3588 4559 adluis.

325 4606 434 4644 non
465 4590 641 4645 solum
673 4591 918 4662 diligere,
946 4591 1039 4647 sed
1063 4601 1118 4646 et
1142 4592 1356 4647 trahere
1382 4607 1506 4646 eum
1537 4593 1602 4648 ad
1639 4609 1717 4648 se.
1762 4593 1898 4648 Tra-

322 4681 402 4736 hit
434 4683 580 4736 enim
614 4697 953 4752 unaquaeque
1005 4682 1186 4736 anima
1238 4692 1292 4736 et
1324 4682 1554 4738 assumit
1585 4684 1652 4738 ad
1684 4700 1742 4739 se
1771 4683 1901 4740 Ver-

321 4769 451 4823 bum
484 4768 576 4823 Dei
606 4785 704 4840 pro
731 4770 1046 4839 capacitatis
1072 4782 1126 4825 et
1149 4771 1268 4825 lidei
1304 4787 1417 4826 sua:
1440 4789 1719 4830 mensura.
1755 4775 1893 4830 Cum

317 4870 501 4914 autem
530 4861 793 4914 traxerint
813 4860 878 4914 ad
915 4875 974 4915 se
999 4861 1194 4915 anima:
1230 4860 1468 4916 Verbum
1502 4862 1619 4929 Dei,
1645 4873 1700 4918 et
1730 4868 1898 4922 sensi-

319 4947 422 5004 bus
443 4949 559 5004 suis
593 4957 756 5020 atque
781 4949 1145 5006 intellectibus
1171 4950 1536 5018 inseruerint,
1569 4964 1622 5009 et
1653 4955 1895 5011 dulcedi-

2005 4605 2162 4650 reant
2192 4596 2264 4663 ei,
2289 4613 2358 4652 ne
2410 4598 2552 4653 ultra
2603 4598 2922 4653 mobilitatis
2974 4595 3208 4665 alicujus
3253 4597 3396 4652 ullus
3423 4597 3476 4650 in
3503 4597 3584 4650 eis

1999 4687 2236 4742 resideat
2261 4687 2440 4754 locus,
2488 4688 2582 4744 sed
2634 4690 2744 4744 sint
2802 4705 2926 4744 cum
2978 4705 3044 4744 eo
3088 4707 3230 4745 unus
3258 4690 3502 4758 spiritus,
3531 4698 3584 4742 i-t

2000 4778 2342 4847 compleatur
2373 4779 2426 4834 in
2471 4781 2552 4836 eis
2581 4780 2714 4834 illud
2759 4783 2905 4852 quod
2955 4783 3216 4851 scriptum
3273 4793 3392 4838 est:
3430 4781 3579 4838 Sicut

2003 4879 2061 4923 tu
2093 4869 2258 4925 Pater
2279 4871 2335 4925 in
2358 4889 2458 4938 me,
2485 4883 2533 4927 et
2559 4891 2668 4945 ego
2710 4875 2765 4928 in
2793 4885 2840 4929 te
2871 4891 3033 4929 unum
3060 4893 3264 4941 sumus,
3310 4877 3387 4930 ita
3414 4887 3462 4931 et
3489 4879 3581 4931 isti

2002 4962 2058 5016 in
2088 4962 2238 5017 nobis
2267 4979 2430 5018 unum
2482 4966 2588 5019 sint
2616 4967 2682 5021 ὀ.
2724 4965 2831 5022 Sed
2873 4983 3022 5024 nunc
3067 4967 3305 5035 interim,
3339 4977 3398 5023 ut
3435 4969 3582 5023 vide-

392 5069 434 5100 ιε
455 5067 499 5122 ιι
529 5068 660 5124 Cor.
688 5084 747 5136 ιι,
774 5047 862 5136 is,
890 5068 978 5125 ιδ.
1057 5069 1137 5124 ιοι
1162 5069 1291 5128 Cor.
1328 5089 1404 5140 IX,
1432 5075 1524 5130 2.4.
1601 5076 1646 5106 ὀ
1665 5074 1824 5132 Joan.
1853 5095 1989 5146 xm,
2020 5079 2111 5139 ei.

388 5182 499 5251 (35)
541 5184 672 5239 Mss.
701 5193 864 5257 potest
887 5200 1016 5257 sane
1049 5185 1104 5238 in
1129 5186 1211 5257 his
1241 5188 1532 5256 prophetia.
1561 5187 1716 5244 Libh.
1739 5191 1896 5257 etlit.,

315 5263 532 5330 possunt
572 5271 720 5330 sane
737 5255 791 5330 in
826 5255 1524 5330 propltetia._Gra:eaiapud
1568 5255 1894 5330 Procopium

318 5324 440 5400 haec;
467 5334 596 5401 sunt
630 5343 650 5401 :_
679 5323 832 5401 Τάχα
861 5325 1196 5401 ττροφῃτερει
1226 5326 1318 5378 τοῦ
1352 5323 1614 5401 ῥνρματος
1635 5323 1895 5401 τοῦίΧρι-

317 5390 572 5470 σῖοῦετὴν
603 5393 694 5445 τὸν
729 5390 935 5470 redemi:
969 5390 1334 5470 trqutbaagav
1363 5390 1894 5470 δύιὶᾳμιγήκῖᾳτᾲίὲὴν

314 5459 504 5544 aliter).
531 5459 854 5544 napouptav',
900 5459 1327 5544 ῷστε,’έγενέςθαι
1349 5459 1511 5544 ,κατᾶ
1528 5466 1618 5520 τὸν
1643 5459 1860 5544 μαῇᾖοιὶ
1873 5487 1888 5500 ο

318 5528 551 5601 gignere
579 5528 780 5601 όᾲμὴν
800 5533 870 5585 ἐκ
903 5528 1162 5589 ear-aitet)
1181 5537 1269 5600 εἰς
1290 5534 1570 5599 θάνατον,
1603 5532 1694 5601 οἷς
1721 5539 1790 5590 δὲ
1819 5539 1891 5592 ἐκ

315 5597 462 5677 ζωῆς
499 5601 587 5666 εἰς
830 5603 892 5677 E_i
929 5603 1039 5677 γὰρ
1065 5606 1228 5657 πᾶσιν
1248 5597 1323 5677 ’ἦν
1350 5608 1428 5669 εἰς
1450 5597 1616 5677 ςωῆν,
1647 5597 1800 5661 εἶπεν
1823 5609 1888 5662 ἂν

314 5671 344 5736 ἡ
374 5669 604 5745 ,νύμφηῇ
643 5669 742 5745 Διᾲ
789 5669 950 5745 τρῦτό
971 5669 1170 5737 πᾶντες
1205 5669 1498 5745 ὴγᾶπησάν
1538 5669 1626 5728 άεο
1685 5677 1800 5730 ἀλλ’
1827 5678 1888 5730 οὑ

319 5740 478 5807 μόνον
526 5742 586 5794 al
632 5739 903 5804 νεάνιδες
949 5745 1003 5797 αἱ
1041 5739 1310 5823 mussat
1348 5739 1737 5802 dvaveoduevat
1799 5748 1891 5803 καὶ

2004 5195 2078 5268 μὴ
2109 5195 2326 5279 ἔβυσα-ι
2350 5199 2537 5271 ῥυτίδα
2559 5201 2592 5271 ἢ
2617 5201 2823 5279 annon.
2848 5201 3006 5279 Forte
3037 5203 3359 5279 vaticinatur
3377 5201 3577 5257 Christi

1998 5271 2242 5342 nominis
2264 5271 2531 5336 virtutem,
2561 5273 2739 5342 quain
2769 5274 2882 5342 ejus
2912 5273 3139 5327 adventu
3173 5272 3383 5342 repleuit
3421 5288 3575 5324 utun-

1997 5334 2144 5399 dum,
2173 5339 2304 5392 adeo
2333 5350 2388 5392 ut
2419 5334 2544 5394 teste
2570 5334 2742 5395 Paulo
2765 5334 2950 5407 fieret:
2986 5362 3005 5393 ‹
3037 5343 3172 5395 Aliis
3203 5341 3413 5410 quidem
3442 5343 3574 5394 odor

1994 5420 2059 5457 ea:
2109 5417 2273 5461 morte
2327 5410 2381 5461 in
2429 5421 2668 5468 mortem.
2721 5413 2844 5465 aliis
2897 5429 3015 5464 vero
3047 5427 3111 5465 ea:
3163 5413 3269 5464 vita
3309 5412 3362 5462 in
3409 5413 3570 5465 vitam

1995 5473 2058 5546 (ll
2085 5475 2213 5532 Cor.
2258 5493 2318 5540 ll,
2358 5479 2525 5546 15).)
2563 5479 2621 5533 Si
2665 5483 2805 5534 enim
2851 5483 3054 5534 cunctis
3102 5483 3157 5533 in
3207 5481 3367 5532 vitam
3409 5493 3564 5545 esset,

1991 5544 2225 5617 dixisset,
2243 5544 2454 5615 sponsa,
2480 5545 2760 5617 Propterea
2793 5567 2968 5604 attines
2995 5550 3293 5603 dilexerunt
3345 5560 3428 5613 te;
3461 5544 3564 5604 non

1989 5629 2105 5666 vero
2147 5615 2320 5669 solum
2367 5637 2388 5668 ι
2415 5615 2846 5682 adulescentum;
2883 5641 2900 5668 ι
2938 5635 3054 5687 qua:
3091 5619 3290 5672 scilicet
3331 5620 3565 5688 quotidie

1988 5696 2322 5754 renovantur,
2353 5698 2531 5742 etnon
2562 5688 2747 5742 habent
2779 5691 3041 5742 ntaculam
3066 5699 3158 5742 aut
3191 5704 3391 5758 rugam.
