  <div class='ocr_page' id='page_1' title='image "/cluster/home/n/w/nwhite01/storage/ocr_20150623/13:no.3/coo.31924054872910/058.png"; bbox 0 0 4134 6444; ppageno 0'>
   <div class='ocr_carea' id='block_1_1' title="bbox 291 351 3540 419">
    <p class='ocr_par' dir='ltr' id='par_1_1' title="bbox 291 351 3540 419">
     <span class='ocr_line' id='line_1_1' title="bbox 291 351 3540 419; baseline 0.002 -13"><span class='ocrx_word' id='word_1_1' title='bbox 291 365 357 419; x_wconf 76' lang='lat'><strong>97</strong></span> <span class='ocrx_word' id='word_1_2' title='bbox 1657 352 1855 406; x_wconf 68' lang='lat' dir='ltr'><strong>LlBlilt</strong></span> <span class='ocrx_word' id='word_1_3' title='bbox 1899 351 2178 410; x_wconf 72' lang='lat' dir='ltr'><strong>l&#39;ltlllC-S.</strong></span> <span class='ocrx_word' id='word_1_4' title='bbox 3473 359 3540 414; x_wconf 76' lang='lat' dir='ltr'><strong>as</strong></span> 
     </span>
    </p>
   </div>
   <div class='ocr_carea' id='block_1_2' title="bbox 291 468 3528 550">
    <p class='ocr_par' dir='ltr' id='par_1_2' title="bbox 291 468 3528 550">
     <span class='ocr_line' id='line_1_2' title="bbox 291 468 3528 550; baseline -0.003 -13"><span class='ocrx_word' id='word_1_5' title='bbox 291 486 388 547; x_wconf 92' lang='lat' dir='ltr'><strong>tia,</strong></span> <span class='ocrx_word' id='word_1_6' title='bbox 434 483 617 539; x_wconf 77' lang='lat' dir='ltr'><strong>ierunt</strong></span> <span class='ocrx_word' id='word_1_7' title='bbox 655 478 902 550; x_wconf 69' lang='lat' dir='ltr'><strong>quaedam</strong></span> <span class='ocrx_word' id='word_1_8' title='bbox 963 491 1084 532; x_wconf 86' lang='lat' dir='ltr'><strong>esse</strong></span> <span class='ocrx_word' id='word_1_9' title='bbox 1134 477 1442 546; x_wconf 64' lang='lat' dir='ltr'><strong>pigmenta.</strong></span> <span class='ocrx_word' id='word_1_10' title='bbox 1498 488 1733 546; x_wconf 75' lang='lat' dir='ltr'><strong>quorum</strong></span> <span class='ocrx_word' id='word_1_11' title='bbox 1807 468 1851 521; x_wconf 74' lang='lat' dir='ltr'><strong>si</strong></span> <span class='ocrx_word' id='word_1_12' title='bbox 1883 474 1929 527; x_wconf 86' lang='lat' dir='ltr'><strong>A</strong></span> <span class='ocrx_word' id='word_1_13' title='bbox 1965 476 2016 529; x_wconf 82' lang='lat' dir='ltr'><strong>in</strong></span> <span class='ocrx_word' id='word_1_14' title='bbox 2037 475 2771 546; x_wconf 75' lang='lat' dir='ltr'><strong>formaDet&#39;essct,exinanivit</strong></span> <span class='ocrx_word' id='word_1_15' title='bbox 2800 475 3158 544; x_wconf 81' lang='lat' dir='ltr'><strong>semetipsum,</strong></span> <span class='ocrx_word' id='word_1_16' title='bbox 3205 482 3254 528; x_wconf 87' lang='lat' dir='ltr'><strong>et</strong></span> <span class='ocrx_word' id='word_1_17' title='bbox 3300 475 3528 543; x_wconf 77' lang='lat' dir='ltr'><strong>formam</strong></span> 
     </span>
    </p>
   </div>
   <div class='ocr_carea' id='block_1_3' title="bbox 290 565 1860 643">
    <p class='ocr_par' dir='ltr' id='par_1_3' title="bbox 290 565 1860 643">
     <span class='ocr_line' id='line_1_3' title="bbox 290 565 1860 643; baseline -0.008 -12"><span class='ocrx_word' id='word_1_18' title='bbox 290 577 512 630; x_wconf 89' lang='lat' dir='ltr'><strong>odorem</strong></span> <span class='ocrx_word' id='word_1_19' title='bbox 566 573 810 643; x_wconf 74' lang='lat' dir='ltr'><strong>ceperint</strong></span> <span class='ocrx_word' id='word_1_20' title='bbox 858 570 1122 625; x_wconf 88' lang='lat' dir='ltr'><strong>nonnulla</strong></span> <span class='ocrx_word' id='word_1_21' title='bbox 1181 569 1438 622; x_wconf 81' lang='lat' dir='ltr'><strong>animalia</strong></span> <span class='ocrx_word' id='word_1_22' title='bbox 1472 566 1734 622; x_wconf 90' lang='lat' dir='ltr'><strong>continuo</strong></span> <span class='ocrx_word' id='word_1_23' title='bbox 1778 565 1860 619; x_wconf 85' lang='lat' dir='ltr'><strong>in-</strong></span> 
     </span>
    </p>
   </div>
   <div class='ocr_carea' id='block_1_4' title="bbox 293 657 1863 730">
    <p class='ocr_par' dir='ltr' id='par_1_4' title="bbox 293 657 1863 730">
     <span class='ocr_line' id='line_1_4' title="bbox 293 657 1863 730; baseline -0.008 -9"><span class='ocrx_word' id='word_1_24' title='bbox 293 675 532 730; x_wconf 84' lang='lat' dir='ltr'><strong>tereunt;</strong></span> <span class='ocrx_word' id='word_1_25' title='bbox 565 665 672 719; x_wconf 87' lang='lat' dir='ltr'><strong>alia</strong></span> <span class='ocrx_word' id='word_1_26' title='bbox 700 677 832 718; x_wconf 88' lang='lat' dir='ltr'><strong>vero</strong></span> <span class='ocrx_word' id='word_1_27' title='bbox 855 660 1046 717; x_wconf 90' lang='lat' dir='ltr'><strong>eodem</strong></span> <span class='ocrx_word' id='word_1_28' title='bbox 1089 659 1258 714; x_wconf 85' lang='lat' dir='ltr'><strong>odore</strong></span> <span class='ocrx_word' id='word_1_29' title='bbox 1288 667 1626 721; x_wconf 74' lang='lat' dir='ltr'><strong>recreantur,</strong></span> <span class='ocrx_word' id='word_1_30' title='bbox 1666 657 1863 710; x_wconf 88' lang='lat' dir='ltr'><strong>vitam-</strong></span> 
     </span>
    </p>
   </div>
   <div class='ocr_carea' id='block_1_5' title="bbox 293 746 1862 828">
    <p class='ocr_par' dir='ltr' id='par_1_5' title="bbox 293 746 1862 828">
     <span class='ocr_line' id='line_1_5' title="bbox 293 746 1862 828; baseline -0.007 -17"><span class='ocrx_word' id='word_1_31' title='bbox 293 774 398 828; x_wconf 87' lang='lat' dir='ltr'><strong>que</strong></span> <span class='ocrx_word' id='word_1_32' title='bbox 426 757 712 827; x_wconf 88' lang='lat' dir='ltr'><strong>reeipiunt.</strong></span> <span class='ocrx_word' id='word_1_33' title='bbox 745 753 808 807; x_wconf 89' lang='lat' dir='ltr'><strong>Et</strong></span> <span class='ocrx_word' id='word_1_34' title='bbox 837 767 980 808; x_wconf 89' lang='lat' dir='ltr'><strong>nunc</strong></span> <span class='ocrx_word' id='word_1_35' title='bbox 1005 766 1136 820; x_wconf 78' lang='lat' dir='ltr'><strong>ergo</strong></span> <span class='ocrx_word' id='word_1_36' title='bbox 1162 751 1216 803; x_wconf 93' lang='lat' dir='ltr'><strong>in</strong></span> <span class='ocrx_word' id='word_1_37' title='bbox 1247 750 1332 804; x_wconf 91' lang='lat' dir='ltr'><strong>his</strong></span> <span class='ocrx_word' id='word_1_38' title='bbox 1357 749 1487 819; x_wconf 85' lang='lat' dir='ltr'><strong>ipsis</strong></span> <span class='ocrx_word' id='word_1_39' title='bbox 1509 746 1862 818; x_wconf 85' lang='lat' dir='ltr'><strong>expositioni-</strong></span> 
     </span>
    </p>
   </div>
   <div class='ocr_carea' id='block_1_6' title="bbox 297 842 1858 914">
    <p class='ocr_par' dir='ltr' id='par_1_6' title="bbox 297 842 1858 914">
     <span class='ocr_line' id='line_1_6' title="bbox 297 842 1858 914; baseline -0.007 -8"><span class='ocrx_word' id='word_1_40' title='bbox 297 855 396 906; x_wconf 82' lang='lat' dir='ltr'><strong>bus</strong></span> <span class='ocrx_word' id='word_1_41' title='bbox 453 860 507 906; x_wconf 86' lang='lat' dir='ltr'><strong>et</strong></span> <span class='ocrx_word' id='word_1_42' title='bbox 557 847 907 904; x_wconf 80' lang='lat' dir='ltr'><strong>sermonibus</strong></span> <span class='ocrx_word' id='word_1_43' title='bbox 954 860 1095 914; x_wconf 88' lang='lat' dir='ltr'><strong>quos</strong></span> <span class='ocrx_word' id='word_1_44' title='bbox 1148 843 1415 897; x_wconf 84' lang='lat' dir='ltr'><strong>habemus</strong></span> <span class='ocrx_word' id='word_1_45' title='bbox 1464 843 1518 896; x_wconf 93' lang='lat' dir='ltr'><strong>in</strong></span> <span class='ocrx_word' id='word_1_46' title='bbox 1565 842 1858 903; x_wconf 88' lang='lat' dir='ltr'><strong>manibus,</strong></span> 
     </span>
    </p>
   </div>
   <div class='ocr_carea' id='block_1_7' title="bbox 296 934 1860 998">
    <p class='ocr_par' dir='ltr' id='par_1_7' title="bbox 296 934 1860 998">
     <span class='ocr_line' id='line_1_7' title="bbox 296 934 1860 998; baseline -0.004 -7"><span class='ocrx_word' id='word_1_47' title='bbox 296 940 505 993; x_wconf 82' lang='lat' dir='ltr'><strong>videtur</strong></span> <span class='ocrx_word' id='word_1_48' title='bbox 540 938 660 992; x_wconf 83' lang='lat' dir='ltr'><strong>aliis</strong></span> <span class='ocrx_word' id='word_1_49' title='bbox 693 951 814 990; x_wconf 88' lang='lat' dir='ltr'><strong>esse</strong></span> <span class='ocrx_word' id='word_1_50' title='bbox 851 935 960 988; x_wconf 90' lang='lat' dir='ltr'><strong>vita</strong></span> <span class='ocrx_word' id='word_1_51' title='bbox 993 949 1060 988; x_wconf 80' lang='lat' dir='ltr'><strong>ex</strong></span> <span class='ocrx_word' id='word_1_52' title='bbox 1096 934 1226 998; x_wconf 89' lang='lat' dir='ltr'><strong>vita,</strong></span> <span class='ocrx_word' id='word_1_53' title='bbox 1264 934 1388 986; x_wconf 90' lang='lat' dir='ltr'><strong>aliis</strong></span> <span class='ocrx_word' id='word_1_54' title='bbox 1430 947 1560 987; x_wconf 90' lang='lat' dir='ltr'><strong>vero</strong></span> <span class='ocrx_word' id='word_1_55' title='bbox 1597 947 1750 986; x_wconf 86' lang='lat' dir='ltr'><strong>mors</strong></span> <span class='ocrx_word' id='word_1_56' title='bbox 1791 947 1860 986; x_wconf 76' lang='lat' dir='ltr'><strong>ex</strong></span> 
     </span>
    </p>
   </div>
   <div class='ocr_carea' id='block_1_8' title="bbox 296 1020 1861 1090">
    <p class='ocr_par' dir='ltr' id='par_1_8' title="bbox 296 1020 1861 1090">
     <span class='ocr_line' id='line_1_8' title="bbox 296 1020 1861 1090; baseline -0.003 -14"><span class='ocrx_word' id='word_1_57' title='bbox 296 1034 488 1078; x_wconf 90' lang='lat' dir='ltr'><strong>morte.</strong></span> <span class='ocrx_word' id='word_1_58' title='bbox 525 1021 657 1076; x_wconf 86' lang='lat' dir='ltr'><strong>Nam</strong></span> <span class='ocrx_word' id='word_1_59' title='bbox 694 1024 739 1075; x_wconf 89' lang='lat' dir='ltr'><strong>si</strong></span> <span class='ocrx_word' id='word_1_60' title='bbox 777 1022 890 1076; x_wconf 64' lang='lat' dir='ltr'><strong>haec</strong></span> <span class='ocrx_word' id='word_1_61' title='bbox 924 1021 1120 1090; x_wconf 78' lang='lat' dir='ltr'><strong>exponi</strong></span> <span class='ocrx_word' id='word_1_62' title='bbox 1154 1021 1225 1074; x_wconf 89' lang='lat' dir='ltr'><strong>ita</strong></span> <span class='ocrx_word' id='word_1_63' title='bbox 1268 1021 1451 1074; x_wconf 78' lang='lat' dir='ltr'><strong>audiat</strong></span> <span class='ocrx_word' id='word_1_64' title='bbox 1489 1020 1740 1074; x_wconf 90' lang='lat' dir='ltr'><strong>animalis</strong></span> <span class='ocrx_word' id='word_1_65' title='bbox 1767 1020 1861 1088; x_wconf 89' lang='lat' dir='ltr'><strong>qui</strong></span> 
     </span>
    </p>
   </div>
   <div class='ocr_carea' id='block_1_9' title="bbox 297 1111 1863 1182">
    <p class='ocr_par' dir='ltr' id='par_1_9' title="bbox 297 1111 1863 1182">
     <span class='ocr_line' id='line_1_9' title="bbox 297 1111 1863 1182; baseline -0.003 -15"><span class='ocrx_word' id='word_1_66' title='bbox 297 1114 492 1168; x_wconf 89' lang='lat' dir='ltr'><strong>dicitur</strong></span> <span class='ocrx_word' id='word_1_67' title='bbox 533 1114 717 1178; x_wconf 89' lang='lat' dir='ltr'><strong>homo,</strong></span> <span class='ocrx_word' id='word_1_68' title='bbox 753 1112 845 1181; x_wconf 86' lang='lat' dir='ltr'><strong>qui</strong></span> <span class='ocrx_word' id='word_1_69' title='bbox 890 1128 995 1165; x_wconf 91' lang='lat' dir='ltr'><strong>non</strong></span> <span class='ocrx_word' id='word_1_70' title='bbox 1045 1113 1540 1182; x_wconf 84' lang='lat' dir='ltr'><strong>potestpcrcipere</strong></span> <span class='ocrx_word' id='word_1_71' title='bbox 1575 1123 1628 1166; x_wconf 88' lang='lat' dir='ltr'><strong>et</strong></span> <span class='ocrx_word' id='word_1_72' title='bbox 1664 1111 1863 1165; x_wconf 91' lang='lat' dir='ltr'><strong>intelli-</strong></span> 
     </span>
    </p>
   </div>
   <div class='ocr_carea' id='block_1_10' title="bbox 297 1202 1860 1273">
    <p class='ocr_par' dir='ltr' id='par_1_10' title="bbox 297 1202 1860 1273">
     <span class='ocr_line' id='line_1_10' title="bbox 297 1202 1860 1273; baseline -0.001 -15"><span class='ocrx_word' id='word_1_73' title='bbox 297 1220 420 1272; x_wconf 78' lang='lat' dir='ltr'><strong>gere</strong></span> <span class='ocrx_word' id='word_1_74' title='bbox 449 1220 570 1273; x_wconf 76' lang='lat' dir='ltr'><strong>qua:</strong></span> <span class='ocrx_word' id='word_1_75' title='bbox 605 1213 734 1259; x_wconf 87' lang='lat' dir='ltr'><strong>sunt</strong></span> <span class='ocrx_word' id='word_1_76' title='bbox 780 1203 1007 1272; x_wconf 73' lang='lat' dir='ltr'><strong>spiritus</strong></span> <span class='ocrx_word' id='word_1_77' title='bbox 1055 1202 1172 1268; x_wconf 87' lang='lat' dir='ltr'><strong>Dei,</strong></span> <span class='ocrx_word' id='word_1_78' title='bbox 1223 1204 1469 1258; x_wconf 80' lang='lat' dir='ltr'><strong>irridebit</strong></span> <span class='ocrx_word' id='word_1_79' title='bbox 1511 1204 1630 1258; x_wconf 89' lang='lat' dir='ltr'><strong>sine</strong></span> <span class='ocrx_word' id='word_1_80' title='bbox 1655 1202 1860 1268; x_wconf 84' lang='lat' dir='ltr'><strong>dubio,</strong></span> 
     </span>
    </p>
   </div>
   <div class='ocr_carea' id='block_1_11' title="bbox 297 1296 1864 1367">
    <p class='ocr_par' dir='ltr' id='par_1_11' title="bbox 297 1296 1864 1367">
     <span class='ocr_line' id='line_1_11' title="bbox 297 1296 1864 1367; baseline 0.001 -17"><span class='ocrx_word' id='word_1_81' title='bbox 297 1307 458 1367; x_wconf 88' lang='lat' dir='ltr'><strong>atque</strong></span> <span class='ocrx_word' id='word_1_82' title='bbox 486 1299 664 1365; x_wconf 88' lang='lat' dir='ltr'><strong>inepta</strong></span> <span class='ocrx_word' id='word_1_83' title='bbox 686 1297 802 1352; x_wconf 65' lang='lat' dir='ltr'><strong>haec</strong></span> <span class='ocrx_word' id='word_1_84' title='bbox 824 1313 944 1350; x_wconf 77' lang='lat' dir='ltr'><strong>esse</strong></span> <span class='ocrx_word' id='word_1_85' title='bbox 969 1307 1022 1351; x_wconf 88' lang='lat' dir='ltr'><strong>et</strong></span> <span class='ocrx_word' id='word_1_86' title='bbox 1044 1296 1227 1352; x_wconf 88' lang='lat' dir='ltr'><strong>inania</strong></span> <span class='ocrx_word' id='word_1_87' title='bbox 1251 1298 1649 1367; x_wconf 86' lang='lat' dir='ltr'><strong>pronuntiabit,</strong></span> <span class='ocrx_word' id='word_1_88' title='bbox 1675 1298 1864 1352; x_wconf 91' lang='lat' dir='ltr'><strong>dicens</strong></span> 
     </span>
    </p>
   </div>
   <div class='ocr_carea' id='block_1_12' title="bbox 299 1389 1863 1462">
    <p class='ocr_par' dir='ltr' id='par_1_12' title="bbox 299 1389 1863 1462">
     <span class='ocr_line' id='line_1_12' title="bbox 299 1389 1863 1462; baseline 0.001 -21"><span class='ocrx_word' id='word_1_89' title='bbox 299 1389 510 1442; x_wconf 85' lang='lat' dir='ltr'><strong>somnia</strong></span> <span class='ocrx_word' id='word_1_90' title='bbox 542 1390 719 1457; x_wconf 85' lang='lat' dir='ltr'><strong>potius</strong></span> <span class='ocrx_word' id='word_1_91' title='bbox 749 1404 911 1457; x_wconf 88' lang='lat' dir='ltr'><strong>quam</strong></span> <span class='ocrx_word' id='word_1_92' title='bbox 956 1405 1134 1443; x_wconf 90' lang='lat' dir='ltr'><strong>rerum</strong></span> <span class='ocrx_word' id='word_1_93' title='bbox 1172 1405 1368 1446; x_wconf 86' lang='lat' dir='ltr'><strong>causas</strong></span> <span class='ocrx_word' id='word_1_94' title='bbox 1398 1398 1452 1444; x_wconf 91' lang='lat' dir='ltr'><strong>et</strong></span> <span class='ocrx_word' id='word_1_95' title='bbox 1482 1390 1737 1462; x_wconf 78' lang='lat' dir='ltr'><strong>dogmata</strong></span> <span class='ocrx_word' id='word_1_96' title='bbox 1780 1390 1863 1443; x_wconf 89' lang='lat' dir='ltr'><strong>di-</strong></span> 
     </span>
    </p>
   </div>
   <div class='ocr_carea' id='block_1_13' title="bbox 300 1477 1863 1547">
    <p class='ocr_par' dir='ltr' id='par_1_13' title="bbox 300 1477 1863 1547">
     <span class='ocr_line' id='line_1_13' title="bbox 300 1477 1863 1547; baseline 0.003 -18"><span class='ocrx_word' id='word_1_97' title='bbox 300 1478 424 1530; x_wconf 88' lang='lat' dir='ltr'><strong>vina</strong></span> <span class='ocrx_word' id='word_1_98' title='bbox 457 1479 696 1532; x_wconf 87' lang='lat' dir='ltr'><strong>tractari.</strong></span> <span class='ocrx_word' id='word_1_99' title='bbox 729 1477 822 1532; x_wconf 81' lang='lat' dir='ltr'><strong>His</strong></span> <span class='ocrx_word' id='word_1_100' title='bbox 846 1494 974 1547; x_wconf 80' lang='lat' dir='ltr'><strong>ergo</strong></span> <span class='ocrx_word' id='word_1_101' title='bbox 1007 1480 1142 1534; x_wconf 83' lang='lat' dir='ltr'><strong>odor</strong></span> <span class='ocrx_word' id='word_1_102' title='bbox 1170 1480 1258 1534; x_wconf 93' lang='lat' dir='ltr'><strong>hic</strong></span> <span class='ocrx_word' id='word_1_103' title='bbox 1284 1481 1496 1536; x_wconf 88' lang='lat' dir='ltr'><strong>Cantici</strong></span> <span class='ocrx_word' id='word_1_104' title='bbox 1522 1481 1863 1535; x_wconf 89' lang='lat' dir='ltr'><strong>canticorum</strong></span> 
     </span>
    </p>
   </div>
   <div class='ocr_carea' id='block_1_14' title="bbox 299 1567 1865 1634">
    <p class='ocr_par' dir='ltr' id='par_1_14' title="bbox 299 1567 1865 1634">
     <span class='ocr_line' id='line_1_14' title="bbox 299 1567 1865 1634; baseline 0.004 -16"><span class='ocrx_word' id='word_1_105' title='bbox 299 1567 525 1621; x_wconf 76' lang='lat' dir='ltr'><strong>edicitur</strong></span> <span class='ocrx_word' id='word_1_106' title='bbox 551 1569 618 1622; x_wconf 89' lang='lat' dir='ltr'><strong>de</strong></span> <span class='ocrx_word' id='word_1_107' title='bbox 649 1579 819 1622; x_wconf 90' lang='lat' dir='ltr'><strong>morte</strong></span> <span class='ocrx_word' id='word_1_108' title='bbox 855 1569 908 1623; x_wconf 91' lang='lat' dir='ltr'><strong>in</strong></span> <span class='ocrx_word' id='word_1_109' title='bbox 940 1578 1192 1634; x_wconf 88' lang='lat' dir='ltr'><strong>mortem,</strong></span> <span class='ocrx_word' id='word_1_110' title='bbox 1227 1571 1438 1626; x_wconf 85' lang='lat' dir='ltr'><strong>scilicet</strong></span> <span class='ocrx_word' id='word_1_111' title='bbox 1467 1571 1534 1626; x_wconf 91' lang='lat' dir='ltr'><strong>de</strong></span> <span class='ocrx_word' id='word_1_112' title='bbox 1576 1582 1753 1625; x_wconf 89' lang='lat' dir='ltr'><strong>morte</strong></span> <span class='ocrx_word' id='word_1_113' title='bbox 1781 1571 1865 1624; x_wconf 90' lang='lat' dir='ltr'><strong>in-</strong></span> 
     </span>
    </p>
   </div>
   <div class='ocr_carea' id='block_1_15' title="bbox 299 1657 1860 1729">
    <p class='ocr_par' dir='ltr' id='par_1_15' title="bbox 299 1657 1860 1729">
     <span class='ocr_line' id='line_1_15' title="bbox 299 1657 1860 1729; baseline 0.003 -20"><span class='ocrx_word' id='word_1_114' title='bbox 299 1657 588 1723; x_wconf 82' lang='lat' dir='ltr'><strong>ﬁdelitatis,</strong></span> <span class='ocrx_word' id='word_1_115' title='bbox 638 1659 690 1712; x_wconf 91' lang='lat' dir='ltr'><strong>in</strong></span> <span class='ocrx_word' id='word_1_116' title='bbox 735 1667 964 1713; x_wconf 91' lang='lat' dir='ltr'><strong>mortem</strong></span> <span class='ocrx_word' id='word_1_117' title='bbox 1013 1660 1202 1729; x_wconf 86' lang='lat' dir='ltr'><strong>judicii</strong></span> <span class='ocrx_word' id='word_1_118' title='bbox 1255 1670 1310 1714; x_wconf 90' lang='lat' dir='ltr'><strong>et</strong></span> <span class='ocrx_word' id='word_1_119' title='bbox 1366 1661 1860 1716; x_wconf 88' lang='lat' dir='ltr'><strong>condemnationis.</strong></span> 
     </span>
    </p>
   </div>
   <div class='ocr_carea' id='block_1_16' title="bbox 299 1746 1861 1818">
    <p class='ocr_par' dir='ltr' id='par_1_16' title="bbox 299 1746 1861 1818">
     <span class='ocr_line' id='line_1_16' title="bbox 299 1746 1861 1818; baseline 0.002 -18"><span class='ocrx_word' id='word_1_120' title='bbox 299 1746 660 1815; x_wconf 87' lang='lat' dir='ltr'><strong>Sequentibus</strong></span> <span class='ocrx_word' id='word_1_121' title='bbox 703 1765 834 1804; x_wconf 87' lang='lat' dir='ltr'><strong>vero</strong></span> <span class='ocrx_word' id='word_1_122' title='bbox 874 1750 1172 1818; x_wconf 86' lang='lat' dir='ltr'><strong>spiritalem</strong></span> <span class='ocrx_word' id='word_1_123' title='bbox 1211 1765 1433 1805; x_wconf 89' lang='lat' dir='ltr'><strong>sensum</strong></span> <span class='ocrx_word' id='word_1_124' title='bbox 1484 1759 1538 1805; x_wconf 90' lang='lat' dir='ltr'><strong>et</strong></span> <span class='ocrx_word' id='word_1_125' title='bbox 1572 1751 1861 1814; x_wconf 85' lang='lat' dir='ltr'><strong>subtilem,</strong></span> 
     </span>
    </p>
   </div>
   <div class='ocr_carea' id='block_1_17' title="bbox 1965 563 3541 636">
    <p class='ocr_par' dir='ltr' id='par_1_17' title="bbox 1965 563 3541 636">
     <span class='ocr_line' id='line_1_17' title="bbox 1965 563 3541 636; baseline 0.005 -24"><span class='ocrx_word' id='word_1_126' title='bbox 1965 563 2099 615; x_wconf 80' lang='lat' dir='ltr'><strong>servi</strong></span> <span class='ocrx_word' id='word_1_127' title='bbox 2152 565 2350 628; x_wconf 82' lang='lat' dir='ltr'><strong>accepit</strong></span> <span class='ocrx_word' id='word_1_128' title='bbox 2398 563 2462 618; x_wconf 76' lang='grc' dir='ltr'><strong>³ο.</strong></span> <span class='ocrx_word' id='word_1_129' title='bbox 2517 563 2829 622; x_wconf 83' lang='lat' dir='ltr'><strong>Exinanivit</strong></span> <span class='ocrx_word' id='word_1_130' title='bbox 2877 576 3057 620; x_wconf 88' lang='lat' dir='ltr'><strong>autem</strong></span> <span class='ocrx_word' id='word_1_131' title='bbox 3099 565 3164 621; x_wconf 91' lang='lat' dir='ltr'><strong>de</strong></span> <span class='ocrx_word' id='word_1_132' title='bbox 3205 567 3541 636; x_wconf 89' lang='lat' dir='ltr'><strong>plenitudine</strong></span> 
     </span>
    </p>
   </div>
   <div class='ocr_carea' id='block_1_18' title="bbox 1965 651 3540 726">
    <p class='ocr_par' dir='ltr' id='par_1_18' title="bbox 1965 651 3540 726">
     <span class='ocr_line' id='line_1_18' title="bbox 1965 651 3540 726; baseline 0.004 -22"><span class='ocrx_word' id='word_1_133' title='bbox 1965 652 2084 705; x_wconf 88' lang='lat' dir='ltr'><strong>sine</strong></span> <span class='ocrx_word' id='word_1_134' title='bbox 2145 651 2313 705; x_wconf 89' lang='lat' dir='ltr'><strong>dubio</strong></span> <span class='ocrx_word' id='word_1_135' title='bbox 2382 653 2436 706; x_wconf 92' lang='lat' dir='ltr'><strong>in</strong></span> <span class='ocrx_word' id='word_1_136' title='bbox 2507 670 2613 722; x_wconf 89' lang='lat' dir='ltr'><strong>qua</strong></span> <span class='ocrx_word' id='word_1_137' title='bbox 2683 665 2822 712; x_wconf 89' lang='lat' dir='ltr'><strong>erat.</strong></span> <span class='ocrx_word' id='word_1_138' title='bbox 2886 655 2965 710; x_wconf 89' lang='lat' dir='ltr'><strong>Illi</strong></span> <span class='ocrx_word' id='word_1_139' title='bbox 3011 671 3141 726; x_wconf 81' lang='lat' dir='ltr'><strong>ergo</strong></span> <span class='ocrx_word' id='word_1_140' title='bbox 3199 657 3294 726; x_wconf 90' lang='lat' dir='ltr'><strong>qui</strong></span> <span class='ocrx_word' id='word_1_141' title='bbox 3349 657 3540 712; x_wconf 88' lang='lat' dir='ltr'><strong>dicunt</strong></span> 
     </span>
    </p>
   </div>
   <div class='ocr_carea' id='block_1_19' title="bbox 1963 743 3538 818">
    <p class='ocr_par' dir='ltr' id='par_1_19' title="bbox 1963 743 3538 818">
     <span class='ocr_line' id='line_1_19' title="bbox 1963 743 3538 818; baseline 0.004 -23"><span class='ocrx_word' id='word_1_142' title='bbox 1963 743 2089 811; x_wconf 87' lang='lat' dir='ltr'><strong>quia</strong></span> <span class='ocrx_word' id='word_1_143' title='bbox 2141 743 2204 795; x_wconf 88' lang='lat' dir='ltr'><strong>de</strong></span> <span class='ocrx_word' id='word_1_144' title='bbox 2251 743 2575 809; x_wconf 82' lang='lat' dir='ltr'><strong>plenitudine</strong></span> <span class='ocrx_word' id='word_1_145' title='bbox 2617 747 2730 815; x_wconf 82' lang='lat' dir='ltr'><strong>ejus</strong></span> <span class='ocrx_word' id='word_1_146' title='bbox 2783 764 2875 802; x_wconf 87' lang='lat' dir='ltr'><strong>nos</strong></span> <span class='ocrx_word' id='word_1_147' title='bbox 2926 764 3100 801; x_wconf 86' lang='lat' dir='ltr'><strong>omnes</strong></span> <span class='ocrx_word' id='word_1_148' title='bbox 3143 749 3439 818; x_wconf 85' lang='lat' dir='ltr'><strong>accepimus</strong></span> <span class='ocrx_word' id='word_1_149' title='bbox 3470 749 3538 816; x_wconf 86' lang='grc'><strong>³¹,</strong></span> 
     </span>
    </p>
   </div>
   <div class='ocr_carea' id='block_1_20' title="bbox 1965 833 3537 909">
    <p class='ocr_par' dir='ltr' id='par_1_20' title="bbox 1965 833 3537 909">
     <span class='ocr_line' id='line_1_20' title="bbox 1965 833 3537 909; baseline 0.006 -23"><span class='ocrx_word' id='word_1_150' title='bbox 1965 833 2068 902; x_wconf 91' lang='lat' dir='ltr'><strong>ipsi</strong></span> <span class='ocrx_word' id='word_1_151' title='bbox 2142 842 2269 888; x_wconf 91' lang='lat' dir='ltr'><strong>sunt</strong></span> <span class='ocrx_word' id='word_1_152' title='bbox 2337 835 2786 901; x_wconf 62' lang='lat' dir='ltr'><strong>adolescentulis,</strong></span> <span class='ocrx_word' id='word_1_153' title='bbox 2863 854 2984 908; x_wconf 56' lang='lat' dir='ltr'><strong>quae</strong></span> <span class='ocrx_word' id='word_1_154' title='bbox 3044 839 3111 894; x_wconf 86' lang='lat' dir='ltr'><strong>de</strong></span> <span class='ocrx_word' id='word_1_155' title='bbox 3164 854 3228 892; x_wconf 88' lang='lat' dir='ltr'><strong>ea</strong></span> <span class='ocrx_word' id='word_1_156' title='bbox 3298 840 3537 909; x_wconf 89' lang='lat' dir='ltr'><strong>plenitu-</strong></span> 
     </span>
    </p>
   </div>
   <div class='ocr_carea' id='block_1_21' title="bbox 1963 925 3539 998">
    <p class='ocr_par' dir='ltr' id='par_1_21' title="bbox 1963 925 3539 998">
     <span class='ocr_line' id='line_1_21' title="bbox 1963 925 3539 998; baseline 0.005 -20"><span class='ocrx_word' id='word_1_157' title='bbox 1963 925 2090 978; x_wconf 88' lang='lat' dir='ltr'><strong>dine</strong></span> <span class='ocrx_word' id='word_1_158' title='bbox 2119 940 2182 978; x_wconf 84' lang='lat' dir='ltr'><strong>ex</strong></span> <span class='ocrx_word' id='word_1_159' title='bbox 2217 941 2324 995; x_wconf 90' lang='lat' dir='ltr'><strong>qua</strong></span> <span class='ocrx_word' id='word_1_160' title='bbox 2374 941 2433 980; x_wconf 92' lang='lat' dir='ltr'><strong>se</strong></span> <span class='ocrx_word' id='word_1_161' title='bbox 2467 928 2555 982; x_wconf 92' lang='lat' dir='ltr'><strong>ille</strong></span> <span class='ocrx_word' id='word_1_162' title='bbox 2590 930 2910 998; x_wconf 83' lang='lat' dir='ltr'><strong>exiuanivit,</strong></span> <span class='ocrx_word' id='word_1_163' title='bbox 2959 938 3015 986; x_wconf 84' lang='lat' dir='ltr'><strong>et</strong></span> <span class='ocrx_word' id='word_1_164' title='bbox 3045 929 3249 985; x_wconf 75' lang='lat' dir='ltr'><strong>factum</strong></span> <span class='ocrx_word' id='word_1_165' title='bbox 3289 941 3372 986; x_wconf 89' lang='lat' dir='ltr'><strong>est</strong></span> <span class='ocrx_word' id='word_1_166' title='bbox 3427 949 3539 985; x_wconf 92' lang='lat' dir='ltr'><strong>un-</strong></span> 
     </span>
    </p>
   </div>
   <div class='ocr_carea' id='block_1_22' title="bbox 1963 1017 3534 1090">
    <p class='ocr_par' dir='ltr' id='par_1_22' title="bbox 1963 1017 3534 1090">
     <span class='ocr_line' id='line_1_22' title="bbox 1963 1017 3534 1090; baseline 0.006 -25"><span class='ocrx_word' id='word_1_167' title='bbox 1963 1023 2224 1083; x_wconf 83' lang='lat' dir='ltr'><strong>guentum</strong></span> <span class='ocrx_word' id='word_1_168' title='bbox 2293 1017 2631 1071; x_wconf 83' lang='lat' dir='ltr'><strong>exinanitum</strong></span> <span class='ocrx_word' id='word_1_169' title='bbox 2700 1034 2900 1073; x_wconf 91' lang='lat' dir='ltr'><strong>nomen</strong></span> <span class='ocrx_word' id='word_1_170' title='bbox 2958 1019 3118 1088; x_wconf 91' lang='lat' dir='ltr'><strong>ejus,</strong></span> <span class='ocrx_word' id='word_1_171' title='bbox 3171 1019 3534 1090; x_wconf 86' lang='lat' dir='ltr'><strong>percipientes</strong></span> 
     </span>
    </p>
   </div>
   <div class='ocr_carea' id='block_1_23' title="bbox 1963 1103 3539 1179">
    <p class='ocr_par' dir='ltr' id='par_1_23' title="bbox 1963 1103 3539 1179">
     <span class='ocr_line' id='line_1_23' title="bbox 1963 1103 3539 1179; baseline 0.004 -21"><span class='ocrx_word' id='word_1_172' title='bbox 1963 1103 2152 1159; x_wconf 90' lang='lat' dir='ltr'><strong>dicunt</strong></span> <span class='ocrx_word' id='word_1_173' title='bbox 2195 1123 2207 1159; x_wconf 90' lang='lat'><strong>:</strong></span> <span class='ocrx_word' id='word_1_174' title='bbox 2261 1105 2391 1158; x_wconf 83' lang='lat' dir='ltr'><strong>Post</strong></span> <span class='ocrx_word' id='word_1_175' title='bbox 2436 1117 2483 1160; x_wconf 87' lang='lat' dir='ltr'><strong>te</strong></span> <span class='ocrx_word' id='word_1_176' title='bbox 2533 1110 2588 1162; x_wconf 88' lang='lat' dir='ltr'><strong>in</strong></span> <span class='ocrx_word' id='word_1_177' title='bbox 2632 1109 2842 1162; x_wconf 87' lang='lat' dir='ltr'><strong>odorem</strong></span> <span class='ocrx_word' id='word_1_178' title='bbox 2893 1120 3276 1179; x_wconf 86' lang='lat' dir='ltr'><strong>unguentorum</strong></span> <span class='ocrx_word' id='word_1_179' title='bbox 3329 1121 3539 1164; x_wconf 85' lang='lat' dir='ltr'><strong>tuor-um</strong></span> 
     </span>
    </p>
   </div>
   <div class='ocr_carea' id='block_1_24' title="bbox 1964 1197 3542 1271">
    <p class='ocr_par' dir='ltr' id='par_1_24' title="bbox 1964 1197 3542 1271">
     <span class='ocr_line' id='line_1_24' title="bbox 1964 1197 3542 1271; baseline 0.004 -21"><span class='ocrx_word' id='word_1_180' title='bbox 1964 1213 2264 1252; x_wconf 87' lang='lat' dir='ltr'><strong>curremus.</strong></span> <span class='ocrx_word' id='word_1_181' title='bbox 2313 1197 2426 1254; x_wconf 85' lang='lat' dir='ltr'><strong>Nisi</strong></span> <span class='ocrx_word' id='word_1_182' title='bbox 2476 1201 2620 1253; x_wconf 90' lang='lat' dir='ltr'><strong>enim</strong></span> <span class='ocrx_word' id='word_1_183' title='bbox 2654 1201 2989 1256; x_wconf 62' lang='lat' dir='ltr'><strong>exinanisset</strong></span> <span class='ocrx_word' id='word_1_184' title='bbox 3034 1212 3392 1271; x_wconf 86' lang='lat' dir='ltr'><strong>unguentum,</strong></span> <span class='ocrx_word' id='word_1_185' title='bbox 3437 1203 3542 1258; x_wconf 91' lang='lat' dir='ltr'><strong>hoc</strong></span> 
     </span>
    </p>
   </div>
   <div class='ocr_carea' id='block_1_25' title="bbox 1964 1288 3540 1362">
    <p class='ocr_par' dir='ltr' id='par_1_25' title="bbox 1964 1288 3540 1362">
     <span class='ocr_line' id='line_1_25' title="bbox 1964 1288 3540 1362; baseline 0.003 -20"><span class='ocrx_word' id='word_1_186' title='bbox 1964 1299 2048 1342; x_wconf 89' lang='lat' dir='ltr'><strong>est</strong></span> <span class='ocrx_word' id='word_1_187' title='bbox 2087 1288 2481 1358; x_wconf 88' lang='lat' dir='ltr'><strong>plenitudinem</strong></span> <span class='ocrx_word' id='word_1_188' title='bbox 2519 1291 2689 1345; x_wconf 90' lang='lat' dir='ltr'><strong>divini</strong></span> <span class='ocrx_word' id='word_1_189' title='bbox 2722 1290 2978 1362; x_wconf 86' lang='lat' dir='ltr'><strong>Spiritus,</strong></span> <span class='ocrx_word' id='word_1_190' title='bbox 3024 1300 3078 1346; x_wconf 89' lang='lat' dir='ltr'><strong>et</strong></span> <span class='ocrx_word' id='word_1_191' title='bbox 3108 1292 3453 1347; x_wconf 85' lang='lat' dir='ltr'><strong>humiliasset</strong></span> <span class='ocrx_word' id='word_1_192' title='bbox 3482 1309 3540 1347; x_wconf 89' lang='lat' dir='ltr'><strong>se</strong></span> 
     </span>
    </p>
   </div>
   <div class='ocr_carea' id='block_1_26' title="bbox 1964 1378 3542 1451">
    <p class='ocr_par' dir='ltr' id='par_1_26' title="bbox 1964 1378 3542 1451">
     <span class='ocr_line' id='line_1_26' title="bbox 1964 1378 3542 1451; baseline 0.003 -19"><span class='ocrx_word' id='word_1_193' title='bbox 1964 1394 2140 1446; x_wconf 88' lang='lat' dir='ltr'><strong>usque</strong></span> <span class='ocrx_word' id='word_1_194' title='bbox 2178 1379 2244 1432; x_wconf 90' lang='lat' dir='ltr'><strong>ad</strong></span> <span class='ocrx_word' id='word_1_195' title='bbox 2291 1378 2522 1434; x_wconf 81' lang='lat' dir='ltr'><strong>formam</strong></span> <span class='ocrx_word' id='word_1_196' title='bbox 2564 1381 2728 1447; x_wconf 90' lang='lat' dir='ltr'><strong>servi,</strong></span> <span class='ocrx_word' id='word_1_197' title='bbox 2757 1395 2953 1451; x_wconf 89' lang='lat' dir='ltr'><strong>capere</strong></span> <span class='ocrx_word' id='word_1_198' title='bbox 2977 1397 3100 1437; x_wconf 90' lang='lat' dir='ltr'><strong>eum</strong></span> <span class='ocrx_word' id='word_1_199' title='bbox 3149 1381 3334 1437; x_wconf 90' lang='lat' dir='ltr'><strong>nullus</strong></span> <span class='ocrx_word' id='word_1_200' title='bbox 3358 1381 3410 1435; x_wconf 92' lang='lat' dir='ltr'><strong>iu</strong></span> <span class='ocrx_word' id='word_1_201' title='bbox 3449 1383 3542 1436; x_wconf 89' lang='lat' dir='ltr'><strong>illa</strong></span> 
     </span>
    </p>
   </div>
   <div class='ocr_carea' id='block_1_27' title="bbox 1963 1470 3542 1542">
    <p class='ocr_par' dir='ltr' id='par_1_27' title="bbox 1963 1470 3542 1542">
     <span class='ocr_line' id='line_1_27' title="bbox 1963 1470 3542 1542; baseline 0.004 -19"><span class='ocrx_word' id='word_1_202' title='bbox 1963 1470 2262 1525; x_wconf 85' lang='lat' dir='ltr'><strong>divinitatis</strong></span> <span class='ocrx_word' id='word_1_203' title='bbox 2302 1471 2640 1540; x_wconf 91' lang='lat' dir='ltr'><strong>plenitudine</strong></span> <span class='ocrx_word' id='word_1_204' title='bbox 2666 1474 2954 1542; x_wconf 91' lang='lat' dir='ltr'><strong>potuisset,</strong></span> <span class='ocrx_word' id='word_1_205' title='bbox 2998 1472 3104 1528; x_wconf 92' lang='lat' dir='ltr'><strong>nisi</strong></span> <span class='ocrx_word' id='word_1_206' title='bbox 3144 1473 3259 1529; x_wconf 88' lang='lat' dir='ltr'><strong>sola</strong></span> <span class='ocrx_word' id='word_1_207' title='bbox 3288 1473 3542 1530; x_wconf 79' lang='lat' dir='ltr'><strong>fortassis</strong></span> 
     </span>
    </p>
   </div>
   <div class='ocr_carea' id='block_1_28' title="bbox 1966 1565 3540 1636">
    <p class='ocr_par' dir='ltr' id='par_1_28' title="bbox 1966 1565 3540 1636">
     <span class='ocr_line' id='line_1_28' title="bbox 1966 1565 3540 1636; baseline 0.003 -22"><span class='ocrx_word' id='word_1_208' title='bbox 1966 1575 2190 1629; x_wconf 78' lang='lat' dir='ltr'><strong>sponsa,</strong></span> <span class='ocrx_word' id='word_1_209' title='bbox 2240 1577 2339 1630; x_wconf 91' lang='lat' dir='ltr'><strong>pro</strong></span> <span class='ocrx_word' id='word_1_210' title='bbox 2373 1578 2439 1618; x_wconf 88' lang='lat' dir='ltr'><strong>eo</strong></span> <span class='ocrx_word' id='word_1_211' title='bbox 2496 1565 2641 1633; x_wconf 91' lang='lat' dir='ltr'><strong>quod</strong></span> <span class='ocrx_word' id='word_1_212' title='bbox 2689 1565 2903 1620; x_wconf 89' lang='lat' dir='ltr'><strong>videtur</strong></span> <span class='ocrx_word' id='word_1_213' title='bbox 2944 1565 3208 1632; x_wconf 90' lang='lat' dir='ltr'><strong>indicare,</strong></span> <span class='ocrx_word' id='word_1_214' title='bbox 3263 1565 3393 1636; x_wconf 87' lang='lat' dir='ltr'><strong>quia</strong></span> <span class='ocrx_word' id='word_1_215' title='bbox 3435 1581 3540 1619; x_wconf 61' lang='lat' dir='ltr'><strong>un-</strong></span> 
     </span>
    </p>
   </div>
   <div class='ocr_carea' id='block_1_29' title="bbox 1964 1651 3546 1720">
    <p class='ocr_par' dir='ltr' id='par_1_29' title="bbox 1964 1651 3546 1720">
     <span class='ocr_line' id='line_1_29' title="bbox 1964 1651 3546 1720; baseline 0.004 -19"><span class='ocrx_word' id='word_1_216' title='bbox 1964 1658 2224 1720; x_wconf 82' lang='lat' dir='ltr'><strong>guentum</strong></span> <span class='ocrx_word' id='word_1_217' title='bbox 2258 1651 2402 1704; x_wconf 88' lang='lat' dir='ltr'><strong>istud</strong></span> <span class='ocrx_word' id='word_1_218' title='bbox 2435 1654 2774 1708; x_wconf 78' lang='lat' dir='ltr'><strong>exinanitum</strong></span> <span class='ocrx_word' id='word_1_219' title='bbox 2800 1669 2909 1709; x_wconf 91' lang='lat' dir='ltr'><strong>non</strong></span> <span class='ocrx_word' id='word_1_220' title='bbox 2935 1655 3061 1720; x_wconf 88' lang='lat' dir='ltr'><strong>sibi,</strong></span> <span class='ocrx_word' id='word_1_221' title='bbox 3096 1655 3190 1710; x_wconf 92' lang='lat' dir='ltr'><strong>sed</strong></span> <span class='ocrx_word' id='word_1_222' title='bbox 3226 1655 3546 1709; x_wconf 85' lang='lat' dir='ltr'><strong>adolescen-</strong></span> 
     </span>
    </p>
   </div>
   <div class='ocr_carea' id='block_1_30' title="bbox 1972 1741 3542 1806">
    <p class='ocr_par' dir='ltr' id='par_1_30' title="bbox 1972 1741 3542 1806">
     <span class='ocr_line' id='line_1_30' title="bbox 1972 1741 3542 1806; baseline 0.004 -13"><span class='ocrx_word' id='word_1_223' title='bbox 1972 1741 2102 1806; x_wconf 86' lang='lat' dir='ltr'><strong>tulis</strong></span> <span class='ocrx_word' id='word_1_224' title='bbox 2148 1741 2457 1797; x_wconf 88' lang='lat' dir='ltr'><strong>dilectionis</strong></span> <span class='ocrx_word' id='word_1_225' title='bbox 2500 1743 2710 1798; x_wconf 88' lang='lat' dir='ltr'><strong>dederit</strong></span> <span class='ocrx_word' id='word_1_226' title='bbox 2753 1760 2997 1799; x_wconf 89' lang='lat' dir='ltr'><strong>causam.</strong></span> <span class='ocrx_word' id='word_1_227' title='bbox 3047 1743 3139 1800; x_wconf 91' lang='lat' dir='ltr'><strong>Sic</strong></span> <span class='ocrx_word' id='word_1_228' title='bbox 3185 1745 3328 1799; x_wconf 89' lang='lat' dir='ltr'><strong>enim</strong></span> <span class='ocrx_word' id='word_1_229' title='bbox 3364 1745 3542 1800; x_wconf 85' lang='lat' dir='ltr'><strong>dicit:</strong></span> 
     </span>
    </p>
   </div>
   <div class='ocr_carea' id='block_1_31' title="bbox 295 1820 3543 1909">
    <p class='ocr_par' dir='ltr' id='par_1_31' title="bbox 295 1820 3543 1909">
     <span class='ocr_line' id='line_1_31' title="bbox 295 1820 3543 1909; baseline 0 -22"><span class='ocrx_word' id='word_1_230' title='bbox 295 1845 457 1904; x_wconf 84' lang='lat' dir='ltr'><strong>atque</strong></span> <span class='ocrx_word' id='word_1_231' title='bbox 502 1838 928 1909; x_wconf 78' lang='lat' dir='ltr'><strong>intelligentibus</strong></span> <span class='ocrx_word' id='word_1_232' title='bbox 975 1841 1237 1907; x_wconf 72' lang='lat' dir='ltr'><strong>majorem</strong></span> <span class='ocrx_word' id='word_1_233' title='bbox 1270 1840 1448 1894; x_wconf 83' lang='lat' dir='ltr'><strong>inesse</strong></span> <span class='ocrx_word' id='word_1_234' title='bbox 1483 1840 1766 1894; x_wconf 76' lang='lat' dir='ltr'><strong>veritatem</strong></span> <span class='ocrx_word' id='word_1_235' title='bbox 1809 1841 1864 1895; x_wconf 82' lang='lat' dir='ltr'><strong>in</strong></span> <span class='ocrx_word' id='word_1_236' title='bbox 1895 1820 1940 1874; x_wconf 80' lang='grc' dir='ltr'>Β</span> <span class='ocrx_word' id='word_1_237' title='bbox 1973 1832 2307 1903; x_wconf 82' lang='lat' dir='ltr'><strong>Unguentum</strong></span> <span class='ocrx_word' id='word_1_238' title='bbox 2337 1836 2669 1888; x_wconf 72' lang='lat' dir='ltr'><strong>exinanitum</strong></span> <span class='ocrx_word' id='word_1_239' title='bbox 2692 1852 2882 1888; x_wconf 82' lang='lat' dir='ltr'><strong>nomen</strong></span> <span class='ocrx_word' id='word_1_240' title='bbox 2917 1845 3086 1902; x_wconf 87' lang='lat' dir='ltr'><strong>tuum,</strong></span> <span class='ocrx_word' id='word_1_241' title='bbox 3114 1847 3387 1905; x_wconf 84' lang='lat' dir='ltr'><strong>propterea</strong></span> <span class='ocrx_word' id='word_1_242' title='bbox 3409 1836 3543 1889; x_wconf 88' lang='lat' dir='ltr'><strong>ado-</strong></span> 
     </span>
    </p>
   </div>
   <div class='ocr_carea' id='block_1_32' title="bbox 296 1928 1864 2002">
    <p class='ocr_par' dir='ltr' id='par_1_32' title="bbox 296 1928 1864 2002">
     <span class='ocr_line' id='line_1_32' title="bbox 296 1928 1864 2002; baseline 0.003 -21"><span class='ocrx_word' id='word_1_243' title='bbox 296 1928 382 1983; x_wconf 91' lang='lat' dir='ltr'><strong>his</strong></span> <span class='ocrx_word' id='word_1_244' title='bbox 413 1947 535 1998; x_wconf 73' lang='lat' dir='ltr'><strong>quae</strong></span> <span class='ocrx_word' id='word_1_245' title='bbox 577 1946 683 1984; x_wconf 91' lang='lat' dir='ltr'><strong>non</strong></span> <span class='ocrx_word' id='word_1_246' title='bbox 715 1931 990 1996; x_wconf 74' lang='lat' dir='ltr'><strong>videntur,</strong></span> <span class='ocrx_word' id='word_1_247' title='bbox 1019 1946 1185 2000; x_wconf 88' lang='lat' dir='ltr'><strong>quam</strong></span> <span class='ocrx_word' id='word_1_248' title='bbox 1218 1932 1273 1986; x_wconf 91' lang='lat' dir='ltr'><strong>in</strong></span> <span class='ocrx_word' id='word_1_249' title='bbox 1312 1933 1398 1988; x_wconf 91' lang='lat' dir='ltr'><strong>bis</strong></span> <span class='ocrx_word' id='word_1_250' title='bbox 1435 1949 1558 2002; x_wconf 72' lang='lat' dir='ltr'><strong>qua:</strong></span> <span class='ocrx_word' id='word_1_251' title='bbox 1591 1933 1864 2002; x_wconf 88' lang='lat' dir='ltr'><strong>videntur,</strong></span> 
     </span>
    </p>
   </div>
   <div class='ocr_carea' id='block_1_33' title="bbox 295 2020 1869 2094">
    <p class='ocr_par' dir='ltr' id='par_1_33' title="bbox 295 2020 1869 2094">
     <span class='ocr_line' id='line_1_33' title="bbox 295 2020 1869 2094; baseline 0.007 -25"><span class='ocrx_word' id='word_1_252' title='bbox 295 2027 349 2070; x_wconf 89' lang='lat' dir='ltr'><strong>et</strong></span> <span class='ocrx_word' id='word_1_253' title='bbox 375 2022 584 2073; x_wconf 83' lang='lat' dir='ltr'><strong>veriora</strong></span> <span class='ocrx_word' id='word_1_254' title='bbox 617 2020 800 2073; x_wconf 85' lang='lat' dir='ltr'><strong>haberi</strong></span> <span class='ocrx_word' id='word_1_255' title='bbox 831 2021 973 2090; x_wconf 88' lang='lat' dir='ltr'><strong>apud</strong></span> <span class='ocrx_word' id='word_1_256' title='bbox 1011 2021 1178 2076; x_wconf 87' lang='lat' dir='ltr'><strong>Deum</strong></span> <span class='ocrx_word' id='word_1_257' title='bbox 1221 2023 1519 2079; x_wconf 88' lang='lat' dir='ltr'><strong>invisibilia</strong></span> <span class='ocrx_word' id='word_1_258' title='bbox 1552 2033 1606 2079; x_wconf 87' lang='lat' dir='ltr'><strong>et</strong></span> <span class='ocrx_word' id='word_1_259' title='bbox 1646 2025 1869 2094; x_wconf 78' lang='lat' dir='ltr'><strong>spirita-</strong></span> 
     </span>
    </p>
   </div>
   <div class='ocr_carea' id='block_1_34' title="bbox 296 2108 1865 2186">
    <p class='ocr_par' dir='ltr' id='par_1_34' title="bbox 296 2108 1865 2186">
     <span class='ocr_line' id='line_1_34' title="bbox 296 2108 1865 2186; baseline 0.007 -27"><span class='ocrx_word' id='word_1_260' title='bbox 296 2108 365 2161; x_wconf 90' lang='lat' dir='ltr'><strong>lia</strong></span> <span class='ocrx_word' id='word_1_261' title='bbox 395 2110 566 2178; x_wconf 78' lang='lat' dir='ltr'><strong>magis</strong></span> <span class='ocrx_word' id='word_1_262' title='bbox 596 2125 760 2179; x_wconf 89' lang='lat' dir='ltr'><strong>quam</strong></span> <span class='ocrx_word' id='word_1_263' title='bbox 792 2111 1022 2166; x_wconf 89' lang='lat' dir='ltr'><strong>visibilia</strong></span> <span class='ocrx_word' id='word_1_264' title='bbox 1060 2123 1114 2167; x_wconf 89' lang='lat' dir='ltr'><strong>et</strong></span> <span class='ocrx_word' id='word_1_265' title='bbox 1138 2114 1463 2184; x_wconf 86' lang='lat' dir='ltr'><strong>corporalia,</strong></span> <span class='ocrx_word' id='word_1_266' title='bbox 1491 2115 1865 2186; x_wconf 88' lang='lat' dir='ltr'><strong>amplectenda</strong></span> 
     </span>
    </p>
   </div>
   <div class='ocr_carea' id='block_1_35' title="bbox 294 2200 1868 2276">
    <p class='ocr_par' dir='ltr' id='par_1_35' title="bbox 294 2200 1868 2276">
     <span class='ocr_line' id='line_1_35' title="bbox 294 2200 1868 2276; baseline 0.006 -22"><span class='ocrx_word' id='word_1_267' title='bbox 294 2200 414 2254; x_wconf 86' lang='lat' dir='ltr'><strong>sine</strong></span> <span class='ocrx_word' id='word_1_268' title='bbox 440 2201 607 2256; x_wconf 91' lang='lat' dir='ltr'><strong>dubio</strong></span> <span class='ocrx_word' id='word_1_269' title='bbox 636 2203 1332 2276; x_wconf 81' lang='lat' dir='ltr'><strong>hujusmodiintelligentia</strong></span> <span class='ocrx_word' id='word_1_270' title='bbox 1378 2208 1652 2263; x_wconf 79' lang='lat' dir='ltr'><strong>videbitur</strong></span> <span class='ocrx_word' id='word_1_271' title='bbox 1685 2218 1741 2264; x_wconf 91' lang='lat' dir='ltr'><strong>et</strong></span> <span class='ocrx_word' id='word_1_272' title='bbox 1780 2223 1868 2264; x_wconf 88' lang='lat' dir='ltr'><strong>sc-</strong></span> 
     </span>
    </p>
   </div>
   <div class='ocr_carea' id='block_1_36' title="bbox 293 2291 1868 2368">
    <p class='ocr_par' dir='ltr' id='par_1_36' title="bbox 293 2291 1868 2368">
     <span class='ocr_line' id='line_1_36' title="bbox 293 2291 1868 2368; baseline 0.008 -27"><span class='ocrx_word' id='word_1_273' title='bbox 293 2291 527 2356; x_wconf 85' lang='lat' dir='ltr'><strong>queuda.</strong></span> <span class='ocrx_word' id='word_1_274' title='bbox 558 2293 874 2363; x_wconf 80' lang='lat' dir='ltr'><strong>Agnoscunt</strong></span> <span class='ocrx_word' id='word_1_275' title='bbox 903 2295 1046 2348; x_wconf 88' lang='lat' dir='ltr'><strong>enim</strong></span> <span class='ocrx_word' id='word_1_276' title='bbox 1085 2297 1191 2350; x_wconf 88' lang='lat' dir='ltr'><strong>tale</strong></span> <span class='ocrx_word' id='word_1_277' title='bbox 1218 2311 1340 2353; x_wconf 88' lang='lat' dir='ltr'><strong>esse</strong></span> <span class='ocrx_word' id='word_1_278' title='bbox 1378 2298 1740 2368; x_wconf 66' lang='lat' dir='ltr'><strong>intelligendas</strong></span> <span class='ocrx_word' id='word_1_279' title='bbox 1785 2314 1868 2353; x_wconf 87' lang='lat' dir='ltr'><strong>ve-</strong></span> 
     </span>
    </p>
   </div>
   <div class='ocr_carea' id='block_1_37' title="bbox 294 2380 1866 2459">
    <p class='ocr_par' dir='ltr' id='par_1_37' title="bbox 294 2380 1866 2459">
     <span class='ocr_line' id='line_1_37' title="bbox 294 2380 1866 2459; baseline 0.008 -29"><span class='ocrx_word' id='word_1_280' title='bbox 294 2380 474 2434; x_wconf 87' lang='lat' dir='ltr'><strong>ritatis</strong></span> <span class='ocrx_word' id='word_1_281' title='bbox 501 2383 601 2435; x_wconf 88' lang='lat' dir='ltr'><strong>iter</strong></span> <span class='ocrx_word' id='word_1_282' title='bbox 627 2399 738 2452; x_wconf 93' lang='lat' dir='ltr'><strong>quo</strong></span> <span class='ocrx_word' id='word_1_283' title='bbox 766 2385 1077 2452; x_wconf 81' lang='lat' dir='ltr'><strong>pervenitur</strong></span> <span class='ocrx_word' id='word_1_284' title='bbox 1120 2386 1186 2439; x_wconf 84' lang='lat' dir='ltr'><strong>ad</strong></span> <span class='ocrx_word' id='word_1_285' title='bbox 1222 2386 1414 2441; x_wconf 92' lang='lat' dir='ltr'><strong>Deum.</strong></span> <span class='ocrx_word' id='word_1_286' title='bbox 1454 2387 1560 2442; x_wconf 92' lang='lat' dir='ltr'><strong>Sed</strong></span> <span class='ocrx_word' id='word_1_287' title='bbox 1596 2389 1866 2459; x_wconf 88' lang='lat' dir='ltr'><strong>siquidem</strong></span> 
     </span>
    </p>
   </div>
   <div class='ocr_carea' id='block_1_38' title="bbox 295 2472 1869 2548">
    <p class='ocr_par' dir='ltr' id='par_1_38' title="bbox 295 2472 1869 2548">
     <span class='ocr_line' id='line_1_38' title="bbox 295 2472 1869 2548; baseline 0.007 -26"><span class='ocrx_word' id='word_1_288' title='bbox 295 2472 504 2526; x_wconf 77' lang='lat' dir='ltr'><strong>alienus</strong></span> <span class='ocrx_word' id='word_1_289' title='bbox 531 2489 559 2526; x_wconf 87' lang='lat' dir='ltr'><strong>a</strong></span> <span class='ocrx_word' id='word_1_290' title='bbox 591 2473 692 2528; x_wconf 88' lang='lat' dir='ltr'><strong>lide</strong></span> <span class='ocrx_word' id='word_1_291' title='bbox 723 2476 792 2529; x_wconf 91' lang='lat' dir='ltr'><strong>sit</strong></span> <span class='ocrx_word' id='word_1_292' title='bbox 819 2476 886 2541; x_wconf 89' lang='lat' dir='ltr'><strong>is,</strong></span> <span class='ocrx_word' id='word_1_293' title='bbox 923 2477 1017 2545; x_wconf 89' lang='lat' dir='ltr'><strong>qui</strong></span> <span class='ocrx_word' id='word_1_294' title='bbox 1057 2478 1169 2533; x_wconf 66' lang='lat' dir='ltr'><strong>haec</strong></span> <span class='ocrx_word' id='word_1_295' title='bbox 1209 2479 1373 2534; x_wconf 86' lang='lat' dir='ltr'><strong>stulta</strong></span> <span class='ocrx_word' id='word_1_296' title='bbox 1417 2479 1626 2548; x_wconf 86' lang='lat' dir='ltr'><strong>judicat</strong></span> <span class='ocrx_word' id='word_1_297' title='bbox 1652 2489 1706 2535; x_wconf 86' lang='lat' dir='ltr'><strong>et</strong></span> <span class='ocrx_word' id='word_1_298' title='bbox 1747 2481 1869 2533; x_wconf 88' lang='lat' dir='ltr'><strong>irri-</strong></span> 
     </span>
    </p>
   </div>
   <div class='ocr_carea' id='block_1_39' title="bbox 293 2561 1867 2640">
    <p class='ocr_par' dir='ltr' id='par_1_39' title="bbox 293 2561 1867 2640">
     <span class='ocr_line' id='line_1_39' title="bbox 293 2561 1867 2640; baseline 0.007 -27"><span class='ocrx_word' id='word_1_299' title='bbox 293 2561 490 2628; x_wconf 86' lang='lat' dir='ltr'><strong>denda,</strong></span> <span class='ocrx_word' id='word_1_300' title='bbox 524 2564 654 2617; x_wconf 83' lang='lat' dir='ltr'><strong>nihil</strong></span> <span class='ocrx_word' id='word_1_301' title='bbox 702 2567 922 2620; x_wconf 89' lang='lat' dir='ltr'><strong>mirum.</strong></span> <span class='ocrx_word' id='word_1_302' title='bbox 966 2565 1022 2620; x_wconf 93' lang='lat' dir='ltr'><strong>Si</strong></span> <span class='ocrx_word' id='word_1_303' title='bbox 1062 2584 1191 2622; x_wconf 89' lang='lat' dir='ltr'><strong>vero</strong></span> <span class='ocrx_word' id='word_1_304' title='bbox 1225 2569 1424 2638; x_wconf 89' lang='lat' dir='ltr'><strong>aliquis</strong></span> <span class='ocrx_word' id='word_1_305' title='bbox 1449 2585 1516 2623; x_wconf 73' lang='lat' dir='ltr'><strong>ex</strong></span> <span class='ocrx_word' id='word_1_306' title='bbox 1546 2571 1634 2624; x_wconf 91' lang='lat' dir='ltr'><strong>his</strong></span> <span class='ocrx_word' id='word_1_307' title='bbox 1679 2573 1750 2625; x_wconf 90' lang='lat' dir='ltr'><strong>sit</strong></span> <span class='ocrx_word' id='word_1_308' title='bbox 1774 2571 1867 2640; x_wconf 91' lang='lat' dir='ltr'><strong>qui</strong></span> 
     </span>
    </p>
   </div>
   <div class='ocr_carea' id='block_1_40' title="bbox 296 2655 1867 2727">
    <p class='ocr_par' dir='ltr' id='par_1_40' title="bbox 296 2655 1867 2727">
     <span class='ocr_line' id='line_1_40' title="bbox 296 2655 1867 2727; baseline 0.008 -22"><span class='ocrx_word' id='word_1_309' title='bbox 296 2655 546 2708; x_wconf 81' lang='lat' dir='ltr'><strong>videntur</strong></span> <span class='ocrx_word' id='word_1_310' title='bbox 573 2659 811 2722; x_wconf 85' lang='lat' dir='ltr'><strong>credere,</strong></span> <span class='ocrx_word' id='word_1_311' title='bbox 841 2668 894 2712; x_wconf 92' lang='lat' dir='ltr'><strong>et</strong></span> <span class='ocrx_word' id='word_1_312' title='bbox 925 2658 1332 2727; x_wconf 87' lang='lat' dir='ltr'><strong>Scripturarum</strong></span> <span class='ocrx_word' id='word_1_313' title='bbox 1368 2662 1745 2716; x_wconf 63' lang='lat' dir='ltr'><strong>auctoritatem</strong></span> <span class='ocrx_word' id='word_1_314' title='bbox 1783 2679 1867 2718; x_wconf 86' lang='lat' dir='ltr'><strong>rc-</strong></span> 
     </span>
    </p>
   </div>
   <div class='ocr_carea' id='block_1_41' title="bbox 295 2735 1868 2823">
    <p class='ocr_par' dir='ltr' id='par_1_41' title="bbox 295 2735 1868 2823">
     <span class='ocr_line' id='line_1_41' title="bbox 295 2735 1868 2823; baseline 0.008 -28"><span class='ocrx_word' id='word_1_315' title='bbox 295 2745 495 2811; x_wconf 83' lang='lat' dir='ltr'><strong>eipere.</strong></span> <span class='ocrx_word' id='word_1_316' title='bbox 536 2762 642 2798; x_wconf 91' lang='lat' dir='ltr'><strong>non</strong></span> <span class='ocrx_word' id='word_1_317' title='bbox 689 2757 867 2801; x_wconf 90' lang='lat' dir='ltr'><strong>tamen</strong></span> <span class='ocrx_word' id='word_1_318' title='bbox 898 2749 1087 2816; x_wconf 88' lang='lat' dir='ltr'><strong>recipit</strong></span> <span class='ocrx_word' id='word_1_319' title='bbox 1129 2735 1486 2818; x_wconf 82' lang='lat' dir='ltr'><strong>expositionis</strong></span> <span class='ocrx_word' id='word_1_320' title='bbox 1515 2752 1680 2823; x_wconf 89' lang='lat' dir='ltr'><strong>hujus</strong></span> <span class='ocrx_word' id='word_1_321' title='bbox 1706 2754 1868 2823; x_wconf 87' lang='lat' dir='ltr'><strong>spiri-</strong></span> 
     </span>
    </p>
   </div>
   <div class='ocr_carea' id='block_1_42' title="bbox 298 2835 1868 2912">
    <p class='ocr_par' dir='ltr' id='par_1_42' title="bbox 298 2835 1868 2912">
     <span class='ocr_line' id='line_1_42' title="bbox 298 2835 1868 2912; baseline 0.008 -26"><span class='ocrx_word' id='word_1_322' title='bbox 298 2835 420 2889; x_wconf 85' lang='lat' dir='ltr'><strong>talis</strong></span> <span class='ocrx_word' id='word_1_323' title='bbox 456 2835 708 2903; x_wconf 74' lang='lat' dir='ltr'><strong>l‘ormam,</strong></span> <span class='ocrx_word' id='word_1_324' title='bbox 755 2839 846 2893; x_wconf 89' lang='lat' dir='ltr'><strong>sed</strong></span> <span class='ocrx_word' id='word_1_325' title='bbox 896 2839 1084 2894; x_wconf 88' lang='lat' dir='ltr'><strong>irridet</strong></span> <span class='ocrx_word' id='word_1_326' title='bbox 1118 2850 1171 2894; x_wconf 88' lang='lat' dir='ltr'><strong>et</strong></span> <span class='ocrx_word' id='word_1_327' title='bbox 1197 2841 1443 2912; x_wconf 83' lang='lat' dir='ltr'><strong>derogat,</strong></span> <span class='ocrx_word' id='word_1_328' title='bbox 1479 2853 1754 2898; x_wconf 84' lang='lat' dir='ltr'><strong>tentcmus</strong></span> <span class='ocrx_word' id='word_1_329' title='bbox 1799 2860 1868 2899; x_wconf 78' lang='lat' dir='ltr'><strong>ex</strong></span> 
     </span>
    </p>
   </div>
   <div class='ocr_carea' id='block_1_43' title="bbox 297 2923 1867 3003">
    <p class='ocr_par' dir='ltr' id='par_1_43' title="bbox 297 2923 1867 3003">
     <span class='ocr_line' id='line_1_43' title="bbox 297 2923 1867 3003; baseline 0.007 -27"><span class='ocrx_word' id='word_1_330' title='bbox 297 2925 419 2978; x_wconf 89' lang='lat' dir='ltr'><strong>aliis</strong></span> <span class='ocrx_word' id='word_1_331' title='bbox 465 2923 873 2993; x_wconf 90' lang='lat' dir='ltr'><strong>Scripturarum</strong></span> <span class='ocrx_word' id='word_1_332' title='bbox 904 2928 1037 2984; x_wconf 90' lang='lat' dir='ltr'><strong>locis</strong></span> <span class='ocrx_word' id='word_1_333' title='bbox 1079 2929 1350 2984; x_wconf 90' lang='lat' dir='ltr'><strong>instruere</strong></span> <span class='ocrx_word' id='word_1_334' title='bbox 1379 2948 1505 2986; x_wconf 89' lang='lat' dir='ltr'><strong>eum</strong></span> <span class='ocrx_word' id='word_1_335' title='bbox 1547 2947 1611 2986; x_wconf 89' lang='lat' dir='ltr'><strong>ac</strong></span> <span class='ocrx_word' id='word_1_336' title='bbox 1639 2949 1867 3003; x_wconf 86' lang='lat' dir='ltr'><strong>persua-</strong></span> 
     </span>
    </p>
   </div>
   <div class='ocr_carea' id='block_1_44' title="bbox 296 3013 1868 3091">
    <p class='ocr_par' dir='ltr' id='par_1_44' title="bbox 296 3013 1868 3091">
     <span class='ocr_line' id='line_1_44' title="bbox 296 3013 1868 3091; baseline 0.008 -26"><span class='ocrx_word' id='word_1_337' title='bbox 296 3016 440 3066; x_wconf 90' lang='lat' dir='ltr'><strong>dere.</strong></span> <span class='ocrx_word' id='word_1_338' title='bbox 482 3013 585 3079; x_wconf 88' lang='lat' dir='ltr'><strong>Qui</strong></span> <span class='ocrx_word' id='word_1_339' title='bbox 634 3017 678 3068; x_wconf 91' lang='lat' dir='ltr'><strong>si</strong></span> <span class='ocrx_word' id='word_1_340' title='bbox 710 3015 848 3070; x_wconf 84' lang='lat' dir='ltr'><strong>i&#39;orte</strong></span> <span class='ocrx_word' id='word_1_341' title='bbox 900 3019 1098 3085; x_wconf 85' lang='lat' dir='ltr'><strong>poterit</strong></span> <span class='ocrx_word' id='word_1_342' title='bbox 1137 3019 1216 3074; x_wconf 91' lang='lat' dir='ltr'><strong>sic</strong></span> <span class='ocrx_word' id='word_1_343' title='bbox 1258 3021 1606 3091; x_wconf 87' lang='lat' dir='ltr'><strong>resipiscere,</strong></span> <span class='ocrx_word' id='word_1_344' title='bbox 1652 3032 1707 3078; x_wconf 89' lang='lat' dir='ltr'><strong>et</strong></span> <span class='ocrx_word' id='word_1_345' title='bbox 1741 3024 1868 3078; x_wconf 88' lang='lat' dir='ltr'><strong>talia</strong></span> 
     </span>
    </p>
   </div>
   <div class='ocr_carea' id='block_1_45' title="bbox 294 3106 1863 3180">
    <p class='ocr_par' dir='ltr' id='par_1_45' title="bbox 294 3106 1863 3180">
     <span class='ocr_line' id='line_1_45' title="bbox 294 3106 1863 3180; baseline 0.008 -24"><span class='ocrx_word' id='word_1_346' title='bbox 294 3107 541 3173; x_wconf 66' lang='lat' dir='ltr'><strong>quaedam</strong></span> <span class='ocrx_word' id='word_1_347' title='bbox 603 3106 849 3161; x_wconf 84' lang='lat' dir='ltr'><strong>dicamus</strong></span> <span class='ocrx_word' id='word_1_348' title='bbox 896 3109 962 3160; x_wconf 92' lang='lat' dir='ltr'><strong>ad</strong></span> <span class='ocrx_word' id='word_1_349' title='bbox 1005 3125 1150 3176; x_wconf 92' lang='lat' dir='ltr'><strong>eum,</strong></span> <span class='ocrx_word' id='word_1_350' title='bbox 1207 3112 1468 3180; x_wconf 89' lang='lat' dir='ltr'><strong>scriptum</strong></span> <span class='ocrx_word' id='word_1_351' title='bbox 1517 3121 1603 3167; x_wconf 89' lang='lat' dir='ltr'><strong>cst</strong></span> <span class='ocrx_word' id='word_1_352' title='bbox 1648 3131 1664 3168; x_wconf 91' lang='lat'><strong>:</strong></span> <span class='ocrx_word' id='word_1_353' title='bbox 1711 3112 1863 3169; x_wconf 75' lang='lat' dir='ltr'><strong>Prw—</strong></span> 
     </span>
    </p>
   </div>
   <div class='ocr_carea' id='block_1_46' title="bbox 295 3195 1864 3264">
    <p class='ocr_par' dir='ltr' id='par_1_46' title="bbox 295 3195 1864 3264">
     <span class='ocr_line' id='line_1_46' title="bbox 295 3195 1864 3264; baseline 0.005 -15"><span class='ocrx_word' id='word_1_354' title='bbox 295 3206 499 3264; x_wconf 78' lang='lat' dir='ltr'><strong>teptum</strong></span> <span class='ocrx_word' id='word_1_355' title='bbox 534 3195 746 3249; x_wconf 80' lang='lat' dir='ltr'><strong>Domini</strong></span> <span class='ocrx_word' id='word_1_356' title='bbox 780 3198 1015 3250; x_wconf 71' lang='lat' dir='ltr'><strong>lucidum</strong></span> <span class='ocrx_word' id='word_1_357' title='bbox 1040 3198 1350 3254; x_wconf 86' lang='lat' dir='ltr'><strong>illuminans</strong></span> <span class='ocrx_word' id='word_1_358' title='bbox 1384 3201 1561 3255; x_wconf 85' lang='lat' dir='ltr'><strong>oculos</strong></span> <span class='ocrx_word' id='word_1_359' title='bbox 1587 3204 1652 3256; x_wconf 77' lang='grc'><strong>³⁸.</strong></span> <span class='ocrx_word' id='word_1_360' title='bbox 1712 3203 1864 3258; x_wconf 87' lang='lat' dir='ltr'><strong>Dicat</strong></span> 
     </span>
    </p>
   </div>
   <div class='ocr_carea' id='block_1_47' title="bbox 294 3289 1862 3362">
    <p class='ocr_par' dir='ltr' id='par_1_47' title="bbox 294 3289 1862 3362">
     <span class='ocr_line' id='line_1_47' title="bbox 294 3289 1862 3362; baseline 0.006 -22"><span class='ocrx_word' id='word_1_361' title='bbox 294 3304 423 3356; x_wconf 79' lang='lat' dir='ltr'><strong>ergo</strong></span> <span class='ocrx_word' id='word_1_362' title='bbox 475 3289 654 3351; x_wconf 91' lang='lat' dir='ltr'><strong>nobis,</strong></span> <span class='ocrx_word' id='word_1_363' title='bbox 700 3290 792 3358; x_wconf 91' lang='lat' dir='ltr'><strong>qui</strong></span> <span class='ocrx_word' id='word_1_364' title='bbox 828 3299 958 3344; x_wconf 91' lang='lat' dir='ltr'><strong>sunt</strong></span> <span class='ocrx_word' id='word_1_365' title='bbox 988 3291 1132 3344; x_wconf 92' lang='lat' dir='ltr'><strong>oeuli</strong></span> <span class='ocrx_word' id='word_1_366' title='bbox 1167 3292 1262 3362; x_wconf 88' lang='lat' dir='ltr'><strong>qui</strong></span> <span class='ocrx_word' id='word_1_367' title='bbox 1313 3292 1694 3348; x_wconf 90' lang='lat' dir='ltr'><strong>illuminautur</strong></span> <span class='ocrx_word' id='word_1_368' title='bbox 1741 3296 1862 3350; x_wconf 87' lang='lat' dir='ltr'><strong>luce</strong></span> 
     </span>
    </p>
   </div>
   <div class='ocr_carea' id='block_1_48' title="bbox 296 3379 1857 3448">
    <p class='ocr_par' dir='ltr' id='par_1_48' title="bbox 296 3379 1857 3448">
     <span class='ocr_line' id='line_1_48' title="bbox 296 3379 1857 3448; baseline 0.007 -19"><span class='ocrx_word' id='word_1_369' title='bbox 296 3380 569 3448; x_wconf 67' lang='lat' dir='ltr'><strong>pratcepti.</strong></span> <span class='ocrx_word' id='word_1_370' title='bbox 613 3379 677 3434; x_wconf 88' lang='lat' dir='ltr'><strong>Et</strong></span> <span class='ocrx_word' id='word_1_371' title='bbox 729 3382 924 3435; x_wconf 87' lang='lat' dir='ltr'><strong>iterum</strong></span> <span class='ocrx_word' id='word_1_372' title='bbox 970 3399 983 3435; x_wconf 91' lang='lat'><strong>:</strong></span> <span class='ocrx_word' id='word_1_373' title='bbox 1035 3381 1140 3446; x_wconf 57' lang='lat' dir='ltr'><strong>Qui</strong></span> <span class='ocrx_word' id='word_1_374' title='bbox 1189 3383 1342 3437; x_wconf 80' lang='lat' dir='ltr'><strong>habet</strong></span> <span class='ocrx_word' id='word_1_375' title='bbox 1397 3402 1552 3439; x_wconf 85' lang='lat' dir='ltr'><strong>aures</strong></span> <span class='ocrx_word' id='word_1_376' title='bbox 1604 3387 1857 3440; x_wconf 82' lang='lat' dir='ltr'><strong>audiendi</strong></span> 
     </span>
    </p>
   </div>
   <div class='ocr_carea' id='block_1_49' title="bbox 295 3468 1858 3544">
    <p class='ocr_par' dir='ltr' id='par_1_49' title="bbox 295 3468 1858 3544">
     <span class='ocr_line' id='line_1_49' title="bbox 295 3468 1858 3544; baseline 0.004 -23"><span class='ocrx_word' id='word_1_377' title='bbox 295 3470 480 3522; x_wconf 76' lang='lat' dir='ltr'><strong>audiat</strong></span> <span class='ocrx_word' id='word_1_378' title='bbox 509 3470 575 3525; x_wconf 79' lang='lat'><strong>&quot;.</strong></span> <span class='ocrx_word' id='word_1_379' title='bbox 601 3468 730 3536; x_wconf 62' lang='lat' dir='ltr'><strong>Quae</strong></span> <span class='ocrx_word' id='word_1_380' title='bbox 759 3480 886 3525; x_wconf 90' lang='lat' dir='ltr'><strong>sunt</strong></span> <span class='ocrx_word' id='word_1_381' title='bbox 929 3486 1088 3527; x_wconf 90' lang='lat' dir='ltr'><strong>aures</strong></span> <span class='ocrx_word' id='word_1_382' title='bbox 1113 3474 1248 3538; x_wconf 68' lang='lat' dir='ltr'><strong>istac,</strong></span> <span class='ocrx_word' id='word_1_383' title='bbox 1285 3489 1422 3544; x_wconf 90' lang='lat' dir='ltr'><strong>quas</strong></span> <span class='ocrx_word' id='word_1_384' title='bbox 1451 3475 1545 3544; x_wconf 91' lang='lat' dir='ltr'><strong>qui</strong></span> <span class='ocrx_word' id='word_1_385' title='bbox 1582 3476 1858 3538; x_wconf 87' lang='lat' dir='ltr'><strong>habuerit,</strong></span> 
     </span>
    </p>
   </div>
   <div class='ocr_carea' id='block_1_50' title="bbox 295 3561 1861 3629">
    <p class='ocr_par' dir='ltr' id='par_1_50' title="bbox 295 3561 1861 3629">
     <span class='ocr_line' id='line_1_50' title="bbox 295 3561 1861 3629; baseline 0.004 -16"><span class='ocrx_word' id='word_1_386' title='bbox 295 3561 411 3629; x_wconf 87' lang='lat' dir='ltr'><strong>ipse</strong></span> <span class='ocrx_word' id='word_1_387' title='bbox 451 3561 600 3615; x_wconf 89' lang='lat' dir='ltr'><strong>solus</strong></span> <span class='ocrx_word' id='word_1_388' title='bbox 647 3563 808 3616; x_wconf 78' lang='lat' dir='ltr'><strong>verba</strong></span> <span class='ocrx_word' id='word_1_389' title='bbox 866 3563 1065 3616; x_wconf 86' lang='lat' dir='ltr'><strong>Christi</strong></span> <span class='ocrx_word' id='word_1_390' title='bbox 1119 3564 1310 3618; x_wconf 88' lang='lat' dir='ltr'><strong>audire</strong></span> <span class='ocrx_word' id='word_1_391' title='bbox 1355 3564 1606 3620; x_wconf 81' lang='lat' dir='ltr'><strong>dicatur?</strong></span> <span class='ocrx_word' id='word_1_392' title='bbox 1645 3565 1711 3617; x_wconf 80' lang='lat' dir='ltr'><strong>Et</strong></span> <span class='ocrx_word' id='word_1_393' title='bbox 1759 3566 1861 3619; x_wconf 86' lang='lat' dir='ltr'><strong>ite-</strong></span> 
     </span>
    </p>
   </div>
   <div class='ocr_carea' id='block_1_51' title="bbox 293 3652 1860 3722">
    <p class='ocr_par' dir='ltr' id='par_1_51' title="bbox 293 3652 1860 3722">
     <span class='ocr_line' id='line_1_51' title="bbox 293 3652 1860 3722; baseline 0.003 -16"><span class='ocrx_word' id='word_1_394' title='bbox 293 3668 414 3706; x_wconf 90' lang='lat' dir='ltr'><strong>rum</strong></span> <span class='ocrx_word' id='word_1_395' title='bbox 449 3671 462 3706; x_wconf 88' lang='lat'><strong>:</strong></span> <span class='ocrx_word' id='word_1_396' title='bbox 495 3652 758 3718; x_wconf 82' lang='lat' dir='ltr'><strong>Quoniam</strong></span> <span class='ocrx_word' id='word_1_397' title='bbox 776 3653 978 3709; x_wconf 87' lang='lat' dir='ltr'><strong>Christi</strong></span> <span class='ocrx_word' id='word_1_398' title='bbox 1013 3656 1177 3708; x_wconf 87' lang='lat' dir='ltr'><strong>bonus</strong></span> <span class='ocrx_word' id='word_1_399' title='bbox 1213 3656 1344 3709; x_wconf 91' lang='lat' dir='ltr'><strong>odor</strong></span> <span class='ocrx_word' id='word_1_400' title='bbox 1367 3673 1549 3710; x_wconf 88' lang='lat' dir='ltr'><strong>sumus</strong></span> <span class='ocrx_word' id='word_1_401' title='bbox 1566 3656 1672 3710; x_wconf 88' lang='lat' dir='ltr'><strong>Deo</strong></span> <span class='ocrx_word' id='word_1_402' title='bbox 1695 3658 1770 3722; x_wconf 71' lang='lat'><strong>&#39;7;</strong></span> <span class='ocrx_word' id='word_1_403' title='bbox 1806 3667 1860 3711; x_wconf 89' lang='lat' dir='ltr'><strong>et</strong></span> 
     </span>
    </p>
   </div>
   <div class='ocr_carea' id='block_1_52' title="bbox 293 3743 1861 3815">
    <p class='ocr_par' dir='ltr' id='par_1_52' title="bbox 293 3743 1861 3815">
     <span class='ocr_line' id='line_1_52' title="bbox 293 3743 1861 3815; baseline 0.003 -20"><span class='ocrx_word' id='word_1_404' title='bbox 293 3744 348 3796; x_wconf 92' lang='lat' dir='ltr'><strong>in</strong></span> <span class='ocrx_word' id='word_1_405' title='bbox 389 3743 509 3796; x_wconf 89' lang='lat' dir='ltr'><strong>aliis</strong></span> <span class='ocrx_word' id='word_1_406' title='bbox 554 3761 567 3796; x_wconf 89' lang='lat'><strong>:</strong></span> <span class='ocrx_word' id='word_1_407' title='bbox 603 3743 826 3798; x_wconf 78' lang='lat' dir='ltr'><strong>Custate</strong></span> <span class='ocrx_word' id='word_1_408' title='bbox 859 3756 906 3797; x_wconf 89' lang='lat' dir='ltr'><strong>et</strong></span> <span class='ocrx_word' id='word_1_409' title='bbox 941 3745 1108 3798; x_wconf 84' lang='lat' dir='ltr'><strong>videte</strong></span> <span class='ocrx_word' id='word_1_410' title='bbox 1138 3748 1388 3815; x_wconf 87' lang='lat' dir='ltr'><strong>quoniam</strong></span> <span class='ocrx_word' id='word_1_411' title='bbox 1438 3748 1615 3800; x_wconf 83' lang='lat' dir='ltr'><strong>suavis</strong></span> <span class='ocrx_word' id='word_1_412' title='bbox 1647 3755 1724 3800; x_wconf 87' lang='lat' dir='ltr'><strong>est</strong></span> <span class='ocrx_word' id='word_1_413' title='bbox 1752 3745 1861 3800; x_wconf 87' lang='lat' dir='ltr'><strong>Do-</strong></span> 
     </span>
    </p>
   </div>
   <div class='ocr_carea' id='block_1_53' title="bbox 292 3832 1864 3906">
    <p class='ocr_par' dir='ltr' id='par_1_53' title="bbox 292 3832 1864 3906">
     <span class='ocr_line' id='line_1_53' title="bbox 292 3832 1864 3906; baseline 0.003 -21"><span class='ocrx_word' id='word_1_414' title='bbox 292 3836 468 3888; x_wconf 80' lang='lat' dir='ltr'><strong>minus</strong></span> <span class='ocrx_word' id='word_1_415' title='bbox 495 3835 560 3888; x_wconf 72' lang='lat'><strong>“.</strong></span> <span class='ocrx_word' id='word_1_416' title='bbox 593 3832 658 3887; x_wconf 84' lang='lat' dir='ltr'><strong>Et</strong></span> <span class='ocrx_word' id='word_1_417' title='bbox 688 3835 819 3904; x_wconf 89' lang='lat' dir='ltr'><strong>quid</strong></span> <span class='ocrx_word' id='word_1_418' title='bbox 850 3836 990 3890; x_wconf 88' lang='lat' dir='ltr'><strong>alius</strong></span> <span class='ocrx_word' id='word_1_419' title='bbox 1025 3838 1100 3890; x_wconf 89' lang='lat' dir='ltr'><strong>ait</strong></span> <span class='ocrx_word' id='word_1_420' title='bbox 1131 3854 1144 3890; x_wconf 91' lang='lat'><strong>:</strong></span> <span class='ocrx_word' id='word_1_421' title='bbox 1200 3835 1392 3890; x_wconf 84' lang='lat' dir='ltr'><strong>Manus</strong></span> <span class='ocrx_word' id='word_1_422' title='bbox 1427 3847 1624 3891; x_wconf 78' lang='lat' dir='ltr'><strong>nostra:</strong></span> <span class='ocrx_word' id='word_1_423' title='bbox 1670 3836 1864 3906; x_wconf 84' lang='lat' dir='ltr'><strong>palpa-</strong></span> 
     </span>
    </p>
   </div>
   <div class='ocr_carea' id='block_1_54' title="bbox 290 3923 1863 3983">
    <p class='ocr_par' dir='ltr' id='par_1_54' title="bbox 290 3923 1863 3983">
     <span class='ocr_line' id='line_1_54' title="bbox 290 3923 1863 3983; baseline 0.004 -7"><span class='ocrx_word' id='word_1_424' title='bbox 290 3931 475 3976; x_wconf 81' lang='lat' dir='ltr'><strong>rerunt</strong></span> <span class='ocrx_word' id='word_1_425' title='bbox 521 3923 584 3976; x_wconf 88' lang='lat' dir='ltr'><strong>de</strong></span> <span class='ocrx_word' id='word_1_426' title='bbox 628 3923 778 3976; x_wconf 76' lang='lat' dir='ltr'><strong>uerbo</strong></span> <span class='ocrx_word' id='word_1_427' title='bbox 831 3925 947 3978; x_wconf 74' lang='lat' dir='ltr'><strong>vita:</strong></span> <span class='ocrx_word' id='word_1_428' title='bbox 983 3925 1048 3980; x_wconf 80' lang='lat'><strong>&quot;.</strong></span> <span class='ocrx_word' id='word_1_429' title='bbox 1084 3924 1320 3980; x_wconf 86' lang='lat' dir='ltr'><strong>Putasne</strong></span> <span class='ocrx_word' id='word_1_430' title='bbox 1362 3927 1414 3980; x_wconf 90' lang='lat' dir='ltr'><strong>in</strong></span> <span class='ocrx_word' id='word_1_431' title='bbox 1469 3927 1555 3980; x_wconf 91' lang='lat' dir='ltr'><strong>his</strong></span> <span class='ocrx_word' id='word_1_432' title='bbox 1604 3927 1863 3983; x_wconf 85' lang='lat' dir='ltr'><strong>omnibus</strong></span> 
     </span>
    </p>
   </div>
   <div class='ocr_carea' id='block_1_55' title="bbox 291 4014 1912 4102">
    <p class='ocr_par' dir='ltr' id='par_1_55' title="bbox 291 4014 1912 4102">
     <span class='ocr_line' id='line_1_55' title="bbox 291 4014 1912 4102; baseline 0.004 -36"><span class='ocrx_word' id='word_1_433' title='bbox 291 4028 404 4067; x_wconf 90' lang='lat' dir='ltr'><strong>non</strong></span> <span class='ocrx_word' id='word_1_434' title='bbox 445 4014 768 4080; x_wconf 90' lang='lat' dir='ltr'><strong>movebitur,</strong></span> <span class='ocrx_word' id='word_1_435' title='bbox 803 4025 862 4068; x_wconf 91' lang='lat' dir='ltr'><strong>ut</strong></span> <span class='ocrx_word' id='word_1_436' title='bbox 905 4015 1151 4070; x_wconf 88' lang='lat' dir='ltr'><strong>advertat</strong></span> <span class='ocrx_word' id='word_1_437' title='bbox 1195 4017 1308 4071; x_wconf 82' lang='lat' dir='ltr'><strong>haec</strong></span> <span class='ocrx_word' id='word_1_438' title='bbox 1355 4017 1606 4071; x_wconf 86' lang='lat' dir='ltr'><strong>universa</strong></span> <span class='ocrx_word' id='word_1_439' title='bbox 1638 4033 1746 4071; x_wconf 92' lang='lat' dir='ltr'><strong>non</strong></span> <span class='ocrx_word' id='word_1_440' title='bbox 1797 4019 1862 4072; x_wconf 91' lang='lat' dir='ltr'><strong>de</strong></span> <span class='ocrx_word' id='word_1_441' title='bbox 1898 4043 1912 4102; x_wconf 44' lang='grc' dir='ltr'><strong>ι</strong></span> 
     </span>
    </p>
   </div>
   <div class='ocr_carea' id='block_1_56' title="bbox 290 4103 1852 4178">
    <p class='ocr_par' dir='ltr' id='par_1_56' title="bbox 290 4103 1852 4178">
     <span class='ocr_line' id='line_1_56' title="bbox 290 4103 1852 4178; baseline 0.003 -20"><span class='ocrx_word' id='word_1_442' title='bbox 290 4103 574 4173; x_wconf 89' lang='lat' dir='ltr'><strong>corporeis</strong></span> <span class='ocrx_word' id='word_1_443' title='bbox 626 4106 876 4160; x_wconf 88' lang='lat' dir='ltr'><strong>sensibus</strong></span> <span class='ocrx_word' id='word_1_444' title='bbox 905 4106 1070 4173; x_wconf 88' lang='lat' dir='ltr'><strong>dicta,</strong></span> <span class='ocrx_word' id='word_1_445' title='bbox 1105 4108 1198 4162; x_wconf 90' lang='lat' dir='ltr'><strong>sed</strong></span> <span class='ocrx_word' id='word_1_446' title='bbox 1246 4109 1313 4162; x_wconf 90' lang='lat' dir='ltr'><strong>de</strong></span> <span class='ocrx_word' id='word_1_447' title='bbox 1355 4108 1440 4162; x_wconf 92' lang='lat' dir='ltr'><strong>his</strong></span> <span class='ocrx_word' id='word_1_448' title='bbox 1479 4123 1619 4178; x_wconf 90' lang='lat' dir='ltr'><strong>quos</strong></span> <span class='ocrx_word' id='word_1_449' title='bbox 1662 4125 1852 4164; x_wconf 84' lang='lat' dir='ltr'><strong>secun-</strong></span> 
     </span>
    </p>
   </div>
   <div class='ocr_carea' id='block_1_57' title="bbox 288 4197 1864 4271">
    <p class='ocr_par' dir='ltr' id='par_1_57' title="bbox 288 4197 1864 4271">
     <span class='ocr_line' id='line_1_57' title="bbox 288 4197 1864 4271; baseline 0.001 -18"><span class='ocrx_word' id='word_1_450' title='bbox 288 4197 424 4253; x_wconf 83' lang='lat' dir='ltr'><strong>dum</strong></span> <span class='ocrx_word' id='word_1_451' title='bbox 463 4199 778 4253; x_wconf 89' lang='lat' dir='ltr'><strong>interiorem</strong></span> <span class='ocrx_word' id='word_1_452' title='bbox 815 4200 1088 4253; x_wconf 90' lang='lat' dir='ltr'><strong>hominem</strong></span> <span class='ocrx_word' id='word_1_453' title='bbox 1132 4200 1308 4254; x_wconf 89' lang='lat' dir='ltr'><strong>inesse</strong></span> <span class='ocrx_word' id='word_1_454' title='bbox 1350 4201 1642 4271; x_wconf 88' lang='lat' dir='ltr'><strong>unicuique</strong></span> <span class='ocrx_word' id='word_1_455' title='bbox 1671 4201 1864 4256; x_wconf 87' lang='lat' dir='ltr'><strong>docui-</strong></span> 
     </span>
    </p>
   </div>
   <div class='ocr_carea' id='block_1_58' title="bbox 289 4291 1863 4361">
    <p class='ocr_par' dir='ltr' id='par_1_58' title="bbox 289 4291 1863 4361">
     <span class='ocr_line' id='line_1_58' title="bbox 289 4291 1863 4361; baseline 0.001 -16"><span class='ocrx_word' id='word_1_456' title='bbox 289 4291 454 4345; x_wconf 81' lang='lat' dir='ltr'><strong>mus?</strong></span> <span class='ocrx_word' id='word_1_457' title='bbox 485 4291 590 4344; x_wconf 89' lang='lat' dir='ltr'><strong>nisi</strong></span> <span class='ocrx_word' id='word_1_458' title='bbox 621 4291 667 4344; x_wconf 91' lang='lat' dir='ltr'><strong>si</strong></span> <span class='ocrx_word' id='word_1_459' title='bbox 713 4291 1080 4345; x_wconf 90' lang='lat' dir='ltr'><strong>contentionis</strong></span> <span class='ocrx_word' id='word_1_460' title='bbox 1122 4303 1175 4346; x_wconf 87' lang='lat' dir='ltr'><strong>et</strong></span> <span class='ocrx_word' id='word_1_461' title='bbox 1200 4291 1476 4361; x_wconf 75' lang='lat' dir='ltr'><strong>iactantia:</strong></span> <span class='ocrx_word' id='word_1_462' title='bbox 1516 4293 1650 4346; x_wconf 85' lang='lat' dir='ltr'><strong>vitio</strong></span> <span class='ocrx_word' id='word_1_463' title='bbox 1683 4294 1863 4361; x_wconf 85' lang='lat' dir='ltr'><strong>agitur</strong></span> 
     </span>
    </p>
   </div>
   <div class='ocr_carea' id='block_1_59' title="bbox 285 4381 1864 4452">
    <p class='ocr_par' dir='ltr' id='par_1_59' title="bbox 285 4381 1864 4452">
     <span class='ocr_line' id='line_1_59' title="bbox 285 4381 1864 4452; baseline 0.003 -17"><span class='ocrx_word' id='word_1_464' title='bbox 285 4381 388 4452; x_wconf 87' lang='lat' dir='ltr'><strong>qui</strong></span> <span class='ocrx_word' id='word_1_465' title='bbox 430 4381 699 4451; x_wconf 89' lang='lat' dir='ltr'><strong>ejusmodi</strong></span> <span class='ocrx_word' id='word_1_466' title='bbox 739 4392 842 4437; x_wconf 90' lang='lat' dir='ltr'><strong>est.</strong></span> <span class='ocrx_word' id='word_1_467' title='bbox 885 4382 1094 4449; x_wconf 85' lang='lat' dir='ltr'><strong>Quibus</strong></span> <span class='ocrx_word' id='word_1_468' title='bbox 1128 4383 1272 4438; x_wconf 88' lang='lat' dir='ltr'><strong>vitiis</strong></span> <span class='ocrx_word' id='word_1_469' title='bbox 1315 4382 1573 4452; x_wconf 89' lang='lat' dir='ltr'><strong>quoniam</strong></span> <span class='ocrx_word' id='word_1_470' title='bbox 1611 4393 1665 4438; x_wconf 92' lang='lat' dir='ltr'><strong>et</strong></span> <span class='ocrx_word' id='word_1_471' title='bbox 1712 4385 1864 4439; x_wconf 88' lang='lat' dir='ltr'><strong>visus</strong></span> 
     </span>
    </p>
   </div>
   <div class='ocr_carea' id='block_1_60' title="bbox 1971 1925 3543 1984">
    <p class='ocr_par' dir='ltr' id='par_1_60' title="bbox 1971 1925 3543 1984">
     <span class='ocr_line' id='line_1_60' title="bbox 1971 1925 3543 1984; baseline 0.001 -6"><span class='ocrx_word' id='word_1_472' title='bbox 1971 1925 2267 1980; x_wconf 82' lang='lat' dir='ltr'><strong>lescentqu</strong></span> <span class='ocrx_word' id='word_1_473' title='bbox 2296 1926 2596 1981; x_wconf 80' lang='lat' dir='ltr'><strong>dilexerunt</strong></span> <span class='ocrx_word' id='word_1_474' title='bbox 2628 1939 2695 1982; x_wconf 85' lang='lat' dir='ltr'><strong>te.</strong></span> <span class='ocrx_word' id='word_1_475' title='bbox 2733 1928 2810 1983; x_wconf 83' lang='lat' dir='ltr'><strong>Ac</strong></span> <span class='ocrx_word' id='word_1_476' title='bbox 2853 1928 2900 1984; x_wconf 89' lang='lat' dir='ltr'><strong>si</strong></span> <span class='ocrx_word' id='word_1_477' title='bbox 2929 1929 3132 1982; x_wconf 89' lang='lat' dir='ltr'><strong>diceret</strong></span> <span class='ocrx_word' id='word_1_478' title='bbox 3160 1947 3172 1982; x_wconf 94' lang='lat'><strong>:</strong></span> <span class='ocrx_word' id='word_1_479' title='bbox 3209 1929 3543 1983; x_wconf 89' lang='lat' dir='ltr'><strong>Adolescen-</strong></span> 
     </span>
    </p>
   </div>
   <div class='ocr_carea' id='block_1_61' title="bbox 1969 2016 3543 2089">
    <p class='ocr_par' dir='ltr' id='par_1_61' title="bbox 1969 2016 3543 2089">
     <span class='ocr_line' id='line_1_61' title="bbox 1969 2016 3543 2089; baseline 0.001 -20"><span class='ocrx_word' id='word_1_480' title='bbox 1969 2017 2096 2070; x_wconf 68' lang='lat' dir='ltr'><strong>tulae</strong></span> <span class='ocrx_word' id='word_1_481' title='bbox 2129 2016 2346 2086; x_wconf 90' lang='lat' dir='ltr'><strong>quidem</strong></span> <span class='ocrx_word' id='word_1_482' title='bbox 2378 2029 2662 2089; x_wconf 83' lang='lat' dir='ltr'><strong>propterea</strong></span> <span class='ocrx_word' id='word_1_483' title='bbox 2689 2020 2995 2074; x_wconf 79' lang='lat' dir='ltr'><strong>dilexerunt</strong></span> <span class='ocrx_word' id='word_1_484' title='bbox 3019 2029 3092 2084; x_wconf 91' lang='lat' dir='ltr'><strong>te,</strong></span> <span class='ocrx_word' id='word_1_485' title='bbox 3127 2019 3256 2089; x_wconf 88' lang='lat' dir='ltr'><strong>quia</strong></span> <span class='ocrx_word' id='word_1_486' title='bbox 3287 2018 3543 2072; x_wconf 81' lang='lat' dir='ltr'><strong>exinani-</strong></span> 
     </span>
    </p>
   </div>
   <div class='ocr_carea' id='block_1_62' title="bbox 1969 2110 3585 2182">
    <p class='ocr_par' dir='ltr' id='par_1_62' title="bbox 1969 2110 3585 2182">
     <span class='ocr_line' id='line_1_62' title="bbox 1969 2110 3585 2182; baseline -0.002 -16"><span class='ocrx_word' id='word_1_487' title='bbox 1969 2110 2037 2166; x_wconf 92' lang='lat' dir='ltr'><strong>sti</strong></span> <span class='ocrx_word' id='word_1_488' title='bbox 2092 2119 2141 2165; x_wconf 89' lang='lat' dir='ltr'><strong>te</strong></span> <span class='ocrx_word' id='word_1_489' title='bbox 2190 2110 2257 2165; x_wconf 89' lang='lat' dir='ltr'><strong>de</strong></span> <span class='ocrx_word' id='word_1_490' title='bbox 2303 2111 2478 2166; x_wconf 83' lang='lat' dir='ltr'><strong>forma</strong></span> <span class='ocrx_word' id='word_1_491' title='bbox 2533 2111 2649 2176; x_wconf 88' lang='lat' dir='ltr'><strong>Dei,</strong></span> <span class='ocrx_word' id='word_1_492' title='bbox 2701 2124 2754 2167; x_wconf 90' lang='lat' dir='ltr'><strong>et</strong></span> <span class='ocrx_word' id='word_1_493' title='bbox 2805 2111 3009 2168; x_wconf 79' lang='lat' dir='ltr'><strong>factum</strong></span> <span class='ocrx_word' id='word_1_494' title='bbox 3064 2121 3146 2168; x_wconf 91' lang='lat' dir='ltr'><strong>est</strong></span> <span class='ocrx_word' id='word_1_495' title='bbox 3201 2121 3585 2182; x_wconf 68' lang='lat' dir='ltr'><strong>unguentunr</strong></span> 
     </span>
    </p>
   </div>
   <div class='ocr_carea' id='block_1_63' title="bbox 1968 2202 3544 2275">
    <p class='ocr_par' dir='ltr' id='par_1_63' title="bbox 1968 2202 3544 2275">
     <span class='ocr_line' id='line_1_63' title="bbox 1968 2202 3544 2275; baseline -0.001 -18"><span class='ocrx_word' id='word_1_496' title='bbox 1968 2202 2308 2257; x_wconf 86' lang='lat' dir='ltr'><strong>exinanitum</strong></span> <span class='ocrx_word' id='word_1_497' title='bbox 2348 2219 2546 2258; x_wconf 91' lang='lat' dir='ltr'><strong>nomen</strong></span> <span class='ocrx_word' id='word_1_498' title='bbox 2575 2214 2745 2259; x_wconf 91' lang='lat' dir='ltr'><strong>tuum.</strong></span> <span class='ocrx_word' id='word_1_499' title='bbox 2779 2202 2891 2275; x_wconf 86' lang='lat' dir='ltr'><strong>Ego</strong></span> <span class='ocrx_word' id='word_1_500' title='bbox 2929 2212 3110 2258; x_wconf 78' lang='lat' dir='ltr'><strong>autem</strong></span> <span class='ocrx_word' id='word_1_501' title='bbox 3147 2219 3254 2258; x_wconf 89' lang='lat' dir='ltr'><strong>non</strong></span> <span class='ocrx_word' id='word_1_502' title='bbox 3295 2218 3392 2273; x_wconf 93' lang='lat' dir='ltr'><strong>pro</strong></span> <span class='ocrx_word' id='word_1_503' title='bbox 3423 2204 3544 2256; x_wconf 77' lang='lat' dir='ltr'><strong>exi-</strong></span> 
     </span>
    </p>
   </div>
   <div class='ocr_carea' id='block_1_64' title="bbox 1971 2291 3545 2365">
    <p class='ocr_par' dir='ltr' id='par_1_64' title="bbox 1971 2291 3545 2365">
     <span class='ocr_line' id='line_1_64' title="bbox 1971 2291 3545 2365; baseline 0.001 -20"><span class='ocrx_word' id='word_1_504' title='bbox 1971 2291 2161 2345; x_wconf 89' lang='lat' dir='ltr'><strong>nanito</strong></span> <span class='ocrx_word' id='word_1_505' title='bbox 2199 2301 2496 2362; x_wconf 86' lang='lat' dir='ltr'><strong>unguento,</strong></span> <span class='ocrx_word' id='word_1_506' title='bbox 2541 2294 2636 2349; x_wconf 88' lang='lat' dir='ltr'><strong>sed</strong></span> <span class='ocrx_word' id='word_1_507' title='bbox 2671 2309 2770 2364; x_wconf 88' lang='lat' dir='ltr'><strong>pro</strong></span> <span class='ocrx_word' id='word_1_508' title='bbox 2821 2294 2936 2364; x_wconf 88' lang='lat' dir='ltr'><strong>ipsa</strong></span> <span class='ocrx_word' id='word_1_509' title='bbox 2990 2307 3394 2365; x_wconf 84' lang='lat' dir='ltr'><strong>unguentorum</strong></span> <span class='ocrx_word' id='word_1_510' title='bbox 3437 2294 3545 2363; x_wconf 86' lang='lat' dir='ltr'><strong>ple-</strong></span> 
     </span>
    </p>
   </div>
   <div class='ocr_carea' id='block_1_65' title="bbox 1970 2384 3542 2442">
    <p class='ocr_par' dir='ltr' id='par_1_65' title="bbox 1970 2384 3542 2442">
     <span class='ocr_line' id='line_1_65' title="bbox 1970 2384 3542 2442; baseline 0 -4"><span class='ocrx_word' id='word_1_511' title='bbox 1970 2385 2223 2440; x_wconf 90' lang='lat' dir='ltr'><strong>nitudine</strong></span> <span class='ocrx_word' id='word_1_512' title='bbox 2253 2387 2417 2441; x_wconf 80' lang='lat' dir='ltr'><strong>dilexi</strong></span> <span class='ocrx_word' id='word_1_513' title='bbox 2450 2394 2520 2442; x_wconf 90' lang='lat' dir='ltr'><strong>te.</strong></span> <span class='ocrx_word' id='word_1_514' title='bbox 2552 2385 2666 2441; x_wconf 84' lang='lat' dir='ltr'><strong>Hoc</strong></span> <span class='ocrx_word' id='word_1_515' title='bbox 2694 2388 2838 2441; x_wconf 91' lang='lat' dir='ltr'><strong>enim</strong></span> <span class='ocrx_word' id='word_1_516' title='bbox 2869 2388 3072 2442; x_wconf 84' lang='lat' dir='ltr'><strong>indicat</strong></span> <span class='ocrx_word' id='word_1_517' title='bbox 3098 2388 3150 2441; x_wconf 93' lang='lat' dir='ltr'><strong>in</strong></span> <span class='ocrx_word' id='word_1_518' title='bbox 3190 2403 3256 2441; x_wconf 86' lang='lat' dir='ltr'><strong>eo</strong></span> <span class='ocrx_word' id='word_1_519' title='bbox 3289 2387 3410 2441; x_wconf 91' lang='lat' dir='ltr'><strong>loco</strong></span> <span class='ocrx_word' id='word_1_520' title='bbox 3450 2384 3542 2439; x_wconf 65' lang='lat' dir='ltr'><strong>ul,.i</strong></span> 
     </span>
    </p>
   </div>
   <div class='ocr_carea' id='block_1_66' title="bbox 1968 2475 3544 2548">
    <p class='ocr_par' dir='ltr' id='par_1_66' title="bbox 1968 2475 3544 2548">
     <span class='ocr_line' id='line_1_66' title="bbox 1968 2475 3544 2548; baseline 0.001 -21"><span class='ocrx_word' id='word_1_521' title='bbox 1968 2475 2099 2528; x_wconf 88' lang='lat' dir='ltr'><strong>dicit</strong></span> <span class='ocrx_word' id='word_1_522' title='bbox 2130 2492 2143 2528; x_wconf 91' lang='lat'><strong>:</strong></span> <span class='ocrx_word' id='word_1_523' title='bbox 2188 2475 2334 2529; x_wconf 86' lang='lat' dir='ltr'><strong>Odor</strong></span> <span class='ocrx_word' id='word_1_524' title='bbox 2364 2487 2751 2547; x_wconf 81' lang='lat' dir='ltr'><strong>unguentorum</strong></span> <span class='ocrx_word' id='word_1_525' title='bbox 2799 2486 3008 2530; x_wconf 85' lang='lat' dir='ltr'><strong>tuorum</strong></span> <span class='ocrx_word' id='word_1_526' title='bbox 3038 2494 3192 2544; x_wconf 83' lang='lat' dir='ltr'><strong>super</strong></span> <span class='ocrx_word' id='word_1_527' title='bbox 3222 2475 3331 2548; x_wconf 65' lang='grc'><strong>44</strong></span> <span class='ocrx_word' id='word_1_528' title='bbox 3365 2477 3544 2528; x_wconf 87' lang='lat' dir='ltr'><strong>omnia</strong></span> 
     </span>
    </p>
   </div>
   <div class='ocr_carea' id='block_1_67' title="bbox 1969 2565 3546 2635">
    <p class='ocr_par' dir='ltr' id='par_1_67' title="bbox 1969 2565 3546 2635">
     <span class='ocr_line' id='line_1_67' title="bbox 1969 2565 3546 2635; baseline 0.002 -19"><span class='ocrx_word' id='word_1_529' title='bbox 1969 2575 2230 2618; x_wconf 87' lang='lat' dir='ltr'><strong>aromata.</strong></span> <span class='ocrx_word' id='word_1_530' title='bbox 2262 2565 2414 2632; x_wconf 86' lang='lat' dir='ltr'><strong>Quod</strong></span> <span class='ocrx_word' id='word_1_531' title='bbox 2450 2582 2577 2619; x_wconf 90' lang='lat' dir='ltr'><strong>vero</strong></span> <span class='ocrx_word' id='word_1_532' title='bbox 2612 2566 2773 2619; x_wconf 86' lang='lat' dir='ltr'><strong>etiam</strong></span> <span class='ocrx_word' id='word_1_533' title='bbox 2807 2567 2924 2635; x_wconf 86' lang='lat' dir='ltr'><strong>ipsa</strong></span> <span class='ocrx_word' id='word_1_534' title='bbox 2959 2581 3082 2620; x_wconf 91' lang='lat' dir='ltr'><strong>cum</strong></span> <span class='ocrx_word' id='word_1_535' title='bbox 3123 2565 3546 2619; x_wconf 79' lang='lat' dir='ltr'><strong>adolescentulis</strong></span> 
     </span>
    </p>
   </div>
   <div class='ocr_carea' id='block_1_68' title="bbox 1970 2657 3547 2726">
    <p class='ocr_par' dir='ltr' id='par_1_68' title="bbox 1970 2657 3547 2726">
     <span class='ocr_line' id='line_1_68' title="bbox 1970 2657 3547 2726; baseline 0 -17"><span class='ocrx_word' id='word_1_536' title='bbox 1970 2669 2094 2725; x_wconf 88' lang='lat' dir='ltr'><strong>post</strong></span> <span class='ocrx_word' id='word_1_537' title='bbox 2129 2657 2305 2726; x_wconf 89' lang='lat' dir='ltr'><strong>ipsum</strong></span> <span class='ocrx_word' id='word_1_538' title='bbox 2335 2672 2393 2710; x_wconf 88' lang='lat' dir='ltr'><strong>sc</strong></span> <span class='ocrx_word' id='word_1_539' title='bbox 2425 2673 2712 2711; x_wconf 87' lang='lat' dir='ltr'><strong>cursuram</strong></span> <span class='ocrx_word' id='word_1_540' title='bbox 2754 2658 2906 2723; x_wconf 91' lang='lat' dir='ltr'><strong>dicit,</strong></span> <span class='ocrx_word' id='word_1_541' title='bbox 2954 2657 3095 2711; x_wconf 88' lang='lat' dir='ltr'><strong>hanc</strong></span> <span class='ocrx_word' id='word_1_542' title='bbox 3125 2657 3211 2709; x_wconf 88' lang='lat' dir='ltr'><strong>aio</strong></span> <span class='ocrx_word' id='word_1_543' title='bbox 3260 2671 3382 2710; x_wconf 85' lang='lat' dir='ltr'><strong>esse</strong></span> <span class='ocrx_word' id='word_1_544' title='bbox 3422 2672 3547 2710; x_wconf 75' lang='lat' dir='ltr'><strong>cau-</strong></span> 
     </span>
    </p>
   </div>
   <div class='ocr_carea' id='block_1_69' title="bbox 1971 2745 3544 2815">
    <p class='ocr_par' dir='ltr' id='par_1_69' title="bbox 1971 2745 3544 2815">
     <span class='ocr_line' id='line_1_69' title="bbox 1971 2745 3544 2815; baseline 0.001 -16"><span class='ocrx_word' id='word_1_545' title='bbox 1971 2760 2112 2810; x_wconf 85' lang='lat' dir='ltr'><strong>sam,</strong></span> <span class='ocrx_word' id='word_1_546' title='bbox 2143 2746 2285 2813; x_wconf 87' lang='lat' dir='ltr'><strong>quod</strong></span> <span class='ocrx_word' id='word_1_547' title='bbox 2314 2745 2536 2814; x_wconf 79' lang='lat' dir='ltr'><strong>perfecti</strong></span> <span class='ocrx_word' id='word_1_548' title='bbox 2569 2745 2772 2815; x_wconf 89' lang='lat' dir='ltr'><strong>quique</strong></span> <span class='ocrx_word' id='word_1_549' title='bbox 2806 2745 2986 2800; x_wconf 88' lang='lat' dir='ltr'><strong>omnia</strong></span> <span class='ocrx_word' id='word_1_550' title='bbox 3014 2746 3270 2799; x_wconf 88' lang='lat' dir='ltr'><strong>omnibus</strong></span> <span class='ocrx_word' id='word_1_551' title='bbox 3299 2745 3449 2810; x_wconf 80' lang='lat' dir='ltr'><strong>(iant,</strong></span> <span class='ocrx_word' id='word_1_552' title='bbox 3485 2757 3544 2802; x_wconf 92' lang='lat' dir='ltr'><strong>ut</strong></span> 
     </span>
    </p>
   </div>
   <div class='ocr_carea' id='block_1_70' title="bbox 1969 2836 3467 2907">
    <p class='ocr_par' dir='ltr' id='par_1_70' title="bbox 1969 2836 3467 2907">
     <span class='ocr_line' id='line_1_70' title="bbox 1969 2836 3467 2907; baseline -0.002 -15"><span class='ocrx_word' id='word_1_553' title='bbox 1969 2852 2161 2892; x_wconf 88' lang='lat' dir='ltr'><strong>onmes</strong></span> <span class='ocrx_word' id='word_1_554' title='bbox 2189 2836 2554 2900; x_wconf 79' lang='lat' dir='ltr'><strong>lucrifaciant,</strong></span> <span class='ocrx_word' id='word_1_555' title='bbox 2594 2837 2864 2907; x_wconf 89' lang='lat' dir='ltr'><strong>sicutjam</strong></span> <span class='ocrx_word' id='word_1_556' title='bbox 2895 2851 3061 2906; x_wconf 89' lang='lat' dir='ltr'><strong>supra</strong></span> <span class='ocrx_word' id='word_1_557' title='bbox 3091 2836 3467 2906; x_wconf 79' lang='lat' dir='ltr'><strong>exposuimus.</strong></span> 
     </span>
    </p>
   </div>
   <div class='ocr_carea' id='block_1_71' title="bbox 2044 2925 3542 2990">
    <p class='ocr_par' dir='ltr' id='par_1_71' title="bbox 2044 2925 3542 2990">
     <span class='ocr_line' id='line_1_71' title="bbox 2044 2925 3542 2990; baseline 0.001 -11"><span class='ocrx_word' id='word_1_558' title='bbox 2044 2925 2198 2982; x_wconf 83' lang='lat' dir='ltr'><strong>Vers.</strong></span> <span class='ocrx_word' id='word_1_559' title='bbox 2233 2927 2288 2980; x_wconf 76' lang='grc'><strong>4.</strong></span> <span class='ocrx_word' id='word_1_560' title='bbox 2326 2925 2637 2980; x_wconf 75' lang='lat' dir='ltr'><strong>Introduxit</strong></span> <span class='ocrx_word' id='word_1_561' title='bbox 2672 2943 2752 2980; x_wconf 89' lang='lat' dir='ltr'><strong>me</strong></span> <span class='ocrx_word' id='word_1_562' title='bbox 2785 2943 2877 2980; x_wconf 72' lang='lat' dir='ltr'><strong>rex</strong></span> <span class='ocrx_word' id='word_1_563' title='bbox 2919 2927 2973 2981; x_wconf 89' lang='lat' dir='ltr'><strong>in</strong></span> <span class='ocrx_word' id='word_1_564' title='bbox 3012 2926 3310 2980; x_wconf 85' lang='lat' dir='ltr'><strong>cubiculum</strong></span> <span class='ocrx_word' id='word_1_565' title='bbox 3349 2943 3501 2981; x_wconf 68' lang='lat' dir='ltr'><strong>suun:</strong></span> <span class='ocrx_word' id='word_1_566' title='bbox 3526 2965 3542 2990; x_wconf 87' lang='lat'><strong>,</strong></span> 
     </span>
    </p>
   </div>
   <div class='ocr_carea' id='block_1_72' title="bbox 1969 3016 3549 3086">
    <p class='ocr_par' dir='ltr' id='par_1_72' title="bbox 1969 3016 3549 3086">
     <span class='ocr_line' id='line_1_72' title="bbox 1969 3016 3549 3086; baseline 0.001 -17"><span class='ocrx_word' id='word_1_567' title='bbox 1969 3016 2292 3070; x_wconf 76' lang='lat' dir='ltr'><strong>exsultemus</strong></span> <span class='ocrx_word' id='word_1_568' title='bbox 2349 3026 2398 3069; x_wconf 89' lang='lat' dir='ltr'><strong>et</strong></span> <span class='ocrx_word' id='word_1_569' title='bbox 2441 3016 2800 3086; x_wconf 87' lang='lat' dir='ltr'><strong>jucundemur</strong></span> <span class='ocrx_word' id='word_1_570' title='bbox 2844 3017 2899 3070; x_wconf 84' lang='lat' dir='ltr'><strong>in</strong></span> <span class='ocrx_word' id='word_1_571' title='bbox 2948 3027 3015 3071; x_wconf 87' lang='lat' dir='ltr'><strong>te.</strong></span> <span class='ocrx_word' id='word_1_572' title='bbox 3066 3016 3204 3070; x_wconf 85' lang='lat' dir='ltr'><strong>Cum</strong></span> <span class='ocrx_word' id='word_1_573' title='bbox 3253 3016 3549 3071; x_wconf 68' lang='lat' dir='ltr'><strong>indicassd</strong></span> 
     </span>
    </p>
   </div>
   <div class='ocr_carea' id='block_1_73' title="bbox 1971 3107 3549 3177">
    <p class='ocr_par' dir='ltr' id='par_1_73' title="bbox 1971 3107 3549 3177">
     <span class='ocr_line' id='line_1_73' title="bbox 1971 3107 3549 3177; baseline 0.001 -17"><span class='ocrx_word' id='word_1_574' title='bbox 1971 3122 2172 3176; x_wconf 89' lang='lat' dir='ltr'><strong>sponso</strong></span> <span class='ocrx_word' id='word_1_575' title='bbox 2205 3122 2306 3161; x_wconf 91' lang='lat' dir='ltr'><strong>suo</strong></span> <span class='ocrx_word' id='word_1_576' title='bbox 2331 3122 2531 3177; x_wconf 86' lang='lat' dir='ltr'><strong>sponsa</strong></span> <span class='ocrx_word' id='word_1_577' title='bbox 2551 3149 2566 3173; x_wconf 95' lang='lat'><strong>,</strong></span> <span class='ocrx_word' id='word_1_578' title='bbox 2602 3107 2744 3176; x_wconf 87' lang='lat' dir='ltr'><strong>quod</strong></span> <span class='ocrx_word' id='word_1_579' title='bbox 2774 3107 3192 3163; x_wconf 77' lang='lat' dir='ltr'><strong>adolescentula:</strong></span> <span class='ocrx_word' id='word_1_580' title='bbox 3221 3107 3389 3161; x_wconf 89' lang='lat' dir='ltr'><strong>odore</strong></span> <span class='ocrx_word' id='word_1_581' title='bbox 3428 3107 3549 3177; x_wconf 88' lang='lat' dir='ltr'><strong>ejus</strong></span> 
     </span>
    </p>
   </div>
   <div class='ocr_carea' id='block_1_74' title="bbox 1969 3197 3537 3268">
    <p class='ocr_par' dir='ltr' id='par_1_74' title="bbox 1969 3197 3537 3268">
     <span class='ocr_line' id='line_1_74' title="bbox 1969 3197 3537 3268; baseline -0.002 -15"><span class='ocrx_word' id='word_1_582' title='bbox 1969 3209 2139 3268; x_wconf 57' lang='lat' dir='ltr'><strong>captaa</strong></span> <span class='ocrx_word' id='word_1_583' title='bbox 2161 3208 2440 3254; x_wconf 82' lang='lat' dir='ltr'><strong>currerent</strong></span> <span class='ocrx_word' id='word_1_584' title='bbox 2470 3206 2591 3268; x_wconf 90' lang='lat' dir='ltr'><strong>post</strong></span> <span class='ocrx_word' id='word_1_585' title='bbox 2621 3199 2824 3268; x_wconf 89' lang='lat' dir='ltr'><strong>ipsum,</strong></span> <span class='ocrx_word' id='word_1_586' title='bbox 2851 3214 2975 3254; x_wconf 91' lang='lat' dir='ltr'><strong>cum</strong></span> <span class='ocrx_word' id='word_1_587' title='bbox 3004 3199 3203 3268; x_wconf 89' lang='lat' dir='ltr'><strong>quibus</strong></span> <span class='ocrx_word' id='word_1_588' title='bbox 3227 3197 3390 3253; x_wconf 88' lang='lat' dir='ltr'><strong>etiam</strong></span> <span class='ocrx_word' id='word_1_589' title='bbox 3420 3197 3537 3266; x_wconf 87' lang='lat' dir='ltr'><strong>ipsa</strong></span> 
     </span>
    </p>
   </div>
   <div class='ocr_carea' id='block_1_75' title="bbox 1969 3288 3539 3360">
    <p class='ocr_par' dir='ltr' id='par_1_75' title="bbox 1969 3288 3539 3360">
     <span class='ocr_line' id='line_1_75' title="bbox 1969 3288 3539 3360; baseline -0.002 -15"><span class='ocrx_word' id='word_1_590' title='bbox 1969 3304 2198 3345; x_wconf 89' lang='lat' dir='ltr'><strong>cursura</strong></span> <span class='ocrx_word' id='word_1_591' title='bbox 2231 3298 2394 3352; x_wconf 81' lang='lat' dir='ltr'><strong>esset,</strong></span> <span class='ocrx_word' id='word_1_592' title='bbox 2431 3297 2490 3343; x_wconf 90' lang='lat' dir='ltr'><strong>ut</strong></span> <span class='ocrx_word' id='word_1_593' title='bbox 2519 3290 2599 3344; x_wconf 88' lang='lat' dir='ltr'><strong>eis</strong></span> <span class='ocrx_word' id='word_1_594' title='bbox 2627 3291 2857 3344; x_wconf 78' lang='lat' dir='ltr'><strong>formam</strong></span> <span class='ocrx_word' id='word_1_595' title='bbox 2893 3290 3153 3360; x_wconf 72' lang='lat' dir='ltr'><strong>prarberet</strong></span> <span class='ocrx_word' id='word_1_596' title='bbox 3177 3288 3229 3341; x_wconf 92' lang='lat' dir='ltr'><strong>in</strong></span> <span class='ocrx_word' id='word_1_597' title='bbox 3259 3288 3539 3351; x_wconf 89' lang='lat' dir='ltr'><strong>omnibus,</strong></span> 
     </span>
    </p>
   </div>
   <div class='ocr_carea' id='block_1_76' title="bbox 1971 3379 3548 3450">
    <p class='ocr_par' dir='ltr' id='par_1_76' title="bbox 1971 3379 3548 3450">
     <span class='ocr_line' id='line_1_76' title="bbox 1971 3379 3548 3450; baseline -0.003 -15"><span class='ocrx_word' id='word_1_598' title='bbox 1971 3396 2119 3435; x_wconf 91' lang='lat' dir='ltr'><strong>nunc</strong></span> <span class='ocrx_word' id='word_1_599' title='bbox 2151 3381 2308 3449; x_wconf 87' lang='lat' dir='ltr'><strong>quasi</strong></span> <span class='ocrx_word' id='word_1_600' title='bbox 2345 3380 2549 3434; x_wconf 82' lang='lat' dir='ltr'><strong>laboris</strong></span> <span class='ocrx_word' id='word_1_601' title='bbox 2587 3381 2672 3435; x_wconf 87' lang='lat' dir='ltr'><strong>sui</strong></span> <span class='ocrx_word' id='word_1_602' title='bbox 2707 3388 2997 3435; x_wconf 87' lang='lat' dir='ltr'><strong>consecuta</strong></span> <span class='ocrx_word' id='word_1_603' title='bbox 3027 3379 3139 3450; x_wconf 87' lang='lat' dir='ltr'><strong>jam</strong></span> <span class='ocrx_word' id='word_1_604' title='bbox 3177 3379 3410 3448; x_wconf 86' lang='lat' dir='ltr'><strong>palmam</strong></span> <span class='ocrx_word' id='word_1_605' title='bbox 3450 3393 3548 3446; x_wconf 90' lang='lat' dir='ltr'><strong>pro</strong></span> 
     </span>
    </p>
   </div>
   <div class='ocr_carea' id='block_1_77' title="bbox 1967 3472 3548 3543">
    <p class='ocr_par' dir='ltr' id='par_1_77' title="bbox 1967 3472 3548 3543">
     <span class='ocr_line' id='line_1_77' title="bbox 1967 3472 3548 3543; baseline -0.004 -14"><span class='ocrx_word' id='word_1_606' title='bbox 1967 3489 2037 3530; x_wconf 87' lang='lat' dir='ltr'><strong>eo</strong></span> <span class='ocrx_word' id='word_1_607' title='bbox 2076 3473 2220 3543; x_wconf 92' lang='lat' dir='ltr'><strong>quod</strong></span> <span class='ocrx_word' id='word_1_608' title='bbox 2259 3473 2600 3528; x_wconf 88' lang='lat' dir='ltr'><strong>concurrerit</strong></span> <span class='ocrx_word' id='word_1_609' title='bbox 2639 3473 3022 3536; x_wconf 89' lang='lat' dir='ltr'><strong>currentibus,</strong></span> <span class='ocrx_word' id='word_1_610' title='bbox 3080 3472 3444 3526; x_wconf 89' lang='lat' dir='ltr'><strong>introductam</strong></span> <span class='ocrx_word' id='word_1_611' title='bbox 3487 3484 3548 3524; x_wconf 88' lang='lat' dir='ltr'><strong>se</strong></span> 
     </span>
    </p>
   </div>
   <div class='ocr_carea' id='block_1_78' title="bbox 1970 3561 3542 3635">
    <p class='ocr_par' dir='ltr' id='par_1_78' title="bbox 1970 3561 3542 3635">
     <span class='ocr_line' id='line_1_78' title="bbox 1970 3561 3542 3635; baseline -0.005 -15"><span class='ocrx_word' id='word_1_612' title='bbox 1970 3567 2102 3620; x_wconf 80' lang='lat' dir='ltr'><strong>dicit</strong></span> <span class='ocrx_word' id='word_1_613' title='bbox 2132 3567 2200 3619; x_wconf 91' lang='lat' dir='ltr'><strong>ab</strong></span> <span class='ocrx_word' id='word_1_614' title='bbox 2230 3579 2435 3635; x_wconf 89' lang='lat' dir='ltr'><strong>sponso</strong></span> <span class='ocrx_word' id='word_1_615' title='bbox 2467 3578 2591 3633; x_wconf 84' lang='lat' dir='ltr'><strong>rege</strong></span> <span class='ocrx_word' id='word_1_616' title='bbox 2622 3564 2675 3618; x_wconf 91' lang='lat' dir='ltr'><strong>in</strong></span> <span class='ocrx_word' id='word_1_617' title='bbox 2719 3565 3036 3620; x_wconf 91' lang='lat' dir='ltr'><strong>cubiculum</strong></span> <span class='ocrx_word' id='word_1_618' title='bbox 3070 3563 3210 3632; x_wconf 88' lang='lat' dir='ltr'><strong>ejus,</strong></span> <span class='ocrx_word' id='word_1_619' title='bbox 3250 3573 3312 3618; x_wconf 90' lang='lat' dir='ltr'><strong>ut</strong></span> <span class='ocrx_word' id='word_1_620' title='bbox 3348 3563 3421 3614; x_wconf 88' lang='lat' dir='ltr'><strong>ibi</strong></span> <span class='ocrx_word' id='word_1_621' title='bbox 3456 3561 3542 3613; x_wconf 80' lang='lat' dir='ltr'><strong>vi-</strong></span> 
     </span>
    </p>
   </div>
   <div class='ocr_carea' id='block_1_79' title="bbox 1968 3653 3548 3723">
    <p class='ocr_par' dir='ltr' id='par_1_79' title="bbox 1968 3653 3548 3723">
     <span class='ocr_line' id='line_1_79' title="bbox 1968 3653 3548 3723; baseline -0.006 -10"><span class='ocrx_word' id='word_1_622' title='bbox 1968 3659 2120 3713; x_wconf 87' lang='lat' dir='ltr'><strong>deret</strong></span> <span class='ocrx_word' id='word_1_623' title='bbox 2165 3665 2392 3710; x_wconf 88' lang='lat' dir='ltr'><strong>cunctas</strong></span> <span class='ocrx_word' id='word_1_624' title='bbox 2435 3669 2568 3723; x_wconf 87' lang='lat' dir='ltr'><strong>opes</strong></span> <span class='ocrx_word' id='word_1_625' title='bbox 2622 3655 2826 3723; x_wconf 77' lang='lat' dir='ltr'><strong>regias.</strong></span> <span class='ocrx_word' id='word_1_626' title='bbox 2869 3657 2930 3707; x_wconf 91' lang='lat' dir='ltr'><strong>ln</strong></span> <span class='ocrx_word' id='word_1_627' title='bbox 2979 3670 3086 3722; x_wconf 90' lang='lat' dir='ltr'><strong>quo</strong></span> <span class='ocrx_word' id='word_1_628' title='bbox 3121 3653 3305 3722; x_wconf 87' lang='lat' dir='ltr'><strong>utique</strong></span> <span class='ocrx_word' id='word_1_629' title='bbox 3351 3653 3548 3706; x_wconf 65' lang='lat' dir='ltr'><strong>merito</strong></span> 
     </span>
    </p>
   </div>
   <div class='ocr_carea' id='block_1_80' title="bbox 1964 3741 3550 3820">
    <p class='ocr_par' dir='ltr' id='par_1_80' title="bbox 1964 3741 3550 3820">
     <span class='ocr_line' id='line_1_80' title="bbox 1964 3741 3550 3820; baseline -0.007 -16"><span class='ocrx_word' id='word_1_630' title='bbox 1964 3747 2298 3820; x_wconf 89' lang='lat' dir='ltr'><strong>jucundatur</strong></span> <span class='ocrx_word' id='word_1_631' title='bbox 2329 3756 2384 3801; x_wconf 91' lang='lat' dir='ltr'><strong>et</strong></span> <span class='ocrx_word' id='word_1_632' title='bbox 2411 3746 2669 3812; x_wconf 84' lang='lat' dir='ltr'><strong>exsultat,</strong></span> <span class='ocrx_word' id='word_1_633' title='bbox 2715 3753 2900 3815; x_wconf 85' lang='lat' dir='ltr'><strong>utpote</strong></span> <span class='ocrx_word' id='word_1_634' title='bbox 2931 3761 3052 3813; x_wconf 76' lang='lat' dir='ltr'><strong>qua:</strong></span> <span class='ocrx_word' id='word_1_635' title='bbox 3083 3753 3290 3798; x_wconf 87' lang='lat' dir='ltr'><strong>secreta</strong></span> <span class='ocrx_word' id='word_1_636' title='bbox 3313 3741 3426 3811; x_wconf 83' lang='lat' dir='ltr'><strong>jam</strong></span> <span class='ocrx_word' id='word_1_637' title='bbox 3458 3756 3550 3794; x_wconf 65' lang='lat' dir='ltr'><strong>rc-</strong></span> 
     </span>
    </p>
   </div>
   <div class='ocr_carea' id='block_1_81' title="bbox 1969 3833 3549 3911">
    <p class='ocr_par' dir='ltr' id='par_1_81' title="bbox 1969 3833 3549 3911">
     <span class='ocr_line' id='line_1_81' title="bbox 1969 3833 3549 3911; baseline -0.004 -20"><span class='ocrx_word' id='word_1_638' title='bbox 1969 3842 2052 3911; x_wconf 83' lang='lat' dir='ltr'><strong>gis</strong></span> <span class='ocrx_word' id='word_1_639' title='bbox 2080 3848 2133 3893; x_wconf 91' lang='lat' dir='ltr'><strong>et</strong></span> <span class='ocrx_word' id='word_1_640' title='bbox 2165 3853 2363 3892; x_wconf 87' lang='lat' dir='ltr'><strong>arcana</strong></span> <span class='ocrx_word' id='word_1_641' title='bbox 2397 3835 2755 3906; x_wconf 79' lang='lat' dir='ltr'><strong>prospexerit.</strong></span> <span class='ocrx_word' id='word_1_642' title='bbox 2805 3834 2904 3889; x_wconf 85' lang='lat' dir='ltr'><strong>Hic</strong></span> <span class='ocrx_word' id='word_1_643' title='bbox 2933 3843 3048 3900; x_wconf 89' lang='lat' dir='ltr'><strong>est,</strong></span> <span class='ocrx_word' id='word_1_644' title='bbox 3085 3833 3391 3888; x_wconf 87' lang='lat' dir='ltr'><strong>secundum</strong></span> <span class='ocrx_word' id='word_1_645' title='bbox 3423 3848 3549 3901; x_wconf 85' lang='lat' dir='ltr'><strong>pro-</strong></span> 
     </span>
    </p>
   </div>
   <div class='ocr_carea' id='block_1_82' title="bbox 1971 3923 3549 4001">
    <p class='ocr_par' dir='ltr' id='par_1_82' title="bbox 1971 3923 3549 4001">
     <span class='ocr_line' id='line_1_82' title="bbox 1971 3923 3549 4001; baseline -0.006 -16"><span class='ocrx_word' id='word_1_646' title='bbox 1971 3931 2206 4001; x_wconf 88' lang='lat' dir='ltr'><strong>positum</strong></span> <span class='ocrx_word' id='word_1_647' title='bbox 2239 3927 2502 3983; x_wconf 89' lang='lat' dir='ltr'><strong>dramatis</strong></span> <span class='ocrx_word' id='word_1_648' title='bbox 2533 3925 2802 3993; x_wconf 90' lang='lat' dir='ltr'><strong>ordinem,</strong></span> <span class='ocrx_word' id='word_1_649' title='bbox 2848 3925 3007 3996; x_wconf 90' lang='lat' dir='ltr'><strong>quasi</strong></span> <span class='ocrx_word' id='word_1_650' title='bbox 3047 3925 3342 3980; x_wconf 86' lang='lat' dir='ltr'><strong>historicus</strong></span> <span class='ocrx_word' id='word_1_651' title='bbox 3390 3923 3549 3977; x_wconf 83' lang='lat' dir='ltr'><strong>intel-</strong></span> 
     </span>
    </p>
   </div>
   <div class='ocr_carea' id='block_1_83' title="bbox 1971 4015 3549 4090">
    <p class='ocr_par' dir='ltr' id='par_1_83' title="bbox 1971 4015 3549 4090">
     <span class='ocr_line' id='line_1_83' title="bbox 1971 4015 3549 4090; baseline -0.004 -13"><span class='ocrx_word' id='word_1_652' title='bbox 1971 4024 2159 4077; x_wconf 66' lang='lat' dir='ltr'><strong>lectus.</strong></span> <span class='ocrx_word' id='word_1_653' title='bbox 2197 4019 2303 4075; x_wconf 89' lang='lat' dir='ltr'><strong>Sed</strong></span> <span class='ocrx_word' id='word_1_654' title='bbox 2329 4021 2586 4090; x_wconf 87' lang='lat' dir='ltr'><strong>quoniam</strong></span> <span class='ocrx_word' id='word_1_655' title='bbox 2613 4019 2773 4089; x_wconf 90' lang='lat' dir='ltr'><strong>cujus</strong></span> <span class='ocrx_word' id='word_1_656' title='bbox 2811 4035 2898 4074; x_wconf 89' lang='lat' dir='ltr'><strong>res</strong></span> <span class='ocrx_word' id='word_1_657' title='bbox 2928 4019 3130 4090; x_wconf 84' lang='lat' dir='ltr'><strong>agitur,</strong></span> <span class='ocrx_word' id='word_1_658' title='bbox 3175 4015 3422 4071; x_wconf 87' lang='lat' dir='ltr'><strong>Ecclesia</strong></span> <span class='ocrx_word' id='word_1_659' title='bbox 3465 4026 3549 4070; x_wconf 89' lang='lat' dir='ltr'><strong>cst</strong></span> 
     </span>
    </p>
   </div>
   <div class='ocr_carea' id='block_1_84' title="bbox 1970 4108 3549 4179">
    <p class='ocr_par' dir='ltr' id='par_1_84' title="bbox 1970 4108 3549 4179">
     <span class='ocr_line' id='line_1_84' title="bbox 1970 4108 3549 4179; baseline -0.009 -7"><span class='ocrx_word' id='word_1_660' title='bbox 1970 4118 2037 4172; x_wconf 91' lang='lat' dir='ltr'><strong>ad</strong></span> <span class='ocrx_word' id='word_1_661' title='bbox 2072 4116 2348 4169; x_wconf 83' lang='lat' dir='ltr'><strong>Christum</strong></span> <span class='ocrx_word' id='word_1_662' title='bbox 2381 4114 2625 4179; x_wconf 90' lang='lat' dir='ltr'><strong>veniens,</strong></span> <span class='ocrx_word' id='word_1_663' title='bbox 2679 4114 2760 4168; x_wconf 88' lang='lat' dir='ltr'><strong>vel</strong></span> <span class='ocrx_word' id='word_1_664' title='bbox 2797 4113 2980 4167; x_wconf 85' lang='lat' dir='ltr'><strong>anima</strong></span> <span class='ocrx_word' id='word_1_665' title='bbox 3015 4109 3196 4165; x_wconf 87' lang='lat' dir='ltr'><strong>Verbo</strong></span> <span class='ocrx_word' id='word_1_666' title='bbox 3233 4108 3326 4163; x_wconf 89' lang='lat' dir='ltr'><strong>Dei</strong></span> <span class='ocrx_word' id='word_1_667' title='bbox 3369 4109 3549 4162; x_wconf 64' lang='lat' dir='ltr'><strong>adhae-</strong></span> 
     </span>
    </p>
   </div>
   <div class='ocr_carea' id='block_1_85' title="bbox 1970 4203 3550 4275">
    <p class='ocr_par' dir='ltr' id='par_1_85' title="bbox 1970 4203 3550 4275">
     <span class='ocr_line' id='line_1_85' title="bbox 1970 4203 3550 4275; baseline -0.007 -15"><span class='ocrx_word' id='word_1_668' title='bbox 1970 4223 2117 4273; x_wconf 90' lang='lat' dir='ltr'><strong>rens,</strong></span> <span class='ocrx_word' id='word_1_669' title='bbox 2162 4206 2307 4275; x_wconf 87' lang='lat' dir='ltr'><strong>quod</strong></span> <span class='ocrx_word' id='word_1_670' title='bbox 2342 4205 2487 4260; x_wconf 88' lang='lat' dir='ltr'><strong>aliud</strong></span> <span class='ocrx_word' id='word_1_671' title='bbox 2537 4205 2849 4259; x_wconf 88' lang='lat' dir='ltr'><strong>cubiculmn</strong></span> <span class='ocrx_word' id='word_1_672' title='bbox 2883 4203 3084 4257; x_wconf 85' lang='lat' dir='ltr'><strong>Christi</strong></span> <span class='ocrx_word' id='word_1_673' title='bbox 3129 4211 3183 4255; x_wconf 91' lang='lat' dir='ltr'><strong>et</strong></span> <span class='ocrx_word' id='word_1_674' title='bbox 3231 4208 3550 4270; x_wconf 78' lang='lat' dir='ltr'><strong>promptua-</strong></span> 
     </span>
    </p>
   </div>
   <div class='ocr_carea' id='block_1_86' title="bbox 1971 4289 3548 4364">
    <p class='ocr_par' dir='ltr' id='par_1_86' title="bbox 1971 4289 3548 4364">
     <span class='ocr_line' id='line_1_86' title="bbox 1971 4289 3548 4364; baseline -0.006 -10"><span class='ocrx_word' id='word_1_675' title='bbox 1971 4300 2112 4354; x_wconf 89' lang='lat' dir='ltr'><strong>rium</strong></span> <span class='ocrx_word' id='word_1_676' title='bbox 2143 4297 2234 4352; x_wconf 88' lang='lat' dir='ltr'><strong>Dei</strong></span> <span class='ocrx_word' id='word_1_677' title='bbox 2260 4297 2590 4352; x_wconf 88' lang='lat' dir='ltr'><strong>credendum</strong></span> <span class='ocrx_word' id='word_1_678' title='bbox 2630 4305 2712 4350; x_wconf 88' lang='lat' dir='ltr'><strong>est</strong></span> <span class='ocrx_word' id='word_1_679' title='bbox 2745 4296 2797 4348; x_wconf 90' lang='lat' dir='ltr'><strong>in</strong></span> <span class='ocrx_word' id='word_1_680' title='bbox 2835 4310 2945 4364; x_wconf 87' lang='lat' dir='ltr'><strong>quo</strong></span> <span class='ocrx_word' id='word_1_681' title='bbox 2979 4293 3061 4346; x_wconf 80' lang='lat' dir='ltr'><strong>vel</strong></span> <span class='ocrx_word' id='word_1_682' title='bbox 3103 4291 3418 4353; x_wconf 82' lang='lat' dir='ltr'><strong>Ecclesium,</strong></span> <span class='ocrx_word' id='word_1_683' title='bbox 3465 4289 3548 4344; x_wconf 78' lang='lat' dir='ltr'><strong>\‘cl</strong></span> 
     </span>
    </p>
   </div>
   <div class='ocr_carea' id='block_1_87' title="bbox 1973 4383 3550 4450">
    <p class='ocr_par' dir='ltr' id='par_1_87' title="bbox 1973 4383 3550 4450">
     <span class='ocr_line' id='line_1_87' title="bbox 1973 4383 3550 4450; baseline -0.008 -5"><span class='ocrx_word' id='word_1_684' title='bbox 1973 4392 2212 4446; x_wconf 86' lang='lat' dir='ltr'><strong>animam</strong></span> <span class='ocrx_word' id='word_1_685' title='bbox 2247 4389 2610 4443; x_wconf 65' lang='lat' dir='ltr'><strong>cohaerentem</strong></span> <span class='ocrx_word' id='word_1_686' title='bbox 2643 4386 2746 4441; x_wconf 82' lang='lat' dir='ltr'><strong>sibi</strong></span> <span class='ocrx_word' id='word_1_687' title='bbox 2795 4384 3126 4449; x_wconf 84' lang='lat' dir='ltr'><strong>introducat,</strong></span> <span class='ocrx_word' id='word_1_688' title='bbox 3164 4383 3268 4437; x_wconf 92' lang='lat' dir='ltr'><strong>nisi</strong></span> <span class='ocrx_word' id='word_1_689' title='bbox 3319 4383 3433 4450; x_wconf 86' lang='lat' dir='ltr'><strong>ipse</strong></span> <span class='ocrx_word' id='word_1_690' title='bbox 3467 4397 3550 4433; x_wconf 85' lang='lat' dir='ltr'><strong>ar-</strong></span> 
     </span>
    </p>
   </div>
   <div class='ocr_carea' id='block_1_88' title="bbox 285 4467 1864 4553">
    <p class='ocr_par' dir='ltr' id='par_1_88' title="bbox 285 4467 1863 4539">
     <span class='ocr_line' id='line_1_88' title="bbox 285 4467 1863 4539; baseline 0.003 -16"><span class='ocrx_word' id='word_1_691' title='bbox 285 4469 384 4523; x_wconf 85' lang='lat' dir='ltr'><strong>ille</strong></span> <span class='ocrx_word' id='word_1_692' title='bbox 413 4467 645 4522; x_wconf 90' lang='lat' dir='ltr'><strong>interior</strong></span> <span class='ocrx_word' id='word_1_693' title='bbox 681 4481 1004 4534; x_wconf 61' lang='lat' dir='ltr'><strong>excaecatum</strong></span> <span class='ocrx_word' id='word_1_694' title='bbox 1039 4481 1093 4524; x_wconf 89' lang='lat' dir='ltr'><strong>et</strong></span> <span class='ocrx_word' id='word_1_695' title='bbox 1127 4472 1387 4525; x_wconf 88' lang='lat' dir='ltr'><strong>odoratus</strong></span> <span class='ocrx_word' id='word_1_696' title='bbox 1419 4472 1727 4527; x_wconf 88' lang='lat' dir='ltr'><strong>occluditur</strong></span> <span class='ocrx_word' id='word_1_697' title='bbox 1749 4513 1763 4539; x_wconf 94' lang='lat'><strong>,</strong></span> <span class='ocrx_word' id='word_1_698' title='bbox 1809 4484 1863 4528; x_wconf 89' lang='lat' dir='ltr'><strong>ct</strong></span> 
     </span>
    </p>
   </div>
   <div class='ocr_carea' id='block_1_89' title="bbox 1967 4467 3550 4553">
    <p class='ocr_par' dir='ltr' id='par_1_89' title="bbox 1973 4471 3550 4548">
     <span class='ocr_line' id='line_1_89' title="bbox 1973 4471 3550 4548; baseline -0.006 -12"><span class='ocrx_word' id='word_1_699' title='bbox 1973 4498 2144 4536; x_wconf 86' lang='lat' dir='ltr'><strong>canus</strong></span> <span class='ocrx_word' id='word_1_700' title='bbox 2173 4495 2368 4535; x_wconf 90' lang='lat' dir='ltr'><strong>sensus</strong></span> <span class='ocrx_word' id='word_1_701' title='bbox 2401 4479 2520 4548; x_wconf 83' lang='lat' dir='ltr'><strong>ejus</strong></span> <span class='ocrx_word' id='word_1_702' title='bbox 2562 4487 2616 4532; x_wconf 90' lang='lat' dir='ltr'><strong>et</strong></span> <span class='ocrx_word' id='word_1_703' title='bbox 2649 4476 2986 4539; x_wconf 86' lang='lat' dir='ltr'><strong>reconditus,</strong></span> <span class='ocrx_word' id='word_1_704' title='bbox 3019 4476 3086 4529; x_wconf 92' lang='lat' dir='ltr'><strong>de</strong></span> <span class='ocrx_word' id='word_1_705' title='bbox 3112 4489 3220 4544; x_wconf 90' lang='lat' dir='ltr'><strong>quo</strong></span> <span class='ocrx_word' id='word_1_706' title='bbox 3244 4482 3299 4528; x_wconf 92' lang='lat' dir='ltr'><strong>et</strong></span> <span class='ocrx_word' id='word_1_707' title='bbox 3344 4471 3550 4526; x_wconf 83' lang='lat' dir='ltr'><strong>Paulus</strong></span> 
     </span>
    </p>
   </div>
   <div class='ocr_carea' id='block_1_90' title="bbox 284 4559 1878 4634">
    <p class='ocr_par' dir='ltr' id='par_1_90' title="bbox 284 4559 1878 4634">
     <span class='ocr_line' id='line_1_90' title="bbox 284 4559 1878 4634; baseline 0.003 -18"><span class='ocrx_word' id='word_1_708' title='bbox 284 4559 596 4616; x_wconf 87' lang='lat' dir='ltr'><strong>obduratur</strong></span> <span class='ocrx_word' id='word_1_709' title='bbox 624 4559 865 4624; x_wconf 88' lang='lat' dir='ltr'><strong>auditus,</strong></span> <span class='ocrx_word' id='word_1_710' title='bbox 898 4561 1092 4616; x_wconf 90' lang='lat' dir='ltr'><strong>merito</strong></span> <span class='ocrx_word' id='word_1_711' title='bbox 1114 4577 1214 4616; x_wconf 90' lang='lat' dir='ltr'><strong>nec</strong></span> <span class='ocrx_word' id='word_1_712' title='bbox 1245 4563 1427 4618; x_wconf 89' lang='lat' dir='ltr'><strong>videre</strong></span> <span class='ocrx_word' id='word_1_713' title='bbox 1449 4579 1572 4633; x_wconf 63' lang='lat' dir='ltr'><strong>quae</strong></span> <span class='ocrx_word' id='word_1_714' title='bbox 1604 4566 1878 4634; x_wconf 81' lang='lat' dir='ltr'><strong>spiritua—.</strong></span> 
     </span>
    </p>
   </div>
   <div class='ocr_carea' id='block_1_91' title="bbox 285 4652 1862 4724">
    <p class='ocr_par' dir='ltr' id='par_1_91' title="bbox 285 4652 1862 4724">
     <span class='ocr_line' id='line_1_91' title="bbox 285 4652 1862 4724; baseline 0.002 -14"><span class='ocrx_word' id='word_1_715' title='bbox 285 4656 359 4712; x_wconf 86' lang='lat' dir='ltr'><strong>lia</strong></span> <span class='ocrx_word' id='word_1_716' title='bbox 397 4661 547 4716; x_wconf 85' lang='lat' dir='ltr'><strong>sunt,</strong></span> <span class='ocrx_word' id='word_1_717' title='bbox 598 4667 698 4707; x_wconf 89' lang='lat' dir='ltr'><strong>nec</strong></span> <span class='ocrx_word' id='word_1_718' title='bbox 731 4652 919 4708; x_wconf 88' lang='lat' dir='ltr'><strong>audire</strong></span> <span class='ocrx_word' id='word_1_719' title='bbox 948 4662 1147 4724; x_wconf 88' lang='lat' dir='ltr'><strong>potest,</strong></span> <span class='ocrx_word' id='word_1_720' title='bbox 1179 4655 1271 4709; x_wconf 88' lang='lat' dir='ltr'><strong>sed</strong></span> <span class='ocrx_word' id='word_1_721' title='bbox 1303 4671 1402 4711; x_wconf 90' lang='lat' dir='ltr'><strong>nec</strong></span> <span class='ocrx_word' id='word_1_722' title='bbox 1434 4657 1660 4712; x_wconf 84' lang='lat' dir='ltr'><strong>odorem</strong></span> <span class='ocrx_word' id='word_1_723' title='bbox 1698 4657 1862 4713; x_wconf 87' lang='lat' dir='ltr'><strong>istum</strong></span> 
     </span>
    </p>
   </div>
   <div class='ocr_carea' id='block_1_92' title="bbox 281 4742 1865 4817">
    <p class='ocr_par' dir='ltr' id='par_1_92' title="bbox 281 4742 1865 4817">
     <span class='ocr_line' id='line_1_92' title="bbox 281 4742 1865 4817; baseline 0.003 -18"><span class='ocrx_word' id='word_1_724' title='bbox 281 4742 498 4799; x_wconf 85' lang='lat' dir='ltr'><strong>Christi</strong></span> <span class='ocrx_word' id='word_1_725' title='bbox 546 4758 760 4813; x_wconf 86' lang='lat' dir='ltr'><strong>capere,</strong></span> <span class='ocrx_word' id='word_1_726' title='bbox 814 4759 921 4813; x_wconf 82' lang='lat' dir='ltr'><strong>quo</strong></span> <span class='ocrx_word' id='word_1_727' title='bbox 973 4761 1118 4800; x_wconf 91' lang='lat' dir='ltr'><strong>nunc</strong></span> <span class='ocrx_word' id='word_1_728' title='bbox 1167 4756 1384 4817; x_wconf 89' lang='lat' dir='ltr'><strong>recepto</strong></span> <span class='ocrx_word' id='word_1_729' title='bbox 1436 4748 1865 4804; x_wconf 65' lang='lat' dir='ltr'><strong>adolescentulus</strong></span> 
     </span>
    </p>
   </div>
   <div class='ocr_carea' id='block_1_93' title="bbox 282 4833 1867 4909">
    <p class='ocr_par' dir='ltr' id='par_1_93' title="bbox 282 4833 1867 4909">
     <span class='ocr_line' id='line_1_93' title="bbox 282 4833 1867 4909; baseline 0.005 -22"><span class='ocrx_word' id='word_1_730' title='bbox 282 4834 413 4888; x_wconf 69' lang='lat' dir='ltr'><strong>ista:</strong></span> <span class='ocrx_word' id='word_1_731' title='bbox 444 4833 500 4886; x_wconf 89' lang='lat' dir='ltr'><strong>in</strong></span> <span class='ocrx_word' id='word_1_732' title='bbox 532 4833 734 4903; x_wconf 87' lang='lat' dir='ltr'><strong>quibus</strong></span> <span class='ocrx_word' id='word_1_733' title='bbox 769 4834 903 4890; x_wconf 88' lang='lat' dir='ltr'><strong>bene</strong></span> <span class='ocrx_word' id='word_1_734' title='bbox 949 4850 1118 4889; x_wconf 88' lang='lat' dir='ltr'><strong>sanus</strong></span> <span class='ocrx_word' id='word_1_735' title='bbox 1160 4847 1214 4890; x_wconf 91' lang='lat' dir='ltr'><strong>et</strong></span> <span class='ocrx_word' id='word_1_736' title='bbox 1246 4839 1433 4909; x_wconf 81' lang='lat' dir='ltr'><strong>vigens</strong></span> <span class='ocrx_word' id='word_1_737' title='bbox 1463 4848 1584 4894; x_wconf 88' lang='lat' dir='ltr'><strong>erat</strong></span> <span class='ocrx_word' id='word_1_738' title='bbox 1622 4841 1711 4895; x_wconf 90' lang='lat' dir='ltr'><strong>hic</strong></span> <span class='ocrx_word' id='word_1_739' title='bbox 1746 4857 1867 4895; x_wconf 89' lang='lat' dir='ltr'><strong>sen-</strong></span> 
     </span>
    </p>
   </div>
   <div class='ocr_carea' id='block_1_94' title="bbox 281 4925 1862 5001">
    <p class='ocr_par' dir='ltr' id='par_1_94' title="bbox 281 4925 1862 5001">
     <span class='ocr_line' id='line_1_94' title="bbox 281 4925 1862 5001; baseline 0.001 -18"><span class='ocrx_word' id='word_1_740' title='bbox 281 4941 411 4993; x_wconf 72' lang='lat' dir='ltr'><strong>sus,</strong></span> <span class='ocrx_word' id='word_1_741' title='bbox 437 4925 494 4980; x_wconf 91' lang='lat' dir='ltr'><strong>in</strong></span> <span class='ocrx_word' id='word_1_742' title='bbox 523 4925 744 4980; x_wconf 76' lang='lat' dir='ltr'><strong>adorent</strong></span> <span class='ocrx_word' id='word_1_743' title='bbox 780 4937 1180 4994; x_wconf 81' lang='lat' dir='ltr'><strong>unguentorum</strong></span> <span class='ocrx_word' id='word_1_744' title='bbox 1210 4929 1329 4998; x_wconf 88' lang='lat' dir='ltr'><strong>ejus</strong></span> <span class='ocrx_word' id='word_1_745' title='bbox 1358 4941 1592 4985; x_wconf 87' lang='lat' dir='ltr'><strong>currunt</strong></span> <span class='ocrx_word' id='word_1_746' title='bbox 1631 4941 1755 5000; x_wconf 88' lang='lat' dir='ltr'><strong>post</strong></span> <span class='ocrx_word' id='word_1_747' title='bbox 1781 4934 1862 5001; x_wconf 83' lang='lat' dir='ltr'><strong>ip-</strong></span> 
     </span>
    </p>
   </div>
   <div class='ocr_carea' id='block_1_95' title="bbox 285 5017 1863 5095">
    <p class='ocr_par' dir='ltr' id='par_1_95' title="bbox 285 5017 1863 5095">
     <span class='ocr_line' id='line_1_95' title="bbox 285 5017 1863 5095; baseline 0.002 -18"><span class='ocrx_word' id='word_1_748' title='bbox 285 5035 438 5084; x_wconf 91' lang='lat' dir='ltr'><strong>sum,</strong></span> <span class='ocrx_word' id='word_1_749' title='bbox 481 5033 581 5074; x_wconf 90' lang='lat' dir='ltr'><strong>nec</strong></span> <span class='ocrx_word' id='word_1_750' title='bbox 625 5017 884 5074; x_wconf 78' lang='lat' dir='ltr'><strong>deﬁciunt</strong></span> <span class='ocrx_word' id='word_1_751' title='bbox 928 5029 1230 5086; x_wconf 88' lang='lat' dir='ltr'><strong>currentes,</strong></span> <span class='ocrx_word' id='word_1_752' title='bbox 1275 5031 1370 5077; x_wconf 90' lang='lat' dir='ltr'><strong>aut</strong></span> <span class='ocrx_word' id='word_1_753' title='bbox 1415 5023 1687 5090; x_wconf 84' lang='lat' dir='ltr'><strong>laborant,</strong></span> <span class='ocrx_word' id='word_1_754' title='bbox 1733 5027 1863 5095; x_wconf 89' lang='lat' dir='ltr'><strong>quia</strong></span> 
     </span>
    </p>
   </div>
   <div class='ocr_carea' id='block_1_96' title="bbox 287 5111 1862 5184">
    <p class='ocr_par' dir='ltr' id='par_1_96' title="bbox 287 5111 1862 5184">
     <span class='ocr_line' id='line_1_96' title="bbox 287 5111 1862 5184; baseline 0 -13"><span class='ocrx_word' id='word_1_755' title='bbox 287 5111 562 5171; x_wconf 85' lang='lat' dir='ltr'><strong>suavitate</strong></span> <span class='ocrx_word' id='word_1_756' title='bbox 606 5112 791 5167; x_wconf 88' lang='lat' dir='ltr'><strong>odoris</strong></span> <span class='ocrx_word' id='word_1_757' title='bbox 842 5112 1013 5181; x_wconf 86' lang='lat' dir='ltr'><strong>ipsius</strong></span> <span class='ocrx_word' id='word_1_758' title='bbox 1061 5113 1156 5182; x_wconf 89' lang='lat' dir='ltr'><strong>qui</strong></span> <span class='ocrx_word' id='word_1_759' title='bbox 1201 5122 1286 5169; x_wconf 88' lang='lat' dir='ltr'><strong>cst</strong></span> <span class='ocrx_word' id='word_1_760' title='bbox 1323 5114 1391 5170; x_wconf 90' lang='lat' dir='ltr'><strong>de</strong></span> <span class='ocrx_word' id='word_1_761' title='bbox 1430 5115 1540 5171; x_wconf 88' lang='lat' dir='ltr'><strong>vita</strong></span> <span class='ocrx_word' id='word_1_762' title='bbox 1580 5116 1635 5172; x_wconf 92' lang='lat' dir='ltr'><strong>in</strong></span> <span class='ocrx_word' id='word_1_763' title='bbox 1659 5119 1862 5184; x_wconf 79' lang='lat' dir='ltr'><strong>vitam,</strong></span> 
     </span>
    </p>
   </div>
   <div class='ocr_carea' id='block_1_97' title="bbox 287 5203 1132 5274">
    <p class='ocr_par' dir='ltr' id='par_1_97' title="bbox 287 5203 1132 5274">
     <span class='ocr_line' id='line_1_97' title="bbox 287 5203 1132 5274; baseline -0.005 -12"><span class='ocrx_word' id='word_1_764' title='bbox 287 5204 510 5262; x_wconf 79' lang='lat' dir='ltr'><strong>refectae</strong></span> <span class='ocrx_word' id='word_1_765' title='bbox 537 5203 740 5274; x_wconf 73' lang='lat' dir='ltr'><strong>iugiter</strong></span> <span class='ocrx_word' id='word_1_766' title='bbox 768 5204 1132 5260; x_wconf 85' lang='lat' dir='ltr'><strong>invalescunt.</strong></span> 
     </span>
    </p>
   </div>
   <div class='ocr_carea' id='block_1_98' title="bbox 360 5295 1865 5368">
    <p class='ocr_par' dir='ltr' id='par_1_98' title="bbox 360 5295 1865 5368">
     <span class='ocr_line' id='line_1_98' title="bbox 360 5295 1865 5368; baseline 0.002 -17"><span class='ocrx_word' id='word_1_767' title='bbox 360 5295 551 5351; x_wconf 88' lang='lat' dir='ltr'><strong>Potest</strong></span> <span class='ocrx_word' id='word_1_768' title='bbox 579 5295 757 5351; x_wconf 87' lang='lat' dir='ltr'><strong>adhuc</strong></span> <span class='ocrx_word' id='word_1_769' title='bbox 780 5303 836 5350; x_wconf 91' lang='lat' dir='ltr'><strong>et</strong></span> <span class='ocrx_word' id='word_1_770' title='bbox 864 5297 966 5350; x_wconf 94' lang='lat' dir='ltr'><strong>hoc</strong></span> <span class='ocrx_word' id='word_1_771' title='bbox 1003 5296 1167 5352; x_wconf 89' lang='lat' dir='ltr'><strong>modo</strong></span> <span class='ocrx_word' id='word_1_772' title='bbox 1193 5296 1365 5368; x_wconf 86' lang='lat' dir='ltr'><strong>accipi</strong></span> <span class='ocrx_word' id='word_1_773' title='bbox 1395 5298 1540 5368; x_wconf 91' lang='lat' dir='ltr'><strong>quod</strong></span> <span class='ocrx_word' id='word_1_774' title='bbox 1573 5299 1649 5354; x_wconf 86' lang='lat' dir='ltr'><strong>ait</strong></span> <span class='ocrx_word' id='word_1_775' title='bbox 1688 5317 1702 5354; x_wconf 90' lang='lat'><strong>:</strong></span> <span class='ocrx_word' id='word_1_776' title='bbox 1751 5299 1865 5354; x_wconf 88' lang='lat' dir='ltr'><strong>Un-</strong></span> 
     </span>
    </p>
   </div>
   <div class='ocr_carea' id='block_1_99' title="bbox 287 5389 1866 5464">
    <p class='ocr_par' dir='ltr' id='par_1_99' title="bbox 287 5389 1866 5464">
     <span class='ocr_line' id='line_1_99' title="bbox 287 5389 1866 5464; baseline 0.002 -22"><span class='ocrx_word' id='word_1_777' title='bbox 287 5395 539 5464; x_wconf 81' lang='lat' dir='ltr'><strong>guentum</strong></span> <span class='ocrx_word' id='word_1_778' title='bbox 583 5389 913 5443; x_wconf 68' lang='lat' dir='ltr'><strong>exinanitum</strong></span> <span class='ocrx_word' id='word_1_779' title='bbox 963 5405 1152 5443; x_wconf 84' lang='lat' dir='ltr'><strong>nomen</strong></span> <span class='ocrx_word' id='word_1_780' title='bbox 1185 5399 1355 5443; x_wconf 87' lang='lat' dir='ltr'><strong>tuum.</strong></span> <span class='ocrx_word' id='word_1_781' title='bbox 1400 5389 1692 5458; x_wconf 82' lang='lat' dir='ltr'><strong>Propterea</strong></span> <span class='ocrx_word' id='word_1_782' title='bbox 1731 5393 1866 5446; x_wconf 87' lang='lat' dir='ltr'><strong>ado-</strong></span> 
     </span>
    </p>
   </div>
   <div class='ocr_carea' id='block_1_100' title="bbox 289 5480 1864 5555">
    <p class='ocr_par' dir='ltr' id='par_1_100' title="bbox 289 5480 1864 5555">
     <span class='ocr_line' id='line_1_100' title="bbox 289 5480 1864 5555; baseline -0.003 -15"><span class='ocrx_word' id='word_1_783' title='bbox 289 5480 593 5544; x_wconf 66' lang='lat' dir='ltr'><strong>lescentulis</strong></span> <span class='ocrx_word' id='word_1_784' title='bbox 615 5481 914 5538; x_wconf 70' lang='lat' dir='ltr'><strong>dilexerunt</strong></span> <span class='ocrx_word' id='word_1_785' title='bbox 950 5493 1019 5537; x_wconf 88' lang='lat' dir='ltr'><strong>te.</strong></span> <span class='ocrx_word' id='word_1_786' title='bbox 1047 5480 1372 5555; x_wconf 81' lang='lat' dir='ltr'><strong>Umgenitus</strong></span> <span class='ocrx_word' id='word_1_787' title='bbox 1401 5481 1495 5538; x_wconf 88' lang='lat' dir='ltr'><strong>Dei</strong></span> <span class='ocrx_word' id='word_1_788' title='bbox 1522 5482 1716 5548; x_wconf 85' lang='lat' dir='ltr'><strong>Filius,</strong></span> <span class='ocrx_word' id='word_1_789' title='bbox 1743 5499 1864 5537; x_wconf 84' lang='lat' dir='ltr'><strong>cum</strong></span> 
     </span>
    </p>
   </div>
   <div class='ocr_carea' id='block_1_101' title="bbox 291 5666 813 5752">
    <p class='ocr_par' dir='ltr' id='par_1_101' title="bbox 291 5666 813 5752">
     <span class='ocr_line' id='line_1_101' title="bbox 291 5666 813 5752; baseline 0.011 -14"><span class='ocrx_word' id='word_1_790' title='bbox 291 5666 294 5670; x_wconf 48' lang='grc'><em>’</em></span> <span class='ocrx_word' id='word_1_791' title='bbox 371 5689 419 5724; x_wconf 77' lang='grc'><strong>³⁸</strong></span> <span class='ocrx_word' id='word_1_792' title='bbox 441 5685 592 5743; x_wconf 79' lang='lat' dir='ltr'><strong>Psal.</strong></span> <span class='ocrx_word' id='word_1_793' title='bbox 617 5703 730 5752; x_wconf 77' lang='lat' dir='ltr'><strong>xIx,</strong></span> <span class='ocrx_word' id='word_1_794' title='bbox 759 5691 813 5744; x_wconf 87' lang='lat'><strong>8.</strong></span> 
     </span>
    </p>
   </div>
   <div class='ocr_carea' id='block_1_102' title="bbox 300 5759 531 5832">
    <p class='ocr_par' dir='ltr' id='par_1_102' title="bbox 300 5759 531 5832">
     <span class='ocr_line' id='line_1_102' title="bbox 300 5759 531 5832; baseline -0.026 -12"><span class='ocrx_word' id='word_1_795' title='bbox 300 5779 366 5832; x_wconf 84' lang='grc' dir='ltr'>ιι,</span> <span class='ocrx_word' id='word_1_796' title='bbox 391 5759 447 5824; x_wconf 75' lang='lat'><strong>6,</strong></span> <span class='ocrx_word' id='word_1_797' title='bbox 479 5759 531 5814; x_wconf 84' lang='lat'><strong>7.</strong></span> 
     </span>
    </p>
   </div>
   <div class='ocr_carea' id='block_1_103' title="bbox 893 5687 1395 5754">
    <p class='ocr_par' dir='ltr' id='par_1_103' title="bbox 893 5687 1395 5754">
     <span class='ocr_line' id='line_1_103' title="bbox 893 5687 1395 5754; baseline -0.004 -12"><span class='ocrx_word' id='word_1_798' title='bbox 893 5690 938 5722; x_wconf 75' lang='grc'><strong>³³</strong></span> <span class='ocrx_word' id='word_1_799' title='bbox 961 5688 1154 5745; x_wconf 77' lang='lat' dir='ltr'><strong>Matth.</strong></span> <span class='ocrx_word' id='word_1_800' title='bbox 1191 5705 1315 5754; x_wconf 79' lang='lat' dir='ltr'><strong>xm,</strong></span> <span class='ocrx_word' id='word_1_801' title='bbox 1345 5687 1395 5743; x_wconf 91' lang='lat'><strong>9.</strong></span> 
     </span>
    </p>
   </div>
   <div class='ocr_carea' id='block_1_104' title="bbox 607 5758 1756 5828">
    <p class='ocr_par' dir='ltr' id='par_1_104' title="bbox 607 5758 1756 5828">
     <span class='ocr_line' id='line_1_104' title="bbox 607 5758 1756 5828; baseline -0.001 -13"><span class='ocrx_word' id='word_1_802' title='bbox 607 5759 647 5791; x_wconf 86' lang='grc'><strong>³¹</strong></span> <span class='ocrx_word' id='word_1_803' title='bbox 676 5758 833 5815; x_wconf 80' lang='lat' dir='ltr'><strong>Joan.</strong></span> <span class='ocrx_word' id='word_1_804' title='bbox 879 5775 918 5825; x_wconf 88' lang='grc' dir='ltr'>ι,</span> <span class='ocrx_word' id='word_1_805' title='bbox 951 5760 1035 5814; x_wconf 76' lang='grc'><strong>16.</strong></span> <span class='ocrx_word' id='word_1_806' title='bbox 1114 5761 1158 5790; x_wconf 80' lang='grc'><strong>³⁸</strong></span> <span class='ocrx_word' id='word_1_807' title='bbox 1188 5761 1205 5811; x_wconf 90' lang='lat' dir='ltr'><strong>l</strong></span> <span class='ocrx_word' id='word_1_808' title='bbox 1237 5760 1365 5814; x_wconf 91' lang='lat' dir='ltr'><strong>Cor.</strong></span> <span class='ocrx_word' id='word_1_809' title='bbox 1399 5759 1555 5826; x_wconf 76' lang='lat'><strong>&quot;,16,</strong></span> <span class='ocrx_word' id='word_1_810' title='bbox 1589 5762 1675 5828; x_wconf 69' lang='lat' dir='ltr'><strong>ts,</strong></span> <span class='ocrx_word' id='word_1_811' title='bbox 1704 5761 1756 5814; x_wconf 87' lang='lat'><strong>9.</strong></span> 
     </span>
    </p>
   </div>
   <div class='ocr_carea' id='block_1_105' title="bbox 1499 5689 2334 5826">
    <p class='ocr_par' dir='ltr' id='par_1_105' title="bbox 1499 5689 2334 5826">
     <span class='ocr_line' id='line_1_105' title="bbox 1499 5689 2329 5756; baseline 0 -14"><span class='ocrx_word' id='word_1_812' title='bbox 1499 5689 1542 5720; x_wconf 79' lang='grc'><strong>’⁷</strong></span> <span class='ocrx_word' id='word_1_813' title='bbox 1575 5689 1614 5742; x_wconf 96' lang='grc' dir='ltr'><strong>ΙΙ</strong></span> <span class='ocrx_word' id='word_1_814' title='bbox 1655 5689 1764 5744; x_wconf 89' lang='lat' dir='ltr'><strong>Cor</strong></span> <span class='ocrx_word' id='word_1_815' title='bbox 1807 5707 1868 5756; x_wconf 86' lang='lat' dir='ltr'><strong>ll,</strong></span> <span class='ocrx_word' id='word_1_816' title='bbox 1901 5693 1987 5747; x_wconf 75' lang='lat'><strong>15.</strong></span> <span class='ocrx_word' id='word_1_817' title='bbox 2097 5691 2142 5723; x_wconf 75' lang='grc'><strong>³⁸</strong></span> <span class='ocrx_word' id='word_1_818' title='bbox 2182 5689 2329 5742; x_wconf 87' lang='lat' dir='ltr'><strong>Psal.</strong></span> 
     </span>
     <span class='ocr_line' id='line_1_106' title="bbox 1501 5759 2334 5826; baseline -0.004 -13"><span class='ocrx_word' id='word_1_819' title='bbox 1501 5759 1555 5824; x_wconf 86' lang='lat'><strong>6,</strong></span> <span class='ocrx_word' id='word_1_820' title='bbox 1589 5762 1675 5826; x_wconf 69' lang='lat' dir='ltr'><strong>ts,</strong></span> <span class='ocrx_word' id='word_1_821' title='bbox 1704 5761 1756 5814; x_wconf 87' lang='lat'><strong>9.</strong></span> <span class='ocrx_word' id='word_1_822' title='bbox 1839 5763 1905 5793; x_wconf 79' lang='grc'><strong>³²⁹</strong></span> <span class='ocrx_word' id='word_1_823' title='bbox 1942 5763 2154 5817; x_wconf 84' lang='lat' dir='ltr'><strong>Coloss.</strong></span> <span class='ocrx_word' id='word_1_824' title='bbox 2194 5775 2254 5826; x_wconf 84' lang='grc' dir='ltr'>ιι,</span> <span class='ocrx_word' id='word_1_825' title='bbox 2281 5760 2334 5811; x_wconf 81' lang='lat'><strong>5.</strong></span> 
     </span>
    </p>
   </div>
   <div class='ocr_carea' id='block_1_106' title="bbox 1925 4564 3545 4644">
    <p class='ocr_par' dir='ltr' id='par_1_106' title="bbox 1925 4564 3545 4644">
     <span class='ocr_line' id='line_1_107' title="bbox 1925 4564 3545 4644; baseline -0.009 -16"><span class='ocrx_word' id='word_1_826' title='bbox 1925 4640 1930 4644; x_wconf 28' lang='lat'><strong><em>.</em></strong></span> <span class='ocrx_word' id='word_1_827' title='bbox 1971 4573 2183 4628; x_wconf 78' lang='lat' dir='ltr'><strong>dicebat</strong></span> <span class='ocrx_word' id='word_1_828' title='bbox 2227 4588 2241 4624; x_wconf 86' lang='lat'><strong>:</strong></span> <span class='ocrx_word' id='word_1_829' title='bbox 2283 4568 2396 4623; x_wconf 89' lang='lat' dir='ltr'><strong>Nos</strong></span> <span class='ocrx_word' id='word_1_830' title='bbox 2429 4577 2605 4620; x_wconf 85' lang='lat' dir='ltr'><strong>autem</strong></span> <span class='ocrx_word' id='word_1_831' title='bbox 2655 4583 2863 4620; x_wconf 83' lang='lat' dir='ltr'><strong>sensum</strong></span> <span class='ocrx_word' id='word_1_832' title='bbox 2913 4564 3112 4618; x_wconf 82' lang='lat' dir='ltr'><strong>Christi</strong></span> <span class='ocrx_word' id='word_1_833' title='bbox 3159 4564 3445 4628; x_wconf 81' lang='lat' dir='ltr'><strong>habemus,</strong></span> <span class='ocrx_word' id='word_1_834' title='bbox 3488 4574 3545 4616; x_wconf 86' lang='lat' dir='ltr'><strong>ut</strong></span> 
     </span>
    </p>
   </div>
   <div class='ocr_carea' id='block_1_107' title="bbox 1971 4656 3548 4732">
    <p class='ocr_par' dir='ltr' id='par_1_107' title="bbox 1971 4656 3548 4732">
     <span class='ocr_line' id='line_1_108' title="bbox 1971 4656 3548 4732; baseline -0.004 -15"><span class='ocrx_word' id='word_1_835' title='bbox 1971 4664 2200 4717; x_wconf 84' lang='lat' dir='ltr'><strong>sciamus</strong></span> <span class='ocrx_word' id='word_1_836' title='bbox 2228 4677 2348 4732; x_wconf 73' lang='lat' dir='ltr'><strong>qua:</strong></span> <span class='ocrx_word' id='word_1_837' title='bbox 2377 4677 2410 4713; x_wconf 89' lang='lat' dir='ltr'><strong>a</strong></span> <span class='ocrx_word' id='word_1_838' title='bbox 2442 4658 2547 4713; x_wconf 88' lang='lat' dir='ltr'><strong>Deo</strong></span> <span class='ocrx_word' id='word_1_839' title='bbox 2573 4659 2774 4712; x_wconf 87' lang='lat' dir='ltr'><strong>donata</strong></span> <span class='ocrx_word' id='word_1_840' title='bbox 2796 4667 2916 4710; x_wconf 86' lang='lat' dir='ltr'><strong>sunt</strong></span> <span class='ocrx_word' id='word_1_841' title='bbox 2949 4659 3118 4711; x_wconf 81' lang='lat' dir='ltr'><strong>nobis.</strong></span> <span class='ocrx_word' id='word_1_842' title='bbox 3149 4656 3274 4712; x_wconf 71' lang='lat' dir='ltr'><strong>[an</strong></span> <span class='ocrx_word' id='word_1_843' title='bbox 3300 4657 3389 4710; x_wconf 91' lang='lat' dir='ltr'><strong>illa</strong></span> <span class='ocrx_word' id='word_1_844' title='bbox 3419 4667 3548 4710; x_wconf 87' lang='lat' dir='ltr'><strong>sunt</strong></span> 
     </span>
    </p>
   </div>
   <div class='ocr_carea' id='block_1_108' title="bbox 1969 4749 3547 4824">
    <p class='ocr_par' dir='ltr' id='par_1_108' title="bbox 1969 4749 3547 4824">
     <span class='ocr_line' id='line_1_109' title="bbox 1969 4749 3547 4824; baseline -0.006 -16"><span class='ocrx_word' id='word_1_845' title='bbox 1969 4769 2091 4824; x_wconf 67' lang='lat' dir='ltr'><strong>quae</strong></span> <span class='ocrx_word' id='word_1_846' title='bbox 2134 4751 2317 4806; x_wconf 84' lang='lat' dir='ltr'><strong>oculus</strong></span> <span class='ocrx_word' id='word_1_847' title='bbox 2349 4767 2448 4804; x_wconf 89' lang='lat' dir='ltr'><strong>non</strong></span> <span class='ocrx_word' id='word_1_848' title='bbox 2482 4751 2631 4816; x_wconf 81' lang='lat' dir='ltr'><strong>vidit,</strong></span> <span class='ocrx_word' id='word_1_849' title='bbox 2662 4766 2755 4803; x_wconf 83' lang='lat' dir='ltr'><strong>nec</strong></span> <span class='ocrx_word' id='word_1_850' title='bbox 2781 4750 2928 4802; x_wconf 86' lang='lat' dir='ltr'><strong>auris</strong></span> <span class='ocrx_word' id='word_1_851' title='bbox 2964 4751 3189 4815; x_wconf 73' lang='lat' dir='ltr'><strong>audivit,</strong></span> <span class='ocrx_word' id='word_1_852' title='bbox 3233 4764 3324 4801; x_wconf 85' lang='lat' dir='ltr'><strong>nec</strong></span> <span class='ocrx_word' id='word_1_853' title='bbox 3365 4749 3418 4799; x_wconf 91' lang='lat' dir='ltr'><strong>in</strong></span> <span class='ocrx_word' id='word_1_854' title='bbox 3456 4764 3547 4800; x_wconf 90' lang='lat' dir='ltr'><strong>cor</strong></span> 
     </span>
    </p>
   </div>
   <div class='ocr_carea' id='block_1_109' title="bbox 1968 4837 3549 4911">
    <p class='ocr_par' dir='ltr' id='par_1_109' title="bbox 1968 4837 3549 4911">
     <span class='ocr_line' id='line_1_110' title="bbox 1968 4837 3549 4911; baseline -0.007 -11"><span class='ocrx_word' id='word_1_855' title='bbox 1968 4846 2194 4901; x_wconf 86' lang='lat' dir='ltr'><strong>hominis</strong></span> <span class='ocrx_word' id='word_1_856' title='bbox 2221 4843 2587 4907; x_wconf 87' lang='lat' dir='ltr'><strong>ascenderunt,</strong></span> <span class='ocrx_word' id='word_1_857' title='bbox 2626 4857 2742 4911; x_wconf 75' lang='lat' dir='ltr'><strong>qua:</strong></span> <span class='ocrx_word' id='word_1_858' title='bbox 2769 4841 3086 4910; x_wconf 76' lang='lat' dir='ltr'><strong>prwparavit</strong></span> <span class='ocrx_word' id='word_1_859' title='bbox 3146 4837 3285 4892; x_wconf 82' lang='lat' dir='ltr'><strong>Deus</strong></span> <span class='ocrx_word' id='word_1_860' title='bbox 3335 4837 3415 4890; x_wconf 83' lang='lat' dir='ltr'><strong>his</strong></span> <span class='ocrx_word' id='word_1_861' title='bbox 3456 4838 3549 4906; x_wconf 87' lang='lat' dir='ltr'><strong>qui</strong></span> 
     </span>
    </p>
   </div>
   <div class='ocr_carea' id='block_1_110' title="bbox 1973 4929 3543 5007">
    <p class='ocr_par' dir='ltr' id='par_1_110' title="bbox 1973 4929 3543 5007">
     <span class='ocr_line' id='line_1_111' title="bbox 1973 4929 3543 5007; baseline -0.004 -16"><span class='ocrx_word' id='word_1_862' title='bbox 1973 4938 2202 5007; x_wconf 83' lang='lat' dir='ltr'><strong>diligunt</strong></span> <span class='ocrx_word' id='word_1_863' title='bbox 2255 4952 2372 4989; x_wconf 89' lang='lat' dir='ltr'><strong>eum</strong></span> <span class='ocrx_word' id='word_1_864' title='bbox 2401 4935 2465 4987; x_wconf 79' lang='lat'><strong>&quot;.</strong></span> <span class='ocrx_word' id='word_1_865' title='bbox 2522 4932 2656 4988; x_wconf 91' lang='lat' dir='ltr'><strong>Cum</strong></span> <span class='ocrx_word' id='word_1_866' title='bbox 2708 4933 2872 5001; x_wconf 81' lang='lat' dir='ltr'><strong>igitur</strong></span> <span class='ocrx_word' id='word_1_867' title='bbox 2925 4931 3179 4985; x_wconf 85' lang='lat' dir='ltr'><strong>Christus</strong></span> <span class='ocrx_word' id='word_1_868' title='bbox 3225 4929 3543 4985; x_wconf 76' lang='lat' dir='ltr'><strong>auiniamiu</strong></span> 
     </span>
    </p>
   </div>
   <div class='ocr_carea' id='block_1_111' title="bbox 1975 5021 3546 5097">
    <p class='ocr_par' dir='ltr' id='par_1_111' title="bbox 1975 5021 3546 5097">
     <span class='ocr_line' id='line_1_112' title="bbox 1975 5021 3546 5097; baseline -0.007 -14"><span class='ocrx_word' id='word_1_869' title='bbox 1975 5027 2387 5097; x_wconf 77' lang='lat' dir='ltr'><strong>intelligentiam</strong></span> <span class='ocrx_word' id='word_1_870' title='bbox 2437 5024 2522 5079; x_wconf 91' lang='lat' dir='ltr'><strong>sui</strong></span> <span class='ocrx_word' id='word_1_871' title='bbox 2575 5038 2772 5078; x_wconf 88' lang='lat' dir='ltr'><strong>sensus</strong></span> <span class='ocrx_word' id='word_1_872' title='bbox 2832 5022 3073 5087; x_wconf 88' lang='lat' dir='ltr'><strong>inducit,</strong></span> <span class='ocrx_word' id='word_1_873' title='bbox 3132 5021 3186 5075; x_wconf 93' lang='lat' dir='ltr'><strong>in</strong></span> <span class='ocrx_word' id='word_1_874' title='bbox 3233 5021 3546 5074; x_wconf 86' lang='lat' dir='ltr'><strong>cubiculum</strong></span> 
     </span>
    </p>
   </div>
   <div class='ocr_carea' id='block_1_112' title="bbox 1974 5111 3550 5188">
    <p class='ocr_par' dir='ltr' id='par_1_112' title="bbox 1974 5111 3550 5188">
     <span class='ocr_line' id='line_1_113' title="bbox 1974 5111 3550 5188; baseline -0.004 -16"><span class='ocrx_word' id='word_1_875' title='bbox 1974 5118 2119 5188; x_wconf 84' lang='lat' dir='ltr'><strong>regis</strong></span> <span class='ocrx_word' id='word_1_876' title='bbox 2179 5115 2486 5170; x_wconf 88' lang='lat' dir='ltr'><strong>introducta</strong></span> <span class='ocrx_word' id='word_1_877' title='bbox 2542 5113 2782 5179; x_wconf 90' lang='lat' dir='ltr'><strong>dicitur,</strong></span> <span class='ocrx_word' id='word_1_878' title='bbox 2849 5113 2904 5164; x_wconf 91' lang='lat' dir='ltr'><strong>in</strong></span> <span class='ocrx_word' id='word_1_879' title='bbox 2960 5126 3062 5181; x_wconf 82' lang='lat' dir='ltr'><strong>quo</strong></span> <span class='ocrx_word' id='word_1_880' title='bbox 3129 5119 3254 5164; x_wconf 78' lang='lat' dir='ltr'><strong>sunt</strong></span> <span class='ocrx_word' id='word_1_881' title='bbox 3318 5111 3550 5166; x_wconf 82' lang='lat' dir='ltr'><strong>thesauri</strong></span> 
     </span>
    </p>
   </div>
   <div class='ocr_carea' id='block_1_113' title="bbox 1974 5201 3548 5280">
    <p class='ocr_par' dir='ltr' id='par_1_113' title="bbox 1974 5201 3548 5280">
     <span class='ocr_line' id='line_1_114' title="bbox 1974 5201 3548 5280; baseline -0.007 -16"><span class='ocrx_word' id='word_1_882' title='bbox 1974 5211 2249 5280; x_wconf 73' lang='lat' dir='ltr'><strong>sapientiae</strong></span> <span class='ocrx_word' id='word_1_883' title='bbox 2304 5223 2366 5259; x_wconf 89' lang='lat' dir='ltr'><strong>ac</strong></span> <span class='ocrx_word' id='word_1_884' title='bbox 2412 5205 2646 5260; x_wconf 73' lang='lat' dir='ltr'><strong>scientia:</strong></span> <span class='ocrx_word' id='word_1_885' title='bbox 2708 5205 2826 5274; x_wconf 84' lang='lat' dir='ltr'><strong>ejus</strong></span> <span class='ocrx_word' id='word_1_886' title='bbox 2878 5203 3270 5259; x_wconf 77' lang='lat' dir='ltr'><strong>absconditi&quot;&#39;.</strong></span> <span class='ocrx_word' id='word_1_887' title='bbox 3339 5201 3548 5255; x_wconf 86' lang='lat' dir='ltr'><strong>Nonni-</strong></span> 
     </span>
    </p>
   </div>
   <div class='ocr_carea' id='block_1_114' title="bbox 1976 5291 3548 5364">
    <p class='ocr_par' dir='ltr' id='par_1_114' title="bbox 1976 5291 3548 5364">
     <span class='ocr_line' id='line_1_115' title="bbox 1976 5291 3548 5364; baseline -0.006 -11"><span class='ocrx_word' id='word_1_888' title='bbox 1976 5300 2049 5353; x_wconf 92' lang='lat' dir='ltr'><strong>hil</strong></span> <span class='ocrx_word' id='word_1_889' title='bbox 2091 5306 2271 5352; x_wconf 89' lang='lat' dir='ltr'><strong>autem</strong></span> <span class='ocrx_word' id='word_1_890' title='bbox 2305 5310 2536 5350; x_wconf 89' lang='lat' dir='ltr'><strong>vacuum</strong></span> <span class='ocrx_word' id='word_1_891' title='bbox 2582 5295 2798 5349; x_wconf 88' lang='lat' dir='ltr'><strong>videtur</strong></span> <span class='ocrx_word' id='word_1_892' title='bbox 2846 5293 2992 5364; x_wconf 91' lang='lat' dir='ltr'><strong>quod</strong></span> <span class='ocrx_word' id='word_1_893' title='bbox 3020 5309 3146 5348; x_wconf 89' lang='lat' dir='ltr'><strong>cum</strong></span> <span class='ocrx_word' id='word_1_894' title='bbox 3177 5293 3440 5363; x_wconf 84' lang='lat' dir='ltr'><strong>potuisset</strong></span> <span class='ocrx_word' id='word_1_895' title='bbox 3469 5291 3548 5344; x_wconf 80' lang='lat' dir='ltr'><strong>di-</strong></span> 
     </span>
    </p>
   </div>
   <div class='ocr_carea' id='block_1_115' title="bbox 1973 5380 3550 5453">
    <p class='ocr_par' dir='ltr' id='par_1_115' title="bbox 1973 5380 3550 5453">
     <span class='ocr_line' id='line_1_116' title="bbox 1973 5380 3550 5453; baseline -0.006 -7"><span class='ocrx_word' id='word_1_896' title='bbox 1973 5406 2095 5446; x_wconf 89' lang='lat' dir='ltr'><strong>cere</strong></span> <span class='ocrx_word' id='word_1_897' title='bbox 2144 5407 2156 5442; x_wconf 89' lang='lat'><strong>:</strong></span> <span class='ocrx_word' id='word_1_898' title='bbox 2193 5385 2498 5440; x_wconf 73' lang='lat' dir='ltr'><strong>Introduxit</strong></span> <span class='ocrx_word' id='word_1_899' title='bbox 2530 5399 2614 5438; x_wconf 88' lang='lat' dir='ltr'><strong>me</strong></span> <span class='ocrx_word' id='word_1_900' title='bbox 2643 5399 2878 5453; x_wconf 87' lang='lat' dir='ltr'><strong>sponsus</strong></span> <span class='ocrx_word' id='word_1_901' title='bbox 2919 5397 3095 5449; x_wconf 89' lang='lat' dir='ltr'><strong>meus,</strong></span> <span class='ocrx_word' id='word_1_902' title='bbox 3143 5391 3238 5436; x_wconf 88' lang='lat' dir='ltr'><strong>aut</strong></span> <span class='ocrx_word' id='word_1_903' title='bbox 3271 5380 3550 5437; x_wconf 74' lang='lat' dir='ltr'><strong>fraternus</strong></span> 
     </span>
    </p>
   </div>
   <div class='ocr_carea' id='block_1_116' title="bbox 1976 5474 3548 5548">
    <p class='ocr_par' dir='ltr' id='par_1_116' title="bbox 1976 5474 3548 5548">
     <span class='ocr_line' id='line_1_117' title="bbox 1976 5474 3548 5548; baseline -0.005 -10"><span class='ocrx_word' id='word_1_904' title='bbox 1976 5498 2150 5547; x_wconf 89' lang='lat' dir='ltr'><strong>meus,</strong></span> <span class='ocrx_word' id='word_1_905' title='bbox 2187 5487 2281 5534; x_wconf 91' lang='lat' dir='ltr'><strong>aut</strong></span> <span class='ocrx_word' id='word_1_906' title='bbox 2303 5477 2504 5548; x_wconf 88' lang='lat' dir='ltr'><strong>aliquid</strong></span> <span class='ocrx_word' id='word_1_907' title='bbox 2531 5477 2863 5546; x_wconf 84' lang='lat' dir='ltr'><strong>hujusmodi,</strong></span> <span class='ocrx_word' id='word_1_908' title='bbox 2894 5487 2951 5530; x_wconf 90' lang='lat' dir='ltr'><strong>ut</strong></span> <span class='ocrx_word' id='word_1_909' title='bbox 2972 5475 3022 5530; x_wconf 90' lang='lat' dir='ltr'><strong>ei</strong></span> <span class='ocrx_word' id='word_1_910' title='bbox 3053 5474 3224 5528; x_wconf 86' lang='lat' dir='ltr'><strong>moris</strong></span> <span class='ocrx_word' id='word_1_911' title='bbox 3251 5483 3374 5539; x_wconf 84' lang='lat' dir='ltr'><strong>est;</strong></span> <span class='ocrx_word' id='word_1_912' title='bbox 3402 5489 3548 5530; x_wconf 83' lang='lat' dir='ltr'><strong>nunc</strong></span> 
     </span>
    </p>
   </div>
   <div class='ocr_carea' id='block_1_117' title="bbox 2097 5677 3558 5753">
    <p class='ocr_par' dir='ltr' id='par_1_117' title="bbox 2097 5677 3558 5753">
     <span class='ocr_line' id='line_1_118' title="bbox 2097 5677 3558 5753; baseline -0.003 -10"><span class='ocrx_word' id='word_1_913' title='bbox 2097 5691 2142 5723; x_wconf 74' lang='grc'><strong>’⁸</strong></span> <span class='ocrx_word' id='word_1_914' title='bbox 2182 5687 2329 5742; x_wconf 89' lang='lat' dir='ltr'><strong>Psal.</strong></span> <span class='ocrx_word' id='word_1_915' title='bbox 2373 5703 2558 5751; x_wconf 73' lang='lat' dir='ltr'><strong>xxxrv,</strong></span> <span class='ocrx_word' id='word_1_916' title='bbox 2591 5685 2646 5741; x_wconf 92' lang='lat'><strong>8.</strong></span> <span class='ocrx_word' id='word_1_917' title='bbox 2745 5684 2790 5716; x_wconf 83' lang='grc'><strong><em>²⁹</em></strong></span> <span class='ocrx_word' id='word_1_918' title='bbox 2819 5685 2836 5736; x_wconf 92' lang='grc' dir='ltr'><strong>Ι</strong></span> <span class='ocrx_word' id='word_1_919' title='bbox 2866 5681 3024 5737; x_wconf 83' lang='lat' dir='ltr'><strong>Joan.</strong></span> <span class='ocrx_word' id='word_1_920' title='bbox 3057 5697 3097 5750; x_wconf 88' lang='lat' dir='ltr'><strong>I,</strong></span> <span class='ocrx_word' id='word_1_921' title='bbox 3136 5683 3190 5738; x_wconf 74' lang='lat' dir='ltr'><strong>i.</strong></span> <span class='ocrx_word' id='word_1_922' title='bbox 3263 5677 3558 5753; x_wconf 69' lang='lat' dir='ltr'><strong>&quot;Philipp.</strong></span> 
     </span>
    </p>
   </div>
  </div>
