4134 6440
536 352 605 399 μυ
1633 342 1962 399 ORIGENIS
2011 341 2078 397 IN
2118 341 2475 398 CANTICUM
2513 342 2791 401 CANTIC.

536 465 665 534 quia
705 464 1018 521 cubiculum
1051 465 1264 522 dictura
1299 475 1438 531 erat,
1494 466 1637 536 regis
1666 466 1866 521 dixerit
1892 466 2121 519 cubicu-
2150 477 2192 530 Α
2222 466 2549 535 optantium,
2598 474 2653 520 et
2696 466 2997 535 petentium
3028 481 3060 521 a
3092 481 3317 537 sponso,
3347 474 3406 521 ut
3438 468 3799 538 quemadmo-

539 557 673 619 lum,
702 566 757 611 et
798 572 906 612 non
953 559 1100 613 aliud
1139 574 1334 613 nomen
1385 559 1651 628 posuerit,
1701 559 1753 611 in
1791 575 1901 628 quo
1936 567 2122 628 posset

542 646 792 704 fortassis
822 648 1022 718 aliquis
1048 649 1210 703 etiam
1238 649 1531 705 mediocris
1564 650 1812 719 intelligi.
1859 648 1964 704 Sed
2002 665 2126 720 pro-

542 750 723 809 pterea
754 741 992 794 arbitror
1018 741 1071 795 in
1106 741 1190 796 bis
1224 757 1406 811 regem
1454 741 1821 811 nominatum,
1851 751 1911 796 ut
1946 753 2125 797 osten-

539 830 758 883 deretur
786 845 881 899 per
912 832 1014 884 hoc
1048 846 1247 885 nomen
1280 832 1546 902 praedives
1569 833 1907 899 cubiculum,
1936 841 2125 904 utpote

538 921 772 991 regium,
804 932 859 976 et
886 922 1074 976 multis
1106 935 1271 994 atque
1300 926 1588 980 immensis
1610 927 1808 995 opibus
1835 927 2121 996 repletum.

540 1013 716 1085 Prope
751 1015 896 1069 hunc
924 1018 1156 1072 omnino
1204 1017 1339 1071 mihi
1372 1019 1588 1073 videtur
1622 1018 1789 1074 fuisse
1818 1027 1873 1073 et
1901 1018 1989 1073 ille
2029 1019 2123 1090 qui

538 1106 675 1161 dixit
705 1118 919 1177 raptum
969 1125 1028 1163 se
1056 1125 1178 1165 esse
1219 1125 1393 1179 usque
1426 1110 1492 1163 ad
1528 1111 1745 1164 tertium
1790 1110 1990 1164 ccelum
2013 1151 2030 1177 ,
2070 1121 2125 1165 et

538 1199 663 1253 inde
690 1200 745 1253 in
778 1200 1117 1271 paradisum,
1146 1209 1199 1255 et
1230 1201 1451 1255 audisse
1485 1199 1648 1254 verba
1677 1200 1972 1255 ineﬂ‘abilia
2002 1217 2125 1269 quae

538 1300 646 1337 non
676 1285 803 1339 licet
827 1286 1035 1341 homini
1062 1288 1214 1357 loqui
1240 1288 1305 1343 ³³.
1335 1287 1474 1354 Quid
1512 1291 1659 1343 enim
1688 1302 1846 1359 putas
1872 1306 1996 1345 esse
2030 1291 2121 1345 illa

538 1377 703 1431 verba
728 1378 1109 1448 quaeaudivit?
1139 1379 1374 1437 Nonnea
1402 1398 1522 1452 rege
1538 1382 1772 1437 audivit?
1803 1381 1866 1436 Et
1890 1383 1943 1437 in
1967 1383 2123 1438 cubi-

539 1470 695 1532 culo,
726 1477 781 1523 et
808 1485 971 1540 prope
997 1471 1310 1526 cubiculum
1335 1474 1544 1544 positus
1568 1473 1895 1529 audivit?Et
1918 1491 2075 1531 erant
2103 1518 2119 1544 ,

540 1558 729 1624 credo,
774 1559 863 1613 illa
899 1561 1061 1615 verba
1100 1561 1226 1616 talia
1263 1563 1535 1631 quiedam,
1592 1578 1717 1634 qua:
1769 1564 2124 1619 hortarentur

540 1665 666 1702 eum
721 1650 787 1705 ad
843 1652 1105 1720 majorem
1162 1650 1507 1723 profectum,
1557 1664 1609 1708 ct
1643 1654 2020 1723 promitterent
2070 1657 2120 1713 ei

541 1742 687 1809 quod
722 1741 766 1795 si
797 1754 1169 1811 perseveraret
1199 1761 1373 1815 usque
1402 1745 1455 1799 in
1492 1747 1677 1812 linem,
1703 1756 1754 1801 ct
1789 1748 1905 1817 ipse
1938 1758 2122 1819 posset

541 1835 746 1887 intrare
785 1835 1121 1900 cubiculum,
1159 1837 1463 1891 secundum
1500 1837 1647 1893 istud
1679 1841 1826 1909 quod
1872 1856 1967 1911 per
2001 1857 2121 1912 pro-
2152 1819 2192 1874 Β

536 1930 753 1995 pbetam
781 1942 999 1996 quoque
1030 1930 1368 1998 promittitur
1396 1948 1411 1985 :
1440 1929 1586 1984 Dabo
1613 1932 1709 1985 tibi
1737 1934 2010 1989 thesauros
2029 1934 2121 1989 ob-

534 2034 739 2080 scuros,
777 2018 1034 2082 occultos,
1072 2021 1388 2075 invisibiles.
1419 2025 1668 2091 Aperiam
1698 2025 1795 2078 tibi
1830 2038 1883 2080 ut
1930 2042 2122 2097 cogno-

535 2127 654 2163 scas
698 2111 823 2180 quia
869 2128 960 2181 ego
1010 2129 1128 2165 sum
1174 2112 1432 2168 Dominus
1469 2111 1607 2169 Deus
1656 2124 1777 2169 tuus
1807 2116 1896 2188 qui
1943 2119 2122 2173 vocavi

537 2217 724 2255 nomen
771 2211 919 2256 tuum
963 2202 1136 2259 Israel
1174 2205 1239 2260 ".
1286 2205 1531 2262 Currunt
1562 2223 1693 2279 ergo
1740 2211 2121 2265 adolescentu-

539 2293 605 2349 la:
663 2305 782 2363 post
837 2297 1056 2365 ipsum,
1123 2307 1177 2352 et
1229 2298 1284 2353 in
1361 2300 1581 2355 odorem
1640 2301 1796 2371 ejus,
1862 2318 2124 2373 unaquae-

536 2401 644 2455 que
691 2396 870 2442 tamen
918 2405 1015 2458 pro
1050 2389 1279 2454 viribus,
1318 2390 1422 2444 alia
1454 2391 1672 2459 quidem
1718 2392 1978 2456 velocius,
2016 2393 2121 2448 alia

540 2477 702 2544 paulo
730 2479 959 2545 tardius,
999 2480 1103 2535 alia
1137 2482 1302 2536 etiam
1328 2480 1559 2538 inferius
1581 2483 1795 2539 czeteris
1824 2493 1881 2539 et
1904 2485 2120 2553 ultimo,

538 2568 644 2622 alia
678 2571 858 2639 primo
893 2572 1034 2627 loco.
1073 2571 1460 2630 Verumtamen
1494 2586 1728 2631 currunt
1762 2590 1990 2641 omnes,
2028 2580 2122 2632 sed

538 2675 645 2713 una
681 2670 764 2716 est
816 2661 1080 2732 perfecta,
1129 2680 1253 2735 qua:
1302 2666 1479 2723 currit
1518 2667 1598 2723 sic
1630 2679 1690 2722 ut
1725 2667 2031 2738 perveniret
2071 2676 2126 2723 et

538 2749 656 2803 sola
691 2752 965 2821 acciperet
998 2754 1258 2825 palmam.
1294 2755 1420 2810 Sola
1449 2757 1600 2811 enim
1649 2765 1738 2812 est
1775 2772 1899 2828 quae
1939 2758 2073 2813 dicit
2107 2776 2121 2813 :

542 2840 853 2897 Introduxit
897 2861 977 2898 me
1013 2862 1105 2900 rea:
1148 2847 1202 2900 in
1245 2847 1549 2902 cubiculum
1597 2865 1785 2914 suum;
1818 2866 1942 2905 eum
1972 2851 2126 2922 prius

544 2948 650 2984 non
683 2934 750 2987 de
780 2949 840 2989 se
870 2935 1009 3001 sola,
1043 2938 1135 2991 sed
1186 2938 1253 2992 de
1285 2938 1536 3008 pluribus
1565 2939 1816 3006 dixisset,
1845 2951 1963 3010 post
1999 2950 2046 2997 te
2068 2944 2123 2997 is

540 3021 749 3076 odorem
780 3035 1164 3095 unguentorum
1195 3039 1406 3083 tuorum
1435 3046 1727 3084 currentus.
1759 3030 2126 3089 lntrodueitur

541 3131 671 3184 ergo
711 3115 764 3169 in
804 3118 1119 3174 cubiculum
1158 3121 1325 3191 regis,
1358 3130 1414 3177 et
1437 3121 1670 3178 efﬁcitur
1696 3124 1902 3190 regina,
1932 3134 1985 3180 et
2009 3125 2122 3196 ipsa

542 3218 626 3261 est
655 3209 722 3263 de
753 3225 856 3279 qua
901 3210 1104 3267 dicitur
1135 3229 1148 3267 :
1195 3211 1396 3284 Regina
1425 3215 1598 3268 astitit
1629 3231 1661 3268 a
1694 3215 1896 3270 dextris
1939 3217 2043 3271 tuis
2070 3218 2125 3272 in

542 3308 728 3351 vestitu
794 3300 1086 3368 deaurato,
1152 3302 1483 3357 circumdata
1537 3305 1883 3359 varietatibus
1927 3305 1993 3360 ³⁵.
2055 3305 2129 3361 De

547 3391 629 3445 bis
704 3401 885 3446 autem
954 3394 1378 3451 adolescentulis
1428 3411 1552 3466 qua:
1606 3405 1727 3463 post
1791 3398 1965 3468 ipsam
2032 3414 2129 3453 cu-

544 3492 854 3551 eurreraut,
887 3492 943 3539 et
974 3486 1167 3554 procul
1194 3486 1262 3541 ab
1289 3502 1352 3541 ea
1387 3486 1442 3540 in
1484 3487 1617 3557 ipsis
1651 3489 1905 3543 currendi
1934 3489 2129 3559 spatiis

548 3584 946 3642 remanserant,
976 3575 1182 3632 dicitur
1207 3596 1221 3631 :
1256 3578 1603 3632 Adducentur
1626 3581 1736 3650 regi
1757 3581 1983 3649 virgines
2009 3590 2129 3652 post

508 3682 679 3731 ’eam,
715 3669 975 3737 proxima:
995 3668 1110 3739 ejus
1138 3669 1470 3724 adducentur
1504 3669 1599 3724 tibi
1626 3687 1645 3725 :
1695 3672 2043 3727 Adducentur
2073 3674 2128 3727 in

542 3758 732 3811 laatitia
791 3768 841 3813 et
906 3760 1302 3823 exsultatione,
1373 3760 1692 3816 inducentur
1747 3763 1804 3816 in
1867 3763 2122 3833 templum

548 3850 681 3919 regis
711 3848 777 3904 ³⁸.
835 3847 942 3904 Sed
995 3858 1049 3905 et
1094 3849 1227 3905 illud
1273 3850 1438 3906 etiam
1485 3851 1538 3907 in
1588 3853 1693 3908 hoc
1726 3853 2007 3909 advertere
2040 3854 2130 3909 de-

548 3942 772 4005 bemus,
803 3938 950 4010 quod
991 3941 1136 3996 sicut
1163 3956 1258 3995 rex
1290 3940 1453 3997 habet
1494 3943 1809 3999 cubiculum
1852 3944 2126 4015 quoddam

549 4035 603 4087 in
642 4034 786 4102 quod
824 4031 1067 4103 reginam
1103 4033 1218 4088 sive
1261 4049 1519 4105 sponsam
1574 4050 1730 4090 suam
1781 4036 2080 4091 introducit
2112 4056 2126 4091 :

549 4125 627 4177 ita
668 4123 826 4177 habet
858 4130 913 4177 et
959 4138 1158 4192 sponsa
1192 4140 1352 4179 suum
1387 4126 1699 4183 cubiculum
1747 4126 1799 4180 in
1828 4127 1974 4197 quod
2020 4142 2134 4181 mo-

547 4224 707 4267 netur
740 4229 833 4284 per
862 4211 1102 4268 Verbum
1137 4211 1230 4269 Dei
1268 4214 1511 4285 ingressa
1542 4215 1795 4271 claudere
1822 4215 2049 4278 ostium,
2080 4224 2134 4295 et

549 4306 627 4358 ita
658 4303 934 4361 conclusis
969 4304 1076 4360 illis
1102 4307 1359 4362 omnibus
1404 4308 1614 4362 divitiis
1656 4306 1774 4362 suis
1816 4307 1958 4361 intra
2000 4304 2132 4360 illud

547 4397 867 4452 cubiculum
902 4412 1061 4451 orare
1102 4412 1228 4452 eum
1272 4398 1366 4469 qui
1400 4399 1548 4452 videt
1576 4398 1631 4451 in
1675 4396 1998 4452 abscomlito
2024 4437 2038 4461 ,
2079 4404 2134 4451 et

2222 557 2353 611 dum
2384 572 2583 625 sponsa
2607 566 2903 612 consecuta
2928 568 3013 613 est
3037 575 3159 629 qua:
3187 559 3425 629 perfecta
3454 570 3605 622 sunt.
3627 571 3683 615 et
3702 576 3801 616 ex-

2224 647 2412 709 sultat,
2450 647 2525 699 ita
2564 646 2694 717 ipsa:
2718 647 2831 717 jam
2862 663 3023 702 suum
3061 649 3287 719 implere
3334 664 3558 704 cursum
3603 659 3657 703 et
3686 666 3802 721 per-

2224 739 2413 792 venire
2463 753 2639 808 usque
2689 738 2755 793 ad
2791 740 2934 809 regis
2983 740 3296 795 cubiculum
3346 748 3681 808 mercantur,
3738 750 3801 796 ut

2224 831 2527 899 perspectis
2576 838 2631 884 et
2685 829 2897 885 iutuitis
2938 832 3196 886 omnibus
3232 831 3317 887 his
3364 833 3432 886 de
3461 834 3663 902 quibus
3707 833 3798 888 illa

2225 921 2508 991 gloriatur,
2539 923 2702 976 etiam
2743 922 2875 993 ipsa:
2907 925 3184 980 exsultent
3215 925 3359 980 sicut
3383 934 3437 979 et
3469 925 3581 990 illa,
3615 934 3669 979 et
3709 925 3801 996 jn-

2224 1014 2532 1069 cundentur
2576 1015 2629 1069 in
2657 1030 2744 1071 eo.
2774 1015 2869 1072 Vel
2894 1018 3058 1072 etiam
3096 1018 3161 1073 ad
3209 1032 3468 1088 sponsam
3512 1026 3692 1090 potest
3717 1019 3800 1074 di—

2224 1115 2371 1160 ctum
2408 1108 2578 1162 videri
2621 1106 2692 1162 ab
2739 1107 3162 1165 adolescentulis
3209 1109 3713 1179 congratulantibus
3749 1111 3799 1166 el

2223 1206 2277 1253 et
2311 1198 2751 1268 promittentibus
2784 1201 3223 1271 petentibusque,
3263 1208 3323 1255 ut
3349 1201 3644 1271 participes
3663 1202 3798 1257 iiaut

2223 1291 2610 1347 exsultationis
2641 1291 2761 1362 ejus
2784 1300 2839 1345 et
2860 1290 3076 1346 lzetitite.

2301 1379 2456 1437 Vers.
2485 1383 2541 1438 4.
2570 1381 2860 1453 Diligemus
2887 1382 3047 1435 ubera
3070 1391 3162 1435 tua
3188 1398 3344 1452 super
3363 1382 3561 1439 vinum.
3586 1381 3798 1454 Sponsa

2223 1471 2465 1542 quidem,
2499 1483 2787 1543 postquam
2813 1475 2998 1529 oscula
3028 1474 3230 1530 meruit
3259 1474 3327 1529 ab
3356 1474 3475 1545 ipso
3497 1475 3681 1544 sponsi
3703 1491 3800 1531 ore

2224 1565 2503 1634 suscipere
2564 1572 2619 1620 et
2679 1564 2941 1621 uberibus
2985 1565 3105 1636 ejus
3141 1563 3378 1636 perfrui,
3410 1565 3484 1619 ait
3523 1565 3590 1620 ad
3622 1580 3745 1620 eum
3780 1584 3794 1621 :

2223 1653 2375 1708 Bona
2420 1663 2542 1707 sunt
2585 1654 2744 1709 ubera
2788 1665 2879 1709 tua
2927 1672 3086 1725 super
3133 1656 3327 1709 rinam.
3367 1654 3800 1710 Adolescentula:

2225 1758 2354 1800 vero
2376 1761 2496 1815 quae
2518 1746 2757 1800 nondum
2777 1747 2843 1801 ad
2872 1747 2923 1801 id
2949 1747 3299 1803 beatitudinis
3326 1758 3583 1809 venerant
3623 1765 3799 1819 neque

2222 1851 2491 1891 summam
2522 1834 2872 1906 perfectionis
2897 1844 3240 1906 acceperant,
3267 1854 3442 1908 neque
3468 1840 3569 1893 usil
3599 1850 3652 1894 et
3670 1854 3801 1910 0pc-

2222 1927 2377 1981 ribus
2421 1925 2633 1981 fructus
2684 1926 2939 1998 petfceta:
2983 1927 3267 1983 eltaritatis
3304 1929 3694 1999 expleverant,
3739 1942 3799 1987 ut

2222 2019 2380 2088 quasi
2413 2028 2647 2089 experta:
2702 2020 3123 2088 pronuntiarent
3171 2021 3434 2075 uberibus
3460 2021 3582 2091 ejus
3606 2063 3620 2085 ,
3654 2008 3795 2092 quia

2223 2112 2363 2165 bona
2392 2120 2539 2178 sunt,
2570 2111 2815 2167 videntes
2841 2120 3023 2165 tamen
3056 2112 3602 2180 sponsam‘delcctari
3634 2123 3683 2168 cl
3713 2131 3799 2169 re-

2226 2207 2310 2261 fici
2328 2223 2391 2261 ex
2420 2206 2677 2261 uberibus
2693 2207 2904 2276 sponsi,
2925 2221 2989 2260 ex
3012 2205 3255 2261 fontibus
3293 2207 3498 2262 scilicet
3519 2207 3797 2278 sapientiae

2224 2308 2278 2353 et
2300 2298 2540 2352 scientite
2556 2290 2678 2367 qua:
2693 2297 2761 2352 de
2783 2297 3043 2353 uberibus
3060 2297 3179 2367 ejus
3193 2299 3388 2364 ﬂuunt,
3408 2308 3460 2353 et
3484 2299 3677 2369 pocula
3696 2316 3791 2355 ea)

2225 2389 2376 2445 lestis
2405 2387 2664 2442 doctrinae
2694 2398 2975 2443 sumentes
2994 2389 3589 2459 tanquamimitatrices
3620 2391 3797 2461 perie-

2225 2478 2423 2534 ctionis
2440 2478 2558 2547 ejus
2576 2485 2631 2532 et
2659 2476 3034 2532 desiderantes
3060 2478 3265 2533 eisdem
3289 2480 3530 2550 vestigiis
3552 2480 3802 2535 incedere

2225 2573 2571 2642 promittunt,
2597 2579 2651 2625 et
2666 2570 2889 2625 dicunt:
2920 2568 3211 2640 Diligcmus
3229 2568 3505 2641 ('57)ul:era
3529 2584 3621 2627 tua
3645 2588 3800 2641 super

2225 2661 2337 2735 45
2370 2664 2569 2730 tinum,
2600 2662 2653 2717 id
2680 2670 2783 2727 est,
2816 2675 2916 2717 nos
2958 2661 3178 2732 quidem
3220 2661 3459 2716 nondum
3505 2663 3559 2717 in
3598 2665 3649 2718 id
3678 2680 3804 2736 per-

2226 2754 2476 2810 lectionis
2517 2753 2887 2819 ascendimus,
2920 2762 2978 2807 ut
3011 2754 3125 2823 jam
3167 2752 3459 2825 diligamus
3506 2755 3671 2810 ubera
3704 2765 3799 2810 tua

2226 2845 2533 2917 plusquam
2560 2847 2780 2908 vinum,
2830 2845 2915 2900 vel
2968 2854 3115 2900 certe
3154 2845 3319 2900 ubera
3365 2855 3455 2900 tua
3511 2862 3633 2916 quae
3676 2855 3806 2902 sunt

2227 2953 2393 3010 super
2421 2939 2606 2993 viuum
2641 2936 2897 3008 (utroque
2925 2936 3069 2991 enim
3102 2937 3267 2991 modo
3307 2951 3503 2991 sensus
3550 2945 3695 2991 stare
3723 2937 3804 2990 vi-

2226 3029 2501 3097 debitur);
2539 3028 2781 3099 gerimus
2824 3036 3004 3080 tamen
3056 3041 3230 3095 spem,
3260 3033 3448 3094 utpote
3490 3025 3807 3079 adolescen-

2228 3121 2376 3187 tulze,
2412 3121 2463 3174 in
2497 3118 2547 3175 id
2576 3119 2752 3173 aetatis
2788 3116 3075 3189 proiicere,
3111 3130 3219 3185 quo
3250 3117 3525 3185 possimus
3572 3130 3680 3169 non
3716 3131 3804 3171 so-

2228 3213 2341 3267 lum
2368 3211 2518 3282 pasci
2549 3216 2604 3263 et
2629 3209 2699 3263 ali
2724 3224 2789 3263 ex
2825 3206 3087 3261 uberibus
3116 3203 3275 3259 Verbi
3314 3203 3430 3271 Dei,
3462 3204 3555 3258 sed
3587 3212 3641 3258 et
3680 3203 3806 3257 dili-

2229 3316 2355 3373 gere
2404 3299 2663 3354 alentem.
2707 3299 2828 3352 Ista'
2873 3303 3001 3350 sunt
3033 3302 3213 3350 autem
3260 3293 3696 3358 adulescentula},
3744 3302 3806 3346 ut

2229 3408 2371 3462 sa'pe
2389 3391 2503 3462 jam
2541 3390 2802 3452 diximus,
2834 3387 3051 3451 animae,
3082 3401 3204 3455 quae
3228 3383 3420 3455 primis
3450 3390 3504 3437 ct
3536 3383 3693 3438 initio
3721 3397 3807 3437 va-

2228 3484 2469 3538 lentibus
2513 3480 2916 3537 eruditionibus
2961 3478 3215 3532 videntur
3260 3476 3515 3540 imbutae,
3554 3487 3609 3530 et
3658 3474 3807 3530 velut

2229 3579 2357 3634 vino
2386 3578 2623 3651 quodam
2663 3576 2967 3638 lretiticatze,
3010 3571 3351 3626 institutione
3390 3578 3631 3624 tutorum
3664 3569 3807 3623 dun-

2231 3680 2403 3737 taxat,
2435 3679 2864 3737 curatorumque
2904 3675 2958 3720 et
2985 3663 3285 3734 paedagogi,
3324 3669 3509 3731 utpote
3544 3659 3804 3731 parvula.

2227 3772 2283 3817 et
2313 3777 2432 3834 quae
2467 3762 2730 3815 baberent
2770 3758 2989 3831 quidem
3031 3757 3085 3810 in
3117 3755 3323 3809 viribus
3370 3767 3557 3808 amare
3586 3753 3809 3815 vinum,

2227 3870 2336 3910 non
2383 3864 2563 3909 tamen
2615 3852 2880 3905 baberent
2921 3850 2974 3903 iu
3014 3856 3192 3910 aetate,
3245 3855 3303 3901 ut
3346 3859 3532 3899 amore
3577 3844 3805 3897 uberum

2228 3945 2415 4016 sponsi
2447 3943 2651 3998 moveri
2675 3951 2768 3996 aut
2799 3939 3027 3995 excitari
3055 3945 3299 4010 possent.
3336 3933 3440 3990 Sed
3467 3935 3557 3989 ubi
3584 3931 3804 3988 advenit

2227 4037 2509 4109 plenitudo
2555 4046 2900 4105 temporum,
2945 4038 3001 4085 et
3043 4028 3298 4084 Christus
3345 4027 3398 4081 in
3446 4027 3528 4082 eis
3577 4023 3810 4095 profecit

2232 4140 2387 4186 a-tate
2426 4140 2481 4185 et
2532 4126 2819 4200 sapientia,
2855 4135 2909 4179 et
2946 4124 3060 4194 jam
3115 4121 3319 4177 sentire
3364 4119 3632 4189 emperint
3675 4115 3806 4188 quid

2232 4224 2344 4278 sint
2390 4223 2555 4277 ubera
2601 4219 2810 4290 sponsi,
2853 4230 3083 4284 qumque
3129 4213 3183 4267 in
3225 4211 3311 4266 bis
3340 4210 3600 4283 perfectio
3643 4206 3808 4262 Verbi

2234 4312 2353 4378 Dci,
2397 4322 2453 4368 et
2504 4311 2767 4365 doctrinae
2814 4303 3078 4377 spiritalis
3127 4302 3409 4373 plenitudo
3469 4299 3808 4370 designetur,

2231 4404 2394 4458 etiam
2423 4400 2763 4471 promittunt,
2793 4395 2921 4466 quia
2948 4394 3069 4462 plus
3090 4408 3254 4461 quam
3287 4390 3471 4444 vinum
3497 4388 3640 4460 quod
3665 4400 3811 4441 nunc

550 4490 813 4559 perspicit
841 4498 1075 4558 quantas
1100 4505 1252 4559 opes,
1276 4491 1444 4545 animi
1468 4491 1680 4545 scilicet
1707 4489 1962 4553 virtutes,
1989 4488 2131 4543 intra
2165 4516 2210 4570 ι)
2240 4503 2500 4561 tauquam
2557 4487 2795 4559 parvulae
2856 4485 3047 4537 bibunt
3070 4523 3121 4570 ,7
3151 4480 3428 4535 dilecturze
3480 4477 3598 4570 sint
3643 4475 3811 4530 ubera

548 4580 866 4634 cubiculum
899 4595 1059 4634 suum
1092 4595 1293 4650 sponsa
1327 4578 1655 4645 condiderit,
1704 4588 1766 4633 ut
1792 4580 1982 4633 videns
2015 4579 2136 4649 ejus

553 4669 775 4723 divitias
823 4669 913 4725 det
943 4670 992 4724 ei
1025 4671 1313 4740 petitiones
1357 4685 1508 4725 suas.
1547 4670 1706 4723 Omni
1751 4669 1896 4724 enim
1924 4668 2139 4723 habenti

555 4763 775 4815 dabitur
790 4763 855 4817 ³⁷.

624 4853 785 4920 Quod
813 4863 994 4909 autem
1021 4855 1097 4909 ait
1123 4873 1139 4910 :
1170 4854 1511 4909 Exsultemus
1540 4863 1590 4909 et
1604 4853 1961 4922 jucundemur
1982 4854 2037 4908 in
2065 4863 2134 4915 te.

554 4943 774 4996 videtur
830 4958 904 4998 ex
964 4959 1200 5014 persona
1262 4943 1794 5003 adolescentularum
1852 4944 1994 5012 dici,
2052 4943 2139 4999 vel

623 5058 894 5114 "llCor.
928 5075 1026 5124 ut,
1067 5061 1122 5115 4.
1198 5058 1515 5127 “lsa.n.v,
1571 5060 1628 5115 5.

626 5173 748 5244 (37)
790 5171 1102 5243 Diligemus,
1133 5182 1239 5229 etc.
1276 5172 1454 5229 Verba
1495 5173 1684 5228 Grzeea
1718 5173 1801 5228 sic
1833 5187 2136 5242 repraesen-

557 5254 642 5313 tat
670 5244 975 5312 Procopius
1020 5263 1034 5298 :
1080 5245 1493 5313 Ἀγαπήσομεν
1515 5244 1791 5313 μαστούς
1821 5259 1938 5297 σου
1985 5244 2138 5311 ὑπὲρ

558 5312 757 5369 οἴνων
813 5314 1002 5385 ᾕγρυν,
1039 5315 1103 5385 εξ
1122 5312 1215 5367 καὶ
1257 5314 1351 5368 νῦν
1380 5312 1462 5385 έδφῖ
1490 5312 1774 5385 ἀςθένειαν
1832 5313 1972 5385 busy
2013 5315 2139 5385 robe;

564 5388 690 5448 σοὺς
717 5377 1043 5453 ἀγαὲἑῶμεν,
1072 5377 1191 5435 ὧνυ
1202 5384 1354 5454 μφίε,
1390 5377 1654 5454 τὸνίοῐνον
1681 5385 1808 5454 ὅταν
1832 5377 2137 5454 βελιξιωθῷέ

564 5471 686 5525 μεν,
718 5449 858 5525 mp
880 5449 1067 5506 τὸῦτον
1092 5449 1289 5525 absab;
1320 5453 1703 5525 ἀγαπήσομεν.
1914 5454 2019 5523 μὲν
2042 5449 2137 5525 οὗγ

561 5522 871 5594 ἐὺφρᾳίνών
914 5524 1161 5594 νεάνιδᾳς
1192 5524 1263 5576 τὰ
1304 5522 1598 5594 νομῃιάσγή
1635 5523 1692 5576 δὲ
1719 5522 1998 5594 -τελειὸτης
2037 5522 2135 5578 τοῦ

562 5591 795 5664 νυμφίου
823 5595 1038 5663 μεστοί.
1065 5591 1197 5647 Εἶτα
1224 5591 1622 5664 mammia»
1651 5592 1744 5646 τοῦ
1782 5593 1857 5664 μὴ
1879 5591 1977 5664 ἡδί]
1999 5595 2137 5661 ἀγα-

565 5661 677 5751 ξεᾷν
705 5661 887 5741 φησίν·
904 5664 1176 5751 Enatiqu
1204 5661 1484 5751 ᾑγὰθξησέ
1502 5678 1578 5751 σε
1592 5680 1606 5692 ’
1622 5661 2028 5751 synagoga
2042 5664 2142 5725 τὰς

568 5732 778 5787 causa»;
815 5733 1041 5803 πορείας
1080 5733 1295 5796 εὐθείας
1338 5732 1732 5804 ἐποιησάμεθα.
1791 5751 1809 5785 ι
1854 5732 2143 5802 Diligemus

2241 4575 2426 4646 sponsi
2458 4595 2472 4631 .'
2498 4575 2549 4628 id
2581 4581 2665 4629 est
2694 4571 3074 4643 propensiores
3100 4569 3296 4623 futura:
3324 4583 3449 4639 erga
3474 4564 3736 4638 perfecta,
3760 4572 3815 4619 et

2240 4666 2389 4721 otnni
2433 4663 2769 4736 plenitudine
2810 4663 3027 4717 decreta
3072 4661 3325 4732 dogmata
3372 4658 3601 4725 Christi,
3648 4671 3814 4727 quam

2234 4759 2348 4830 jam
2396 4768 2577 4823 antea,
2607 4757 2720 4811 sive
2749 4755 2803 4809 in
2836 4753 3222 4810 communibus
3268 4751 3485 4818 studiis,
3514 4751 3627 4806 sive
3655 4750 3710 4804 in
3740 4748 3820 4804 le-

2241 4852 2324 4922 gis
2350 4861 2404 4905 et
2433 4848 2821 4920 prophetarum
2856 4847 2987 4902 visae
3018 4854 3146 4902 sunt
3176 4843 3612 4901 institutionibus
3641 4841 3816 4898 exsti-

2241 4944 2395 4999 tisse.

1717 5061 1761 5093 ³³
1791 5056 1936 5113 Psal.
1982 5057 2228 5125 xmv,l0.
2285 5053 2499 5127 "ibid.,
2528 5057 2723 5127 15,16.
2795 5057 2838 5089 ³⁷
2872 5055 3144 5125 Luc.sts,
3190 5056 3283 5112 26.

2240 5174 2404 5228 ubera
2438 5182 2533 5227 tua
2577 5189 2736 5243 super
2776 5174 2979 5228 vinum.
3013 5192 3034 5225 ι
3097 5172 3210 5227 Hoc
3251 5182 3351 5240 est,
3393 5172 3607 5227 tametsi
3646 5186 3818 5236 nunc,

2276 5261 2355 5298 use
2398 5253 2581 5298 nostra
2596 5244 2889 5314 inﬁrmitas
2927 5255 3028 5307 est,
3064 5261 3095 5298 0
3127 5260 3333 5313 spoase,
3365 5259 3487 5314 pre,
3512 5244 3616 5314 tuis
3647 5246 3820 5310 operi-

2276 5261 2355 5298 ιειι
2398 5261 2581 5298 nostra
2601 5261 2889 5311 tujtrmuas
2927 5261 3028 5307 est,
3064 5261 3095 5298 0
3127 5261 3333 5313 sponse,
3365 5261 3477 5314 pra:
3512 5261 3616 5295 tuts
3647 5261 3820 5310 opert-

2239 5261 2337 5367 Zus
2374 5314 2543 5383 magis
2570 5313 2857 5383 diligamus
2882 5314 3091 5383 vinum;
3124 5331 3242 5367 cum
3284 5313 3490 5383 meliori
3522 5313 3673 5382 fruge
3713 5326 3822 5383 ntu-

2243 5386 2343 5435 tati
2372 5381 2649 5452 fuerimus,
2674 5381 2787 5450 pra:
2800 5386 2915 5436 vino
2932 5382 3029 5436 illa
3056 5384 3357 5451 diligemus.
3393 5382 3583 5436 Vinum
3608 5381 3819 5451 quidem

2236 5456 2522 5522 terti/ica”
2568 5453 3013 5515 adulescentulas,
3054 5455 3311 5506 mandata
3341 5452 3539 5523 legatie
3574 5467 3823 5523 uicere-

2243 5526 2433 5577 moaia:
2465 5533 2624 5584 sunt;
2658 5524 2911 5592 perfectio
2948 5534 3124 5576 autem
3164 5523 3363 5577 Christi
3395 5522 3579 5592 ubera.
3623 5522 3821 5575 Deinde

2245 5595 2382 5647 velut
2406 5590 2789 5661 satisfaciendo
2807 5594 2947 5662 quod
2976 5609 3078 5645 non
3101 5609 3212 5645 eam
3241 5593 3454 5663 diligat,
3472 5612 3491 5645 ι
3516 5590 3821 5663 Rectitudo,

2249 5665 2451 5742 inquit,
2468 5663 2657 5716 dilexit
2684 5673 2766 5726 te;
2807 5682 2827 5714 s
2860 5679 2951 5719 nos
2985 5676 3162 5718 autem
3211 5662 3433 5718 necdum
3478 5673 3653 5717 rectas
3691 5662 3821 5731 [eci-

2252 5750 2368 5786 tnus
2402 5749 2515 5787 tuas
2549 5742 2779 5787 nostras.
