4134 6456
325 363 418 417 HI

1638 351 1839 409 LIBER
1879 354 2267 416 SECUNDUS.

3484 362 3588 419 “)3

395 475 549 531 Vera.
580 474 637 529 Δ.
671 471 920 541 dignitas
943 471 1134 527 dilexit
1170 480 1240 525 te.
1273 469 1447 524 Etiam
1492 472 1597 526 hoc
1640 473 1773 527 mihi
1822 474 1901 528 νίσ
1929 481 1975 537 Α
2005 477 2164 552 longe
2191 477 2365 531 simus
2396 489 2426 529 a
2456 473 2745 530 dilectione
2769 474 2995 542 Christi,
3032 485 3087 532 et
3119 486 3329 534 tantum
3359 486 3585 537 manda-

320 568 521 622 dentur
548 563 970 620 adolescentulte
1003 561 1278 631 proloqui,
1313 562 1461 615 velut
1498 561 1904 619 satisfacientes

321 675 423 730 pro
449 674 518 712 eo
541 659 687 729 quod
716 657 1012 712 dilecturas
1044 669 1210 722 super
1233 654 1421 708 viuum
1455 669 1515 712 se
1536 655 1906 725 promiserunt

324 753 492 807 ubera
533 750 744 820 sponsi,
779 758 832 805 et
863 763 972 803 non
997 747 1109 816 jam
1148 746 1202 801 in
1234 747 1487 815 praesenti
1522 747 1771 817 diligant,
1805 764 1903 804 ne—

320 860 428 913 que
474 844 739 913 integram
786 842 895 896 vim
943 838 1226 895 charitatis
1266 839 1579 895 ostendant.
1626 837 1723 895 Est
1771 855 1902 911 ergo

322 951 426 992 vox
452 937 557 991 ista
592 934 742 990 velut
770 933 1141 989 incusantium
1179 931 1505 1002 sometipsas
1538 948 1553 986 :
1591 931 1751 1001 quasi
1776 947 1900 1002 qua

323 1030 565 1085 nomium
589 1028 798 1099 abjecta
821 1027 971 1081 omni
992 1026 1279 1095 iniquitate
1291 1023 1634 1094 pervenerint
1653 1025 1720 1080 ad
1735 1024 1902 1095 aequi-

321 1132 510 1188 tatem,
540 1129 604 1177 ut
650 1119 862 1190 [lossint
899 1117 1013 1188 jam
1050 1116 1275 1187 diligere
1308 1131 1474 1186 super
1513 1116 1700 1170 vinum
1730 1116 1899 1171 ubera

321 1214 532 1282 sponsi,
556 1212 791 1267 scientes
821 1209 1214 1265 inconveniens
1239 1223 1381 1272 esse,
1416 1216 1475 1262 ut
1494 1208 1697 1278 aliquid
1721 1207 1902 1262 adhuc

322 1304 557 1358 resideat
592 1302 897 1372 iniquitatis
932 1301 987 1355 in
1025 1315 1091 1355 eo
1117 1299 1213 1371 qui
1249 1300 1315 1354 ad
1352 1298 1745 1370 perfectionem
1788 1298 1901 1369 spi—

321 1396 815 1468 ritalisetmystiem
890 1390 1155 1449 doctrinae
1206 1390 1531 1460 pervenerit.
1584 1389 1724 1456 Quia
1768 1404 1899 1459 ergo

323 1500 538 1538 summa
578 1484 926 1554 perfectionis
954 1484 1008 1538 in
1038 1469 1308 1539 charitate
1338 1483 1614 1549 consistit,
1653 1482 1898 1538 charitas

322 1586 502 1631 autem
551 1578 683 1631 nihil
739 1576 1042 1647 iniquitatis
1090 1575 1349 1639 admittit,
1390 1575 1483 1629 ubi
1527 1588 1710 1629 autem
1760 1573 1896 1628 nihil

320 1668 621 1737 iniquitatis
665 1678 768 1735 est,
805 1668 880 1722 ibi
922 1668 1042 1723 sino
1085 1667 1254 1721 dubio
1296 1675 1380 1721 est
1418 1666 1665 1734 aequitas,
1701 1665 1894 1718 merito

315 1772 446 1827 ergo
467 1762 695 1828 aequitas
735 1774 860 1813 esse
888 1759 1106 1823 dicitur,
1147 1772 1271 1826 quae
1300 1757 1473 1825 diligit
1502 1770 1788 1823 sponsum.
1827 1752 1893 1807 Et

316 1848 436 1901 ride
468 1851 513 1901 si
541 1862 648 1904 non
678 1850 750 1903 ob
778 1850 882 1902 hoc
912 1848 1076 1902 etiam
1111 1847 1326 1899 videtur
1356 1846 1487 1899 illud
1514 1847 1569 1898 in
1602 1843 1893 1914 Evangelia

313 1952 345 1992 a
372 1938 658 1994 Salvatore
698 1940 905 1998 dictum
945 1956 960 1993 :
993 1937 1052 1992 Si
1083 1938 1310 2007 diligitis
1342 1953 1441 2003 me,
1484 1936 1741 1990 maradata
1776 1951 1893 1989 mea

313 2041 518 2082 servam
542 2031 606 2082 ³³.
635 2029 693 2083 Si
720 2044 851 2098 ergo
873 2029 965 2099 qui
993 2028 1166 2099 diligit
1188 2028 1466 2083 Christum
1495 2027 1746 2081 mandata
1772 2025 1894 2095 ejus

313 2122 572 2187 custodit,
595 2123 740 2176 nulla
767 2129 851 2175 est
878 2122 931 2175 in
961 2136 1028 2175 eo
1057 2121 1337 2191 iniquitas,
1357 2120 1450 2174 sed
1480 2120 1711 2189 aquilas
1751 2120 1804 2172 in
1825 2133 1895 2173 eo

312 2223 621 2279 permanet;
658 2213 887 2281 :equitas
915 2227 1046 2283 ergo
1078 2223 1182 2276 est,
1214 2227 1337 2281 qua:
1360 2212 1614 2265 mandata
1651 2212 1770 2282 ejus
1795 2227 1892 2266 cu-

313 2305 477 2358 stoJit
524 2312 578 2358 et
620 2304 797 2374 diligit
837 2304 1137 2359 Christum.
1184 2302 1253 2358 Et
1284 2320 1503 2359 rursum
1543 2322 1558 2360 :
1598 2303 1657 2357 Si
1703 2305 1752 2360 is
1797 2303 1893 2375 qui

313 2397 565 2450 mandata
597 2397 856 2463 custodit,
906 2397 1022 2468 ipse
1060 2397 1236 2469 diligit
1279 2398 1582 2463 Christum,
1630 2398 1890 2453 mandata

310 2499 492 2543 autem
537 2491 589 2543 in
634 2493 891 2560 aequitate
936 2501 1244 2555 servantur,
1277 2501 1331 2544 et
1370 2492 1600 2560 aequitas
1634 2501 1719 2545 est
1766 2505 1892 2559 quae

310 2581 484 2650 diligit
512 2582 792 2637 Christum
818 2601 834 2649 ;
865 2583 960 2651 qui
993 2582 1244 2652 iniquum
1273 2581 1479 2651 aliquid
1519 2581 1677 2649 gerit,
1712 2595 1889 2650 neque

312 2677 566 2731 mandata
623 2679 901 2742 custodit,
960 2693 1136 2747 neque
1186 2678 1361 2749 diligit
1414 2677 1717 2733 Christum.
1774 2678 1890 2733 Erit

308 2775 440 2831 ergo
486 2775 546 2819 ut
589 2777 854 2835 quantum
898 2767 1200 2838 iniquitatis
1244 2770 1299 2822 in
1333 2766 1490 2823 nobis
1531 2777 1638 2834 est,
1676 2777 1887 2822 tantum

2008 577 2182 623 torum
2209 566 2327 636 ejus
2353 566 2725 635 przevaricatio
2752 566 3013 621 habeatur
3043 567 3097 622 in
3136 569 3313 622 nobis.
3354 568 3420 624 Et
3461 570 3584 628 ideo

2005 656 2246 728 regulam
2278 655 2571 726 quamdam
2600 655 2861 708 directam
2894 668 3163 723 ponamus
3196 672 3322 711 esse
3352 661 3580 729 aequita-

2005 757 2136 813 tem,
2164 755 2225 801 ut
2250 746 2295 801 si
2334 745 2464 815 quid
2495 746 2547 799 iu
2580 745 2737 801 nobis
2770 745 3076 816 iniquitatis
3105 756 3208 813 est,
3242 747 3389 801 hanc
3428 747 3585 802 adhi-

2002 836 2192 891 bentes
2225 843 2279 889 et
2324 834 2755 903 super-ducentes
2794 835 3149 891 directoriam
3200 837 3583 891 mandatorum

2004 925 2121 989 Dei,
2150 925 2195 978 si
2223 922 2352 993 quid
2376 924 2430 977 in
2460 923 2615 978 nobis
2637 938 2885 990 curvum,
2911 924 2956 978 si
2984 925 3114 994 quid
3146 933 3450 979 tortuosum
3475 934 3576 989 est,

2003 1019 2074 1073 ab
2098 1018 2263 1086 hujus
2301 1015 2500 1086 regulae
2526 1016 2667 1070 linea
2693 1024 2988 1079 resecetur,
3022 1024 3082 1070 ut
3106 1016 3279 1086 possit
3315 1025 3370 1072 et
3391 1015 3459 1070 de
3485 1032 3584 1069 no-

2000 1108 2086 1163 bis
2112 1107 2248 1162 dici:
2273 1105 2527 1178 quuilas
2557 1103 2748 1157 dilexit
2778 1113 2846 1158 te.
2876 1103 3177 1161 Possumus
3202 1115 3380 1159 autem
3415 1104 3578 1158 etiam

2001 1200 2082 1266 sic
2117 1199 2363 1269 accipere
2411 1207 2469 1250 ut
2502 1195 2749 1250 videatur
2797 1194 2974 1250 simile
3025 1211 3149 1251 esse
3188 1196 3333 1266 quod
3376 1194 3513 1249 dixit
3562 1210 3578 1250 :

2000 1292 2254 1362 Ai‘quitas
2284 1289 2468 1343 dilexit
2502 1297 2586 1352 te;
2617 1302 2680 1341 ac
2710 1285 2757 1343 si
2801 1287 3029 1342 dixisset
3078 1304 3093 1341 :
3132 1284 3353 1340 Justitia
3394 1286 3581 1339 dilexit

2002 1394 2074 1446 te,
2113 1392 2168 1436 ct
2198 1382 2424 1444 veritas,
2456 1388 2503 1433 ct
2537 1378 2824 1447 sapientia,
2858 1389 2911 1433 ct
2943 1378 3225 1448 pudicitia,
3262 1390 3316 1433 et
3353 1377 3581 1447 singulae

2001 1489 2231 1545 quaeque
2266 1473 2513 1527 virtutes.
2545 1469 2655 1526 Nec
2689 1471 2903 1525 mireris
2935 1485 3086 1535 sane,
3116 1470 3161 1524 si
3195 1468 3430 1522 dicimus
3470 1468 3583 1521 vir-

2006 1574 2148 1625 tutes
2173 1578 2294 1617 esse
2322 1578 2444 1631 qua:
2465 1561 2698 1632 diligunt
2720 1561 3023 1623 Christum,
3050 1577 3174 1616 cum
3201 1560 3254 1613 in
3286 1560 3409 1615 aliis
3439 1559 3581 1630 ipsa-

2006 1670 2127 1709 rum
2161 1654 2421 1707 virtutum
2457 1652 2821 1707 substantiam
2861 1651 3139 1707 Christum
3175 1652 3457 1719 soleamus;
3482 1668 3579 1704 ac-

2006 1747 2208 1816 cipere.
2244 1742 2399 1809 Quod
2449 1752 2504 1797 et
2554 1742 2867 1812 frequenter
2898 1745 3142 1799 invenies
3179 1744 3253 1797 in.
3278 1743 3379 1796 Scr
3403 1742 3578 1811 ptui-is

1925 1823 1967 1883 Β
1995 1833 2197 1890 divinis
2230 1848 2329 1902 pro
2371 1832 2504 1886 locis
2546 1844 2599 1886 et
2635 1834 3133 1901 opportunitatibus
3179 1833 3377 1901 aptari.
3420 1830 3576 1885 Inve-

1994 1928 2180 1981 nimus
2215 1940 2450 1995 namque
2494 1924 2670 1995 ipsum
2705 1937 2760 1979 et
2795 1925 3065 1994 justitiam
3107 1925 3235 1987 dici,
3265 1933 3319 1977 et
3358 1938 3573 1992 pacem,

1994 2028 2051 2085 ct
2080 2018 2385 2072 veritatem.
2422 2015 2487 2069 Et
2523 2032 2741 2071 rursum
2778 2018 3040 2086 scriptum
3085 2024 3168 2069 est
3207 2014 3260 2067 in
3288 2012 3525 2067 Psalmis
3559 2030 3574 2066 :

1992 2108 2215 2163 Iustitia
2246 2118 2297 2163 et
2325 2124 2432 2179 pax
2464 2107 2717 2162 osculata:
2750 2113 2907 2170 sunt;
2937 2114 2992 2160 et
3021 2123 3034 2159 :
3084 2103 3285 2158 νει-ἔτας
3330 2104 3395 2157 de
3426 2114 3570 2156 terra

1992 2209 2112 2254 orta
2145 2209 2252 2263 est,
2294 2209 2343 2253 et
2366 2199 2581 2270 justitia
2605 2200 2668 2253 de
2695 2197 2823 2252 cwlo
2853 2198 3121 2267 prospexit
3153 2194 3356 2261 ’ἤρυξε
3388 2195 3578 2263 utique

1995 2292 2180 2347 omnia
2206 2292 2321 2361 ipse
2349 2307 2491 2359 esse,
2520 2300 2573 2346 et
2602 2305 2820 2346 rursum
2855 2290 3030 2359 ipsum
3068 2289 3329 2346 dicuntur
3360 2287 3573 2357 ample-

1994 2384 2092 2440 cli.
2123 2381 2226 2436 Sed
2252 2397 2306 2436 et
2331 2397 2568 2453 sponsus
2590 2382 2731 2436 idem
2759 2381 2981 2446 dicitur,
3009 2380 3149 2433 idem
3181 2379 3344 2434 etiam
3369 2392 3570 2446 sponsa

1995 2476 2333 2535 nominatur,
2381 2481 2439 2525 ut
2487 2473 2540 2526 in
2586 2474 2868 2545 prephetia
2917 2471 3179 2540 scriptum
3231 2477 3315 2524 est
3358 2486 3372 2523 :
3420 2466 3571 2523 Sicut

1993 2578 2183 2630 sponso
2232 2562 2480 2630 imposuit
2523 2561 2653 2613 mihi
2682 2561 2920 2627 mitram,
2951 2570 2998 2615 et
3030 2561 3164 2613 situt
3198 2574 3443 2631 sponsam
3484 2573 3574 2610 or-

1996 2654 2134 2707 navit
2165 2668 2246 2706 me
2276 2661 2584 2706 ornamento
2605 2651 2673 2705 ⁸ο.

1397 3145 1759 3253 LIBER
1828 3137 2496 3238 SECUNDUS.

380 3486 531 3543 Vera.
560 3487 614 3543 5.
670 3485 844 3542 Fusce
890 3504 1006 3542 sum
1049 3497 1100 3541 et
1143 3487 1400 3558 formosa,
1448 3487 1578 3557 ﬁlia:
1624 3488 1883 3543 Hierusa-
1910 3494 1953 3553 C
1987 3487 2270 3551 dicuntur,
2309 3486 2543 3544 inimicae
2567 3495 2750 3545 autem
2775 3474 3406 3563 propter‘Evangelium.
3442 3492 3568 3550 Istat

305 3576 428 3644 lem,
462 3587 519 3632 ut
560 3578 901 3634 tabernacula
937 3577 1131 3644 Cedar,
1165 3590 1224 3631 ut
1271 3579 1432 3648 pelles
1470 3578 1793 3635 Salomonis.
1824 3580 1879 3634 lu

306 3670 428 3724 aliis
461 3672 866 3741 exemplaribus
900 3672 1165 3742 legimus:
1198 3670 1371 3741 Nigra
1402 3688 1519 3726 sum
1546 3681 1595 3726 et
1621 3677 1880 3743 formosa.

307 3759 520 3817 Rursus
549 3762 602 3816 iu
639 3762 743 3818 hoc
771 3777 1003 3834 persona
1030 3777 1243 3832 sponsa:
1276 3761 1550 3831 loquentis
1584 3763 1887 3818 introduci-

308 3862 397 3906 tur
428 3869 443 3905 :
478 3851 751 3921 loquentis
778 3863 958 3908 autem
990 3867 1098 3907 non
1143 3853 1209 3908 ad
1256 3853 1378 3907 illas
1428 3854 1882 3920 adolescentulas,

305 3958 429 4012 quae
455 3957 580 3997 eum
613 3943 729 4012 ipsa
760 3957 983 3997 currere
1012 3943 1210 4009 solent,
1238 3942 1333 3997 sed
1359 3943 1427 3997 ad
1463 3943 1603 3997 ﬁlias
1627 3940 1886 3997 Hierusa-

305 4033 436 4100 lem,
459 4033 660 4102 quibus
689 4044 951 4102 tanquam
974 4032 1061 4088 bis
1083 4048 1208 4103 quae
1234 4033 1619 4103 derogarerint
1651 4032 1882 4089 fteditati

302 4124 446 4193 ejus,
485 4124 818 4193 respondere
851 4123 1085 4187 videtur,
1113 4131 1168 4177 et
1186 4123 1369 4178 dicere
1404 4142 1418 4178 :
1459 4123 1633 4179 Fusca
1660 4124 1881 4194 quidem

304 4231 451 4281 sum,
498 4215 581 4269 vel
609 4215 767 4285 nigra
794 4223 1061 4285 quantum
1108 4213 1174 4268 ad
1208 4214 1447 4269 colorem
1499 4226 1727 4287 spectat,
1758 4216 1884 4271 tilia:

306 4308 684 4374 Hierusalem;
728 4306 966 4361 formosa
1020 4322 1168 4371 vero,
1203 4308 1248 4362 si
1294 4307 1422 4377 quis
1455 4308 1666 4362 interna
1712 4322 1884 4362 [nemo

304 4401 529 4453 brorum
555 4398 881 4451 lineamenta
906 4396 1221 4467 perspiciat.
1250 4394 1388 4449 Nam
1419 4404 1474 4449 et
1500 4394 1881 4460 tabernacula,

304 4486 502 4557 inquit,
531 4486 729 4549 Cedar,
771 4499 893 4554 quae
919 4492 1005 4540 est
1033 4499 1168 4553 gens
1206 4499 1424 4554 magna,
1454 4485 1608 4554 nigra
1646 4494 1795 4549 sunt,
1828 4495 1882 4538 et

304 4578 421 4648 ipsa
466 4577 578 4649 56
612 4591 745 4647 gens
785 4575 965 4631 Cedar
1007 4576 1226 4647 uigredo
1259 4576 1342 4631 vel
1381 4577 1682 4631 obscuritas
1715 4577 1885 4631 inter-

303 4679 566 4739 pretatur.
599 4668 704 4724 Sed
742 4679 797 4722 et
838 4669 1006 4738 pelles
1047 4667 1360 4724 Salomonis
1392 4669 1562 4738 nigra:
1604 4676 1757 4735 sunt,
1782 4683 1884 4723 nec

303 4771 484 4816 tamen
520 4761 591 4815 ob
622 4761 725 4814 hoc
743 4768 901 4818 tanto
932 4761 1044 4831 regi
1073 4761 1126 4814 in
1150 4760 1302 4816 omni
1334 4760 1505 4830 gloria
1532 4776 1631 4816 sua
1658 4760 1881 4830 pellium

1985 3590 2115 3634 sunt
2146 3580 2270 3635 lilia:
2304 3578 2644 3635 Hierusalem
2675 3581 2916 3638 civitatis
2953 3592 3199 3647 terrenae,
3228 3593 3351 3655 quae
3382 3579 3571 3640 viden—

1984 3676 2067 3724 tes
2094 3668 2395 3723 Ecclesiam
2430 3685 2495 3724 ex
2527 3673 2806 3742 gentibus,
2833 3675 3084 3744 quamvis
3124 3689 3224 3744 pro
3255 3690 3323 3730 eo
3351 3676 3567 3746 ignobi-

1985 3758 2112 3824 lem,
2149 3759 2294 3827 quod
2327 3761 2753 3828 generositatem
2783 3762 2887 3817 sibi
2913 3762 3212 3829 Abraham,
3234 3772 3289 3816 et
3319 3761 3493 3830 Isaac,
3513 3773 3569 3818 et

1983 3846 2152 3903 Jaeob
2203 3863 2311 3902 non
2357 3849 2533 3917 possit
2574 3851 2871 3919 ascribere,
2921 3852 3329 3907 obILviseentem
3381 3861 3564 3907 tamen

1985 3940 2249 4009 populum
2271 3955 2432 3995 suum
2460 3950 2516 3997 et
2535 3942 2759 3997 domum
2787 3944 2960 4013 patris
2991 3943 3101 4009 sui,
3120 3959 3292 4016 usque
3312 3945 3379 3999 ad
3404 3944 3566 3999 Chri-

1986 4036 2132 4083 stum
2170 4031 2497 4096 venientem,
2532 4043 2800 4102 speruunt
2823 4049 2965 4101 eam,
2997 4044 3050 4089 et
3079 4050 3178 4106 pro
3219 4034 3564 4105 ignobilitate

1985 4124 2201 4193 generis
2228 4122 2519 4181 otl‘uscant.
2546 4124 2703 4193 Quod
2725 4143 2927 4198 sponsa
2977 4128 3218 4184 sentiens
3250 4128 3391 4184 tilias
3417 4128 3568 4198 prio-

1982 4213 2063 4269 ris
2110 4214 2290 4284 populi
2342 4215 2612 4286 imputare
2644 4218 2772 4286 sibi,
2801 4228 2857 4274 et
2895 4234 2993 4289 pro
3022 4220 3126 4275 hoc
3155 4220 3318 4273 etiam
3354 4219 3570 4290 nigram.

1985 4318 2059 4359 se.
2092 4305 2377 4374 appellari,
2422 4306 2581 4375 quasi
2629 4322 2755 4377 quae
2798 4316 3039 4378 paternae
3084 4306 3407 4362 eruditionis
3452 4321 3572 4359 non

1984 4396 2184 4455 habeat
2210 4397 2537 4462 claritatem,
2572 4398 2915 4468 respondens
2937 4396 3007 4453 ad
3035 4398 3171 4463 hac,
3204 4396 3374 4452 dicit:
3401 4394 3575 4466 Nigra

1984 4503 2108 4544 sum
2143 4490 2389 4560 quidem,
2428 4504 2464 4545 ο
2500 4490 2623 4545 tiliae
2655 4488 3019 4555 Hierusalem,
3053 4505 3153 4560 pro
3179 4503 3246 4545 eo
3277 4490 3420 4559 quod
3456 4503 3577 4542 nom

1984 4580 2257 4635 descendo
2290 4580 2357 4635 de
2383 4581 2553 4649 stirpe
2596 4581 2870 4635 clarorum
2914 4579 3184 4645 virorum,
3226 4593 3403 4648 neque
3437 4577 3569 4632 illu-

1986 4668 2344 4724 minationem
2385 4668 2561 4741 Moysi
2598 4668 2735 4741 legis
2774 4668 2984 4740 accepi,
3016 4668 3192 4725 habeo
3221 4676 3403 4722 tamen
3443 4666 3577 4737 pulo

1986 4760 2356 4825 chritudinem
2406 4775 2585 4814 meam
2625 4774 2863 4815 mecum.
2898 4757 3035 4814 Nam
3079 4766 3136 4814 et
3186 4758 3242 4814 in
3296 4772 3386 4812 me
3432 4756 3577 4811 illud.

302 4852 420 4906 visa
452 4862 537 4907 est
585 4850 839 4907 indecora
873 4852 1120 4922 nigredo.
1157 4850 1276 4907 Non
1306 4867 1439 4923 ergo
1485 4850 1641 4919 mihi,
1675 4866 1713 4907 o
1756 4851 1881 4907 [ilia
1913 4842 1958 4897 D
1987 4852 2226 4923 primum
2258 4858 2362 4917 est,
2394 4850 2539 4921 quod
2570 4851 2640 4905 ad
2668 4851 2961 4922 imaginem
2991 4848 3084 4904 Dei
3123 4848 3180 4902 in
3225 4861 3313 4903 me
3359 4845 3576 4902 factum

304 4942 665 5005 llierusalem,
696 4943 1034 5014 exprobretis
1077 4943 1295 5013 culpam
1345 4944 1573 5007 coloris,
1600 4958 1726 4998 cum
1767 4943 1882 4999 sive

304 5037 590 5101 naturalis,
612 5036 727 5091 sive
743 5035 1006 5091 exercitio
1029 5036 1258 5105 quaesita
1289 5035 1508 5106 corpori
1530 5034 1882 5105 pulchritudo

305 5144 413 5183 non
445 5127 608 5183 desit.
642 5126 767 5182 Ilaec
794 5129 1039 5181 continet
1062 5127 1381 5182 historicum
1423 5128 1635 5193 drama,
1666 5132 1721 5181 et
1752 5139 1882 5196 pro-

305 5222 496 5291 posita:
543 5218 740 5275 Fabulae
767 5220 997 5289 species.
1027 5218 1141 5275 Mr
1177 5220 1470 5275 redeamus
1514 5219 1584 5274 ad
1627 5218 1879 5274 ordinem

304 5312 617 5383 mysticum.
652 5308 777 5365 llaec
799 5324 999 5383 sponsa
1024 5326 1152 5382 qua:
1188 5311 1449 5382 loquitur,
1484 5309 1742 5366 Ecclesiae
1764 5325 1883 5381 per-

303 5416 498 5458 sonam
538 5410 686 5457 tenet
728 5416 795 5457 ex
839 5402 1096 5473 gentibus
1140 5410 1499 5474 congregatae.
1550 5400 1703 5457 Filiae
1750 5415 1881 5456 vero

305 5492 666 5559 Hierusalem,
696 5494 764 5548 ad
796 5508 937 5563 quas
965 5492 1016 5546 ei
1044 5506 1233 5548 sermo
1262 5499 1367 5557 est,
1399 5491 1506 5546 illa
1529 5500 1661 5547 sunt
1683 5489 1881 5545 animae

304 5602 427 5656 qum
456 5592 677 5655 propter
705 5585 1021 5640 electionem
1046 5592 1265 5655 patrum
1291 5583 1632 5640 charissima:
1656 5582 1877 5652 quidem

375 5762 420 5794 ³⁸
449 5761 609 5819 lnan.
646 5776 755 5826 xw,
786 5760 873 5814 l5.
949 5761 992 5794 "
1024 5759 1168 5817 Psal.
1201 5777 1320 5828 VIII,
1350 5759 1438 5827 10,
1470 5760 1556 5813 ll.

1985 4950 2072 4998 est
2096 4959 2113 5007 ;
2143 4955 2292 4997 nunc
2311 4942 2576 4998 accedens
2604 4941 2673 4998 ad
2698 4940 2933 4998 Verbum
2964 4940 3084 5009 Dei,
3115 4938 3295 5010 recepi
3327 4940 3571 5011 speciem

1985 5047 2186 5088 meam.
2213 5031 2474 5099 Quamvis
2510 5034 2658 5089 enim
2689 5049 2788 5103 pro
2816 5033 3016 5090 coloris
3042 5032 3380 5088 obscuritate
3404 5044 3566 5085 com.-

1984 5123 2191 5194 paretis
2219 5139 2307 5179 me
2346 5124 2718 5180 tabemaculis
2752 5123 2928 5180 Cedar
2959 5134 3016 5180 et
3045 5123 3279 5194 pellibus
3315 5121 3579 5178 Salomo-

1985 5215 2094 5282 nis,
2126 5223 2308 5272 tamen
2337 5223 2392 5271 et
2413 5215 2589 5270 Cedar
2612 5229 2683 5271 ex
2730 5214 2957 5271 lsmaele
2981 5213 3283 5270 descendit.
3313 5209 3583 5265 Secundo-

1988 5319 2224 5377 namque
2257 5305 2379 5361 loco
2404 5321 2473 5362 ex
2503 5305 2731 5362 lsmaele
2752 5313 2916 5380 natus
2946 5315 3049 5371 est,
3077 5304 3173 5375 qui
3211 5301 3421 5358 lsmael
3454 5314 3577 5354 nom

1988 5398 2091 5457 fuit
2124 5413 2323 5467 expers
2372 5399 2572 5454 divinat
2616 5396 3032 5456 benedictionis.
3084 5394 3293 5451 Sedet
3333 5391 3578 5462 pellibus

1989 5489 2302 5547 Salomonis
2323 5490 2657 5560 comparatis
2685 5503 2795 5552 me.
2819 5502 2944 5556 quae
2970 5501 3077 5541 non
3098 5485 3218 5556 aliae
3247 5492 3376 5538 sunt
3398 5497 3577 5555 quana

1986 5583 2155 5653 pelles
2188 5582 2525 5639 tabernaculi
2560 5579 2678 5649 Dei,
2710 5589 2765 5637 et
2810 5589 2993 5635 tamen
3027 5575 3199 5631 miror
3225 5589 3352 5644 vos,
3375 5589 3416 5632 ο
3441 5577 3575 5633 ﬁliae

1634 5759 1679 5791 ⁸⁸
1701 5756 1805 5813 lsa.
1839 5773 1950 5826 ut,
1994 5756 2082 5812 li).
