4134 6444
533 342 634 397 105

1609 341 1930 398 OlllGE-NIS
1971 341 2036 397 IN
2069 341 2426 402 CANTICUM
2465 341 2739 399 CANTIC.

3681 353 3783 408 lM

531 455 892 520 lliarusalem,
928 455 1056 510 mihi
1093 455 1290 512 coloris
1333 456 1467 510 velle
1495 459 1827 526 exprobrare
1863 460 2101 531 nigredi-
2135 466 2180 521 Α
2212 458 2499 522 Nunquam
2541 461 2674 512 talia
2714 468 2957 512 venerant
2998 461 3362 526 odorameeta,
3409 479 3499 517 nec
3541 465 3594 517 in
3639 475 3788 521 tanta

533 560 680 600 nun.
707 547 993 612 Quomodo
1029 563 1133 601 non
1169 547 1498 601 meministis
1532 550 1678 617 quod
1720 549 1772 603 in
1807 551 1925 620 lege
1965 553 2104 606 scri-

533 651 684 706 ptum
737 649 839 703 est,
896 639 1024 710 quid
1079 654 1235 708 passa
1295 640 1366 693 sit
1417 639 1605 704 Maria,
1655 658 1776 711 quae
1827 645 2107 714 derogavit
2165 693 2186 706 ,

533 728 702 800 Moysi
757 747 878 784 cum
931 730 1322 799 Etliiopissam
1377 731 1588 801 nigram
1640 735 2108 804 aecepissetuxo-

535 837 647 872 rem
699 819 762 873 ".
796 820 1080 885 Quomodo
1130 821 1394 892 ignoratis
1448 824 1592 878 illius
1628 825 1880 895 imaginis
1915 830 2106 883 adum-

528 910 828 965 brationem
865 913 917 966 in
957 928 1042 967 me
1076 929 1220 967 nunc
1255 915 1480 969 veritate
1508 918 1812 986 compleri?
1836 919 1948 990 Ego
1981 939 2102 976 sum

528 1002 615 1054 illa
651 999 1006 1072 AZIbiOpissa,
1031 1018 1133 1072 ego
1164 1019 1285 1057 sum
1328 1005 1479 1075 nigra
1516 1007 1733 1074 quidem
1761 1024 1859 1077 pro
1891 1011 2103 1081 ignobi-

528 1093 678 1146 litate
707 1095 942 1164 generis,
981 1093 1222 1149 formosa
1257 1112 1384 1150 vero
1410 1110 1628 1167 prOpter
1654 1101 2026 1168 paenitentiam
2051 1112 2105 1158 et

532 1187 714 1242 fidem.
750 1187 976 1258 Suscepi
1011 1189 1156 1244 enim
1186 1187 1239 1242 in
1273 1204 1360 1242 me
1395 1188 1590 1243 Filium
1620 1190 1735 1257 Dei,
1772 1194 1947 1262 recepi
1972 1191 2106 1248 Ver-

524 1279 651 1333 bum
680 1295 898 1333 carnem
935 1279 1160 1333 factum.
1185 1280 1403 1334 Accessi
1437 1281 1501 1334 ad
1531 1297 1654 1335 eum
1687 1285 1778 1352 qui
1807 1294 1892 1338 est
1923 1284 2102 1356 imago

528 1369 644 1432 Dei,
671 1370 1066 1440 primogenitus
1094 1371 1271 1425 omnis
1295 1381 1575 1436 creaturze,
1606 1383 1659 1428 et
1691 1375 1781 1443 qui
1809 1386 1890 1430 est
1915 1378 2101 1446 splen-

525 1462 628 1514 dor
658 1461 843 1529 gloriae
881 1469 935 1514 et
971 1461 1148 1530 fulgor
1189 1460 1504 1516 substantia:
1543 1463 1684 1532 ejus,
1718 1473 1771 1517 et
1803 1463 1942 1519 facta
1977 1482 2097 1521 sum

528 1551 790 1631 formosa.
827 1553 906 1607 'l'u
960 1569 1090 1623 ergo
1139 1555 1266 1624 quid
1302 1555 1636 1626 improperas
1665 1561 1998 1614 converti-nti
2041 1575 2100 1615 se

525 1658 556 1696 a
591 1654 834 1712 peccato,
865 1645 1009 1713 quod
1044 1647 1230 1715 utique
1257 1647 1342 1701 lex
1371 1647 1485 1700 ﬁeri
1515 1650 1693 1702 vetat?
1726 1648 1790 1703 Et
1819 1653 2098 1721 quomodo

525 1741 582 1786 tu
617 1734 865 1804 gloriaris
894 1737 946 1789 in
973 1737 1088 1806 lege
1114 1742 1477 1807 prtevaricans
1507 1741 1712 1809 legem?
1737 1739 1937 1796 Verum
1967 1759 2100 1813 quo-

2209 551 2552 605 multitudine
2578 567 2696 621 qua:
2723 552 2867 604 dedit
2896 553 3075 621 regina
3103 551 3244 607 Saba
3281 556 3387 623 regi
3424 554 3699 611 Salomoni
3719 558 3787 613 “.

2279 641 2430 697 llauc
2463 651 2644 697 autem
2694 643 2980 697 historiam
3018 645 3179 713 paulo
3223 645 3383 700 latius
3413 657 3660 717 repetere
3693 665 3791 704 vo-

2209 733 2432 798 luimus,
2457 743 2510 787 et
2541 736 2781 788 inserere
2807 733 2932 788 huic
2953 735 3282 803 expositioni
3309 746 3528 800 nostra,
3553 738 3790 794 scientes

2209 824 2261 876 in
2313 834 2523 878 tantum
2577 823 2868 877 coovcnire
2915 824 3029 878 haec
3085 825 3150 878 ad
3202 841 3487 894 personam
3535 826 3791 882 Ecclesiae

2206 931 2328 984 quas
2358 931 2424 969 ex
2467 916 2717 985 gentibus
2746 916 2892 970 venit
2919 917 2984 969 ad
3022 917 3326 982 Christum,
3362 926 3420 970 ut
3450 918 3564 986 ipse
3604 918 3791 972 Domi-

2213 1021 2317 1061 nus
2376 1007 2430 1061 in
2489 1006 2798 1076 Evangeliis
2859 1007 3058 1076 reginae
3090 1008 3252 1076 hujus
3302 1007 3505 1062 laceret
3552 1010 3787 1062 mentio-

2207 1114 2350 1162 nem,
2381 1099 2568 1152 dicens
2605 1113 2724 1152 eam
2763 1099 2975 1153 venisse
3011 1114 3040 1150 a
3093 1097 3288 1153 ﬁnibus
3319 1109 3496 1162 terrae,
3531 1108 3592 1152 ut
3622 1101 3781 1154 audi-

2206 1199 2287 1242 ret
2316 1190 2637 1258 sapientiam
2670 1189 2982 1244 Salomonis
3006 1189 3073 1243 “.
3106 1190 3292 1243 Austri
3328 1200 3508 1244 autem
3542 1192 3786 1261 reginam

2203 1279 2335 1333 dicit
2365 1295 2505 1344 eam,
2536 1297 2634 1349 pro
2654 1296 2719 1334 eo
2752 1278 2899 1349 quod
2932 1278 3209 1350 EtbiOpia
3245 1284 3297 1334 in
3319 1281 3503 1336 Austri
3527 1283 3778 1352 partibus

2199 1369 2397 1439 jaceat,
2413 1381 2466 1424 et
2491 1386 2520 1424 a
2545 1371 2742 1425 linibus
2769 1380 2925 1426 terra:
2946 1372 3103 1442 quasi
3129 1373 3182 1425 in
3202 1373 3393 1428 ultimo
3407 1374 3605 1444 posita.
3625 1376 3775 1429 luve-

2203 1459 2384 1513 nimus
2409 1471 2592 1514 autem
2617 1460 2781 1529 hujus
2806 1461 2980 1530 ipsius
3005 1461 3205 1532 regina:
3220 1465 3383 1517 etiam
3408 1463 3706 1534 Josepbum
3727 1467 3781 1521 iu

2206 1548 2446 1601 llistoria
2467 1565 2565 1604 sua
2585 1549 2765 1604 facere
2793 1551 3147 1616 mentionem,
3163 1553 3445 1607 addentem
3470 1557 3633 1608 etiam
3656 1557 3782 1623 hoc,

2202 1640 2347 1708 quod
2385 1650 2736 1710 posteaquam
2767 1656 3010 1710 regressa
3043 1651 3147 1705 est,
3181 1643 3377 1712 inquit,
3401 1660 3432 1698 a
3467 1644 3781 1712 Salomone,

2202 1726 2498 1799 Cambyses
2527 1745 2617 1784 rex
2662 1729 2893 1783 miratus
2918 1730 3038 1798 ejus
3087 1732 3432 1800 sapientiam,
3460 1749 3625 1803 quam
3659 1737 3780 1791 sine

525 1823 668 1878 uiam
703 1825 754 1878 in
789 1826 872 1878 bis
903 1826 1036 1880 locis
1071 1842 1262 1883 sumus
1295 1831 1386 1884 ubi
1433 1831 1674 1886 Ecclesia
1707 1848 1829 1903 quae
1860 1849 1925 1887 ex
1964 1851 2096 1904 gen-

2199 1815 2308 1888 47
2337 1819 2502 1873 dubio
2532 1834 2598 1872 ex
2645 1818 2955 1875 Salomonis
2997 1821 3262 1890 sapientia
3313 1834 3644 1892 susceperat,
3683 1842 3780 1880 co—

521 1914 664 1968 tibus
715 1915 876 1979 venit,
927 1917 1136 1987 nigram
1195 1934 1252 1972 se
1304 1935 1426 1975 esse
1477 1922 1608 1977 dicit
1669 1931 1723 1977 et
1779 1921 2098 1987 formosam,

517 2005 768 2072 quamvis
809 2006 1028 2077 longqu
1066 2010 1314 2065 videatur
1342 2027 1466 2067 esse
1511 2023 1565 2068 et
1598 2029 1912 2083 operosum,
1948 2015 2103 2068 colli-

516 2109 642 2164 gere
685 2112 750 2150 ex
800 2096 1098 2167 Scripturis
1131 2101 1352 2166 divinis,
1387 2103 1442 2156 in
1490 2104 1693 2174 quibus
1736 2105 1820 2160 vel
1867 2108 2103 2175 qualiter

520 2189 850 2244 sacramenti
885 2191 1050 2260 hujus
1103 2193 1278 2249 forma
1319 2196 1661 2265 praecesserit
1697 2213 1713 2251 :
1763 2205 1944 2251 tamen
1992 2212 2099 2251 non

521 2279 652 2333 mibi
681 2282 895 2350 penitus
925 2284 1286 2340 omittendum
1320 2286 1555 2350 videtur,
1589 2288 1682 2341 sed
1716 2303 1881 2357 quam
1911 2298 2104 2358 potue-

520 2372 591 2425 rit
623 2373 858 2428 breviter
896 2379 1329 2432 memorandum.
1367 2377 1554 2434 Primo
1585 2394 1716 2449 ergo
1740 2381 1793 2433 in
1832 2379 2100 2435 Numero—

520 2478 641 2516 rum
679 2464 818 2518 libro
847 2466 913 2520 de
947 2465 1286 2538 Etltiopissa
1320 2470 1392 2525 ita
1436 2471 1704 2541 scriptum
1741 2491 1754 2525 :
1806 2470 1873 2524 Et
1919 2470 2099 2526 locuta

519 2564 598 2606 est
643 2553 815 2608 Maria
843 2558 910 2609 ad
944 2559 1145 2623 Aaron,
1173 2571 1221 2614 et
1261 2563 1643 2631 derogarernnt
1681 2561 1854 2633 Moysi
1892 2574 2104 2633 propter

518 2645 785 2700 mulierem
843 2648 1234 2720 zEt/riopissam
1286 2671 1446 2722 quam
1503 2656 1701 2722 accepit
1752 2671 1989 2716 uxorem,
2051 2664 2100 2709 et

513 2736 763 2792 dixerunt
795 2755 814 2792 :
859 2739 1116 2811 Nunquid
1156 2741 1331 2813 Moysi
1354 2745 1456 2796 soli
1477 2743 1684 2796 locutus
1714 2756 1790 2798 est
1819 2743 2104 2799 Dominus?

520 2822 708 2880 Nonne
749 2837 798 2880 et
843 2829 991 2882 nobis
1023 2831 1232 2884 locutus
1257 2841 1334 2886 est
1385 2832 1475 2885 “1
1506 2830 1569 2883 Et
1601 2830 1793 2884 iterum
1842 2833 1893 2886 iu
1943 2834 2102 2889 tertio

517 2913 828 2986 Regnorum
858 2925 998 2975 libro
1021 2921 1291 2991 scriptum
1334 2931 1418 2976 est
1450 2923 1516 2976 de
1551 2923 1736 2994 regina
1777 2922 1942 2986 Saba.
1970 2927 2099 2996 quia

513 3007 664 3062 venit
692 3022 723 3062 a
763 3008 964 3064 ﬁnibus
999 3020 1157 3065 terrae
1197 3013 1388 3066 audire
1433 3013 1753 3082 sapientiam
1791 3013 2101 3071 Salomonis

517 3098 622 3155 hoc
655 3101 822 3156 modo
857 3121 872 3156 :
913 3101 1113 3174 Regina
1152 3103 1294 3157 Saba
1328 3105 1528 3156 audivit
1558 3121 1743 3159 nomen
1779 3103 2098 3173 Salomonis,

517 3201 567 3244 et
591 3207 777 3247 nomen
804 3193 1037 3254 Domini.
1059 3205 1108 3248 et
1136 3196 1269 3248 venit
1305 3204 1505 3249 tentare
1535 3175 1654 3248 enni
1670 3197 1720 3250 in
1743 3200 2031 3267 parabolis,
2049 3211 2098 3255 et

514 3286 651 3338 venit
695 3287 750 3340 in
799 3287 1136 3342 Hierusalem
1178 3291 1230 3340 in
1267 3289 1456 3340 virtute
1490 3303 1680 3356 magna
1709 3290 1858 3344 valde
1883 3307 1902 3344 :
1929 3305 1977 3346 et
2005 3311 2098 3347 ca-

517 3376 640 3430 meli
672 3388 944 3445 portantes
968 3381 1336 3442 odorantenta,
1367 3387 1415 3432 et
1447 3395 1636 3432 aurum
1667 3383 1889 3434 multum
1925 3385 2095 3449 valde,

512 3475 564 3523 et
592 3469 822 3537 lapidem
847 3469 1158 3538 pretiosum,
1183 3478 1230 3520 et
1276 3468 1508 3536 ingressa
1531 3479 1606 3522 est
1637 3471 1705 3522 ad
1740 3471 2096 3539 Salomonem,

513 3567 563 3612 et
588 3558 765 3612 locuta
807 3569 884 3612 est
915 3559 964 3612 ei
991 3559 1169 3611 omnia
1205 3559 1357 3611 verba
1386 3576 1503 3628 qua:
1530 3572 1677 3614 erant
1708 3563 1760 3615 in
1791 3565 1946 3618 corde
1973 3567 2095 3630 suo,

511 3659 562 3703 et
585 3651 880 3703 enuntiarit
910 3649 958 3702 ei
983 3647 1233 3702 Salomon
1259 3651 1438 3703 omnia
1465 3653 1616 3705 verba
1638 3655 1770 3720 ejus,
1793 3665 1841 3708 et
1863 3672 1964 3708 non
1989 3655 2093 3725 fuit

513 3742 725 3793 verbum
753 3740 892 3810 quod
921 3741 1158 3792 omiserit
1191 3755 1303 3804 rex,
1328 3751 1377 3794 et
1406 3759 1506 3797 itan
1531 3747 1876 3800 enuntiaverit
1902 3748 1949 3800 ei
1979 3764 2090 3802 rex.

518 3830 584 3883 lit
637 3831 767 3882 vidit
827 3832 1006 3899 regina
1055 3829 1196 3884 Saba
1241 3847 1442 3886 onmem
1485 3838 1817 3905 prudentiam
1848 3837 2094 3892 Salomo-

517 3926 620 3984 nis,
646 3933 694 3976 et
717 3923 932 3974 domum
958 3940 1111 3992 quam
1143 3924 1442 3993 wdiﬁcarit,
1463 3939 1509 3982 et
1539 3929 1677 3982 cibos
1707 3929 2090 3996 Salomonis,et

515 4014 690 4066 sedem
722 4027 1000 4078 puerorum
1017 4012 1457 4080 ejus,etordinem
1496 4019 1855 4071 ministrorum
1886 4019 2090 4087 ejus,et

517 4113 678 4156 vestes
705 4103 840 4170 ejus,
860 4114 906 4155 et
937 4103 1039 4155 vini
1065 4105 1264 4172 [risores
1293 4107 1425 4175 ejus,
1445 4118 1490 4160 et
1510 4108 1814 4161 holocausta
1845 4110 1959 4177 ejus
1976 4126 2094 4179 qua:

517 4193 768 4261 offerebat
802 4195 852 4244 in
891 4194 1044 4246 domo
1079 4195 1309 4261 Domini,
1343 4207 1391 4250 et
1435 4199 1722 4267 obstupuit,
1753 4210 1803 4252 et
1848 4200 1990 4252 dixit
2019 4200 2090 4252 ad

516 4299 688 4352 regem
721 4282 1052 4338 Salomonem
1087 4301 1106 4340 :
1155 4286 1308 4341 Verus
1348 4299 1423 4342 est
1468 4307 1638 4343 sermo
1673 4307 1824 4360 quem
1859 4307 1952 4360 ego
1993 4308 2093 4344 au-

517 4375 626 4427 divi
658 4375 708 4425 in
739 4384 881 4429 terra
914 4394 1024 4431 mea
1055 4381 1118 4433 de
1151 4380 1300 4434 verbo
1336 4392 1446 4446 tuo,
1477 4392 1526 4436 et
1553 4383 1835 4450 prudentia
1883 4392 2000 4446 tua,
2038 4391 2090 4437 et

2202 1909 2557 1978 gnominavit,
2577 1910 2776 1980 inquit,
2794 1928 2988 1967 nomen
3012 1913 3131 1982 ejus
3148 1913 3386 1968 Meroen.
3404 1914 3777 1974 Refertautem

2202 2000 2349 2068 quod
2377 2015 2484 2052 nou
2532 2001 2708 2054 solum
2759 2000 3073 2072 Ethiopian
3109 2004 3201 2058 sed
3227 2013 3279 2058 et
3307 2003 3525 2076 IEgypti
3553 2023 3778 2076 regnum

2204 2091 2458 2144 tenuerit.
2495 2091 2774 2147 Addemus
2802 2104 2983 2147 autem
3003 2095 3183 2150 adhuc
3201 2105 3254 2149 et
3284 2111 3346 2149 ea
3386 2113 3508 2166 qua
3539 2097 3593 2151 in
3622 2114 3781 2154 sexa-

2203 2183 2410 2251 gesimo
2453 2183 2686 2251 septimo
2710 2185 2928 2252 psalmo
2957 2185 3025 2239 de
3053 2185 3156 2240 bac
3185 2187 3373 2240 eadem
3399 2188 3569 2244 forma
3600 2192 3778 2245 conti-

2203 2280 2423 2325 nentur.
2459 2272 2550 2326 Ait
2588 2288 2716 2343 ergo
2752 2274 2824 2327 ibi
2855 2293 2866 2327 :
2900 2274 3148 2346 Disperge
3177 2287 3349 2345 gentes
3380 2296 3495 2349 qua:
3524 2280 3658 2333 bella
3691 2298 3780 2335 eo-

2203 2364 2339 2426 lunt,
2380 2372 2429 2416 et
2468 2365 2676 2417 veniant
2707 2366 2870 2434 legati
2905 2383 2968 2419 ea:
2995 2366 3246 2438 zEggpto,
3278 2367 3553 2439 Etliiopia
3581 2390 3777 2442 prme-

2203 2454 2308 2506 niet
2353 2471 2540 2508 manus
2587 2456 2701 2525 ejus
2755 2456 2883 2512 Deo.
2935 2456 3113 2528 Regna
3160 2470 3334 2525 terra,
3388 2473 3595 2517 cantate
3649 2464 3775 2528 Deo,

2201 2546 2414 2615 psallite
2445 2548 2668 2602 Domino
2698 2548 2764 2604 “.
2795 2547 2888 2603 Est
2917 2550 3096 2605 adhuc
3135 2562 3331 2621 quarto
3383 2556 3435 2608 in
3476 2555 3595 2609 loro
3633 2560 3773 2626 apud

2206 2636 2537 2708 Sephoniam
2589 2640 2907 2711 pr0pbetam
2954 2640 3023 2696 de
3070 2641 3172 2696 bac
3214 2644 3401 2699 eadem
3452 2646 3621 2718 ﬁgura
3675 2649 3776 2702 hoc

2205 2733 2368 2787 moJo
2398 2733 2660 2802 scriptum
2692 2753 2704 2787 :
2736 2733 3020 2802 Propterea
3045 2736 3249 2788 sustine
3294 2753 3396 2801 me,
3438 2739 3567 2791 dicit
3594 2738 3748 2792 Domi

2204 2839 2322 2887 nus,
2354 2825 2407 2876 in
2437 2825 2522 2878 die
2553 2827 2948 2880 resurrectionis
2981 2840 3131 2889 meat,
3156 2826 3210 2878 in
3238 2830 3514 2898 martyrio,
3541 2830 3643 2884 hoc
3669 2839 3775 2893 est,

2201 2915 2256 2968 iu
2302 2915 2621 2980 testimonio,
2668 2921 2918 2986 quoniam
2943 2915 3209 2984 judicium
3250 2934 3419 2971 meum
3452 2923 3622 2972 estad
3650 2935 3775 2972 con-

2199 3007 2522 3076 gregationes
2543 3009 2800 3074 gentium,
2832 3017 2889 3060 ut
2917 3009 3200 3078 suscipiam
3231 3025 3394 3078 reges,
3425 3020 3473 3062 et
3503 3009 3775 3077 elundam

2203 3112 2358 3165 super
2386 3113 2472 3151 eos
2502 3113 2702 3152 omnem
2755 3098 2893 3150 iram
2950 3099 3333 3168 indignationis
3381 3115 3526 3152 mete.
3574 3097 3638 3150 In
3663 3101 3779 3167 igne

2204 3187 2305 3241 zeli
2335 3190 2435 3241 mei
2460 3198 2796 3241 consumetur
2819 3187 2989 3241 omnis
3019 3197 3184 3244 terra.
3215 3187 3477 3253 Quoniam
3508 3199 3632 3242 tunc
3659 3206 3775 3242 con-

2203 3290 2400 3334 vertam
2444 3281 2497 3333 iu
2537 3279 2747 3349 populis
2785 3281 3022 3351 linguam
3053 3283 3105 3335 in
3137 3281 3523 3352 generationem
3549 3281 3681 3349 ejus,
3715 3291 3772 3332 ut

2199 3371 2436 3425 invocent
2472 3389 2648 3426 omnes
2681 3389 2869 3426 nomen
2928 3373 3160 3440 Domini,
3213 3385 3260 3427 et
3315 3374 3542 3427 serviant
3586 3373 3634 3425 ei
3675 3373 3771 3426 sub

2189 3457 2322 3528 jugo
2359 3473 2486 3514 uno.
2525 3458 2599 3513 De
2630 3459 2774 3513 ultra
2797 3462 3024 3529 ﬂumina
3053 3461 3344 3530 ΑἱιΙιίορὶιε
3368 3464 3653 3531 suscipiam
3685 3477 3771 3515 eos

2197 3551 2290 3618 qui
2319 3548 2546 3617 dispersi
2571 3560 2716 3614 sunt,
2741 3562 2788 3605 et
2811 3553 3031 3620 afferent
3053 3554 3376 3622 sacriﬁcium
3409 3555 3556 3608 milii.
3593 3552 3657 3606 In
3688 3557 3772 3607 die

2197 3635 2294 3688 illa
2325 3652 2429 3689 non
2457 3638 2794 3706 confunderis
2836 3638 2978 3694 Saba
3008 3642 3075 3695 ab
3107 3644 3350 3695 omnibus
3387 3644 3760 3695 adiurentioni—

2197 3727 2290 3780 bus
2331 3729 2458 3792 tuis,
2495 3730 2548 3781 in
2581 3731 2769 3799 quibus
2814 3732 2970 3801 impie
3019 3735 3171 3802 egisti
3207 3735 3260 3786 in
3303 3734 3461 3787 me“.
3495 3734 3682 3789 Sedet
3714 3736 3769 3790 in

2192 3815 2425 3874 Ieremia
2475 3823 2738 3890 scriptum
2787 3833 2890 3888 est,
2930 3826 3073 3894 quod
3109 3826 3381 3894 principes
3416 3827 3636 3894 quidam
3668 3843 3769 3896 po-

2193 3911 2306 3980 puli
2337 3911 2504 3966 lsrael
2535 3913 2777 3967 miserint
2806 3913 3099 3970 Jeremiam
3127 3918 3181 3969 in
3201 3916 3375 3969 lacum
3412 3916 3647 3970 Melcliia:
3667 3918 3771 3987 ﬁlii

2193 4006 2352 4074 regis,
2386 4005 2476 4074 qui
2509 4016 2624 4058 erat
2658 4007 2713 4059 in
2750 4008 2906 4060 domo
2936 4011 3184 4074 carceris,
3209 4019 3257 4062 et
3283 4010 3629 4077 deposuerunt
3649 4028 3769 4065 cum

2194 4111 2312 4148 cum
2354 4098 2589 4164 funibus,
2624 4111 2674 4151 et
2704 4101 2758 4150 in
2790 4099 2911 4152 lacu
2951 4116 3054 4153 non
3083 4112 3197 4154 erat
3230 4118 3388 4172 aqua,
3423 4102 3512 4156 sed
3544 4120 3768 4161 (renutu.

2193 4195 2241 4239 et
2268 4197 2381 4240 erat
2405 4187 2458 4240 in
2485 4203 2647 4241 corno.
2676 4190 2906 4243 Audiens
2935 4201 3109 4244 autem
3131 4193 3484 4256 Abdimcleclt,
3521 4193 3768 4263 JEthiops

2192 4278 2274 4331 vir
2297 4279 2588 4344 eunuchus,
2621 4280 2709 4348 qui
2745 4291 2858 4333 erat
2896 4282 2950 4334 in
2986 4281 3142 4335 domo
3181 4286 3335 4352 regis,
3359 4286 3484 4353 quia
3515 4287 3768 4339 miserunt

2191 4369 2478 4424 Jeremiam
2518 4372 2572 4424 in
2603 4371 2801 4435 lacum,
2845 4372 3052 4426 locutus
3099 4383 3176 4427 est
3208 4377 3335 4444 regi,
3363 4387 3412 4430 et
3450 4379 3589 4431 dixit
3617 4396 3634 4432 :
3663 4381 3769 4434 Do-

518 4481 621 4518 non
656 4465 856 4519 credidi
895 4469 958 4523 iis
988 4473 1074 4540 qui
1119 4473 1465 4543 loquebantur
1493 4476 1622 4527 milii
1650 4491 1914 4545 usquequo
1946 4477 2088 4529 veni-

2199 4463 2333 4516 mine
2361 4477 2474 4528 rex,
2504 4462 2640 4514 male
2681 4463 2914 4530 fecerunt
2942 4464 3040 4516 viri
3070 4465 3160 4517 isti
3191 4469 3363 4518 omnia
3390 4485 3507 4536 qna-
3531 4470 3767 4537 fecerunt

516 4574 648 4618 rem.
691 4567 740 4610 et
789 4560 1025 4616 viderunt
1065 4566 1203 4618 oculi
1247 4567 1368 4627 mei,
1402 4578 1450 4620 et
1482 4583 1596 4620 ecce
1633 4583 1723 4620 nec
1763 4567 1933 4620 media
1958 4583 2084 4636 pars

513 4655 592 4700 est
615 4663 730 4716 qua:
757 4651 1138 4708 nuntiabantur
1177 4656 1326 4709 mihi.
1355 4656 1629 4709 Addidisti
1652 4659 1789 4710 enim
1821 4660 1956 4710 bona
1997 4673 2088 4710 su-

510 4755 606 4807 per
627 4753 824 4792 onmem
859 4744 1175 4798 auditionem
1223 4763 1375 4817 quam
1415 4749 1596 4801 audivi
1640 4749 1693 4801 in
1744 4762 1886 4802 terra
1941 4765 2080 4804 mea.

512 4825 696 4882 Beatte
726 4829 965 4884 mulieres
997 4844 1120 4897 tute,
1159 4833 1296 4887 beati
1325 4837 1475 4904 pueri
1505 4837 1596 4888 isti
1625 4839 1716 4906 qui
1745 4837 2002 4888 assistunt
2032 4837 2087 4888 in

508 4932 789 4987 conspectu
819 4930 907 4974 tuo
940 4939 1155 4994 semper,
1180 4935 1230 4978 et
1255 4927 1478 4980 audiunt
1513 4943 1716 4980 onmem
1744 4927 2086 4996 prudentiam

509 5019 680 5064 luam.
706 5010 786 5066 Sit
814 5013 1064 5069 Dominus
1096 5016 1233 5071 Deus
1261 5029 1379 5073 tuus
1410 5017 1730 5082 benedictus,
1760 5019 1850 5084 qui
1879 5017 1974 5070 tibi
2000 5018 2089 5071 dc-

507 5103 592 5156 dit
619 5103 788 5157 sedem
825 5105 1010 5162 Israel.
1043 5108 1310 5173 Quoniam
1346 5109 1536 5162 dilexit
1587 5108 1842 5160 Dominus
1887 5105 2080 5173 Israel,

2194 4555 2248 4606 in
2268 4552 2560 4606 Jeremiam
2584 4552 2912 4621 prophetam,
2935 4554 3058 4624 quia
3083 4556 3332 4611 miserunt
3353 4575 3469 4613 eum
3494 4561 3547 4612 in
3567 4560 3767 4626 lacum,

2193 4654 2244 4698 et
2275 4645 2532 4697 morietur
2564 4642 2639 4696 ibi
2667 4659 2699 4696 a
2732 4643 2868 4712 facie
2898 4644 3079 4713 famis,
3103 4651 3352 4716 quoniam
3379 4667 3480 4702 non
3510 4661 3630 4704 sunt
3649 4652 3768 4720 jam

2193 4751 2354 4804 panes
2389 4737 2442 4789 in
2475 4735 2707 4789 civitate.
2752 4733 2820 4790 Et
2869 4739 3112 4806 praecepit
3157 4756 3247 4793 rex
3287 4741 3389 4810 ipsi
3431 4743 3766 4798 Abdimelecn

2195 4825 2437 4894 Ethiopi
2465 4825 2640 4880 dicens
2667 4843 2686 4880 :
2714 4825 2858 4881 Tolle
2890 4828 3012 4881 hinc
3036 4830 3257 4900 triginta
3290 4833 3542 4900 homines,
3566 4844 3614 4887 et
3637 4836 3770 4887 educ

2196 4934 2316 4972 eum
2343 4919 2408 4970 de
2430 4918 2573 4981 lacu,
2613 4927 2672 4971 ut
2705 4935 2807 4972 non
2838 4918 2912 4972 ibi
2939 4921 3202 4975 moriatur
3224 4923 3290 4976 ⁸⁷.
3326 4923 3391 4978 Et
3417 4926 3548 4995 quid
3574 4927 3726 4994 plura
3747 4929 3772 4981 τ

2195 5009 2545 5064 Abdimelech
2582 5009 2840 5082 Ethiops
2869 5010 2971 5066 fuit
2998 5014 3092 5079 qui
3141 5011 3435 5071 Jeremiam
3481 5017 3671 5073 eduxit
3700 5019 3768 5072 de

2196 5103 2338 5157 lacu.
2376 5103 2440 5156 Et
2474 5104 2634 5173 paulo
2666 5114 2789 5174 post
2836 5123 2850 5160 :
2900 5106 3102 5160 Factus
3133 5117 3209 5162 est
3241 5125 3410 5161 sermo
3452 5110 3664 5164 Domini
3697 5110 3766 5163 ad

506 5203 559 5248 et
593 5193 752 5248 voluit
781 5213 896 5250 eum
923 5214 1221 5266 permanere
1248 5201 1301 5252 in
1327 5209 1605 5261 internum,
1629 5214 1756 5266 pasu
1770 5199 1808 5250 it
1835 5208 1881 5250 te
1912 5213 2081 5266 regem
2187 5193 2476 5248 Jeiemiam
2502 5196 2678 5250 dicens
2709 5213 2728 5252 :
2765 5196 2926 5264 Vade,
2949 5207 2998 5252 et
3020 5199 3107 5251 dic
3129 5198 3461 5254 Abdimelech
3499 5199 3764 5271 .Etlsiopi,

505 5302 662 5358 super
689 5303 797 5352 eos,
822 5297 877 5342 ut
907 5289 1075 5358 facias
1095 5289 1359 5358 judicium
1388 5305 1504 5343 cum
1536 5289 1776 5356 justitia,
1806 5297 1856 5340 et
1874 5287 2082 5356 judices

502 5394 612 5432 eos.
645 5376 711 5432 Et
745 5379 894 5434 dedit
934 5378 1207 5434 Salomoni
1251 5388 1460 5434 centum
1491 5379 1675 5448 viginti
1709 5378 1906 5431 talenta
1940 5379 2081 5443 auri,

502 5479 553 5523 ct
591 5471 931 5526 «loramenta
972 5473 1137 5526 multa
1189 5473 1361 5536 valde,
1396 5479 1448 5524 et
1492 5469 1726 5529 lapidem
1771 5470 2080 5539 pretiosum.

577 5659 617 5733 ξ
656 5659 816 5716 Νυιιι.
867 5681 964 5719 xu.
1095 5667 1139 5699 “
1175 5664 1336 5722 Num.
1370 5683 1470 5731 xu,
1502 5668 1552 5733 Ι,
1580 5669 1632 5722 2.

505 5728 551 5760 "
581 5729 725 5784 Psal.
797 5751 964 5802 uvtt,
995 5736 1084 5801 '50,
1111 5737 1200 5790 3|.
1277 5737 1323 5768 “
1351 5728 1514 5808 Soph.
1541 5728 1618 5803 ἰι,
1651 5738 1704 5803 8,
1730 5739 1782 5802 9,
1813 5741 1896 5804 l0,
1925 5741 2008 5793 ll.

1757 5669 1802 5700 ιι
1847 5669 1910 5724 ιιι
1951 5668 2082 5740 Reg.
2138 5669 2275 5732 ΧΑ,
2305 5668 2361 5731 2,
2393 5667 2446 5730 5,
2493 5668 2551 5726 ι.
2580 5666 2986 5740 ειμοηκειθ,
3028 5671 3112 5726 ιο.

2087 5741 2127 5770 ⁸⁷
2163 5740 2274 5793 Jer.
2312 5749 2539 5800 xuvi‘u,
2567 5739 2621 5800 6,
2649 5738 2698 5799 '7,
2723 5741 2775 5799 8,
2808 5739 2862 5798 9,
2894 5739 2976 5793 l0.

2188 5286 2367 5339 dicens
2394 5301 2412 5338 :
2445 5285 2535 5339 Sic
2575 5287 2706 5340 dicit
2755 5287 3009 5345 Dominus
3059 5287 3199 5343 Deus
3251 5288 3470 5345 Israel:
3511 5289 3643 5346 Ecce
3671 5310 3764 5363 ego

2191 5377 2397 5430 adduco
2429 5377 2581 5431 verba
2608 5395 2722 5432 mea
2759 5397 2920 5449 super
2958 5381 3225 5436 civitatem
3251 5367 3412 5435 istam
3447 5383 3503 5436 in
3527 5383 3691 5449 mala,
3712 5394 3763 5437 et

2190 5484 2294 5522 non
2324 5469 2380 5522 in
2407 5469 2568 5535 bona,
2595 5479 2645 5523 et
2675 5470 2890 5524 salvabo
2925 5480 2973 5524 te
3007 5472 3063 5524 in
3091 5472 3178 5525 die
3201 5473 3318 5536 illa,
3348 5482 3396 5527 et
3425 5489 3528 5526 non
3554 5474 3690 5528 dabo
3715 5484 3764 5528 te

3232 5671 3275 5703 “
3309 5669 3500 5727 Matth.
3534 5684 3605 5725 ιιι
3627 5710 3642 5738 ,
3671 5668 3757 5724 62.
