4134 6422
398 391 505 444 1υὸ

399 603 612 657 salvans
645 598 861 653 salvabo
907 606 974 662 te,
1013 603 1060 648 et
1090 595 1144 647 in
1179 591 1356 664 gladio
1391 606 1493 644 non
1531 588 1708 652 cades,
1744 585 1834 640 sed
1877 585 1978 638 erit

403 695 584 746 anima
617 700 710 744 tua
757 690 812 742 in
856 688 1106 751 salutem,
1151 683 1402 753 quoniam
1451 679 1677 748 conﬁsus
1707 693 1759 730 es
1792 677 1846 728 in
1876 691 1978 742 me,

403 785 534 838 dicit
567 781 824 836 Dominus
851 779 916 830 ⁸⁸.
971 775 1094 831 Haec
1126 775 1340 829 interim
1369 773 1435 826 ad
1465 785 1703 842 praesens
1736 769 1803 823 de
1835 767 1984 821 Scri-

407 872 582 942 pturis
633 870 838 926 sanctis
887 878 1179 921 occurrere
1229 867 1545 931 potuerunt,
1600 857 1798 927 quibus
1848 851 1980 907 mihi

405 965 618 1018 videtur
643 960 908 1032 propositi
939 959 1008 1013 de
1049 956 1292 1010 Canticis
1343 953 1678 1008 canticorum
1726 946 1984 1003 versiculi

405 1055 725 1127 mysterium
779 1049 1146 1120 comprobari,
1195 1048 1248 1100 in
1292 1061 1401 1114 quo
1450 1043 1622 1108 dicit:
1661 1040 1840 1095 Fusco
1866 1056 1984 1093 sum

408 1149 536 1220 (sive
553 1145 728 1216 nigra)
753 1154 801 1199 et
827 1145 1080 1214 formosa,
1109 1139 1237 1208 ﬁlia:
1263 1135 1618 1201 Hierusalem,
1639 1134 1774 1188 sicut
1807 1133 1986 1184 taber-

409 1239 663 1295 naculum
694 1237 887 1300 Cedar,
914 1244 962 1288 et
987 1235 1124 1288 sicut
1167 1231 1326 1301 pelles
1356 1227 1678 1284 Salomonis.
1706 1223 1988 1278 Invenitur

407 1346 540 1400 ergo
589 1329 807 1400 Moyses
860 1327 915 1380 in
975 1322 1228 1378 Numeris
1283 1321 1528 1388 accipere
1589 1314 1986 1384 IEthiOpissam

414 1436 642 1476 uxorem
691 1420 924 1484 fuscam,
988 1415 1073 1470 vel
1131 1415 1368 1483 nigram,
1420 1425 1526 1480 pro
1577 1422 1685 1478 qua
1727 1403 1897 1459 Maria
1935 1410 1990 1458 et

414 1515 594 1570 Aaron
626 1516 880 1582 derogant
907 1510 980 1576 ei,
1022 1517 1076 1564 et
1099 1508 1443 1576 indignantes
1467 1501 1656 1556 dicunt
1684 1517 1697 1552 :
1733 1493 1988 1565 Nunquid

414 1605 588 1676 Moysi
607 1605 708 1658 soli
734 1603 987 1657 Dominus
1025 1600 1232 1654 locutus
1267 1595 1392 1650 est?
1426 1592 1618 1646 Nonne
1649 1599 1699 1644 et
1729 1587 1876 1642 nobis
1905 1587 1990 1640 lo-

407 1709 560 1752 cutus
589 1707 668 1752 est
691 1698 778 1751 "‘t
821 1695 878 1750 ln
927 1710 1036 1765 quo
1079 1694 1125 1749 si
1174 1692 1459 1759 diligenter
1500 1683 1848 1748 consideres,
1893 1693 1992 1735 nec

408 1788 862 1859 consequentiam
897 1799 1078 1842 sermo
1121 1782 1395 1837 invenitur
1440 1778 1639 1832 habere
1672 1773 1984 1831 historicus.

406 1878 552 1946 Quid
589 1878 732 1933 enim
779 1874 1073 1931 convenire
1123 1873 1190 1926 ad
1237 1883 1352 1924 rem
1395 1867 1690 1932 videbitur,
1742 1872 1805 1918 ut
1847 1861 1988 1918 indi-

407 1976 642 2037 gnantes
663 1981 762 2036 pro
785 1962 1126 2032 JEthiopissa
1152 1960 1338 2016 dicant
1370 1976 1384 2012 :
1416 1955 1668 2026 Nunquid
1687 1953 1788 2008 soli
1817 1950 1990 2022 Moysi

409 2059 617 2112 locutus
659 2065 736 2110 est
782 2054 1076 2108 Dominus?
1109 2051 1298 2106 Nonne
1344 2059 1395 2104 et
1437 2050 1585 2104 nobis
1617 2047 1828 2101 locutus
1869 2045 1991 2100 est?

410 2146 706 2218 Oportebat
731 2148 898 2212 enim,
938 2145 984 2200 si
1032 2145 1134 2200 hoc
1168 2151 1296 2198 erat
1329 2143 1382 2197 in
1414 2156 1602 2207 causa,
1636 2139 1745 2196 dici
1780 2138 1850 2194 ab
1880 2138 1986 2203 eis,

411 2256 520 2295 non
547 2241 788 2310 oportuit
822 2247 893 2304 te,
915 2253 949 2293 ο
975 2237 1212 2309 Moyses,
1246 2251 1474 2291 uxorem
1506 2235 1753 2306 accipere
1786 2231 1991 2287 [Ethio-

410 2333 637 2402 pissam,
671 2340 724 2387 et
752 2331 819 2386 de
849 2331 1056 2386 semine
1077 2329 1278 2394 Cham,
1314 2329 1409 2384 sed
1451 2328 1518 2383 de
1562 2342 1757 2398 genere
1788 2336 1901 2392 tuo,
1935 2333 1992 2381 et

409 2427 477 2482 de
497 2429 658 2483 domo
681 2427 828 2482 Levi.
856 2425 1062 2482 Horum
1096 2425 1233 2480 nihil
1256 2425 1462 2491 dicunt,
1491 2425 1585 2480 sed
1615 2425 1770 2478 aiunt
1802 2442 1815 2478 :
1844 2421 1992 2476 Nun-

407 2519 536 2588 quid
583 2517 755 2589 Hoysi
800 2517 900 2572 soli
946 2517 1148 2571 locutus
1180 2526 1256 2570 est
1295 2515 1476 2568 Deus?
1521 2513 1708 2568 Nonne
1751 2522 1800 2568 et
1840 2513 1990 2566 nobis

405 2614 622 2670 lautus
653 2614 770 2667 est?
799 2614 858 2666 ln
890 2627 1000 2682 quo
1033 2622 1086 2666 et
1115 2610 1249 2664 mihi
1285 2608 1503 2662 videtur
1542 2605 1841 2662 secundum
1872 2622 1990 2678 my-

411 2705 640 2759 sterium
673 2704 848 2772 magis
895 2702 1226 2757 intellexisse
1267 2699 1411 2769 quod
1450 2707 1660 2767 gestum
1685 2707 1791 2763 est,
1823 2706 1876 2754 et
1904 2698 1994 2752 vi-

412 2794 563 2848 disse
617 2793 762 2862 quod
803 2795 916 2864 jam
959 2793 1192 2864 Moyses,
1237 2793 1289 2846 id
1337 2803 1419 2848 est
1465 2790 1722 2862 Spiritalis
1763 2788 1888 2860 lex,
1937 2791 1993 2845 iu

415 2885 635 2954 nuptias
661 2895 720 2940 et
747 2885 1061 2956 conjugium
1098 2894 1437 2956 congregatae
1487 2900 1554 2939 ex
1593 2883 1844 2955 gentibus
1889 2882 1994 2937 mi-

413 2986 596 3044 graret
623 2975 880 3032 Ecclesiae
909 2995 922 3031 :
945 2983 999 3032 et
1019 2976 1242 3031 Mariam
1263 2991 1384 3045 qua:
1402 2974 1700 3047 Synagogae
1723 2973 1995 3029 derelictae

414 3065 672 3134 formam,
722 3076 777 3121 et
818 3069 1001 3122 Aaron
1049 3067 1144 3137 qui
1191 3066 1480 3122 sacerdotii
1515 3065 1752 3121 carnalis
1779 3064 1995 3120 tenebat

1713 371 1916 429 LIBER
1947 370 2335 428 SECUNDUS.

297 561 302 574 ,
401 515 456 565 in
501 522 687 561 manus
721 505 993 559 hominum
1029 517 1161 572 quas
1207 508 1262 553 tu
1310 499 1481 554 times.
1533 497 1578 550 Α
1623 493 1760 563 facie
1805 508 1985 546 eorum
2014 495 2061 551 Α
2091 490 2145 543 in
2198 486 2596 559 Evangeliis",
2629 482 2775 555 quod
2831 482 2885 537 in
2935 481 3023 538 die
3055 480 3247 552 judicii
3305 478 3487 535 veniat
3538 494 3665 535 cum

3563 364 3662 419 166

2082 580 2219 634 viris
2263 577 2628 652 generationis
2683 573 2992 641 incredulae,
3049 582 3104 628 et
3157 572 3487 628 condemnet
3543 585 3664 636 eos,

2082 673 2212 742 quia
2245 671 2392 726 venit
2424 687 2454 726 a
2488 671 2690 725 ﬁnibus
2735 678 2893 724 terrae
2923 668 3112 723 audire
3142 666 3465 737 sapientiam
3509 664 3665 718 Salo-

2063 764 2285 827 monis,
2318 771 2373 818 et
2402 762 2572 829 addit,
2618 762 2746 832 quia
2775 762 2894 831 plus
2940 758 3223 815 Salomone
3253 759 3336 812 hic
3360 758 3428 824 ⁵³,
3462 756 3666 812 docens

2083 871 2180 926 per
2210 857 2317 911 hoc
2342 855 2466 925 plus
2505 870 2628 910 esse
2665 855 2948 908 veritatem
2975 867 3138 923 quam
3163 849 3408 906 veritatis
3438 848 3664 919 ﬁguras.

2085 945 2243 1002 Venit
2273 961 2403 1018 ergo
2434 955 2487 1000 et
2510 947 2644 1013 haec,
2677 946 2786 1000 imo
2816 947 3114 1001 secundum
3151 945 3382 1015 ﬁguram
3415 940 3535 1011 ejus
3557 938 3664 992 Ec~

2085 1039 2252 1096 elesia
2285 1039 2435 1093 venit
2468 1054 2531 1093 ex
2564 1037 2814 1109 gentibus
2841 1037 3029 1092 audire
3063 1036 3385 1108 sapientiam
3417 1031 3659 1087 Salomo-

2087 1131 2172 1187 nis
2198 1131 2331 1196 veri,
2356 1139 2410 1186 et
2440 1131 2555 1186 veri
2588 1129 2797 1200 paciﬁci
2829 1128 3044 1183 Domini
3069 1130 3240 1184 nostri
3274 1127 3402 1183 Jesu
3436 1123 3664 1180 Christi.

2088 1223 2250 1278 Venit
2294 1231 2348 1277 et
2394 1223 2508 1278 haec
2550 1222 2727 1292 primo
2761 1221 2978 1292 quidem
3015 1231 3230 1277 tentans
3261 1235 3384 1274 eum
3413 1233 3510 1290 per
3529 1215 3666 1271 aeni-

2089 1324 2268 1384 gmata
2295 1322 2346 1368 et
2381 1315 2730 1384 quaestiones,
2754 1329 2874 1387 quae
2895 1314 2945 1369 ei
2977 1313 3128 1384 prius
3157 1312 3476 1368 insolubiles
3506 1313 3666 1368 vide-

2090 1405 2292 1460 bantur
2324 1423 2336 1459 :
2367 1414 2529 1476 atque
2551 1407 2619 1460 ab
2646 1406 2763 1476 ipso
2788 1407 2855 1462 de
2881 1406 3157 1477 agnitione
3181 1403 3344 1459 Verbi
3374 1402 3492 1471 Dei,
3514 1415 3569 1460 et
3596 1405 3664 1460 de

2091 1495 2358 1552 creaturis
2389 1498 2599 1564 mundi,
2635 1497 2746 1568 48
2785 1497 2867 1552 vel
2902 1498 2969 1552 de
2997 1495 3407 1551 immortalitate
3445 1495 3662 1558 animae.

2091 1595 2146 1641 et
2173 1586 2381 1656 judicio
2407 1588 2613 1652 futuro,
2639 1589 2786 1658 quod
2831 1575 2972 1657 apud
2998 1603 3118 1643 eam
3149 1595 3206 1642 et
3235 1587 3379 1657 apud
3413 1587 3668 1642 doctores

2091 1678 2212 1748 ejus
2237 1679 2464 1748 gentiles
2489 1679 2753 1735 duntaxat
2774 1679 3126 1750 philosophos
3158 1681 3425 1735 incertum
3454 1695 3671 1747 semper

2077 1777 2190 1822 aut
2216 1768 2443 1822 dubium
2466 1769 2740 1834 manebat,
2765 1770 3084 1824 absolvitur.
3121 1767 3279 1824 Venit
3306 1783 3436 1839 ergo
3470 1768 3668 1822 Hieru-

2089 1860 2285 1924 salem,
2317 1859 2384 1915 ad
2404 1859 2670 1915 visionem
2724 1861 2930 1915 scilicet
2962 1861 3133 1931 pacis,
3169 1875 3291 1915 cum
3323 1861 3672 1914 multitudine

2087 1959 2144 2007 et
2169 1951 2366 2007 virtute
2398 1951 2592 2019 multa,
2625 1967 2731 2007 non
2775 1952 2920 2006 enim
2953 1967 3076 2007 cum
3118 1966 3224 2006 una
3257 1952 3371 2006 sola
3397 1961 3575 2021 gente,
3608 1963 3669 2005 ut

2089 2043 2243 2114 prius
2265 2042 2548 2116 Synagoga
2579 2044 2723 2099 solos
2757 2043 2952 2098 habuit
2985 2042 3266 2106 Hebraeos,
3304 2043 3398 2098 sed
3424 2057 3550 2098 cum
3582 2052 3668 2096 to-

2087 2135 2201 2192 tius
2245 2136 2432 2190 mundi
2465 2135 2716 2208 gentibus
2755 2136 2924 2200 venit,
2955 2134 3206 2190 deferens
3234 2136 3398 2189 etiam
3437 2148 3668 2194 munera

2089 2228 2253 2298 digna
2277 2227 2521 2294 Christo,
2549 2228 3028 2284 odoramentorum
3053 2227 3323 2298 siquidem
3349 2226 3669 2291 suavitates,

2080 2335 2256 2391 'Opera
2285 2321 2494 2378 scilicet
2527 2322 2691 2385 bona,
2721 2339 2843 2392 quae
2875 2322 2940 2376 ad
2969 2320 3135 2375 Deum
3173 2337 3268 2390 per
3296 2321 3516 2375 odorem
3543 2337 3672 2376 sua-

2091 2412 2277 2468 vitatis
2308 2414 2627 2469 aseendunt.
2656 2413 2762 2469 Sed
2791 2422 2845 2468 et
2875 2430 3012 2468 auro
3044 2415 3190 2468 venit
3226 2414 3451 2484 repleta,
3488 2416 3668 2470 sensi-

2092 2503 2198 2559 bus
2247 2505 2366 2560 sine
2400 2505 2569 2560 dubio
2603 2515 2658 2560 et
2685 2505 3101 2560 rationabilibus
3149 2506 3474 2574 disciplinis,
3532 2522 3671 2575 quas

2093 2607 2220 2654 ante
2251 2599 2408 2654 ﬁdem
2433 2599 2612 2653 adhuc
2637 2613 2703 2652 ex
2727 2598 3003 2653 communi
3026 2608 3079 2653 et
3104 2599 3341 2653 scholari
3361 2599 3672 2654 eruditione

2095 2697 2404 2767 collegerat.
2453 2695 2655 2750 Detulit
2688 2695 2849 2749 etiam
2894 2694 3124 2764 lapidem
3159 2695 3479 2764 pretiosum,
3509 2711 3668 2764 quem

2094 2797 2416 2846 ornamenta
2446 2803 2661 2842 morum
2694 2795 2990 2857 posSumus
3038 2786 3361 2858 intelligere.
3397 2787 3532 2842 Cum
3568 2787 3672 2842 hoc

2095 2898 2226 2956 ergo
2251 2891 2514 2953 apparatu
2543 2882 2707 2936 intrat
2734 2881 2800 2935 ad
2827 2880 3114 2950 paciﬁcum
3150 2895 3332 2951 regem
3369 2879 3671 2948 Christum,

2096 2987 2148 3032 et
2172 2977 2274 3047 ipsi
2302 2974 2474 3046 aperit
2506 2990 2603 3030 cor
2636 2989 2820 3040 suum,
2861 2974 2913 3026 in
2946 2971 3291 3028 confessione
3321 2981 3375 3027 et
3401 2974 3672 3042 poeniten-

2097 3069 2170 3124 tia
2212 3069 2421 3124 scilicet
2463 3066 2884 3138 praecedentium
2917 3066 3265 3132 delictorum,
3305 3075 3358 3120 ct
3390 3066 3567 3121 locuta
3591 3077 3676 3120 est

415 3158 730 3228 imaginem,
765 3159 1008 3215 videntes
1037 3159 1279 3214 ablatum
1317 3173 1439 3214 esse
1480 3174 1510 3213 a
1551 3157 1859 3227 semetipsis
1900 3172 1990 3222 re:
2019 3163 2062 3222 C.
2095 3157 2144 3213 ei
2177 3158 2361 3212 omnia
2408 3173 2530 3227 quae
2567 3156 2804 3212 erantin
2837 3157 2999 3211 corde
3039 3171 3163 3219 suo,
3206 3164 3425 3225 propter
3450 3155 3592 3225 quod
3621 3164 3676 3210 et

413 3265 604 3318 gnum,
632 3259 687 3304 et
716 3250 906 3304 datum
938 3265 1060 3306 esse
1093 3249 1240 3322 genti
1270 3249 1488 3306 facienti
1520 3249 1730 3307 fructus
1763 3253 1882 3323 ejus
1911 3254 1986 3308 di-

411 3356 534 3396 cere
563 3360 576 3395 :
612 3340 870 3412 Nunquid
895 3341 1069 3412 Moysi
1106 3342 1206 3396 soli
1238 3341 1444 3395 locutus
1472 3352 1548 3396 est
1585 3341 1722 3397 Deus
1749 3344 1775 3396 ?
1802 3323 1992 3401 Nonne

411 3443 461 3485 et
488 3433 640 3486 nobis
676 3433 883 3486 locutus
911 3434 1031 3486 est?
1078 3431 1324 3503 Denique
1368 3443 1420 3488 et
1451 3431 1665 3503 Moyses
1711 3434 1826 3504 ipse
1861 3453 1989 3492 cum

417 3532 567 3578 tanta
598 3532 651 3578 et
676 3532 787 3578 tam
828 3525 1114 3594 magniﬁca
1142 3524 1262 3594 ejus
1288 3539 1452 3595 opera
1480 3525 1603 3580 ﬁdei
1632 3540 1696 3580 ac
1717 3528 1991 3596 patientia

412 3615 741 3683 referantur,
785 3632 1066 3687 nunquam
1094 3616 1260 3672 tantis
1291 3631 1319 3670 a
1349 3616 1460 3672 Deo
1496 3617 1672 3672 elatus
1697 3627 1780 3674 est
1807 3619 1990 3674 laudi-

415 3709 538 3776 bus,
570 3719 631 3765 ut
651 3725 796 3765 nunc
817 3725 942 3766 cum
964 3708 1359 3781 Ethiopissam
1387 3710 1542 3766 duxit
1563 3727 1811 3767 uxorem.
1835 3710 1991 3768 Nunc

412 3799 478 3855 de
505 3815 571 3855 eo
609 3801 828 3869 dicitur,
880 3801 1008 3873 quia
1046 3802 1252 3872 Moyses
1301 3804 1454 3857 homo
1489 3811 1793 3857 mansuetus
1837 3803 1990 3857 valde

411 3908 569 3961 super
593 3908 769 3947 omnes
799 3894 1034 3947 homines
1065 3895 1156 3963 qui
1182 3904 1302 3947 sunt
1337 3910 1495 3962 super
1525 3903 1723 3947 terram
1739 3893 1804 3946 ⁵⁸.
1836 3891 1990 3948 Nunc

409 3993 467 4037 et
492 3984 624 4038 illud
655 3983 723 4039 de
753 3999 819 4039 eo
850 3984 981 4039 dicit
1013 3983 1299 4052 Dominus,
1334 3985 1463 4055 quia
1493 3985 1540 4038 si
1568 3984 1732 4053 fuerit
1764 3985 1818 4038 in
1845 3986 1987 4039 vobis

411 4074 685 4143 propheta,
714 4073 769 4126 in
796 4073 1080 4128 visionibus
1105 4073 1294 4144 loquar
1315 4077 1384 4140 ei,
1417 4084 1510 4128 aut
1534 4077 1589 4129 in
1617 4067 1857 4144 somniis,
1885 4092 1990 4132 non

409 4169 489 4222 ita
525 4177 583 4221 ut
630 4167 834 4237 famulo
881 4183 994 4221 meo
1043 4167 1237 4238 Moysi,
1278 4168 1367 4238 qui
1401 4169 1454 4222 in
1491 4170 1633 4222 omni
1669 4169 1824 4223 domo
1873 4187 1990 4226 mea

410 4260 584 4330 fidelis
609 4268 708 4316 est.
742 4260 815 4316 0s
839 4261 908 4314 ad
937 4277 994 4314 os
1031 4259 1220 4331 loquar
1252 4260 1322 4314 ad
1345 4277 1482 4328 eum,
1511 4263 1563 4315 in
1594 4264 1781 4332 specie,
1807 4273 1858 4318 et
1886 4281 1989 4318 non

411 4352 466 4405 in
511 4351 810 4421 cnigmate,
847 4351 1073 4421 gloriam
1113 4350 1325 4405 Domini
1349 4351 1500 4406 vidit.
1544 4351 1613 4406 Et
1651 4370 1748 4406 cur
1781 4370 1886 4409 non
1921 4356 1991 4408 ti-

409 4443 621 4497 muistis
656 4444 928 4498 detrahere
964 4443 1166 4513 famulo
1201 4462 1314 4500 meo
1345 4444 1578 4515 Moysi"
1602 4445 1626 4500 ἲ
1652 4445 1777 4502 Hazc
1803 4449 1988 4504 omnia

409 4546 509 4602 pro
539 4533 796 4603 conjugio
840 4534 1196 4605 Ethiopissae
1233 4535 1446 4607 Moyses
1497 4537 1688 4593 audire
1731 4540 1930 4594 meruit
1956 4556 1986 4594 a

409 4621 662 4680 Domino.
693 4624 896 4681 Verum
927 4627 992 4682 de
1027 4627 1112 4682 his
1138 4627 1352 4696 plenius
1372 4628 1428 4683 in
1453 4628 1594 4683 libro
1622 4629 1987 4686 Numerorum

409 4716 686 4783 prosecuti
725 4732 956 4774 sumus:
997 4733 1120 4788 qua:
1152 4718 1200 4774 si
1227 4719 1353 4788 quis
1392 4719 1616 4790 dignum
1636 4720 1848 4790 judicat
1880 4737 1983 4778 no-

410 4819 582 4874 scere,
634 4807 725 4861 illa
773 4807 1073 4878 perquirat.
1111 4807 1268 4864 Nunc
1313 4818 1492 4864 autem
1529 4809 1759 4866 sufﬁciat
1792 4827 1989 4882 appro-

409 4895 541 4951 bare
573 4912 640 4953 ex
693 4897 780 4952 his
822 4899 969 4968 quod
1012 4899 1128 4968 ipsa
1169 4911 1252 4955 est
1296 4901 1472 4972 nigra,
1521 4909 1574 4956 et
1624 4901 1885 4972 formosa,
1933 4913 1987 4960 et

410 4984 770 5058 Ethiopissa,
822 5005 986 5058 quam
1026 4987 1272 5060 Moyses;
1317 4991 1369 5045 id
1419 5000 1522 5055 est,
1567 4992 1652 5048 lex
1700 4994 1984 5063 spiritalis,

411 5096 533 5148 qua!
555 5081 673 5136 sine
701 5083 867 5137 dubio
886 5081 1124 5138 Verbum
1149 5082 1243 5137 Dei
1260 5091 1312 5137 et
1331 5081 1582 5139 Christus
1601 5093 1703 5152 est,
1730 5087 1783 5140 in
1803 5087 1990 5156 conju-

410 5175 560 5244 gium
595 5190 759 5230 suum
777 5175 1018 5241 asciscit,
1044 5175 1169 5230 licet
1200 5175 1502 5232 obtrectent
1523 5167 1847 5248 etderogent
1865 5181 1987 5236 filiae

413 5265 767 5334 Hierusalem,
781 5268 936 5338 plebs
958 5268 1162 5323 scilicet
1190 5267 1292 5323 ista
1314 5283 1438 5323 cum
1457 5269 1830 5326 sacerdotibus
1847 5271 1984 5328 suis.

478 5357 773 5416 Videamus
803 5369 984 5415 autem
1019 5368 1073 5416 et
1115 5374 1178 5414 ea
1224 5375 1346 5430 quae
1377 5375 1441 5414 ex
1481 5361 1640 5416 tertio
1672 5359 1986 5432 Regnorum

411 5445 549 5500 libro
574 5450 900 5516 protulimus
928 5451 996 5507 de
1035 5451 1224 5520 regina
1277 5451 1441 5518 Saba,
1477 5460 1530 5506 et
1554 5452 1672 5522 ipsa
1707 5454 1984 5509 nihilomi-

410 5553 514 5594 nus
568 5537 926 5611 Ethiopissa,
977 5543 1066 5598 cui
1136 5544 1509 5598 testimonium
1567 5544 1660 5599 dat
1719 5545 1985 5603 Dominus

481 5727 557 5802 ’ἓξ-
584 5727 791 5802 fierem:
824 5748 1012 5799 xxxxx,
1050 5736 1136 5800 l5,
1169 5737 1254 5800 16.
1295 5739 1382 5802 17,
1418 5738 1504 5793 18.

1620 5741 1664 5773 ‘9
1693 5738 1854 5797 Num.
1891 5758 1988 5806 xu,
2019 5743 2076 5797 2.

2093 3247 2370 3313 Christus,
2406 3249 2500 3320 qui
2541 3259 2624 3304 est
2667 3264 2768 3319 pax
2801 3258 3006 3315 nostra,
3051 3247 3354 3303 enuntiavit
3399 3247 3445 3301 ei
3490 3247 3674 3303 omnia

2093 3341 2258 3396 verba
2295 3341 2435 3412 ejus,
2462 3351 2514 3396 et
2551 3357 2656 3395 non
2690 3350 2773 3396 est
2801 3343 3026 3396 verbum
3061 3341 3206 3412 quod
3228 3341 3470 3396 omiserit
3503 3358 3595 3396 rex
3620 3355 3675 3397 et

2093 3449 2202 3488 non
2228 3433 2594 3489 enuntiaverit
2619 3434 2688 3488 ei.
2721 3434 2966 3504 Denique
2994 3450 3115 3490 eum
3154 3435 3266 3505 jam
3301 3443 3514 3503 tempus
3549 3450 3671 3505 pas-

2094 3525 2265 3581 sionis
2300 3527 2781 3597 appropinquaret,
2816 3527 2894 3583 sic
2933 3528 3176 3598 loquitur
3217 3528 3283 3582 ad
3313 3542 3454 3592 eam,
3483 3528 3532 3582 id
3564 3539 3675 3593 est,

2093 3618 2160 3671 ad
2193 3619 2396 3674 electos
2429 3621 2728 3691 discipulos
2759 3635 2888 3675 suos
2918 3638 2930 3673 :
2960 3618 3084 3672 1am
3112 3635 3213 3672 non
3242 3620 3418 3672 dicam
3442 3636 3529 3673 vos
3555 3636 3669 3673 ser--

2091 3726 2202 3776 vos,
2243 3711 2333 3764 sed
2369 3713 2588 3776 amicos,
2628 3713 2755 3782 quia
2797 3729 2975 3766 servus
3016 3715 3180 3766 nescit
3213 3713 3339 3783 quid
3381 3712 3546 3781 faciat
3576 3711 3672 3764 do-

2093 3799 2268 3852 minus
2293 3801 2430 3870 ejus.
2477 3800 2591 3870 Ego
2632 3811 2812 3854 autent
2847 3812 2972 3856 nota
3012 3803 3111 3869 feci
3148 3802 3291 3855 vobis
3321 3805 3498 3857 omnia
3527 3817 3673 3873 qutt-

2091 3906 2294 3964 cunque
2314 3892 2493 3947 audiri
2515 3910 2547 3946 a
2572 3892 2728 3947 Patre
2756 3910 2866 3947 meo
2885 3894 2949 3948 ⁵⁸.
2981 3892 3071 3949 Sic
3092 3909 3220 3965 ergo
3247 3893 3501 3964 impletur
3525 3894 3669 3964 quod

2092 3986 2249 4053 dixit,
2275 3989 2402 4057 quia
2427 4003 2534 4042 non
2560 3985 2725 4042 fuerit
2753 3987 2979 4043 verbum
3005 3987 3148 4057 quod
3180 4003 3284 4042 non
3309 3985 3674 4041 enuntiaverit

2091 4077 2352 4150 paciﬁcus
2380 4077 2648 4134 Dominus
2683 4078 2884 4150 reginae
2919 4077 3076 4134 Sabae
3097 4079 3166 4144 ",
3199 4077 3250 4133 id
3281 4085 3384 4146 est,
3420 4076 3674 4133 Ecclesiae

2094 4185 2157 4224 ex
2183 4168 2434 4240 gentibus
2465 4177 2824 4241 congregatae.
2853 4167 3010 4235 Quod
3039 4169 3085 4224 si
3123 4166 3384 4222 intuearis
3412 4164 3671 4221 Ecclesia:

2092 4270 2318 4324 statum,
2353 4269 2406 4315 et
2438 4261 2872 4326 dispensationcs
2901 4260 3022 4331 ejus
3045 4259 3526 4327 ordinationesque
3551 4257 3670 4326 ejus

2092 4353 2432 4417 consideres,
2483 4358 2612 4406 tunc
2641 4351 2892 4406 advertes
2925 4350 3201 4420 quomodo
3243 4348 3428 4421 regina
3474 4348 3668 4402 mirata

2093 4445 2164 4500 sit
2185 4459 2403 4499 omnem
2431 4441 2768 4511 prudentiam
2794 4440 3124 4498 Salomonis.
3155 4439 3399 4495 Simuch
3429 4441 3668 4510 require,

2092 4551 2190 4591 cur
2239 4551 2349 4590 non
2400 4534 2600 4590 dixerit
2642 4548 2861 4590 omnem
2913 4533 3256 4604 sapientiam,
3307 4532 3401 4588 sed
3450 4544 3667 4586 omnem

2091 4627 2436 4699 prudentiam
2485 4627 2828 4694 Salomonis;
2884 4626 3145 4697 quoniam
3202 4623 3421 4695 quidem
3470 4622 3671 4678 eruditi

2092 4721 2194 4774 viri
2234 4721 2579 4791 prudentiam
2633 4721 2701 4775 de
2747 4719 3004 4774 humanis
3044 4717 3298 4789 negotiis,
3341 4715 3665 4786 sapientiam

2094 4812 2161 4869 de
2183 4813 2384 4868 divinis
2407 4813 2632 4884 intelligi
2660 4813 2868 4868 volunt.
2894 4810 3104 4867 Idcirco
3128 4810 3379 4866 fortassis
3402 4820 3456 4866 et
3483 4809 3670 4866 Eccle-

2097 4905 2177 4960 sia
2204 4920 2352 4959 nunc
2388 4903 2606 4960 interim
2636 4903 2840 4960 Christi
2880 4902 3225 4973 prudentiam
3257 4901 3508 4968 miratur,
3537 4901 3668 4957 dum

2097 4997 2152 5053 in
2180 4998 2342 5053 terris
2367 5005 2453 5052 est
2481 5005 2532 5051 et
2557 4997 2697 5050 inter
2722 4995 2972 5050 homines
3009 5003 3381 5050 conversatur.
3409 4991 3547 5047 Cum
3571 5007 3671 5047 au—

2093 5100 2201 5144 tem
2230 5088 2440 5143 venerit
2469 5087 2610 5158 quod
2645 5085 2945 5156 perfectum
2975 5095 3082 5154 est,
3115 5094 3168 5141 et
3199 5086 3267 5141 de
3296 5085 3458 5140 terris
3491 5092 3673 5138 trans-

2091 5181 2199 5236 lata
2227 5179 2393 5236 fuerit
2439 5180 2506 5234 ad
2538 5180 2758 5246 coelum,
2796 5190 2925 5234 tunc
2956 5177 3161 5234 videbit
3193 5191 3410 5232 omnem
3453 5175 3672 5245 sapien-

2092 5273 2224 5328 tiam
2253 5273 2392 5342 ejus,
2424 5287 2548 5326 cum
2573 5271 2686 5342 jam
2720 5285 2829 5324 non
2861 5285 2957 5340 per
2983 5269 3240 5339 speciem,
3287 5282 3395 5322 non
3420 5281 3517 5337 per
3538 5266 3671 5320 teni-

2092 5375 2298 5435 gmata,
2338 5364 2432 5420 sed
2477 5361 2618 5417 faeie
2667 5361 2734 5417 ad
2776 5359 2971 5417 faciem
2999 5362 3066 5417 de
3095 5360 3324 5429 singulis
3361 5358 3672 5428 quibusque

2094 5458 2386 5528 perspiciet
2411 5457 2477 5511 ".
2507 5457 2656 5511 Vidit
2686 5464 2866 5512 autem
2904 5463 2958 5510 et
2995 5453 3213 5509 domum
3240 5465 3404 5521 quam
3434 5449 3672 5505 aediﬁca-

2093 5548 2193 5614 vit,
2230 5551 2349 5605 sine
2378 5545 2545 5603 dubio
2579 5543 2972 5602 incarnationis
2994 5541 3115 5612 ejus
3143 5539 3418 5611 mysteria.
3445 5537 3562 5612 Ipsa
3588 5551 3670 5596 est

2170 5743 2216 5775 '°
2247 5741 2379 5797 ibid.
2411 5742 2466 5798 5.
2565 5741 2608 5773 ³³
2641 5739 2773 5796 ibid.
2800 5737 2853 5808 6,
2897 5739 2950 5807 7,
2984 5737 3038 5793 8.
3142 5736 3190 5768 ⁸¹
3221 5736 3414 5794 Matth.
3448 5752 3544 5802 xu,
3579 5732 3666 5789 ﬂ.

409 5795 461 5828 ⁸⁸
491 5797 619 5860 ibid.
695 5801 744 5833 “
763 5799 923 5858 Joan.
957 5795 1048 5871 xv,
1084 5795 1172 5869 η,
1211 5795 1300 5862 13.
1371 5795 1421 5840 ³³
1449 5809 1516 5863 ΙΙΙ
1552 5807 1684 5881 Reg.
1717 5795 1988 5866 χίδθηίίῖ

2093 5855 2106 5869 .
2137 5795 2379 5882 χιιιῖιὶξ

726 5894 995 5957 ΡΑτιιυι.
1046 5899 1162 5961 Gn.
1203 5899 1373 5962 Xlll.

3243 5885 3252 5889 ’
3317 5903 3356 5954 ιι
