4134 6492
457 385 560 442 107

1519 383 1845 443 ORIGENIS
1878 383 1945 438 IN
1981 380 2337 439 CANTICUM
2372 381 2643 436 CANTIC.

3601 384 3702 440 108

449 503 598 556 enim
626 501 822 558 domus
843 517 1006 572 quam
1035 501 1320 559 aediﬁcavit
1351 504 1454 560 sibi
1485 507 1767 576 sapientia.
1799 504 1944 559 Vidit
1969 513 2024 560 et
2056 507 2099 564 Α
2127 503 2236 558 suit
2260 511 2312 557 te
2345 517 2524 572 regem
2556 517 2718 572 super
2744 515 2889 556 eum.
2916 501 3128 568 Quem?
3151 501 3446 558 Paciﬁcum
3471 502 3589 559 sine
3613 505 3712 560 du-

451 593 607 648 cibos
653 591 984 650 Salomonis.
1038 595 1162 650 Illos
1210 604 1344 665 puto
1399 597 1465 653 de
1516 598 1717 668 quibus
1760 597 2019 652 dicebat:

455 681 604 737 Meus
639 683 786 737 cibus
811 693 909 749 est,
936 696 991 739 ut
1017 685 1216 755 faciam
1246 688 1570 743 voluntatem
1613 688 1728 757 ejus
1761 688 1850 758 qui
1881 688 2026 742 misit

453 789 554 837 me,
590 782 645 825 ut
673 774 943 843 perﬁciam
973 791 1100 844 opus
1127 777 1240 845 ejus
1260 777 1326 831 ".
1372 777 1517 832 Vidit
1538 786 1592 832 et
1622 778 1806 831 sedem
1830 791 2028 846 puero-

451 879 571 918 rum
600 864 739 934 ejus.
772 863 1212 924 Ecclesiasticum
1237 877 1368 938 puto
1403 868 1648 924 ordinem
1677 867 1829 932 dicit,
1853 869 1947 937 qui
1971 868 2026 923 in

340 1029 345 1038 ι
449 957 793 1028 episcopatus
823 959 908 1014 vel
935 960 1254 1032 presbyterii
1277 960 1498 1016 sedibus
1525 960 1775 1016 habetur.
1805 959 1952 1016 Vidit
1973 969 2030 1016 et

449 1047 842 1114 ordinationes,
875 1049 990 1105 sive
1020 1052 1285 1106 stationes
1313 1051 1690 1106 ministrorum
1723 1052 1867 1123 ejus.
1903 1051 2029 1107 Dia-

449 1155 733 1209 conorum,
767 1150 827 1197 ut
851 1142 984 1198 mihi
1005 1143 1240 1208 videtur,
1277 1143 1524 1200 ordinem
1557 1155 1826 1201 memorat
1848 1155 2028 1201 astan-

450 1234 585 1290 tium
635 1233 823 1290 divino
868 1235 1192 1291 ministerio.
1241 1233 1346 1290 Sed
1391 1248 1447 1292 et
1490 1245 1670 1293 vestes
1715 1237 1832 1307 ejus
1872 1238 2025 1294 vidit.

449 1326 575 1382 Illas
605 1326 768 1381 credo
799 1325 1001 1394 quibus
1047 1324 1227 1381 induit
1267 1341 1381 1393 eos,
1423 1325 1491 1382 de
1537 1327 1736 1396 quibus
1776 1326 1976 1382 dicitur
2009 1345 2022 1382 :

450 1419 758 1487 Quicunque
782 1425 958 1472 autent
982 1418 1037 1472 in
1060 1416 1272 1474 Christo
1301 1418 1561 1487 baptisati
1589 1420 1734 1484 estis,
1759 1416 2027 1472 Christum

448 1509 699 1563 induislis
727 1508 794 1564 ⁸⁸.
834 1506 938 1563 Sed
971 1519 1025 1565 et
1059 1509 1170 1565 vini
1205 1507 1419 1565 fusores
1452 1509 1597 1579 ejus,
1633 1509 1871 1563 arbitror
1919 1508 2027 1564 dici

450 1600 724 1662 doctores,
755 1597 848 1668 qui
881 1596 1118 1655 Verbum
1148 1598 1241 1655 Dei
1265 1609 1320 1654 et
1338 1599 1641 1655 doctrinam
1663 1599 1821 1671 quasi
1839 1599 2027 1654 vinum

449 1691 666 1760 p0pulis
718 1690 970 1755 miscent,
1020 1691 1166 1762 quod
1209 1691 1521 1747 auditorum
1562 1692 1726 1747 corda
1772 1691 2025 1747 laetiﬁcet.

456 1782 596 1837 Vidit
627 1791 682 1837 ct
712 1783 1028 1840 holocausta
1052 1784 1194 1855 ejus,
1225 1784 1534 1840 orationum
1559 1784 1678 1840 sine
1700 1784 1868 1840 dubio
1892 1798 2025 1854 sup-

449 1873 913 1948 plicationumque
944 1876 1222 1948 mysteria.
1248 1874 1375 1932 Haec
1400 1891 1530 1948 ergo
1563 1876 1746 1930 omnia
1776 1875 1866 1930 ubi
1893 1874 2028 1930 vidit

449 1967 502 2022 in
539 1967 704 2023 domo
744 1969 888 2038 regis
918 1955 1153 2038 paciﬁci,
1203 1966 1314 2023 imo
1358 1967 1587 2033 Christi,
1637 1967 1792 2037 nigra
1821 1965 1939 2022 haec
1969 1973 2026 2022 et

446 2057 692 2115 formosa
719 2059 1024 2130 obstupuit,
1057 2066 1111 2113 et
1132 2057 1209 2113 ait
1239 2057 1306 2113 ad
1336 2072 1461 2114 eum
1490 2075 1505 2112 :
1550 2055 1714 2111 Verus
1743 2067 1820 2112 est
1854 2073 2025 2112 sermo

446 2167 600 2222 quem
627 2151 808 2207 audivi
836 2151 890 2206 in
923 2159 1065 2206 terra
1104 2166 1219 2204 mea
1251 2151 1313 2204 de
1344 2148 1496 2205 verba
1527 2158 1616 2205 tuo
1635 2149 1770 2204 etde
1796 2149 2029 2218 pruden-

450 2243 527 2297 tia
558 2251 650 2297 tua
666 2243 733 2295 ⁸⁸.
762 2240 991 2312 Propter
1023 2239 1171 2297 enim
1203 2241 1429 2296 verbum
1460 2251 1614 2297 tuum
1647 2241 1792 2312 quod
1829 2239 2026 2312 agnovi

447 2349 634 2389 verum
667 2348 789 2388 esse
811 2333 1056 2400 verbum,
1074 2332 1196 2389 veni
1223 2333 1290 2388 ad
1323 2342 1392 2388 te.
1417 2331 1612 2386 Omnia
1635 2331 1837 2387 etenim
1862 2331 2027 2386 verba

446 2440 569 2495 quae
601 2424 734 2479 mihi
757 2425 1095 2490 dicebantur,
1126 2433 1180 2480 et
1214 2439 1336 2494 qua:
1364 2422 1673 2490 audiebam,
1704 2437 1828 2478 cum
1847 2436 2027 2477 essem

446 2516 503 2572 in
537 2526 681 2572 terra
719 2531 862 2584 mea,
891 2531 922 2571 a
955 2515 1272 2572 doctoribus
1305 2514 1512 2572 scilicet
1547 2513 1731 2570 saeculi
1764 2523 1820 2570 et
1848 2513 2026 2585 philo-

446 2605 657 2676 sophis,
692 2619 800 2659 non
838 2614 994 2659 erant
1019 2620 1169 2662 vera.
1196 2604 1347 2661 Istud
1372 2613 1456 2661 est
1483 2604 1661 2660 solum
1687 2620 1871 2660 verum
1907 2617 2026 2658 ver-

450 2699 574 2756 bum
607 2695 753 2766 quod
791 2704 875 2752 est
914 2695 968 2750 in
1003 2705 1073 2752 te.
1111 2696 1216 2752 Sed
1243 2695 1496 2752 fortassis
1553 2695 1912 2766 quaerendum
1944 2694 2024 2749 vi-

443 2787 682 2856 debitur,
722 2788 998 2859 quomodo
1039 2788 1187 2844 dicat
1223 2788 1336 2860 regi
1373 2787 1563 2858 regina
1589 2787 1726 2853 hate,
1752 2785 1881 2858 quia
1909 2801 2022 2841 non

443 2879 645 2936 credidi
677 2879 763 2935 bis
798 2895 922 2948 qua:
953 2879 1273 2934 dicebantur
1299 2879 1434 2933 mihi
1467 2878 1534 2934 de
1571 2888 1644 2945 te,
1681 2893 1805 2934 cum
1834 2877 2024 2948 utique

444 2984 554 3025 non
585 2969 823 3025 venisset
853 2969 920 3024 ad
951 2968 1257 3036 Christum,
1280 2967 1385 3024 nisi
1406 2966 1745 3024 credidisset.
1773 2965 1880 3023 Sed
1902 2966 2024 3022 vide

444 3062 490 3120 si
515 3075 809 3131 possumus
845 3061 950 3116 hoc
985 3061 1145 3116 modo
1189 3060 1398 3116 solvere
1441 3059 1589 3130 quod
1618 3060 1861 3130 ponitur.
1896 3057 2023 3112 Non

2133 593 2244 648 bio.
2272 593 2526 649 Christus
2551 595 2696 648 enim
2723 601 2806 650 est
2831 608 2937 664 pax
2966 602 3176 658 nostra,
3204 595 3297 664 qui
3329 595 3458 650 fecit
3482 604 3713 666 utraque

2135 700 2328 749 unum,
2351 694 2405 740 et
2433 685 2672 741 medium
2695 687 2955 756 parietem
2980 688 3127 758 scpis
3153 688 3336 745 solvit.
3363 686 3424 742 Et
3448 697 3569 757 post
3598 689 3711 743 haec

2127 776 2333 841 omnia,
2354 776 2522 842 dedit,
2551 777 2744 847 inquit,
2775 786 2983 831 centum
3007 779 3191 849 viginti
3221 778 3420 832 talenta
3451 781 3571 833 astri
3604 782 3714 849 regi

2129 866 2409 923 Salomoni
2434 868 2482 900 “
2514 869 2705 938 regina
2742 867 2905 924 Saba.
2940 867 3213 925 Numerus
3252 869 3341 924 hic
3377 885 3480 925 (ιιι-ι
3518 885 3712 926 consc-

2127 970 2314 1016 cratus
2342 969 2426 1016 est
2455 961 2579 1016 vita:
2611 959 2894 1016 hominum
2921 975 3113 1018 eorum
3138 962 3233 1033 qui
3261 961 3481 1018 fuerunt
3511 963 3564 1018 in
3591 963 3709 1019 die-

2127 1052 2230 1108 bus
2261 1051 2598 1125 mNoe",
2649 1053 2847 1122 quibus
2893 1054 3036 1111 istud
3095 1054 3411 1111 conceditur
3471 1054 3707 1125 spatium

2127 1144 2253 1199 vitae
2287 1186 2303 1212 ,
2353 1160 2465 1214 quo
2525 1145 2825 1200 invitantur
2872 1145 2938 1200 ad
2988 1147 3389 1216 pmnitentiam.
3437 1145 3560 1218 Ipse
3611 1163 3712 1202 au-

2128 1242 2236 1290 tem
2287 1250 2554 1292 numerus
2593 1250 2862 1291 annorum
2907 1246 2962 1293 et
2987 1238 3162 1309 Moysi
3197 1238 3321 1292 vitae
3369 1237 3490 1293 fuit.
3541 1236 3711 1293 OtIert

2127 1342 2260 1398 ergo
2317 1327 2539 1406 Christo
2595 1326 2836 1382 Ecclesia
2885 1327 2941 1382 in
2985 1328 3106 1382 auri
3152 1329 3332 1399 specie
3376 1337 3431 1384 et
3471 1328 3712 1399 pondere

2130 1435 2238 1474 non
2289 1419 2464 1473 solum
2509 1419 2911 1473 multitudinem
2951 1433 3213 1475 sensuum
3250 1434 3476 1475 suorum
3513 1427 3569 1474 et
3615 1419 3706 1474 in-

2129 1509 2464 1573 tellectuum,
2497 1509 2591 1564 sed
2631 1509 2733 1579 legi
2761 1507 2853 1563 Dei
2888 1519 3240 1565 consecratos
3273 1511 3476 1565 indicat
3511 1525 3711 1566 sensus

2130 1615 2262 1656 suos
2290 1615 2386 1670 per
2415 1600 2560 1654 hunc
2599 1599 2693 1670 qui
2725 1598 2896 1671 Moysi
2948 1614 3123 1656 annos
3152 1600 3278 1655 vita:
3323 1601 3565 1656 continet
3601 1616 3712 1656 nu-

2130 1708 2364 1748 merum.
2425 1690 2595 1747 Oﬁ‘ert
2641 1691 2805 1748 etiam
2855 1692 3154 1748 suavitates
3201 1693 3709 1760 odoramentorum,

2133 1783 2325 1855 quales
2350 1793 2404 1840 et
2433 1793 2651 1855 quanta:
2676 1800 2958 1855 nunquam
2989 1793 3272 1842 venerant.
3303 1783 3398 1840 Vel
3433 1785 3710 1841 orationes

2129 1878 2184 1933 in
2215 1878 2339 1943 hoc,
2369 1877 2454 1932 vel
2488 1891 2652 1948 opera
2682 1876 3072 1933 misericordia
3120 1876 3378 1946 intellige.
3412 1875 3705 1947 Nunquam

2126 1971 2272 2026 enim
2305 1969 2389 2024 vel
2421 1978 2530 2024 tam
2559 1976 2706 2025 recte
2735 1978 3008 2034 oraverat,
3045 1977 3106 2023 ut
3136 1983 3282 2023 nunc
3311 1983 3436 2023 cum
3475 1969 3711 2024 accessit

2126 2061 2198 2116 ad
2231 2059 2533 2128 Christum,
2573 2059 2658 2115 vel
2693 2068 2803 2115 tam
2849 2060 2936 2130 pie
2969 2069 3190 2130 operata
3240 2059 3438 2125 fuerat,
3486 2070 3545 2116 ut
3581 2077 3705 2117 cum

2129 2150 2388 2222 cognovit
2411 2149 2681 2221 justitiam
2705 2165 2862 2206 suam
2892 2164 3000 2204 non
3030 2148 3214 2206 facere
3249 2165 3435 2206 coram
3470 2151 3709 2208 homini-

2130 2239 2259 2306 bus,
2303 2238 2399 2294 sed
2438 2253 2624 2293 coram
2661 2237 2820 2294 Patre
2851 2239 2946 2310 qui
2983 2239 3132 2294 videt
3170 2239 3224 2295 in
3264 2241 3614 2307 abscondito,
3657 2252 3712 2299 et

2129 2331 2319 2386 reddet
2350 2330 2527 2400 palam
2557 2331 2624 2386 “.
2673 2330 2781 2384 Sed
2821 2331 3051 2386 multum
3101 2340 3186 2386 est
3224 2333 3416 2390 alienis
3466 2333 3520 2388 in
3574 2335 3711 2392 locis

2126 2421 2291 2478 simul
2319 2422 2572 2476 universa
2602 2421 2852 2493 persequi
2887 2425 3020 2487 haec,
3045 2437 3166 2494 quae
3198 2425 3495 2480 testimonii
3527 2426 3701 2497 gratia

2125 2513 2379 2568 videntur
2417 2523 2718 2584 assumpta.
2775 2511 3056 2569 Sufﬁciunt
3101 2514 3204 2570 ista
3250 2515 3318 2572 de
3365 2517 3525 2572 tertio
3569 2516 3709 2573 libro

2129 2605 2465 2674 Regnorum.

2198 2693 2496 2753 Videamus
2548 2694 2734 2766 aliqua
2779 2710 2847 2751 ex
2897 2696 2984 2754 bis
3011 2713 3132 2768 qua:
3179 2697 3246 2754 de
3292 2714 3441 2754 vatt
3493 2698 3709 2769 psalmo

2121 2787 2472 2858 protulimus,
2495 2785 2586 2841 ubi
2631 2786 2737 2841 ait:
2762 2785 3045 2858 AEtltiopia
3069 2792 3349 2858 prteueniet
3376 2806 3564 2846 manus
3595 2792 3711 2860 ejus

2131 2880 2238 2935 Deo
2276 2880 2342 2934 ⁸⁸⁷.
2412 2876 2470 2933 Si
2531 2877 2676 2933 enim
2746 2877 3010 2936 intuearis
3061 2883 3339 2950 quomodo
3395 2897 3462 2937 ex
3511 2882 3712 2938 delicto

2122 2965 2288 3024 Israel
2332 2967 2403 3024 sit
2453 2967 2602 3023 salus
2649 2966 2924 3038 gentibus,
2967 2978 3021 3024 et
3060 2970 3206 3040 quod
3257 2971 3480 3026 illorum
3522 2971 3713 3041 lapsus

2125 3059 2436 3116 introeundi
2493 3057 2639 3114 viam
2696 3059 3013 3116 nationibus
3058 3060 3239 3125 dedit,
3275 3061 3526 3117 advortes
3570 3076 3711 3131 quo-

443 3153 531 3217 iis,
557 3153 751 3224 inquit,
784 3153 1094 3224 credidiqui
1120 3152 1468 3223 loquebantur
1492 3151 1702 3206 mihi“.
1728 3149 1850 3206 Non
1872 3149 2018 3205 enim
2049 3178 2092 3238 ρ
2124 3153 2288 3209 modo
2335 3150 2597 3222 praevenit
2628 3158 2682 3206 et
2726 3151 2984 3220 praecedit
3008 3140 3318 3220 Ethiopian
3342 3165 3539 3207 manus
3560 3192 3576 3218 ,
3612 3151 3715 3206 hoc

444 3245 604 3301 tidem
630 3261 806 3302 meam
848 3246 902 3301 in
940 3245 1064 3302 illos
1097 3245 1190 3316 qui
1220 3245 1387 3300 locuti
1415 3252 1544 3300 sunt
1575 3243 1642 3299 de
1671 3251 1743 3306 te.
1769 3243 1864 3299 sed
1893 3242 1948 3297 in
1971 3250 2025 3299 te

443 3337 639 3403 direxi,
674 3337 727 3392 id
758 3345 843 3393 est
872 3351 981 3391 non
1013 3335 1349 3401 hominibus,
1398 3334 1494 3390 sed
1525 3333 1622 3389 tibi
1659 3333 1865 3389 credidi
1891 3333 2022 3389 Deo.

445 3423 510 3481 Et
545 3443 640 3498 per
665 3426 788 3482 illos
816 3425 1036 3497 quidem
1060 3425 1263 3493 audivi,
1295 3425 1363 3480 ad
1390 3432 1443 3480 te
1465 3431 1648 3480 autem
1668 3423 1817 3490 veni,
1847 3432 1902 3480 et
1928 3423 2027 3479 tibi

444 3517 669 3583 credidi,
702 3517 845 3588 apud
874 3529 1035 3586 quem
1063 3514 1236 3570 multo
1261 3515 1417 3586 plura
1442 3513 1698 3570 viderunt
1721 3513 1869 3570 oculi
1893 3512 2024 3581 mei,

442 3625 608 3680 quam
643 3608 1110 3664 annuntiabantur
1132 3606 1290 3660 mihi.
1326 3605 1537 3662 Revera
1573 3608 1719 3663 enim
1744 3620 1869 3662 cum
1902 3620 2028 3676 per-

443 3702 652 3758 venerit
693 3700 847 3772 nigra
888 3701 1003 3755 haec
1033 3709 1088 3755 et
1115 3697 1357 3756 formosa
1384 3698 1441 3753 in
1473 3697 1813 3754 Hierusalem
1860 3697 2027 3754 cccle-

443 3801 606 3858 stem,
629 3800 683 3845 et
710 3789 953 3860 ingressa
984 3787 1150 3842 fuerit
1172 3786 1438 3842 visionem
1464 3785 1635 3856 pacis,
1666 3785 1840 3839 multo
1868 3784 2027 3854 plura

443 3889 498 3937 et
539 3877 1008 3950 magniﬁcentiora
1054 3890 1217 3946 quam
1251 3889 1400 3930 nunc
1432 3873 1482 3929 ei
1515 3879 1645 3929 sunt
1677 3872 2023 3940 annuntiata,

443 3969 754 4043 perspiciet.
785 3965 942 4023 Nunc
970 3967 1116 4022 enim
1155 3974 1420 4036 tanquam
1454 3965 1509 4018 in
1539 3963 1764 4033 speculo
1798 3970 1850 4018 et
1886 3961 2026 4017 aeni-

443 4068 645 4130 gmate,
679 4069 811 4114 tunc
840 4066 1020 4112 autem
1055 4055 1260 4110 videbit
1296 4053 1436 4110 faeie
1473 4053 1541 4107 ad
1582 4053 1775 4108 faciem
1797 4051 1865 4117 “,
1900 4066 2029 4106 cum

447 4164 812 4223 consequetur
837 4165 899 4206 ea
933 4164 1056 4220 quae
1078 4146 1270 4204 oculus
1295 4160 1404 4202 non
1431 4145 1586 4212 vidit,
1628 4159 1727 4200 nec
1758 4144 1905 4199 auris
1927 4159 2030 4199 au-

445 4244 601 4308 divit,
635 4257 735 4298 nec
763 4241 816 4296 in
853 4255 950 4297 cor
983 4238 1222 4294 hominis
1258 4235 1642 4293 ascenderunt.
1680 4233 1741 4288 Et
1776 4245 1909 4290 tunc
1949 4235 2032 4288 vi-

451 4334 620 4399 debit,
656 4332 782 4402 quia
807 4345 908 4386 nec
938 4329 1202 4384 medietas
1234 4341 1427 4384 eorum
1448 4334 1550 4391 est,
1576 4341 1698 4397 quas
1731 4325 1939 4381 audivit
1975 4325 2030 4380 in

446 4430 547 4480 hac
576 4437 674 4480 sua
705 4432 848 4478 terra
878 4423 1074 4495 posita.
1113 4419 1292 4475 Beata:
1324 4433 1455 4491 ergo
1483 4428 1612 4474 sunt
1632 4418 1891 4473 mulieres
1930 4416 2031 4473 Sa-

2125 3253 2210 3302 est
2236 3243 2477 3316 gentium
2518 3241 2776 3313 populus,
2811 3240 2932 3297 illos
2969 3241 3036 3296 ad
3067 3240 3259 3309 Deum,
3291 3242 3492 3312 quibus
3517 3241 3708 3312 primis

2126 3337 2253 3394 data
2284 3344 2414 3392 sunt
2447 3335 2663 3404 eloquia
2695 3333 2812 3398 Dei,
2853 3341 2908 3389 et
2951 3333 3007 3388 in
3033 3332 3137 3389 hoc
3163 3333 3425 3402 compleri
3452 3331 3708 3387 :zEtltioo

2126 3429 2216 3498 pia
2243 3425 2522 3497 prteveniet
2559 3441 2747 3480 manus
2771 3425 2884 3495 ejus
2914 3423 3059 3490 Deo;
3107 3433 3159 3480 et
3189 3425 3248 3480 ﬁt
3271 3424 3425 3496 nigra
3458 3425 3558 3480 ista
3591 3423 3710 3480 for-

2128 3531 2305 3582 mosa,
2347 3515 2562 3571 etiamsi
2612 3515 2845 3582 nolunt,
2891 3515 3107 3571 etiamsi
3159 3516 3399 3572 invident
3433 3525 3487 3571 et
3530 3517 3717 3572 obtre-

2129 3614 2280 3664 ctant
2322 3605 2447 3662 ﬁliae
2473 3604 2834 3662 Hierusalem.
2887 3605 2992 3663 Sed
3045 3615 3099 3664 et
3129 3608 3409 3678 prophetae
3455 3608 3701 3664 testimo-

2127 3698 2280 3754 nium
2311 3698 2457 3769 quod
2499 3699 2786 3770 posuimus
2806 3737 2823 3764 ,
2857 3697 2950 3753 ubi
2983 3700 3223 3769 suscepit
3250 3698 3516 3755 Dominus
3544 3700 3710 3754 etiam

2126 3805 2222 3847 eos
2249 3790 2342 3861 qui
2389 3790 2616 3847 veniunt
2657 3790 2724 3846 de
2775 3791 2911 3848 locis
2941 3807 3062 3863 quae
3110 3801 3239 3847 sunt
3291 3790 3433 3846 ultra
3484 3791 3714 3847 ﬂumina

2128 3880 2456 3952 Ethiopum
2484 3880 2549 3947 ⁸⁸,
2581 3891 2636 3936 et
2673 3880 2909 3937 aﬁ‘erunt
2942 3881 3152 3938 hostias
3180 3879 3314 3947 Deo,
3350 3881 3513 3937 simili
3547 3895 3712 3937 sensu

2130 3973 2524 4029 advertendum
2555 3980 2706 4043 puto.
2745 3969 2973 4026 Videtur
3003 3971 3149 4026 enim
3185 3969 3320 4024 mihi
3341 4010 3355 4036 ,
3390 3969 3538 4042 quod
3569 3969 3712 4025 ultra

2129 4063 2354 4119 ﬂumina
2387 4062 2679 4134 Ethiopia:
2709 4077 2832 4120 esse
2881 4062 3087 4118 dicitur
3133 4061 3260 4126 ille,
3299 4061 3394 4132 qui
3447 4061 3633 4116 nimiis
3659 4069 3714 4116 et

2133 4154 2704 4227 superabundantibus
2751 4153 2990 4225 peccatis
3033 4153 3346 4210 infuscatus
3384 4161 3488 4218 est,
3515 4163 3568 4209 et
3593 4164 3715 4210 atro

2134 4245 2356 4303 malitiae
2390 4243 2516 4301 fuco
2543 4243 2776 4300 infectus
2805 4244 2959 4316 niger
2985 4252 3039 4299 et
3065 4243 3442 4300 tenebricosus
3467 4252 3554 4300 est
3587 4244 3714 4300 red-

2133 4337 2314 4404 ditus;
2355 4341 2410 4390 et
2457 4343 2636 4390 tamen
2681 4349 2752 4389 ne
2777 4332 2878 4388 hos
2913 4332 3135 4405 quidem
3185 4333 3396 4402 repellit
3426 4331 3713 4397 Dominus,

2135 4425 2228 4483 sed
2272 4440 2464 4481 omnes
2501 4424 2595 4495 qui
2649 4421 2917 4480 sacriﬁcia
2983 4421 3332 4476 contribulati
3385 4422 3609 4492 spiritus
3658 4429 3715 4474 et

442 4515 702 4579 lomonis,
739 4517 936 4569 animae
968 4514 1088 4568 sine
1117 4512 1286 4567 dubio
1318 4527 1440 4582 quze
1475 4509 1634 4565 Verbi
1664 4509 1760 4565 Dei
1791 4519 1845 4565 et
1871 4511 2026 4581 pacis
2058 4521 2103 4576 D
2130 4516 2402 4573 bumiliati
2439 4515 2622 4571 cordis
2664 4513 2902 4570 offerunt
2930 4510 3062 4578 Deo,
3097 4509 3460 4570 confessionis
3503 4512 3714 4569 scilicet

443 4606 566 4676 ejus
603 4606 895 4675 participes
926 4603 1084 4658 ﬁunt.
1124 4602 1274 4658 Beati
1304 4601 1459 4672 pueri
1484 4602 1606 4672 ejus
1637 4602 1728 4672 qui
1759 4602 2028 4659 assistunt

443 4699 498 4752 in
524 4705 817 4769 conspectu
849 4696 968 4765 ejus
991 4709 1227 4764 semper.
1256 4692 1371 4748 Non
1396 4693 1472 4747 illi
1497 4692 1589 4763 qui
1616 4693 1909 4763 aliquando
1935 4710 2026 4750 as-

442 4789 664 4852 sistunt,
709 4795 762 4840 et
791 4784 1087 4854 aliquando
1119 4799 1227 4838 non
1273 4781 1561 4845 assistunt,
1611 4782 1704 4837 sed
1746 4783 1837 4852 qui
1881 4797 2027 4839 sem-

441 4893 560 4950 per,
594 4887 649 4932 et
679 4877 795 4932 sine
823 4874 1231 4930 intermissione
1264 4873 1530 4928 assistunt
1553 4869 1731 4927 Verbo
1759 4871 1874 4938 Dei,
1899 4888 2026 4928 vere

441 4973 582 5029 beati
609 4980 755 5027 sunt.
780 4969 928 5024 Talis
956 4977 1073 5022 erat
1093 4977 1145 5022 et
1168 4968 1256 5022 illa
1279 4966 1450 5022 Maria
1477 4985 1599 5038 quae
1621 4969 1843 5024 sedebat
1867 4984 2026 5025 secus

443 5065 608 5136 pedes
637 5061 789 5121 Jesu.
835 5069 889 5116 et
933 5060 1194 5114 audiebat
1228 5075 1374 5124 eum,
1415 5060 1502 5114 cui
1543 5069 1598 5115 et
1651 5061 2027 5116 testimonium

443 5154 677 5228 reddidit
710 5153 825 5223 ipse
850 5151 1140 5213 Dominus,
1180 5149 1368 5206 dicens
1399 5151 1465 5205 ad
1505 5149 1772 5207 Martbam
1806 5171 1819 5206 :
1849 5150 2027 5206 Maria

412 5234 693 5331 :optimam
725 5255 931 5316 partem
963 5242 1137 5313 elegit,
1164 5258 1283 5313 qua:
1317 5259 1422 5296 non
1459 5245 1736 5314 auferetur
1778 5244 1844 5298 ub
1871 5259 1934 5298 ea
1956 5243 2022 5299 ⁶¹.

443 5341 632 5395 Adhuc
655 5338 809 5408 nigra
836 5334 953 5389 haec
978 5342 1031 5388 et
1047 5332 1284 5388 formosa
1301 5333 1433 5389 dicit
1451 5353 1464 5388 :
1481 5332 1802 5389 Benedictus
1817 5335 1908 5403 qui
1925 5349 2020 5389 υο-

445 5434 541 5486 luit
559 5431 684 5485 dare
699 5439 749 5483 te
763 5442 919 5496 super
939 5425 1112 5480 sedem
1136 5423 1310 5480 Israel
1333 5425 1398 5481 °'.
1427 5425 1565 5483 Vere
1583 5427 1729 5482 enim
1747 5427 1874 5497 quia
1891 5426 2024 5481 dile-

444 5525 518 5580 xit
536 5521 797 5579 Dominus
809 5518 1000 5584 Israel,
1023 5525 1077 5574 et
1097 5516 1267 5572 voluit
1284 5525 1345 5573 ut
1357 5526 1526 5575 staret
1543 5518 1598 5574 in
1619 5526 1911 5586 internum,
1929 5508 2024 5589 po-

519 5677 738 5734 "Joan.
774 5691 847 5745 tv,
886 5672 976 5732 54.
1053 5671 1254 5756 ⁸⁸.(ξ;ιὶ.
1283 5688 1368 5741 ιιι,
1396 5671 1489 5728 27.
1567 5670 1612 5704 '°
1646 5669 1709 5726 111
1744 5669 1880 5744 Reg.
1919 5687 1974 5735 ι,
2003 5669 2026 5724 (1‘

519 5753 578 5798 ιιι
612 5751 740 5798 “eo.
776 5765 831 5798 ι-
867 5747 922 5798 9.
1029 5747 1075 5781 σε
1110 5745 1240 5798 ibid.
1277 5743 1366 5798 to.
1482 5741 1528 5775 ⁸⁸
1552 5741 1690 5798 Gen.
1715 5757 1792 5798 VI.
1903 5740 2026 5798 “M:

2167 5669 2211 5702 “
2243 5669 2375 5725 ibid.

2128 5757 2159 5798 ι.
2208 5755 2286 5798 γι.
2327 5739 2392 5796 18

2145 5781 2159 5798 ο
2218 5780 2286 5810 τι,
2332 5780 2416 5796 ιν.

445 5753 489 5782 ω
519 5753 578 5822 ιιι
612 5751 740 5822 ιιοε.
776 5743 922 5822 πέρ.
1029 5747 1075 5781 σι
1110 5745 1240 5801 ibid.
1277 5743 1366 5800 to.

1461 5741 1528 5818 f’
1552 5741 1690 5803 Gen.
1715 5757 1792 5801 vt.

447 5823 490 5854 ⁸⁹
511 5821 665 5877 Joan.
696 5817 775 5885 vi,
825 5817 914 5874 57.

2126 4623 2190 4664 ac
2218 4605 2552 4678 poenitentia:
2593 4603 2753 4658 titulo
2793 4601 2861 4656 ad
2895 4617 3020 4657 eum
3051 4602 3334 4667 conversi,
3381 4618 3489 4658 non
3539 4603 3715 4673 repel-

2125 4700 2313 4756 luntur
2345 4697 2415 4754 ab
2441 4711 2530 4753 eo.
2569 4695 2658 4750 Sic
2693 4693 2837 4750 enim
2873 4694 3134 4764 pacilicus
3162 4693 3292 4750 dicit
3316 4693 3580 4749 Dominus
3611 4707 3717 4748 no-

2126 4800 2238 4847 ster
2267 4809 2280 4845 :
2313 4789 2422 4860 Ego
2471 4787 2763 4842 venientem
2809 4785 2880 4839 ad
2924 4801 3004 4839 me
3050 4801 3154 4839 non
3195 4784 3387 4854 repello
3413 4785 3477 4838 “.
3525 4783 3715 4840 Potest

2127 4891 2311 4936 autem
2342 4887 2397 4935 et
2425 4878 2492 4934 de
2523 4877 2632 4932 illis
2659 4877 2864 4931 dictum
2892 4873 3087 4936 videri,
3120 4877 3267 4946 quod
3309 4875 3448 4929 ultra
3481 4873 3707 4930 ﬁumina

2127 4971 2450 5042 Ethiopum
2491 4967 2653 5040 positi
2701 4966 2918 5022 venient
2959 4967 3125 5022 etiam
3171 4967 3274 5037 ipsi
3303 4965 3378 5020 ad
3408 4965 3576 5022 Deum
3607 4967 3711 5021 bo-

2127 5062 2263 5118 stias
2304 5059 2636 5123 deterentes,
2682 5057 2776 5127 qui
2806 5065 3160 5127 posteaquam
3209 5057 3492 5112 intraverit
3534 5059 3714 5112 omnis

2123 5152 2404 5226 plenitudo
2429 5150 2692 5222 gentium,
2717 5163 2838 5220 qua:
2866 5147 3183 5203 [luminibus
3206 5145 3526 5218 )Etbiopum
3562 5163 3714 5202 com-

2126 5251 2376 5313 paratur,
2415 5240 2636 5295 venient
2681 5238 2844 5293 etiam
2892 5237 3015 5307 ipsi,
3064 5246 3117 5294 et
3159 5246 3290 5292 tunc
3337 5237 3519 5292 omnis
3551 5233 3716 5290 Israel

2130 5332 2462 5393 salvabitur;
2510 5340 2564 5387 et
2605 5345 2705 5402 pro
2736 5345 2804 5385 eo
2844 5329 2984 5384 ultra
3022 5327 3248 5384 ﬁumina
3269 5327 3589 5399 Ethiopum
3627 5328 3713 5381 di—

2130 5430 2348 5491 cantur,
2381 5419 2540 5492 quasi
2582 5420 2679 5490 qui
2714 5418 3003 5475 ulteriores
3036 5426 3090 5473 et
3115 5420 3444 5488 posteriores
3484 5417 3596 5469 sint
3624 5412 3712 5468 bis

2131 5514 2344 5587 spatiis,
2379 5514 2433 5570 in
2465 5513 2667 5585 quibus
2699 5510 2873 5566 currit
2917 5517 2972 5566 et
3000 5507 3298 5564 inundatur
3335 5505 3579 5577 gentium
3618 5520 3722 5580 sa-I

2167 5669 2211 5702 “
2243 5669 2375 5725 ibid.
2407 5669 2461 5724 7.
2505 5668 2548 5701 ⁶¹
2581 5664 2601 5720 1
2631 5665 2759 5720 Cor.
2790 5678 2915 5730 xm,
2947 5663 3046 5730 ης
3078 5679 3140 5730 tt,
3171 5661 3226 5718 9.
3302 5661 3346 5692 ⁶²
3377 5659 3510 5714 Luc.
3543 5675 3598 5725 ι,
3619 5658 3716 5730 42.

2529 5738 2571 5770 ⁸⁷
2599 5736 2770 5810 Psal._
2792 5749 2964 5805 uvu,
3018 5734 3110 5794 51.
3220 5733 3264 5766 ⁸⁸
3291 5731 3461 5803 Seph.
3494 5745 3580 5798 tn,
3623 5730 3712 5788 I‘J.
