4134 6450
415 434 514 489 ἰΟΩ

1728 422 1929 479 LIBER
1974 421 2360 481 SECUNDUS.

3575 427 3674 480 ΗΟ

414 550 518 605 Ius.
554 547 620 602 Et
663 547 735 601 ita
781 545 925 600 forte
953 542 1216 614 compleri
1251 541 1461 598 videtur
1495 544 1601 599 hoc
1642 544 1788 614 quod
1831 543 1982 609 dicit,
2015 547 2062 604 A
2089 542 2344 598 lateribus
2387 541 2509 596 hinc
2559 549 2611 596 et
2658 541 2776 596 inde
2803 538 2868 595 ⁷⁵.
2917 539 3057 597 Puto
3108 555 3240 612 crgo
3274 541 3423 612 quod
3471 542 3668 601 harum

413 644 541 714 quia
587 642 640 695 in
681 641 767 694 die
813 639 911 693 illa
951 655 1054 692 non
1091 637 1428 707 confunderis
1480 637 1660 692 omnis
1714 636 1876 692 Israel
1925 653 1991 692 ea:

414 735 656 790 omnibus
689 731 1149 786 adinventionibus
1188 731 1318 798 tuis,
1343 728 1531 801 quibus
1561 730 1720 800 impie
1750 731 1904 801 egisti
1934 732 1989 787 in

417 842 498 881 me
511 831 555 865 τ’)
571 861 586 878 .

487 915 747 985 Superest
779 923 837 970 ut
879 913 1011 970 illud
1053 911 1454 978 testimonium,
1483 912 1631 983 quod
1663 913 1729 969 de
1753 911 1990 970 Jeremia

419 1009 843 1076 assumpsimus,
894 1005 1221 1075 explicetur,
1279 1005 1373 1060 ubi
1402 1002 1772 1061 Abdimelech'
1796 1006 1994 1062 nihilo-

420 1098 599 1152 minus
623 1095 877 1167 .Ethiops
930 1098 1014 1152 vir
1048 1096 1358 1162 eunuchus,
1399 1111 1524 1150 cum
1575 1097 1818 1154 audisset
1862 1098 1990 1168 quia

421 1187 682 1246 Ieremias
710 1189 764 1243 in
795 1189 970 1244 lacum
1003 1189 1207 1245 missus
1235 1197 1319 1244 est
1356 1203 1387 1243 a
1420 1187 1756 1260 principibus
1784 1191 1990 1261 populi,

419 1280 600 1337 educit
643 1294 768 1336 eum
821 1279 1034 1335 inde“.
1073 1279 1136 1335 Et
1167 1288 1300 1350 puto
1335 1281 1724 1336 inconveniens
1761 1296 1870 1335 non
1907 1283 1992 1336 vi-

421 1371 538 1426 deri
578 1371 627 1426 si
660 1371 929 1438 dicamus,
972 1386 1132 1440 quem
1160 1371 1434 1442 principes
1469 1371 1636 1427 Israel
1665 1372 1996 1428 condemna-

426 1471 636 1526 verunt,
655 1470 710 1520 et
737 1462 793 1518 in
816 1462 994 1518 lacum
1020 1463 1213 1519 mortis
1246 1464 1530 1529 miserunt,
1559 1463 1662 1518 iste
1691 1461 1994 1532 alienigena

423 1565 477 1611 et
506 1556 751 1613 obscura:
779 1556 955 1628 gentis
979 1556 1147 1611 homo
1176 1565 1233 1612 et
1258 1555 1564 1627 degeneris,
1601 1555 1654 1611 id
1696 1564 1782 1611 est
1822 1570 1997 1626 popu-

421 1645 507 1701 lus
551 1646 824 1717 gentium,
869 1647 1055 1705 educit
1101 1661 1226 1702 eum
1257 1646 1324 1701 de
1350 1646 1472 1702 lacu
1501 1646 1717 1711 mortis,
1749 1661 1996 1702 resurre-

419 1738 653 1796 ctionem
683 1738 893 1795 scilicet
922 1739 1041 1809 ejus
1075 1755 1107 1793 a
1137 1738 1370 1793 mortuis
1398 1737 1646 1804 credens,
1675 1745 1729 1793 et
1766 1737 1869 1792 Iide
1898 1752 1996 1794 sua

423 1829 568 1885 hunc
595 1846 758 1901 quem
796 1831 875 1886 illi
907 1831 964 1885 in
1001 1839 1231 1885 mortem
1285 1828 1650 1896 tradiderant,
1680 1828 1782 1884 iste
1809 1828 1876 1884 de
1914 1828 1997 1884 in-

416 1919 588 1976 fernis
642 1928 866 1975 revocat
927 1935 993 1976 ac
1043 1919 1277 1978 reducit.
1339 1916 1445 1977 Sed
1495 1927 1548 1974 et
1589 1919 1873 1975 eunuchus
1906 1920 1995 1975 hic

421 2009 678 2080 Ethiops
720 2025 844 2066 esse
879 2010 1099 2078 dicitur,
1149 2010 1315 2066 credo
1364 2010 1508 2080 quod
1540 2011 1864 2071 castraverit
1909 2028 1996 2069 se-

424 2101 712 2171 metipsum
763 2110 987 2172 propter
1033 2117 1262 2173 regnum
1314 2101 1442 2169 Dei,
1506 2103 1590 2158 vel
1641 2103 1806 2159 etiam
1849 2103 1995 2174 quod

421 2206 605 2247 semen
662 2192 886 2248 malitia:
923 2193 978 2247 in
1013 2193 1311 2264 semetipso
1364 2208 1476 2249 non
1521 2193 1738 2250 habeat.
1793 2193 1996 2252 Servus

420 2298 639 2353 quoque
663 2293 748 2341 est
777 2284 942 2356 regis,
972 2286 1102 2356 quia
1126 2301 1318 2342 servus
1344 2285 1563 2356 sapiens
1591 2286 1824 2357 imperat
1855 2287 1998 2343 stul-

421 2375 492 2429 tis
524 2375 779 2433 dominis.
820 2375 1207 2448 Interpretatur
1234 2385 1416 2436 autem
1436 2377 1786 2434 Abdimelech
1818 2396 1998 2435 seruus

421 2483 619 2537 regum.
656 2468 722 2523 Et
752 2468 872 2525 ideo
892 2469 1158 2526 Dominus
1196 2471 1509 2541 relinquens
1538 2472 1798 2542 p0pulum
1833 2471 1997 2530 Israel

422 2571 520 2627 pro
566 2559 803 2627 peccatis
848 2560 988 2627 suis,
1044 2560 1111 2616 ad
1136 2559 1448 2630 Ethiopem
1498 2561 1659 2616 verba
1707 2563 1912 2634 dirigit,
1945 2573 1999 2620 et

423 2648 489 2702 ad
526 2649 704 2718 ipsum
756 2650 922 2719 mittit
951 2652 1270 2722 prophetam
1303 2659 1355 2709 et
1395 2652 1497 2721 ipsi
1533 2652 1702 2707 dicit:
1743 2653 1878 2710 Ecce
1905 2673 1997 2728 ego

422 2738 628 2792 adduco
673 2740 830 2794 verba
871 2757 987 2796 utea
1036 2758 1195 2812 super
1234 2743 1504 2797 civitatem
1553 2746 1713 2800 istam
1762 2749 1816 2803 in
1851 2751 1999 2806 male

421 2837 471 2881 et
507 2844 610 2882 non
640 2830 697 2883 in
734 2830 912 2894 bona;
945 2839 995 2884 et
1021 2831 1233 2886 saluabo
1277 2841 1325 2887 te
1362 2833 1414 2891 in
1445 2834 1531 2889 die
1568 2835 1685 2903 illa,
1721 2846 1772 2892 et
1804 2855 1910 2898 nou
1947 2849 1998 2895 te

421 2916 560 2971 dabo
591 2919 644 2973 in
673 2933 861 2974 manus
893 2920 1195 2991 hominum,
1226 2924 1318 2980 sed
1356 2924 1568 2982 salvans
1607 2927 1822 2983 salvabo
1858 2941 1908 2984 te
1928 2933 1993 2986 ⁷³.

424 3007 630 3065 Salutis
679 3019 860 3066 autem
896 3027 1064 3070 causa
1093 3015 1210 3070 haec
1241 3024 1326 3072 est
1367 3018 1437 3085 ei,
1469 3019 1596 3088 quia
1633 3021 1822 3077 eduxit
1871 3038 1998 3092 prm

420 3099 636 3169 phetam
661 3101 729 3155 de
757 3103 900 3170 lacu,
931 3104 985 3159 id
1007 3114 1112 3170 est,
1148 3107 1293 3176 quod
1321 3107 1425 3164 ﬁde
1453 3124 1555 3166 sua
1584 3127 1692 3180 qua
1715 3111 1995 3169 Christum

418 3193 786 3249 resurresisse
812 3195 986 3251 credit
1011 3211 1042 3250 a
1069 3200 1321 3265 mortuis,
1348 3201 1602 3260 eduxisse
1628 3219 1752 3258 cum
1779 3219 1846 3258 ex
1868 3205 1990 3271 lacu
2017 3223 2062 3290 α

417 3281 653 3338 videtur.
692 3281 869 3340 Habet
900 3299 1029 3356 ergo
1054 3287 1288 3356 plurima
1318 3291 1628 3348 testimonia
1659 3292 1814 3350 lusca
1854 3295 1989 3364 haec,

416 3372 694 3443 velnigra,
726 3383 780 3430 et
807 3375 1070 3443 formosa,
1102 3378 1157 3434 in
1178 3381 1380 3451 quibus
1411 3383 1579 3442 libere
1604 3393 1752 3456 agat,
1783 3396 1837 3442 et
1866 3403 1993 3444 cum

419 3465 616 3522 ﬁducia
647 3467 792 3522 dicat
829 3467 896 3524 ad
927 3467 1064 3523 tilias
1104 3467 1472 3540 Hierusalem,
1505 3475 1635 3544 quia
1677 3474 1831 3533 lusca
1871 3493 1994 3535 sum

416 3558 659 3629 quidem,
690 3558 774 3614 vel
802 3561 955 3630 nigra
983 3561 1124 3617 sicut
1149 3563 1498 3621 tabernacula
1526 3565 1721 3634 Ccdar,
1753 3566 1995 3626 formosa

415 3655 597 3704 autem
626 3649 768 3705 sicut
782 3651 948 3720 pelles
965 3651 1294 3710 Salomonis.
1328 3653 1664 3726 De'pcllibus
1682 3657 1994 3716 Salomonis

416 3740 678 3810 scriptum
714 3741 918 3812 aliquid
952 3745 1171 3814 proprie
1197 3760 1305 3802 non
1330 3747 1576 3804 memini.
1622 3747 1762 3804 Puto
1811 3758 1994 3806 autem

419 3831 606 3888 referri
626 3848 786 3904 posse
813 3835 881 3890 ad
905 3836 1130 3906 gloriam
1159 3836 1297 3906 ejus,
1323 3837 1392 3895 de
1419 3855 1526 3909 qua
1545 3841 1677 3899 dicit
1708 3841 1994 3898 Salvator:

419 3924 558 3988 Quia
613 3942 705 3978 nec
740 3924 990 3982 Salomon
1044 3931 1098 3983 in
1140 3930 1285 3988 omni
1330 3931 1502 4000 gloria
1535 3948 1634 3986 sua
1673 3943 1886 4002 opertus
1914 3943 1994 3991 est.

415 4015 552 4071 sicut
588 4032 755 4070 unum
783 4018 972 4072 borum
996 4019 1062 4073 ⁷³.
1089 4019 1300 4076 Nomen
1336 4030 1518 4076 tamen
1563 4021 1740 4092 ipsum
1770 4024 1993 4094 pellium

419 4103 472 4156 in
511 4105 862 4162 tabernaculo
893 4109 1188 4168 testimonii
1223 4109 1534 4168 invenimus
1565 4111 1877 4184 frequenter
1907 4131 1994 4171 re-

417 4194 569 4262 ferri,
606 4198 749 4261 sicut
779 4214 904 4254 cum
931 4200 1063 4256 dicit
1089 4219 1102 4255 :
1129 4200 1198 4254 Et
1225 4202 1390 4271 [acies
1424 4203 1582 4271 pelles
1614 4219 1678 4260 ea:
1708 4222 1993 4276 caprarum

414 4290 540 4356 pilis
597 4292 982 4362 operimentum,
1027 4309 1186 4363 super
1229 4294 1630 4352 tabernaculum
1679 4299 1989 4365 testimonii,

415 4382 658 4436 undecim
682 4384 842 4452 pelles
871 4386 1055 4454 facies,
1094 4386 1367 4457 longitudo
1389 4387 1540 4456 pellis
1571 4390 1730 4446 unius
1771 4393 1994 4462 triginta

411 4472 751 4540 cubitorum,
812 4473 1044 4528 latitudo
1119 4485 1350 4546 quatuor
1398 4477 1719 4534 cubitorum.
1788 4479 1992 4535 Eadem

2093 635 2314 706 pellium
2373 634 2580 690 mentio
2625 634 2718 689 tiat
2750 634 2804 689 in
2829 633 3056 689 Cantico
3087 635 3450 705 canticOrum,
3479 649 3532 692 et
3558 638 3673 693 ista:

2093 727 2347 782 dicantur
2366 741 2488 782 esse
2516 725 2847 792 Salomonis,
2881 726 2974 797 qui
3006 725 3275 796 accipitur
3301 727 3354 782 in
3384 729 3671 798 paciﬁcum

2094 815 2203 888 5o
2229 817 2530 874 Christum.
2577 817 2757 888 Ipsius
2785 832 2915 888 ergo
2943 824 3028 873 est
3059 818 3494 887 tabernaculum,
3527 830 3582 875 et
3609 837 3671 875 ea

2093 923 2217 978 quae
2263 907 2328 962 ad
2374 908 2787 964 tabernaculum
2838 910 3153 979 pertinent;
3205 919 3259 966 et
3305 911 3578 982 praecipue
3624 914 3668 965 si

2096 999 2228 1054 illud
2266 999 2680 1058 tabernaculum
2711 999 3144 1069 consideremus,
3175 1002 3321 1071 quod
3356 1002 3556 1058 dicitur
3593 1011 3676 1057 ta-

2095 1090 2452 1146 bernaculum
2494 1105 2708 1155 verum,
2742 1091 2889 1161 quod
2919 1090 3036 1147 fixit
3066 1092 3210 1149 Deus
3240 1100 3296 1148 et
3333 1109 3441 1150 non
3483 1095 3672 1157 homo.

2093 1191 2148 1238 et
2175 1182 2319 1253 quod
2345 1182 2452 1236 ait:
2511 1179 2636 1236 Non
2662 1183 2800 1236 enim
2822 1184 2876 1236 in
2900 1185 3211 1253 manufacta
3237 1195 3424 1240 sancta
3453 1187 3672 1241 intrarit

2092 1271 2248 1328 Iesus
2286 1273 2609 1343 exemplaria
2646 1290 2884 1330 verorum
2911 1275 2978 1332 ⁷⁸.
3039 1273 3097 1330 Si
3139 1291 3269 1347 ergo
3311 1278 3674 1348 pulchritudi-

2095 1379 2220 1420 nem
2267 1381 2425 1420 suam
2475 1380 2675 1435 sponsa
2725 1367 2962 1436 pellibus
3008 1378 3290 1438 comparat
3339 1369 3671 1434 Salomonis,

2095 1457 2308 1512 illarum
2354 1458 2471 1513 sine
2501 1457 2666 1512 dubio
2713 1459 2934 1528 pellium
2976 1459 3203 1530 gloriam
3236 1473 3288 1517 et
3317 1462 3677 1531 pulchritudi-

2097 1563 2219 1603 nem
2251 1547 2412 1616 dicit,
2444 1563 2568 1617 quze
2599 1549 2853 1618 operiunt
2899 1549 3031 1606 illud
3081 1551 3494 1608 tabernaculum
3526 1555 3673 1624 quod

2096 1638 2213 1694 ﬁxit
2239 1637 2382 1694 Deus
2413 1649 2467 1694 et
2494 1655 2603 1694 non
2634 1643 2822 1698 homo.
2881 1641 2940 1696 Si
2971 1658 3101 1699 vero
3140 1645 3476 1715 nigredinem
3509 1662 3667 1701 suam

2097 1745 2219 1800 quae
2259 1732 2576 1800 exprobrari
2631 1749 2662 1788 a
2710 1734 2925 1789 ﬁliabus
2973 1733 3315 1804 Hierusalem
3361 1737 3673 1802 videbatur,

2098 1821 2328 1890 pellibus
2363 1823 2593 1878 contulit
2622 1822 2952 1891 Salomonis,
2976 1825 3142 1896 hujus
3162 1827 3500 1884 tabernaculi
3527 1831 3674 1898 quod

2097 1913 2374 1982 exemplar
2401 1915 2516 1970 veri
2547 1914 2882 1972 tabernaculi
2910 1925 3160 1984 vocatur,
3194 1919 3523 1988 accipiendae
3547 1931 3677 1976 sunt

2097 2001 2296 2071 pelles;
2335 2003 2494 2073 quasi
2524 2005 2671 2075 quod
2704 2013 2759 2060 et
2802 2004 2933 2083 ipsa:
2970 2006 3136 2077 nigrae
3179 2007 3560 2078 sint'quidem,
3588 2019 3680 2063 ut-
3738 2015 3741 2017 ’

2096 2104 2224 2166 pote
2260 2112 2548 2167 caprarum
2597 2099 2723 2169 pilis
2776 2107 2958 2165 text-ae,
2992 2110 3045 2156 et
3089 2108 3272 2156 tamen
3315 2117 3478 2156 usum
3511 2117 3678 2158 orna-

2098 2196 2322 2258 tumque
2347 2189 2640 2246 exhibeant
2667 2191 2853 2248 divino
2892 2191 3264 2248 tabernaculo.
3301 2191 3459 2260 Quod
3492 2204 3673 2250 autem

2097 2280 2311 2336 videtur
2339 2297 2459 2338 esse
2489 2297 2723 2352 persona
2752 2299 2859 2340 una
2890 2299 3009 2355 quae
3048 2285 3314 2355 loquitur,
3344 2293 3398 2340 et
3425 2286 3678 2356 pluribus

2098 2387 2159 2428 se
2198 2373 2285 2428 vel
2333 2375 2703 2432 tabernaculis
2729 2375 2905 2432 Cedar
2946 2375 3001 2431 in
3035 2377 3348 2448 nigredine,
3395 2378 3478 2432 vel
3521 2378 3678 2433 Salo—

2099 2464 2284 2520 monis
2324 2465 2558 2535 pellibus
2604 2466 2974 2536 comparavit,
3025 2465 3099 2520 ita
3143 2467 3520 2537 accipiendum
3568 2479 3676 2534 est,

2098 2557 2227 2626 quia
2261 2572 2368 2613 una
2413 2558 2629 2628 quidem
2672 2571 2902 2632 persona
2940 2558 3178 2623 videtur,
3207 2557 3464 2614 Ecclesiae
3512 2559 3677 2614 imm-

2100 2664 2265 2704 mera:
2315 2657 2498 2706 tamen
2551 2659 2678 2705 sunt
2720 2665 2845 2720 qua:
2885 2666 2980 2720 per
3029 2651 3219 2706 orbem
3267 2659 3426 2706 terra:
3467 2651 3679 2708 dill‘usze

2099 2750 2246 2807 sunt,
2278 2751 2442 2812 atque
2485 2741 2767 2798 immensae
2810 2743 3258 2813 congregationes
3284 2758 3349 2799 ac
3373 2746 3643 2799 multitudi
3662 2777 3678 2786 -

2100 2849 2198 2889 nes
2241 2834 2605 2903 populorum;
2657 2834 2802 2889 sicut
2829 2841 2884 2888 et
2930 2849 3158 2904 regnum
3203 2835 3467 2890 caelorum
3506 2853 3676 2892 unum

2099 2925 2318 2995 quidem
2349 2925 2572 2992 dicitur,
2603 2925 2698 2981 sed
2729 2924 2914 2980 multae
2953 2933 3133 2980 tamen
3180 2925 3236 2981 in
3265 2941 3332 2983 eo
3364 2929 3681 2984 mansiones

2099 3007 2479 3072 memorantur
2504 3031 2626 3073 esse
2660 3016 2802 3086 apud
2834 3015 3049 3072 Patrem
3073 3017 3139 3070 ⁷⁸.
3195 3015 3382 3074 Potest
3408 3029 3588 3074 autem
3625 3030 3680 3074 ct

2098 3106 2166 3163 de
2213 3123 2544 3178 unaquaque
2607 3107 2789 3162 anima
2837 3123 2956 3176 quae
3000 3117 3125 3178 post
3172 3115 3394 3180 peccata
3442 3111 3678 3181 plurima

2099 3199 2441 3256 convertitur
2484 3199 2555 3254 ad
2601 3199 3004 3270 pmnitcnliam,
3054 3199 3184 3268 dici,
3229 3201 3379 3271 quod
3409 3202 3564 3273 nigra
3609 3204 3681 3258 sit

2096 3290 2318 3363 quidem
2343 3304 2444 3361 pro
2469 3290 2727 3361 peccatis,
2775 3288 3016 3346 formosa
3051 3299 3273 3361 propter
3303 3291 3676 3362 pcmitentiam

2095 3391 2150 3444 et
2174 3383 2386 3442 fructus
2408 3384 2761 3456 pmnitentiaa.
2791 3383 3033 3454 Denique
3064 3391 3119 3440 et
3160 3384 3229 3442 de
3261 3386 3366 3442 hac
3402 3387 3520 3458 ipsa
3559 3403 3681 3457 qua:

2094 3493 2244 3535 nunc
2292 3477 2425 3534 dicit
2461 3495 2473 3532 :
2515 3475 2689 3546 Nigra
2726 3492 2846 3530 sum
2875 3485 2926 3530 et
2963 3475 3234 3545 formosa,
3285 3478 3415 3548 quia
3463 3494 3572 3533 non
3623 3479 3678 3533 in

2095 3570 2257 3626 ﬁnem
2296 3569 2350 3626 in
2384 3567 2669 3639 nigredine
2697 3567 2801 3624 ista
2830 3568 3151 3638 permansit,
3184 3578 3310 3638 post
3340 3570 3456 3626 haec
3486 3570 3681 3625 dicunt

2095 3660 2161 3716 de
2182 3674 2245 3715 ea
2269 3660 2384 3729 ipsa
2413 3658 2538 3716 (ilia:
2559 3656 2894 3715 Hierusalem
2919 3677 2932 3712 :
2961 3659 3094 3724 Qua:
3111 3668 3188 3713 est
3217 3661 3323 3714 ista
3345 3676 3464 3731 quia
3489 3677 3678 3715 ascen-

2093 3750 2172 3806 dit
2207 3750 2456 3805 dealbata
2492 3748 2795 3806 incumbens
2829 3765 2986 3820 super
3014 3751 3312 3819 fraternum
3339 3767 3494 3806 suum
3517 3751 3682 3806 "’7'"!

2164 3841 2321 3899 Vers.
2363 3843 2418 3898 6.
2461 3841 2544 3897 Ne
2571 3841 2792 3896 videatis
2837 3858 2938 3906 me,
2972 3844 3223 3912 quoniam
3257 3844 3526 3913 i:2[uscata
3558 3862 3678 3900 sum

2093 3948 2207 4002 ego,
2235 3933 2362 4002 quia
2387 3933 2624 4004 despexit
2651 3948 2732 3988 me
2754 3931 2855 3987 sol.
2903 3933 3176 3990 lnl‘uscata
3219 3937 3333 3992 sive
3371 3937 3676 4008 denigrata.

2094 4023 2138 4082 si
2169 4033 2540 4094 competenter
2571 4025 2728 4083 nobis
2751 4026 2965 4082 videtur
2992 4034 3173 4098 aptata
3198 4028 3472 4100 expositio
3507 4045 3675 4099 quam

2094 4118 2148 4173 in
2185 4120 2562 4190 superioribus
2613 4124 2698 4178 vel
2751 4123 2820 4180 de
2852 4124 3194 4196 Ethiopissa
3249 4143 3373 4196 qua:
3430 4142 3462 4182 a
3491 4126 3678 4201 Moyse

2094 4219 2346 4280 suscepta
2395 4219 2480 4267 est
2526 4211 2582 4268 in
2637 4213 2993 4286 coniugium,
3044 4217 3127 4272 vel
3172 4217 3241 4272 de
3291 4217 3478 4287 regina
3531 4217 3677 4274 Saba

2095 4301 2413 4373 Ethiopum
2441 4320 2564 4374 quin
2594 4305 2915 4376 sapientiam
2948 4308 3260 4364 Salomonis
3286 4311 3434 4364 venit
3461 4311 3676 4376 audire,

2094 4392 2407 4448 texuimus:
2439 4394 2634 4451 merito
2677 4413 2824 4453 nunc
2872 4398 2990 4454 haec
3035 4414 3157 4468 qua:
3196 4398 3349 4456 fusca
3400 4401 3487 4456 vel
3521 4401 3674 4472 nigra

2094 4491 2181 4538 est
2213 4491 2267 4538 et
2304 4482 2546 4541 formosa
2569 4525 2585 4553 ,
2639 4487 2956 4545 satisfacere
2999 4491 3216 4545 videtur
3261 4506 3361 4561 pro
3396 4492 3677 4562 nigredine

415 4578 660 4617 mensura
697 4564 798 4618 erit
829 4563 1069 4620 undecim
1096 4565 1344 4634 pellibus,
1368 4574 1419 4622 et
1451 4568 1734 4640 conjunges
1762 4571 1990 4642 quinque
2022 4567 2067 4624 ι)
2095 4574 2180 4630 vel
2208 4573 2518 4632 fuscatione
2545 4592 2666 4646 sua,
2693 4593 3000 4652 causasque
3041 4582 3268 4638 reddere
3293 4583 3676 4653 exprobranti-

413 4654 570 4722 pelles
604 4653 784 4718 simul,
814 4663 864 4711 et
891 4655 1029 4712 alias
1063 4671 1154 4710 sea:
1191 4655 1373 4723 simul,
1400 4667 1449 4713 et
1478 4658 1758 4726 replicabis
1784 4669 1989 4716 sextam

414 4744 599 4812 pellem
639 4762 671 4802 α
698 4745 872 4815 fronte
901 4746 1228 4806 tabernaculi
1257 4764 1276 4806 :
1314 4755 1363 4802 et
1408 4748 1570 4817 facies
1601 4750 1990 4822 quinquaginta

413 4835 632 4888 ansulas
671 4852 764 4906 per
798 4852 946 4890 oram
975 4836 1128 4906 pellis
1167 4838 1353 4905 unius,
1401 4849 1449 4892 et
1473 4840 1858 4911 quinquaginta
1892 4859 1990 4896 an-

410 4925 559 4985 sulas
582 4941 675 4996 per
700 4943 849 4981 oram
883 4926 1035 4998 pellis
1059 4927 1302 4996 alterius,
1329 4946 1422 4999 per
1439 4947 1576 5001 quas
1598 4931 1989 5003 conjungantur

411 5033 519 5072 una
543 5019 612 5072 ad
644 5019 903 5085 alterum;
935 5031 983 5075 et
1012 5020 1178 5090 facies
1213 5021 1441 5079 circulos
1470 5037 1634 5077 cereos
1660 5025 1988 5095 quinquage-

411 5125 528 5176 nos,
556 5119 604 5163 et
631 5110 912 5184 conjunges
938 5126 1003 5165 ea:
1028 5112 1157 5180 ipsis
1185 5111 1369 5178 pelles,
1395 5121 1445 5168 et
1473 5113 1573 5168 erit
1601 5131 1764 5169 unum
1794 5125 1986 5183 totum;

411 5210 459 5253 et
495 5201 770 5270 replicabis
802 5203 941 5272 quod
977 5213 1210 5272 superest
1257 5220 1322 5258 ea:
1353 5203 1612 5272 pellibus,
1651 5207 1988 5262 medietatem

410 5292 560 5360 pellis
583 5295 741 5350 unius
770 5311 802 5349 α
828 5295 1001 5364 fronte
1030 5295 1382 5363 tabernaculi,
1405 5306 1453 5351 et
1486 5313 1550 5350 ea:
1575 5296 1684 5350 alia
1713 5299 1990 5354 medietate

412 5385 549 5452 quod
572 5396 826 5455 superest,
857 5386 1055 5440 velabis
1081 5390 1374 5460 posteriora
1403 5389 1730 5443 tabernaculi
1752 5384 1989 5444 cubitum

413 5474 554 5540 hinc,
583 5485 633 5528 et
656 5481 888 5532 cubitum
916 5480 1058 5544 inde,
1077 5495 1141 5533 ea:
1163 5495 1222 5533 eo
1246 5479 1384 5549 quod
1411 5479 1646 5533 abundat
1676 5481 1727 5534 in
1752 5481 1987 5552 longitu-

413 5563 532 5617 dine
575 5566 829 5634 pellium,
871 5580 922 5625 et
971 5572 1070 5624 erit
1114 5571 1429 5640 adopertam
1475 5571 1876 5628 tabernaculum
1917 5589 1982 5628 ea:

481 5769 528 5799 "
559 5768 800 5840 Sophon.
827 5787 913 5838 tu,
949 5774 1034 5827 Il.

415 5837 504 5907 to,
531 5837 836 5908 tl,'12,t5.

1111 5776 1154 5806 τί
1176 5773 1286 5830 Jer.
1326 5792 1554 5833 xxxvm.

2095 4667 2236 4733 bus,
2263 4668 2421 4738 quasi
2451 4684 2574 4739 qua:
2615 4686 2724 4727 non
2755 4683 2948 4728 natura
2986 4675 3135 4739 talis,
3167 4690 3269 4730 nec
3299 4675 3374 4730 ita
3413 4689 3445 4730 a
3472 4674 3670 4730 Condi-

2096 4765 2217 4814 tore
2251 4770 2433 4815 creata
2474 4761 2568 4826 sit,
2611 4764 2704 4819 sed
2741 4778 2810 4819 ex
2846 4766 3221 4822 accidentibus
3249 4768 3353 4823 hoc
3387 4782 3550 4838 passa
3581 4769 3672 4826 sit.

2095 4851 2175 4906 Ex
2209 4867 2296 4919 eo,
2325 4853 2522 4923 inquit,
2554 4855 2683 4925 quia
2709 4856 2793 4910 sol
2817 4857 3067 4926 despexit
3095 4872 3202 4913 me.
3249 4856 3306 4912 In
3337 4874 3446 4927 quo
3479 4867 3669 4915 osten-

2094 4941 2174 4998 dit
2194 4958 2303 4998 non
2333 4944 2401 4998 de
2429 4945 2708 5016 nigredine
2734 4947 2983 5016 corporis
3009 4947 3126 5003 Iieri
3163 4963 3497 5016 sermonem,
3528 4951 3680 5020 quod

2094 5034 2284 5105 utique
2310 5035 2392 5091 sol
2423 5035 2722 5091 obscurare
2749 5046 2804 5091 et
2832 5037 3118 5108 denigrare
3156 5040 3315 5106 solet,
3345 5055 3471 5096 cum
3500 5042 3676 5112 respi-

2095 5124 2171 5179 cit
2201 5125 2374 5194 magis
2408 5140 2570 5194 quam
2607 5141 2731 5181 cum
2764 5128 3013 5197 despicit.
3064 5127 3143 5184 Ita
3175 5130 3411 5200 denique
3437 5139 3492 5188 et
3525 5133 3667 5202 apud

2095 5214 2243 5268 illam
2260 5230 2478 5270 omnem
2497 5225 2708 5286 gentem
2726 5217 3044 5290 Ethiopum
3065 5220 3267 5286 lerunt,
3294 5221 3382 5278 cui
3406 5223 3673 5278 naturalis

2097 5304 2346 5375 quaedam
2383 5306 2527 5362 inest
2556 5322 2624 5362 ex
2650 5309 2878 5365 seminis
2919 5311 3155 5366 carnalis
3186 5312 3534 5367 successione
3582 5313 3668 5365 ni-

2091 5398 2280 5468 gredo,
2312 5398 2455 5468 quod
2498 5399 2550 5454 in
2591 5399 2701 5456 illis
2745 5401 2880 5456 locis
2909 5403 2993 5458 sol
3023 5403 3189 5458 radiis
3221 5403 3532 5458 acrioribus
3561 5401 3668 5458 ler-

2090 5496 2233 5554 veat,
2259 5498 2312 5544 ct
2332 5489 2526 5545 adusta
2558 5491 2669 5561 jam
2732 5493 2898 5549 semel
2937 5503 3101 5563 atque
3141 5492 3409 5549 infuscata
3438 5510 3666 5566 corpora

2090 5581 2310 5652 genuini
2360 5581 2479 5636 vitii
2532 5585 2883 5641 successione
2943 5593 3322 5655 permaneant.
3387 5586 3665 5644 Contrarii

1654 5779 1699 5810 "
1720 5778 1918 5864 Jercm.
1948 5799 2004 5864 ι]

2095 5785 2252 5864 initi,
2287 5785 2373 5840 l7.
2445 5785 2703 5864 ’fblatth.
2733 5806 2808 5857 vr,
2833 5792 2924 5848 29.
3000 5790 3049 5824 ⁷⁸
3074 5789 3248 5846 Exod.
3273 5807 3424 5858 xxvi,
3453 5794 3503 5859 7,
3531 5794 3586 5860 8,
3610 5796 3664 5864 9,

948 5843 993 5874 "'
1018 5842 1177 5897 Hebr.
1206 5862 1280 5909 rx,
1304 5846 1395 5900 Ἃ.
1437 5847 1482 5878 ⁷⁸
1509 5847 1668 5904 Joan.
1705 5866 1814 5914 xw,
1845 5850 1899 5902 2.
1978 5854 2098 5896 ττι-⁷⁸
2122 5842 2280 5910 Cant.
2319 5871 2438 5921 vm,
2477 5857 2529 5912 5.
