4134 6440
1515 414 1837 476 ORIGENIS
1875 415 1944 472 lN
1980 414 2336 472 CANTlCUM
2375 414 2650 472 CANTIC.

456 553 587 592 vero
625 537 836 593 ordinis
871 547 954 594 est
985 536 1182 592 an'inue
1225 534 1470 606 nigredo.
1499 533 1635 590 Nam
1667 550 1845 606 neque
1876 549 2035 604 aspe-
2065 542 2110 598 Α
2139 543 2228 586 tur
2287 546 2318 586 a
2370 546 2460 586 me
2509 546 2674 602 quam
2718 544 2868 586 nunc
2911 529 3249 602 exprobratis
3307 531 3410 588 ista
3459 529 3714 602 nlgredo,

454 640 568 698 ctu,
593 633 686 687 sed
717 631 973 701 despectu
1014 630 1147 686 solis
1198 629 1456 694 inuritur,
1510 644 1686 700 neque
1735 628 2032 695 nascendo,

455 722 551 778 sed
599 721 919 792 negligendo
970 719 1346 790 conquiritur;
1398 728 1453 774 ct
1493 719 1616 774 ideo
1635 718 1789 774 sicut
1819 718 2034 789 ignavia

454 814 774 880 assumitur,
819 813 895 867 ita
929 822 982 870 et
1009 811 1278 866 industria
1315 811 1595 882 repellitur
1626 819 1680 865 et
1705 810 2030 880 repulsatur.

455 905 714 976 Denique,
746 913 806 959 ut
834 903 1085 974 superius
1108 903 1246 970 dixi,
1275 903 1391 958 haec
1417 903 1533 972 ipsa
1555 917 1847 972 qum-nunc
1879 902 2032 972 nigra

450 997 652 1052 dicitur
677 1010 820 1062 esse,
862 995 919 1049 in
953 994 1059 1049 line
1087 995 1302 1048 Cantici
1340 994 1506 1064 hujus
1538 993 1786 1047 dealbata
1823 1007 2031 1048 memo-

451 1097 606 1142 ratur
638 1086 932 1142 ascendere
969 1086 1294 1142 incumbens
1321 1100 1485 1156 super
1514 1084 1810 1140 fraternum
1848 1099 2028 1139 suum.

451 1180 653 1236 Eﬂecta
692 1187 778 1235 est
821 1193 953 1249 ergo
996 1178 1187 1249 nigra,
1229 1177 1358 1248 quia
1399 1176 1708 1241 descendit;
1754 1174 1804 1230 si
1847 1183 2030 1229 autem

447 1273 677 1345 coeperit
724 1271 1023 1328 ascendere
1066 1279 1122 1325 et
1165 1270 1481 1325 incumbere
1538 1283 1704 1338 super
1729 1266 2028 1320 fraternum

448 1383 633 1431 suum,
669 1376 726 1422 et
755 1365 1030 1420 adhaerere
1059 1362 1142 1429 ei,
1179 1377 1282 1417 nec
1310 1360 1535 1416 omnino
1572 1358 1812 1430 separari
1848 1358 1918 1412 ab
1941 1372 2027 1420 eo,

447 1459 556 1513 erit
595 1457 845 1512 dealbata
878 1465 933 1510 et
968 1454 1234 1520 candida;
1283 1453 1607 1522 abjectaquc
1651 1449 1800 1504 omni
1846 1449 2028 1514 nigre-

449 1551 600 1615 dine,
647 1549 760 1604 veri
798 1547 1022 1603 luminis
1059 1546 1181 1602 luce
1217 1543 1551 1602 circumfusa
1597 1539 1844 1596 radiabit.
1891 1538 2030 1593 Dicit

449 1655 583 1710 ergo
620 1655 768 1694 nunc
807 1638 874 1693 ad
916 1637 1053 1692 ﬁlias
1098 1635 1436 1692 Hierusalem
1481 1647 1578 1703 pro
1617 1630 1897 1702 nigredine
1928 1643 2028 1684 sua

449 1730 836 1787 satisfaciens:
867 1728 987 1785 Non
1022 1728 1244 1799 putetis,
1278 1742 1312 1781 o
1339 1727 1461 1780 lilia:
1485 1723 1846 1788 Hierusalem,
1881 1720 2028 1792 quod

449 1824 717 1879 naturalis
760 1831 843 1878 est
885 1822 990 1877 ista
1034 1820 1262 1892 nigredo
1308 1833 1474 1890 quam
1528 1816 1725 1871 videtis
1774 1815 1828 1870 in
1873 1813 2026 1868 vultu

2137 623 2240 694 51
2275 632 2334 678 ut
2361 623 2524 679 etiam
2560 623 2650 678 lux
2686 621 2876 676 mundi
2908 636 3125 678 merear
3153 622 3437 692 appellari.
3471 620 3562 676 Sic
3585 635 3715 691 ergo

2135 717 2216 771 sol
2281 717 2382 772 iste
2448 715 2669 786 quidem
2723 714 2959 771 visibilis
3008 730 3071 770 ea
3137 730 3368 784 corpora
3427 713 3630 784 quibus
3679 727 3714 768 ι

2135 823 2354 864 summo
2396 808 2683 863 libramine
2734 807 3034 872 insederit,
3075 806 3318 862 infuscat
3353 816 3410 861 et
3451 805 3599 873 urit;
3649 820 3714 862 ea

2133 911 2266 952 vero
2295 914 2415 968 qua:
2443 898 2633 968 procul
2669 905 2799 951 sunt
2833 905 2885 950 et
2919 896 2989 951 ab
3032 896 3135 951 ista
3177 895 3559 953 collibratione
3590 895 3713 951 lon-

2134 990 2256 1062 gius
2290 990 2488 1060 posita,
2525 997 2815 1044 conservat
2846 989 2900 1042 in
2929 989 3169 1043 candore.
3195 1004 3318 1053 suo,
3353 1004 3455 1044 nec
3482 990 3710 1044 omnino

2125 1085 2248 1138 urit
2276 1099 2370 1149 ea,
2407 1085 2501 1139 sed
2533 1084 2822 1138 illuminat.
2870 1082 2961 1138 Sol
3008 1098 3137 1139 vero
3166 1083 3464 1154 Spiritalis,
3497 1084 3590 1154 qui
3628 1093 3713 1141 est

2132 1176 2213 1231 sol
2250 1175 2508 1245 justitiaa,
2563 1177 2616 1230 in
2651 1175 2812 1245 cujus
2842 1176 3038 1246 pennis
3071 1177 3278 1232 sanitas
3315 1191 3436 1232 esse
3485 1176 3708 1243 dicitur,

2121 1267 2439 1322 ccontrario
2478 1282 2571 1322 eos
2602 1267 2822 1336 quidem
2851 1281 2993 1336 quos
3030 1267 3162 1320 recti
3191 1267 3375 1322 cordis
3416 1267 3708 1333 invenerit,

2129 1365 2182 1410 et
2209 1355 2273 1410 ad
2310 1356 2505 1410 libram
2529 1356 2617 1412 sui
2651 1356 2960 1426 splendoris
2992 1358 3376 1419 consistentes,
3411 1357 3708 1423 illuminat,

2129 1456 2182 1502 et
2210 1448 2360 1502 omni
2392 1448 2606 1520 fulgore
2640 1449 2982 1516 circumdat;
3015 1464 3110 1505 eos
3144 1457 3322 1504 autem
3355 1449 3449 1519 qui
3492 1449 3712 1520 oblique

2130 1539 2388 1594 incedunt
2431 1557 2555 1596 cum
2600 1556 2699 1606 eo,
2753 1541 3063 1596 necessario
3107 1541 3272 1596 etiam
3319 1540 3434 1610 ipse
3489 1540 3711 1612 oblique

2130 1647 2239 1686 non
2271 1641 2380 1685 tam
2410 1631 2632 1701 respicit
2670 1648 2834 1702 quam
2867 1633 3135 1702 despicit,
3168 1633 3272 1689 hoc
3308 1634 3388 1688 eis
3415 1643 3711 1704 praestante

2124 1723 2493 1778 inconstantia
2545 1738 2650 1778 sua
2703 1733 2757 1779 et
2803 1725 3179 1782 instabilitate.
3225 1724 3512 1792 Quomodo
3562 1727 3710 1782 enim

2128 1813 2222 1883 qui
2251 1813 2487 1883 perversi
2518 1821 2679 1879 sunt,
2719 1823 2952 1884 possunt
2977 1815 3263 1886 suscipere
3296 1815 3444 1886 quod
3495 1823 3708 1871 rectum

445 1931 606 1984 meo;
641 1915 733 1971 sed
765 1915 959 1971 scitote
998 1881 1260 1985 quovniam
1291 1881 1552 1981 despectu
1588 1907 1720 1963 solis
1750 1905 2020 1962 estfacta.
2056 1881 2098 1937 Β
2123 1881 2431 1959 estiVelut
2473 1904 2520 1958 si
2555 1881 2734 1958 curvo
2751 1903 2899 1975 ligno
2927 1881 3191 1962 adhibeas
3223 1881 3588 1962 rectissimam
3621 1921 3711 1961 re-

447 2008 542 2063 Sol
572 2008 716 2064 enim
746 2007 974 2080 justitiae
1020 2007 1150 2076 quia
1191 2019 1282 2058 me
1312 2019 1421 2058 non
1471 2001 1678 2056 invenit
1709 2007 1852 2056 recte
1876 2009 2030 2055 stan-

445 2107 578 2162 tem,
605 2111 709 2152 nec
733 2095 849 2165 ipse
878 2095 932 2150 in
963 2109 1053 2149 me
1078 2101 1256 2148 rectos
1281 2091 1480 2147 direxit
1506 2089 1645 2145 lucis
1675 2104 1789 2146 sua:
1822 2089 2026 2144 radios.

445 2187 564 2259 Ego
613 2187 760 2242 enim
805 2201 929 2242 sum
975 2186 1210 2257 populus
1258 2183 1524 2254 gentium,
1578 2179 1672 2251 qui
1715 2179 1869 2250 prius
1919 2195 2028 2234 non

447 2277 636 2350 aspexi
672 2278 740 2334 ad
781 2278 954 2334 solem
990 2276 1217 2347 iustitiae
1258 2289 1358 2330 nec
1389 2273 1512 2330 steti
1551 2279 1676 2327 ante
1705 2271 2028 2338 Dominum;

446 2380 502 2426 et
548 2370 671 2425 ideo
707 2384 808 2425 nec
851 2369 942 2424 ille
984 2383 1074 2423 me
1117 2365 1356 2437 aspexit,
1393 2364 1486 2420 sed
1526 2362 1804 2433 despexit,
1855 2375 2031 2432 neque

447 2462 622 2518 astitit
643 2461 800 2528 mibi,
834 2460 928 2517 sed
952 2459 1228 2530 praeteriit.
1256 2456 1371 2512 Hoc
1397 2464 1578 2511 autem
1612 2456 1685 2509 ita
1717 2469 1838 2510 esse
1863 2453 2028 2508 etiam

447 2564 506 2610 tu
541 2554 636 2625 qui
672 2552 838 2609 Israel
882 2551 1102 2617 diceris,
1139 2550 1314 2620 reipsa
1360 2557 1616 2619 expertus
1657 2547 1770 2617 jam
1806 2546 2030 2616 jamque

2130 1995 2312 2066 gulam
2332 2036 2349 2063 ,
2377 1994 2652 2050 videbitur
2675 1995 2896 2065 quidem
2948 2012 3046 2066 per
3076 1998 3318 2069 regulam
3357 1997 3512 2068 argui
3540 2007 3711 2053 mate-

2129 2087 2230 2141 riae
2263 2087 2528 2156 pravitas,
2569 2102 2676 2140 non
2712 2094 2895 2141 tamen
2925 2088 3110 2158 regula
3140 2097 3225 2144 est
3248 2103 3371 2158 quae
3399 2087 3548 2159 ligno
3571 2101 3708 2142 cau-

2131 2195 2250 2234 sam
2299 2178 2675 2248 perversitatis
2727 2177 3010 2246 imposuit.
3063 2177 3130 2232 Et
3165 2177 3289 2233 ideo
3336 2176 3707 2231 festinandum

2129 2279 2215 2326 est
2242 2271 2308 2325 ad
2337 2271 2452 2325 vias
2483 2279 2684 2332 rectas,
2711 2279 2763 2324 et
2794 2269 3047 2324 standum
3079 2269 3132 2322 in
3161 2269 3371 2324 semitis
3403 2270 3670 2324 virtutum
3690 2310 3706 2335 ,

2140 2375 2213 2414 ne
2252 2359 2394 2414 l'orte
2429 2358 2511 2413 sol
2545 2357 2767 2428 justitiaz
2808 2366 2990 2412 rectus
3021 2357 3311 2425 incedens,
3345 2357 3393 2413 si
3427 2373 3527 2412 nos
3566 2357 3707 2410 obli-

2130 2465 2270 2522 quos
2303 2458 2448 2504 stare
2500 2447 2743 2502 inveniat
2779 2455 2833 2502 et
2868 2461 3154 2518 perversos
3176 2486 3192 2512 ,
3226 2446 3493 2517 despiciat
3526 2461 3628 2500 nos
3655 2454 3711 2500 et

2130 2542 2433 2599 elIiciamur
2481 2539 2772 2610 denigrati.
2822 2538 2880 2593 In
2913 2547 3179 2610 quantum
3231 2539 3377 2594 enim
3422 2539 3709 2608 incapaces

447 2662 746 2720 cognosces
777 2654 832 2701 et
857 2645 1008 2701 dices
1039 2662 1053 2699 :
1086 2643 1238 2700 Sicut
1267 2641 1413 2698 enim
1447 2657 1535 2696 me
1579 2639 1872 2711 aliquando
1917 2652 2027 2692 non
2125 2635 2398 2690 luerimus
2424 2634 2563 2688 lucis
2591 2633 2734 2703 ejus,
2759 2632 2813 2687 in
2840 2640 3051 2688 tantum
3086 2633 3328 2690 tenebris
3353 2642 3406 2688 et
3439 2630 3709 2704 nigredini

446 2741 704 2796 credente
744 2747 800 2794 tu
837 2745 1152 2808 assumptus
1207 2750 1287 2800 es,
1321 2744 1375 2790 et
1420 2732 1851 2789 misericordiam
1894 2745 2027 2786 con-
2128 2726 2385 2782 dabimus
2418 2726 2617 2784 locum.
2666 2725 2767 2782 Hic
2799 2725 2949 2781 enim
2997 2734 3083 2781 est
3119 2726 3235 2797 ipse
3270 2726 3351 2782 sol
3387 2725 3480 2797 qui
3518 2735 3573 2780 et
3615 2724 3708 2778 lux

448 2841 694 2897 secutus,
721 2840 774 2887 et
803 2839 856 2886 te
882 2829 1119 2900 respexit
1150 2827 1232 2884 sol
1256 2825 1506 2897 justitiaz,
1527 2840 1615 2879 me
1642 2832 1823 2878 autem
1843 2830 2030 2892 utpote
2133 2833 2264 2873 vera
2283 2858 2298 2884 ,
2351 2817 2668 2872 illuminans
2703 2832 2921 2873 omnem
2973 2817 3248 2873 hominem
3293 2817 3599 2872 venientem
3653 2814 3708 2868 in

449 2925 851 2981 inobedientem
897 2932 952 2979 et
991 2920 1333 2978 incredulum
1380 2917 1649 2987 despexit,
1691 2924 1746 2970 et
1785 2913 2026 2985 sprevit;
2133 2909 2282 2966 hunc
2329 2906 2631 2972 mundum,
2681 2915 2735 2961 et
2780 2906 2874 2976 qui
2938 2906 2993 2960 in
3047 2908 3153 2961 hoc
3192 2906 3398 2961 mundo
3453 2914 3604 2969 erat,
3657 2912 3713 2959 et

449 3017 526 3073 ita
552 3025 606 3072 et
635 3030 782 3070 nunc
808 3014 937 3087 quia
968 3021 1026 3068 tu
1067 3011 1381 3067 incredulus
1425 3021 1478 3064 et
1507 3007 1826 3063 inobediens
1854 3005 2029 3062 lactus
2132 3000 2369 3057 mundus
2407 3012 2506 3070 per
2538 2999 2717 3068 ipsum
2744 2996 2928 3053 lactus
2955 3007 3058 3052 est.
3098 2996 3215 3051 Non
3242 2996 3388 3051 enim
3440 3011 3534 3064 per
3565 2994 3712 3048 istud

449 3124 530 3175 es,
558 3123 660 3179 ego
693 3085 853 3177 spero
894 3104 1092 3174 respici
1140 3119 1170 3157 a
1213 3102 1330 3158 sole
1356 3099 1585 3171 justitize
1627 3107 1682 3153 et
1716 3098 2030 3152 misericor-
2134 3091 2350 3148 visibile
2395 3090 2580 3144 lumen
2623 3087 2863 3143 mundus
2893 3087 3075 3142 lactus
3104 3095 3226 3153 est,
3253 3100 3378 3139 cum
3429 3093 3484 3138 et
3531 3085 3711 3152 ipsum

448 3176 617 3255 diam.
641 3176 925 3268 consequi.
974 3194 1130 3262 Quod
1176 3202 1360 3248 autem
1392 3198 1585 3246 mutua
1613 3191 1772 3246 nobis
1799 3190 1870 3245 sit
1895 3189 2029 3246 solis
2055 3219 2101 3279 ο
2131 3184 2311 3256 portio
2338 3184 2410 3240 sit
2439 3181 2652 3249 mundi,
2677 3180 2771 3235 sed
2796 3195 2893 3251 per
2925 3178 3069 3234 istud
3098 3193 3287 3232 verum
3318 3176 3521 3242 lumen,
3547 3190 3575 3228 a
3601 3188 3713 3246 quo

450 3293 554 3348 ista
589 3291 888 3360 despectio,
929 3296 983 3344 et
1021 3301 1123 3358 ego
1160 3285 1341 3356 primo
1375 3298 1475 3354 pro
1511 3283 1876 3338 inobedientia
1909 3297 2030 3337 mea

449 3387 740 3455 despectus
785 3397 948 3448 sum,
1001 3389 1058 3435 tu
1104 3393 1233 3433 vero
1285 3385 1595 3446 respectus;
1653 3390 1800 3430 nunc
1847 3384 2029 3429 autem

449 3478 614 3534 etiam
641 3476 736 3532 tibi
761 3491 869 3532 non
896 3473 1076 3529 solum
1107 3472 1396 3541 despectus
1424 3466 1577 3532 solis,
1604 3466 1698 3522 sed
1727 3473 1783 3521 et
1813 3467 2030 3523 caecitas

449 3568 710 3640 quaedam
741 3567 866 3621 licet
903 3579 971 3619 ex
1005 3571 1158 3632 parte
1190 3558 1500 3630 contigerit,
1535 3566 1727 3613 testem
1765 3557 1863 3612 tibi
1899 3573 2030 3628 pro-

450 3662 649 3717 ducam
702 3657 1078 3729 magniﬁcum,
1119 3661 1182 3708 et
1227 3651 1466 3707 caelestis
1509 3649 1701 3706 secreti
1747 3649 2030 3705 conscium

451 3753 711 3817 Paulum,
743 3750 838 3821 qui
884 3749 960 3803 ita
989 3745 1159 3801 dicit:
1195 3742 1346 3798 Sicut
1379 3743 1518 3797 enim
1544 3758 1633 3796 vos
1662 3741 1750 3811 (de
1779 3741 2032 3812 gentibus

451 3847 572 3902 sine
606 3843 774 3900 dubio
808 3836 1062 3911 loquens)
1100 3835 1386 3908 aliquando
1436 3849 1536 3888 non
1563 3833 1862 3888 credidistis
1899 3831 2030 3898 Deo,

453 3955 593 3992 nunc
639 3947 816 3990 autem
865 3930 1287 3987 misericordiam
1326 3928 1604 3982 consecuti
1651 3927 1778 3980 estis
1821 3933 2032 3994 propter

453 4032 683 4084 istorum
725 4022 1191 4087 incredulitatem;
1226 4021 1316 4074 ita
1344 4029 1393 4074 et
1412 4020 1514 4074 isti
1551 4034 1659 4072 non
1695 4016 2035 4071 crediderunt

454 4123 514 4176 in
549 4128 723 4174 vestra
753 4114 1138 4181 misericordia,
1171 4111 1355 4180 utipsi
1380 4108 1804 4164 misericordiam
1849 4120 2036 4159 cense-

453 4210 782 4284 quantur".
814 4207 883 4262 Et
919 4207 1046 4262 item
1098 4203 1154 4260 in
1183 4203 1306 4258 aliis
1329 4201 1506 4256 dicit:
1544 4197 1685 4264 Quia
1721 4197 1936 4251 caecitas
1973 4211 2040 4250 ea:

453 4311 611 4373 parte
654 4299 877 4369 contigit
916 4298 975 4351 in
1015 4293 1232 4358 Israel,
1271 4291 1435 4345 donec
1483 4286 1758 4358 plenitudo
1804 4285 2038 4373 gentium

453 4372 682 4449 intraret
699 4391 764 4445 ³ο.
792 4387 931 4444 Hinc
958 4401 1089 4457 ergo
1109 4382 1274 4452 estju
1298 4395 1385 4435 me
1405 4392 1572 4450 quam
1601 4374 1903 4445 exprobras
1932 4372 2036 4427 ista

457 4485 707 4556 nigredo,
735 4481 868 4553 quia
912 4476 1159 4547 despexit
1197 4487 1284 4528 me
1321 4471 1403 4527 sol
1438 4476 1659 4540 propter
1693 4463 2039 4521 incredulita-

2137 3275 2346 3333 lumine
2379 3275 2426 3330 si
2459 3288 2561 3328 nos
2587 3271 2829 3343 perversi
2881 3269 3268 3325 incesserimus
3294 3308 3310 3333 ,
3341 3267 3543 3337 despici
3571 3265 3710 3321 dici-

2134 3384 2279 3423 mur.
2330 3367 2396 3423 Et
2427 3367 2605 3438 ipsum
2633 3364 2780 3420 enim
2827 3361 2986 3419 nobis
3025 3375 3277 3432 perverse
3309 3357 3712 3424 incedentibus,

2133 3475 2450 3532 perversum
2495 3471 2714 3529 quoque
2765 3455 2994 3520 incedit,
3041 3454 3184 3508 sicut
3233 3451 3496 3520 scriptum
3538 3449 3710 3505 estin

2133 3550 2611 3607 maledictionibus
2640 3546 2867 3602 Levitici
2896 3562 2910 3598 :
2945 3543 3014 3599 Et
3049 3546 3094 3599 si
3132 3542 3475 3605 incesserilis,
3504 3538 3706 3608 inquit,

2133 3657 2338 3696 mecum
2365 3640 2594 3710 perversi
2613 3679 2627 3704 ,
2657 3650 2704 3692 et
2733 3636 3007 3690 nolueritis
3040 3633 3244 3688 obedire
3271 3633 3430 3699 mihi,
3458 3630 3710 3699 adjiciam

2132 3732 2274 3787 vobis
2304 3732 2490 3803 plagas
2520 3739 2713 3800 septem
2730 3729 2798 3782 ⁸⁸.
2829 3725 2894 3780 Et
2922 3733 3042 3796 post
3071 3739 3245 3795 pauca
3279 3741 3293 3778 :
3332 3720 3400 3775 Et
3425 3723 3490 3788 si,
3514 3721 3710 3791 inquit,

2133 3840 2236 3878 non
2270 3825 2483 3894 fueritis
2530 3821 2827 3887 emendati,
2857 3817 2946 3874 sed
2989 3816 3304 3871 incesseritis
3344 3829 3544 3868 mecum
3589 3828 3711 3882 per-

2133 3920 2292 3984 uersi,
2324 3915 2563 3971 incedam
2599 3921 2650 3967 et
2682 3927 2777 3983 ego
2814 3909 3080 3965 uobiscum
3105 3923 3374 3978 perversus
3388 3905 3470 3973 “;
3503 3905 3617 3959 sive
3651 3909 3714 3956 ut

2135 4013 2192 4068 in
2226 4009 2350 4065 aliis
2393 4005 2799 4076 exemplaribus
2838 4001 3072 4073 legimus
3103 4018 3117 4056 :
3151 4000 3211 4054 Si
3243 3997 3560 4053 incesseritis
3606 4010 3716 4048 me-

2137 4118 2256 4156 cum
2288 4097 2524 4169 obliqui,
2557 4095 2798 4150 incedam
2829 4103 2877 4148 et
2907 4107 3001 4163 ego
3031 4091 3300 4148 vobiscum
3350 4089 3612 4158 obliquus.
3649 4084 3715 4138 Et

2137 4201 2263 4262 post
2298 4190 2577 4260 aliquanta
2606 4187 2813 4256 ,iterum
2856 4184 2994 4240 dicit
3028 4183 3096 4238 ad
3131 4181 3384 4237 ultimum
3419 4198 3432 4233 :
3468 4177 3536 4231 Et
3580 4191 3714 4248 quo-

2138 4284 2284 4338 niam
2308 4279 2705 4335 ambulaoeruat
2735 4277 2793 4330 in
2821 4285 3102 4346 conspectu
3140 4290 3254 4327 meo
3284 4271 3512 4341 obliqui,
3541 4279 3591 4324 et
3620 4282 3715 4339 ego

2139 4371 2419 4429 ambulabo
2449 4388 2565 4426 cum
2587 4371 2663 4425 eis
2697 4370 2754 4423 in
2788 4369 2966 4436 furore
2995 4365 3236 4435 obliquus
3253 4363 3320 4418 ⁸³.
3349 4361 3475 4418 Haec
3500 4374 3717 4416 assum-

2136 4466 2351 4537 psimus
2372 4504 2388 4530 ,
2419 4477 2487 4517 ex
2517 4461 2720 4532 quibus
2748 4458 3109 4528 probaremus
3139 4453 3371 4524 qualiter
3395 4451 3713 4522 despicere,

455 4540 566 4631 tem
603 4582 658 4629 et
693 4540 1129 4628 'innobediem-iam
1178 4576 1358 4618 meam
1383 4559 1522 4630 (58).
1568 4556 1705 4613 Cum
1734 4569 1864 4611 vero
1887 4561 2034 4609 recte
2065 4571 2110 4628 ι)
2137 4557 2244 4611 boc
2289 4562 2374 4608 est
2414 4550 2636 4620 oblique
2675 4548 2921 4617 aspicere
2951 4545 3034 4601 sol
3068 4544 3300 4599 dicatur.
3346 4540 3410 4595 Et
3439 4540 3718 4596 evidenter

459 4677 664 4726 stetero
694 4675 820 4721 ante
857 4676 1006 4728 eum,
1039 4666 1094 4714 et
1123 4669 1234 4712 non
1269 4650 1711 4721 luero-obliquus
1742 4647 1795 4702 in
1829 4646 2033 4717 aliquo,

459 4772 638 4828 neque
679 4754 1027 4811 declinavero
1079 4745 1150 4802 ad
1195 4745 1500 4806 dexteram,
1549 4753 1724 4810 neque
1771 4734 1844 4792 ad
1895 4736 2035 4792 sini-

457 4827 669 4915 stram,
717 4847 814 4904 sed
867 4845 1050 4900 iecero
1103 4849 1285 4896 rectas
1339 4835 1562 4892 semitas
1608 4830 1840 4902 pedibus
1893 4827 2039 4884 meis

457 4955 651 5001 contra
689 4941 858 4998 solem
905 4934 1135 5009 iustitiae
1166 4931 1423 4988 incedens
1454 4929 1508 4982 in
1541 4923 1800 4981 omnibus
1833 4919 2041 4990 justiﬁ-

458 5035 772 5092 cationibus
813 5031 934 5101 ejus
963 5028 1082 5084 sine
1109 5023 1367 5096 querela;
1406 5029 1535 5075 tunc
1585 5024 1642 5071 et
1693 5015 1813 5085 ipse
1857 5018 2039 5068 rectus

461 5144 551 5184 me
592 5124 884 5196 respiciet,
944 5129 999 5175 et
1047 5117 1195 5174 nulla
1245 5115 1350 5171 erit
1403 5109 1721 5181 obliquitas,
1780 5101 2040 5196 nec_'erit

460 5232 629 5274 causa
669 5190 779 5270 ulla
826 5211 1145 5280 despectus,
1188 5214 1243 5261 et
1281 5213 1413 5260 tunc
1461 5198 1718 5255 reddetur
1758 5191 1894 5248 mihi
1943 5190 2038 5244 lux

461 5325 584 5365 mea
643 5315 701 5362 et
763 5300 1022 5376 splendor
1069 5313 1260 5365 meus;
1294 5296 1352 5350 in
1385 5300 1713 5360 tantumque
1767 5283 2038 5356 propelle-

531 5445 578 5477 "
605 5441 765 5498 Rom.
795 5455 872 5506 ιι,
893 5435 986 5502 30,
1012 5435 1102 5491 3i.
1179 5431 1225 5464 '°
1255 5428 1388 5486 ibid.
1421 5426 1514 5482 25.

535 5587 671 5660 (δε),
691 5583 992 5660 Pacuvius
1018 5595 1084 5636 ex
1123 5576 1403 5660 οεὶεεπῑθέ
1445 5568 1934 5660 ξεείφτιῖεξεὲῖέιγωξξε
1967 5547 2034 5660 2i

464 5636 717 5730 adigit;
1033 5636 1258 5730 πᾳρεῖδὲ
1306 5642 1396 5730 bad
1423 5636 1912 5730 anulatis-palan?

633 5705 1019 5802 "Milesiam;
1046 5705 1528 5802 navavopatiq‘ugty"
1552 5711 1609 5764 al
1935 5705 2040 5802 ,ἔξω

463 5779 697 5872 ὂὲέὲαιό
728 5779 952 5872 “mm
976 5779 1333 5872 ’.ἒπαεεάεάηι
1350 5783 1594 5872 99’5"“
1638 5779 1729 5872 ’ἰτί
1751 5779 2042 5872 ,Ρδιὲῖῖίξῖξῖῖ

467 5847 766 5927 dulitﬂdt‘em‘
781 5847 1077 5934 despexit":
1111 5873 1262 5931 quem
1295 5853 1585 5924 Scriptura:
1621 5850 1782 5907 solem
1817 5847 2044 5921 justititc

2143 4645 2341 4703 claruit
2371 4642 2517 4714 quod
2564 4641 2668 4696 hos
2707 4637 2914 4709 despici
2949 4637 3058 4700 ait,
3097 4644 3152 4692 et
3193 4650 3322 4691 cum
3365 4634 3451 4688 bis
3497 4632 3718 4702 oblique

2145 4737 2380 4804 incedat,
2416 4748 2483 4790 ac
2509 4745 2784 4804 perverse,
2810 4729 2904 4800 qui
2933 4728 3154 4799 oblique
3183 4725 3441 4781 incedunt
3470 4738 3597 4780 cum
3627 4736 3713 4777 eo.

2219 4917 2324 4973 Sed
2369 4923 2424 4972 et
2463 4913 2570 4968 hoc
2606 4909 2751 4982 quod
2796 4907 2894 4964 ad—
3038 4906 3281 4979 Πρόσχες
3323 4903 3385 4956 δὲ
3440 4900 3583 4974 (59)
3627 4899 3723 4952 καὶ

2148 5012 2364 5069 monuit
2415 5021 2652 5080 praesens
2708 5005 2896 5067 locus,
2967 4998 3198 5064 τούτοις,
3229 4998 3310 5050 ὅτι
3342 4997 3370 5048 ό
3399 4994 3572 5065 ἣλιος,
3601 4993 3724 5046 λευ-

2148 5104 2519 5162 indiscussum
2549 5114 2657 5154 non
2681 5095 2901 5151 omitta-
2970 5094 3065 5159 κὸς
3100 5093 3194 5148 καὶ
3220 5089 3470 5162 λαμπρὸς
3496 5087 3604 5152 ὢν,
3639 5087 3726 5139 δο-

2149 5216 2293 5268 mus,
2311 5199 2439 5271 quia
2464 5195 2546 5253 sol
2569 5192 2800 5264 duplicis
2817 5190 2898 5244 vi-
2970 5191 3059 5243 κεῖ
3091 5186 3189 5257 τὴν
3229 5183 3406 5238 αἰτίαν
3447 5181 3589 5251 ἔχειν
3629 5177 3725 5231 τοῦ

2149 5298 2307 5354 detur
2331 5309 2452 5351 esse
2476 5291 2717 5356 virtutis,
2732 5286 2900 5342 unius
2974 5277 3236 5353 μελανοῦν
3260 5278 3326 5330 οὐ
3353 5275 3484 5346 παρ’
3508 5272 3724 5334 ἑαυτὸν,

1613 5423 1656 5456 ⁶¹
1700 5419 1876 5476 Levit.
1908 5432 2060 5485 xxvr,
2090 5414 2182 5469 2|.
2258 5411 2303 5444 "
2329 5407 2578 5479 ibid._‘23,
2604 5403 2696 5459 ει.
2772 5401 2820 5434 ⁸⁸
2854 5396 2988 5456 ibid.
3015 5395 3105 5463 ιο,
3139 5394 3228 5450 Η.

2140 5570 2350 5618 vocant.

2215 5603 2642 5700 ξξέξήρόσχες
2699 5621 2802 5683 δέ,
2843 5625 2958 5700 εις...
3003 5613 3189 5700 Graeca
3211 5603 3726 5700 ‘bazchLz'iloclalic-e

2143 5673 2326 5771 capit};
2363 5673 2879 5785 uigiijié'vexcclpta“
2907 5687 3163 5770 dicuntur
3207 5683 3274 5737 ὲκ
3319 5678 3414 5735 τοῦ
3461 5677 3505 5750 β’
3551 5673 3724 5746 τόμον

2145 5754 2254 5827 adiri;
2277 5754 2362 5834 ei;
2391 5769 2451 5822 τὸ
2479 5763 2668 5838 ᾋσμα
2704 5754 2809 5815 τῶν
2847 5754 3128 5830 ᾀσμάτων.
