4134 6426
466 315 570 373 H5

1538 315 1858 374 ORICENIS
1898 316 1966 372 IN
2003 317 2360 378 CANTICUM
2396 317 2670 380 CANTIC.

3632 327 3729 385 116

465 429 562 484 lilii
596 431 790 486 matris
816 445 928 487 sua:
958 431 1357 488 dimicaverunt
1404 449 1511 490 non
1543 443 1736 491 contra
1774 450 1928 504 cam,
1959 437 2054 494 sed
2083 451 2129 502 Α
2160 447 2261 492 tem
2302 456 2358 494 se
2403 441 2654 496 adversus
2698 441 2971 497 scientiam
3015 442 3212 499 Christi
3246 446 3311 500 θ’.
3351 443 3734 515 Pugnaverunt

465 522 520 576 in
564 537 627 577 ea
656 541 669 577 :
701 532 757 578 et
787 533 910 593 post
957 523 1062 580 hoc
1115 525 1313 579 bellum
1345 527 1488 595 quod
1531 525 1588 581 in
1625 542 1688 583 ea
1723 539 2046 598 gesserunt,

465 615 867 670 constituerunt
895 632 1017 670 eam
1055 616 1338 671 vinearum
1394 619 1712 683 custodem,
1745 635 1854 677 non
1884 623 2050 680 unius

466 706 671 770 vineas,
719 707 814 763 sed
849 708 1167 763 multarum.
1201 709 1413 765 Astruit
1449 718 1632 766 autem
1667 712 1784 768 haec
1823 715 2047 780 eadem,

463 797 609 866 quod
659 807 853 868 praeter
895 799 1018 855 illas
1057 799 1246 856 vineas
1289 816 1429 872 quas
1471 818 1502 856 a
1535 801 1662 859 ﬁliis
1707 806 1902 860 matris
1934 822 2050 863 sua:

461 887 737 944 custodire
787 890 962 960 posita
1009 899 1128 958 est,
1181 891 1434 947 habuerit
1466 893 1628 948 aliam
1659 895 1934 966 propriam
1966 898 2050 953 vi-

463 993 620 1032 neam
662 995 828 1049 quam
882 997 991 1036 non
1049 983 1396 1039 custodierit.
1466 983 1592 1041 Haec
1636 995 1723 1042 est
1780 990 2049 1061 propositi

459 1071 721 1127 dramatis
747 1071 952 1128 fabula.
982 1073 1092 1129 Sed
1121 1091 1269 1156 nunc
1295 1077 1641 1147 inquiramus
1676 1095 1800 1150 qua:
1831 1083 1903 1138 sit
1929 1098 2048 1138 ma-

459 1173 542 1218 ter
565 1179 780 1234 sponsa:
810 1165 976 1236 hujus
1004 1183 1170 1239 quam
1211 1169 1328 1225 haec
1355 1171 1585 1243 allegat,
1614 1173 1707 1243 qui
1743 1175 1853 1230 sint
1879 1177 2046 1232 etiam

458 1255 550 1316 lilii
579 1255 700 1325 ejus
743 1260 837 1328 qui
882 1261 1283 1317 dimicaverunt
1313 1263 1365 1317 in
1397 1280 1492 1327 ea,
1537 1274 1593 1318 et
1623 1265 1874 1322 confecto
1902 1267 2046 1326 bello

460 1348 803 1404 tradiderunt
847 1353 896 1406 ei
944 1353 1132 1410 vineas
1178 1371 1316 1425 quas
1356 1358 1687 1426 custodiret,
1724 1362 1880 1431 quasi
1923 1378 2046 1434 quae

458 1456 568 1495 non
598 1443 870 1512 potuisset
917 1461 1137 1504 servare
1171 1463 1300 1517 eas,
1335 1451 1442 1506 nisi
1476 1451 1545 1506 ab
1584 1449 1692 1509 illis
1721 1453 2042 1511 dimicatum

457 1534 670 1588 fuisset.
719 1533 871 1590 Illam
903 1553 1034 1593 vero
1066 1550 1317 1610 suscepta
1353 1543 1585 1598 aliarum
1617 1545 1902 1601 vinearum
1943 1561 2043 1603 cu-

457 1626 634 1681 studia
673 1629 955 1699 propriam
991 1632 1205 1688 vineam
1249 1635 1491 1692 noluisse
1519 1637 1606 1692 vel
1641 1653 1749 1693 non
1794 1639 2042 1709 potuisse

457 1733 709 1785 servare;
753 1722 819 1775 ad
862 1720 1086 1779 Galatas
1129 1723 1331 1782 Paulus
1379 1728 1655 1798 scribens,
1706 1731 1827 1786 ait:
1863 1730 2040 1787 Dicite

456 1808 586 1861 mihi
625 1811 716 1878 qui
758 1812 854 1864 sub
885 1813 994 1883 lege
1035 1815 1196 1871 uultis
1229 1833 1371 1885 esse,
1419 1819 1586 1890 legent
1632 1839 1738 1876 non
1770 1823 2042 1879 audistis?

453 1896 718 1968 Scriptum
761 1912 838 1956 est
866 1905 1038 1970 enim,
1083 1911 1336 1978 quoniam
1383 1910 1652 1967 Abraham
1685 1915 1816 1969 duos
1857 1916 2044 1971 habuit

449 1991 626 2059 ﬁlios,
654 2009 818 2048 unum
850 2012 916 2051 ea:
945 1999 1174 2067 ancilla,
1219 2012 1266 2056 et
1312 2018 1482 2056 unum
1521 2005 1804 2062 delibera.
1853 2007 1954 2063 Sed
1995 2010 2042 2065 is

448 2084 659 2153 quidem
688 2089 782 2158 qui
813 2088 878 2142 de
905 2092 1130 2160 ancilla,
1162 2097 1449 2150 secundum
1481 2115 1691 2154 carnem
1731 2110 1889 2156 natus
1918 2110 2002 2157 est
2019 2120 2042 2169 ;

451 2179 543 2248 qui
579 2196 697 2234 vero
744 2181 810 2236 de
841 2183 1008 2239 libera
1028 2224 1044 2250 ,
1076 2189 1363 2242 secundum
1394 2193 1852 2260 repromissionem
1879 2211 1898 2250 :
1922 2212 2042 2266 qua:

450 2279 575 2323 sunt
629 2271 938 2342 allegorica.
997 2273 1127 2333 Hau:
1171 2281 1311 2333 enim
1362 2290 1484 2334 sunt
1531 2283 1639 2336 duo
1689 2292 2038 2352 testamenta,

453 2378 616 2416 unum
638 2367 849 2435 quidem
885 2369 939 2422 in
976 2379 1148 2425 monte
1183 2369 1315 2426 Sina
1347 2373 1400 2425 in
1430 2375 1735 2429 servitutem
1760 2393 2037 2447 generans,

452 2468 570 2520 qute
597 2463 674 2506 est
714 2457 879 2526 Agar.
921 2457 1060 2514 Sina
1099 2461 1239 2515 enim
1277 2477 1426 2516 mons
1472 2471 1549 2517 est
1584 2464 1640 2518 in
1675 2465 1916 2533 Arabia,
1946 2467 2039 2537 qui

451 2545 725 2614 confertur
765 2549 888 2602 huic
930 2567 1048 2621 qua:
1088 2569 1227 2606 nunc
1257 2563 1335 2609 est
1378 2551 1753 2622 Hierusalem,
1796 2567 1845 2612 et
1875 2559 2038 2614 servit

449 2653 566 2691 cum
596 2639 726 2708 [iliis
755 2642 891 2697 suis.
941 2643 1074 2710 Qua:
1099 2655 1276 2701 autem
1310 2663 1521 2702 sursum
1552 2658 1630 2704 est
1660 2647 1995 2705 Hierusalem
2019 2692 2035 2720 ,

447 2729 613 2785 libera
642 2742 754 2800 est,
783 2750 902 2804 quae
928 2745 1006 2790 est
1035 2748 1205 2793 mater
1233 2741 1469 2796 omnium
1505 2750 1743 2797 nostrum
1764 2742 1832 2797 ".
1886 2743 2039 2801 Hanc

447 2837 578 2892 ergo
625 2821 970 2882 Hierusalem
1018 2830 1296 2887 caelestem
1352 2833 1488 2888 dicit
1529 2849 1651 2891 esse
1694 2833 1931 2903 Paulus,
1983 2844 2038 2893 et

450 2929 608 2968 suam
640 2917 885 2971 omnium
914 2927 1164 2975 nostrum
1213 2921 1554 2978 credentium
1588 2933 1840 2980 matrem.
1875 2923 2038 2980 Deni-

449 3020 558 3074 que
587 3006 738 3062 addit
771 3007 826 3062 in
867 3011 1273 3079 posterioribus
1319 3021 1374 3068 et
1413 3013 1546 3070 dicit
1576 3029 1590 3066 :
1626 3013 1853 3085 Propter
1896 3016 2036 3086 quod

451 3097 645 3202 (ratres
684 3115 787 3153 non
822 3117 1009 3157 sumus
1041 3104 1254 3160 ancilla:
1283 3105 1386 3174 ﬁlii
1405 3146 1420 3173 ,
1467 3105 1559 3160 sed
1587 3105 1767 3161 liberae
1787 3148 1801 3173 ,
1831 3123 1936 3178 qua
1968 3107 2036 3161 li-
2062 3142 2106 3202 α

452 3189 652 3244 bertate
712 3191 953 3247 liberavit
1007 3211 1100 3250 nos
1163 3194 1408 3251 Christus
1425 3196 1494 3250 ".
1555 3195 1844 3253 Evidenter
1905 3213 2038 3270 ergo

449 3279 654 3337 Paulus
687 3285 1046 3352 pronuntiat,
1104 3287 1253 3358 quod
1302 3287 1484 3344 omnis
1533 3289 1627 3358 qui
1661 3304 1756 3360 per
1801 3289 1962 3346 ﬁdem
2003 3306 2036 3347 a

449 3371 674 3428 Christo
699 3376 1058 3446 consequitur
1085 3377 1414 3444 libertatem,
1454 3379 1600 3435 ﬁlius
1633 3382 1704 3436 sit
1733 3380 1952 3448 liberae;
1981 3391 2038 3437 et

454 3463 595 3519 hanc
622 3465 754 3522 dicit
781 3483 904 3524 esse
931 3483 1155 3524 sursum
1183 3467 1548 3536 Hierusalem,
1582 3485 1704 3541 quae
1732 3472 1903 3528 libera
1930 3483 2036 3540 est,

448 3572 573 3625 qua:
591 3567 674 3613 est
700 3568 876 3613 mater
900 3561 1150 3615 omnium
1176 3569 1448 3618 nostrum.
1478 3561 1654 3633 Hujus
1682 3578 1814 3634 ergo
1843 3565 2037 3622 matris

450 3658 506 3704 ει
547 3650 668 3720 ipsa
695 3652 810 3708 haec
848 3667 1052 3723 sponsa
1079 3653 1189 3708 ﬁlia
1217 3668 1341 3709 esse
1379 3652 1697 3726 intelligitur
1735 3657 1788 3710 in
1821 3655 1907 3710 his
1939 3655 2036 3726 qui

450 3743 852 3800 dimicaverunt
879 3745 933 3799 in
965 3759 1050 3808 ea,
1077 3754 1132 3800 et
1159 3745 1562 3802 constituerunt
1588 3761 1710 3803 eam
1751 3748 2033 3803 custodem

449 3839 758 3892 vinearum.
803 3837 955 3894 Unde
983 3839 1240 3894 videntur
1286 3839 1374 3895 isti
1402 3839 1495 3910 qui
1539 3848 1746 3896 tantam
1788 3850 2033 3912 potesta-

453 3938 560 3983 tem
602 3930 922 4000 habuerint,
971 3941 1030 3987 ut
1059 3940 1114 3987 et
1147 3932 1350 3988 bellum
1377 3942 1626 4004 gererent
1655 3935 1708 3989 in
1740 3949 1805 3989 ea
1827 3975 1841 3999 ,
1863 3941 1918 3989 et
1945 3950 2035 3989 or-

451 4023 708 4078 dinarent
734 4038 856 4078 eam
885 4024 1168 4080 vinearum
1191 4026 1493 4092 custodem,
1522 4041 1632 4081 non
1657 4026 2037 4096 cujuscunque

454 4115 714 4180 humilis,
767 4124 864 4172 aut
905 4119 1286 4174 contemnendi
1335 4118 1441 4174 loci
1490 4117 1684 4174 fuisse.
1731 4117 2038 4174 Possumus

453 4223 583 4279 ergo
633 4217 685 4264 et
742 4209 1018 4279 apostolos
1079 4209 1284 4267 Christi
1343 4211 1593 4282 accipere
1649 4211 1792 4267 ﬁlios
1845 4211 2038 4266 matris

454 4313 692 4369 sponsae,
729 4299 835 4355 hoc
865 4311 950 4357 est
979 4299 1319 4358 Hierusalem
1348 4301 1492 4356 ﬁlios
1521 4301 1784 4365 caelestis,
1818 4303 1911 4372 qui
1936 4317 2039 4372 pu-

455 4400 755 4456 gnaverunt
792 4392 946 4462 prius
977 4391 1032 4448 in
1060 4393 1164 4450 ista
1189 4409 1312 4464 quae
1339 4409 1406 4448 ex
1440 4392 1696 4463 gentibus
1738 4407 2040 4462 congrega-

2155 545 2288 602 ergo
2314 545 2425 587 non
2451 531 2718 589 adversus
2743 549 2885 603 eam,
2919 536 3012 591 sed
3041 537 3094 590 in
3124 553 3207 604 ea,
3233 538 3334 592 hoc
3363 546 3447 592 est
3470 538 3525 590 in
3557 536 3734 591 sensi-

2153 622 2258 678 bus
2307 633 2361 679 ει
2399 625 2566 680 corde
2608 627 2761 696 ejus,
2808 637 2868 682 ut
2907 629 3251 684 destruerent
3302 637 3357 684 et
3403 628 3734 698 depellerent

2151 726 2370 768 omnem
2397 713 2795 784 inﬁdelitatem,
2829 732 2992 774 omne
3025 719 3241 782 vitium,
3293 731 3594 786 omnesque
3635 717 3732 770 do-

2151 804 2361 860 ctrinas
2405 820 2529 875 quae
2561 806 2610 861 ei
2647 807 2786 862 inter
2814 819 3003 878 gentes
3031 810 3219 879 posita:
3263 808 3415 863 falsis
3458 806 3732 876 scpbista-

2149 910 2274 951 rum
2314 897 2715 954 assertionibus
2747 899 3104 955 inoleverant.
3159 900 3284 955 Fuit
3311 914 3442 970 ergo
3467 898 3731 969 apostolis

2147 987 2354 1045 Christi
2385 991 2589 1061 grande
2614 990 2846 1059 bellum,
2891 993 3066 1049 donec
3097 1008 3288 1048 omnes
3312 1008 3378 1047 ex
3404 1006 3469 1047 ea
3500 991 3729 1046 menda-

2146 1080 2218 1136 cii
2251 1089 2427 1138 turres
2452 1091 2507 1138 et
2532 1098 2722 1140 muros
2768 1099 3038 1156 perversa:
3080 1086 3339 1141 doctrinae
3381 1083 3729 1150 subruerent,

2148 1171 2328 1228 donec
2360 1172 2670 1245 iniquitatis
2705 1187 3024 1246 argumenta
3054 1186 3490 1248 prosternerent,
3525 1186 3579 1230 et
3601 1190 3731 1245 ope-

2145 1273 2330 1321 rantes
2363 1265 2479 1322 haec
2503 1276 2667 1339 atque
2698 1270 3093 1325 succendentes
3117 1270 3171 1324 in
3198 1271 3363 1326 corde
3387 1270 3509 1339 ejus
3530 1268 3730 1323 damo-

2145 1370 2243 1411 nes
2274 1356 2634 1414 debellareut.
2679 1358 2783 1416 Ubi
2806 1376 2938 1432 ergo
2959 1361 3335 1432 eﬁ‘ugaverunt
3363 1359 3431 1414 ab
3452 1375 3516 1414 ea
3537 1375 3729 1414 omnes

2143 1461 2340 1505 sensus
2387 1450 2729 1510 inﬁdelitatis
2781 1456 3059 1525 antiquae,
3097 1470 3206 1509 non
3249 1468 3368 1510 eam
3411 1453 3731 1522 relinquunt

2142 1538 2376 1594 otiosam
2396 1581 2413 1608 ,
2466 1556 2534 1596 ne
2561 1542 2700 1598 forte
2727 1558 2823 1614 per
2859 1544 3032 1599 otium
3061 1559 3255 1600 rursus
3279 1545 3501 1614 antiqua
3531 1543 3728 1599 subre-

2142 1638 2294 1697 pant,
2320 1638 2375 1685 et
2400 1631 2625 1687 redeant
2651 1650 2774 1704 quae
2800 1635 3015 1704 repulsa
3042 1646 3168 1691 sunt
3193 1651 3208 1690 :
3245 1635 3338 1691 sed
3363 1636 3494 1690 dant
3515 1637 3565 1691 ei
3589 1651 3729 1706 Opus

2143 1719 2294 1787 quod
2341 1731 2505 1792 agat,
2552 1732 2608 1779 ει
2653 1725 2980 1796 consignant
3005 1727 3054 1781 ei
3080 1728 3382 1782 custodiam
3418 1728 3722 1784 vinearum.

2069 1793 2113 1849 Β
2144 1807 2342 1867 Vincas
2393 1813 2729 1885 accipiamus
2778 1793 2994 1888 singula
3049 1833 3394 1889 quaecunque
3446 1819 3722 1874 volumina

2139 1902 2275 1973 legis
2295 1918 2361 1960 ac
2383 1907 2796 1976 prephetarum.
2817 1907 2946 1963 Erat
2965 1909 3112 1964 enim
3135 1911 3511 1980 unusquisque
3537 1926 3724 1965 eorum

2139 1995 2284 2050 sicut
2308 2010 2437 2066 ager
2463 1995 2657 2065 plenus
2679 2013 2842 2067 quem
2877 1998 3152 2054 benedixit
3183 1998 3449 2054 Dominus
3476 2001 3544 2055 ”.
3598 1999 3725 2056 Haec

2140 2099 2275 2157 ergo
2301 2085 2392 2141 isti
2423 2087 2524 2140 viri
2553 2087 2719 2150 fortes
2760 2097 2885 2160 post
2911 2089 3192 2145 victoriam
3226 2089 3353 2144 belli
3381 2091 3648 2146 servanda
3674 2093 3726 2147 ei

2139 2191 2195 2235 et
2239 2178 2597 2236 custodienda
2645 2182 2991 2250 consignant.
3054 2181 3175 2236 Non
3207 2182 3352 2237 enim
3406 2184 3725 2253 relinquunt

2139 2287 2260 2327 eam
2285 2311 2302 2336 ,
2335 2279 2396 2325 ut
2419 2269 2661 2327 diximus
2681 2312 2698 2340 ,
2729 2273 2986 2327 otiosam.
3049 2272 3155 2329 Sed
3185 2284 3239 2330 et
3265 2276 3722 2346 evangelistarunt

2138 2363 2376 2432 scripta,
2405 2370 2569 2433 atque
2601 2362 2846 2433 ipsorum
2891 2367 3262 2434 apostolorum
3297 2367 3506 2422 litteras
3533 2383 3726 2438 possu—

2138 2469 2264 2510 mus
2307 2453 2560 2510 similiter
2592 2455 2784 2511 vineas
2829 2458 3077 2528 accipere
3101 2498 3117 2525 ,
3163 2473 3300 2530 quas
3345 2460 3470 2514 huic
3499 2476 3621 2530 qua!
3655 2475 3724 2516 ex

2140 2546 2399 2618 gentibus
2429 2556 2815 2618 congregatur,
2847 2563 2946 2618 pro
2975 2565 3082 2620 qua
3113 2551 3277 2605 etiam
3305 2551 3721 2617 dimicaverunt,

2137 2636 2523 2694 custodiendas
2571 2639 2938 2710 colendusque
2983 2641 3344 2698 tradiderunt.
3397 2641 3551 2709 Quod
3583 2657 3714 2697 vero

2135 2731 2234 2798 ait,
2281 2732 2411 2802 quia
2448 2747 2603 2788 suam
2649 2731 2926 2802 propriam
2973 2733 3186 2789 vineam
3237 2749 3348 2791 non
3375 2735 3717 2800 custodierit,

2137 2825 2290 2884 illam
2334 2841 2632 2896 possumus
2675 2825 3039 2882 eruditionem
3068 2827 3274 2897 dicere,
3291 2843 3398 2898 qua
3425 2828 3723 2897 unusquis-

2135 2932 2245 2989 que
2278 2919 2634 2975 exercebatur
2689 2929 2814 2976 aute
2841 2921 3036 2989 ﬁdem;
3073 2937 3239 2993 quam
3264 2922 3383 2977 sine
3411 2923 3578 2976 dubio
3603 2937 3724 2976 cre-

2138 3009 2280 3065 dens
2305 3008 2529 3065 Christo
2550 3049 2566 3075 ,
2620 3010 2879 3081 relinquit
2907 3026 2972 3066 ac
2999 3011 3240 3076 deserit,
3290 3018 3346 3064 et
3383 3025 3446 3064 ea
3475 3025 3596 3078 qua:
3619 3009 3723 3063 sibi

2140 3099 2294 3157 lucra
2323 3101 2667 3167 videbantur,
2691 3102 2842 3158 ducit
2867 3111 3090 3174 pr0pter
3115 3100 3396 3157 Christum
3428 3100 3726 3154 detrimen-

2139 3201 2215 3249 ta.
2275 3193 2428 3250 Sicut
2449 3203 2503 3250 et
2527 3195 2730 3250 Paulus
2757 3195 3022 3266 gloriatur
3059 3193 3194 3263 legis
3220 3191 3633 3258 observantias,
3661 3200 3714 3244 et

2137 3301 2356 3342 omnem
2385 3285 2629 3342 Iudaica:
2655 3285 3020 3342 institutionis
3065 3284 3295 3356 gloriam
3331 3283 3501 3339 fuisse
3523 3281 3624 3337 sibi
3661 3290 3724 3337 ut

2137 3389 2381 3435 stercora
2438 3386 2651 3432 tantum
2679 3387 2734 3432 ut
2782 3377 2835 3432 in
2873 3377 3097 3432 Christo
3123 3377 3458 3432 inveniretur
3490 3390 3594 3428 non
3623 3373 3722 3426 ha-

2137 3470 2272 3526 bens
2294 3485 2450 3525 suam
2473 3469 2747 3540 justitiam
2776 3485 2898 3538 qua:
2923 3483 2987 3522 ex
3021 3469 3136 3538 lege
3160 3476 3263 3533 est,
3314 3467 3407 3522 sed
3448 3464 3717 3534 justitiam

2137 3577 2260 3633 quae
2285 3578 2350 3617 ex
2381 3561 2494 3616 Deo
2515 3569 2599 3617 est
2626 3561 2693 3617 “.
2747 3560 2898 3616 Sicut
2925 3576 3055 3632 ergo
3083 3559 3288 3615 Paulus
3310 3567 3529 3627 accepta
3561 3556 3721 3611 Chri-

2137 3653 2207 3708 sti
2237 3652 2362 3718 ﬁde,
2396 3666 2504 3705 non
2530 3650 2828 3706 custodivit
2855 3651 3066 3705 vincam
3093 3665 3273 3715 suam,
3303 3647 3542 3703 Judaicze
3573 3647 3720 3702 scili-

2137 3753 2224 3799 cet
2254 3742 2564 3799 traditionis
2589 3743 2886 3812 obsequia;
2919 3752 2972 3797 et
2997 3742 3203 3798 idcirco
3231 3741 3462 3796 lortasse
3490 3755 3598 3793 non
3629 3753 3724 3792 cu-

2135 3836 2376 3903 stodivit,
2412 3837 2542 3908 quia
2573 3854 2700 3894 cum
2747 3839 2994 3909 plantata
3026 3844 3172 3892 esset
3216 3851 3247 3889 a
3275 3833 3386 3888 Deo
3425 3833 3546 3886 vitis
3581 3848 3720 3896 vera,

2137 3944 2385 3983 conversa
2424 3937 2506 3984 est
2534 3931 2586 3982 in
2619 3929 3035 3984 amaritudinem
3064 3927 3185 3982 vitis
3215 3926 3403 3980 cliente
3429 3924 3500 3988 ’⁵,
3535 3932 3588 3978 ει
3609 3933 3724 3978 erat

2133 4026 2246 4096 jam
2281 4026 2400 4080 vitis
2435 4025 2787 4081 Sodomorum
2812 4025 2964 4079 vinea
2993 4039 3196 4086 eorum,
3233 4030 3283 4076 et
3323 4021 3519 4089 palmes
3541 4033 3722 4073 eorum

2138 4132 2202 4171 ex
2235 4115 2548 4180 Gomorrha,
2583 4128 2638 4172 et
2659 4116 2841 4172 botrus
2877 4112 3259 4169 amaritudinis
3297 4113 3351 4164 in
3372 4111 3471 4175 eis,
3498 4119 3550 4164 et
3573 4108 3725 4176 [uror

2139 4211 2429 4263 draconum
2459 4210 2634 4264 uinum
2660 4224 2862 4274 eorum,
2893 4216 2943 4262 et
2971 4207 3125 4276 furor
3163 4205 3408 4274 aspidum
3454 4197 3725 4254 insanabi-

2139 4299 2206 4353 lis
2240 4300 2305 4352 “.
2361 4297 2440 4354 lta
2467 4308 2521 4355 et
2546 4301 2689 4370 apud
2719 4308 2909 4370 gentes
2937 4304 3094 4354 erant
3125 4296 3373 4366 plurima:
3409 4289 3724 4362 hujusmodi

2139 4391 2416 4457 doctrinm,
2442 4407 2578 4461 quas
2599 4399 2720 4462 post
2747 4392 2836 4446 illa
2856 4390 2996 4445 bella
3015 4388 3214 4458 quibus
3241 4402 3339 4456 pro
3364 4385 3468 4441 ﬁde
3491 4393 3546 4439 et
3569 4383 3725 4451 agni-

455 4492 566 4536 tur.
612 4481 1000 4553 Pugnaverunt
1041 4493 1223 4539 autem
1261 4491 1324 4538 ιιι
1367 4483 1654 4538 vincerent
1696 4481 1752 4536 in
1796 4497 1858 4537 ea
1915 4482 2039 4538 illos
2072 4501 2117 4557 ι)
2147 4482 2295 4537 tione
2317 4482 2522 4538 Christi
2554 4499 2584 4538 a
2613 4482 2930 4558 doctoribus
2960 4480 3280 4535 dimicatum
3311 4485 3417 4543 est,
3441 4483 3726 4545 superatas

454 4589 593 4642 quos
622 4575 774 4645 prius
804 4575 993 4631 habuit
1024 4575 1360 4632 inﬁdelitatis
1399 4580 1456 4629 et
1497 4573 1880 4629 inobedientiaa
1910 4589 2036 4629 sen-

456 4681 585 4732 sus,
633 4675 688 4720 et
734 4682 952 4723 omnem
1001 4667 1293 4722 elationem
1342 4665 1692 4721 extollentem
1743 4679 1802 4720 se
1844 4665 2036 4719 adver-

457 4774 552 4810 sus
584 4757 690 4831 53
715 4759 1238 4823 scient'amChristi,
1259 4757 1401 4813 sicut
1417 4756 1618 4812 Paulus
1638 4756 1796 4812 dicit:
1817 4755 2036 4827 Cogita-

458 4851 625 4906 tiones
660 4833 1016 4920 destruentes,
1059 4861 1109 4908 et
1149 4868 1354 4906 omnem
1401 4849 1739 4904 altitudinem
1779 4847 2036 4905 extollen-

2143 4572 2297 4628 dicit.
2362 4571 2503 4628 Puto
2531 4573 2680 4643 quod
2704 4572 2932 4628 omnino
2955 4569 3203 4626 criminis
3237 4569 3357 4624 loco
3385 4567 3639 4630 ducatur,
3678 4563 3725 4619 si

2144 4665 2466 4721 custodierit
2489 4665 2689 4735 aliquis
2718 4662 3036 4734 ltujusmodi
3065 4661 3252 4717 vineas
3273 4700 3289 4723 ,
3332 4668 3386 4714 ει
3412 4672 3600 4728 agrum
3633 4672 3728 4710 co-

2144 4755 2221 4811 lat
2265 4757 2405 4810 ultra
2457 4756 2737 4811 venenatis
2785 4764 2839 4808 et
2872 4753 3051 4808 noxiis
3079 4753 3352 4808 consitum
3400 4749 3727 4818 disciplinis.

2144 4845 2256 4903 Nec
2283 4847 2502 4901 tuircris
2526 4847 2571 4900 si
2599 4846 2684 4900 his
2714 4845 2892 4915 culpis
2935 4843 3234 4914 aliquando
3271 4841 3441 4895 fuisse
3481 4839 3731 4894 videatur

541 5000 586 5031 ⁹⁰
626 5000 800 5056 Galat.
839 5018 913 5065 tv,
949 5002 1042 5066 21,
1071 5002 1163 5065 22,
1193 5001 1284 5064 23,
1313 5001 1404 5065 24,
1431 5000 1522 5054 25.
1598 5000 1642 5032 ⁸⁸
1671 4999 1805 5054 ibid.
1833 4999 1922 5054 3i.
1997 4999 2041 5032 "

2157 4994 2285 5051 Cor.
2317 5012 2372 5062 ιι,
2400 4995 2454 5058 4,
2480 4993 2534 5048 5.
2609 4992 2654 5024 ³³
2682 4992 2817 5047 Gen.
2858 5006 3028 5059 xxvtt,
3055 4989 3149 5044 27.
3213 4988 3258 5020 ’δ
3294 4983 3529 5054 Philipp.
3557 4998 3641 5049 ιιι,
3673 4981 3729 5038 9.

458 5072 504 5103 ⁸³
542 5072 743 5126 .lcrctn.
778 5088 853 5141 ιι,
876 5074 968 5128 21.
1060 5074 1107 5106 ⁸⁸
1147 5073 1306 5128 Deut.
1340 5088 1516 5140 uxxtt,
1549 5071 1640 5140 52,
1670 5071 1760 5126 '55.

460 5235 557 5288 την
584 5218 768 5273 ἔθεντο
803 5217 1211 5288 φυλάττουσαν.
1228 5216 1358 5270 Εἶτα
1385 5213 2040 5288 ἐμαχέσαντοζΜαχξσὰ-

463 5284 610 5359 μένοι
643 5291 700 5343 δὲ
745 5284 995 5360 πρῶτον,
1032 5287 1345 5357 ἐπιτηδείαν
1383 5284 1646 5358 euoluam)
1688 5284 1779 5338 τοῦ
1816 5284 2040 5392 τεθῆναι

553 5359 870 5392 summa...“
903 5361 981 5392 ει..
1013 5360 1259 5392 ,και-νά..
1311 5359 1548 5392 τώδε-...τηρ
1579 5357 1636 5392 λιι
1671 5350 1826 5392 ’.τι-ΡΜ
1867 5373 1934 5392 νη
1990 5354 2040 5392 ni

459 5350 516 5411 ἐν
551 5350 870 5431 ἁμπελῶξῃν
902 5350 990 5431 elei
1013 5350 1548 5431 quiauﬁv.Mto_Daﬁ§
1579 5357 1637 5431 es
1671 5350 1826 5431 οὗτος
1867 5350 1965 5431 ita}.
1990 5354 2041 5431 oi.

460 5423 767 5502 προῴῆται,
795 5425 870 5484 ὧν
918 5423 1352 5502 ἕκαξιτοςξᾷγρὸς
1395 5423 1462 5502 by
1493 5423 1745 5502 ἑτλήρηςρ
1785 5425 1844 5478 δν
1888 5423 2040 5502 εὐλόῖ

461 5495 594 5584 γι,σέ
628 5495 851 5584 Κύριος,
876 5503 973 5584 asoti.
1005 5495 1290 5584 dpueldri,
1308 5501 1374 5584 ‘év
1395 5495 1920 5584 olcftg'qe'vdps‘yosz
1949 5495 2045 5584 ita).

458 5565 559 5640 δὲῆν
593 5565 861 5643 προλὲἐράὺ
894 5573 1006 5639 ’ἐξιν
1032 5565 1225 5626 ἑαυτοῦ
1263 5571 1336 5641 μὴ
1367 5569 1571 5688 raptim,
1601 5565 1677 5630 ὼς
1705 5565 1768 5619 ὲκ
1794 5565 2044 5635 Σοδόμων

460 5643 809 5688 ὐπὰογηυσιν
840 5642 1161 5688 ἀιιπελῶνα-
1192 5641 1270 5688 τῶ
1312 5657 1386 5688 πα
1459 5657 1540 5688 ντι
1575 5638 1837 5688 κέγοηται
1877 5635 2039 5688 λόγω.

460 5638 809 5715 ὐτὲὰρχόυσάν
840 5638 1161 5713 ἀμπελῶνα,
1192 5638 1272 5710 τῷ
1312 5638 1540 5710 παρόντι
1575 5638 1837 5718 κέχρηται
1877 5638 2039 5704 λόγῳ.

468 5734 484 5763 ι
523 5714 651 5766 l’ilii
697 5715 882 5766 matris
920 5731 1046 5767 mea:
1080 5720 1441 5782 pugnaverunt
1475 5711 1529 5762 in
1561 5725 1660 5774 me,
1694 5727 1711 5759 ι
1735 5708 1788 5782 id
1821 5707 2041 5782 est._qul

465 5801 544 5838 me
571 5787 750 5840 docent
787 5784 984 5842 Christi
1010 5777 1282 5853 discipuli,
1321 5797 1438 5835 cum
1478 5797 1554 5837 me
1582 5796 1614 5834 a
1643 5779 1797 5835 malis
1834 5777 2036 5848 cogita-

2146 5208 2396 5276 tionibus,
2425 5223 2541 5278 qute
2569 5215 2720 5261 antea
2745 5215 2916 5270 erant,
2941 5214 2989 5259 et
3014 5221 3046 5258 a
3071 5202 3395 5278 daemonibus
3419 5215 3507 5252 eas
3539 5198 3724 5278 aman-

2146 5279 2308 5345 tibus,
2340 5275 2526 5334 vellent
2555 5280 2801 5350 expiare,
2822 5286 3006 5350 contra
3031 5275 3201 5350 eosin
3223 5288 3313 5350 _r_ue
3339 5277 3724 5350 pugnaverunt,

2145 5338 2380 5419 ejusdem
2411 5338 2851 5422 mecum-matris,
2873 5347 3066 5422 liberte
3097 5338 3358 5422 ridelicet',
3386 5338 3507 5422 ﬁlii.
3543 5338 3728 5419 Pugna

2147 5415 2323 5473 autem
2361 5420 2591 5489 primum
2621 5417 2916 5487 perfuncti,
2967 5415 3212 5489 idoneam
3259 5417 3491 5480 fecerunt
3528 5415 3643 5489 quae
3674 5415 3728 5489 ut

2148 5491 2309 5544 vineis
2337 5478 2406 5542 dd
2437 5478 2735 5544 custodiam
2764 5478 3066 5557 poneretur.
3097 5478 3302 5557 Moyses
3334 5489 3512 5534 autent
3541 5478 3624 5528 hic
3650 5483 3730 5528 est

2147 5571 2196 5615 et
2225 5560 2510 5630 prophette,
2536 5553 3135 5630 quorunt'sittquli_ager
3163 5553 3552 5630 plenuseraut,
3573 5560 3728 5616 quem

2154 5622 2416 5685 benedixit
2450 5622 2743 5699 Dominus,
2771 5622 2924 5697 atque
2947 5622 3096 5678 uinea
3119 5638 3135 5675 :
3162 5626 3216 5676 in
3250 5622 3436 5689 quibus
3463 5622 3578 5699 quis
3611 5630 3728 5699 uere

2149 5719 2294 5767 sons,
2323 5718 2412 5754 nec
2447 5702 2675 5770 priorem
2704 5698 2942 5750 habitum
2975 5710 3205 5770 servans,
3233 5701 3410 5762 utpote
3439 5697 3640 5745 vineam
3667 5697 3731 5741 ex

2148 5765 2414 5841 Sodomis,
2447 5765 2695 5842 prwscnti
2720 5782 2955 5823 sermone
2986 5765 3240 5818 abutitur.
