4134 6422
401 337 508 393 κει

1707 330 1910 388 LIBER
1949 330 2326 391 SECUNDUS.

3556 340 3658 395 H8

404 452 646 509 obnoxia
673 451 790 508 haec
815 464 938 522 qua
963 463 1031 505 ex
1063 447 1344 504 nationum
1383 448 1723 520 dispersione
1772 451 1982 521 colligi-
2012 457 2054 515 Α
2083 453 2184 508 bus
2211 452 2347 517 suis,
2375 451 2778 522 constitutaque
2799 461 2883 510 est
2911 453 2980 510 ah
3011 453 3094 514 eis
3123 455 3410 512 vinearum
3441 465 3650 524 custos,

406 553 516 609 tur,
545 552 598 599 et
619 543 732 614 jam
759 542 979 599 Christo
1026 555 1228 610 sponsa
1262 550 1615 612 praeparatur.
1673 541 1980 599 Recordare

403 633 682 704 quomodo
728 633 902 703 prima
935 631 1134 687 mulier
1157 630 1380 686 seducta
1404 639 1531 703 est“
1556 637 1610 686 et
1637 632 1690 686 in
1721 631 1981 702 primario

401 723 619 780 catione
665 722 808 777 facta
842 739 854 776 :
889 737 1014 792 qua:
1060 736 1169 776 non
1217 720 1376 775 aliter
1420 721 1569 776 salva
1611 719 1728 776 ﬁeri
1757 721 1980 787 dicitur,

402 817 507 870 nisi
561 830 657 881 per
702 814 936 869 ﬁliorum
985 811 1410 882 generationem,
1442 811 1662 866 illorum
1711 811 2002 892 duntaxat.

403 907 496 976 qui
522 914 840 976 permanent
863 904 917 958 in
945 903 1050 958 ﬁde
1071 912 1125 959 et
1150 905 1414 960 charitate
1444 919 1569 959 cum
1594 904 1882 959 sanctitate
1909 905 1977 956 ³⁷.

407 995 525 1050 Hoc
552 1011 680 1065 ergo
705 997 850 1065 quod
878 996 948 1052 de
973 995 1145 1050 Adam
1178 1003 1232 1049 et
1262 993 1372 1047 Eva
1403 993 1680 1059 scribitur,
1728 993 1810 1048 sic
1831 1008 1982 1048 asse-

405 1096 561 1143 verat
583 1087 878 1158 Apostolus
911 1106 926 1144 :
961 1086 1276 1157 Mysterium
1308 1101 1558 1156 magnum
1577 1093 1654 1139 est
1685 1085 1739 1138 in
1771 1084 1982 1139 Christo

406 1190 457 1235 et
487 1182 540 1234 in
570 1181 804 1234 Ecclesia
835 1181 877 1212 ’⁸
900 1196 916 1246 ;
953 1179 1044 1250 qui
1073 1194 1194 1234 eam
1226 1177 1301 1232 ita
1325 1178 1514 1233 dilexit
1544 1187 1604 1233 ut
1625 1177 1987 1248 semetipsum

411 1271 648 1328 traderet
693 1285 792 1341 pro
826 1285 912 1337 ea,
955 1285 1082 1325 cum
1114 1277 1261 1324 esset
1287 1269 1466 1325 adhuc
1506 1269 1672 1340 impia
1702 1269 1817 1324 haec
1840 1269 1982 1337 ipsa,

414 1362 558 1416 sicut
587 1360 703 1430 ipse
725 1359 865 1414 dixit
891 1377 905 1414 :
942 1358 1073 1413 Cum
1104 1358 1242 1412 enim
1267 1356 1438 1411 adhuc
1462 1357 1748 1413 secundum
1782 1365 1982 1424 tempus

415 1451 567 1520 impii
596 1465 845 1517 essemus,
877 1448 1120 1506 Christus
1149 1465 1244 1518 pro
1271 1448 1420 1502 nobis
1447 1458 1685 1502 mortuus
1707 1456 1783 1500 est
1806 1445 1873 1499 ”.
1920 1444 1986 1500 Et

415 1543 612 1598 iterum
644 1561 659 1597 :
695 1541 836 1608 Quia
861 1557 980 1595 cum
1011 1540 1182 1594 adhuc
1207 1555 1436 1593 essemus
1461 1539 1718 1608 inﬁdeles,
1741 1537 1984 1593 Christus

409 1648 506 1701 pro
530 1631 677 1686 nobis
701 1641 940 1687 mortuus
964 1639 1042 1686 est
1068 1632 1109 1685 ί.
1144 1628 1264 1684 Non
1293 1644 1424 1700 ergo
1447 1629 1644 1684 mirum
1670 1636 1773 1694 est,
1798 1629 1843 1682 si
1871 1627 1989 1681 haec

412 1740 534 1794 quae
558 1724 784 1780 seducta
816 1731 871 1778 et
902 1724 956 1778 in
986 1720 1434 1792 praevaricatione
1465 1719 1628 1784 facta,
1662 1735 1784 1788 qua:
1822 1718 1986 1786 impia

409 1815 708 1871 secundum
753 1822 967 1882 tempus
991 1811 1095 1865 fuit
1140 1818 1196 1864 et
1240 1810 1512 1880 peccatrix
1541 1851 1556 1874 ,
1589 1809 1748 1864 talem
1777 1809 1990 1864 dicatur

409 1907 624 1960 vineam
657 1904 898 1958 coluisse
925 1915 992 1956 eo
1021 1908 1283 1970 tempore,
1313 1915 1438 1956 cum
1461 1899 1641 1954 adhuc
1664 1899 1827 1969 impia
1849 1906 1988 1964 erat,

411 2012 574 2068 quam
621 1994 932 2063 relinquere
963 1991 1244 2059 debuerit,
1286 1998 1342 2047 et
1379 2005 1721 2062 nequaquam
1766 1990 1990 2047 omnino

412 2101 660 2143 servare.

485 2179 644 2246 Quod
673 2178 717 2235 si
751 2177 914 2233 etiam
963 2177 1182 2233 tertium
1217 2178 1614 2250 explanationis
1656 2176 1837 2233 locum
1868 2174 1988 2248 pla-

413 2282 499 2328 cet
520 2271 768 2341 exsequi,
805 2268 1108 2332 referamus
1148 2270 1264 2326 haec
1303 2270 1370 2326 ad
1406 2284 1847 2341 unamquamque
1872 2267 1990 2324 ani-

413 2381 583 2427 niam,
613 2380 735 2434 qua:
766 2379 1030 2421 conversa
1055 2365 1122 2420 ad
1152 2364 1346 2431 Deum,
1379 2373 1433 2419 et
1461 2363 1528 2418 ad
1551 2363 1710 2418 ﬁdem
1742 2361 1989 2428 veniens,

415 2455 618 2528 patitur
641 2455 760 2511 sine
786 2455 953 2510 dubio
977 2455 1370 2526 cogitationum
1396 2468 1631 2524 pugnas,
1663 2461 1718 2508 et
1747 2451 1994 2506 oblucta-

417 2548 596 2604 tiones
636 2547 945 2601 daemonum
991 2561 1248 2602 revocare
1277 2560 1398 2600 eam
1431 2543 1719 2597 nitentium
1744 2542 1810 2597 ad
1843 2542 1992 2612 prio-

416 2639 494 2693 ris
523 2637 646 2692 vitae
675 2637 980 2704 illecebras,
1010 2637 1096 2692 vel
1123 2634 1460 2690 inﬁdelitatis
1485 2647 1752 2712 errorem.
1793 2633 1898 2689 Sed
1923 2647 1992 2688 ne

416 2729 524 2784 hoc
561 2733 688 2795 ﬁat,
731 2744 868 2784 neve
915 2743 1134 2782 rursum
1163 2727 1502 2783 daemonibus
1538 2724 1594 2779 in
1629 2739 1749 2780 eam
1779 2731 1990 2780 tantum

416 2821 597 2882 liceat,
622 2819 900 2890 prospexit
927 2818 1115 2874 divina
1144 2817 1492 2875 Providentia
1518 2827 1578 2873 ut
1605 2817 1848 2890 parvulis
1875 2815 1994 2887 qui-

417 2912 649 2982 busque,
683 2920 737 2967 et
769 2911 857 2968 his
880 2910 974 2982 qui
1009 2926 1110 2982 pro
1139 2909 1443 2980 semetipsis
1475 2910 1736 2966 adversus
1760 2907 1992 2964 astutias

416 3003 619 3058 diaboli
649 3011 703 3059 et
731 3002 1042 3058 daemonum
1074 3017 1285 3073 pugnas
1322 3002 1584 3057 dimicare
1616 3016 1724 3058 non
1761 3007 1992 3071 possunt

417 3101 605 3164 utpote
642 3091 879 3148 infantes
905 3094 1085 3149 adhuc
1107 3103 1159 3148 et
1182 3094 1444 3149 lactentes
1470 3093 1523 3148 in
1565 3092 1786 3150 Christo
1809 3132 1825 3159 ,
1859 3092 1990 3147 dare

415 3185 638 3255 angelos
669 3193 1109 3256 propugnatores
1136 3194 1190 3240 et
1217 3182 1532 3241 defensores
1561 3202 1574 3239 :
1607 3184 1702 3255 qui
1729 3183 1878 3239 velut
1907 3192 1992 3238 tu-

414 3285 562 3331 tores
588 3283 644 3332 et
667 3284 1053 3347 procuratores
1093 3277 1380 3333 constituti
1416 3285 1546 3334 sunt
1575 3293 1606 3332 a
1633 3275 1743 3333 Deo
1779 3290 1988 3342 eorum,

415 3366 508 3436 qui
541 3366 595 3420 in
631 3365 846 3421 inﬁrma
874 3375 1031 3422 aetate
1065 3367 1226 3436 positi
1259 3382 1360 3437 pro
1393 3367 1703 3436 semetipsis
1743 3369 1826 3438 (ut
1849 3367 1992 3421 dixi-

418 3460 566 3526 mus)
597 3475 839 3530 pugnare
868 3475 977 3515 non
1017 3470 1268 3530 possunt.
1322 3459 1390 3514 Et
1421 3469 1479 3514 ut
1505 3461 1609 3517 hoc
1633 3476 1763 3516 cum
1796 3461 1991 3531 majori

421 3549 620 3605 ﬁducia
649 3560 830 3622 agant,
882 3551 1202 3607 conceditur
1226 3553 1307 3609 eis
1340 3567 1556 3622 semper
1583 3552 1766 3608 videre
1797 3551 1989 3607 faciem

417 3639 596 3698 Patris
618 3643 711 3713 qui
745 3643 800 3698 in
831 3643 988 3700 caelis
1018 3652 1103 3700 est
1129 3645 1152 3676 ²
1185 3662 1199 3699 :
1234 3653 1290 3700 et
1319 3645 1456 3700 istos
1487 3652 1618 3714 puto
1643 3659 1765 3700 esse
1793 3659 1990 3714 parvu-

417 3731 502 3787 los
526 3748 666 3801 quos
697 3721 882 3790 venire
925 3735 992 3791 ad
1039 3750 1099 3792 se
1145 3735 1399 3791 Christus
1425 3736 1624 3806 jussit,
1647 3745 1701 3790 et
1734 3750 1844 3790 non
1870 3735 1995 3790 sivit

417 3825 718 3893 prohiberi,
770 3835 824 3881 et
864 3842 1004 3897 quos
1047 3843 1263 3898 semper
1301 3827 1439 3882 dixit
1462 3827 1645 3882 videre
1673 3825 1867 3881 faciem
1893 3824 1998 3880 Pa-

418 3915 544 3970 tris.
608 3913 716 3972 Nec
748 3916 844 3971 tibi
874 3917 1211 3973 contrarium
1239 3915 1508 3982 videatur,
1539 3916 1584 3970 si
1613 3929 1708 3970 eos
1735 3916 1848 3970 haec
1872 3913 1994 3969 ani-

420 4019 510 4060 ma
532 4021 651 4075 quae
675 4006 742 4061 ad
768 4005 938 4061 Deum
963 4007 1156 4074 tendit,
1193 4007 1384 4062 matris
1409 4020 1523 4060 suae
1566 4005 1708 4060 ﬁlios
1739 4005 1993 4076 appellat.

424 4093 484 4151 Si
510 4097 653 4150 enim
684 4097 991 4152 animarum
1019 4107 1194 4154 mater
1241 4095 1586 4152 Hierusalem
1627 4097 1868 4153 caelestis
1891 4105 1996 4160 est,

421 4195 476 4243 et
504 4187 679 4259 angeli
727 4187 1085 4245 nihilominus
1137 4189 1388 4245 caelestes
1438 4188 1829 4254 nominantur,
1862 4188 1999 4243 nihil

421 4277 714 4334 dissonans
737 4278 1031 4347 videbitur,
1084 4281 1130 4336 si
1162 4281 1216 4335 hi
1248 4281 1342 4350 qni
1371 4279 1623 4336 similiter
1648 4291 1710 4336 ut
1741 4280 1857 4352 ipsa
1887 4296 1999 4336 coe-

422 4368 584 4424 lestes
632 4378 799 4433 sunt,
845 4370 913 4424 ab
953 4386 1016 4425 ea
1047 4370 1139 4425 ﬁlii
1171 4371 1362 4427 matris
1399 4371 1756 4442 appellantur.
1823 4370 1999 4442 Super

422 4459 606 4514 omnia
635 4469 814 4514 autem
851 4473 1153 4531 congruum
1183 4462 1456 4516 videbitur
1485 4471 1540 4516 et
1561 4461 1911 4527 conveniens,
1938 4469 1998 4516 ut

422 4549 622 4620 quibus
657 4566 800 4606 unus
823 4559 908 4607 est
937 4551 1100 4608 Pater
1134 4553 1278 4610 Deus
1297 4593 1312 4619 ,
1349 4568 1455 4609 una
1479 4553 1550 4609 sit
1581 4561 1635 4608 et
1657 4550 1996 4608 Hierusalem

425 4649 619 4695 mater.

495 4726 652 4795 Quod
683 4743 812 4784 vero
844 4727 958 4784 ait:
1001 4727 1218 4784 Vineam
1253 4746 1420 4784 meam
1455 4747 1558 4786 non
1599 4729 1891 4797 custodiri,
1922 4729 2001 4784 in-

425 4821 611 4876 stituta
646 4821 735 4875 illa
761 4835 826 4875 ac
856 4835 1037 4876 mores
1075 4829 1130 4876 et
1170 4822 1513 4893 propositum
1556 4823 1610 4878 in
1637 4837 1748 4893 quo
1777 4837 1997 4878 exerce-

425 4909 584 4965 batur
613 4909 911 4965 secundum
946 4919 1181 4965 veterem
1215 4911 1489 4968 hominem
1516 4913 1724 4978 vivens,
1757 4912 1999 4968 indicare

430 4999 642 5054 videtur
669 4999 1013 5055 laudabiliter
1041 5015 1071 5054 a
1105 5015 1164 5056 se
1194 5016 1305 5057 non
1339 5017 1462 5059 esse
1487 5012 1720 5059 servata.
1775 5003 1853 5058 Ex
1886 5019 1998 5074 quo

430 5100 610 5146 autem
661 5090 934 5162 adjutorio
964 5091 1286 5162 angelorum
1312 5093 1610 5162 dimicavit,
1651 5094 1782 5152 vicit
1813 5111 1878 5151 ac
1903 5111 1996 5166 pe-

427 5181 576 5236 nitus
599 5181 710 5252 (43)
739 5197 770 5236 a
794 5196 853 5237 se
878 5181 1136 5254 eﬁ'ugavit
1163 5191 1398 5240 veterem
1422 5186 1700 5242 hominem
1723 5202 1846 5242 cum
1871 5187 2000 5242 acti-

498 5292 770 5366 ’τι-Τέω.
804 5308 880 5359 ιι,
909 5293 1006 5366 ιβ,
1070 5294 1116 5326 ⁸⁸
1154 5291 1352 5366 Ephes.
1383 5311 1440 5364 v,
1464 5297 1555 5352 52.
1631 5297 1676 5330 ⁸³
1717 5296 1876 5352 Rom.
1905 5313 1935 5351 v
1957 5336 1977 5364 ,
2015 5297 2070 5353 6.

427 5360 482 5417 9.
518 5419 533 5432 ,
557 5363 580 5396 ⁵
616 5362 785 5418 lCor.
813 5379 912 5432 χιι,
936 5362 1026 5418 27.

504 5458 614 5526 (45)
636 5458 806 5540 ‘lfibb.
848 5467 1008 5540 antea
1057 5460 1226 5531 editi,
1272 5471 1323 5518 et
1360 5463 1482 5520 uicit
1519 5481 1634 5521 eam
1665 5481 1728 5520 ac
1759 5465 1985 5536 penitus.

433 5525 563 5581 Mss.
595 5525 654 5580 ut
674 5529 729 5582 in
757 5539 944 5585 nostro
972 5539 1141 5586 textu.

652 5596 820 5676 Mss”
851 5600 1158 5668 referenda;
1206 5603 1411 5676 v_ulgati
1447 5604 1608 5673 libri,
1638 5605 1989 5676 praeferenda.

503 5667 616 5750 (lsS)
652 5666 1010 5750 Mss..,‘su‘nt,
1054 5666 1191 5740 qum.
1223 5666 1362 5750 Ε(ιῖιεί
1385 5666 1764 5750 ζδιιιιι,’ᾀιιὶιιξ
1824 5675 1994 5730 Paulo

436 5747 555 5807 post
583 5753 738 5806 mss.,
771 5745 889 5794 ista:
913 5751 1084 5796 autem
1110 5760 1284 5801 omnes
1312 5745 1637 5814 άιῇετεηιὲω
1653 5762 1832 5802 eorum
1870 5757 1992 5801 sunt

2084 559 2344 599 sensuum
2377 544 2586 601 scilicet
2615 553 2671 600 et
2709 545 3024 616 doginatum
3072 547 3386 604 divinorum
3423 563 3488 604 ex
3533 548 3656 618 qui-

2083 635 2189 690 bus
2215 635 2389 705 possit
2415 635 2600 690 vinum
2632 637 2839 704 bibere,
2867 639 3014 709 quod
3046 639 3281 696 laetiﬁcet
3309 655 3404 696 cor
3429 640 3570 710 ejus.

2157 725 2309 780 Vers.
2330 726 2382 778 7.
2402 728 2670 781 Annunlia
2687 729 2815 783 mihi
2829 747 2978 800 quem
2996 731 3185 785 dilexit
3201 733 3379 786 anima
3403 749 3539 796 mea,
3564 731 3651 784 ubi

2084 818 2192 890 54
2211 819 2402 888 pascis,
2421 818 2510 872 ubi
2539 820 2707 874 cubile
2724 821 2880 876 habes
2896 824 2950 876 in
2980 824 3216 891 meridie,
3236 841 3297 878 ne
3315 825 3448 892 forte
3460 824 3652 892 e/ﬁciar

2081 908 2498 976 sicutadoperta
2522 923 2679 976 super
2699 924 2874 978 greges
2901 910 3165 965 sodalium
3190 921 3421 966 tuorum.
3463 911 3653 964 Adhuc

2085 1011 2286 1066 sponsa
2308 997 2550 1068 loquitur
2579 998 2745 1052 etiam
2781 999 2915 1066 haec,
2940 1002 3035 1055 sed
3065 1002 3131 1056 ad
3155 1017 3438 1071 sponsum,
3469 1012 3523 1056 et
3544 1014 3653 1054 non

2081 1091 2194 1162 iam
2230 1090 2297 1145 ad
2327 1090 2466 1146 ﬁlias
2495 1088 2855 1145 Hierusalem.
2917 1091 3085 1164 Igitur
3115 1095 3183 1148 ab
3217 1094 3374 1148 initio
3405 1093 3496 1146 ubi
3529 1093 3604 1147 ait
3635 1109 3651 1147 :

2087 1182 2370 1238 Osculetur
2398 1198 2479 1236 me
2497 1222 2512 1249 ,
2544 1197 2722 1252 usque
2754 1183 2821 1237 ad
2849 1185 2995 1238 hunc
3022 1186 3199 1239 locum
3233 1204 3246 1239 :
3282 1184 3452 1255 Super
3478 1201 3654 1255 greges

2084 1273 2368 1338 sodalium,
2401 1281 2596 1328 cuncta
2624 1288 2746 1343 quae
2774 1273 2919 1329 dicta
2950 1285 3112 1342 sunt,
3137 1276 3302 1330 verba
3333 1284 3462 1331 sunt
3492 1290 3654 1344 spon-

2087 1379 2180 1419 sae.
2215 1362 2319 1418 Sed
2358 1365 2535 1432 primo
2561 1379 2742 1418 sermo
2770 1365 2889 1434 ejus
2919 1367 2985 1420 ad
3019 1365 3190 1421 Deum
3216 1365 3392 1421 factus
3417 1375 3529 1430 est,
3569 1379 3658 1420 se-

2085 1455 2266 1510 cundo
2295 1455 2362 1508 ad
2392 1469 2653 1523 sponsum
2675 1497 2690 1522 ,
2716 1456 2877 1511 tertio
2899 1457 2967 1511 ad
2999 1456 3464 1522 adolescentulas;
3517 1456 3658 1510 inter

2084 1561 2226 1616 quas
2247 1554 2302 1602 et
2330 1561 2592 1616 sponsum
2617 1549 2792 1603 media
2823 1549 3094 1620 quaedam,
3125 1558 3180 1604 et
3213 1558 3272 1604 ut
3303 1563 3362 1604 se
3391 1546 3658 1602 dramatis

2088 1639 2256 1708 hujus
2285 1639 2493 1708 species
2517 1640 2680 1695 habet
2701 1640 2860 1710 quasi
2888 1641 3245 1697 mesochorus
3272 1639 3482 1706 ell‘ecta,
3515 1653 3660 1693 nunc

2090 1728 2160 1783 ad
2188 1728 2391 1798 ipsum,
2417 1744 2565 1784 nunc
2595 1730 2756 1784 etiam
2791 1730 2861 1785 ad
2892 1731 3034 1786 ﬁlias
3063 1730 3401 1786 Hierusalem
3431 1744 3661 1799 respon-

2022 1795 2066 1851 Β
2091 1795 2251 1885 dens,
2279 1819 2465 1892 dirigit
2489 1821 2676 1876 verba.
2733 1821 2845 1876 Hos
2873 1837 3003 1892 ergo
3036 1839 3183 1878 nunc
3207 1823 3427 1878 ultimos
3451 1795 3662 1877 sermo-

2087 1921 2188 1962 nes
2219 1921 2352 1963 suos
2376 1908 2444 1964 ad
2469 1923 2731 1978 sponsum
2763 1909 2916 1976 facit,
2946 1913 3233 1980 requirens
3257 1911 3327 1965 ab
3358 1925 3423 1965 eo
3450 1911 3543 1964 ubi
3571 1925 3665 1980 pa-

2089 2009 2209 2056 scat
2238 2000 2291 2055 in
2317 2002 2544 2057 meridie
2563 2041 2580 2070 ,
2609 2010 2664 2057 et
2688 2002 2782 2057 ubi
2816 2003 3046 2058 collocet
3071 2018 3287 2074 gregem
3309 2041 3325 2066 ,
3364 2017 3562 2058 verens
3594 2017 3664 2057 ne

2089 2091 2221 2146 dum
2253 2091 2482 2162 requirit
2524 2107 2673 2157 eum,
2705 2092 2949 2147 incurrat
2974 2093 3029 2146 in
3074 2107 3137 2148 ea
3180 2094 3298 2148 loca
3330 2091 3420 2146 ubi
3447 2091 3663 2149 sodales

2089 2181 2281 2250 sponsi
2306 2181 2513 2237 locatos
2545 2195 2642 2251 per
2675 2182 2956 2237 meridiem
2979 2197 3174 2252 greges
3202 2193 3438 2238 servant.
3467 2186 3666 2242 Osten-

2088 2272 2239 2328 ditur
2271 2281 2452 2328 autem
2476 2288 2576 2342 per
2603 2273 2718 2328 haec
2745 2274 2875 2344 quia
2907 2289 3142 2344 sponsus
3179 2276 3267 2331 hic
3289 2275 3451 2331 etiam
3481 2287 3665 2347 pastor

2089 2364 2182 2420 sit.
2219 2363 2280 2418 in
2306 2363 2682 2433 superioribus
2705 2372 2886 2419 autem
2916 2365 3285 2423 didiceremus
3310 2383 3432 2423 eum
3464 2383 3586 2424 esse
3612 2377 3667 2424 et

2090 2471 2295 2526 regem,
2325 2471 2426 2526 pro
2451 2471 2518 2511 eo
2547 2457 2666 2512 sine
2698 2457 2866 2512 dubio
2894 2458 3039 2527 quod
3071 2459 3322 2515 homines
3350 2470 3533 2533 regat;
3579 2477 3668 2530 pa-

2092 2553 2297 2600 storem
2330 2561 2460 2600 vero
2492 2561 2590 2616 pro
2617 2560 2684 2600 eo
2710 2547 2854 2614 quod
2890 2561 3020 2604 oves
3039 2557 3260 2618 pascat;
3292 2563 3552 2618 sponsum
3577 2565 3670 2604 au-

2091 2642 2200 2689 tem
2233 2649 2330 2704 pro
2355 2650 2422 2690 eo
2454 2635 2600 2704 quod
2629 2633 2828 2690 habeat
2856 2651 3116 2706 sponsam
3147 2652 3270 2706 quae
3304 2653 3429 2694 cum
3470 2653 3538 2693 eo
3574 2655 3667 2694 re-

2092 2735 2254 2797 gnet,
2282 2727 2582 2782 secundum
2612 2728 2757 2798 quod
2808 2729 3070 2799 scriptum
3096 2739 3182 2784 est
3212 2747 3226 2784 :
3262 2730 3453 2784 Astitit
3481 2732 3665 2800 regina

2092 2832 2127 2870 α
2166 2816 2371 2872 dextris
2416 2817 2522 2870 tuis
2567 2822 2621 2870 in
2670 2817 2858 2871 vestitu
2902 2817 3159 2872 deaurato
3189 2819 3230 2872 ⁸.
3285 2816 3410 2874 Haec
3441 2819 3663 2874 interim

2091 2905 2334 2962 continet
2378 2905 2642 2961 dramatis
2693 2905 2866 2976 ipsius
2915 2907 3010 2977 qui
3051 2914 3136 2962 est
3183 2907 3343 2977 quasi
3371 2907 3670 2966 historicus

2091 2999 2256 3055 ordo.
3618 3063 3622 3068 δ

2161 3087 2319 3144 Nunc
2338 3097 2518 3144 autem
2543 3087 2887 3158 requiramus
2905 3087 3316 3160 intelligentiam
3340 3090 3626 3162 mysticam
3654 3109 3669 3147 :

2092 3191 2147 3239 et
2174 3183 2220 3238 si
2249 3191 2467 3254 oportet
2494 3182 2793 3252 praevenire
2839 3182 3118 3252 paululum
3151 3199 3216 3238 ea
3244 3199 3368 3254 quae
3397 3185 3452 3238 in
3487 3193 3671 3254 poste-

2094 3274 2336 3330 tioribus
2380 3273 2663 3329 referenda
2696 3281 2826 3329 sunt
2852 3273 2987 3346 (44),
3035 3287 3146 3344 quo
3191 3274 3318 3345 quis
3347 3273 3576 3330 affectus
3600 3275 3676 3330 sit

2094 3365 2293 3420 horum
2344 3364 2613 3421 sodalium
2659 3371 2880 3434 pateat,
2936 3378 3306 3421 memoremus
3348 3365 3481 3422 illud
3527 3365 3672 3436 quod

2091 3459 2357 3526 scriptum
2393 3465 2508 3524 est;
2556 3456 2684 3528 quia
2729 3457 2933 3528 regina:
2963 3465 3093 3513 sunt
3136 3458 3440 3527 sexaginta,
3485 3459 3578 3515 sed
3605 3473 3674 3513 ex

2093 3549 2183 3604 his
2216 3548 2475 3604 omnibus
2511 3562 2619 3603 una
2663 3547 2736 3603 sit
2761 3547 3013 3604 columba
3037 3588 3054 3616 ,
3096 3557 3152 3604 et
3172 3561 3280 3602 una
3305 3547 3575 3618 perfecta,
3610 3564 3676 3608 ac

2094 3639 2365 3707 particeps
2408 3637 2596 3708 regni;
2640 3645 2848 3693 caetera:
2889 3652 3019 3692 vero
3060 3638 3172 3708 jam
3210 3637 3501 3694 inferiores
3547 3647 3676 3693 sunt

2093 3743 2218 3798 quae
2249 3725 2364 3797 (45)
2389 3727 2664 3797 octoginta
2712 3727 3053 3797 appellantur
3087 3728 3440 3790 concubinae;
3486 3728 3674 3784 adole-

2095 3818 2357 3873 scentulae
2385 3831 2512 3872 vero
2536 3832 2770 3886 quarum
2794 3832 3058 3873 numerus
3086 3819 3270 3874 nullus
3299 3829 3400 3888 est,
3433 3830 3552 3890 post
3585 3836 3676 3875 or-

2095 3909 2276 3962 dinem
2303 3907 2732 3963 concubinarum
2763 3917 3061 3978 ponuntur.
3119 3911 3241 3967 istae
3273 3920 3455 3967 autem
3485 3927 3677 3969 omnes

2096 3997 2416 4053 diﬂ‘erentiae
2467 4013 2655 4054 eorum
2706 4008 2869 4065 sunt,
2905 4000 3080 4071 quiin
3109 4000 3328 4058 Christo
3369 4003 3672 4068 credentes,

2096 4089 2326 4146 diversis
2371 4089 2419 4144 ei
2449 4089 2731 4146 all'ectibus
2763 4091 3078 4159 sociantur;
3113 4100 3173 4148 ut
3202 4093 3351 4149 verbi
3398 4094 3569 4165 gratia
3593 4094 3677 4150 di-

2098 4195 2309 4246 camus,
2332 4195 2550 4235 omnem
2584 4179 2885 4235 Ecclesiam
2910 4195 3006 4250 per
3025 4181 3264 4250 aliquam
3293 4182 3524 4253 ﬁguram
3561 4198 3679 4239 cor-

2096 4287 2200 4342 pus
2227 4286 2349 4326 esse
2367 4270 2593 4346 Christi,
2614 4271 2911 4341 Apostolus
2935 4269 3049 4342 (46)
3074 4272 3208 4327 dicit
3233 4273 3293 4339 ⁸;
3327 4273 3382 4326 in
3415 4289 3526 4342 quo
3551 4287 3677 4328 cor-

2096 4379 2230 4435 pore
2259 4362 2471 4418 diversa
2502 4377 2626 4418 esse
2657 4363 2900 4418 membra
2933 4365 3252 4432 pronuntiat
3271 4402 3284 4428 ,
3317 4374 3370 4418 et
3393 4364 3530 4420 alios
3555 4380 3676 4421 esse

2028 4495 2072 4551 Β
2101 4457 2310 4523 oculos,
2337 4464 2393 4510 et
2422 4455 2561 4511 alios
2586 4470 2805 4522 manus,
2840 4454 2977 4510 alios
3000 4455 3166 4510 etiam
3196 4456 3380 4526 pedes,
3411 4465 3464 4512 et
3495 4457 3679 4528 singu-

2097 4546 2184 4602 los
2233 4561 2331 4616 pro
2371 4560 2596 4616 operum
2641 4545 3059 4617 studiorumque
3104 4561 3334 4603 suorum
3382 4547 3592 4603 meritis
3619 4548 3676 4603 in

2103 4639 2345 4695 membra
2369 4639 2616 4709 corporis
2639 4637 2802 4708 hujus
2823 4639 3018 4709 aptari.
3051 4640 3360 4696 Secundum
3386 4641 3526 4697 hanc
3546 4655 3676 4711 ergo

2103 4727 2338 4797 speciem
2368 4734 2422 4781 et
2453 4725 2566 4781 haec
2595 4726 2945 4797 intelligenda
2989 4737 3152 4794 sunt;
3200 4737 3253 4784 et
3293 4729 3431 4784 alias
3457 4731 3676 4799 quidem

2104 4819 2318 4872 animas
2347 4817 2644 4888 putandum
2679 4827 2761 4874 est
2798 4817 2853 4872 in
2880 4817 2985 4872 hoc
3011 4819 3251 4889 sponsali
3279 4819 3523 4874 dramate
3554 4835 3677 4891 quae

2099 4909 2566 4980 magniﬁcentiore
2608 4909 2801 4966 aﬁ‘ectu
2843 4925 3046 4982 sponso
3073 4920 3237 4981 atque
3259 4911 3558 4967 illustriore
3581 4928 3674 4966 so—

2099 5003 2336 5067 ciantur,
2383 5003 2528 5074 apud
2558 5017 2682 5058 eum
2735 5004 3052 5074 reginarum
3090 5003 3212 5059 loco
3253 5009 3308 5058 et
3346 5003 3539 5060 aﬁ‘ectu
3580 5003 3678 5056 ha-

2097 5095 2250 5164 beri;
2282 5094 2417 5150 alias
2449 5109 2682 5166 quarum
2712 5093 2939 5151 inferior
2954 5095 3071 5151 sine
3085 5094 3322 5150 dubioin
3340 5094 3676 5165 profectibus

2098 5197 2152 5244 et
2179 5187 2472 5244 virtutibus
2518 5188 2694 5242 honor
2725 5197 2829 5253 est,
2883 5187 3315 5243 concubinarum
3347 5187 3467 5242 loco
3510 5185 3672 5248 duci;

2123 5299 2140 5330 ⁸
2183 5298 2316 5355 ibid.
2351 5297 2420 5367 8,
2445 5297 2500 5355 9.
2596 5300 2617 5332 '
2655 5297 2847 5354 Matth.
2880 5313 3048 5367 xvut,
3091 5298 3179 5353 10.
3273 5297 3294 5328 ³
3331 5295 3476 5352 Psal.
3510 5311 3672 5361 xuv,

2095 5465 2206 5536 qui.
2238 5463 2402 5530 Editi,
2425 5464 2546 5518 ista:
2571 5472 2747 5518 autem
2776 5479 2951 5518 omnes
2982 5462 3283 5516 animarum
3312 5475 3494 5514 earum
3513 5459 3674 5529 diﬂ'e-

2097 5536 2280 5590 rentia
2305 5544 2448 5603 sunt,
2481 5549 2616 5603 quae.

2172 5605 2283 5674 (46)
2324 5599 2668 5658 Libbfantea
2694 5602 2860 5674 editi,_
2889 5599 3040 5654 illam
3064 5599 3302 5674 ﬁguram
3341 5614 3531 5668 corpus
3557 5611 3671 5653 esse

2102 5670 2320 5742 Christi,
2352 5690 2455 5740 qua
2488 5671 2788 5742 Apostolus.
2816 5671 2944 5728 Mss.
2975 5678 3034 5724 ut
3064 5670 3119 5724 in
3147 5679 3336 5724 nostro
3358 5677 3528 5725 textu.
