4134 6448
500 325 599 378 lit)

1562 323 1884 382 ORIGENIS
1917 325 1986 380 ΙΝ
2024 326 2381 386 CANTICUM
2419 327 2694 387 CANTIC.

3651 330 3754 385 {20

491 454 545 500 et
567 446 706 500 alias
723 445 1256 502 adolescentularum
1287 459 1406 513 qua:
1431 444 1682 499 videnlur
1707 453 1858 500 extra
1889 437 2069 499 aulam
2100 451 2142 506 Α
2175 444 2280 516 55
2323 448 2609 500 secundum
2646 462 2942 511 numerum,
2985 456 3043 501 ut
3083 447 3190 510 ait,
3238 446 3541 516 angelorum
3577 444 3670 499 Dei
3689 445 3748 512 ’ς

491 537 716 606 quidem
766 539 978 609 positae,
1016 554 1125 594 non
1169 548 1347 592 tamen
1392 547 1543 591 extra
1594 537 1784 592 urbem
1817 539 2018 607 regiam
2055 557 2067 592 :

492 630 827 699 posteriores
855 645 982 686 vero
1013 639 1068 685 et
1111 639 1235 700 post
1260 644 1453 684 omnes
1491 645 1614 698 quas
1645 645 1809 700 supra
1866 646 2072 686 memo-

492 731 627 778 rata:
657 732 804 788 sunt,
844 738 967 778 esse
1007 737 1102 777 eas
1133 737 1255 790 quae
1275 736 1405 777 ores
1435 722 1795 791 appellantur.
1858 722 1914 775 Si
1945 738 2072 778 vero

497 813 894 881 perspiciamus
923 813 1215 877 attentius,
1260 813 1441 867 adhuc
1482 813 1734 868 fortassis
1776 813 1938 867 etiam
1975 814 2064 868 ha»

492 917 613 954 rum
648 901 891 955 omnium
925 903 1237 954 invenimus
1266 900 1556 955 inferiores
1581 901 1740 966 alias,
1767 912 1822 955 et
1853 901 2070 955 ultimas

489 991 735 1045 ortinium
769 1010 782 1045 :
815 992 938 1047 illas
965 991 1182 1049 scilicet
1203 1007 1326 1061 qua
1356 991 1410 1046 in
1455 992 1724 1046 sodalium
1751 992 1874 1061 ejus
1893 993 2070 1061 gregi-

491 1079 592 1133 bus
625 1090 1007 1134 numerantur.
1057 1080 1126 1135 Et
1151 1081 1256 1151 ipsi
1289 1081 1432 1135 enim
1460 1081 1659 1135 habere
1688 1096 1877 1151 greges
1903 1096 2068 1149 quos-

487 1167 612 1220 dam
641 1167 938 1235 dicuntur,
979 1171 1033 1224 in
1080 1186 1223 1240 quos
1252 1187 1361 1225 non
1394 1171 1506 1224 vult
1533 1186 1734 1239 sponsa
1765 1171 2064 1233 incurrere,

484 1263 540 1308 ct
575 1256 645 1309 ob
687 1256 791 1313 hoc
833 1261 968 1328 petit
1005 1275 1036 1313 a
1077 1275 1283 1329 sponso
1315 1269 1372 1314 ut
1401 1261 1685 1314 annuutiet
1709 1261 1810 1315 sibi
1849 1261 1939 1314 ubi
1968 1275 2065 1328 pa-

482 1358 634 1413 scat,
671 1348 762 1403 ubi
807 1351 1089 1406 meridiem
1121 1351 1318 1416 faciat,
1353 1370 1452 1420 ne,
1475 1353 1674 1422 inquit,
1702 1353 1897 1422 eﬁiciar
1927 1353 2065 1405 sicut

485 1439 744 1508 adoperta
788 1458 950 1510 super
1000 1459 1177 1514 greges
1204 1445 1470 1498 sodalium
1507 1455 1741 1499 tuorum.
1793 1444 2065 1510 Quaeritur

485 1544 618 1599 ergo
645 1531 858 1587 sodales
881 1532 972 1587 isti
1003 1535 1097 1603 qui
1132 1534 1331 1590 habere
1361 1536 1628 1605 quosdam
1659 1550 1850 1606 greges
1871 1535 2063 1591 dicun—

486 1629 596 1685 tur,
621 1629 804 1676 utrum
837 1638 1040 1692 sponso
1066 1639 1288 1694 operam
1317 1625 1540 1689 dantes,
1564 1635 1616 1680 et
1641 1627 1744 1681 sub
1769 1626 1888 1695 ipso
1916 1627 2063 1682 velut

487 1720 765 1778 pastorum
789 1713 1034 1782 principe
1065 1722 1290 1780 agentes
1316 1715 1421 1769 hoc
1446 1714 1670 1781 faciant,
1715 1715 2061 1785 quandoqui-

483 1802 606 1857 dem
630 1801 846 1858 sodales
873 1804 992 1873 ejus
1016 1805 1368 1859 nominantur
1395 1824 1407 1858 :
1431 1821 1502 1860 an
1524 1806 1803 1876 proprium
1829 1807 2059 1876 aliquid,
2094 1793 2137 1851 Β

481 1901 537 1947 et
568 1903 974 1964 sequestratum
1008 1896 1293 1961 habentes,
1321 1899 1540 1968 etquod
1569 1915 1678 1953 non
1702 1899 1918 1954 sitcum
1942 1900 2062 1954 ani-

482 2001 575 2040 mo
603 1988 790 2056 sponsi
819 2005 832 2042 :
870 1987 1313 2057 quandoquidem
1343 1987 1542 2060 refugit
1564 2005 1789 2060 sponsa,
1826 1999 1880 2045 et
1904 2006 2060 2046 vere-

482 2087 572 2133 tur
596 2093 664 2133 ne
688 2079 825 2134 forte
858 2080 1103 2136 incurrat
1129 2081 1396 2136 sodalium
1427 2098 1617 2152 greges
1639 2083 1768 2137 dum
1797 2097 2059 2153 sponsum

481 2187 641 2225 suum
673 2171 922 2241 requirit.
957 2173 1061 2227 Sed
1093 2182 1145 2228 et
1175 2174 1319 2243 quod
1343 2175 1483 2230 dixit
1516 2195 1531 2232 :
1566 2175 1648 2230 Ne
1675 2176 1812 2245 forte
1841 2176 2058 2245 eﬂiciar,

481 2278 588 2316 non
619 2264 900 2334 ad0perta,
948 2265 1042 2321 sed
1079 2268 1217 2321 sicut
1262 2267 1538 2339 adoperta,
1571 2269 1793 2339 require
1821 2285 1888 2323 ne
1921 2269 2060 2324 forte

481 2355 674 2409 innuat
709 2371 803 2424 per
842 2355 944 2410 hoc
969 2371 1087 2411 esse
1119 2357 1360 2427 aliquam
1403 2359 1486 2412 vel
1530 2359 1746 2428 aliquas
1789 2360 2058 2414 sodalium

481 2447 638 2516 quasi
671 2462 900 2517 sponsas
930 2448 1192 2504 habentes
1225 2450 1395 2504 etiam
1445 2451 1592 2520 ipsas
1619 2451 1863 2505 habitum
1895 2466 2058 2522 spon-

479 2539 674 2600 salem,
707 2545 761 2592 et
787 2553 906 2594 esse
933 2540 1225 2609 adopertas
1245 2582 1258 2604 ,
1285 2549 1340 2595 et
1361 2581 1377 2606 ,
1411 2542 1556 2596 sicut
1579 2542 1876 2611 Apostolus
1901 2543 2052 2606 dicit,

479 2628 712 2683 velamen
741 2639 790 2682 et
813 2640 1126 2698 potestatem
1158 2632 1421 2689 habentes
1455 2650 1612 2701 super
1638 2643 1796 2704 caput
1821 2635 1862 2687 ⁸.
1903 2634 1968 2689 Et
1999 2642 2059 2689 ω

475 2720 817 2777 manifestior
861 2722 1133 2779 sermonis
1163 2723 1329 2794 hujus
1353 2725 1664 2794 explanatio
1706 2726 1819 2790 liat,
1857 2726 2056 2780 iterum

475 2813 635 2882 quasi
679 2813 945 2888 dramatis
993 2815 1187 2871 ordine
1232 2817 1378 2888 quod
1426 2817 1625 2872 dicitur
1666 2831 2054 2886 exsequamur.

475 2903 731 2974 Esposcit
775 2905 844 2960 ab
890 2905 1010 2975 ipso
1043 2921 1246 2977 sponso
1299 2922 1402 2963 suo
1431 2923 1668 2977 sponsa,
1710 2917 1771 2962 ut
1798 2908 1848 2962 ei
1876 2908 2056 2964 locum

475 3000 670 3052 secreti
697 2997 780 3054 sui
807 2996 1009 3054 indicet
1032 3009 1085 3055 et
1107 3001 1306 3070 quietis
1337 3019 1348 3053 :
1385 3001 1824 3071 quandoquidem
1853 3000 2056 3057 amoris

473 3092 764 3162 impatiens
805 3094 968 3150 etiam
1017 3108 1114 3164 per
1148 3094 1429 3149 meridiem
1471 3095 1622 3164 cupit
1660 3094 1849 3149 audire
1889 3109 2055 3164 spon-

472 3199 632 3250 sum,
679 3201 745 3241 eo
779 3187 1054 3256 praecipue
1095 3195 1376 3256 tempore,
1424 3201 1534 3257 quo
1579 3186 1780 3240 clarior
1826 3187 1952 3254 lux,
1999 3196 2056 3242 et

472 3277 731 3347 splendor
763 3280 870 3335 diei
906 3278 1180 3350 perlectus
1228 3286 1282 3332 et
1311 3293 1482 3348 purus
1523 3288 1626 3344 est,
1670 3287 1729 3332 ut
1753 3280 1976 3335 assistat
2003 3281 2052 3334 ei

471 3383 601 3424 oves
632 3370 875 3440 pascenti
905 3370 987 3424 vel
1013 3367 1396 3437 refrigeranti;
1429 3378 1484 3424 et
1509 3369 1758 3425 studiose
1775 3371 1888 3424 vult
1908 3371 2053 3424 viam

471 3465 703 3531 discere,
737 3481 845 3536 qua
876 3466 954 3521 ire
977 3465 1044 3519 ad
1075 3479 1201 3520 eum
1227 3464 1452 3528 debeat,
1485 3478 1554 3517 ne
1579 3462 1719 3519 forte
1749 3464 1800 3519 si
1830 3479 1938 3518 non
1967 3463 2054 3518 fu—

470 3559 577 3613 erit
603 3557 802 3614 edocta
827 3557 1042 3613 itineris
1070 3555 1234 3626 hujus
1265 3556 1566 3619 anfractus,
1591 3557 1835 3611 incurrat
1863 3571 2053 3626 greges

468 3651 760 3719 sodalium,
777 3659 832 3706 et
859 3651 1106 3705 videatur
1129 3647 1327 3703 similis
1352 3663 1476 3704 esse
1502 3648 1665 3702 alicui
1690 3649 1906 3702 illarum
1932 3664 2053 3718 qua:

468 3747 744 3816 διάθρει-ιω
775 3743 1002 3798 veniunt
1033 3741 1101 3796 ad
1135 3740 1350 3796 sodales
1373 3740 1516 3809 ejus,
1565 3755 1667 3795 nec
1703 3741 1930 3810 pudoris
1955 3757 2049 3796 cu-

469 3852 589 3898 ram
617 3843 831 3907 gerunt,
857 3843 952 3889 aut
975 3841 1232 3888 verentur
1253 3834 1457 3904 passim
1481 3833 1807 3896 discurrere,
1831 3845 1884 3889 et
1909 3834 2051 3888 mul-

468 3931 539 3986 tis
569 3943 852 4001 apparere.
923 3926 1037 3997 Ego
1063 3935 1242 3981 autem
1270 3942 1391 3996 qua:
1419 3941 1451 3980 a
1479 3925 1632 3980 nullo
1652 3964 1666 3988 ,
1701 3925 1909 3995 inquit,
1941 3926 2050 3980 alio

463 4025 640 4079 videri
674 4024 796 4078 volo
839 4021 946 4077 nisi
977 4036 1007 4075 a
1036 4029 1087 4074 te
1109 4021 1248 4086 solo,
1293 4021 1436 4075 scire
1484 4019 1736 4074 desidero
1761 4035 1872 4089 quo
1901 4020 2050 4075 adte

467 4115 664 4169 itinere
705 4112 922 4168 veniam
945 4151 960 4177 ,
1005 4120 1068 4166 ut
1114 4121 1382 4166 secretum
1416 4111 1487 4164 sit
1511 4150 1527 4176 ,
1558 4119 1620 4163 ut
1647 4125 1808 4165 nemo
1839 4111 1910 4165 sit
1936 4125 2050 4165 me—

435 4205 614 4269 ~dius,
649 4213 711 4258 ut
746 4203 930 4257 nullus
955 4201 1162 4256 arbiter
1189 4200 1511 4271 peregrinus
1542 4208 1597 4254 et
1619 4200 1833 4254 alienus
1856 4214 2050 4254 occur-

467 4304 573 4350 rat.
617 4297 684 4351 Et
709 4295 850 4349 forte
878 4295 949 4349 ob
974 4293 1078 4349 hoc
1107 4292 1340 4363 requirit
1369 4292 1473 4347 ista
1500 4294 1618 4346 loca
1647 4291 1701 4345 in
1725 4292 1924 4362 quibus
1954 4307 2050 4361 pa—

468 4386 573 4440 scit
602 4401 842 4456 sponsus
865 4400 997 4440 oves
1024 4400 1183 4448 suas,
1230 4393 1284 4438 et
1313 4383 1553 4440 ostendit
1578 4384 1627 4438 ei
1663 4384 2046 4438 verecundiam

2173 547 2228 591 et
2262 538 2350 592 isti
2381 539 2491 593 sint
2516 537 2768 593 fortassis
2796 553 2984 607 greges
3023 538 3292 593 sodalium
3324 539 3532 608 sponsi,
3564 547 3752 608 gentes

2173 629 2383 684 scilicet
2416 639 2646 695 cunctas,
2691 645 2814 700 quae
2860 631 3004 684 velut
3039 646 3232 700 pecora
3275 631 3378 685 sub
3406 631 3614 702 angelis
3657 645 3753 700 pa-

2173 722 2413 777 storibus
2451 723 2759 777 constitutas
2795 731 2951 786 sunt;
2983 736 3110 792 grex
3149 737 3276 774 vero
3300 722 3487 790 sponsi
3534 721 3637 776 illa:
3669 721 3750 775 di-

2171 821 2364 867 cantur
2386 814 2451 866 de
2479 813 2678 882 quibus
2711 813 2826 881 ipse
2857 813 2910 866 in
2937 811 3229 882 Evangelio
3250 814 3381 867 dixit
3416 813 3528 885 (47)
3568 833 3580 867 :
3622 814 3750 869 Oves

2172 919 2298 957 mea:
2321 919 2491 957 vocem
2513 919 2679 956 meant
2699 905 2921 956 audiunt
2938 906 2979 958 ⁸.
3007 903 3139 960 Vide
3161 905 3306 958 enim
3329 916 3382 960 et
3404 905 3753 962 observanter

2169 995 2422 1058 intende,
2463 995 2722 1065 quoniam
2769 996 2908 1050 dixit
2944 1013 2958 1049 :
2994 995 3123 1051 Oves
3156 1013 3320 1062 mea,
3358 998 3514 1067 quasi
3558 999 3668 1053 sint
3698 1007 3752 1054 et

2167 1088 2289 1142 alite
2318 1103 2448 1144 oves
2494 1105 2616 1160 quae
2646 1105 2754 1144 non
2796 1091 2908 1145 sint
2947 1091 3088 1160 ejus,
3125 1091 3266 1146 sicut
3308 1102 3362 1146 et
3405 1093 3520 1162 ipse
3546 1095 3600 1147 in
3628 1094 3749 1149 aliis

2165 1176 2301 1231 dixit
2328 1193 2344 1230 :
2389 1178 2486 1232 Vos
2509 1181 2644 1233 enim
2668 1196 2771 1234 non
2796 1182 2920 1235 estis
2947 1181 3009 1235 de
3044 1181 3220 1235 ovibus
3247 1184 3372 1237 meis
3398 1185 3437 1236 ’.
3481 1183 3613 1250 Quae
3637 1185 3752 1238 sin-

2168 1268 2294 1337 gula
2322 1269 2450 1324 huic
2474 1271 2690 1326 occulto
2721 1271 2981 1342 mysterio
3008 1273 3390 1328 convenienter
3419 1274 3750 1329 videbuntur

2165 1359 2368 1429 aptari.

2238 1472 2372 1541 Quae
2398 1475 2445 1532 si
2476 1475 2550 1531 ita
2579 1490 2638 1532 se
2663 1475 2887 1543 habent,
2920 1486 3292 1549 competenter
3323 1494 3523 1549 sponsa
3556 1481 3748 1538 unius-

2166 1564 2438 1636 cujusque
2475 1565 2747 1622 sodalium
2794 1582 3010 1638 gregem
3054 1584 3314 1638 sponsam
3351 1571 3472 1639 ejus
3518 1571 3744 1644 intelligi

2164 1654 2375 1719 voluit,
2420 1669 2585 1726 quam
2625 1657 2941 1728 adopertam
2979 1660 3301 1715 nominavit.
3345 1660 3450 1717 Sed
3484 1665 3747 1734 quoniam

2165 1754 2316 1800 certa
2343 1755 2459 1801 erat
2485 1747 2632 1818 quod
2663 1764 2827 1819 super
2863 1763 3054 1804 omnes
3079 1750 3198 1806 illas
3242 1752 3358 1823 ipsa
3401 1763 3583 1821 esset,
3635 1773 3746 1812 non

2165 1838 2278 1892 vult
2311 1839 2507 1896 similis
2547 1841 2716 1896 videri
2755 1843 2915 1898 alicui
2948 1845 3186 1910 illarum,
3222 1856 3408 1916 utpote
3431 1863 3553 1918 qua:
3580 1849 3746 1906 sciret

2174 1937 2392 1984 tantum
2419 1945 2479 1986 se
2508 1930 2707 1987 debere
2733 1935 3041 2003 praecellere
3069 1936 3188 1991 illas
3216 1938 3484 1992 sodalium
3515 1955 3747 2009 sponsas

2162 2035 2302 2090 quas
2348 2037 2547 2092 sponsa
2594 2027 2842 2080 nominat
2898 2028 3045 2082 velut
3101 2027 3429 2098 adopertas,
3475 2045 3739 2102 quantum

2161 2114 2468 2170 eminentia:
2518 2132 2756 2186 sponsus
2794 2135 2928 2174 suus
2977 2120 3210 2177 habebat
3255 2125 3321 2178 ad
3363 2126 3594 2182 sodales.
3636 2128 3740 2184 Sed

2159 2214 2215 2259 et
2244 2221 2342 2276 pro
2376 2207 2480 2263 hoc
2506 2209 2686 2265 adhuc
2727 2211 3001 2267 videbitur
3033 2217 3386 2284 percontandi
3418 2233 3612 2274 causas
3644 2220 3742 2274 ha-

2159 2296 2366 2366 buisse,
2395 2300 2838 2372 quandoquidem
2885 2304 3012 2358 boni
3062 2308 3295 2373 pastoris
3329 2309 3433 2362 scit
3469 2326 3591 2364 esse
3620 2323 3738 2367 stu-

2160 2391 2334 2455 dium,
2375 2401 2439 2446 ut
2469 2395 2672 2462 optima
2709 2396 2907 2450 ovibus
2945 2412 3142 2466 pascua
3176 2401 3450 2470 requirat,
3487 2413 3540 2457 et
3567 2411 3626 2458 ut
3661 2406 3740 2459 vi-

2160 2483 2392 2538 ridantia
2439 2494 2602 2556 atque
2645 2501 2814 2555 opaca
2859 2505 3087 2559 quaeque
3134 2507 3353 2547 nemora
3384 2494 3452 2548 ad
3496 2497 3737 2566 requiem

2158 2573 2443 2628 meridiani
2496 2584 2661 2631 (estus
2709 2576 2968 2633 inveniat.
3044 2579 3199 2646 Quod
3255 2583 3473 2651 quidem
3524 2586 3742 2641 sodales

2158 2668 2344 2736 sponsi
2391 2667 2571 2723 facere
2611 2669 2893 2733 nesciunt,
2941 2687 3039 2725 nec
3079 2671 3134 2725 in
3183 2673 3444 2744 eligendis
3476 2678 3696 2744 pascuis
3725 2719 3741 2741 ,

2157 2767 2251 2811 aut
2283 2757 2525 2812 scientia:
2570 2766 2804 2822 tantum,
2841 2769 2935 2814 aut
2967 2761 3282 2819 solitudinis
3311 2776 3506 2836 gerunt
3534 2786 3546 2821 :
3578 2777 3634 2823 et
3666 2771 3739 2823 ob

2157 2845 2264 2900 hoc
2288 2847 2421 2900 dicit
2451 2865 2464 2902 :
2498 2848 2770 2903 Annuntia
2810 2852 2940 2904 mihi
2971 2853 3059 2905 ubi
3096 2855 3294 2923 pascis,
3320 2856 3409 2908 ubi
3438 2859 3607 2913 cubile
3644 2860 3740 2913 lia-

2159 2936 2243 2991 bes
2290 2938 2345 2991 in
2387 2941 2638 3005 meridie;
2682 2942 2908 3012 cupiens
2955 2955 3168 3013 tempus
3209 2946 3417 3000 scilicet
3462 2949 3593 3004 illud
3627 2967 3742 3020 quo

2157 3031 2428 3100 copiosius
2444 3032 2650 3086 mundo
2682 3033 2864 3088 lumen
2893 3033 3221 3098 infunditur,
3266 3051 3377 3105 quo
3414 3040 3589 3108 magis
3623 3055 3740 3094 me-

2081 3145 2126 3203 ρ
2159 3137 2255 3177 rus
2286 3132 2370 3178 est
2393 3123 2509 3179 dies
2534 3133 2587 3179 et
2618 3126 2808 3194 purior
2834 3135 2886 3180 et
2912 3125 3254 3180 florulentior
3277 3136 3360 3181 est
3405 3129 3515 3182 lux.
3572 3128 3742 3195 Tunc,

2158 3217 2363 3286 inquit,
2416 3218 2678 3270 annuntio
2721 3218 2894 3282 milii,
2950 3233 2980 3270 ο
3025 3226 3081 3270 tu
3129 3234 3281 3286 quem
3318 3218 3506 3272 dilexit
3559 3219 3740 3274 anima

2157 3324 2301 3373 mea,
2347 3308 2435 3362 ubi
2477 3310 2684 3377 pascis,
2732 3307 2823 3380 ubi
2864 3309 3032 3362 cubile
3081 3308 3238 3362 habes
3278 3310 3333 3362 in
3381 3312 3631 3376 meridie,
3675 3329 3739 3366 ne

2157 3399 2290 3468 forte
2318 3399 2524 3469 efﬁciar
2553 3410 2608 3452 ut
2634 3399 2887 3468 adoperta
2915 3417 3073 3469 super
3107 3417 3283 3470 greges
3309 3402 3574 3454 sodalium
3619 3413 3738 3456 tuo-

2155 3507 2292 3544 rum.
2332 3489 2486 3545 Novo
2531 3507 2677 3545 nunc
2721 3492 2940 3545 nomine
2990 3507 3189 3561 sponsa
3240 3494 3527 3562 appellavit
3570 3510 3738 3563 spon-

2155 3595 2298 3636 sum.
2331 3580 2524 3636 Sciens
2557 3581 2701 3636 enim
2730 3581 2908 3650 ipsum
2939 3597 3062 3637 esse
3090 3582 3256 3636 tilium
3289 3583 3594 3649 eharitatis,
3627 3585 3736 3637 imo

2153 3672 2330 3742 ipsum
2358 3689 2478 3728 esse
2504 3673 2830 3728 charitatem
2859 3689 2978 3744 qua!
3005 3689 3070 3728 ex
3103 3673 3212 3728 Deo
3243 3683 3348 3738 est,
3382 3675 3539 3744 quasi
3573 3691 3736 3729 voca-

2151 3761 2341 3816 bulum
2370 3763 2420 3818 ei
2459 3762 2604 3818 istud
2650 3763 2834 3833 posuit
2870 3783 2883 3819 :
2922 3763 3088 3829 Quem
3132 3765 3320 3819 dilexit
3373 3769 3554 3818 anima
3593 3783 3729 3819 mea.

2151 3853 2218 3909 Et
2247 3863 2428 3909 tamen
2459 3871 2566 3909 non
2609 3855 2770 3922 dixit,
2800 3871 2965 3925 quem
2997 3855 3184 3923 dilexi,
3213 3857 3308 3911 sed
3355 3873 3518 3926 quem
3545 3857 3734 3913 dilexit

2150 3945 2332 4001 anima
2361 3962 2480 4002 mea
2504 3963 2518 4013 ;
2555 3947 2737 4003 sciens
2765 3962 2872 4026 non
2897 3948 3264 4017 qualicunque
3287 3947 3598 4012 dilectione,
3638 3949 3732 4002 sed

2149 4053 2218 4094 ex
2249 4047 2359 4094 tota
2389 4041 2594 4105 anima,
2635 4049 2689 4096 et
2714 4056 2780 4095 ex
2811 4041 2937 4096 totis
2975 4040 3204 4104 viribus,
3247 4051 3300 4096 et
3327 4056 3393 4096 ex
3426 4049 3539 4106 toto
3568 4040 3732 4095 corde

2151 4129 2456 4185 habendam
2488 4147 2608 4188 esse
2645 4133 2988 4188 dilectionem
3028 4133 3235 4203 sponsi.
3273 4131 3372 4184 Ubi
3411 4132 3607 4200 pascis,
3639 4132 3727 4185 in-

2150 4219 2290 4288 quit,
2315 4229 2364 4271 et
2393 4219 2481 4272 ubi
2513 4221 2681 4275 cubile
2710 4221 2887 4277 habes.
2930 4221 3068 4277 Puto
3112 4231 3293 4276 autem
3333 4223 3477 4292 quod
3515 4231 3569 4277 et
3601 4237 3730 4293 pro-

2150 4313 2312 4382 pheta
2347 4311 2413 4366 de
2463 4312 2565 4368 hoc
2598 4313 2717 4369 loco
2754 4330 2916 4385 quem
2962 4330 3110 4369 nunc
3155 4329 3355 4384 sponsa
3395 4315 3608 4370 discere
3659 4315 3729 4370 ab

2150 4403 2270 4474 ipso
2299 4419 2505 4475 sponso
2537 4405 2848 4472 desiderat,
2896 4416 2951 4460 et
2997 4407 3184 4461 audire
3208 4447 3223 4472 ,
3273 4407 3436 4460 etiam
3481 4409 3596 4476 ipse
3627 4409 3733 4462 sub

466 4495 647 4543 suam:
681 4494 780 4549 1)Γο
803 4495 912 4550 (illa
945 4493 1054 4532 "0“
1077 4478 1192 4531 "1“
1217 4477 1500 4532 incurrere
1526 4492 1716 4548 ετεεθε
1743 4478 2043 4546 “idalium;
2079 4493 2123 4550 D
2150 4495 2339 4551 eodem
2373 4497 2584 4566 positus
2635 4507 2857 4566 pastore
2899 4497 3046 4551 dicat
3089 4515 3104 4551 :
3143 4497 3395 4552 Dominus
3429 4501 3560 4569 regit
3610 4515 3690 4552 me
3713 4541 3728 4566 ,

477 4579 542 4624 ut
569 4571 657 4627 ille
693 4580 936 4641 segreget
983 4586 1113 4626 oves
1146 4585 1275 4626 suas
1315 4585 1346 4624 a
1392 4570 1692 4636 sodalibus,
1728 4580 1780 4626 et
1802 4586 2047 4628 seorsum

483 4672 702 4734 pascat;
734 4672 792 4718 ut
813 4679 919 4718 non
947 4663 1124 4720 solum
1151 4678 1352 4732 sponsa
1383 4678 1492 4717 non
1533 4662 1779 4719 videatur
1807 4665 1875 4719 ab
1901 4667 2070 4732 aliis,

461 4755 558 4812 sed
587 4763 640 4808 et
666 4754 884 4809 arcanis
915 4740 1393 4824 ineﬂabilibusque
1433 4755 1706 4826 mysteriis
1748 4757 1934 4827 sponsi
1959 4773 2046 4814 se-

461 4848 666 4903 cretius
703 4848 1038 4919 perfruatur.
1101 4847 1258 4904 Nunc
1284 4864 1415 4920 ergo
1458 4849 1739 4907 \ideamus
1788 4867 1885 4922 per
1927 4853 2040 4909 sin-

461 4939 624 5008 gula;
661 4947 716 4993 et
755 4939 933 5009 primo
980 4940 1199 5010 quidem
1239 4941 1361 4996 vide
1411 4941 1455 4996 si
1494 4956 1788 5012 possumus
1834 4945 2039 5012 dicere,

462 5030 610 5098 quod
655 5029 921 5086 Dominus
971 5032 1131 5102 cujus
1174 5034 1352 5103 portio
1400 5032 1503 5088 fuit
1547 5033 1718 5091 Jacob
1747 5045 1801 5091 et
1825 5036 2044 5093 funicu-

465 5124 551 5177 lus
598 5122 930 5180 haereditatis
1002 5124 1122 5194 ejus
1183 5122 1347 5181 Israel
1403 5126 1461 5191 ⁸,
1531 5127 1914 5198 intelligendus
1972 5129 2044 5184 sit

463 5233 740 5287 sponsus,
816 5217 1031 5274 sodales
1079 5233 1209 5273 vero
1261 5219 1385 5288 ejus
1436 5221 1611 5288 angeli
1671 5221 1748 5275 illi
1790 5225 1856 5276 ad
1904 5238 2043 5293 quo-

463 5325 582 5362 rum
635 5325 928 5367 numerum
984 5326 1103 5363 cum
1149 5311 1404 5365 divideret
1463 5312 1719 5368 Excelsus
1746 5325 1957 5383 gentes,
1992 5328 2041 5371 et

461 5400 781 5473 dispergeret
835 5400 978 5471 ﬁlios
1011 5402 1218 5470 Adam,
1271 5405 1462 5458 statuit
1521 5406 1770 5460 terminos
1803 5409 2038 5478 gentium

530 5585 552 5616 ⁵
579 5585 594 5638 Ι
624 5585 751 5642 Cor.
777 5589 968 5654 x1,l0.
1045 5587 1066 5620 '
1103 5589 1258 5645 Deut.
1295 5605 1468 5652 xxx",
1501 5589 1554 5644 9.
1630 5590 1650 5620 ⁷
1687 5591 1818 5647 ibid.
1854 5591 1910 5649 8.
1983 5594 2001 5625 ⁸
2033 5593 2057 5648 .Ι

2156 5614 2192 5651 ι.
2225 5614 2279 5661 x,
2317 5598 2408 5653 27.
2485 5599 2504 5629 ³
2549 5598 2676 5657 ibid.
2710 5595 2800 5653 26.
2882 5600 2925 5630 ¹⁰
2956 5596 3100 5652 Ρδειι.
3133 5614 3266 5660 xxn,
3303 5598 3349 5652 Ι.

2152 4585 2266 4641 sive
2305 4598 2367 4641 ut
2412 4587 2466 4641 in
2510 4587 2633 4642 aliis
2674 4588 2908 4658 legimus
2945 4606 2958 4642 :
3011 4587 3272 4643 Dominus
3319 4592 3487 4660 pascit
3535 4608 3634 4657 me,
3681 4601 3730 4644 et

2149 4676 2285 4730 nihil
2306 4676 2434 4728 mihi
2454 4676 2695 4730 deerit".
2725 4675 2792 4731 Et
2815 4679 3074 4748 quoniam
3098 4679 3302 4736 sciebat
3328 4683 3463 4736 alios
3484 4691 3731 4750 pastores

2150 4771 2233 4824 vel
2278 4769 2516 4838 ignavia,
2558 4769 2643 4823 vel
2687 4771 2964 4841 imperitia
3007 4771 3239 4828 faciente
3278 4790 3468 4844 greges
3501 4774 3552 4827 in
3597 4775 3732 4828 locis

2149 4861 2479 4915 aridioribus
2501 4859 2788 4928 collocare,
2816 4863 2883 4917 de
2905 4864 3008 4918 hoc
3031 4864 3236 4933 Optimo
3262 4875 3478 4935 pastore
3502 4864 3732 4918 Domino

2149 4950 2290 5005 dixit
2326 4970 2338 5004 :
2377 4949 2442 5004 In
2466 4951 2580 5005 loco
2612 4953 2766 5006 viridi
2795 4952 2870 5005 ibi
2899 4971 2976 5007 me
3000 4954 3294 5008 collocavit.
3334 4953 3502 5023 Super
3537 4972 3730 5026 aquam

2152 5040 2451 5108 refectionis
2481 5041 2720 5096 educavit
2753 5059 2832 5096 me
2857 5044 2922 5108 “,
2963 5045 3256 5098 ostendens
3287 5055 3560 5114 pastorem
3587 5046 3732 5100 hunc

2152 5147 2262 5186 non
2302 5133 2479 5187 solum
2528 5133 2872 5189 abundantes
2921 5150 3095 5205 aquas
3137 5136 3332 5191 ovibus
3379 5139 3516 5204 suis,
3555 5140 3648 5193 sed
3678 5149 3731 5193 et

2152 5223 2422 5287 salubres,
2451 5235 2505 5279 et
2540 5241 2726 5296 puras,
2763 5235 2818 5281 et
2840 5243 2960 5296 qua:
2985 5243 3080 5296 per
3119 5229 3300 5281 omnia
3330 5229 3572 5283 reficiant
3600 5244 3724 5299 pro-

2153 5317 2355 5372 videre.
2399 5317 2503 5375 Sed
2542 5321 2801 5390 quoniam
2834 5321 2903 5375 ab
2931 5322 3035 5376 hoc
3065 5330 3207 5376 statu
3241 5338 3350 5392 quo
3380 5333 3437 5376 ut
3476 5323 3595 5378 ovis
3628 5323 3732 5376 sub

2153 5420 2367 5481 pastore
2398 5413 2642 5484 degerat,
2674 5430 2972 5471 conversus
3021 5417 3088 5470 ad
3139 5416 3484 5471 rationabilia
3533 5425 3587 5470 et
3623 5415 3731 5470 ccl-

3433 5599 3473 5631 ⁸¹
3509 5598 3639 5654 ibid.
3667 5596 3727 5652 ‘2.

533 5751 645 5823 μη
689 5753 775 5809 δίι-
819 5771 985 5824 niss.;
1033 5757 1155 5812 libri
1191 5773 1318 5813 vero
1348 5756 1504 5824 editi,
1544 5758 1630 5813 ille
1665 5761 1908 5831 dicatur,
1957 5761 2016 5816 de
2046 5763 2228 5835 quibus
2265 5766 2378 5836 ipsa
2406 5764 2457 5818 in
2492 5763 2775 5835 Evangelio
2819 5760 3018 5816 Veritas
3046 5763 3202 5814 diuit.
