4134 6424
414 345 511 400 121

1734 339 1941 398 LIBER
1984 341 2372 400 SECUNDUS.

3583 355 3685 409 {‘22

413 464 558 519 siora
585 458 837 532 profecit,
869 458 1033 530 idque
1059 456 1288 529 adeptus
1315 465 1400 514 est
1436 471 1531 527 per
1557 457 1996 524 conversionem,
2028 463 2075 518 Α
2104 467 2317 524 tempus
2355 465 2409 512 et
2451 457 2587 512 hora
2617 456 2846 514 visionis
2882 455 3177 528 Scriptura?
3208 462 3421 534 paginis
3460 464 3686 521 manda-

413 551 694 621 subjungit
717 560 772 605 et
799 551 932 605 dicit
966 568 981 604 :
1012 549 1259 602 Animam
1285 563 1454 602 meam
1479 546 1753 600 convertit.
1799 545 1997 600 Eduxit

413 660 494 699 me
536 659 691 714 super
741 644 960 698 semitas
997 643 1232 711 justitiee
1277 649 1488 711 propter
1530 655 1716 694 nomen
1748 656 1901 692 suum
1933 641 1994 693 η.

414 735 552 792 Hinc
584 751 718 792 vero
745 734 1188 804 quandoquidem
1229 733 1285 787 in
1317 733 1420 786 hoc
1458 730 1765 800 profecerat
1810 740 1869 786 ut
1905 731 1998 800 ju-

413 831 576 886 stitia:
618 831 892 886 incederet
926 829 1064 893 vias,
1089 827 1302 898 justitia
1338 832 1520 879 autem
1551 824 1716 880 habet
1745 824 1862 880 sine
1894 824 1998 878 du~

414 922 502 976 hio
526 922 933 992 impugnantem
964 935 1023 975 se
1047 917 1396 988 injustitiam,
1427 924 1481 970 et
1505 929 1733 970 necesse
1759 923 1841 970 est
1871 929 1998 968 eum

411 1011 505 1080 qui
536 1012 764 1081 justitia:
815 1011 919 1065 iter
951 1009 1154 1064 incedit
1208 1008 1412 1061 habere
1456 1021 1668 1075 pugnas
1705 1004 2001 1058 adversan-

416 1103 574 1167 tium,
613 1102 717 1156 ﬁde
751 1114 1052 1156 conversus
1081 1107 1135 1154 et
1159 1112 1255 1168 spe
1279 1097 1408 1152 dicit
1429 1095 1496 1152 de
1524 1097 1604 1152 eis
1639 1115 1652 1150 :
1685 1094 1828 1149 Nam
1862 1105 1913 1150 et
1951 1096 2000 1150 si

415 1192 679 1247 ambulem
714 1193 768 1246 in
799 1191 969 1246 medio
1015 1190 1216 1243 umbrae
1241 1189 1448 1252 mortis,
1487 1203 1589 1240 non
1617 1186 1804 1240 timebo
1833 1185 1998 1252 mala,

415 1285 665 1355 quoniam
689 1293 745 1336 lu
770 1298 969 1336 mecum
988 1297 1042 1335 es
1066 1280 1128 1332 “.
1153 1279 1286 1335 Post
1310 1281 1426 1335 haec
1445 1293 1573 1334 vero
1591 1278 1747 1348 quasi
1771 1277 1998 1345 gratiam

418 1373 661 1428 referens
691 1372 742 1427 ei
764 1373 856 1442 qui
882 1386 940 1426 se
966 1370 1332 1441 pastoralibus
1357 1369 1628 1424 imbuerat
1652 1360 1955 1436 disciplinis
1983 1384 1996 1421 :

430 1460 612 1532 Virga,
643 1463 836 1532 inquit,
871 1471 963 1514 tua
996 1470 1045 1515 et
1071 1459 1289 1515 baculus
1321 1470 1464 1527 tuus,
1493 1460 1694 1529 quibus
1720 1457 2000 1512 institutus

420 1555 606 1610 videor
626 1553 694 1609 ad
715 1555 949 1624 pastoris
971 1553 1228 1619 officium,
1252 1556 1367 1623 ipsa
1393 1569 1472 1608 me
1495 1552 1770 1606 consolata
1791 1559 1914 1605 sunt
1933 1549 1996 1605 ¹⁴.

419 1643 558 1700 Hine
601 1661 732 1702 vero
758 1647 848 1701 ubi
892 1662 953 1703 se
997 1662 1028 1702 a
1075 1646 1448 1716 pastoralibus
1478 1645 1626 1700 videt
1671 1644 1891 1714 pascuis
1931 1641 2000 1697 ad

416 1737 769 1793 rationabiles
797 1739 953 1794 cibos
1001 1746 1056 1792 et
1095 1737 1326 1807 mystica
1371 1743 1581 1790 secreta
1637 1736 2000 1801 translatum,

2103 555 2275 611 retur,
2308 546 2412 601 nisi
2438 554 2491 600 et
2524 547 2676 602 horae
2699 547 2858 604 istius
2897 558 2951 603 et
2994 552 3252 620 temporis
3299 555 3437 609 ratio
3479 556 3681 626 aliquid

2103 637 2380 692 conferret
2413 637 2478 690 ad
2513 637 2795 692 scientiam
2823 638 2948 694 ﬁliis
2978 638 3230 703 Abrahae,
3261 643 3463 711 quibus
3493 645 3678 714 utique

2103 731 2245 805 sicut
2270 744 2432 798 opera
2460 729 2690 783 Abrahaa
2721 729 2988 796 facienda,
3017 733 3088 787 ita
3115 741 3170 788 et
3203 735 3544 792 visitationes
3566 737 3683 792 ista:

2103 821 2385 889 sperandae
2422 829 2568 874 sunt.
2610 820 2716 886 Qui
2748 823 2891 876 enim
2919 831 3096 893 potest
3119 826 3300 881 dicere
3332 846 3345 880 :
3383 827 3508 881 No.1:
3541 845 3680 897 pue-

2103 913 2294 978 cessit,
2331 913 2443 965 dies
2478 921 2655 966 autem
2700 916 3158 986 appropinquavit,
3199 919 3334 972 sicut
3373 920 3426 972 in
3469 921 3557 973 die
3587 923 3682 972 lto-

2101 1009 2246 1056 neste
2280 1001 2634 1065 ambulemus,
2671 1019 2774 1056 non
2830 1005 2886 1056 in
2940 1008 3410 1062 comessationum:
3440 1018 3488 1062 et
3517 1008 3683 1062 ebrie-

2105 1093 2322 1160 tatibus,
2355 1109 2458 1147 non
2487 1094 2544 1147 in
2572 1095 2836 1148 cubilibus
2861 1104 2910 1148 et
2937 1097 3303 1166 impudicitiis,
3345 1115 3448 1153 non
3474 1101 3528 1154 in
3559 1116 3688 1155 con-

2106 1184 2333 1238 tentione
2357 1194 2407 1238 et
2427 1183 2764 1239 mualatione
2792 1187 2865 1250 ‘9;
2902 1193 2956 1240 et
2989 1201 3113 1242 cum
3148 1189 3262 1243 haec
3290 1190 3480 1245 omnia
3510 1201 3686 1248 trans-

2103 1276 2244 1340 ierit,
2284 1293 2670 1348 supergressus
2695 1277 2964 1333 videbitur
3004 1287 3215 1349 tempus
3255 1282 3360 1337 hoc
3397 1285 3541 1353 quod
3575 1301 3683 1340 nox

2102 1368 2400 1434 praecessit,
2431 1377 2485 1424 et
2525 1368 2642 1424 dies
2669 1371 3148 1440 apprOpinquavit,
3195 1380 3250 1426 et
3285 1371 3544 1430 festinare
3575 1391 3681 1431 non

2102 1459 2170 1512 ad
2203 1458 2417 1513 initium
2466 1460 2608 1526 diei,
2657 1461 2750 1516 sed
2801 1461 2868 1516 ad
2915 1461 3231 1526 meridiem,
3267 1472 3327 1517 ut
3371 1473 3426 1518 et
3470 1466 3585 1535 ipse
3616 1471 3683 1522 ad

2104 1548 2334 1618 gratiam
2363 1551 2642 1619 perveniat
2669 1551 2923 1607 Abrahae.
2957 1550 3014 1606 Si
3043 1553 3188 1607 enim
3223 1553 3312 1608 lux
3340 1570 3462 1624 qua:
3485 1556 3536 1610 in
3567 1557 3685 1625 ipso

2103 1649 2188 1696 est
2230 1641 2432 1696 mentis
2476 1652 2530 1697 et
2574 1644 2784 1712 puritas
2821 1645 3004 1700 cordis
3029 1645 3176 1700 clara
3216 1644 3384 1700 fuerit
3418 1656 3471 1700 et
3506 1648 3687 1716 splen-

2105 1731 2254 1795 dida,
2281 1731 2383 1786 iste
2408 1733 2776 1786 meridianum.
2798 1739 3012 1802 tempus
3051 1733 3106 1787 in
3157 1734 3452 1803 semetipso
3487 1734 3686 1790 habere

414 1827 566 1882 addit
593 1836 648 1884 et
679 1829 863 1883 subdit
897 1846 912 1883 :
950 1827 1168 1882 Parasti
1197 1829 1252 1882 in
1291 1836 1571 1896 conspectu
1614 1843 1725 1880 meo
1769 1843 2002 1881 mensam
2034 1816 2076 1870 Β
2104 1823 2406 1888 videbitur;
2456 1830 2511 1876 et
2539 1836 2632 1891 per
2677 1821 2819 1874 hanc
2851 1823 3144 1891 puritatem
3176 1823 3392 1889 cordis,
3431 1825 3590 1893 quasi
3629 1825 3685 1879 in

415 1916 664 1972 adversus
704 1934 789 1972 eos
831 1918 920 1988 qui
955 1917 1212 1971 tribulant
1257 1934 1358 1972 me.
1402 1916 1758 1988 Impinguasti
1803 1918 1856 1971 in
1889 1917 2001 1973 oleo

417 2018 575 2078 caput
607 2025 808 2072 meum,
850 2019 899 2062 et
925 2009 1171 2080 poculum
1215 2018 1364 2063 tuum
1402 2009 1514 2082 (48)
1546 2009 1814 2066 inebrians
1843 2029 2002 2082 quam

415 2099 733 2170 praeclarum
766 2099 882 2154 est!
915 2099 984 2153 Et
1022 2101 1387 2155 misericordia
1420 2110 1512 2154 tua
1547 2102 1892 2173 subsequetur
1922 2120 2001 2158 nte

418 2191 662 2246 omnibus
701 2191 882 2245 diebus
928 2192 1050 2246 uiue
1087 2209 1249 2260 mete,
1303 2202 1362 2246 ut
1400 2193 1689 2248 inhabilem
1739 2196 1796 2248 in
1847 2199 2001 2250 domo

415 2283 631 2337 Domini
663 2284 717 2338 in
753 2283 1134 2354 longitudinem
1161 2285 1368 2338 dierum
1394 2286 1457 2340 ¹⁵.
1499 2285 1592 2342 llla
1639 2303 1768 2357 ergo
1799 2289 1997 2358 prima,

417 2372 470 2426 id
510 2380 595 2427 est
646 2374 936 2442 pastoralis
965 2373 1264 2438 institutio,
1304 2375 1462 2431 initio
1489 2392 1680 2431 eorum
1711 2378 1832 2445 fuit,
1861 2388 1920 2433 ut
1945 2378 1999 2432 in

415 2462 535 2517 loco
568 2464 720 2518 viridi
751 2465 1072 2531 collocatus,
1098 2482 1264 2536 super
1290 2481 1492 2536 aquam
1525 2466 1838 2523 refectionis
1868 2469 2001 2524 edu-

413 2563 651 2609 caretur.
707 2553 833 2610 Haec
885 2571 1014 2610 vero
1062 2570 1185 2626 qua:
1236 2565 1542 2625 sequuntur
1571 2557 1638 2611 de
1665 2558 2001 2626 profectibus

415 2645 484 2698 ad
516 2644 903 2715 perfectionem
948 2646 1326 2716 requiruntur.
1382 2645 1448 2699 Et
1495 2648 1754 2717 quoniam
1798 2649 1866 2704 de
1902 2665 1999 2718 pa-

418 2735 566 2792 scuis
594 2743 648 2790 et
681 2736 954 2791 viriditate
1009 2736 1420 2806 proposuimus,
1471 2740 1805 2795 conveniens
1833 2741 1998 2796 etiam

417 2824 634 2880 videtur
655 2824 722 2879 de
749 2823 1060 2895 Evangeliis
1088 2828 1411 2881 confirmare
1447 2843 1572 2896 quae
1599 2828 1859 2884 diximus.
1912 2828 2000 2883 ln-

421 2914 543 2970 veni
589 2916 752 2971 etiam
790 2917 865 2970 ibi
909 2924 1183 2986 pastorem
1229 2918 1376 2974 hunc
1414 2919 1619 2974 bonum
1665 2919 1734 2974 de
1781 2921 1999 2990 pascuis

418 3005 600 3059 ovium
630 3005 1010 3071 disserentem,
1058 3006 1152 3060 ubi
1183 3006 1249 3060 ad
1285 3007 1390 3062 hoc
1436 3009 1581 3076 quod
1631 3017 1906 3078 pastorem
1939 3025 1999 3066 se

417 3096 720 3166 proﬁtetur,
767 3096 930 3151 etiam
979 3098 1179 3152 ostium
1230 3113 1290 3153 se
1333 3113 1455 3153 esse
1491 3111 1889 3156 commemorat
1943 3111 1999 3158 et

2103 1913 2330 1968 meridie
2357 1913 2566 1983 positus
2611 1910 2779 1966 Deum
2812 1911 3047 1976 videbit,
3081 1912 3276 1967 sedens
3321 1913 3389 1967 ad
3421 1929 3686 1983 quercum

2102 2005 2385 2069 Mambre,
2427 2004 2575 2075 quod
2621 2004 2687 2059 ad
2753 2004 3020 2058 visionem
3066 2004 3474 2074 interpretatur.
3529 2003 3687 2074 Apud

2101 2097 2366 2153 visionem
2411 2112 2542 2167 ergo
2582 2097 2733 2152 sedet
2771 2096 2825 2150 in
2873 2097 3135 2162 meridie,
3177 2097 3270 2166 qui
3302 2108 3464 2152 vocat
3503 2097 3571 2152 ad
3613 2098 3690 2151 vi-

2101 2191 2336 2246 dendum
2367 2191 2556 2246 Deum.
2596 2189 2727 2244 Inde
2755 2189 2990 2260 denique
3033 2205 3142 2245 non
3186 2190 3388 2246 dicitur
3412 2191 3558 2245 intra
3603 2199 3689 2246 ta-

2103 2286 2476 2350 bernaculum,
2522 2285 2614 2340 sed
2647 2284 2780 2338 foris
2827 2284 2896 2336 ad
2943 2283 3139 2337 ostium
3189 2283 3378 2338 sedere
3428 2284 3686 2338 taberna-

2103 2374 2230 2428 culi.
2272 2373 2428 2428 Foris
2465 2373 2668 2427 etenim
2717 2380 2801 2428 est
2845 2379 3001 2427 extra
3045 2387 3246 2442 corpus
3298 2373 3476 2442 posita
3529 2388 3687 2428 mens

2101 2458 2220 2527 ejus
2263 2461 2356 2529 qui
2407 2461 2565 2530 longe
2601 2469 2685 2515 est
2726 2474 2757 2511 a
2804 2460 3180 2528 corporalibus
3221 2462 3686 2532 cogitationibus,

2101 2549 2262 2620 longe
2295 2565 2323 2603 a
2359 2551 2673 2604 carnalibus
2707 2549 3011 2614 desideriis,
3045 2561 3096 2606 et
3141 2552 3261 2606 ideo
3285 2554 3354 2607 ab
3397 2553 3483 2608 his
3509 2554 3691 2608 omni-

2103 2639 2205 2694 bus
2255 2640 2386 2696 foris
2429 2643 2667 2710 positum
2718 2644 2903 2698 visitat
2943 2644 3106 2699 Deus.
3162 2643 3416 2714 Ejusdem
3467 2660 3689 2715 quoque

2103 2733 2348 2802 mysterii
2389 2741 2491 2798 est,
2519 2735 2664 2803 quod
2710 2745 2763 2789 et
2794 2736 2994 2806 Joseph
3038 2735 3232 2791 fratres
3273 2752 3406 2792 suos
3435 2753 3558 2793 cum
3589 2753 3688 2793 su-

2102 2824 2366 2892 scepisset
2415 2823 2470 2877 in
2514 2822 2769 2896 Egypto,
2815 2826 2870 2880 in
2915 2827 3142 2881 meridie
3172 2843 3266 2882 eos
3306 2829 3500 2898 pascit,
3536 2838 3590 2882 et
3631 2829 3688 2883 in

2101 2913 2328 2967 meridie
2374 2914 2606 2969 adorant
2644 2931 2770 2970 eum
2822 2932 2948 2970 cum
3005 2919 3345 2974 muneribus.
3397 2919 3688 2989 Propterea

2099 3002 2334 3072 denique
2381 3013 2513 3073 puto
2557 3005 2709 3061 etde
2754 3007 2840 3062 his
2883 3023 3008 3077 quas
3049 3007 3220 3065 Judaei
3263 3011 3316 3064 in
3347 3010 3683 3066 Salvatorem

2101 3096 2515 3161 commiserunt,
2540 3097 2749 3152 nullum
2776 3102 3235 3172 evangelislarum
3275 3103 3516 3160 voluisse
3550 3105 3687 3160 scri-

415 3187 548 3242 dicit
583 3205 598 3244 :
633 3186 745 3258 Ego
765 3205 882 3242 sum
928 3190 1158 3254 ostium;
1196 3206 1289 3260 per
1331 3207 1412 3244 me
1442 3191 1489 3244 si
1527 3191 1644 3262 quis
1692 3192 1994 3263 introierit,
2026 3161 2070 3219 θ
2103 3187 2250 3255 bere,
2279 3186 2409 3257 quia
2433 3189 2662 3244 meridie
2692 3190 2807 3245 haac
2828 3201 2978 3262 gesta
3006 3203 3136 3248 sunt
3165 3210 3287 3247 cum
3315 3195 3503 3264 utique
3535 3205 3687 3250 sexta

413 3281 742 3347 salvabitur,
787 3291 838 3336 et
871 3283 1214 3354 ingredietur,
1253 3293 1305 3337 et
1339 3285 1669 3354 egredietur,
1711 3295 1760 3340 et
1796 3303 1996 3356 pascua

416 3374 635 3427 inveniet
657 3374 718 3425 ".
765 3372 921 3429 llunc
947 3377 1110 3429 etiam
1139 3391 1284 3430 nunc
1308 3391 1509 3446 sponsa
1532 3387 1902 3448 percontatur,
1939 3388 2000 3435 ut

415 3465 485 3519 ab
523 3479 589 3518 eo
619 3465 804 3519 audiat
842 3473 896 3519 et
927 3465 1102 3522 discat
1129 3466 1183 3520 in
1215 3467 1416 3537 quibus
1455 3470 1674 3537 pascuis
1698 3485 1827 3525 oves
1851 3481 1996 3541 agat,

416 3555 498 3609 vel
546 3555 601 3610 in
651 3556 852 3625 quibus
903 3557 1314 3613 amoenitatibus
1358 3559 1692 3615 meridianos
1740 3571 2000 3632 procuret

413 3655 616 3712 aestus;
657 3648 940 3704 meridiem
984 3650 1264 3720 appellans
1318 3649 1410 3722 illa
1458 3651 1668 3707 scilicet
1702 3655 1885 3709 cordis
1913 3669 2000 3708 se-

413 3747 580 3805 creta,
615 3737 816 3808 quibus
843 3738 1130 3794 clariorem
1159 3739 1400 3795 scientia).
1427 3741 1604 3796 lucem
1636 3757 1667 3796 a
1695 3741 1873 3798 Verbo
1904 3743 1997 3798 Dei

413 3828 597 3882 anima
624 3828 1004 3898 consequitur.
1038 3826 1154 3884 Hoc
1181 3829 1328 3884 enim
1361 3839 1578 3902 tempus
1623 3840 1709 3887 est
1757 3847 1869 3903 quo
1915 3833 1998 3887 sol

412 3919 771 3974 excelsiorem
801 3918 1068 3975 circuitus
1097 3921 1184 3974 sui
1203 3922 1464 3976 verticem
1495 3930 1659 3977 tenet.
1691 3921 1749 3978 Si
1776 3923 1999 3992 quando

416 4023 546 4079 ergo
592 4010 674 4064 sol
714 4009 944 4079 justitia‘
971 4011 1224 4067 Christus
1253 4011 1512 4068 Ecclesiae
1543 4030 1658 4070 suae
1683 4017 1898 4072 excelsa
1946 4027 2000 4072 et

417 4101 586 4156 ardua
615 4102 877 4155 virtutum
909 4118 1132 4157 suarum
1165 4112 1372 4158 secreta
1404 4104 1750 4171 manifestat,
1783 4123 1999 4164 amcena

417 4207 618 4260 pascua
637 4192 944 4261 cubiliaque
966 4193 1264 4248 meridiana
1287 4194 1556 4249 videbitur
1584 4197 1829 4253 edocerc.
1861 4196 1998 4255 Nam

414 4297 540 4336 cum
585 4283 765 4338 adhuc
804 4282 955 4336 initia
1001 4282 1164 4338 habet
1207 4283 1474 4352 discendi,
1509 4294 1565 4340 et
1593 4287 1790 4356 prima,
1828 4297 1888 4342 ut
1924 4289 1997 4344 ita

413 4374 615 4438 dicam,
649 4375 718 4429 ab
744 4388 810 4428 eo
849 4372 1091 4428 scientiae
1127 4374 1358 4444 suscipit
1386 4376 1714 4444 rudimenta,
1743 4386 1875 4435 tunc
1910 4382 1998 4437 di-

2101 3279 2236 3333 hora
2264 3294 2372 3333 non
2403 3279 2548 3333 aliud
2575 3296 2740 3349 quam
2781 3282 3140 3337 meridianum
3175 3294 3388 3354 tempus
3411 3286 3686 3349 ostendat,

2100 3370 2285 3425 nullus
2331 3378 2513 3424 tamen
2558 3372 2842 3427 meridiem
2883 3375 3204 3430 nominavit.
3260 3374 3365 3430 Sed
3403 3375 3688 3432 Muttlneus

2100 3459 2176 3514 ita
2204 3460 2339 3513 dixit
2371 3477 2383 3513 :
2416 3459 2495 3512 Ab
2535 3460 2666 3512 hora
2704 3471 2883 3515 autent
2923 3474 3076 3518 sexta
3117 3466 3340 3519 tenebrae
3377 3466 3535 3535 facta
3565 3477 3689 3519 sunt

2098 3567 2254 3620 super
2291 3567 2497 3604 omnem
2537 3560 2736 3606 terram
2763 3570 2926 3624 usque
2952 3555 3005 3608 in
3038 3556 3224 3609 horam
3264 3573 3458 3610 nonam
3487 3559 3554 3610 ⁸ο.
3588 3557 3690 3612 Lu-

2099 3656 2194 3696 cas
2236 3657 2411 3696 vero:
2453 3641 2586 3695 Erat
2613 3643 2733 3712 jam
2780 3646 2934 3714 quasi
2972 3645 3102 3699 hora
3140 3657 3322 3713 sexta,
3374 3658 3423 3701 et
3465 3650 3688 3703 tenebrat

2099 3733 2258 3802 facta
2299 3743 2420 3786 sunt
2455 3749 2610 3800 super
2632 3751 2838 3788 omnem
2874 3745 3067 3789 terram
3096 3754 3256 3808 usque
3294 3740 3347 3792 in
3375 3739 3561 3792 harant
3592 3757 3688 3794 no-

2101 3839 2224 3876 nam
2256 3823 2526 3892 deﬁciente
2563 3825 2672 3879 sole
2701 3827 2768 3877 ²¹.
2811 3824 2918 3880 Sed
2951 3834 3003 3880 et
3036 3826 3256 3883 Marcus
3295 3847 3310 3883 :
3340 3829 3474 3884 Cum
3509 3839 3687 3884 autent

2098 3923 2232 3969 esset
2264 3916 2410 3985 facta
2442 3917 2574 3971 hora
2599 3926 2770 3984 sexta,
2807 3919 3028 3974 tenebrae
3054 3925 3212 3990 facta:
3242 3931 3365 3974 sunt
3397 3938 3552 3991 super
3575 3939 3690 3976 ont-

2102 4023 2220 4060 nem
2254 4016 2450 4062 terram
2479 4025 2643 4079 usque
2681 4010 2733 4063 in
2777 4010 2962 4064 horam
2994 4027 3186 4067 nonam
3221 4014 3286 4068 “.
3331 4012 3484 4070 Unde
3517 4030 3687 4084 appa-

2099 4108 2200 4165 ret,
2225 4101 2356 4170 quia
2386 4101 2441 4154 in
2481 4101 2792 4158 visitatione
2836 4103 3055 4173 quidem
3097 4105 3352 4170 Abrahm,
3385 4113 3440 4160 et
3471 4105 3526 4158 in
3553 4121 3687 4160 con-

2097 4191 2244 4246 vivio
2293 4192 2726 4262 patriarcharum
2760 4193 2904 4262 apud
2939 4191 3141 4265 Ioseph
3175 4209 3283 4249 non
3317 4193 3595 4265 indigebat
3627 4202 3688 4249 ut

2101 4291 2316 4354 tempus
2356 4283 2502 4339 istud
2541 4285 2643 4340 sub
2676 4288 2897 4341 nomine
2926 4285 3065 4341 sexti
3100 4286 3313 4340 numeri
3350 4284 3687 4356 signiﬁcare-

2097 4383 2207 4442 tur,
2246 4375 2342 4430 sed
2381 4384 2442 4430 ut
2477 4376 2732 4432 meridies
2757 4377 3048 4433 diceretur.
3084 4375 3319 4432 Volebat
3349 4377 3496 4433 enim
3527 4393 3689 4448 spon-

411 4469 490 4524 eit
531 4466 799 4537 Propheta
839 4485 854 4523 :
907 4467 976 4522 Et
1033 4467 1306 4537 adjuvabit
1336 4484 1453 4522 eam
1476 4486 1629 4524 mane
1663 4472 1898 4527 diluculo
1929 4475 1993 4528 η.
2027 4501 2077 4561 υ
2101 4481 2185 4532 sa,
2219 4481 2342 4536 qua:
2357 4465 2469 4535 jam
2496 4475 2626 4522 tunc
2651 4467 2706 4523 in
2736 4468 2845 4524 illis
2880 4469 3330 4534 adumbrabatur,
3359 4470 3570 4526 discere
3596 4469 3686 4524 ubi

412 4555 572 4612 Nunc
614 4572 746 4629 ergo
781 4557 910 4626 quia
954 4556 1278 4627 perfectiora
1314 4558 1430 4627 jam
1460 4560 1675 4630 quaerit,
1725 4570 1778 4617 et
1819 4563 1998 4619 excel-

413 4650 558 4704 siora
591 4650 882 4718 desiderat,
919 4651 1279 4707 meridianum
1317 4653 1561 4708 scientia:
1607 4653 1789 4709 lumen
1829 4670 1992 4726 expo-

414 4742 534 4796 scit.
571 4740 707 4795 llinc
741 4750 873 4811 puto
905 4749 960 4796 et
1009 4741 1242 4797 Abrahae
1272 4751 1396 4811 post
1427 4742 1630 4798 multas
1661 4745 1998 4802 eruditiones

412 4834 614 4902 quibus
642 4849 909 4903 apparens
939 4835 988 4890 ei
1022 4835 1164 4890 Deus
1200 4834 1397 4889 imbuit
1426 4850 1551 4890 eum
1584 4837 1652 4892 de
1678 4837 1909 4907 singulis
1942 4847 1998 4894 et

413 4924 639 4990 docuit,
695 4935 816 4994 post
862 4925 1098 4981 refertur
1148 4927 1277 4995 quia
1323 4927 1476 4983 visus
1511 4927 1583 4983 sit
1633 4929 1682 4982 ei
1734 4928 1879 4985 Deus
1929 4931 1995 4986 ad

412 5033 676 5088 quercum
725 5017 969 5073 Mambre
1012 5017 1220 5074 sedenti
1251 5019 1360 5091 56
1389 5020 1458 5075 ad
1487 5021 1690 5076 ostium
1739 5023 1997 5078 taberna-

413 5110 525 5164 culi
551 5111 635 5165 sui
661 5111 907 5167 meridie.
942 5111 1011 5165 Et
1059 5112 1364 5180 respiciens,
1399 5111 1599 5182 inquit,
1644 5113 1813 5169 oculis
1862 5115 1995 5183 suis,

415 5202 574 5267 vidit,
621 5211 673 5256 et
719 5219 834 5258 ecce
868 5211 971 5257 tres
1012 5202 1111 5256 viri
1142 5201 1357 5257 stabant
1392 5219 1550 5273 super
1586 5220 1708 5259 eum
1733 5205 1799 5259 ιθ.
1841 5204 1998 5272 Quod

415 5294 460 5348 si
485 5294 757 5350 credimus
787 5296 902 5350 haec
928 5311 1022 5364 per
1053 5295 1316 5365 Spiritum
1345 5305 1595 5352 sanctum
1625 5297 1851 5367 scripta,
1889 5315 1996 5355 non

417 5391 548 5450 puto
596 5383 798 5440 frustra
841 5385 1114 5455 placuisse
1163 5385 1351 5442 divino
1407 5387 1673 5458 Spiritui,
1725 5398 1786 5443 ut
1832 5390 1998 5445 etiam

491 5542 534 5572 ¹²
566 5539 711 5598 Psal.
744 5559 879 5607 xx",
911 5546 963 5600 5.
1044 5546 1087 5578 ”
1127 5547 1262 5603 ibid.
1294 5548 1348 5603 4.
1429 5547 1473 5579 ¹⁶
1517 5547 1648 5603 ibid.

2100 4567 2348 4627 pasceret
2391 4573 2660 4628 sponsus,
2706 4569 2761 4616 et
2795 4560 2886 4615 ubi
2932 4561 3157 4616 haberet
3201 4561 3414 4627 cubile,
3466 4570 3519 4617 et
3565 4563 3686 4617 idco

2098 4652 2383 4707 meridiem
2431 4653 2697 4707 nominat.
2757 4653 3114 4726 Evangelista:
3158 4670 3289 4710 vero
3333 4655 3386 4709 in
3437 4655 3521 4710 his
3565 4671 3687 4724 quae

2094 4743 2418 4807 narrabant,
2451 4759 2559 4798 non
2591 4745 2954 4799 meridianum
2993 4745 3519 4815 tempus,sedhorm
3553 4760 3687 4799 ses-

2095 4845 2164 4890 tze
2232 4851 2520 4890 numerum
2560 4837 2946 4906 requirebant,
2987 4837 3053 4892 ad
3085 4838 3454 4892 enarrandum
3483 4837 3689 4892 scilicet

2100 4928 2430 4983 sacriﬁcium
2469 4928 2660 4983 hostia
2695 4928 2836 4997 ejus,
2873 4943 2995 4997 qua:
3025 4927 3206 4982 oblata
3243 4937 3328 4983 est
3360 4928 3414 4981 in
3457 4929 3545 4983 die
3592 4928 3690 4982 l’a-

2101 5021 2248 5076 sellae
2277 5036 2375 5090 pro
2417 5020 2792 5090 redemptione
2827 5019 3102 5086 hominis,
3150 5019 3244 5089 qui
3300 5021 3353 5073 in
3399 5020 3488 5074 die
3533 5028 3684 5073 sexta

2095 5113 2366 5170 formatus
2413 5127 2552 5170 esta
2598 5113 2751 5179 Deo,
2811 5123 3171 5185 posteaquam
3240 5123 3384 5169 terra
3431 5114 3686 5184 produxit

2097 5208 2337 5262 animam
2365 5207 2637 5263 viventem
2685 5208 2987 5264 secundum
3026 5222 3218 5276 genus,
3266 5205 3639 5276 quadrupedia
3667 5246 3683 5270 ,

2095 5309 2152 5355 et
2190 5300 2468 5370 repentia,
2515 5310 2571 5356 et
2612 5300 2817 5356 bestias
2873 5311 3052 5355 terrae.
3105 5297 3186 5352 Ob
3252 5299 3358 5351 hoc
3417 5297 3582 5365 igitur
3629 5295 3685 5349 in

2098 5393 2357 5461 praesenti
2400 5391 2523 5446 loco
2579 5391 2878 5447 illuminari
2931 5405 3131 5459 sponsa
3181 5389 3457 5442 desiderat
3517 5388 3681 5456 pleno

1729 5549 1771 5580 "
1803 5548 1934 5605 ibid.
1968 5550 2001 5605 5

2100 5599 2101 5605 η
2186 5553 2230 5582 ¹⁸
2264 5550 2422 5606 Joan.
2453 5568 2505 5614 ιι,
2533 5552 2586 5605 9.
2665 5551 2706 5581 ³⁷
2737 5547 2881 5603 Psal.
2913 5562 3016 5600 XLV
3068 5545 3118 5600 6.
3201 5545 3242 5576 ¹⁸
3274 5545 3407 5599 Cen.
3441 5557 3593 5614 xvnr,
3629 5543 3682 5601 2.

419 5609 464 5643 ¹⁹
488 5611 647 5666 Rom.
696 5629 815 5680 xui,
846 5615 932 5679 l2,
970 5617 1055 5672 l3.
1110 5621 1156 5650 ὀ
1187 5618 1375 5673 Matth.
1413 5635 1585 5684 xxvu,
1617 5621 1707 5675 45.
1784 5621 1825 5652 ³³
1855 5619 1988 5677 Luc.

2100 5637 2180 5688 ιιι,
2209 5622 2299 5688 4-4,
2336 5623 2423 5677 ιδ.
2496 5609 2548 5652 ’¹²
2591 5619 2757 5675 Marc.
2786 5634 2873 5685 xv,
2904 5617 2992 5672 55.

489 5761 604 5830 (18)
647 5761 774 5816 Mss.
805 5801 821 5830 ,
871 5763 1115 5831 poculum
1183 5775 1349 5818 tzutm.
1414 5765 1568 5822 Libb.
1627 5767 1754 5822 editi
1784 5807 1799 5834 ,
1855 5768 1994 5822 calix
2032 5785 2194 5824 meus.
