4134 6432
483 322 588 378 125

1545 318 1864 376 ORIGENIS
1902 317 1970 374 IN
2006 315 2370 377 CANTICUM
2406 319 2680 379 CANTIC.

3635 323 3734 380 121

483 439 730 498 scientiae
759 437 984 506 lumine,
1021 453 1090 494 ne
1131 451 1230 508 per
1270 438 1593 508 imperitiam
1633 456 1844 507 errans,
1879 441 1933 496 in
1959 440 2060 494 ali-
2089 443 2137 500 Δ
2167 439 2352 507 lieres,
2383 441 2506 496 illas
2533 442 2744 498 scilicet
2791 456 2912 513 qua:
2946 442 3348 512 corruptionem
3382 455 3556 512 passa:
3585 452 3734 510 sunt,

486 547 600 602 quo
632 530 829 585 similis
859 529 1121 583 efﬁciatur
1165 529 1270 584 illis
1320 530 1605 585 doctorum
1662 534 1905 601 scholis,
1945 550 2066 604 quae

489 638 601 678 non
627 637 725 691 per
750 622 922 691 ipsam
946 620 1040 675 Dei
1071 621 1413 690 sapientiam,
1455 623 1550 679 sed
1581 640 1678 694 per
1711 627 2066 696 philosopho-

489 730 613 768 rum
646 722 704 768 et
749 712 1056 782 principum
1112 711 1276 782 hujus
1323 716 1512 770 mundi
1561 726 1907 772 exercentur.
1953 717 2068 774 Hoc

489 806 635 858 enim
665 813 718 859 et
741 802 1035 872 Apostolus
1062 802 1243 858 dicere
1277 804 1491 860 videtur
1515 806 1568 860 in
1599 821 1664 861 eo
1690 808 1784 862 ubi
1813 807 1905 873 ait,
1939 809 2067 878 quia

488 896 757 964 loquimur
786 893 884 948 Dei
922 895 1239 963 sapientiam
1287 896 1344 949 in
1392 898 1644 966 mysterio
1674 898 2030 954 absconditam
2051 940 2067 965 ,

486 1002 648 1057 quam
696 1001 844 1039 nemo
884 986 1182 1056 principum
1211 986 1370 1055 hujus
1407 989 1590 1043 mundi
1630 991 1866 1060 cognorit
1907 991 1971 1045 ⁸³.
2005 989 2069 1045 Et

487 1076 685 1130 iterum
709 1077 824 1131 haec
847 1079 1036 1133 eadem
1073 1077 1365 1147 signiﬁcat,
1397 1093 1523 1134 cum
1559 1081 1690 1136 dicit
1723 1101 1736 1136 :
1777 1081 1899 1136 Non
1928 1083 2068 1136 enim

484 1169 735 1238 spiritum
771 1170 930 1240 hujus
968 1171 1153 1224 mundi
1191 1173 1520 1240 accepimus,
1557 1173 1649 1229 sed
1691 1176 1934 1244 spiritum
1980 1178 2069 1244 qui

488 1277 554 1314 ea:
577 1260 687 1315 Deo
720 1271 820 1326 est,
865 1271 922 1315 ut
951 1267 1183 1317 sciamus
1220 1279 1338 1333 qua
1373 1282 1406 1318 a
1437 1267 1544 1319 Deo
1581 1267 1781 1320 donata
1819 1275 1937 1321 sunt
1975 1282 2069 1321 no-

491 1353 571 1406 bis
603 1355 671 1410 “.
722 1352 806 1408 0h
834 1354 940 1409 hoc
981 1369 1111 1425 ergo
1155 1357 1384 1425 requirit
1426 1371 1623 1425 sponsa
1665 1359 1862 1413 Christi
1907 1359 2067 1412 meri-

487 1441 651 1496 diana
685 1443 926 1509 cubilia,
975 1453 1029 1498 et
1077 1445 1469 1514 plenitudinem
1523 1446 1763 1502 scientiae
1810 1448 1981 1516 poscit
2032 1463 2066 1502 a

488 1532 624 1598 Deo,
674 1549 741 1588 ne
777 1534 1025 1588 videatur
1057 1551 1178 1592 esse
1213 1537 1354 1592 sicut
1393 1552 1499 1591 una
1526 1552 1592 1592 ex
1619 1538 2064 1608 philosophorum

489 1623 715 1690 scholis,
757 1639 880 1694 quae
910 1625 1166 1696 adoperta
1193 1629 1526 1691 nominatur,
1565 1643 1664 1698 pro
1691 1644 1755 1685 eo
1785 1629 1925 1699 quod
1952 1631 2069 1701 ple-

491 1713 682 1768 nitudo
731 1715 996 1773 veritatis.
1036 1717 1180 1785 apud
1217 1732 1312 1772 eos
1361 1727 1500 1773 tecta
1557 1725 1641 1772 est
1689 1727 1744 1773 et
1784 1720 2061 1790 adoperta.

2167 546 2267 586 nec
2294 531 2347 584 in
2375 533 2705 602 virginitatis
2765 533 3072 604 integritate
3121 543 3558 604 permanserunt.
3610 531 3736 590 Hart:

2167 629 2295 675 sunt
2319 637 2441 690 quae
2470 637 2709 692 sponsus
2738 631 2858 692 post
2897 622 2992 676 illa.
3020 623 3202 676 omnia
3226 637 3348 691 quae
3393 622 3572 678 locuta
3612 621 3734 676 fuc—

2168 714 2255 760 rat
2292 722 2517 776 sponsa,
2549 719 2767 763 austera
2809 709 3042 779 quadam
3078 711 3502 765 comminatione
3523 726 3734 780 sponsa

2167 800 2380 855 animos
2414 801 2480 855 ad
2511 801 2806 870 agnitionis
2828 816 2940 856 sua:
2963 817 3152 856 curam
3190 804 3482 868 suscitans,
3516 818 3610 872 per
3637 819 3730 858 ore

2165 893 2346 947 dinem
2369 890 2634 962 propositi
2655 891 2918 948 dramatis
2943 892 3098 947 dicit.

2239 984 2344 1038 Sed
2375 999 2523 1039 nunc
2546 994 2964 1054 consequenter,
3006 991 3067 1039 ut
3091 994 3306 1050 cetera,
3359 986 3424 1041 ad
3452 984 3733 1041 Christum

2167 1075 2281 1131 haec
2307 1086 2359 1130 et
2415 1076 2481 1130 ad
2512 1075 2814 1132 Ecclesiam
2844 1075 3169 1140 reteramus,
3214 1077 3308 1147 qui
3363 1076 3430 1131 ad
3473 1091 3732 1147 sponsam

2166 1181 2344 1230 suam,
2380 1167 2446 1221 ad
2474 1168 2688 1222 animas
2713 1168 2922 1223 scilicet
2948 1167 3284 1223 credentium
3309 1167 3557 1236 loquens,
3583 1182 3736 1222 sum-

2165 1274 2310 1312 mam
2365 1259 2562 1314 salutis
2618 1268 2673 1315 et
2716 1259 3068 1315 beatitudinis
3112 1259 3167 1313 in
3212 1260 3412 1314 suimet
3457 1260 3743 1329 agnitione

2166 1351 2470 1409 constituit.
2503 1350 2790 1418 Quomodo
2816 1365 2950 1423 ergo
2980 1350 3160 1406 anima
3187 1359 3484 1421 cognoscat
3529 1359 3732 1405 semet-

2167 1441 2376 1510 ipsam,
2440 1457 2540 1497 nec
2599 1441 2758 1497 facile
2809 1450 2972 1511 puto,
3034 1457 3136 1496 nec
3183 1441 3419 1496 breviter
3471 1439 3732 1508 explicari

2164 1547 2362 1602 posse;
2394 1542 2574 1588 tamen
2609 1549 2709 1603 pro
2736 1534 2946 1589 viribus
2997 1547 3170 1602 pauca
3201 1548 3268 1588 ex
3298 1533 3483 1587 multis
3521 1532 3734 1602 aperire

2165 1623 2519 1680 tentabimus.
2553 1623 2779 1679 Videtur
2807 1639 2938 1695 ergo
2968 1624 3100 1678 mihi
3143 1623 3344 1693 duplici
3391 1623 3551 1678 modo
3579 1622 3734 1691 agni-

2167 1712 2368 1767 tionem
2429 1714 2514 1769 sui
2565 1715 2804 1768 animam
2855 1728 3050 1784 capere
3080 1713 3296 1769 debere.
3329 1712 3468 1779 Quid
3512 1712 3731 1782 quidem

492 1803 705 1873 Sponsa
745 1815 926 1860 autem
970 1806 1170 1862 Christi
1214 1807 1346 1862 dicit
1389 1827 1400 1860 :
1449 1806 1562 1860 Nos
1611 1818 1785 1864 autem
1835 1788 2063 1866 reuelato
2093 1788 2136 1844 Β
2165 1803 2236 1857 sit
2271 1803 2408 1871 ipsa.
2434 1813 2488 1858 et
2517 1804 2753 1874 qualiter
2790 1812 3094 1869 moveatur.
3124 1804 3179 1858 id
3208 1811 3290 1858 est
3326 1803 3456 1872 quid
3497 1801 3554 1856 in
3598 1800 3730 1856 sub-

487 1897 626 1963 facie
651 1896 877 1965 gloriam
907 1897 1006 1951 Dei
1030 1897 1364 1967 speculamur
1393 1900 1463 1952 ³⁵.

557 1985 710 2041 Vers.
741 1987 797 2041 8.
837 1986 961 2042 Nisi
987 1990 1288 2059 cognoveris
1311 1999 1379 2053 te,
1411 2006 1442 2044 ο
1472 1990 1606 2045 bona
1633 1991 1772 2062 (sive
1792 1993 2060 2063 pulchra),

483 2079 626 2132 inter
666 2079 942 2147 mulieres,
989 2082 1230 2150 egredere
1271 2093 1326 2136 tu
1359 2083 1414 2136 in
1444 2085 1669 2156 vestigiis
1719 2103 1965 2158 gregum,
2009 2096 2058 2140 et

485 2185 641 2238 pasce
681 2170 860 2224 laedas
897 2181 1012 2228 tuos
1064 2174 1121 2226 in
1165 2175 1512 2228 tabernaculis
1548 2187 1842 2245 pastorum.
1884 2177 2058 2236 Unius

486 2259 734 2314 Chilonis
764 2262 976 2316 scilicet
1011 2277 1079 2317 ex
1117 2272 1318 2330 septem
1359 2279 1496 2333 quos
1531 2266 1671 2336 apud
1699 2266 1918 2323 Graecos
1947 2269 2060 2324 sin-

486 2351 705 2419 gulares
726 2351 895 2407 fuisse
916 2353 969 2406 in
994 2355 1254 2424 sapientia
1279 2357 1418 2415 fama
1441 2365 1798 2431 concelebrat,
1832 2367 2059 2422 llaec-in-

488 2447 571 2493 ter
608 2451 802 2496 ca-tera
847 2445 1113 2500 mirabilis
1152 2445 1322 2502 fertur
1347 2466 1466 2506 esse
1487 2457 1775 2521 sententia,
1802 2473 1910 2527 qua
1941 2459 2055 2512 ait:

483 2529 633 2585 Scito
679 2533 939 2602 teipsum,
977 2536 1059 2591 vel
1097 2553 1342 2608 cognosce
1375 2544 1618 2612 teipsum.
1656 2546 1814 2613 Quod
1862 2556 2048 2602 tamen

486 2621 770 2689 Salomon,
811 2640 972 2695 quem
1002 2631 1345 2697 praecessisse
1376 2647 1568 2691 omnes
1599 2636 1971 2709 hos-tempore
1998 2650 2055 2694 et

484 2713 750 2782 sapientia
797 2730 860 2772 ac
901 2731 1082 2773 rerum
1134 2721 1360 2778 scientia
1409 2724 1464 2779 in
1509 2727 1826 2796 przfatione
1866 2739 2054 2786 nostra

483 2805 807 2875 docuimus,
843 2808 909 2864 ad
943 2813 1178 2867 animam
1229 2816 1382 2885 quasi
1434 2819 1716 2875 mulierem
1764 2823 1868 2877 sub
1899 2839 2054 2879 com-

485 2895 784 2953 minatione
818 2901 1050 2969 quadam
1099 2904 1328 2975 loquens
1368 2908 1502 2964 dicit
1531 2928 1543 2964 :
1572 2909 1688 2966 Nisi
1732 2915 2055 2983 cognoveris

485 2987 844 3056 temetipsam,
891 3005 924 3045 o
944 2991 1169 3062 pulchra
1207 2995 1346 3050 inter
1373 2998 1651 3064 mulieres,
1685 3009 1739 3055 et
1768 3005 2055 3072 agnoveris

482 3077 900 3146 pulchritudinis
925 3090 1029 3138 tua;
1055 3098 1250 3142 causas
1278 3087 1404 3143 inde
1428 3087 1778 3157 descendere,
1809 3092 1955 3161 quod
1983 3093 2049 3147 ad

481 3167 768 3238 imaginem
816 3169 910 3226 Dei
960 3171 1098 3230 facta
1127 3191 1210 3245 es,
1257 3193 1352 3248 per
1374 3180 1523 3248 quod
1562 3180 1704 3236 inest
1744 3181 1840 3236 tibi
1883 3182 2054 3252 pluri-

480 3273 628 3312 mum
657 3260 915 3317 naturalis
939 3264 1170 3334 decoris,
1197 3277 1251 3322 et
1278 3269 1597 3340 cOgnoveris
1627 3285 1790 3340 quam
1825 3272 2052 3340 pulchra

479 3365 605 3406 eras
633 3367 699 3406 ex
732 3351 917 3422 initio;
952 3359 1204 3426 quamvis
1237 3368 1293 3415 et
1329 3376 1474 3415 nunc
1499 3361 1611 3432 jam
1645 3364 1922 3431 praecellas
1951 3381 2053 3421 ete-

480 3449 623 3496 tteras
661 3443 936 3510 mulieres,
983 3457 1039 3502 et
1065 3451 1296 3518 pulchra
1347 3451 1490 3505 inter
1531 3467 1626 3508 eas
1670 3454 1786 3508 sola
1827 3455 2052 3521 dicaris,

480 3539 655 3587 tamen
688 3535 794 3590 nisi
827 3541 1150 3608 cognoveris
1200 3542 1426 3610 teipsam
1473 3558 1597 3612 quae
1626 3545 1702 3599 sis
1723 3585 1736 3611 ,
1766 3561 1875 3600 non
1908 3548 2054 3602 enim

474 3638 540 3678 ex
571 3631 974 3696 comparatione
1004 3631 1324 3686 inferiorum
1353 3635 1476 3687 volo
1509 3635 1706 3690 bonam
1730 3638 1899 3692 videri
1935 3641 2055 3708 pul-

475 3716 833 3774 chritudinem
865 3729 1038 3783 tuam.
1065 3721 1158 3776 sed
1192 3729 1252 3775 ut
1280 3722 1377 3776 tibi
1409 3723 1511 3792 ipsi
1533 3734 1589 3779 et
1611 3725 1794 3781 decori
1819 3735 1912 3782 tuo
1936 3731 2020 3784 col
2032 3760 2054 3770 ο-

473 3805 579 3860 lata
614 3817 778 3880 atque
807 3822 1087 3882 exequata
1114 3814 1464 3883 respondeas.
1500 3815 1656 3882 Quod
1691 3818 1797 3873 nisi
1833 3817 2048 3887 feceris,

466 3895 634 3966 jubeo
661 3908 710 3954 te
738 3902 908 3966 exire,
951 3911 1007 3958 et
1033 3903 1084 3956 in
1115 3903 1321 3960 ultimis
1359 3921 1585 3976 gregum
1614 3909 1857 3978 vestigiis
1884 3912 2051 3967 collo-

470 3989 606 4056 cari,
641 3999 695 4046 et
723 3990 837 4060 jam
867 4007 978 4046 non
1014 4007 1147 4049 oves
1173 4007 1351 4062 neque
1376 4009 1567 4065 agnos,
1609 3997 1704 4052 sed
1741 3998 1934 4054 btedos
1959 4017 2056 4070 pa-

471 4096 645 4147 scere,
691 4083 812 4139 illos
845 4078 1056 4140 scilicet
1097 4085 1191 4154 qui
1227 4099 1328 4155 pro
1368 4087 1634 4155 pravitate
1672 4097 1727 4144 et
1755 4089 1979 4146 lascivia
2015 4106 2047 4146 a

471 4173 712 4230 sinistris
744 4175 941 4230 staturi
975 4183 1104 4230 sunt
1153 4177 1297 4246 regis
1349 4176 1406 4230 in
1450 4178 1658 4246 judicio
1690 4181 2051 4250 praesidentis.

471 4263 537 4320 Et
565 4281 689 4320 cum
713 4267 810 4322 tibi
846 4267 1168 4323 introduan
1193 4268 1249 4323 in
1277 4269 1590 4325 cubiculum
1619 4273 1827 4343 regium
1860 4283 2051 4330 osten-

468 4356 642 4410 derim
673 4373 794 4427 quae
837 4373 1052 4413 summa
1099 4369 1230 4415 sunt
1273 4360 1438 4428 bona,
1483 4362 1529 4417 si
1576 4377 1686 4418 non
1731 4367 2054 4435 cognoveris

2163 1895 2388 1960 stantia,
2439 1903 2494 1950 et
2518 1894 2649 1964 quid
2684 1895 2739 1949 in
2766 1893 3051 1950 aﬂectibus
3079 1893 3308 1960 habeat;
3343 1900 3530 1962 utputa
3566 1900 3624 1946 ut
3650 1889 3736 1945 in-

2161 1986 2366 2054 telligat
2388 1985 2435 2041 si
2464 1986 2587 2041 boni
2616 1986 2844 2041 allectus
2871 1986 2965 2050 sit,
2999 1996 3094 2040 aut
3133 1999 3243 2040 non
3288 1984 3440 2046 boni,
3473 1995 3567 2038 aut
3597 1983 3732 2040 recti

2161 2075 2448 2145 propositi,
2487 2082 2582 2129 aut
2607 2090 2713 2130 non
2743 2076 2910 2143 recti;
2942 2084 2996 2131 et
3021 2077 3238 2146 quidem
3264 2076 3313 2130 si
3339 2074 3496 2139 recti,
3533 2075 3580 2130 si
3603 2089 3733 2144 erga

2161 2181 2355 2222 omnes
2380 2167 2610 2223 virtutes
2635 2167 2886 2222 eumdem
2916 2176 3160 2222 tenorem
3188 2165 3408 2233 habeat,
3436 2176 3544 2220 tam
3576 2167 3629 2220 in
3658 2168 3737 2220 in-

2162 2259 2454 2330 telligendo
2478 2275 2643 2330 quam
2669 2261 2722 2314 in
2754 2259 2980 2330 agendo,
3016 2275 3086 2314 an
3121 2275 3248 2330 erga
3274 2260 3581 2316 necessaria
3612 2269 3738 2315 tan-

2162 2360 2276 2406 tum
2301 2361 2354 2406 et
2379 2368 2502 2422 qua:
2525 2352 2578 2406 in
2608 2363 2859 2423 promptu
2880 2362 3027 2408 sunt.
3063 2352 3128 2408 Et
3152 2363 3336 2408 utrum
3383 2353 3438 2406 in
3483 2368 3548 2408 eo
3582 2353 3653 2408 sit
3676 2362 3738 2408 ut

2161 2446 2384 2516 recipiat
2413 2444 2708 2511 proiectus,
2741 2455 2800 2500 ut
2830 2454 3090 2514 augeatur
3135 2446 3189 2499 in
3244 2445 3516 2500 intellectu
3551 2460 3730 2499 rerum

2159 2546 2560 2607 augmentoque
2595 2537 2879 2601 virtutum,
2907 2551 2976 2591 an
3037 2536 3090 2590 in
3124 2538 3233 2591 isto
3263 2545 3368 2592 stet
3400 2546 3454 2591 et
3480 2538 3742 2601 resideat,

2160 2627 2214 2682 in
2249 2628 2391 2697 quod
2448 2630 2626 2699 potuit
2671 2628 2990 2698 pervenire;
3035 2635 3089 2682 et
3129 2637 3312 2682 utrum
3371 2642 3501 2697 erga
3535 2636 3734 2682 semet-

2158 2719 2335 2789 ipsam
2398 2721 2781 2775 tantummodo
2854 2729 3006 2774 vacet
3053 2719 3427 2785 excolendam,
3481 2734 3548 2772 an
3609 2717 3736 2774 aliis

2158 2811 2418 2880 prodesse
2449 2821 2503 2865 et
2528 2810 2779 2866 conferre
2807 2809 3013 2880 aliquid
3064 2809 3313 2865 utilitatis
3355 2809 3590 2874 studeat,
3648 2809 3734 2863 vel

2159 2903 2214 2957 in
2245 2903 2410 2959 verbo
2455 2904 2738 2969 doctrinae,
2794 2903 2877 2958 vel
2928 2904 2982 2958 in
3032 2905 3297 2973 exemplis
3332 2911 3631 2972 gestorum.
3672 2902 3736 2958 Si

2155 3010 2286 3051 vero
2309 3004 2605 3065 cognoscat
2634 2994 2983 3064 semetipsam
3025 3009 3134 3048 non
3176 3008 3298 3048 esse
3323 2993 3453 3046 boni
3481 2992 3731 3059 affectus,

2158 3100 2335 3156 neque
2368 3086 2500 3141 recti
2553 3085 2842 3154 propositi,
2892 3085 2948 3139 in
2997 3084 3103 3138 hoc
3159 3084 3300 3152 ipso,
3355 3091 3416 3136 ut
3472 3083 3736 3153 intelligat

2162 3185 2344 3230 utrum
2375 3176 2427 3229 ei
2457 3176 2592 3230 satis
2617 3175 2779 3240 desit,
2825 3183 2879 3228 et
2910 3173 3098 3243 procul
3144 3188 3174 3227 a
3216 3173 3303 3226 via
3342 3173 3627 3238 virtutum,
3663 3188 3731 3228 an

2157 3267 2211 3320 in
2244 3266 2366 3336 ipso
2387 3266 2499 3336 jam
2527 3266 2703 3336 posita
2761 3266 2836 3320 sit
2875 3265 3091 3326 itinere,
3120 3275 3172 3318 et
3202 3262 3453 3318 incedere
3499 3264 3610 3333 jam
3639 3279 3732 3318 co-

2155 3365 2334 3420 nctur,
2363 3355 2588 3426 cupiens
2610 3372 2734 3427 quas
2755 3356 2808 3410 in
2826 3362 2950 3409 ante
2969 3358 3096 3408 sunt
3117 3351 3515 3424 apprehendere
3531 3363 3578 3408 et
3607 3370 3730 3424 qua:

2157 3457 2302 3501 retro
2333 3456 2461 3502 sunt
2483 3447 2752 3513 oblivisci,
2775 3446 2869 3502 sed
2896 3445 3136 3500 nondum
3158 3447 3675 3516 appropinquaverit
3705 3463 3722 3510 ;

2155 3546 2252 3590 aut
2283 3537 2527 3605 proxima
2565 3536 2784 3606 quidem
2830 3536 2922 3598 sit,
2955 3535 3195 3589 nondum
3252 3545 3429 3589 tamen
3455 3536 3521 3589 ad
3553 3535 3730 3604 perfe-

2155 3626 2393 3683 ctionem
2423 3628 2652 3684 venerit.
2712 3628 2817 3684 Sed
2865 3636 2920 3683 et
2956 3627 3012 3682 in
3059 3642 3126 3682 eo
3177 3641 3316 3696 Opus
3359 3627 3575 3682 videtur
3608 3644 3731 3684 esse

2154 3719 2352 3774 animae
2381 3719 2762 3790 cognoscentis
2789 3720 3157 3788 semetipsum,
3188 3720 3330 3774 scire
3383 3719 3428 3774 si
3478 3720 3592 3774 haec
3615 3721 3730 3790 ipsa

2154 3825 2279 3880 quae
2305 3819 2564 3880 operatur
2597 3809 2760 3876 mala,
2821 3825 2884 3864 ex
2918 3809 3111 3864 aﬂ'ectu
3142 3818 3197 3864 et
3240 3810 3424 3865 studio
3453 3819 3728 3880 operetur,

2153 3917 2222 3955 an
2256 3901 2548 3970 fragilitate
2571 3900 2832 3971 quadam,
2886 3910 2962 3968 et,
3018 3911 3077 3954 ut
3128 3901 3216 3956 ille
3247 3903 3344 3967 sit,
3367 3902 3516 3971 quod
3573 3901 3733 3970 quasi

2155 4008 2265 4047 non
2295 3993 2411 4047 vult
2441 4008 2632 4062 agens,
2667 4001 2718 4047 et
2756 4007 2880 4062 quae
2907 3992 3023 4047 odit
3075 3991 3284 4048 faciens
3313 3995 3378 4059 “,
3432 4001 3487 4047 et
3536 4005 3734 4046 rursus

2153 4098 2219 4138 ea
2252 4099 2372 4152 quae
2399 4083 2539 4138 bona
2577 4091 2706 4137 sunt
2752 4082 3039 4138 aﬂ‘ectibus
3069 4093 3123 4138 et
3158 4093 3308 4138 recto
3334 4082 3613 4154 proposito
3640 4096 3731 4151 ge-

2156 4190 2279 4230 rere
2312 4175 2576 4230 videatur.
2627 4173 2788 4229 Verbi
2849 4178 3045 4247 gratia,
3105 4178 3151 4233 si
3187 4177 3525 4231 iracundiam
3583 4173 3726 4244 apud

2154 4269 2372 4338 aliquos
2392 4270 2610 4340 quidem
2641 4270 2879 4336 cohibet,
2929 4269 3072 4340 apud
3114 4269 3328 4339 aliquos
3350 4279 3530 4324 autem
3553 4267 3730 4333 eﬂ‘ert,

2155 4375 2222 4414 an
2250 4375 2465 4431 semper
2491 4377 2611 4416 eam
2664 4361 2905 4426 cohibet,
2936 4369 2990 4414 et
3046 4359 3190 4430 apud
3242 4361 3452 4415 nullum
3507 4359 3732 4415 omnino

470 4447 838 4518 temetipsam,
868 4450 1151 4505 ostendam
1205 4451 1302 4506 tibi
1347 4453 1512 4507 etiam
1539 4469 1661 4523 qua:
1703 4465 1832 4511 sunt
1867 4458 2054 4513 ultima
2086 4470 2130 4525 ι)
2158 4453 2382 4524 profert.
2417 4455 2681 4511 Similiter
2705 4464 2760 4510 et
2783 4454 3087 4514 tristitiam,
3121 4453 3166 4507 si
3192 4453 3246 4506 in
3296 4452 3572 4522 aliquibus
3606 4451 3732 4520 qui-

469 4539 636 4604 mala,
678 4547 739 4593 ut
771 4555 836 4594 ex
869 4548 1101 4610 utroque
1133 4541 1406 4610 proﬁcias,
1455 4552 1562 4598 tam
1595 4545 1861 4601 malorum
1904 4556 2054 4603 metu

469 4645 634 4697 quam
665 4630 933 4686 bonorum
965 4633 1256 4688 desiderio.
1296 4632 1352 4688 Si
1382 4634 1526 4688 enim
1560 4637 1824 4692 nescieris
1859 4647 2054 4694 temet-

470 4719 668 4788 ipsam,
695 4728 750 4774 et
780 4722 834 4774 in
863 4722 1174 4792 ignorantia
1203 4723 1280 4778 tui
1299 4723 1524 4790 vixeris,
1550 4740 1649 4780 nec
1675 4727 1916 4784 scientia
1945 4738 2056 4784 stu-

469 4810 618 4866 dium
634 4811 894 4880 gesseris,
908 4812 1025 4866 sine
1040 4813 1206 4868 dubio
1226 4829 1325 4870 nec
1345 4815 1752 4870 tabernaculum
1776 4820 2054 4888 proprium

472 4899 720 4964 habebis,
741 4900 846 4971 57
875 4903 968 4956 sed
989 4913 1044 4958 et
1065 4919 1158 4972 per
1179 4908 1811 4974 pastornmtabernacula
1844 4910 2055 4965 discur-

472 5005 584 5053 res,
615 4999 669 5044 et
695 5008 841 5047 nunc
886 4994 942 5048 in
997 4995 1143 5050 illius
1193 4997 1558 5055 tabernaculis
1599 5001 1834 5069 pastoris
1864 5017 2053 5070 pasces

474 5080 687 5146 haedos,
725 5085 1026 5154 inquietum
1057 5089 1258 5143 animal
1291 5105 1356 5145 ac
1381 5106 1576 5161 vagum
1606 5101 1660 5146 et
1687 5095 1925 5163 peccatis
1955 5095 2050 5149 de-

475 5180 746 5241 putatum.
798 5175 925 5233 Haec
951 5188 1132 5234 autem
1192 5181 1434 5250 patieris,
1484 5185 1658 5238 donec
1713 5184 1878 5239 rebus
1917 5185 2051 5254 ipsis

474 5271 529 5314 et
555 5265 942 5333 experimentis
987 5269 1279 5342 intelligas,
1329 5281 1594 5342 quantum
1650 5275 1777 5329 mali
1808 5277 1881 5329 sit
1933 5276 2052 5329 ani-

477 5367 621 5408 mam
653 5357 863 5413 nescire
892 5361 1148 5430 seipsam,
1175 5379 1350 5433 neque
1375 5365 1836 5434 pulchritudinem
1867 5384 2047 5436 suam,

478 5459 575 5515 per
599 5464 764 5519 quam
796 5454 1056 5523 praecellit
1089 5466 1336 5523 caeteras,
1377 5473 1486 5512 non
1506 5458 1770 5530 virgines,
1802 5461 1896 5516 sed
1925 5478 2048 5516 mu-

2159 4546 2280 4599 dcm
2308 4546 2542 4615 negotiis
2569 4544 2768 4613 rejicit,
2804 4543 2859 4597 in
2892 4543 3166 4612 aliquibus
3205 4551 3383 4598 autem
3412 4543 3624 4613 recipit,
3659 4557 3731 4597 an

2157 4637 2212 4691 in
2247 4637 2505 4692 omnibus
2556 4636 2781 4691 omnino
2817 4650 2926 4690 non
2982 4634 3194 4705 recipit.
3251 4633 3324 4689 Ita
3368 4644 3424 4690 et
3455 4635 3729 4700 timorem,

2156 4730 2371 4799 aliaque
2403 4729 2656 4785 similiter
2676 4744 2798 4798 qua:
2821 4726 3114 4783 virtutibus
3160 4727 3412 4782 videntur
3445 4742 3567 4783 esse
3598 4742 3729 4783 con-

2156 4821 2342 4875 traria.
2370 4821 2563 4875 Adhuc
2587 4828 2642 4874 et
2676 4818 2805 4873 illud
2838 4833 2977 4888 opus
3010 4826 3094 4872 est
3119 4817 3316 4872 anima:
3345 4816 3733 4888 cognoscentis

2157 4929 2238 4979 se,
2273 4912 2319 4968 si
2349 4913 2532 4982 gloriae
2586 4911 2815 4966 multum
2862 4908 3056 4980 cupida
3093 4908 3186 4972 sit,
3244 4917 3339 4963 aut
3391 4923 3608 4978 parum,
3636 4915 3732 4962 aut

2159 5003 2385 5058 omnino
2425 5001 2578 5055 nihil.
2612 4998 2767 5067 Quod
2817 4999 2941 5053 inde
2973 4999 3199 5070 colligit,
3232 4999 3277 5053 si
3321 4998 3573 5054 laudibus
3597 4997 3733 5051 mul-

2156 5105 2294 5160 tum,
2318 5102 2415 5148 aut
2440 5093 2785 5149 mediocriter
2825 5093 3144 5156 delectetur,
3171 5100 3266 5145 aut
3309 5091 3537 5146 omnino
3558 5089 3729 5156 nihil;

2156 5196 2212 5242 et
2235 5188 2282 5243 si
2314 5188 2367 5241 in
2395 5186 2702 5257 opprobriis
2735 5186 2888 5249 satis,
2917 5192 3013 5239 aut
3037 5199 3254 5254 parum,
3283 5193 3377 5237 aut
3399 5182 3626 5237 omnino
3653 5181 3733 5235 ni-

2159 5278 2235 5332 hil
2261 5277 2634 5332 contristetur.
2664 5273 2769 5329 Scd
2798 5282 2851 5329 et
2877 5274 2928 5326 in
2955 5270 3156 5334 dando,
3181 5279 3235 5324 et
3279 5268 3600 5339 accipiendo
3638 5281 3732 5321 co-

2155 5367 2472 5438 gnoscentis
2498 5366 2692 5420 animae
2718 5365 3068 5434 semetipsam
3117 5373 3245 5418 sunt
3291 5361 3539 5430 quaedam
3589 5358 3730 5412 incli-

2158 5459 2262 5520 cia,
2310 5457 2355 5511 si
2383 5455 2526 5525 quod
2569 5455 2758 5510 tribuit
2798 5462 2852 5509 ct
2900 5453 3131 5524 praebuit
3174 5451 3244 5506 ita
3284 5447 3724 5508 communiCabili

550 5727 596 5762 ³³
633 5727 651 5785 Ι
684 5728 811 5785 Cor.
844 5747 902 5799 ιι,
932 5732 983 5800 7,
1016 5734 1069 5788 8.
1147 5733 1192 5764 ’⁸
1219 5732 1348 5786 ibid.
1385 5731 1467 5787 1‘2.
1545 5737 1590 5766 ⁸³
1621 5733 1663 5788 ll
1692 5736 1815 5792 Cor.
1847 5752 1928 5803 in,
1971 5737 2056 5794 l8.

2159 5739 2176 5770 ⁸
2206 5736 2359 5794 Rom.
2389 5749 2486 5796 vn,
2523 5732 2608 5788 15.
