4134 6422
389 353 495 412 125

1710 341 1914 400 LIBER
1953 343 2338 404 SECUNDUS.

3553 354 3657 411 126

391 470 610 536 atl‘ectu,
637 474 692 524 et
715 467 874 538 quasi
903 466 994 522 cui
1047 463 1358 536 aequitatem
1390 462 1577 518 haberi
1624 465 1766 520 inter
1793 465 1971 519 homi-
2000 467 2046 524 Α
2077 468 2266 523 hcedos
2317 468 2372 521 in
2426 467 2794 524 tabernaculis
2852 477 3137 538 pastorum
3183 470 3486 527 alienorum
3519 488 3548 526 a
3577 489 3660 528 se.

391 575 489 615 nes
511 560 754 629 placeat;
783 573 875 624 an,
902 566 962 612 ut
994 556 1085 611 ille
1113 555 1209 620 sit,
1237 569 1305 610 ex
1350 551 1598 621 tristitia,
1626 563 1720 609 aut
1763 569 1830 609 ex
1879 571 1975 610 nc-

392 653 650 708 cessitate
677 652 746 717 ",
795 651 884 706 vel
930 658 1079 705 certe
1121 648 1352 720 gratiam
1381 648 1498 704 sive
1543 648 1612 702 ab
1655 648 1974 718 accipienti-

391 743 518 807 bus,
554 744 670 799 sive
698 743 767 797 ab
789 741 1142 796 audientibus
1179 755 1455 811 quaerens.
1504 739 1609 794 Sed
1636 747 1693 794 et
1726 739 1778 793 in
1827 740 1974 794 acci-

390 835 588 905 piendo
618 835 799 889 anima
828 850 951 903 quae
997 834 1282 904 cognoscit
1334 833 1684 903 semetipsam
1712 834 1975 887 observa-

389 928 489 992 bit,
518 936 704 982 utrum
734 926 1109 981 indill'erenter
1160 925 1363 979 habeat
1401 940 1465 979 ea
1489 940 1612 995 quae
1637 923 1855 994 accipit,
1903 939 1972 977 an

389 1020 535 1075 Velut
562 1035 727 1090 super
749 1021 934 1088 aliquo
958 1017 1106 1072 bono
1134 1017 1386 1088 gaudeat.
1437 1015 1541 1071 Sed
1589 1025 1644 1071 et
1696 1015 1974 1070 intellectu

389 1109 644 1181 pensabit
691 1108 1042 1178 scmetipsam
1111 1107 1425 1176 hujusmodi
1484 1106 1707 1171 anima,
1771 1113 1835 1160 ut
1884 1119 1976 1160 co-

389 1214 622 1274 gnoscat
647 1219 717 1257 an
746 1201 905 1257 facile
929 1208 1276 1258 commoveat
1303 1199 1684 1269 cujuscunque
1708 1195 1978 1252 verisimi-

388 1295 643 1351 litudinis
671 1294 902 1360 auditio,
930 1301 986 1349 et
1017 1292 1355 1362 subripiatur
1379 1289 1493 1363 (49)
1517 1292 1568 1346 ei
1594 1301 1714 1345 arte
1738 1290 1824 1345 vel
1847 1303 1978 1344 sua-

392 1393 579 1454 vitate,
594 1389 678 1442 vel
698 1387 992 1443 calliditate
1010 1399 1347 1452 sermonum,
1368 1399 1436 1438 an
1461 1399 1588 1439 raro
1609 1383 1733 1448 hoc,
1752 1397 1819 1437 an
1843 1397 1978 1436 nun-

394 1496 560 1552 quam
585 1479 811 1535 omnino
834 1477 1091 1549 patiatur.
1141 1477 1248 1533 Sed
1299 1476 1571 1532 suﬂiciant
1619 1475 1738 1532 haec
1767 1476 1822 1530 in
1869 1477 1976 1532 hoc

391 1571 687 1642 agnitionis
714 1583 910 1641 genere
934 1583 964 1624 a
988 1567 1146 1624 nobis
1171 1568 1336 1623 dicta.
1389 1566 1656 1624 Possibile
1699 1575 1786 1623 est
1825 1567 1972 1624 enim

387 1664 593 1720 volenti
617 1663 815 1718 horum
843 1656 1264 1718 similitudinem
1311 1669 1366 1715 et
1414 1660 1521 1714 alia
1552 1659 1840 1715 innumera
1869 1659 1979 1716 col-

389 1755 579 1826 ligere,
606 1754 808 1825 quibus
853 1765 1186 1821 cognoscere
1229 1750 1580 1818 semetipsam
1617 1749 1801 1804 anima
1844 1765 1972 1819 pro-

385 1817 573 1912 betur,
595 1817 651 1900 et
676 1817 1138 1914 pulchritudinem
1162 1855 1319 1895 suam
1349 1817 1514 1910 quam
1559 1838 1627 1894 ad
1677 1817 1968 1910 imaginem
2004 1817 2046 1875 Β

389 1937 483 1993 Dei
513 1938 568 1992 in
595 1937 914 1992 conditione
938 1934 1201 2002 suscepit,
1239 1934 1286 1988 si
1310 1948 1566 2004 reparare
1591 1949 1656 1989 ac
1681 1934 1972 1990 restituere

387 2029 649 2098 potuerit,
679 2026 1058 2097 contemplari.
1095 2025 1212 2082 Hoc
1258 2027 1425 2097 igitur
1451 2037 1536 2082 est
1557 2027 1702 2097 quod
1729 2042 1971 2097 praesens

390 2137 574 2177 sermo
598 2121 701 2175 sub
748 2119 930 2190 specie
953 2118 1204 2175 mulieris
1227 2119 1469 2175 animam
1513 2121 1692 2188 docet,
1720 2128 1781 2176 ut
1803 2135 1974 2191 agno-

388 2222 508 2267 scat
551 2211 923 2282 semetipsam,
975 2220 1031 2266 et
1086 2211 1164 2266 ait
1210 2211 1380 2267 :Nisi
1415 2210 1740 2283 ’cognoveris
1787 2220 1964 2267 temet-

388 2303 597 2372 ipsam;
642 2303 747 2358 hoc
793 2313 878 2358 est
926 2302 1033 2358 nisi
1073 2319 1172 2374 per
1193 2303 1406 2375 singula
1434 2319 1557 2374 quae
1578 2320 1743 2374 supra
1771 2320 1974 2360 memo-

387 2397 630 2451 ravimus
656 2396 879 2451 duxeris
903 2411 1098 2452 sensus
1129 2406 1252 2450 tuos
1273 2437 1289 2463 ,
1335 2403 1390 2450 et
1432 2396 1816 2451 discretionem
1864 2397 1972 2453 sin-

389 2487 644 2556 gulorum
669 2485 936 2550 tenueris,
966 2500 1087 2555 quae
1115 2486 1322 2554 agenda
1367 2485 1500 2549 sint,
1551 2501 1673 2554 quae
1703 2487 1968 2553 cavenda,

386 2575 519 2644 quid
541 2575 680 2630 desit
701 2574 820 2640 tibi,
844 2582 898 2628 et
924 2573 1055 2644 quid
1082 2573 1345 2637 abundet,
1387 2573 1518 2642 quid
1567 2575 1969 2630 emendandum

389 2667 482 2731 sit,
510 2668 708 2736 quidve
731 2665 1064 2721 servandum
1094 2683 1110 2719 :
1157 2665 1253 2719 sed
1303 2665 1350 2720 si
1389 2665 1632 2720 volueris
1657 2665 1973 2722 indifferen-

297 2760 303 2771 ‘
395 2770 478 2812 ter
503 2773 664 2828 agere
682 2758 826 2811 inter
849 2766 1075 2811 caeteras
1104 2754 1318 2810 animas
1363 2755 1674 2811 communis
1722 2757 1846 2811 vitae
1871 2757 1972 2812 ho-

392 2849 626 2915 minum,
652 2863 790 2917 quas
839 2847 930 2904 hic
977 2847 1238 2902 mulieres
1270 2846 1526 2917 appellat,
1554 2846 1696 2901 inter
1718 2863 1858 2917 quas
1913 2857 1970 2904 tu

389 2939 619 3010 pulchra
646 2954 725 3004 es,
752 2947 940 3008 utpote
969 2953 1090 3009 quae
1116 2937 1232 3008 jam
1254 2937 1443 2993 oscula
1472 2938 1620 2992 verbi
1649 2938 1745 2993 Dei
1774 2953 1967 2995 susce-

388 3030 558 3101 peris,
582 3038 634 3084 et
680 3030 918 3085 cubiculi
964 3029 1084 3100 ejus
1129 3045 1326 3085 arcana
1375 3029 1751 3100 perspexeris;
1783 3031 1849 3096 si,
1894 3030 1974 3084 in-

2082 555 2377 612 \'ideamus
2416 573 2548 629 ergo
2600 568 2655 614 et
2710 559 3037 627 incipiamus
3093 576 3194 632 pro
3238 562 3450 618 viribus
3495 563 3658 617 etiam

2080 651 2245 718 hujus
2272 653 2442 721 partis
2469 653 2804 722 agnitionem
2829 653 3122 709 discutere.

2154 743 2292 797 Dicit
2321 757 2412 811 per
2467 743 2786 813 prophetam
2834 758 3013 798 sermo
3059 744 3312 798 divinus:
3346 743 3660 800 Illuminate

2078 832 2220 886 vobis
2262 833 2436 886 lumen
2466 832 2722 887 scientiar.
2773 831 2876 886 Sed
2917 833 3056 887 etin
3102 834 3261 902 donis
3300 834 3659 903 spiritalibus,

2078 940 2247 980 unum
2277 923 2497 993 quidem
2524 923 2730 978 donum
2755 924 3052 979 maximum
3085 935 3190 991 est,
3236 926 3378 996 quod
3407 941 3500 995 per
3537 927 3661 996 Spi-

2075 1015 2242 1069 ritum
2278 1023 2527 1069 sanctum
2553 1013 2915 1081 ministratur,
2946 1031 3124 1070 sermo
3165 1017 3440 1084 scientiae;
3503 1017 3662 1086 cujus

2077 1107 2324 1162 scientiae
2354 1121 2494 1176 opus
2523 1107 2657 1161 illud
2697 1107 2996 1177 principale
3019 1117 3120 1174 est,
3151 1110 3296 1179 quod
3335 1109 3386 1162 in
3417 1109 3663 1179 Evange-

2076 1198 2151 1254 lio
2204 1198 2504 1253 secundum
2547 1197 2859 1254 Matthaeum
2902 1200 3118 1268 quidem
3176 1201 3248 1255 ita
3287 1202 3452 1257 dicit:
3491 1201 3662 1256 Nemo

2075 1295 2218 1349 novit
2263 1291 2468 1348 Filium
2519 1293 2624 1348 nisi
2678 1292 2861 1359 Pater,
2901 1309 3064 1364 neque
3119 1293 3332 1347 Patrem
3358 1296 3475 1364 quis
3520 1295 3663 1348 novit

2076 1389 2180 1442 nisi
2205 1387 2400 1452 Filius,
2432 1394 2482 1442 et
2507 1387 2590 1440 cui
2619 1385 2838 1440 voluerit
2869 1383 3045 1438 Filius
3077 1385 3306 1439 revelare
3333 1386 3400 1440 ’⁸.
3431 1384 3486 1439 In
3512 1385 3660 1440 Luca

2076 1489 2258 1534 autem
2284 1480 2358 1534 ita
2392 1479 2468 1534 ait
2493 1498 2507 1533 :
2537 1478 2706 1533 Nemo
2740 1480 2838 1532 scit
2867 1479 2994 1548 quid
3016 1479 3086 1532 sit
3120 1477 3296 1534 Filius
3322 1481 3426 1534 nisi
3455 1480 3661 1544 Pater;

2076 1583 2124 1627 et
2151 1588 2299 1625 nemo
2332 1573 2428 1625 scit
2451 1572 2578 1641 quid
2616 1573 2685 1624 sit
2722 1570 2884 1625 Pater
2927 1571 3031 1625 nisi
3060 1569 3259 1635 Filius,
3282 1581 3333 1625 et
3362 1573 3448 1625 cui
3482 1573 3665 1627 volue-

2078 1666 2148 1719 rit
2185 1663 2362 1718 Filius
2399 1663 2626 1717 revelare
2653 1665 2719 1716 ”.
2765 1662 3074 1718 Secundum
3107 1661 3372 1718 Joannem
3398 1679 3528 1718 vero
3585 1663 3660 1720 ita

2079 1759 2341 1827 scriptum
2373 1764 2491 1810 est:
2526 1754 2676 1810 Sicut
2697 1757 2932 1826 agnoscit
2962 1773 3042 1810 me
3075 1755 3256 1822 Pater,
3287 1765 3337 1809 et
3370 1773 3462 1826 ego
3498 1771 3664 1826 agno—

2074 1866 2162 1905 sco
2185 1848 2405 1902 Patrem
2439 1847 2505 1901 3°.
2532 1846 2588 1901 In
2625 1847 3042 1916 quadragesimo
3075 1862 3206 1901 vero
3230 1847 3423 1916 quinto
3449 1848 3661 1916 psalmo

2073 1942 2249 1996 dicit:
2311 1939 2540 2006 Vacate,
2601 1949 2650 1994 et
2707 1942 3026 2009 cognoscite,
3080 1941 3330 2010 quoniam
3384 1956 3476 2009 ego
3541 1956 3661 1993 sum

2078 2030 2217 2084 Deus
2242 2030 2308 2086 ³⁸.
2341 2029 2507 2100 Igitur
2561 2029 2864 2101 principale
2896 2044 3098 2084 munus
3147 2029 3390 2084 scientiae
3443 2037 3527 2084 est
3559 2044 3660 2082 eo»

2022 2157 2026 2160 -
2073 2136 2338 2192 gnoscere
2369 2121 2730 2187 Trinitatem;
2765 2120 3007 2176 secundo
3044 2134 3175 2174 vero
3217 2118 3270 2172 in
3303 2119 3424 2173 loco
3455 2133 3662 2188 cogno-

2073 2228 2228 2268 scere
2256 2223 2565 2268 creaturam
2598 2213 2740 2281 ejus,
2778 2211 3080 2267 secundum
3115 2225 3241 2265 eum
3277 2210 3370 2281 qui
3397 2209 3612 2265 dicebat
3641 2229 3656 2267 :

2074 2303 2197 2374 Ipse
2228 2305 2365 2359 enim
2401 2305 2533 2359 mihi
2564 2305 2709 2358 dedit
2737 2305 2924 2357 horum
2953 2318 3070 2373 qua:
3108 2309 3230 2355 sunt
3265 2301 3539 2356 scientiam
3568 2317 3656 2355 ve.-

2074 2413 2212 2462 ram,
2243 2398 2597 2460 substantiam
2647 2395 2854 2458 mundi,
2885 2402 2935 2448 et
2967 2395 3216 2448 virtutem
3259 2393 3656 2458 elementorum,

2073 2490 2310 2555 initium,
2332 2498 2382 2542 et
2417 2489 2596 2558 ﬁnem,
2627 2495 2675 2538 et
2708 2485 3039 2539 medietatem
3063 2493 3354 2553 temporum
3396 2483 3464 2548 ³’,
3487 2493 3540 2536 et
3573 2499 3660 2536 re-

2074 2580 2241 2650 liqua.
2268 2579 2412 2635 inter
2439 2580 2555 2632 haec
2577 2592 2707 2647 ergo
2743 2576 2940 2630 animae
2959 2576 3063 2630 erit
3093 2577 3340 2645 quaedam
3378 2576 3541 2629 etiam
3573 2575 3660 2629 sui

2075 2671 2305 2744 agnitio,
2335 2684 2432 2740 per
2457 2684 2624 2740 quam
2649 2668 2788 2723 scire
2823 2665 2985 2722 debet
3010 2682 3130 2740 quae
3160 2667 3230 2722 sit
3263 2665 3381 2736 ejus
3403 2665 3661 2720 substan-

2074 2761 2172 2829 tia,
2203 2767 2386 2814 utrum
2411 2773 2696 2827 corporea,
2724 2759 2806 2812 vel
2835 2758 3181 2826 incorporea,
3216 2768 3270 2810 et
3299 2763 3486 2809 utrum
3521 2753 3660 2808 sim-

2072 2850 2221 2920 plex,
2255 2849 2340 2904 vel
2361 2863 2430 2903 ex
2454 2847 2692 2911 duobus,
2719 2856 2813 2900 aut
2840 2846 3039 2911 tribus,
3067 2860 3136 2898 an
3161 2858 3292 2898 vero
3319 2859 3383 2898 ex
3410 2843 3661 2912 pluribus

2074 2941 2405 3011 composita.
2461 2938 2569 2995 Sed
2621 2947 2676 2994 et
2719 2937 2878 3006 juxta
2930 2937 3292 3007 quorumdam
3329 2936 3660 3006 quaestiones

2075 3040 2265 3087 utrum
2306 3031 2471 3097 facta,
2503 3045 2570 3084 an
2600 3030 2828 3085 omnino
2858 3045 2888 3084 a
2944 3030 3095 3084 nullo
3122 3028 3300 3096 facta;
3336 3037 3391 3085 et
3437 3029 3482 3083 si
3517 3028 3658 3083 facta

387 3136 578 3191 quam,
609 3136 718 3176 non
744 3130 795 3177 te
818 3121 1166 3192 cognoveris,
1213 3121 1308 3177 sed
1336 3121 1710 3177 indifferenter
1735 3131 1795 3176 ut
1821 3138 1973 3178 com-
1997 3162 2042 3220 ε
2076 3124 2168 3190 sit,
2210 3122 2490 3194 quomodo
2519 3122 2589 3177 sit
2618 3121 2795 3188 facta;
2827 3131 3034 3190 utrum,
3063 3130 3122 3176 ut
3162 3130 3356 3192 putant
3384 3121 3577 3190 aliqui,
3603 3122 3658 3174 in

389 3225 558 3266 mune
592 3212 786 3282 vulgus
813 3225 974 3280 agere
1011 3211 1266 3276 volueris,
1314 3212 1402 3266 exi
1452 3212 1506 3266 in
1559 3212 1804 3282 vestigiis
1849 3228 1972 3284 gre-

348 3330 350 3332 ·
387 3320 544 3376 gum,
569 3305 624 3360 id
654 3314 737 3360 est
767 3317 887 3360 esto
914 3305 968 3360 in
995 3306 1207 3376 reliquo
1233 3321 1428 3376 grege;
1455 3305 1501 3362 si
1529 3304 1663 3360 nihil
1689 3307 1970 3378 egregium

387 3405 513 3466 post
559 3397 676 3452 haec
706 3397 894 3451 omnia
919 3413 1041 3467 qua:
1065 3398 1118 3452 in
1147 3407 1200 3452 te
1229 3397 1427 3453 collata
1468 3409 1597 3452 sunt
1628 3399 1765 3468 agis,
1793 3414 1970 3469 neque

387 3488 730 3558 temetipsam
788 3501 1130 3558 cognoscens
1186 3499 1219 3542 a
1269 3487 1692 3544 conversatione
1763 3490 1969 3561 gregali

388 3579 845 3648 sequestraveris.
874 3578 940 3633 Et
967 3578 1076 3634 eris
1103 3592 1215 3633 non
1268 3579 1444 3634 solum
1474 3580 1527 3634 in
1578 3594 1762 3649 grege,
1788 3581 1882 3635 sed
1912 3579 1968 3635 in

391 3669 637 3740 vestigiis
661 3683 907 3740 gregum.
929 3667 1166 3726 Ultimus
1206 3671 1352 3726 enim
1403 3673 1494 3726 ﬁet
1531 3681 1586 3726 et
1610 3672 1966 3738 novissimus,

387 3761 482 3830 qui
511 3762 780 3830 primatus
807 3777 937 3818 suos
963 3775 1074 3818 non
1118 3761 1464 3818 intellexerit.
1515 3761 1583 3816 Et
1626 3763 1698 3817 ob
1725 3762 1830 3818 hoc
1876 3763 1969 3817 ubi

386 3853 670 3907 scientiam
700 3853 1020 3924 neglexerit,
1066 3869 1295 3910 necesse
1319 3863 1405 3910 est
1453 3863 1515 3910 ut
1539 3853 1965 3909 circumferatur

387 3945 535 3999 omni
563 3954 723 4001 vento
750 3945 1016 4000 doctrinae
1061 3945 1132 4000 ad
1158 3945 1538 4015 deceptionem
1565 3933 1848 4012 errorum,
1891 3945 1968 4001 ita

387 4045 449 4090 ut
472 4036 637 4092 modo
663 4037 885 4107 quidem
910 4037 1052 4108 apud
1075 4038 1227 4092 illum
1250 4045 1555 4108 pastorem,
1580 4036 1634 4092 id
1668 4045 1752 4093 est
1779 4038 1970 4094 docto-

388 4137 503 4178 rem
535 4123 684 4179 verbi
730 4123 1143 4179 tabernaculum
1191 4133 1378 4194 ponat,
1435 4140 1584 4182 nunc
1631 4141 1765 4182 vero
1824 4128 1969 4198 apud

386 4211 593 4280 alium;
621 4220 676 4268 et
707 4212 789 4268 sic
831 4213 1036 4283 ubique
1089 4213 1541 4284 circumieratur,
1590 4233 1824 4288 pascens
1859 4235 1967 4274 non

385 4319 517 4360 oves
543 4305 689 4376 quod
711 4313 797 4360 est
821 4305 1026 4360 animal
1053 4307 1304 4377 simplex,
1335 4309 1432 4364 sed
1473 4309 1689 4378 haedos,
1734 4311 1968 4370 lascivos

382 4405 440 4450 et
466 4398 741 4468 inquietos
770 4414 990 4464 sensus,
1019 4399 1130 4469 58
1159 4409 1325 4469 atque
1366 4400 1432 4456 ad
1482 4411 1768 4472 peccatum
1797 4405 1968 4474 depu-

2075 3215 2285 3271 semine
2315 3214 2583 3284 corporali
2605 3213 2771 3269 etiam
2804 3213 2978 3283 ipsius
3001 3212 3306 3268 substantia
3329 3211 3658 3277 continetur,

2073 3318 2129 3366 et
2157 3308 2311 3379 origo
2332 3307 2452 3378 ejus
2475 3307 2678 3377 pariter
2701 3322 2824 3361 cum
2858 3306 3069 3376 origine
3117 3305 3370 3375 corporis
3417 3304 3660 3359 traduci-

2073 3411 2194 3470 tur;
2221 3418 2288 3457 an
2319 3400 2558 3472 perfecta
2603 3398 2948 3455 extrinsecus
2976 3399 3222 3466 veniens,
3259 3407 3450 3468 parato
3469 3397 3579 3466 jam
3607 3405 3662 3451 et

2071 3493 2312 3548 formato
2341 3493 2484 3548 inter
2514 3493 2723 3550 viscera
2776 3493 3066 3548 muliebria
3118 3506 3351 3562 corpore
3385 3490 3653 3554 induitur,

2071 3583 2139 3639 Et
2170 3585 2214 3640 si
2273 3583 2346 3639 ita
2403 3585 2494 3648 sit,
2527 3590 2712 3640 utram
2750 3599 2924 3656 nuper
2974 3593 3159 3639 creata
3205 3559 3408 3647 veniat,
3443 3590 3498 3636 et
3530 3559 3674 3636 tun?

2071 3674 2309 3743 primum
2343 3673 2483 3727 facta
2515 3690 2639 3729 cum
2689 3690 2890 3745 corpus
2921 3673 3136 3728 videtur
3186 3689 3308 3730 esse
3339 3672 3656 3736 formatum,

2073 3774 2133 3816 ut
2155 3778 2323 3818 causa
2355 3763 2582 3818 facturae
2625 3765 2746 3832 ejus
2771 3763 3051 3817 animandi
3081 3763 3327 3832 corporis
3355 3763 3658 3817 necessitas

2070 3852 2352 3908 exstitisse
2376 3853 2666 3918 credatur;
2728 3868 2795 3906 an
2832 3852 2984 3923 prius
3017 3862 3071 3907 et
3098 3853 3230 3908 olim
3261 3851 3428 3916 facta,
3461 3853 3532 3907 ob
3555 3852 3659 3906 ali-

2070 3958 2235 4014 quam
2265 3959 2490 4000 causam
2519 3945 2588 4000 ad
2642 3959 2842 4016 corpus
2888 3944 3214 4000 sumendum
3257 3941 3444 3998 venire
3472 3943 3662 3997 existi-

2071 4047 2279 4102 metur;
2308 4045 2362 4094 et
2385 4039 2429 4093 si
2452 4055 2518 4093 ex
2551 4054 2721 4094 causa
2752 4039 2937 4109 aliqua
2961 4039 3017 4093 in
3046 4039 3153 4094 hoc
3173 4037 3370 4093 deduci
3391 4035 3655 4101 creditur,

2070 4143 2194 4199 quae
2225 4129 2317 4184 illa
2343 4129 2414 4184 sit
2437 4144 2606 4185 causa
2631 4140 2693 4185 ut
2741 4131 2966 4202 agnosci
3004 4129 3198 4201 possit,
3251 4128 3496 4185 scientiae
3519 4143 3658 4197 Opus

2070 4231 2174 4278 cst.
2209 4221 2315 4277 Sed
2363 4231 2417 4277 et
2457 4221 2589 4278 illud
2621 4224 2941 4293 requiritur,
2990 4233 3173 4278 utrum
3228 4223 3397 4278 semel
3442 4229 3654 4275 tantum

2071 4329 2300 4384 corpore
2327 4312 2607 4377 induatur,
2641 4321 2695 4368 et
2717 4313 2768 4369 id
2803 4314 3151 4384 postmodum
3177 4312 3480 4382 depositum
3515 4312 3655 4366 ultra

2073 4420 2182 4458 non
2225 4413 2456 4473 quaerat,
2490 4419 2557 4458 an
2582 4418 2706 4458 cum
2754 4405 2922 4459 semel
2974 4411 3288 4473 susceptum
3322 4403 3655 4472 deposuerit,

385 4496 529 4544 tates
557 4489 790 4545 diversis
833 4489 1154 4546 doctoribus
1203 4493 1461 4548 excolens
1502 4494 1571 4549 ad
1629 4495 1733 4550 hoc
1783 4495 1964 4566 ipsum
1997 4505 2042 4561 ι)
2074 4493 2271 4548 iterum
2319 4503 2603 4560 assumat;
2661 4501 2716 4550 et
2767 4494 2813 4550 si
2859 4494 3102 4550 secundo
3137 4500 3414 4562 sumptum
3445 4506 3659 4561 semper

383 4581 664 4651 quaesitis:
702 4591 756 4638 et
785 4581 902 4638 haec
927 4583 1031 4638 erit
1058 4597 1218 4653 poena
1242 4585 1416 4657 culpae
1445 4587 1596 4644 illius
1621 4589 1820 4644 animae
1845 4605 1967 4660 quae

388 4670 623 4740 seipsam
665 4687 774 4727 non
821 4672 1089 4728 studuerit
1135 4688 1453 4745 agnoscere,
1480 4687 1534 4732 et
1577 4678 1731 4733 illum
1784 4680 1963 4735 solum

384 4761 538 4829 sequi
568 4771 841 4828 pastorem
870 4761 963 4831 qui
994 4760 1234 4814 animam
1254 4777 1410 4817 suam
1437 4765 1621 4832 posuit
1647 4780 1746 4834 pro
1769 4765 1965 4821 ovibus

383 4853 519 4907 suis.
556 4851 684 4908 Haec
713 4864 797 4909 est
841 4871 951 4911 una
1000 4859 1210 4928 species
1257 4873 1364 4930 qua
1418 4857 1718 4926 intelligere
1771 4866 1964 4912 semet-

387 4943 564 5012 ipsam
615 4950 800 5000 anima
853 4947 906 5001 in
948 4949 1232 5006 all‘ectibus
1264 4959 1319 5006 et
1367 4949 1579 5005 actibus
1606 4949 1723 5003 suis
1745 4948 1961 5004 debeat.

384 5031 479 5089 Illa
511 5051 642 5091 vero
673 5038 779 5093 alia
815 5055 943 5110 pars
969 5042 1290 5111 profundior
1337 5050 1420 5098 est
1453 5051 1507 5096 et
1530 5039 1820 5102 difﬁcilior,
1853 5056 1963 5110 qua

377 5123 604 5194 juhetur
636 5129 821 5185 anima
859 5147 982 5200 qua:
1012 5143 1193 5190 tamen
1247 5135 1359 5205 jam
1391 5133 1445 5188 in
1499 5133 1822 5188 mulieribus
1843 5134 1965 5202 pul-

379 5218 514 5272 chra
542 5228 645 5288 est,
676 5237 974 5292 agnoscere
1002 5227 1374 5297 semetipsam.
1418 5225 1574 5293 Quod
1622 5226 1668 5282 si
1714 5226 1963 5281 obtinere

382 5312 637 5377 potuerit,
667 5322 849 5382 speret
883 5315 987 5370 sibi
1038 5316 1180 5372 bona
1214 5319 1437 5382 omnia;
1489 5317 1534 5371 si
1588 5316 1791 5380 minus,
1825 5316 1963 5371 sciat

380 5403 690 5457 exeundum
724 5405 828 5461 sibi
851 5415 974 5477 post
1007 5409 1235 5479 vestigia
1259 5423 1510 5480 gregum,
1543 5418 1598 5464 et
1625 5393 1958 5478 pascendum

2074 4583 2293 4650 habeat,
2317 4600 2387 4640 an
2412 4585 2708 4656 aliquando
2746 4585 2944 4641 iterum
2978 4585 3219 4655 abjiciat.
3274 4583 3340 4638 Et
3385 4584 3656 4653 siquidem

2073 4675 2375 4729 secundum
2409 4677 2793 4732 auctoritatem
2821 4675 3230 4746 Scripturarum
3255 4675 3660 4730 consummatio

2072 4764 2358 4820 immineat
2385 4768 2596 4834 mundi,
2621 4776 2675 4822 et
2697 4766 3069 4838 corruptibilis
3090 4774 3264 4820 status
3290 4765 3377 4819 hic
3395 4765 3448 4818 in
3479 4764 3661 4818 incorc-

2072 4858 2383 4927 ruptibilem
2415 4861 2737 4926 mutabitur,
2781 4860 3098 4931 ambiguum
3130 4874 3238 4913 non
3272 4858 3442 4913 videri
3505 4857 3652 4926 quod

2071 4947 2128 5003 in
2184 4951 2469 5020 praesentis
2525 4952 2648 5007 vitae
2695 4961 2897 5008 statum
2957 4951 3205 5006 secundo
3267 4959 3360 5005 aut
3415 4950 3572 5004 tertio
3604 4950 3659 5005 in

2071 5053 2274 5108 corpus
2304 5040 2494 5095 venire
2519 5040 2712 5110 possit.
2746 5037 2882 5093 Nam
2931 5039 2976 5094 si
3009 5038 3273 5108 recipitur
3298 5036 3419 5102 hoc,
3465 5044 3658 5089 neces-

2071 5131 2220 5186 sario
2251 5132 2502 5202 sequitur
2530 5142 2590 5186 ut
2615 5131 2929 5203 hujusmodi
2987 5127 3432 5185 successionibus
3457 5139 3656 5180 conse~

2073 5225 2370 5293 quentibus
2394 5227 2554 5280 linem
2585 5227 2797 5281 nesciat
2841 5224 3103 5280 mundus.
3140 5222 3206 5278 Et
3227 5222 3407 5276 adhuc
3427 5217 3658 5289 agnitio-

2071 5330 2196 5371 nem
2224 5317 2310 5372 sui
2356 5318 2540 5372 anima
2572 5317 2834 5387 requirat,
2872 5315 2916 5370 si
2975 5321 3059 5369 est.
3113 5312 3310 5381 aliquis
3358 5310 3510 5371 ordo,
3561 5315 3657 5361 aut

2072 5417 2204 5464 sunt
2256 5409 2424 5479 aliqui
2470 5409 2697 5479 spiritus
2728 5407 2975 5479 ejusdem
3007 5405 3326 5462 substantia:
3357 5415 3481 5456 cum
3513 5400 3654 5471 ipsa,

453 5557 498 5589 ³⁷
527 5556 572 5612 ll
601 5560 728 5616 Cor.
784 5578 862 5632 Ix,
894 5564 948 5622 7.
1026 5568 1286 5625 “Matth.
1317 5585 1395 5638 att,
1434 5568 1523 5624 27.
1601 5571 1645 5602 '9
1678 5568 1811 5626 Luc.
1840 5589 1892 5637 χ,
1937 5573 2030 5628 22.
2106 5571 2326 5628 “Joan.
2356 5588 2409 5638 ι,
2440 5573 2524 5628 l5.
2601 5573 2644 5605 ³⁸
2677 5572 2822 5626 Psal.
2857 5587 2978 5635 va,
3023 5569 3109 5623 ll.
3186 5568 3231 5598 "
3265 5567 3393 5637 Sap.
3425 5581 3526 5633 vn,
3560 5563 3650 5628 Π,

384 5761 393 5778 ξ
450 5695 959 5778 (λιθλιλίιξϋηειιιιρει
997 5701 1149 5770 editi,
1187 5719 1258 5757 an
1304 5701 1462 5773 facile
1506 5712 1773 5758 moveatur
1818 5705 2173 5778 cuiuscunque
2217 5704 2515 5762 verisimilis
2558 5705 2788 5776 judicio,
2838 5714 2887 5760 et
2928 5706 2975 5760 ei
3014 5703 3348 5775 subrepatur.
3406 5703 3534 5760 Mss.
3589 5714 3650 5762 ut

382 5777 436 5816 tn
463 5775 652 5822 nostro
686 5774 854 5823 textu.
