4134 6428
492 326 593 380 127

1560 321 1884 380 ORIGENiS
1924 320 1990 375 ΙΝ
2029 319 2387 379 CANTICUM
2424 321 2699 378 CANTIC.

3650 326 3754 382 1-28

492 445 586 498 alii
617 458 749 500 vero
778 461 889 501 non
919 447 1184 518 ejusdem,
1217 447 1310 502 sed
1343 446 1546 502 diversi
1594 447 1664 500 ab
1723 461 1808 512 ea,
1835 446 1886 500 id
1920 453 2005 500 cst
2030 447 2073 501 si
2105 451 2149 506 Α
2181 460 2303 499 mus
2327 445 2472 512 quod
2509 453 2760 500 naturam
2776 445 3247 518 substantiamque
3277 463 3431 504 suam
3456 463 3754 520 agnoscere

495 547 628 592 sunt
653 548 707 593 et
741 539 831 592 alii
859 541 1082 609 spiritus
1139 540 1495 594 rationabiles
1521 547 1580 593 ut
1610 539 1726 608 ipsa
1754 547 1860 602 est,
1895 549 1950 593 et
1977 540 2070 593 alii

494 641 747 684 carentes
782 631 1023 695 ratione;
1055 641 1107 684 et
1155 631 1202 684 si
1231 630 1420 684 eadem
1447 639 1533 684 est
1564 631 1736 700 ipsius
1757 647 1876 700 quze
1900 641 1952 686 et
1975 648 2072 684 an-

494 720 741 789 gelorum
768 720 1092 786 substantia,
1129 720 1387 788 quoniam
1419 721 1750 776 rationabile
1776 737 1807 775 a
1840 722 2075 775 rationa-

496 809 592 862 bili
646 825 988 878 nequaquam
1043 810 1259 865 diﬂ‘erre
1311 813 1573 866 creditur.
1619 814 1727 867 Aut
1753 814 1798 868 si
1833 827 1940 866 non
1991 823 2075 869 est

495 897 715 964 quidem
749 898 873 951 talis
906 913 1000 966 per
1022 897 1411 964 substantiam,
1437 902 1528 956 sed
1556 903 1658 956 erit
1689 903 1814 957 talis
1837 919 1932 972 per
1959 919 2075 973 gra-

494 988 647 1053 tiam,
699 988 744 1043 si
802 990 1100 1055 meruerit;
1152 1005 1333 1045 annon
1379 994 1552 1062 possit
1602 994 1828 1048 omnino
1879 995 2074 1050 similis

493 1075 627 1130 eﬂici
659 1077 884 1146 angelis,
915 1079 1020 1134 nisi
1045 1081 1149 1135 hoc
1181 1093 1386 1135 natura:
1409 1098 1521 1137 sum
1547 1085 1783 1152 qualitas
1806 1095 1898 1138 aut
1921 1085 2075 1139 simi-

493 1167 670 1221 litudo
719 1169 1005 1238 receperit.
1057 1168 1230 1225 Reddi
1259 1174 1403 1226 enim
1445 1188 1604 1242 posse
1629 1175 1900 1229 videbitur
1926 1174 2073 1244 quod

493 1257 760 1311 amissum
789 1268 894 1324 est,
929 1275 1038 1314 non
1072 1270 1250 1315 tamen
1276 1263 1510 1318 conferri
1560 1264 1612 1318 id
1647 1263 1796 1334 quod
1824 1280 1890 1318 ex
1918 1264 2074 1318 initio

496 1349 754 1403 conditor
806 1365 913 1404 non
969 1352 1196 1406 dederit.
1247 1353 1352 1408 Sed
1405 1363 1460 1409 et
1507 1356 1609 1410 hoc
1658 1356 1835 1411 adhuc
1884 1356 1949 1409 ad
1977 1371 2074 1411 co-

495 1441 865 1509 gnoscendam
928 1444 1272 1514 semetipsam
1334 1447 1514 1501 anima
1550 1448 1791 1517 requirat
1824 1449 1871 1502 si
1902 1449 2076 1503 virtus

497 1531 696 1586 animae
725 1533 844 1601 ejus
872 1535 1130 1590 accedere
1158 1545 1336 1605 potest
1363 1546 1413 1591 et
1436 1538 1716 1594 decedere.
1746 1540 1826 1592 An
1857 1549 1939 1594 est
1972 1540 2078 1594 im-

496 1623 802 1688 mutabilis,
845 1639 913 1678 an
948 1627 1215 1695 acquisita
1255 1629 1418 1682 semel
1456 1630 1594 1684 ultra
1643 1646 1750 1684 non
1780 1629 2076 1686 deﬂuit.Et

497 1712 629 1782 quid
661 1730 796 1784 opus
825 1725 906 1769 est
935 1718 1088 1786 plura
1113 1734 1562 1788 commemorare,
1614 1723 1813 1792 quibus
1841 1741 1907 1779 ex
1938 1741 2073 1780 cau-

2175 534 2388 599 debcat,
2406 543 2458 588 et
2486 544 2688 589 statum
2718 537 2800 590 vel
2841 538 2894 591 in
2925 552 3034 607 quo
3060 536 3224 592 fuerit
3245 580 3260 604 ,
3292 541 3374 594 vel
3410 541 3463 594 in
3487 556 3598 610 quo
3625 541 3751 605 erit,

2173 640 2337 694 grave
2369 625 2644 680 credetur.
2683 625 2814 692 Quae
2843 630 2987 683 enim
3025 631 3182 686 facile
3219 631 3344 686 talis
3385 633 3566 686 anima
3602 634 3752 689 inve-

2177 716 2379 782 nictur,
2425 717 2499 772 ita
2542 717 2803 788 perfecta,
2832 721 2903 774 ita
2940 733 3264 793 prapotens,
3291 726 3379 779 cui
3408 725 3602 778 borum
3632 740 3751 780 om-

2177 807 2332 860 nium
2372 809 2512 863 ratio
2547 819 2600 863 et
2632 810 2984 882 intelligentia
3021 816 3242 883 pateat?
3279 816 3358 870 Ad
3395 817 3494 871 hoc
3522 833 3751 886 respon-

2178 899 2450 965 debimus,
2493 901 2753 970 quoniam
2790 920 2974 960 sermo
3003 907 3098 977 qui
3123 907 3352 962 habetur
3386 908 3438 962 in
3476 909 3752 975 manibus,

2177 1006 2287 1044 non
2323 991 2388 1045 ad
2419 1006 2607 1047 omnes
2639 993 2854 1048 animas
2887 996 2970 1061 fit,
3023 1012 3199 1067 neque
3227 998 3294 1051 ad
3321 999 3752 1052 adulescentulas

2177 1081 2380 1150 quibus
2414 1082 2502 1138 bic
2524 1082 2765 1152 loquitur
2794 1101 3051 1155 sponsus,
3085 1104 3260 1158 neque
3287 1091 3351 1143 ad
3380 1100 3603 1144 caeteras
3631 1106 3752 1144 mu-

2178 1172 2362 1236 lieres,
2380 1190 2555 1244 neque
2577 1177 2642 1230 ad
2674 1178 2947 1249 octoginta
2978 1181 3333 1247 concubinas,
3357 1192 3450 1237 aut
3471 1183 3752 1253 sexaginta

2176 1263 2413 1332 reginas,
2459 1267 2551 1320 sed
2597 1268 2663 1322 ad
2716 1269 2891 1336 illam,
2927 1285 3050 1340 quae
3086 1272 3226 1327 inter
3253 1288 3447 1328 omnes
3489 1275 3752 1329 mulieres

2178 1353 2295 1407 sola
2334 1355 2560 1424 pulchra
2591 1358 2792 1413 dicitur
2833 1369 2889 1415 et
2934 1361 3196 1430 perfecta.
3232 1361 3387 1418 Unde
3429 1374 3655 1434 apparet
3682 1365 3753 1422 ad

2177 1443 2403 1501 dilectas
2431 1463 2677 1518 quasque
2707 1451 2921 1507 animas
2944 1451 3058 1508 haec
3089 1451 3218 1518 dici,
3245 1454 3444 1524 quibus
3469 1470 3592 1510 cum
3625 1470 3752 1525 gra-

2179 1536 2253 1589 tia
2306 1538 2482 1592 multa.
2517 1540 2786 1595 sentiendi
2815 1552 2870 1596 et
2901 1541 3240 1612 intelligendi
3282 1559 3311 1598 a
3354 1544 3460 1598 Deo
3497 1546 3622 1599 data
3656 1547 3750 1612 sit,

2179 1627 2459 1697 negiigunt
2483 1639 2664 1684 tamen
2699 1632 2939 1688 scientiae
2966 1643 3168 1702 partes,
3199 1646 3252 1690 et
3273 1637 3633 1705 cognoscendi
3666 1653 3754 1692 se-

2182 1717 2443 1785 mctipsas
2479 1718 2686 1772 nullum
2730 1719 2990 1774 adhibent
3017 1722 3278 1776 studium.
3314 1721 3409 1778 llis
3443 1738 3572 1792 ergo
3602 1738 3756 1778 coma

496 1804 576 1858 sis
611 1807 959 1876 semetipsam
987 1820 1277 1881 cognoscat
1301 1813 1503 1877 anima,
1541 1830 1609 1869 ne
1644 1813 1784 1870 forte
1812 1815 1856 1870 si
1893 1817 2075 1886 "cgtc-
2107 1803 2148 1857 Β
2179 1808 2420 1862 minatur
2448 1825 2629 1864 sermo
2652 1810 2871 1867 divinus
2899 1831 2912 1865 :
2943 1815 3072 1883 quia
3099 1815 3546 1883 quibusmultum
3570 1815 3760 1879 datur,

494 1896 638 1948 xerit
671 1895 908 1966 perfecte
932 1901 1284 1969 semetipsam
1312 1917 1669 1971 cognoscere,
1697 1905 1845 1960 exire
1873 1905 2068 1974 jubea-

491 1993 579 2040 tur
611 1986 665 2040 in
692 1988 931 2058 vestigiis
977 2007 1226 2062 gregum,
1271 2003 1326 2048 et
1358 2010 1582 2064 pascere
1622 1996 1840 2061 liwdos,
1870 2006 1924 2052 et
1965 1998 2070 2054 hoc

491 2092 600 2131 non
632 2077 684 2131 in
742 2082 964 2150 proprio
1025 2084 1400 2150 tabernaculo,
1448 2089 1539 2141 sed
1587 2089 1639 2142 in
1700 2091 2069 2146 tabernaculis

491 2179 808 2237 pastorum;
837 2187 960 2226 cum
991 2184 1185 2243 prazsto
1219 2179 1289 2232 sit
1313 2179 1512 2232 volenti
1539 2180 1653 2234 haec
1682 2183 1933 2252 persequi
1965 2183 2072 2236 lar-

495 2259 754 2329 gissimas
782 2265 1097 2321 occasiones
1137 2283 1204 2322 ex
1261 2270 1349 2326 his
1377 2287 1497 2341 quae
1552 2275 1718 2342 supra
1751 2277 2072 2330 memoravi-

497 2367 622 2406 mus
653 2369 890 2420 sumere,
946 2357 999 2410 in
1033 2359 1234 2426 quibus
1283 2377 1404 2416 sese
1432 2379 1685 2419 exercere
1733 2365 1785 2419 in
1817 2381 2072 2423 sermone

496 2445 740 2500 scientiae
766 2463 866 2516 pro
914 2449 1121 2506 viribus
1161 2455 1374 2523 possit?
1423 2438 1686 2512 Dicantur
1731 2475 1861 2514 vero
1893 2461 2007 2516 haec
2040 2477 2071 2516 a

495 2535 675 2593 Verbo
713 2538 808 2594 Dei
858 2543 1020 2596 etiam
1073 2545 1138 2599 ad
1182 2547 1418 2601 animam
1470 2564 1592 2618 qua:
1646 2554 1699 2606 ln
1737 2551 2070 2620 profectibus

492 2630 710 2699 quidem
738 2635 913 2702 posita
945 2646 1055 2701 est,
1076 2638 1315 2694 nondum
1347 2649 1526 2695 tamen
1551 2641 1618 2696 ad
1651 2659 1923 2698 summam
1956 2659 2073 2713 per-

491 2722 746 2778 fectionis
776 2728 1044 2782 ascendit.
1075 2727 1207 2794 Quae
1249 2747 1349 2800 pro
1397 2747 1462 2786 eo
1491 2734 1710 2802 quidem
1739 2736 1884 2804 quod
1912 2737 2072 2806 proli-

492 2813 569 2866 cit
601 2815 831 2882 pulchra
873 2817 1110 2872 dicitur:
1151 2830 1210 2874 ut
1257 2831 1440 2876 autem
1478 2825 1763 2892 pervenire
1817 2826 1991 2896 possit
2017 2835 2073 2881 et.

415 2907 420 2911 '
495 2902 562 2956 ad
590 2905 1002 2975 perfectionem,
1051 2909 1145 2964 ﬁat
1185 2911 1251 2965 ad
1281 2928 1401 2967 eam
1434 2916 1785 2971 comminatio
1813 2933 2071 2972 necessa-

497 2995 614 3061 ria;
644 2999 788 3066 quod
821 2999 923 3054 nisi
951 3015 1048 3069 per
1079 3001 1183 3057 ista
1215 3003 1429 3075 singula
1469 3021 1590 3074 qum
1639 3022 1804 3077 supra
1835 3008 2073 3064 diximus

497 3089 842 3158 semetipsam
873 3094 1206 3163 cognoverit,
1233 3103 1287 3149 et
1334 3095 1618 3166 vigilanter
1661 3101 1966 3154 exercuerit
2018 3100 2070 3154 in

2179 1900 2411 1954 multum
2449 1916 2516 1954 ex
2555 1902 2634 1956 eis
2678 1902 2935 1973 exigitur.
2979 1903 3045 1958 Et
3081 1904 3302 1959 ihtniilis
3334 1906 3550 1976 quidem
3594 1907 3751 1959 venia

2175 1997 2230 2043 et
2263 1989 2636 2044 misericordia
2677 1992 2876 2061 dignus
2906 1993 3010 2047 erit
3033 2035 3047 2060 ,
3085 2004 3330 2064 potentes
3357 2006 3536 2050 autem
3563 2006 3754 2066 poten-

2178 2089 2258 2135 ter
2305 2082 2721 2137 cruciabuntur.
2779 2083 2834 2136 Si
2872 2100 3000 2156 ergo
3046 2095 3101 2141 et
3145 2096 3202 2140 tu
3247 2089 3428 2142 anima
3469 2104 3591 2156 qua:
3629 2091 3753 2158 pul-

2177 2170 2364 2226 cbrior
2403 2187 2464 2226 es
2505 2180 2559 2226 et
2592 2174 2916 2228 eminentior
2960 2176 3098 2229 inter
3137 2186 3358 2233 caeteras
3392 2179 3539 2233 verbi
3582 2183 3751 2250 gratia

2177 2265 2464 2330 doctrinis,
2525 2265 2767 2336 negligas
2820 2267 3183 2336 temetipsam,
3238 2270 3389 2324 etin
3449 2271 3754 2339 ignei-anlia

2179 2357 2259 2410 tui
2289 2371 2534 2421 maneas,
2571 2358 2845 2427 quomodo
2877 2367 3133 2426 poterunt
3164 2361 3247 2415 vel
3282 2362 3334 2415 hi
3369 2363 3462 2431 qui
3497 2364 3750 2418 aadilicari

2178 2447 2488 2502 desiderant
2542 2448 2763 2512 instrui,
2816 2450 2899 2504 vel
2945 2451 3193 2506 convinci
3220 2463 3272 2506 et
3300 2454 3451 2524 argui
3477 2455 3755 2508 contradi-

2177 2539 2401 2594 centes?
2446 2538 2614 2609 Digne
2649 2554 2779 2610 ergo
2810 2555 2935 2594 cum
2969 2541 3392 2596 comminatione
3419 2542 3653 2612 quadam
3685 2544 3751 2597 ad

2177 2649 2296 2688 eum
2321 2633 2520 2687 dicitur
2563 2649 2576 2686 :
2615 2631 2720 2684 Eri
2762 2642 2817 2685 tu
2864 2633 2917 2684 in
2960 2633 3188 2702 vestigiis
3239 2649 3474 2704 gregum,
3504 2644 3553 2687 et
3601 2650 3758 2704 pasce

2180 2727 2358 2780 haedos
2391 2735 2505 2777 tuos
2538 2726 2590 2778 in
2620 2724 2973 2780 tabernaculis
3009 2734 3304 2794 pastorum.

2249 2817 2435 2870 Petest
2455 2817 2521 2870 ad
2549 2817 2654 2870 hoc
2679 2817 2819 2870 trahi
2849 2818 3012 2872 etiam
3045 2819 3176 2874 illud
3210 2819 3354 2889 quod
3379 2817 3592 2890 Moyses
3613 2819 3753 2876 scri-

2180 2905 2303 2958 bit:
2335 2903 2490 2968 Quod
2535 2903 2581 2958 si
2626 2919 2734 2972 qua
2782 2903 3078 2960 Israelitica
3118 2909 3313 2962 mulier
3347 2908 3760 2974 adulteraverit,

2182 2996 2491 3067 lapidetur;
2544 2996 2590 3050 si
2640 3011 2769 3050 vero
2804 2997 2910 3051 tilia
2943 2998 3266 3066 sacerdotis,
3314 2999 3532 3068 ignibus
3558 3014 3755 3052 exura-

2187 3095 2275 3142 tur
2298 3087 2362 3140 ³³.
2409 3086 2500 3140 Sic
2528 3101 2658 3156 ergo
2686 3087 2837 3156 justa
2867 3087 3139 3141 videbitur
3167 3102 3290 3142 esse
3317 3086 3670 3142 comminatio
3702 3086 3764 3138 in-

495 3180 666 3235 verbo
695 3157 788 3236 Dei
820 3192 873 3238 et
901 3157 1015 3254 lege
1046 3187 1251 3253 divina,
1277 3157 1557 3258 continget
1591 3191 1640 3244 ei
1672 3190 1740 3245 de
1774 3191 1858 3246 his
1887 3191 2073 3262 singu-

2179 3191 2274 3232 eos
2325 3176 2419 3246 qui
2473 3191 2700 3246 capaces
2747 3191 2869 3232 esse
2918 3185 3151 3246 possunt
3202 3177 3269 3232 ad
3326 3177 3655 3246 agnitionem
3702 3184 3759 3228 et

498 3269 570 3324 lis
599 3273 884 3341 opiniones
914 3277 1172 3347 colligere
1222 3278 1589 3347 diversorum,
1626 3291 1680 3336 et
1711 3284 1864 3353 sequi
1897 3285 2076 3339 homi-

494 3379 596 3418 nes
626 3364 763 3418 nihil
786 3367 1086 3437 egregium,
1112 3369 1336 3425 nihilex
1383 3371 1588 3442 Spiritu
1622 3384 1812 3430 sancto
1837 3375 2072 3432 locutos.

499 3451 618 3508 Hoc
651 3464 734 3510 est
767 3457 912 3511 enim
938 3460 1089 3514 exire
1138 3461 1190 3514 in
1224 3464 1466 3532 vestigiis
1512 3480 1758 3536 gregum,
1805 3475 2074 3523 eteorum

497 3542 808 3597 doctrinam
838 3547 1058 3614 sectari,
1086 3549 1179 3618 qui
1215 3557 1269 3604 et
1320 3550 1418 3620 ipsi
1451 3554 1851 3620 permanserint
1881 3568 2074 3623 pecca-

495 3640 666 3700 tores,
706 3645 761 3690 et
786 3637 994 3692 nullum
1024 3641 1376 3709 peccantibus
1432 3644 1733 3698 remedium
1791 3631 2076 3715 providere

494 3727 786 3795 potuerint.
815 3727 964 3794 Quos
988 3731 1081 3800 qui
1109 3732 1379 3800 sequitur,
1410 3733 1602 3789 haedos
1630 3736 1817 3805 utique
1841 3737 1932 3805 qui
1957 3751 2077 3805 pec-

495 3826 740 3872 catorum
760 3819 1022 3876 indicium
1049 3831 1251 3889 tenent,
1269 3825 1540 3881 videbitur
1568 3841 1807 3896 pascere,
1833 3830 2074 3884 circum-

495 3907 613 3965 iens
671 3911 1019 3968 tabernacula
1067 3918 1629 3984 pastorum,diversas
1657 3920 1865 3975 scilicet
1896 3931 2074 3979 sectas

468 4000 974 4070 philosophorum.
1021 4003 1237 4059 Intuere
1277 4019 1406 4075 ergo
1456 4006 1672 4074 plenius
1722 4023 1888 4075 quam
1917 4010 2076 4064 terri-

501 4089 612 4144 bile
637 4100 722 4146 est
749 4093 893 4162 quod
922 4093 1027 4148 sub
1078 4094 1182 4150 hac
1211 4095 1571 4150 adumbratur
1603 4097 1798 4168 ﬁgura.
1845 4097 1970 4166 Exi,
2002 4101 2079 4154 in-

497 4179 638 4248 quit,
667 4190 724 4234 tu
754 4182 806 4235 in
842 4183 1075 4254 vestigiis
1107 4199 1341 4254 gregum.
1382 4182 1550 4249 Quasi
1597 4184 1663 4237 ad
1692 4199 1810 4238 eam
1839 4186 2080 4254 loquitur

497 4271 606 4343 59
637 4288 759 4344 quae
815 4273 962 4329 intus
1008 4274 1118 4344 jam
1168 4273 1242 4328 sit
1291 4274 1494 4340 anima,
1547 4283 1601 4328 et
1644 4274 1786 4330 intra
1823 4279 2080 4347 mysteria

498 4363 803 4431 collocata;
842 4379 941 4434 pro
967 4380 1033 4420 eo
1078 4374 1259 4422 tamen
1293 4368 1438 4436 quod
1462 4369 1696 4439 negligat
1726 4369 2078 4438 semetipsam

500 4467 832 4523 cognoscere
875 4464 930 4510 et
973 4457 1256 4524 requirere
1287 4472 1409 4526 quae
1439 4459 1544 4523 sit,
1581 4467 1635 4512 et
1665 4459 1795 4528 quid
1827 4459 1908 4513 vel
1942 4474 2076 4529 quo-

2180 3269 2489 3332 scientiam,
2538 3269 2632 3323 sed
2665 3283 2764 3337 per
2791 3269 3056 3323 desidiam
3091 3268 3398 3341 negligunt;
3426 3269 3477 3321 in
3507 3282 3644 3337 quos
3666 3267 3756 3337 ju-

2179 3359 2422 3416 stissima
2462 3358 2764 3429 indignatio
2801 3359 2989 3430 sponsi
3033 3368 3132 3424 est,
3167 3360 3293 3428 quia
3327 3359 3430 3413 scit
3468 3359 3629 3412 unius
3659 3373 3756 3411 ne-

2183 3451 2492 3522 gligentiam
2541 3450 2731 3505 cedere
2796 3451 2863 3504 ad
2919 3451 3116 3506 damna
3168 3449 3480 3504 multorum.
3549 3446 3754 3503 Similis

2182 3543 2326 3597 enim
2351 3541 2626 3596 videbitur
2655 3541 2970 3610 hujusmodi
3001 3541 3180 3595 anima
3200 3579 3214 3603 ,
3248 3541 3331 3595 vel
3354 3541 3442 3612 .illi
3473 3540 3566 3609 qui
3599 3555 3754 3594 acce-

2181 3643 2336 3706 ptum
2375 3633 2662 3689 denarium
2693 3633 2982 3688 abscondit
3014 3633 3066 3686 in
3112 3642 3343 3699 terram,
3389 3646 3457 3686 ne
3488 3630 3622 3686 lucri
3653 3631 3758 3684 ali-

2177 3725 2309 3796 quid
2340 3741 2403 3780 ex
2446 3741 2512 3780 eo
2564 3725 2811 3794 pecuniae
2853 3725 3109 3780 dominus
3142 3726 3483 3795 acquireret;
3535 3724 3618 3779 vel
3677 3724 3753 3777 illi

2176 3833 2340 3888 quem
2375 3817 2645 3872 occidisse
2699 3817 2901 3872 dicitur
2950 3817 3114 3882 Deus,
3148 3818 3240 3886 qui
3296 3817 3567 3887 malignus
3613 3824 3752 3879 erat,

2175 3909 2333 3965 Onan
2379 3909 2463 3963 vel
2497 3908 2604 3963 Her
2630 3909 2859 3973 scilicet,
2907 3909 3002 3978 qui
3029 3917 3246 3979 accepta
3274 3909 3480 3964 semina
3515 3907 3756 3963 scientiae

2176 3999 2444 4055 naturalis
2474 3998 2775 4069 posteritati
2805 3999 3052 4053 invidens
3069 3998 3430 4069 profundebat
3451 3999 3503 4052 in
3529 4007 3669 4053 terra
3685 3998 3750 4050 “.

2178 4085 2436 4142 Pastores
2469 4102 2686 4157 quoque
2709 4129 2724 4154 ,
2755 4086 2898 4142 sicut
2921 4096 2974 4141 et
3005 4097 3128 4141 ante
3155 4089 3269 4157 jam
3296 4088 3556 4152 diximus,
3581 4087 3754 4157 siqui-

2180 4185 2302 4239 dem
2347 4184 2414 4239 ad
2464 4183 2759 4239 Ecclesiam
2807 4185 3256 4239 comminationis
3307 4185 3397 4240 hic
3439 4193 3622 4240 sermo
3674 4183 3753 4248 fit,

2181 4275 2372 4329 mundi
2401 4275 2565 4346 hujus
2598 4277 2870 4347 principes
2895 4277 3196 4346 accipiendi
3237 4286 3399 4340 sunt,
3430 4277 3513 4330 vel
3544 4276 3621 4330 illi
3657 4290 3756 4329 an-

2179 4369 2283 4438 geli
2329 4368 2431 4422 sub
2485 4382 2721 4438 quorum
2769 4384 2900 4424 cura
2958 4370 3182 4438 reliquae
3237 4379 3423 4439 gentes
3468 4368 3753 4430 habentur,

2182 4459 2298 4513 sive
2347 4469 2492 4515 sorte
2529 4460 2584 4514 in
2631 4460 2733 4514 hoc
2757 4500 2773 4526 ,
2833 4460 2947 4514 sive
2988 4459 3374 4514 secretioribus
3409 4459 3593 4514 causis
3630 4457 3756 4528 qui-

499 4522 664 4601 modo
722 4562 883 4617 agere
945 4522 1160 4612 debeat,
1202 4522 1400 4618 quidve
1456 4522 1565 4604 non
1626 4522 1828 4621 agere,
1880 4522 2077 4607 dicitur
2108 4522 2412 4605 l)busclam
2443 4549 2690 4604 deducta:
2724 4522 2860 4620 (30).
2913 4547 2970 4602 Si
3025 4563 3152 4603 vero
3198 4549 3265 4603 ad
3315 4522 3759 4618 unamquamque

499 4638 549 4692 ei
583 4657 595 4692 :
636 4636 738 4691 Exi
770 4649 846 4702 tu,
877 4639 1034 4709 quasi
1062 4655 1183 4710 quae
1220 4641 1290 4696 ob
1322 4643 1463 4696 hanc
1493 4642 1712 4698 desidiae
1743 4644 1956 4714 culpam
1989 4642 2075 4698 fo-

499 4745 593 4786 ras
629 4729 877 4784 mittatur
911 4731 979 4785 ab
1021 4746 1086 4785 eo
1131 4731 1224 4800 qui
1258 4741 1477 4802 praeest.
1525 4734 1614 4789 Sic
1659 4735 1849 4804 ingens
1881 4735 2076 4790 anima:

499 4822 800 4893 periculum
847 4832 931 4878 est
961 4824 1246 4878 scientiam
1296 4823 1381 4878 sui
1432 4825 1874 4897 agnitionemque
1905 4826 2074 4897 negli—

499 4930 645 4986 gere.
687 4914 788 4970 Sed
825 4915 1054 4970 fortasse
1092 4917 1215 4986 quia
1249 4917 1519 4987 duplicem
1553 4919 1948 4989 expositionem
1981 4919 2076 4975 de-

497 5007 681 5061 dimus
714 5007 1009 5078 agnitionis
1047 5023 1158 5064 suae
1183 5009 1381 5064 anima:
1414 5010 1685 5066 videbitur
1706 5011 1944 5080 cuipiam
1983 5025 2074 5065 se-

497 5099 740 5153 cundum
769 5113 888 5152 eam
921 5099 1141 5169 quidem
1170 5115 1292 5170 quat
1323 5101 1389 5155 de
1422 5101 1668 5156 moribus
1693 5101 1832 5156 etde
1860 5099 2074 5154 actibus

496 5191 613 5246 suis
656 5190 929 5246 discutere
975 5192 1224 5262 negligit,
1260 5200 1314 5246 et
1345 5193 1620 5263 inquirere
1643 5194 1708 5247 de
1737 5192 2073 5262 profectibus

497 5281 634 5346 suis,
677 5289 771 5335 aut
796 5283 1124 5351 perscrutari
1161 5284 1226 5337 de
1254 5282 1420 5347 vitiis,
1451 5285 1644 5339 merito
1679 5285 1728 5339 ei
1763 5284 1868 5338 dici
1899 5303 1910 5337 :
1945 5282 2072 5348 Exi,

497 5385 594 5440 per
622 5373 769 5442 quod
816 5374 1066 5427 videatur
1090 5376 1245 5444 quasi
1281 5376 1347 5431 de
1377 5376 1731 5431 interioribus
1759 5373 1907 5430 foras
1942 5389 2072 5444 pro—

503 5464 646 5533 pelli.
669 5463 742 5526 Si
773 5481 902 5520 vero
934 5467 1236 5521 secundum
1260 5468 1553 5522 editionem
1584 5467 1771 5533 aliam,
1798 5482 1905 5536 qua
1941 5466 2077 5520 dixi-

573 5582 616 5614 ³³
645 5580 818 5638 Levit.
856 5599 951 5649 xx,
991 5583 1094 5653 {0;
1135 5585 1326 5652 xxt,9.
1403 5584 1603 5639 “Gen.
1640 5600 1871 5650 xxxvm,
1911 5585 1964 5639 9.

577 5735 691 5804 (50)
724 5736 843 5794 Lib.
877 5738 1005 5794 editi
1031 5740 1313 5794 :seduclw.
1351 5739 1479 5794 Mss.
1507 5739 1768 5794 deductam

2181 4639 2422 4692 animam
2467 4638 2826 4694 comminatio
2872 4638 2976 4693 ista
3010 4636 3276 4692 referatur
3298 4678 3314 4702 ,
3343 4652 3465 4709 qua:
3496 4635 3758 4706 semetip-

2181 4745 2297 4785 sam
2326 4731 2550 4801 negligit
2575 4744 2892 4800 agnoscere,
2927 4729 3198 4799 sapientes
3230 4738 3284 4783 et
3319 4727 3566 4798 magistri
3596 4726 3760 4795 hujus

2181 4827 2365 4882 saeculi
2398 4825 2734 4896 intelligendi
2773 4834 2921 4888 sunt,
2956 4827 3212 4878 docentes
3245 4822 3568 4891 sapientiam
3594 4820 3760 4888 hujus

2181 4918 2372 4972 mundi
2411 4936 2424 4971 :
2467 4929 2526 4972 ut
2568 4918 2623 4971 in
2672 4933 2885 4973 summa
2935 4917 3038 4970 hoc
3093 4915 3444 4982 intelligatur,
3485 4912 3615 4982 quia
3664 4926 3761 4965 ne-

2182 5024 2336 5064 cesse
2367 5017 2450 5062 est
2484 5008 2722 5062 animam
2759 5023 2878 5062 eam
2922 5007 3192 5076 praecipue
3237 5019 3359 5074 quae
3390 5003 3528 5058 bona
3557 5011 3606 5057 et
3640 5001 3760 5071 pul-

2183 5099 2315 5155 chra
2351 5107 2435 5153 est
2468 5099 2718 5154 sensibus
2740 5138 2754 5162 ,
2785 5108 2838 5153 et
2868 5099 3088 5168 ingenio
3117 5096 3348 5167 vigilans
3373 5136 3387 5161 ,
3428 5107 3760 5164 cognoscere

2181 5191 2560 5260 semetipsam,
2599 5200 2652 5244 et
2683 5191 2813 5244 dare
2838 5205 3058 5260 Operam
3090 5191 3155 5241 ad
3184 5187 3513 5257 agnitionem
3547 5184 3630 5238 sui
3667 5198 3759 5253 per

2179 5281 2439 5335 exercitia
2474 5279 2756 5345 doctrinae,
2791 5288 2846 5333 et
2877 5277 3057 5332 studia
3089 5276 3292 5341 divina,
3317 5289 3382 5329 ac
3412 5288 3506 5344 per
3538 5271 3643 5325 hoc
3674 5270 3759 5340 agi

2184 5371 2392 5442 Spiritu
2431 5369 2524 5425 Dei
2555 5382 2609 5425 et
2649 5371 2844 5440 spiritu
2880 5367 3212 5439 adoptionis.
3251 5367 3359 5420 Aut
3395 5365 3441 5419 si
3480 5363 3603 5418 talis
3644 5361 3761 5416 haec

2185 5466 2367 5520 anima
2399 5464 2749 5536 semetipsam
2801 5459 3118 5531 neglexerit,
3171 5465 3226 5514 et
3265 5471 3296 5512 a
3333 5454 3534 5512 divinis
3564 5450 3764 5510 studiis
