4134 6422
403 413 507 470 ιιξςι

1701 388 1903 447 LIBER
1940 391 2326 450 SECUNDUS.

3553 394 3656 448 150

403 527 774 591 declinaverit,
821 536 1049 580 necesse
1076 530 1161 576 est
1205 533 1324 574 eam
1370 531 1590 588 operam
1627 517 1757 571 dare
1786 514 1981 570 studiis
2007 520 2054 576 Α
2081 522 2135 568 et
2173 513 2366 582 jngum
2411 520 2629 581 portant
2671 511 2965 566 suavitatis
3007 511 3148 582 cjus,
3197 521 3252 568 et
3297 529 3419 585 qua:
3457 515 3652 585 spiritu

404 621 698 681 mundanis
727 627 780 674 et
814 615 1094 687 sapientite
1121 612 1330 678 saaculi,
1363 619 1417 666 et
1449 609 1534 680 agi
1566 609 1758 678 spiritu
1784 606 1972 662 mundi

405 715 567 784 hujus
608 713 804 766 iterum
848 708 901 762 in
940 707 1153 762 timore.
1197 703 1354 771 Quod
1392 702 1645 771 designat
1680 700 1974 769 Apostolus

405 819 529 858 cum
576 801 750 856 dicit:
793 796 906 850 Nos
947 804 1120 850 autent
1164 810 1264 847 non
1301 793 1548 863 spiritum
1584 791 1741 858 hujus
1791 791 1973 844 mundi

406 893 719 962 accepimus,
748 889 838 943 sed
864 888 1110 956 spiritum
1141 886 1231 955 qui
1250 895 1407 938 estea:
1433 883 1539 937 Deo
1564 883 1629 937 ³⁸.
1660 882 1726 936 Et
1744 883 1970 938 iterum:

412 981 534 1037 Non
573 979 846 1050 accepistis
879 977 1014 1032 enim
1040 977 1231 1030 iterum
1261 975 1315 1028 in
1333 975 1516 1027 timore
1541 974 1786 1042 spiritum
1815 974 1978 1027 servi-

411 1075 559 1136 tutis,
598 1073 687 1128 sed
726 1071 972 1140 spiritum
1002 1067 1278 1137 accepistis
1307 1065 1624 1133 adoptionis,
1654 1065 1710 1117 in
1739 1081 1839 1134 quo
1870 1065 1977 1118 cla-

410 1177 614 1216 mamus
650 1177 670 1215 :
699 1158 845 1213 Abba
876 1166 1026 1228 pater
1055 1156 1118 1208 ³⁶.
1155 1154 1279 1210 Haec
1306 1154 1520 1209 interim
1552 1153 1712 1209 nobis
1744 1154 1810 1208 de
1840 1169 1976 1223 pra:-

412 1251 552 1306 senti
572 1251 696 1305 loco
727 1262 1013 1304 occurrere
1042 1254 1351 1316 potuerunt,
1383 1260 1529 1300 nunc
1556 1244 1668 1315 jam
1694 1254 1976 1300 converta—

414 1361 537 1400 mur
566 1345 632 1399 ad
660 1342 1065 1413 consequentia.

486 1434 640 1492 Vers.
683 1435 735 1491 9.
771 1434 1050 1504 Equitatui
1079 1450 1188 1488 meo
1216 1434 1269 1487 in
1307 1433 1546 1487 curribus
1577 1429 1873 1485 Pharaonis
1909 1429 1980 1484 si-

415 1524 590 1578 milem
619 1532 666 1578 te
695 1525 980 1577 arbitratus
1015 1540 1153 1587 sum,
1208 1525 1452 1593 proxima
1499 1538 1632 1576 mea.
1673 1519 1978 1574 Historicus

412 1619 630 1688 quidem
659 1632 849 1672 sensus
875 1617 980 1671 hoc
1001 1615 1214 1669 videtur
1245 1613 1548 1668 ostendere.
1575 1611 1747 1678 Sicut,
1778 1611 1976 1680 inquit,

404 1718 543 1764 tunc
577 1709 630 1762 in
670 1707 906 1780 Egypto
943 1721 1066 1762 cum
1103 1705 1316 1758 Pharao
1348 1719 1680 1772 persequens
1714 1703 1976 1772 populum

405 1795 574 1853 Israel
634 1797 901 1868 processit
958 1796 1013 1849 in
1077 1794 1332 1850 curribus
1381 1801 1435 1846 et
1497 1793 1742 1861 equitatu
1804 1792 1870 1858 ³⁷,
1924 1801 1980 1846 et

2078 603 2172 656 Dei
2204 611 2457 672 aguntur,
2486 613 2539 656 et
2567 603 2622 656 in
2659 602 2760 657 hoc
2785 612 2868 657 est
2898 603 2978 658 eis
3013 603 3182 658 salus.
3217 606 3278 658 In
3304 603 3652 661 Revelatione

2076 689 2304 745 Joannis
2331 689 2563 760 legimus
2587 731 2600 755 ,
2633 691 2778 759 quod
2803 691 3056 760 apparuit
3079 690 3128 744 ei
3151 705 3343 760 equus,
3378 699 3431 744 et
3458 691 3654 746 sedens

2077 799 2242 854 super
2268 798 2391 838 eum
2434 782 2656 852 quidam
2695 781 2868 836 ﬁdelis
2894 790 2948 836 et
2979 796 3158 846 verus,
3197 789 3251 835 et
3286 797 3407 836 cum
3439 783 3652 851 justitia

2072 874 2350 944 judicans,
2397 873 2556 942 cujus
2602 886 2800 927 nomen
2831 880 2914 926 est
2945 870 3180 926 Verbum
3224 870 3337 927 Dei.
3367 873 3602 943 Aitergo
3634 891 3671 929 :-

2077 966 2148 1020 Et
2181 965 2290 1020 vidi
2339 963 2525 1017 caelum
2573 971 2832 1033 apertum,
2861 971 2910 1017 et
2941 980 3053 1018 ecce
3078 980 3242 1034 equus
3273 965 3444 1033 albus,
3475 975 3525 1019 et
3557 967 3649 1036 qui

2077 1056 2289 1112 sedebat
2330 1071 2487 1123 super
2512 1070 2630 1108 eum
2658 1054 2943 1108 uocabatur
2963 1054 3134 1123 fidelis
3163 1065 3211 1109 et
3245 1073 3414 1123 verus,
3450 1066 3498 1110 et
3533 1073 3652 1110 cum

2067 1149 2287 1220 justitia
2325 1147 2578 1217 judicans
2635 1156 2684 1201 et
2742 1163 3012 1216 pugnans;
3064 1157 3116 1200 et
3154 1149 3297 1202 oculi
3353 1149 3467 1218 ejus
3517 1152 3654 1203 sicut

2077 1238 2298 1306 ﬂamma
2329 1237 2487 1306 ignis,
2517 1245 2570 1291 et
2609 1252 2765 1305 super
2794 1245 2950 1306 caput
2991 1237 3106 1306 ejus
3147 1238 3452 1292 diademata
3483 1241 3656 1295 multa

2078 1327 2324 1381 habentia
2365 1343 2551 1380 nomen
2573 1328 2849 1396 scriptum,
2880 1329 3020 1398 quod
3047 1345 3192 1384 nemo
3218 1331 3360 1384 novit
3387 1333 3492 1385 nisi
3518 1332 3648 1401 ipse,

2077 1428 2126 1472 et
2172 1419 2454 1486 adopertus
2494 1427 2608 1472 erat
2646 1419 2948 1472 vestimento
2985 1422 3239 1490 sanguine
3266 1437 3563 1491 conspersa,
3601 1432 3652 1476 et

2078 1509 2362 1563 uocabatur
2388 1525 2573 1563 nomen
2601 1510 2713 1579 ejus
2754 1508 2977 1563 Verbum
3012 1511 3131 1566 Dei.
3162 1511 3232 1565 Et
3262 1513 3522 1568 exercitus
3539 1513 3654 1582 ejus

2079 1607 2191 1654 erat
2210 1600 2270 1652 in
2293 1601 2441 1664 celo,
2467 1610 2515 1654 et
2544 1602 2891 1670 sequebantur
2905 1618 3027 1656 eum
3043 1603 3096 1655 in
3118 1605 3265 1673 cquis
3291 1605 3450 1672 albis,
3476 1605 3653 1660 induti

2081 1690 2293 1759 byssina
2339 1689 2458 1743 albo
2492 1707 2624 1760 puro
2653 1692 2718 1746 ⁸ο.
2758 1693 2864 1748 Sed
2895 1709 3033 1763 opus
3062 1701 3146 1750 est
3179 1694 3350 1766 gratia
3381 1694 3499 1764 Dei,
3532 1710 3668 1766 qute-

2081 1781 2279 1836 horum
2311 1781 2472 1856 nobis
2505 1784 2721 1852 aperiat
2745 1785 3095 1851 intellectum,
3125 1801 3233 1855 quo
3254 1787 3530 1855 possimus
3553 1786 3679 1840 ad--

404 1903 586 1954 meus,
633 1863 736 1943 hoc
766 1897 849 1942 est
875 1885 1090 1938 Domini
1123 1884 1227 1938 mei
1263 1883 1471 1953 sponsi,
1518 1883 1793 1952 equitatus
1817 1883 1980 1951 longe
2010 1863 2053 1917 Β
2081 1880 2293 1928 vertere
2325 1873 2457 1943 quid
2499 1873 2617 1928 istae
2649 1875 2890 1929 indicent
2918 1875 3158 1930 visiones
3181 1914 3198 1942 ,
3237 1877 3332 1945 qui
3379 1877 3450 1931 sit
3477 1869 3656 1945 equus

411 1977 750 2046 praecellebat
782 1991 975 2030 currus
1006 1973 1330 2039 Pharaonis,
1384 1984 1438 2029 et
1463 1973 1808 2044 praestantior
1839 1979 1976 2038 erat,

413 2080 601 2140 utpote
630 2070 723 2139 qui
755 2069 876 2125 illos
912 2068 1250 2139 superaverit
1279 2077 1332 2123 et
1363 2068 1415 2122 in
1451 2083 1601 2122 mare
1625 2065 1977 2131 demerserit;

409 2161 488 2215 ita
527 2168 580 2214 et
625 2170 704 2224 tu,
757 2159 1002 2230 proxima
1040 2174 1160 2214 mea
1213 2173 1433 2229 sponsa,
1477 2156 1740 2229 praecellis
1790 2170 1982 2211 omnes

412 2249 672 2304 mulieres
711 2247 905 2303 similis
930 2247 1116 2302 elIecta
1151 2246 1418 2317 equitatui
1447 2259 1587 2311 meo,
1619 2243 1713 2313 qui
1744 2242 1983 2295 Pharao-

405 2341 500 2396 nis
535 2340 789 2396 curribus
831 2347 1210 2408 comparatus,
1257 2336 1530 2408 potentior
1562 2333 1752 2403 utique
1797 2340 1885 2386 est
1929 2339 1984 2384 et

412 2431 872 2502 magniticentior.
904 2428 1004 2484 llic
1042 2429 1258 2483 interim
1290 2427 1425 2481 mihi
1455 2425 1671 2480 videtur
1701 2437 1822 2478 esse
1849 2421 1984 2475 ordo

413 2538 732 2594 sermonum
768 2523 1034 2592 ipsorum,
1070 2521 1473 2588 verborumque
1507 2516 1758 2571 directio.
1793 2513 1986 2568 Videa-

418 2631 539 2672 mus
580 2625 760 2670 autem
792 2630 860 2669 ne
898 2613 1041 2667 forte
1083 2611 1382 2667 secundum
1425 2608 1836 2677 intelligentiam
1869 2621 1984 2675 my-

419 2707 611 2763 sticam
641 2707 854 2761 animas
875 2719 996 2775 quae
1026 2712 1152 2758 sunt
1181 2703 1282 2756 sub
1302 2702 1396 2754 illo
1420 2699 1649 2770 spiritali
1677 2698 1983 2760 Pharaone,

408 2804 473 2852 'et
517 2798 618 2850 sub
656 2795 990 2864 spiritalibus
1024 2792 1282 2862 nequitiis
1317 2791 1505 2860 posita:
1531 2830 1546 2856 ,
1598 2804 1793 2844 currus
1844 2788 1988 2843 dicat

413 2902 551 2942 esse
575 2885 877 2942 Pharaonis
905 2893 959 2941 et
987 2884 1278 2956 quadrigas
1299 2883 1447 2952 ejus,
1481 2896 1619 2950 quas
1656 2881 1772 2950 ipse
1799 2879 1910 2949 agit
1931 2888 1987 2934 et

420 2978 568 3034 ducit
602 2979 668 3032 ad
706 2978 1134 3048 persequendum
1178 2973 1434 3045 populum
1467 2972 1586 3038 Dei,
1619 2982 1672 3026 et
1703 2972 1770 3026 ad
1797 2969 1983 3040 oppri-

410 3068 678 3127 mendum
713 3067 900 3122 Israel.
948 3068 1171 3123 Certum
1211 3065 1356 3121 enim
1390 3073 1474 3120 est
1504 3064 1632 3134 quia
1664 3063 1984 3118 tentationes

409 3173 474 3217 wet
518 3161 900 3218 tribulationes
956 3176 1093 3230 quas
1137 3159 1375 3214 excitant
1423 3159 1698 3241 daemones
1757 3157 1981 3221 sanctis,
2011 3189 2056 3251 ο

407 3271 514 3326 ενοι·
565 3254 776 3308 animas
813 3253 1023 3323 aliquas
1056 3251 1297 3307 excitant
1343 3251 1411 3305 ad
1466 3251 1571 3306 hoc
1616 3239 1794 3320 ipsum
1828 3257 1984 3318 aptas

414 3357 474 3404 et
500 3346 907 3402 convenientes.
961 3344 1168 3411 Quibus
1207 3351 1466 3412 tanquam
1505 3341 1758 3396 curribus
1804 3355 1986 3396 ascen-

409 3437 498 3493 sis
532 3435 810 3506 exagitant
828 3444 881 3491 et
909 3436 1232 3506 impugnant
1255 3475 1270 3501 ,
1311 3435 1398 3488 vel
1422 3432 1722 3488 Ecclesiam
1755 3429 1869 3498 Dei,
1899 3429 1984 3485 vel

420 3529 668 3599 singulos
721 3542 970 3598 quosque
1013 3527 1275 3581 ﬁdelium.
1312 3524 1389 3579 De
1426 3524 1669 3595 equitatu
1715 3538 1844 3577 vero
1879 3521 1986 3576 Do-

411 3619 579 3683 ‘miui,
608 3618 730 3688 quis
759 3619 828 3674 sit
859 3618 978 3689 ejus
1000 3618 1108 3672 iste
1141 3616 1438 3687 equitatus,
1461 3615 1517 3668 in
1551 3613 1738 3668 Exodo
1766 3611 1984 3684 quidem

412 3711 511 3765 ubi
541 3719 878 3779 superantur
894 3724 1088 3764 currus
1103 3708 1404 3763 Pharaonis
1429 3715 1484 3761 et
1512 3706 1904 3776 demerguntur
1929 3702 1983 3756 in

415 3816 590 3866 mare,
639 3800 774 3854 nihil
829 3800 1068 3870 legimus
1125 3801 1410 3868 scriptum,
1466 3796 1576 3867 eo
1621 3794 1730 3850 nisi
1776 3800 1984 3847 tantum

411 3894 564 3960 quod
626 3891 892 3948 Dominus
958 3906 1156 3947 currus
1217 3890 1524 3945 «Pharaonis
1585 3895 1640 3943 et
1687 3887 1987 3942 exercitum

414 3985 542 4053 ejus
582 3985 812 4053 projecit
858 3984 912 4038 in
950 3999 1101 4039 mare
1130 3982 1402 4038 Rubrum.
1455 3979 1770 4036 Invenimus
1807 3986 1989 4032 tamen

422 4074 478 4128 in
511 4083 706 4144 quarto
748 4074 1060 4146 Regnorum
1120 4075 1283 4140 libro,
1313 4075 1460 4144 quod
1501 4071 1730 4126 Elisa=us
1779 4070 1846 4125 de
1889 4069 1990 4124 ad-

423 4175 587 4222 ventu
617 4167 854 4222 hostium
884 4167 979 4235 qui
1009 4181 1140 4222 cum
1185 4165 1430 4235 equitatu
1463 4173 1516 4218 et
1549 4161 1801 4218 curribus
1829 4174 1991 4215 vene-

419 4268 569 4320 rant,
604 4256 917 4312 formidanti
955 4270 1126 4327 puero
1157 4269 1258 4310 suo
1287 4253 1459 4309 dicit:
1497 4251 1581 4307 Ne
1613 4253 1818 4314 timeas,
1853 4263 1988 4320 quo-

420 4352 568 4403 niam
599 4349 774 4419 plures
801 4359 921 4402 sunt
950 4348 1220 4402 uobiscum
1253 4363 1417 4418 quam
1455 4362 1570 4400 cum
1603 4344 1733 4398 illis.
1775 4340 1838 4395 Et
1867 4356 1990 4394 ora-

421 4445 519 4507 ait,
550 4443 744 4512 inquit,
775 4441 1023 4507 Eliswus,
1059 4450 1110 4494 et
1134 4439 1274 4494 dixit
1313 4455 1331 4493 :
1359 4437 1598 4502 Domine,
1631 4435 1778 4506 aperi
1808 4431 1988 4488 oculos

424 4537 572 4606 pueri
613 4535 769 4605 hujus
811 4545 867 4588 ut
915 4533 1108 4587 videat.
1150 4530 1222 4585 Et
1259 4531 1464 4602 aperuit
1511 4529 1770 4584 Dominus

426 4626 540 4696 ejus
567 4635 616 4680 et
655 4626 805 4680 vidit.
857 4623 928 4678 Et
959 4639 1074 4678 ecce
1105 4638 1251 4676 mons
1273 4621 1460 4691 plenus
1483 4619 1741 4690 equitibus
1760 4629 1908 4682 erat,
1943 4624 1992 4669 et

427 4733 612 4771 currus
643 4717 778 4787 ignei
806 4717 859 4770 in
888 4717 1112 4771 circuitu
1152 4713 1356 4777 Elisaei,
1404 4713 1494 4783 qui
1527 4710 1898 4766 descenderant
1925 4707 1994 4760 ad

427 4824 544 4862 eum
575 4808 643 4862 ³⁸.
699 4807 803 4862 Sed
834 4813 888 4860 et
926 4807 978 4860 in
1014 4806 1278 4876 propheta
1318 4803 1574 4858 Habacue
1608 4798 1896 4855 manifeste
1941 4806 1995 4854 et

429 4896 706 4951 evidenter
748 4896 978 4966 legimus
1030 4893 1098 4948 de
1156 4895 1402 4964 equitatu
1460 4890 1709 4952 Domini,
1751 4897 1807 4944 et
1849 4887 1994 4958 quod

431 4987 688 5043 ascendat
733 5002 903 5057 equos
945 5000 1094 5041 suos.
1147 4983 1286 5038 Sunt
1325 4996 1454 5052 ergo
1503 4979 1796 5050 Scriptura:
1830 4977 1996 5032 verba

431 5079 545 5132 haec
572 5094 586 5130 :
622 5075 874 5148 Nunquid
903 5078 960 5130 in
990 5073 1295 5146 fluminibus
1324 5072 1592 5135 irasceris,
1627 5069 1871 5134 Domine,
1902 5075 1995 5121 aut

432 5171 490 5222 in
518 5170 823 5239 [luminibus
851 5169 1003 5238 [uror
1035 5177 1176 5231 tuus,
1201 5176 1292 5219 aut
1322 5167 1375 5218 in
1398 5165 1535 5217 mari
1568 5161 1746 5216 Rubro
1774 5161 1996 5230 impetus

435 5272 554 5315 tuus
573 5261 599 5315 7
631 5260 735 5326 Qui
764 5259 1003 5314 ascendis
1043 5273 1198 5327 equos
1231 5265 1368 5320 tuos,
1399 5264 1448 5309 et
1472 5253 1733 5323 equitatus
1762 5259 1883 5304 tuus
1913 5265 2001 5303 sa-

435 5350 517 5403 lus
543 5351 610 5404 ⁸⁰.
656 5350 793 5404 Sunt
817 5365 946 5420 ergo
975 5349 1100 5418 equi
1130 5347 1377 5409 Domini,
1414 5346 1614 5415 quibus
1642 5341 1908 5405 ascendit,
1943 5348 1998 5395 et

435 5439 709 5510 equitatus
741 5439 878 5509 ejus.
909 5437 1058 5504 Quos
1095 5450 1198 5507 ego
1221 5449 1330 5489 non
1366 5433 1501 5487 alios
1524 5446 1646 5486 esse
1673 5438 1802 5500 puto
1827 5424 2004 5497 quam-

433 5534 554 5590 illas
585 5533 794 5588 animas
831 5548 953 5602 qua:
986 5529 1198 5584 frenum
1223 5525 1522 5596 disciplina:
1543 5523 1665 5592 ejus
1696 5521 2001 5592 accipiunt,

2081 1966 2258 2028 albus,
2295 1974 2347 2020 et
2371 1966 2463 2035 qui
2493 1967 2678 2036 sitqui
2713 1967 2864 2022 sedet
2893 1982 3055 2036 super
3083 1983 3232 2032 eum,
3267 1968 3424 2037 cujus
3455 1984 3655 2024 nomen

2080 2066 2164 2114 est
2201 2055 2437 2112 Verbum
2474 2055 2589 2113 Dei.
2630 2056 2698 2112 Et
2738 2056 2878 2113 forte
2919 2058 3137 2128 quidem
3171 2059 3313 2114 dicet
3339 2059 3538 2130 aliquis
3571 2061 3654 2114 al-
3688 2076 3692 2081 ’

2082 2151 2210 2205 bum
2242 2164 2363 2204 esse
2386 2164 2586 2219 equum
2615 2165 2822 2220 corpus
2857 2151 3001 2220 quod
3037 2151 3336 2221 assumpsit
3364 2151 3652 2216 Dominus,

2083 2255 2136 2298 et
2163 2257 2274 2311 quo
2309 2241 2398 2296 ille
2438 2242 2532 2311 qui
2581 2242 2635 2296 in
2670 2242 2936 2312 principio
2969 2251 3086 2297 erat
3123 2244 3265 2312 apud
3305 2242 3470 2300 Deum
3511 2244 3656 2298 Deus

2084 2333 2321 2388 Verbum
2346 2333 2390 2367 “
2415 2372 2429 2397 ,
2461 2333 2545 2388 vel
2579 2334 2806 2389 vestitus
2843 2335 2927 2390 vel
2945 2343 3133 2390 vectus
3160 2343 3262 2389 est.
3294 2334 3446 2390 Alius
3473 2343 3653 2389 autem

2085 2424 2321 2478 animam
2351 2423 2513 2489 dicet,
2542 2440 2704 2494 quam
2729 2425 3029 2495 assumpsit
3057 2425 3448 2495 primogenitus
3477 2424 3658 2478 omnis
3754 2413 3761 2421 ’

2086 2526 2371 2583 creaturae,
2411 2525 2466 2571 et
2500 2517 2566 2571 de
2591 2533 2698 2586 qua
2730 2517 2947 2572 dicebat
2975 2535 2989 2570 :
3025 2515 3347 2570 Potestatem
3367 2515 3530 2568 habeo
3564 2530 3660 2583 po-

2085 2609 2242 2662 nendi
2261 2623 2401 2673 eam,
2425 2617 2472 2660 et
2495 2615 2802 2676 potestatem
2817 2606 2978 2660 habeo
2998 2607 3189 2660 iterum
3211 2605 3448 2659 sumendi
3460 2605 3656 2660 eam“.

2085 2697 2241 2753 Alius
2265 2712 2392 2751 vero
2423 2705 2714 2765 utrumque
2740 2695 2924 2760 simul,
2966 2709 3166 2763 corpus
3201 2701 3363 2763 atque
3394 2693 3658 2761 animam,

2087 2787 2244 2857 quasi
2284 2787 2376 2840 ubi
2422 2793 2706 2855 peccatum
2752 2800 2860 2838 non
2886 2783 3068 2847 fuerit,
3101 2797 3303 2851 equum
3338 2781 3442 2836 dici
3474 2782 3658 2834 album

2085 2877 2318 2946 putabit.
2369 2875 2523 2931 Alius
2571 2875 2750 2930 adhuc
2775 2883 2970 2943 quarto
3013 2874 3134 2928 loco
3165 2872 3462 2928 Ecclesiam
3494 2872 3658 2939 dicet,

2087 2981 2209 3036 quae
2240 2973 2290 3021 et
2321 2982 2520 3036 corpus
2545 2966 2664 3036 ejus
2687 2965 3020 3029 nominatur,
3040 2964 3225 3018 album
3240 2962 3410 3018 videri
3430 2977 3655 3031 equum,

2088 3057 2247 3126 quasi
2296 3070 2405 3110 non
2459 3056 2748 3111 habentem
2790 3054 3062 3110 maculam
3111 3060 3206 3108 aut
3251 3069 3463 3123 rugam,
3493 3067 3658 3123 quam

2088 3142 2192 3198 sibi
2229 3143 2343 3211 ipse
2378 3143 2736 3198 sanctificavit
2767 3143 2984 3197 lavacro
3008 3157 3184 3212 aquae.
3227 3140 3536 3197 Secundum
3560 3156 3663 3195 au-

2089 3242 2194 3288 tem
2228 3233 2343 3288 haec
2369 3233 2580 3302 singula
2613 3233 2776 3287 etiam
2803 3232 2893 3287 illa
2933 3232 3162 3302 accipiet
3181 3247 3302 3301 qua:
3329 3238 3658 3301 sequuntur,

2087 3323 2336 3378 militiam
2362 3323 2506 3388 coeli,
2543 3331 2596 3378 et
2617 3324 2919 3378 exercitum
2953 3321 3117 3389 Verbi
3150 3321 3266 3388 Dei,
3303 3330 3357 3378 et
3385 3322 3662 3391 quomodo

2088 3416 2286 3487 singuli
2319 3415 2524 3486 quique
2555 3430 2748 3471 eorum
2779 3423 3070 3484 sequentes
3107 3413 3345 3468 Verbum
3377 3411 3472 3467 Dei
3505 3412 3662 3482 equis

2087 3509 2227 3564 albis
2268 3510 2492 3565 sedeant
2517 3549 2532 3574 ,
2569 3518 2623 3562 et
2662 3507 2902 3578 byssinis
2929 3507 3066 3562 albis
3095 3507 3394 3562 induantur
3420 3514 3474 3559 et
3503 3520 3661 3559 mun-

2087 3601 2192 3657 dis.
2220 3599 2359 3654 Huic
2384 3614 2514 3670 ergo
2539 3613 2682 3668 equo
2715 3599 2838 3652 albo
2865 3614 2974 3667 quo
3014 3598 3130 3666 ipse
3157 3597 3376 3652 vehitur
3401 3597 3494 3664 qui
3527 3595 3664 3650 Ver-

2087 3691 2217 3746 bum
2247 3689 2342 3743 Dei
2372 3687 2694 3756 appellatur,
2725 3686 2812 3740 vel
2851 3685 2982 3738 huic
3027 3683 3296 3752 equitatui
3329 3680 3536 3736 coelesti
3568 3683 3663 3750 qui

2089 3796 2215 3836 eum
2256 3779 2503 3848 sequitur
2537 3778 2593 3831 in
2642 3776 2780 3830 albis
2828 3773 3184 3828 nihilominus
3223 3772 3400 3842 equis,
3444 3785 3666 3840 compa-

2089 3878 2176 3925 rat
2222 3877 2276 3924 et
2303 3867 2534 3922 similem
2583 3864 2714 3918 facit
2758 3863 3009 3918 Christus
3051 3861 3349 3916 Ecclesiam
3390 3876 3567 3916 suam.
3604 3859 3661 3914 ln

2091 3958 2344 4014 curribus
2390 3962 2570 4010 autem
2604 3952 2907 4008 Pharaonis
2949 3952 3033 4007 vel
3072 3951 3146 4006 ita
3187 3965 3479 4020 possumus
3521 3953 3667 4005 acci-

2089 4061 2240 4118 pere,
2278 4054 2338 4100 ut
2381 4053 2647 4116 quantum
2680 4044 2772 4099 hic
2807 4041 3022 4097 Domini
3057 4042 3333 4111 equitatus
3362 4040 3665 4110 equitatum

2091 4148 2148 4197 et
2191 4152 2388 4194 currus
2437 4135 2742 4191 Pharaonis
2794 4134 2996 4189 evincit
3027 4144 3080 4189 et
3113 4131 3403 4203 praecellit,
3453 4139 3664 4186 tantum

2091 4242 2174 4301 tu,
2206 4246 2329 4302 quae
2360 4227 2585 4300 pulchra
2607 4242 2666 4282 es
2692 4227 2747 4281 in
2769 4225 3113 4290 mulieribus,
3143 4223 3409 4294 praecellis
3434 4230 3488 4277 et
3509 4222 3666 4276 evin-

2091 4324 2172 4380 cis
2207 4335 2399 4377 omnes
2424 4319 2663 4387 reliquas
2697 4317 2930 4382 animas,
2951 4329 3072 4385 quae
3098 4314 3276 4368 adhuc
3303 4313 3496 4383 jugum
3524 4310 3669 4366 Pha-

2092 4417 2278 4472 raonis
2327 4417 2583 4484 portant,
2625 4416 2680 4463 et
2729 4422 2975 4464 sessores
3037 4406 3158 4476 ejus
3203 4405 3522 4482 patiuntur;
3581 4403 3669 4459 vel

1813 4524 1990 4580 οεαιοε
2022 4516 2068 4572 1)
2097 4517 2244 4564 certe
2287 4504 2434 4576 quod
2477 4501 2754 4573 equitatus
2802 4498 2892 4553 hic
2923 4512 3101 4562 meus,
3142 4497 3236 4568 qui
3265 4497 3484 4552 lavacro
3512 4511 3669 4566 aqua:

2092 4597 2410 4664 mundatus,
2437 4607 2611 4666 purus
2639 4602 2693 4647 et
2725 4589 2993 4646 candidus
3021 4587 3202 4644 factus
3229 4596 3332 4656 est,
3351 4596 3406 4644 et
3427 4587 3666 4643 Verbum

2093 4690 2189 4747 Dei
2210 4689 2410 4745 meruit
2435 4686 2636 4742 habere
2652 4695 2947 4748 sessorem,
2975 4695 3043 4736 ex
3069 4679 3324 4735 curribus
3352 4687 3670 4747 assumptus

2093 4793 2179 4840 est
2197 4779 2523 4836 Pharaonis.
2556 4775 2685 4832 Inde
2712 4775 2859 4830 enim
2885 4787 3078 4828 omnes
3106 4771 3333 4826 veniunt
3359 4770 3666 4833 credentes,

2095 4877 2224 4948 quia
2271 4873 2524 4930 Christus
2565 4868 2717 4925 venit
2755 4867 2811 4922 in
2862 4866 3008 4920 hunc
3048 4865 3312 4920 mundum
3356 4871 3670 4933 peccatores

2098 4968 2278 5024 salvos
2311 4966 2511 5020 facere.
2540 4959 2658 5016 Hoc
2687 4973 2815 5029 ergo
2853 4956 3015 5012 modo
3041 4962 3220 5026 potest
3241 4954 3517 5024 explanari
3541 4969 3670 5009 ver-

2099 5059 2256 5116 siculi
2290 5057 2456 5126 hujus
2485 5067 2682 5111 sensus
2702 5091 2717 5118 ,
2748 5047 3012 5120 equitatui
3044 5062 3167 5102 meo
3196 5047 3288 5117 qui
3322 5047 3424 5102 fuit
3451 5051 3577 5099 ante
3613 5043 3670 5097 in

2098 5149 2352 5207 curribus
2375 5146 2702 5215 Pharaonis,
2757 5155 2810 5200 et
2845 5158 2994 5199 nunc
3032 5142 3281 5212 sequitur
3310 5153 3397 5193 me
3425 5137 3480 5193 in
3512 5133 3670 5204 equis

2101 5240 2261 5306 albis,
2309 5237 2631 5308 puriﬁcatus
2666 5236 2722 5291 in
2767 5236 2986 5292 lavacro
3018 5248 3194 5304 aqua,
3230 5229 3461 5286 similem
3496 5235 3551 5280 te
3578 5240 3669 5279 ar-

2105 5332 2298 5393 bitror,
2319 5327 2570 5399 proxima
2615 5341 2758 5383 mea.
2807 5325 2988 5380 Beata:
3023 5337 3152 5391 ergo
3193 5327 3320 5374 sunt
3350 5316 3452 5369 illa:
3477 5312 3674 5366 animae

2102 5437 2224 5492 qua:
2251 5420 2478 5476 dorsum
2519 5433 2679 5475 suum
2705 5421 3065 5474 curvaverunt
3089 5421 3149 5466 ut
3176 5406 3475 5476 suscipiant
3499 5417 3678 5459 sesso-

2101 5531 2218 5574 rem
2246 5514 2480 5572 Verbum
2516 5511 2609 5567 Dei
2642 5523 2808 5580 super
2839 5518 2920 5570 se,
2953 5515 3005 5560 ct
3035 5503 3186 5557 frena
3219 5498 3338 5568 ejus
3371 5496 3679 5568 patiuntur,

507 5707 586 5761 ³⁸1
614 5707 739 5762 Cor.
769 5724 829 5772 ιι,
861 5708 945 5761 12.
1022 5706 1067 5738 ³⁸
1099 5704 1256 5760 Rom.
1287 5719 1407 5769 vni,
1429 5703 1518 5772 ¹152
1595 5700 1637 5732 ³⁷
1660 5697 1831 5772 Exod:
1867 5711 1978 5752 xxv.

2086 5691 2167 5750 Ἰν
2201 5688 2334 5763 Reg.
2364 5704 2441 5757 vt,
2467 5686 2556 5753 l6,
2577 5685 2663 5739 ΓΙ.
2739 5683 2781 5714 ³ο
2815 5677 3017 5735 llabac.
3047 5689 3128 5742 ιιι,
3162 5672 3217 5730 8.
3291 5669 3338 5705 ³⁸
3364 5671 3532 5742 Apoc.
3559 5682 3678 5738 nx,

442 5780 530 5844 ll,
566 5779 760 5846 l2,l3,
801 5768 882 5830 lt.
957 5777 1000 5808 “
1031 5775 1183 5830 Joan.
1221 5793 1260 5840 ι,
1291 5775 1342 5830 1.
1417 5774 1463 5806 δ’
1491 5770 1646 5829 Joan.
1684 5785 1741 5839 ι,
1770 5768 1855 5823 18.
