4134 6458
459 396 556 452 i3!

1553 387 1878 444 ORIGENIS
1916 388 1982 442 IN
2024 389 2377 445 CANTICUM
2417 391 2691 447 CANTIC.

3628 399 3733 455 i392

458 527 520 573 ut
554 530 884 586 quocunque
917 515 1036 585 ipse
1075 513 1307 570 voluerit
1331 513 1513 570 ﬂectat
1545 532 1661 580 cas,
1694 525 1751 570 et
1787 526 1914 587 agat
1945 517 2046 570 ha-
2076 522 2120 578 Α
2156 516 2282 569 viris
2323 518 2432 570 suis
2464 517 2516 570 in
2552 517 2812 571 omnibus.
2869 517 3002 581 Viri,
3037 517 3246 590 diligite
3281 536 3473 577 uxores
3507 531 3728 591 uestras,

460 610 617 664 benis
647 619 1040 678 praceptorum
1071 623 1296 662 suorum
1329 625 1344 662 :
1380 609 1509 678 quia
1537 608 1651 678 jam
1682 625 1790 663 non
1822 612 2044 679 propria

470 703 744 757 voluntate
772 702 1065 765 incedunt,
1113 701 1207 755 sed
1239 702 1302 756 ad
1336 703 1521 756 omnia
1560 703 1838 757 ducuntur
1874 713 1928 760 ct
1960 721 2047 760 re-

460 794 739 849 ducuntur
772 797 1049 849 voluntate
1078 793 1333 849 sessoris.
1379 791 1447 846 Et
1482 793 1736 852 fortassis
1767 797 2046 851 videbitur

461 886 761 940 secundum
808 886 912 940 hoc
963 884 1106 954 quod
1141 899 1208 939 ex
1244 884 1434 938 multis
1483 885 1775 942 animabus
1814 901 2046 957 congre-

461 988 581 1049 gata
618 988 700 1034 est
722 978 986 1043 Ecclesia,
1024 988 1078 1032 et
1108 978 1419 1049 exemplum
1445 979 1569 1032 vita
1597 979 1806 1048 accepit
1831 994 1860 1032 a
1884 979 2046 1034 Chri-

459 1082 565 1136 sto,
601 1073 744 1142 quod
790 1087 895 1126 non
943 1080 1052 1126 tam
1085 1072 1156 1126 ab
1197 1072 1312 1142 ipsa
1340 1071 1536 1126 deitate
1565 1070 1726 1126 Verbi
1761 1072 1855 1128 Dei
1885 1089 2044 1128 acce—

457 1158 618 1227 perit,
670 1175 793 1229 qua
845 1161 1037 1229 utique
1087 1161 1460 1230 supereminet
1487 1175 1584 1215 eos
1615 1170 1770 1216 actus
1806 1163 1887 1218 vel
1919 1163 2043 1219 εσθ-

457 1260 600 1316 ctus,
652 1252 746 1320 qui
785 1252 852 1306 ad
897 1251 1207 1321 exemplum
1257 1252 1378 1306 dari
1420 1253 1733 1309 hominibus
1773 1255 2040 1323 debeant;

458 1345 552 1397 scd
597 1342 689 1398 illa
738 1344 919 1399 anima
975 1360 1098 1414 qua
1151 1354 1431 1414 assumpta
1479 1355 1563 1400 est
1603 1346 1673 1401 ab
1707 1361 1804 1416 eo,
1846 1347 1900 1401 in
1934 1364 2040 1417 qua

455 1431 561 1487 fuit
591 1449 808 1489 summa
836 1434 1116 1504 perfectio,
1154 1435 1243 1490 illa
1275 1436 1346 1490 sit
1389 1437 1454 1490 ad
1487 1439 1798 1508 exemplum
1834 1439 2038 1507 posita,

457 1531 514 1576 et
541 1524 658 1592 ipsa
695 1525 908 1580 dicatur
942 1525 1030 1580 hic
1060 1528 1310 1596 proxima
1341 1543 1498 1593 mea;
1532 1529 1692 1598 cujus
1727 1529 2042 1584 similitudi-

459 1627 584 1667 nem
617 1613 818 1668 hahere
846 1614 1038 1671 debeat
1069 1616 1232 1670 etiam
1280 1615 1544 1682 Ecclesia,
1591 1635 1714 1688 qua
1753 1635 1816 1673 ex
1853 1621 2041 1676 multis

461 1713 824 1773 congregatur
854 1704 1175 1769 animabus,
1205 1705 1313 1760 illis
1347 1706 1554 1761 scilicet
1580 1723 1702 1776 qua
1736 1711 1889 1778 prius
1919 1709 2038 1766 fue-

459 1803 582 1848 rant
618 1795 722 1849 sub
761 1795 895 1866 jugo
923 1803 977 1850 et
1016 1796 1268 1850 curribus
1304 1795 1625 1860 Pharaonis,
1677 1809 1732 1854 et
1759 1802 2039 1872 equitatus

2148 609 2286 661 sicut
2337 617 2386 661 et
2417 607 2659 662 Christus
2702 610 2890 664 dilexit
2921 609 3214 665 Ecclesium
3248 629 3401 666 suam
3449 624 3496 668 et
3541 625 3730 668 seruet-

2147 699 2320 768 ipsum
2356 701 2581 753 tradidit
2614 715 2708 770 pro
2740 717 2832 765 ea,
2869 710 2926 753 ut
2961 719 3077 755 eam
3118 705 3479 773 sanctiﬁcaret
3519 704 3729 759 lavacro

2148 807 2298 859 aqua
2337 793 2390 844 in
2431 791 2612 858 verbo,
2653 801 2709 844 ut
2762 793 2870 856 ipse
2921 792 3022 845 sibi
3065 803 3392 863 pra’pararet
3439 795 3726 864 gloriosam

2148 881 2443 936 Ecclesium
2476 899 2576 936 non
2619 883 2892 937 habentem
2926 886 3210 951 maculam,
3256 894 3348 939 aut
3393 901 3604 955 rugam,
3628 898 3719 939 aut

2147 972 2352 1041 aliquid
2395 972 2720 1040 hujusmodi,
2761 973 2852 1028 sed
2886 984 2941 1027 ut
2975 984 3108 1029 esset
3151 985 3340 1028 sancta
3371 984 3421 1028 et
3465 976 3729 1030 immacu-

2147 1061 2260 1114 lata
2285 1064 2351 1116 ".
2400 1061 2467 1117 Et
2511 1073 2636 1135 post
2679 1080 2848 1134 pauca
2885 1080 2900 1119 :
2956 1065 3143 1131 Nemo,
3185 1066 3386 1136 inquit,
3431 1068 3571 1121 enim
3623 1068 3725 1120 ali-

2145 1152 2359 1221 quando
2389 1169 2599 1207 carnem
2631 1171 2781 1208 suam
2813 1156 2933 1209 odio
2962 1155 3168 1220 habuit,
3199 1156 3290 1210 sed
3321 1157 3484 1209 nutrit
3514 1165 3561 1209 et
3590 1156 3725 1225 fovet

2144 1261 2260 1299 eam
2285 1245 2422 1298 sicut
2446 1255 2492 1299 et
2515 1245 2759 1300 Christus
2786 1245 3102 1311 Ecclesium,
3131 1247 3259 1317 quia
3286 1248 3518 1302 membra
3541 1265 3724 1303 sumus

2143 1338 2379 1404 corporis
2406 1338 2519 1405 ejus
2547 1338 2614 1399 “,
2643 1346 2697 1391 ct
2723 1339 2950 1407 reliqua.

2218 1425 2322 1481 Per
2351 1429 2465 1482 hac
2486 1443 2616 1498 ergo
2641 1429 2956 1491 edocemur,
2981 1428 3256 1497 quomodo
3293 1444 3495 1500 sponsa
3521 1428 3722 1483 Christi

2143 1533 2267 1587 qua
2295 1527 2380 1574 est
2405 1518 2669 1586 Ecclesia,
2697 1520 2862 1574 etiam
2893 1520 2964 1574 sit
2997 1534 3197 1589 corpus
3227 1519 3347 1589 ejus
3372 1529 3425 1575 et
3453 1521 3722 1575 membra.

2145 1607 2201 1662 Si
2237 1625 2368 1679 ergo
2409 1611 2602 1666 audias
2635 1610 2822 1680 sponsi
2853 1610 3094 1664 membra
3151 1611 3443 1669 nominari.
3468 1609 3725 1666 Ecclesia:

2144 1701 2390 1754 membra
2436 1700 2542 1755 dici
2581 1700 2839 1769 intelligo.
2881 1699 2936 1754 In
2980 1701 3181 1770 quibus
3216 1701 3358 1756 sicut
3403 1710 3531 1755 sunt
3555 1701 3722 1771 aliqui

2141 1793 2232 1862 qui
2263 1793 2519 1847 dicuntur
2553 1793 2718 1858 oculi,
2744 1806 2842 1863 pro
2885 1791 3254 1863 intelligentia
3293 1792 3412 1847 sine
3456 1791 3623 1847 dubio
3661 1807 3725 1846 ac

458 1882 676 1938 Domini
708 1886 1070 1955 appellantur.
1104 1885 1236 1953 Qum
1265 1897 1447 1942 autem
1481 1905 1548 1944 ex
1571 1889 1786 1948 duabus
1821 1895 2040 1963 εχροεί-
2073 1876 2116 1936 Β
2143 1884 2387 1938 scientia
2433 1884 2660 1946 lumine,
2686 1892 2741 1938 et
2780 1883 2872 1938 alii
2915 1899 3079 1938 aures
3105 1900 3205 1954 pro
3236 1883 3511 1938 audiendo
3555 1883 3723 1938 verbo

459 1973 534 2026 tio
575 1975 869 2028 convenire
915 1977 1089 2046 magis
1131 1979 1415 2048 proposito
1456 1981 1730 2036 versiculo
1767 1983 2036 2050 videatur,

455 2063 712 2134 probabis
735 2067 900 2121 etiam
928 2077 986 2122 tu
1016 2068 1112 2138 qui
1139 2070 1295 2141 legis.

537 2153 692 2210 Vers.
737 2155 828 2212 iO.
886 2156 1060 2221 Quam
1108 2160 1355 2228 speciosa
1398 2161 1555 2230 facta
1600 2171 1722 2216 sunt
1768 2175 2040 2234 gementes

460 2255 714 2316 tanquam
749 2250 997 2314 turturis,
1029 2251 1204 2304 cervis:
1240 2261 1331 2304 tua
1358 2252 1492 2305 sicut
1525 2251 1856 2310 redimicula.
1890 2254 2038 2313 Ordo

458 2340 723 2396 dramatis
753 2340 1068 2410 hujusmodi
1097 2343 1310 2396 videtur
1329 2344 1528 2398 habere
1559 2349 2036 2415 consequentiam,

458 2432 607 2503 quod
662 2443 1016 2504 posteaquam
1077 2435 1375 2490 austeriore
1425 2451 1562 2491 usus
1601 2446 1685 2492 est
1737 2441 2039 2495 commina-

459 2526 606 2582 tione
630 2541 868 2595 sponsus
903 2527 969 2581 ad
1005 2542 1286 2596 sponsam,
1315 2538 1654 2598 protestatus
1682 2531 1733 2586 ei
1759 2534 1906 2602 quod
1933 2534 2036 2590 nisi

454 2628 810 2688 cognosceret
854 2619 1204 2687 semetipsum
1250 2620 1466 2676 exitura
1514 2631 1664 2678 esset
1704 2624 1759 2679 in
1792 2625 2037 2696 vestigiis

455 2722 700 2778 gregum,
731 2715 786 2762 et
820 2717 1068 2776 pasceret
1099 2723 1208 2762 non
1245 2725 1398 2777 oves,
1427 2712 1521 2767 sed
1550 2713 1772 2781 hados,
1799 2717 2038 2770 erubue-

454 2798 527 2850 rit
556 2811 723 2865 super
757 2796 1073 2851 austeritate
1107 2800 1382 2869 praecepti,
1429 2800 1522 2856 sed
1569 2811 1624 2856 ct
1674 2804 1841 2858 rubor
1889 2821 2039 2860 vere-

454 2888 670 2943 cundia
718 2889 948 2947 diﬂusus
991 2891 1044 2945 in
1075 2892 1229 2945 vultu
1277 2892 1555 2962 speciosas
1592 2893 1834 2949 eiecerit
1871 2911 2038 2968 genas

454 2980 611 3048 ejus,-
644 2988 698 3034 et
730 2982 900 3036 multo
947 2998 1112 3053 quam
1143 2983 1360 3037 fuerant
1393 2982 1734 3052 pulchriores
1765 3003 1779 3039 :
1807 3002 1916 3041 non
1949 3003 2037 3042 so-

455 3075 567 3129 lum
600 3086 782 3130 autem
831 3092 1003 3146 gena,
1060 3078 1155 3132 sed
1213 3085 1268 3131 et
1306 3077 1491 3132 cervix
1535 3077 1657 3146 ejus
1694 3087 1804 3132 tam
1839 3080 2036 3135 decora

453 3168 524 3223 sit
555 3168 788 3232 reddita,
834 3168 995 3238 quasi
1032 3167 1318 3222 monilium
1359 3168 1699 3224 redimiculis
1747 3171 2033 3226 adornata.

451 3255 809 3312 Pulchritudo
842 3273 971 3328 ergo
1014 3273 1276 3328 genarum
1311 3258 1622 3313 turturibus
1661 3269 2036 3332 comparatur,

450 3348 596 3419 quod
642 3365 737 3420 per
792 3348 1108 3419 bujusmodi
1160 3362 1289 3402 aves
1333 3348 1495 3403 simul
1544 3348 1803 3406 honestas
1853 3352 2038 3407 vultus

448 3450 505 3494 et
556 3441 814 3507 alacritas
857 3442 1151 3496 indicetur.
1207 3438 1333 3494 "ac
1367 3449 1454 3495 est
1495 3440 1740 3496 historici
1774 3442 2038 3498 dramatis

445 3535 550 3604 61
594 3534 924 3604 explanatio.
969 3531 1073 3586 Sed
1103 3531 1388 3587 veniamus
1438 3533 1504 3587 ad
1533 3548 1669 3587 rem.
1697 3533 1902 3589 Paulus
1926 3535 2036 3605 (5i)

446 3628 728 3696 apostolus
746 3626 992 3680 scribens
1015 3624 1080 3678 ad
1097 3623 1392 3679 Ecclesiam
1406 3624 1814 3682 Corinthiorum
1838 3628 1910 3682 ita
1925 3629 1999 3683 ait
2019 3646 2033 3684 :

447 3716 650 3787 Corpus
693 3725 870 3768 autem
912 3731 1014 3768 non
1055 3722 1132 3768 est
1169 3715 1456 3770 membrum
1491 3734 1676 3783 unum,
1714 3719 1806 3772 sed
1839 3720 2030 3776 multa.

448 3807 517 3862 Et
554 3809 598 3860 si
629 3808 826 3860 dixerit
857 3822 944 3875 pes
976 3807 1101 3876 quia
1142 3824 1246 3861 non
1287 3825 1405 3862 sum
1438 3826 1643 3878 manus,
1681 3828 1785 3865 non
1813 3829 1930 3866 sum
1968 3813 2033 3868 de

445 3917 683 3970 corpore,
726 3915 828 3952 non
862 3907 1137 3969 propterea
1172 3915 1274 3953 non
1304 3908 1380 3953 est
1416 3900 1479 3954 de
1512 3917 1762 3970 corpore;
1790 3913 1838 3956 et
1867 3905 1914 3958 si
1941 3904 2023 3958 di-

444 3993 586 4043 xerit
633 3990 914 4055 auricula,
960 3989 1087 4058 quia
1134 4006 1235 4043 non
1276 4006 1391 4044 sum
1437 3991 1644 4057 oculus,
1685 4009 1789 4045 non
1818 4010 1934 4046 sum
1965 3995 2031 4048 de

445 4097 684 4149 corpore,
717 4097 816 4133 non
839 4089 1112 4151 propterea
1142 4097 1244 4134 non
1274 4093 1351 4135 est
1381 4081 1445 4134 de
1465 4098 1703 4152 corpore.
1767 4082 1827 4137 Si
1861 4094 2031 4139 totum

445 4189 634 4244 corpus
654 4183 729 4226 est
754 4173 954 4239 oculus,
989 4173 1080 4226 ubi
1103 4182 1180 4226 est
1211 4174 1429 4227 auditus
1450 4174 1476 4226 ξ)
1509 4172 1567 4227 Si
1592 4183 1757 4229 totum
1786 4177 2028 4243 auditus,

443 4268 534 4322 ubi
556 4268 807 4321 odoratus
825 4269 850 4321 ?
869 4266 1027 4321 Nunc
1063 4276 1238 4320 autem
1257 4265 1394 4321 Deus
1421 4267 1596 4336 posuit
1625 4269 2032 4339 unumquodque

445 4359 736 4413 membrum
782 4361 837 4413 in
882 4375 1097 4429 corpore
1139 4361 1276 4412 sicut
1313 4359 1476 4414 voluit
1504 4359 1569 4413 ".
1615 4357 1681 4412 Et
1717 4375 1839 4414 cum
1871 4362 2028 4430 plura

444 4451 512 4505 de
549 4451 653 4505 hoc
680 4450 1035 4518 disputasset,
1083 4450 1148 4502 ad
1179 4449 1430 4502 ultimum
1465 4449 1599 4503 dicit
1637 4468 1649 4502 :
1701 4447 1804 4503 Vos
1850 4461 2027 4504 autem

2142 1973 2428 2040 doctrina,
2462 1974 2555 2028 alii
2589 1990 2784 2029 manus
2811 1989 2910 2043 pro
2942 1974 3103 2028 bonis
3129 1974 3386 2044 Operibus
3427 1973 3722 2043 religiosis-

2138 2080 2247 2136 que
2287 2065 2626 2132 ministeriis,
2667 2067 2738 2120 ita
2775 2066 3018 2120 suutalii
3061 2075 3115 2122 et
3148 2067 3245 2136 qui
3288 2081 3439 2135 gena
3471 2066 3591 2134 ejus
3621 2081 3719 2136 ap-

2140 2157 2430 2228 pellentur.
2481 2158 2645 2213 Gena
2685 2168 2868 2214 autem
2911 2168 3090 2228 partes
3127 2160 3308 2213 vultus
3345 2160 3621 2225 dicuntur,
3666 2159 3719 2212 in

2139 2247 2680 2317 quibushonestaset
2704 2250 3027 2303 verecundia
3045 2250 3565 2320 animaagnoscitur
3587 2267 3600 2303 :
3625 2264 3721 2319 per

2140 2341 2288 2410 quod
2325 2341 2446 2396 sine
2472 2341 2640 2395 dubio
2669 2341 2744 2395 illi
2783 2342 2837 2395 in
2866 2341 3126 2395 membris
3154 2340 3409 2395 Ecclesia
3437 2341 3722 2396 declaran-

2144 2441 2253 2499 tur,
2277 2433 2370 2503 qui
2395 2433 2666 2488 castitatis
2692 2442 2747 2488 et
2773 2433 3046 2503 pudicitia
3075 2433 3331 2487 excolunt
3358 2433 3718 2488 honestatem.

2139 2522 2245 2578 Pro
2300 2525 2386 2580 his
2433 2539 2564 2595 ergo
2617 2523 2684 2577 ad
2734 2537 2898 2578 omne
2947 2538 3148 2593 corpus
3220 2539 3435 2593 sponsa
3479 2523 3712 2578 dicitur:

2140 2613 2609 2684 Quam'speciosa:
2649 2613 2809 2682 facta
2846 2622 2968 2666 sunt
3011 2629 3155 2683 gena:
3187 2612 3335 2668 tute!
3378 2611 3443 2666 Et
3490 2613 3716 2666 observa

2135 2708 2266 2779 quia
2316 2723 2425 2762 non
2471 2707 2631 2774 dixit,
2679 2722 2845 2778 quam
2898 2708 3160 2776 speciosa
3206 2715 3334 2762 sunt
3375 2721 3525 2775 gena
3581 2714 3716 2759 tua:

2139 2803 2277 2858 sed:
2305 2801 2480 2866 Quam
2521 2801 2770 2869 speciosa:
2811 2801 2968 2870 facta:
3001 2810 3156 2865 sunt;
3199 2810 3257 2855 ut
3283 2798 3533 2856 ostendat
3568 2800 3718 2868 prius

2141 2891 2365 2963 quidem
2422 2904 2533 2945 non
2579 2905 2672 2946 cas
2708 2892 2782 2945 ita
2824 2890 2995 2946 fuisse
3028 2893 3343 2962 speciosus,
3381 2890 3474 2946 sed
3500 2898 3718 2960 postea~

2136 2998 2308 3054 quam
2358 2980 2598 3051 suscepit
2646 2980 2834 3037 oscula
2882 2981 3106 3050 sponsi,
3151 2989 3205 3034 et
3245 2983 3356 3050 ipse
3385 2981 3478 3050 qui
3528 2982 3717 3051 loque-

2139 3081 2302 3136 batur
2329 3095 2425 3151 per
2456 3079 2751 3150 prophetas
2786 3077 2938 3146 prius
2973 3075 3167 3139 adfuit,
3201 3084 3255 3128 et
3293 3071 3578 3127 mandavit
3617 3071 3718 3124 sibi

2147 3170 2250 3240 ipsi
2282 3169 2583 3224 Ecclesiam
2626 3182 2782 3224 suam
2839 3166 3058 3221 lavacro
3109 3179 3284 3234 aqua,
3329 3171 3383 3218 et
3425 3160 3552 3215 fecit
3597 3175 3716 3214 eam

2142 3277 2253 3316 non
2303 3261 2506 3316 habere
2550 3261 2821 3315 maculam
2874 3268 2970 3314 aut
3011 3271 3227 3327 rugam,
3283 3263 3337 3310 et
3385 3254 3716 3324 agnitionem

2141 3352 2227 3408 sui
2251 3351 2499 3422 prastitit
2523 3350 2595 3415 ei,
2618 3361 2748 3406 tunc
2776 3349 2934 3405 facta
2960 3357 3087 3402 sunt
3117 3345 3378 3415 speciosa
3402 3359 3550 3414 gena
3571 3341 3712 3412 ejus.

2139 3441 2297 3498 Tunc
2343 3443 2489 3498 cnim
2529 3442 2754 3500 castitas
2796 3449 2849 3496 et
2893 3438 3154 3510 pudicitia
3199 3444 3253 3490 et
3281 3435 3563 3506 virginitas
3594 3448 3717 3503 qua

2139 3533 2294 3603 prius
2334 3548 2444 3587 non
2483 3532 2694 3600 fuerat,
2717 3547 2812 3602 per
2840 3529 3100 3586 Ecclesia
3128 3544 3295 3600 genas
3335 3527 3585 3597 specioso
3618 3526 3716 3580 de-

2137 3638 2267 3678 core
2301 3622 2498 3680 dilfusa
2521 3631 2624 3679 est.
2677 3622 2808 3688 Qua
2857 3631 3038 3676 tamen
3086 3635 3350 3690 genarum
3385 3619 3618 3689 species,
3661 3618 3715 3672 id

2135 3723 2220 3770 est
2247 3713 2524 3783 pudicitia
2566 3722 2620 3770 et
2647 3713 2918 3770 castitatis
2940 3753 2955 3777 ,
3004 3711 3309 3766 turturihus
3344 3717 3710 3780 comparatur.

2136 3805 2438 3860 Turturum
2487 3805 2674 3860 ferunt
2703 3805 3020 3876 hujusmodi
3061 3813 3310 3857 naturam
3351 3817 3492 3869 esse,
3523 3810 3584 3856 ut
3617 3817 3714 3854 ne-

2133 3913 2240 3970 que
2281 3899 2562 3956 masculus
2595 3908 2790 3969 prater
2831 3914 2995 3953 unam
3036 3897 3295 3953 feminam
3337 3896 3496 3951 adeat
3526 3896 3710 3958 aliam,

2135 4006 2237 4046 nec
2262 3991 2462 4047 femina
2480 3991 2604 4060 plus
2624 4005 2790 4062 quam
2809 4005 2979 4046 unum
3009 3989 3248 4060 patiatur
3273 4003 3512 4056 marem;
3550 3987 3624 4042 ita
3652 3995 3712 4040 ut

2133 4083 2180 4138 si
2208 4083 2417 4138 accidat
2451 4085 2621 4139 altero
2668 4084 2968 4153 intercepto
3017 4095 3305 4151 superesse
3341 4080 3594 4142 alterum,
3616 4095 3712 4150 pa-

2131 4172 2266 4228 riter
2297 4189 2419 4228 cum
2451 4173 2680 4244 conjuge
2709 4174 3014 4230 exstinctus
3047 4172 3186 4228 sitei
3210 4172 3533 4228 concubitus
3549 4185 3722 4229 amor.

2130 4262 2530 4318 Convenienter
2557 4279 2686 4334 ergo
2709 4265 3012 4321 similitudo
3034 4264 3262 4319 turturis
3286 4271 3506 4333 aptatur
3527 4262 3712 4318 Eccle-

2131 4355 2251 4418 sia,
2275 4355 2420 4424 quod
2449 4356 2532 4411 vel
2566 4356 2791 4414 alterius
2816 4356 2916 4411 viri
2942 4364 3068 4426 post
3088 4355 3366 4410 Christum
3394 4354 3708 4425 conjugium

2131 4450 2377 4518 nesciat,
2409 4451 2493 4508 vel
2539 4451 2686 4522 quod
2733 4452 3083 4508 continentia
3139 4461 3191 4506 et
3230 4452 3502 4521 pudicitia
3545 4451 3601 4505 in
3644 4465 3707 4504 ca

443 4543 570 4595 estis
602 4557 789 4611 corpus
815 4541 1014 4595 Christi
1044 4551 1092 4594 et
1122 4541 1352 4596 membra
1383 4555 1448 4593 ex
1472 4550 1626 4609 parte
1650 4540 1715 4595 ⁸⁵.
1741 4541 1806 4596 Et
1831 4542 2028 4598 iterum
2063 4553 2107 4608 ι)
2135 4551 2396 4612 tanquam
2450 4551 2726 4600 turturum
2775 4544 2965 4600 volitet
3028 4543 3338 4598 multitudo.
3395 4542 3705 4599 Secundum

445 4633 512 4687 ad
545 4632 810 4704 Ephesios
849 4632 1095 4688 scribens
1133 4631 1300 4687 dicit:
1339 4629 1576 4701 Subjecti
1615 4633 1837 4687 invicem
1868 4636 1923 4688 in
1956 4635 2026 4689 ti«

443 4741 587 4779 more
610 4724 833 4780 Christi.
869 4724 1118 4777 Mulieres
1154 4724 1284 4777 viris
1325 4725 1437 4777 suis
1464 4724 1713 4793 subjecta:
1741 4727 1847 4780 sint
1890 4728 2027 4781 sicut

446 4817 670 4870 Domino
702 4833 720 4872 :
756 4817 882 4887 quia
917 4817 996 4870 vir
1030 4824 1190 4884 caput
1221 4825 1296 4868 est
1329 4816 1586 4882 mulieris,
1619 4819 1756 4872 sicut
1787 4827 1835 4873 et
1869 4819 2028 4874 Chri-

442 4919 558 4963 stus
589 4917 666 4962 est
703 4919 860 4978 caput
889 4906 1161 4973 Ecclesiae,
1209 4913 1318 4974 ipse
1343 4906 1590 4962 Salvator
1615 4911 1879 4979 corporis.
1918 4910 2026 4966 Sed

441 5000 580 5053 sicut
608 4998 851 5052 Ecclesia
888 4997 1122 5066 subjecta
1165 5007 1242 5052 est
1271 4997 1518 5061 Christo,
1566 5000 1642 5052 ita
1687 5008 1736 5054 et
1774 5000 2026 5054 mulieres

550 5113 792 5190 fateor.
829 5114 1498 5190 st_t,l4,15,16,i7,18.
1555 5118 1757 5174 “una.
1795 5118 1887 5173 27.
1967 5119 2011 5151 η
2037 5117 2177 5190 Eph.
2217 5117 2618 5186 v,2t,22,23,
2642 5118 2960 5188 24,25,26,
2986 5118 3079 5173 27.

442 5189 488 5220 ⁸⁷
513 5188 704 5243 Matth.
733 5203 808 5250 XI,
838 5185 927 5242 ‘29.

515 5305 1018 5396 (51)]διριξοριξιιξ»Α
1047 5322 1122 5396 ex,
1159 5308 1388 5393 Origene
1431 5328 1444 5364 :
1497 5309 1819 5396 ςΔξλὸελιαὶ
1879 5312 2016 5382 μέλη

444 5377 700 5452 Epicteti
730 5377 828 5448 τῆς
859 5377 1190 5452 ΔἘκκλησίᾳς
1226 5379 1441 5452 vitam;
1488 5382 1516 5432 ὁ
1569 5381 1780 5452 flatile;
1835 5377 2016 5451 φὴσινί

446 5591 718 5675 φροσύνης
776 5591 1248 5668 καρποφορρῦντες
1299 5591 1450 5644 αἰδῶ.
1499 5594 1559 5644 υἱ
1596 5591 1858 5672 πρότερον
1895 5591 2024 5654 ἴσως

447 5678 550 5732 oux
573 5661 721 5722 ὄντες
743 5661 902 5732 ualet
927 5677 1179 5732 ῖοσουτον
1209 5661 1522 5729 μετέϐαλον,
1569 5661 1643 5724 ὡς
1679 5661 1929 5732 signo-Om
1955 5665 2021 5732 τῇ

448 5728 656 5802 νύμφῃ·
687 5730 750 5802 λΤί
787 5729 1171 5802 όψαιώριησατξ
1202 5728 1258 5783 αι
1284 5732 1568 5802 σιαγόνες
1599 5728 1743 5802 grav;
1875 5728 2023 5801 ἔχονζ

449 5747 656 5800 νυμφη·
694 5747 748 5781 ιι
787 5749 831 5781 ω
869 5747 1171 5796 αιωυησατ·
1202 5747 1257 5783 αι
1288 5747 1568 5799 σιαγονες
1601 5747 1739 5785 σουο
1771 5747 1844 5802 μη
1875 5747 2023 5801 εχον-

449 5819 541 5864 τες
590 5790 776 5871 ᾰπῖλρν
797 5747 1079 5871 ρυτίδασ
1113 5801 1250 5868 τάχα
1279 5800 1336 5852 δὲ
1370 5801 1446 5871 τῷ
1473 5802 1562 5852 τὸν
1595 5800 1693 5854 ἕνα
1739 5803 1897 5871 μόνον
1939 5818 2024 5869 γι-

450 5853 680 5925 νώὶκειν
707 5853 990 5925 Θεόῦ·’κα“ι
1045 5871 1078 5939 ἡ
1127 5853 1339 5940 apri-ayth
1371 5853 1478 5942 γὰρ
1513 5871 1591 5924 ἑνὶ
1649 5853 1793 5942 huic;
1837 5853 2024 5943 σύνέρ-

2135 4635 2279 4690 hanc
2318 4635 2731 4706 intelligentiam
2772 4636 2939 4691 etiam
2982 4636 3251 4691 cervicem
3294 4650 3511 4705 sponsa
3562 4634 3710 4690 acci-

2131 4727 2372 4797 piamus.
2397 4727 2528 4794 Qua
2551 4729 2668 4784 sine
2697 4728 2867 4784 dubio
2891 4728 2995 4782 illa
3019 4727 3242 4799 intelligi
3267 4727 3462 4781 debent
3488 4727 3706 4786 anima,

2131 4833 2255 4889 qua
2277 4817 2479 4874 Christi
2521 4820 2715 4890 jugum
2765 4820 3073 4890 suscipiunt
3116 4818 3346 4873 dicentis
3397 4835 3410 4870 :
3448 4816 3709 4886 Suscipite

2131 4925 2289 4978 super
2335 4926 2422 4964 sos
2461 4910 2652 4980 jugum
2701 4929 2894 4977 meum,
2941 4911 3066 4981 quia
3103 4909 3294 4980 jugum
3338 4925 3508 4963 nicum
3550 4923 3709 4961 suave

2131 5013 2209 5056 est
2233 5001 2300 5056 δ’.
2331 4999 2654 5056 Obedientia
2689 5017 2819 5073 ergo
2851 5003 2972 5072 ejus
3006 5001 3246 5058 cervices
3277 4999 3396 5070 ejus
3433 4999 3711 5069 appellau-

3192 5116 3387 5172 “ibid.
3418 5116 3489 5170 29
3525 5125 3578 5171 et
3613 5115 3704 5171 50.

2123 5328 2310 5382 χεται.
2354 5309 2494 5376 Quin
2554 5321 2603 5365 et
2659 5313 2890 5365 membra
2946 5311 3169 5372 Christi,
3204 5309 3705 5382 Ecclesitersponsm

2127 5380 2333 5436 Paulus
2370 5392 2560 5436 vocat:
2599 5383 2749 5449 cujus
2792 5383 2947 5452 quasi
2990 5383 3162 5435 vultus
3210 5391 3353 5442 sunt,
3389 5380 3704 5452 quidecore

2127 5453 2343 5521 reliquis
2379 5453 2719 5514 antecellunt,
2762 5450 2894 5505 nihil
2930 5452 3167 5505 videlicet
3208 5461 3356 5518 turpe
3391 5450 3700 5521 cogitantes,

2129 5539 2188 5576 ac
2221 5519 2471 5590 pudorem
2511 5524 2779 5575 castitatis
2825 5523 3057 5590 fructum
3113 5522 3354 5588 ferentes.
3413 5519 3544 5573 Cum
3591 5519 3702 5586 for-

2129 5594 2286 5645 tassis
2341 5594 2486 5657 prius
2535 5592 2708 5645 decori
2758 5609 2860 5644 non
2905 5600 3110 5654 essent,
3162 5593 3237 5642 sic
3302 5590 3493 5642 mutati
3554 5600 3699 5646 sunt,

2128 5674 2183 5714 ut
2217 5663 2416 5714 dictum
2452 5663 2516 5715 sit
2551 5678 2754 5730 sponsa:
2780 5682 2798 5716 :
2828 5680 2844 5711 ι
2877 5661 3051 5724 Quam
3098 5662 3363 5730 speciosa:
3386 5659 3545 5727 facta
3577 5667 3700 5711 stmt

2126 5748 2268 5801 gena:
2300 5732 2446 5785 tuae!
2478 5749 2494 5782 ι
2530 5729 2662 5796 om
2688 5732 2886 5784 scilicet
2929 5730 3190 5783 maculam
3220 5747 3330 5801 uon_
3347 5729 3570 5782 habeant
3609 5737 3701 5778 unt

2127 5799 2334 5870 rugam.
2376 5802 2576 5854 idcirco
2621 5801 2881 5869 forsitan,
2925 5801 3064 5870 quod
3109 5816 3270 5852 unum
3296 5799 3463 5852 Deum
3508 5815 3699 5868 cogno-

2126 5882 2296 5927 scant.
2337 5870 2478 5926 Nam
2505 5882 2551 5926 et
2581 5880 2760 5926 turtur
2791 5886 2908 5925 cum
2941 5886 3046 5924 uno
3073 5875 3186 5926 solo
3216 5870 3575 5940 congreditur.
