4134 6422
364 388 469 443 135

1679 374 1884 432 LIBER
1925 373 2312 434 SECUNDUS.

3517 391 3625 447 134

365 517 473 563 tur.
503 505 699 563 Cervix
729 518 860 575 ergo
897 501 1018 574 ejus
1046 498 1294 572 speciosa
1327 497 1470 555 facta
1497 506 1580 554 est
1610 497 1753 554 sicut
1795 496 1941 550 redi-
1970 498 2018 555 Α
2043 510 2150 565 que
2183 495 2504 566 susciperet.
2547 498 2854 570 Antequam
2885 513 3015 571 ergo
3064 505 3279 570 tempus
3307 500 3502 555 horum
3534 505 3633 556 ad-

365 597 588 664 micula,
616 605 669 650 et
702 596 918 650 merito.
968 591 1144 659 Quam
1173 590 1319 646 enim
1354 590 1507 661 prius
1539 587 1962 669 praevaricatio~_

366 689 452 742 nis
493 685 865 742 inobedientia
913 693 1126 754 turpem
1174 681 1414 748 fecerat,
1455 696 1602 736 nunc
1641 679 1947 735 obedientia

368 779 491 833 fidei
519 778 822 848 speciosam
853 775 980 832 fecit
1013 782 1068 830 et
1108 774 1414 844 pulchram.
1462 772 1658 829 Cervix
1689 789 1818 843 ergo
1850 781 1947 827 tua

368 873 620 942 speciosa
674 869 816 925 facta
851 876 934 924 est
979 868 1123 923 sicut
1154 863 1492 920 redimicula.
1544 864 1625 918 Ad
1655 876 1950 934 utrumque

367 964 514 1019 enim
559 963 913 1026 subauditur,
963 959 1212 1030 speciosa
1251 956 1390 1013 facta
1424 966 1527 1012 est.
1606 955 1947 1011 Redimicula

369 1056 459 1110 hic
496 1057 628 1111 dicit
653 1056 1072 1112 constrictiones
1097 1055 1184 1110 vel
1227 1051 1596 1108 connexioncs
1659 1048 1947 1103 monilium

363 1162 491 1216 qua:
520 1148 574 1201 in
599 1148 906 1203 cervicibus
938 1149 1125 1202 sedere
1163 1144 1360 1208 solent,
1406 1158 1472 1199 ex
1497 1141 1697 1212 quibus
1725 1137 1952 1194 deduci-

366 1249 482 1308 tur,
504 1250 556 1294 et
581 1240 863 1296 descendit
891 1255 984 1310 per
1008 1253 1172 1294 omne
1199 1238 1397 1293 collum
1425 1236 1669 1305 reliquus
1700 1241 1947 1287 ornatus.

367 1331 478 1401 lpsi
515 1346 644 1401 ergo
666 1340 988 1386 ornamento
1014 1331 1156 1402 quod
1180 1329 1485 1385 cervicibus
1509 1335 1563 1381 et
1586 1326 1726 1381 collo
1744 1323 1947 1394 imponi

373 1425 533 1491 solet,
580 1423 847 1480 cervicem
881 1437 1097 1494 sponsae
1138 1419 1497 1490 comparavit.
1549 1415 1704 1482 Quod
1745 1415 1950 1469 dictum

370 1517 448 1572 ita
485 1516 837 1572 advertimus.
879 1515 1158 1570 Cervicem
1189 1513 1428 1568 diximus
1461 1508 1854 1580 subjectionem
1897 1514 1952 1560 et

371 1609 735 1665 obedientiam
767 1607 897 1675 dici,
935 1621 1036 1678 pro
1069 1619 1138 1660 eo
1169 1604 1314 1675 quod
1345 1601 1502 1673 quasi
1527 1600 1722 1670 jugum
1746 1596 1953 1653 Christi

369 1698 658 1768 suscipiat,
690 1706 744 1754 et
777 1697 902 1753 fidei
936 1697 1057 1767 ejus
1087 1693 1451 1750 obedientiam
1480 1691 1739 1760 praebeat.
1773 1687 1951 1743 Orna-

370 1801 618 1845 mentum
666 1805 798 1862 ergo
842 1788 1076 1845 cervicis
1127 1785 1248 1855 ejus
1295 1797 1421 1853 quae
1473 1789 1557 1836 est
1619 1779 1952 1845 obedientia,

2046 600 2213 659 esset,
2251 592 2304 646 in
2331 594 2520 649 multis
2569 595 2889 665 angelorum
2939 594 3245 652 ministerio
3279 597 3631 655 excolebatur

2047 695 2249 749 sponsa
2294 682 2386 750 qui
2435 683 2771 752 apparebant
2817 694 2947 740 tunc
2997 685 3313 740 hominibus
3352 694 3406 739 et
3445 685 3638 756 loque-

2045 770 2247 825 bantur
2288 784 2352 824 ea
2387 786 2511 840 quae
2560 788 2649 828 res
2673 775 2934 843 poscebat
2966 785 3020 830 et
3052 783 3288 845 tempus.
3327 772 3450 829 Non
3483 777 3628 830 enim

2046 870 2105 916 tu
2149 863 2284 918 mihi
2317 877 2385 918 ex
2431 865 2664 920 adventu
2711 864 3012 922 Salvatoris
3065 869 3122 922 in
3163 882 3328 923 carne
3371 883 3631 938 sponsam

2050 945 2653 1018 dicifautEcclesiam
2705 965 2880 1026 putes,
2923 958 3016 1012 sed
3075 958 3143 1012 ab
3191 958 3348 1013 initio
3405 958 3633 1012 humani

2048 1046 2284 1114 generis,
2335 1056 2389 1101 et
2425 1047 2495 1101 ab
2529 1048 2647 1118 ipsa
2691 1049 3088 1105 constitutione
3139 1051 3368 1116 mundi,
3409 1049 3542 1114 imo,
3578 1060 3636 1104 ut
3680 1035 3689 1072 ⁵

2053 1132 2226 1189 Paulo
2252 1135 2390 1190 duce
2419 1136 2584 1192 altius
2607 1139 2853 1209 mysterii
2884 1139 3049 1208 hujus
3077 1139 3344 1209 originem
3370 1148 3640 1209 repetam,

2051 1235 2180 1279 ante
2221 1226 2386 1280 etiam
2425 1228 2872 1284 constitutionem
2923 1230 3134 1284 mundi.
3188 1231 3280 1286 Sic
3319 1232 3464 1285 enim
3506 1231 3643 1285 dicit

2051 1317 2169 1386 ipse
2195 1333 2208 1368 :
2240 1316 2392 1372 Sicut
2424 1319 2578 1390 elegit
2612 1337 2705 1375 nos
2734 1321 2789 1374 in
2815 1318 3026 1375 Christo
3055 1329 3179 1374 ante
3211 1323 3642 1375 constitutionem

2053 1409 2258 1474 mundi,
2292 1418 2350 1462 ut
2379 1426 2607 1465 essemus
2649 1412 2825 1466 sancti
2850 1419 2900 1466 et
2929 1412 3265 1467 immaculati
3302 1429 3480 1466 coram
3523 1414 3640 1482 ipso

2053 1498 2112 1551 in
2145 1499 2441 1564 charitate,
2473 1502 2864 1570 prwdestinans
2900 1519 2994 1557 nos
3034 1504 3087 1557 in
3125 1503 3461 1573 adoptionem
3501 1503 3644 1572 [ilio-

2056 1602 2176 1639 rum
2201 1585 2270 1639 ⁸⁵.
2306 1586 2412 1642 Sed
2441 1599 2496 1643 et
2530 1591 2584 1644 in
2607 1590 2841 1648 Psalmis
2876 1592 3175 1649 scribitur:
3215 1593 3478 1648 Memento
3517 1610 3644 1647 con-

2059 1678 2381 1747 gregationis
2415 1688 2553 1747 tute,
2590 1680 2834 1748 Domine,
2858 1699 3019 1753 quam
3067 1684 3398 1754 congregasti
3434 1684 3498 1736 ab
3541 1684 3647 1737 ini-

2060 1769 2135 1822 tio
2174 1769 2242 1822 ".
2305 1767 2489 1824 Prima
2536 1771 2736 1825 etenim
2794 1772 3145 1830 fundamenta
3202 1773 3643 1844 congregationis

365 1881 625 1937 Christus
647 1854 758 1936 est:
781 1879 902 1950 Ipse
935 1878 1078 1933 enim
1103 1854 1254 1946 prior
1276 1875 1450 1944 [actus
1473 1879 1556 1927 est
1585 1870 1828 1924 obediens
1858 1886 1954 1923 us-
1985 1854 2028 1910 Β
2061 1858 2318 1916 Ecclesia:
2344 1861 2525 1916 statim
2567 1862 2636 1916 ab
2669 1863 2826 1917 initio
2863 1873 2991 1919 sunt
3018 1865 3219 1934 posita,
3249 1864 3396 1920 unde
3417 1873 3471 1921 et
3497 1865 3648 1934 Apo-

369 1988 470 2043 que
497 1972 566 2024 ad
588 1977 810 2024 mortem
840 1971 921 2038 ⁴³;
955 1978 1012 2027 et
1039 1969 1174 2023 sicut
1209 1981 1302 2036 per
1342 1965 1519 2031 unius,
1568 1962 1699 2017 Ade:
1725 1959 1954 2023 scilicet,

369 2061 785 2116 inobedientiam
829 2068 1126 2130 peccatores
1169 2056 1444 2112 constituti
1485 2065 1608 2110 sunt
1646 2051 1802 2106 multi
1833 2069 1850 2106 :
1881 2052 1959 2104 ita

374 2163 425 2207 et
469 2168 563 2223 per
601 2151 761 2204 unius
809 2149 1182 2216 obedientiam,
1233 2146 1438 2204 Christi
1491 2147 1780 2208 duntaxat,
1818 2140 1958 2211 justi

368 2242 770 2295 constituuntur
794 2238 952 2294 multi
977 2238 1044 2293 δ’.
1079 2237 1474 2294 Ornamentum
1501 2250 1630 2307 ergo
1662 2242 1718 2290 et
1751 2232 1959 2287 monile

367 2331 602 2388 cervicis
645 2330 940 2394 Ecclesiae,
993 2329 1302 2386 obedientia
1344 2327 1551 2384 Christi
1597 2333 1702 2382 est.
1755 2323 1862 2380 Sed
1905 2332 1960 2378 et

366 2423 553 2478 cervix
575 2420 851 2489 Ecclesiae,
883 2421 938 2476 id
968 2429 1053 2476 est
1079 2418 1390 2476 obedientia
1421 2418 1563 2488 ejus,
1594 2416 1792 2472 similis
1831 2414 1961 2470 effe-

368 2524 456 2569 cta
485 2522 570 2569 est
595 2513 920 2569 obedientiae
950 2511 1178 2578 Christi,
1224 2509 1373 2580 quod
1402 2522 1486 2565 eSt
1528 2507 1734 2562 monile
1782 2507 1959 2562 cervi-

291 2587 306 2591 -
367 2605 470 2660 cis.
520 2603 714 2674 Magna
764 2619 895 2674 ergo
943 2603 1000 2656 in
1047 2603 1152 2658 hoc
1195 2601 1317 2656 laus
1362 2614 1577 2669 sponsa
1615 2607 1719 2664 est,
1761 2614 1960 2662 magna

369 2693 628 2748 Ecclesiae
660 2693 854 2762 gloria,
887 2692 982 2747 ubi
1028 2689 1262 2746 imitatio
1322 2688 1648 2745 obedientia:
1686 2690 1807 2758 ejus
1867 2703 1962 2745 ex-

368 2793 623 2854 sequatur
643 2783 967 2839 obedientia:
986 2782 1213 2850 Christi,
1231 2796 1396 2853 quam
1430 2782 1676 2838 imitatur
1693 2780 1958 2837 Ecclesia.

373 2875 505 2934 Haec
540 2878 659 2949 ipsa
693 2878 906 2948 species
937 2876 1158 2933 monilis
1181 2877 1344 2934 etiam
1375 2877 1431 2931 in
1457 2875 1655 2932 Genesi
1687 2889 1961 2931 memora-

375 2982 465 3029 tur
505 2988 535 3027 a
561 2969 702 3026 Juda
744 2971 1057 3042 patriarcha
1083 2970 1324 3026 Thamar
1355 2969 1519 3025 nurui
1569 2984 1705 3036 suae,
1735 2969 1959 3039 quando

376 3076 501 3116 cum
546 3076 611 3116 ea
655 3060 812 3130 quasi
855 3076 979 3116 cum
1024 3060 1310 3116 meretrice
1345 3059 1669 3128 concubuit,
1726 3059 1852 3114 data
1885 3059 1956 3111 '°.

367 3151 526 3218 Quod
570 3167 679 3207 non
729 3152 986 3208 omnibus
1041 3161 1192 3243 patet
1237 3153 1581 3224 mysterium.
1631 3151 2022 3243 lntelligiturc

367 3257 466 3314 per
503 3244 629 3310 hoc,
668 3243 813 3313 quod
841 3243 1094 3325 Christus
1124 3242 1404 3311 Ecclesia,
1443 3261 1609 3315 quam
1653 3260 1720 3300 ex
1749 3247 1950 3302 multo-

373 3350 495 3390 rum
548 3335 866 3405 dogmatum
914 3335 1307 3405 prostitutione
1356 3335 1690 3407 collegerat,
1752 3336 1952 3393 futurae

371 3424 722 3495 perfectionis
746 3425 864 3481 haec
893 3427 1042 3482 dedit
1066 3427 1315 3499 pignora,
1346 3435 1401 3483 et
1439 3427 1586 3484 istud
1632 3427 1953 3485 obedientiaa

368 3515 575 3570 monile
605 3515 805 3571 cervici
834 3516 955 3587 ejus
984 3517 1266 3587 imposuit.

429 3607 550 3678 .62
580 3605 734 3662 Vers.
760 3607 952 3675 11,12.
999 3608 1391 3663 Similitudines
1427 3609 1552 3662 auri
1576 3607 1830 3679 faciemus
1860 3609 1953 3664 tibi

367 3715 489 3754 cum
519 3700 954 3756 distinctionibus
977 3703 1206 3772 argenti,
1231 3701 1572 3772 quoadusque
1596 3718 1688 3756 rea:
1707 3704 1775 3756 sit
1797 3703 1853 3756 in
1875 3720 1956 3756 re-

372 3789 553 3844 cubitu
581 3807 698 3847 suo.
727 3791 903 3862 Supra
924 3793 1163 3848 diximus
1203 3793 1347 3863 quod
1373 3792 1551 3862 specie
1574 3791 1839 3847 dramatis
1891 3791 1956 3844 li-

373 3879 548 3937 hellus
565 3882 654 3938 hic
679 3883 966 3939 ordinatus
988 3897 1352 3953 personarum
1376 3882 1757 3936 immutatione
1779 3891 1959 3935 conte-

369 3968 519 4024 xitur
547 3987 560 4022 :
587 3978 642 4024 et
675 3985 822 4026 nunc
853 3986 982 4040 ergo
1006 3971 1258 4026 videntur
1283 3970 1399 4024 hate
1439 3968 1602 4023 amici
1619 3969 1704 4024 vel
1743 3968 1958 4024 sodales

377 4059 567 4129 sponsi
599 4061 666 4114 ad
694 4074 953 4129 sponsam
984 4059 1174 4126 locuti,
1193 4059 1288 4130 qui
1319 4059 1624 4115 secundum
1653 4058 1958 4128 intelligen-

374 4152 505 4205 tiam
542 4152 852 4222 mysticam,
885 4158 960 4215 et,
1002 4158 1063 4205 ut
1091 4165 1256 4220 supra
1290 4150 1406 4221 jam
1433 4148 1694 4216 diximus,
1729 4159 1824 4205 aut
1858 4165 1960 4203 an-

367 4242 497 4313 geli,
516 4243 600 4298 vel
624 4244 788 4299 etiam
812 4243 1112 4314 prophetae,
1133 4252 1228 4298 aut
1245 4241 1571 4312 patriarchae
1602 4249 1832 4314 possunt
1867 4241 1955 4296 in-

371 4334 558 4405 telligi.
596 4333 717 4391 Non
756 4335 902 4391 enim
933 4344 1066 4390 tunc
1099 4335 1277 4390 solum
1317 4349 1441 4391 cum
1468 4343 1594 4405 post
1618 4335 1952 4404 baptismum

369 4424 599 4481 Joannis
646 4427 702 4480 in
757 4427 976 4482 deserto
1026 4434 1263 4482 tentatus
1309 4436 1392 4481 est
1441 4441 1471 4480 a
1516 4425 1736 4481 diabolo
1763 4424 1954 4481 Domi-

2059 1952 2234 2009 stolus
2273 1953 2404 2008 dicit
2434 1953 2694 2009 aediﬁcari
2743 1955 3044 2011 Ecclesiam
3099 1973 3204 2011 non
3256 1958 3433 2012 solum
3481 1973 3646 2027 super

2059 2045 2435 2115 apostolorum
2496 2046 2950 2117 fundamentum,
3001 2049 3096 2104 sed
3143 2049 3305 2102 etiam
3348 2049 3645 2118 pr0pheta-

2059 2151 2184 2192 rum
2209 2137 2278 2190 ⁸⁷.

2128 2227 2277 2280 inter
2303 2226 2599 2296 prophetas
2627 2235 2809 2283 autem
2851 2237 3174 2282 numeratur
3201 2235 3252 2282 et
3285 2227 3480 2293 Adam,
3513 2227 3646 2298 quia

2060 2332 2322 2388 magnum
2372 2319 2696 2387 mysterium
2751 2320 3098 2389 prophetavit
3152 2319 3206 2373 in
3251 2319 3472 2375 Christo
3500 2321 3645 2376 etin

2059 2406 2324 2472 Ecclesia,
2353 2409 2544 2466 dicens
2568 2426 2582 2463 :
2609 2409 2837 2478 Propter
2858 2412 2956 2465 hoc
2981 2411 3237 2480 relinquet
3265 2410 3419 2465 homo
3444 2421 3649 2481 patrem

2059 2517 2214 2554 suum
2259 2511 2310 2555 et
2349 2510 2576 2556 matrem
2618 2519 2792 2568 suam,
2823 2512 2873 2556 et
2908 2502 3201 2557 adltwrebit
3229 2503 3386 2554 uxori
3434 2519 3565 2568 sum,
3596 2513 3649 2556 et

2060 2602 2215 2646 erunt
2245 2593 2399 2646 ambo
2447 2595 2502 2646 in
2533 2609 2692 2647 carne
2724 2610 2830 2647 una
2860 2594 2932 2648 ⁵⁸.
2967 2592 3258 2649 Evidenter
3285 2591 3428 2646 enim
3469 2594 3535 2648 de
3563 2594 3650 2648 his

2065 2685 2228 2741 dictis
2277 2684 2398 2755 ejus
2447 2686 2580 2740 dicit
2621 2684 2943 2756 Apostolus,
2992 2688 3121 2757 quia
3174 2689 3486 2758 mysterium
3551 2686 3650 2740 hoc

2063 2792 2315 2845 magnum
2351 2776 2442 2832 sit.
2476 2775 2588 2846 Ego
2623 2786 2800 2830 autem
2824 2777 2943 2830 dico
2976 2778 3032 2831 in
3065 2777 3278 2833 Christo
3306 2789 3356 2834 et
3388 2779 3443 2832 in
3464 2777 3652 2833 Eccle-

2063 2867 2152 2920 sia
2179 2867 2248 2920 ".
2289 2866 2393 2921 Sed
2439 2875 2492 2921 et
2533 2866 2674 2921 idem
2703 2867 2999 2937 Apostolus
3042 2883 3167 2922 cum
3200 2869 3331 2924 dicit
3367 2886 3380 2923 :
3419 2867 3478 2924 Si
3511 2870 3652 2923 enim

2065 2955 2368 3011 Ecclesiam
2411 2956 2624 3025 dilexit,
2661 2966 2720 3011 ut
2767 2960 3105 3027 semetipsum
3155 2960 3386 3014 traderet
3435 2976 3534 3030 pro
3586 2975 3652 3014 ea

2063 3049 2408 3117 sanctiﬁcans
2467 3049 2682 3104 lavacro
2715 3066 2865 3119 aqua:
2897 3051 2941 3083 ⁶⁰
2968 3067 2982 3105 :
3027 3066 3137 3105 non
3193 3052 3382 3122 utique
3413 3053 3654 3108 ostendit

2061 3153 2182 3194 eam
2207 3140 2361 3210 prius
2385 3155 2494 3194 non
2521 3139 2712 3209 fuisse,
2741 3141 3019 3211 quomodo
3045 3142 3192 3197 enim
3219 3142 3497 3198 dilexisset
3527 3157 3652 3198 eam

2055 3246 2180 3301 quas
2205 3247 2312 3287 non
2343 3233 2499 3287 erat?
2526 3232 2622 3288 sed
2644 3248 2761 3288 eam
2797 3233 2916 3289 sine
2942 3233 3109 3290 dubio
3133 3234 3323 3290 dilexit
3351 3250 3473 3306 quae
3510 3243 3649 3290 erat.

2054 3323 2388 3380 Eratautem
2430 3325 2487 3379 in
2527 3325 2785 3380 omnibus
2808 3325 3015 3381 sanctis
3032 3325 3127 3396 qui
3161 3326 3230 3381 ab
3259 3325 3414 3382 initio
3462 3327 3650 3382 saeculi

2054 3412 2278 3469 fuerunt
2328 3413 2478 3470 facti.
2521 3415 2761 3486 Diligens
2799 3417 2965 3488 igitur
2996 3433 3117 3474 eam
3142 3419 3292 3474 venit
3318 3419 3386 3474 ad
3415 3435 3554 3475 eam.
3584 3418 3654 3474 Et

2053 3506 2197 3562 sicut
2225 3507 2377 3577 pueri
2416 3507 2500 3562 sui
2537 3509 3056 3564 communicaverunt
3085 3511 3236 3565 carni
3283 3521 3334 3565 et
3373 3512 3650 3582 sanguini,

2056 3596 2308 3651 similiter
2333 3607 2384 3652 et
2418 3599 2528 3667 ipse
2553 3601 2816 3670 particeps
2846 3601 3020 3670 [actus
3047 3610 3125 3656 est
3156 3603 3460 3657 earumdem
3485 3605 3550 3668 “,
3586 3619 3652 3660 ac

2058 3687 2411 3756 semetipsum
2441 3687 2649 3756 pro'eis
2681 3690 2924 3744 tradidit.
2957 3692 3066 3760 Ipsi
3097 3691 3244 3745 enim
3269 3702 3427 3746 erant
3449 3692 3645 3748 Eccle-

2065 3778 2147 3834 sia
2186 3795 2353 3848 quam
2392 3781 2602 3844 dilexit,
2633 3790 2693 3834 ut
2719 3796 2839 3836 eam
2865 3782 2952 3837 vel
2981 3783 3375 3838 numerositate
3403 3795 3648 3856 augeret,

2067 3869 2155 3925 vel
2186 3869 2482 3927 virtutibus
2513 3871 2805 3936 excoleret,
2851 3873 2936 3928 vel
2980 3873 3334 3944 perfectionis
3379 3876 3650 3932 cbaritate

2059 3960 2128 4016 de
2159 3961 2321 4016 terris
2355 3961 2679 4017 transferret
2709 3963 2775 4019 ad
2799 3965 3020 4020 caelum.
3047 3963 3492 4021 Ministraverunt
3518 3983 3650 4038 ergo

2059 4059 2115 4106 et
2160 4052 2440 4121 propheta:
2484 4053 2554 4108 ab
2584 4054 2778 4118 initio,
2828 4056 3278 4112 ministraverunt
3335 4067 3389 4112 et
3436 4059 3674 4131 angeli.‘

2059 4142 2205 4209 Quid
2241 4144 2387 4198 enim
2434 4145 2580 4199 aliud
2607 4146 2770 4202 fiebat
2805 4155 2935 4203 tunc
2966 4163 3092 4204 cum
3123 4157 3498 4218 apparuerunt
3530 4160 3643 4205 tres

2065 4235 2171 4288 viri
2196 4235 2430 4290 Abrahae
2464 4236 2674 4292 sedenti
2704 4238 2770 4292 ad
2799 4254 3061 4308 quercum
3093 4239 3338 4294 Mambre
3364 4241 3449 4295 ⁸³2
3494 4239 3648 4296 Licet

2059 4327 2151 4384 illa
2178 4329 2494 4400 angelorum
2519 4331 2730 4399 species
2759 4331 2882 4400 plus
2909 4331 3115 4401 aliquid
3141 4338 3304 4402 quam
3338 4333 3645 4403 angelicum

2062 4419 2364 4475 ostenderit
2396 4419 2758 4475 ministerium
2790 4440 2804 4476 :
2840 4437 2964 4477 nam
2997 4421 3280 4478 Trinitatis
3323 4423 3396 4479 ibi
3441 4433 3646 4496 myste-

372 4532 476 4571 nus
496 4517 565 4582 δι,
604 4525 952 4574 recesserunt
981 4516 1160 4588 angeli
1193 4524 1250 4571 et
1280 4515 1731 4571 ministraverunt
1754 4515 1827 4580 ei,
1858 4517 1955 4571 sed
1987 4521 2032 4577 ί)
2061 4511 2204 4566 rium
2231 4512 2582 4582 prodebatur.
2604 4509 2718 4569 Hoc
2733 4521 2854 4568 erat
2873 4522 2927 4569 et
2946 4514 2998 4568 in
3029 4512 3239 4578 Exodo,
3273 4531 3396 4569 cum
3421 4517 3647 4586 angelus

370 4617 497 4663 ante
524 4607 815 4664 adventum
843 4609 1144 4678 praesentiae
1173 4605 1478 4678 corporalis
1507 4605 1958 4661 ministraverunt

369 4715 604 4770 semper.
639 4697 775 4755 Nam
809 4709 864 4756 et
896 4701 983 4755 lex
1006 4700 1272 4772 disposita
1300 4700 1355 4754 in
1395 4715 1561 4754 manu
1597 4714 1695 4770 per
1728 4700 1954 4772 angelos

367 4793 570 4849 dicitur
593 4792 911 4849 mediatoris
939 4793 1008 4848 “.
1039 4791 1107 4848 Et
1136 4791 1205 4847 ad
1231 4790 1489 4847 Hebraeos
1531 4791 1777 4847 scribens
1806 4792 1952 4861 Apo-

367 4884 543 4940 stolus
590 4883 724 4940 dicit
756 4902 770 4938 :
801 4882 861 4938 Si
894 4884 1034 4938 enim
1086 4884 1177 4953 qui
1218 4900 1311 4954 per
1354 4881 1567 4954 angelos
1610 4881 1825 4936 habitus
1871 4891 1951 4937 est

372 4992 560 5044 sermo,
607 4975 781 5045 factus
832 4985 909 5029 est
941 4976 1130 5045 ﬁrmus
1175 4974 1244 5030 ⁸³.
1289 4973 1397 5045 Ipsi
1448 4988 1581 5046 ergo
1611 4982 1769 5030 erant
1802 4973 1952 5028 velut

367 5077 580 5124 actores
627 5077 680 5124 et
715 5077 1103 5137 procuratores
1148 5067 1384 5136 appositi
1441 5065 1681 5137 parvulae
1732 5079 1948 5134 sponsae

366 5175 490 5214 cum
535 5159 827 5231 paedagogo
882 5159 1029 5230 lege,
1084 5161 1258 5214 donec
1305 5157 1584 5229 plenitudo
1632 5165 1944 5227 temporum

367 5250 597 5317 veniret,
638 5259 692 5306 et
739 5251 975 5306 mitteret
1017 5248 1160 5305 Deus
1196 5248 1392 5304 Filium
1437 5264 1598 5304 suum
1640 5257 1828 5303 natum
1874 5264 1940 5302 cx

368 5339 617 5408 muliere,
659 5339 864 5396 factum
901 5340 1006 5396 sub
1052 5341 1168 5411 lege
1189 5339 1257 5408 ⁸³,
1289 5349 1343 5394 et
1371 5340 1664 5395 adduceret
1691 5355 1812 5394 eam
1842 5339 1946 5395 sub

368 5433 644 5487 actoribus
678 5443 731 5488 et
785 5433 1238 5504 procuratoribus
1279 5441 1334 5488 et
1376 5433 1670 5502 paedagogo
1711 5430 1846 5500 lege,
1887 5442 1946 5486 ut

369 5523 542 5593 ipsius
566 5521 725 5579 Verbi
756 5525 847 5582 Dei
883 5528 1093 5592 oscula,
1140 5519 1447 5582 doctrinam
1500 5523 1709 5580 scilicet
1749 5523 1944 5580 verba-

2061 4601 2279 4658 Dommi
2308 4602 2510 4658 dicitur
2535 4603 2589 4658 in
2618 4602 2835 4658 flamma
2869 4605 3010 4676 ignis
3037 4605 3356 4675 apparuisse
3383 4605 3553 4678 Moysi
3589 4607 3644 4662 in

2058 4695 2200 4750 rubo
2220 4693 2286 4750 ⁸³.
2328 4693 2604 4750 Continuo
2639 4705 2821 4750 autem
2861 4695 2915 4750 in
2965 4696 3429 4767 subsequentibus
3453 4697 3646 4752 Domi-

2059 4801 2165 4842 nus
2193 4793 2248 4841 et
2273 4784 2417 4841 Deus
2457 4785 2606 4856 loqui
2649 4788 2702 4840 in
2732 4787 2926 4859 angelo
2955 4788 3234 4855 scribitur,
3271 4797 3325 4844 ct
3359 4790 3472 4858 ipse
3502 4787 3644 4844 Deus

2059 4886 2180 4928 esse
2205 4872 2507 4939 Abraham,
2556 4883 2612 4930 et
2641 4872 2790 4930 Deus
2838 4874 3012 4944 Isaac,
3044 4886 3098 4931 et
3125 4875 3270 4932 Deus
3293 4876 3461 4933 Jacob
3489 4878 3645 4932 desi-

2055 4973 2272 5034 gnatur.
2327 4963 2481 5031 Quod
2526 4965 2749 5035 quidam
2779 4965 3160 5022 haereticorum
3216 4969 3456 5039 legentes
3484 4971 3642 5024 dixe-

2051 5066 2203 5120 runt,
2229 5054 2398 5110 Deum
2430 5055 2564 5127 legis
2600 5064 2655 5110 et
2680 5058 3068 5127 prophetarum
3116 5059 3274 5130 longe
3324 5058 3638 5114 inferiorem

2050 5167 2171 5208 esse
2201 5166 2364 5222 quam
2416 5150 2601 5207 Jesum
2631 5152 2913 5210 Christum
2960 5165 3015 5210 et
3046 5155 3307 5227 Spiritum
3357 5165 3638 5210 sanctum:

2049 5258 2103 5305 et
2175 5263 2240 5304 eo
2313 5263 2489 5320 usque
2585 5249 2919 5320 impietatem
2997 5266 3154 5306 suam
3231 5251 3640 5322 protenderunt,

2048 5347 2110 5394 ut
2151 5337 2542 5409 plenitudinem
2591 5338 2816 5408 quidem
2870 5338 2925 5393 in
2947 5339 3188 5394 .Christo
3228 5347 3434 5408 ponant
3475 5345 3530 5391 ct
3583 5337 3640 5393 in

2048 5430 2256 5500 Spiritu
2288 5437 2501 5496 sancto,
2523 5427 2995 5498 imperfectionem
3023 5443 3155 5484 vero
3181 5436 3235 5483 et
3265 5427 3640 5484 inﬁrmitatem

2054 5523 2109 5578 in
2141 5522 2254 5578 Deo
2288 5520 2445 5591 legis.
2498 5518 2603 5575 Sed
2634 5519 2750 5575 haec
2776 5519 2932 5574 alias.

453 5671 498 5703 ⁸⁸
518 5668 754 5740 Philipp.
785 5686 844 5737 ιι,
867 5671 923 5726 8.
998 5673 1043 5719 9°
1068 5671 1286 5736 Rom.v,
1305 5672 1390 5728 l9.
1466 5672 1512 5704 ⁵⁸
1539 5671 1916 5740 Gemxxxvut.
1946 5738 1954 5740 _

2066 5666 2255 5740 Ma_t_th_.
2284 5680 2357 5719 tv.
2409 5665 2454 5697 ⁵³
2477 5662 2757 5740 βριαιίιιιέ
2781 5659 2868 5740 i9.
2946 5661 2992 5692 ⁸³
3017 5658 3151 5740 ρει).
3180 5660 3310 5740 ιι2
3330 5729 3341 5740 .
3365 5659 3634 5740 filiam}:

372 5757 445 5804 Iv,
468 5743 521 5796 4.
573 5742 619 5773 ⁸⁵
641 5742 778 5810 Eph.
810 5762 846 5805 I,
875 5743 928 5796 4.
1004 5742 1052 5775 ⁸⁸
1073 5743 1217 5798 Psal.
1240 5759 1422 5807 Lxxlv,
1448 5743 1504 5796 2.

404 5815 445 5844 ⁸⁸
473 5810 632 5868 Hebr.
666 5826 728 5880 ll,
755 5812 842 5866 M.
884 5814 928 5850 ⁸³
953 5811 1090 5870 Gen.
1123 5814 1308 5880 xvm,l
1341 5827 1495 5882 seqq.

1616 5741 1660 5808 ⁵7
1686 5739 1822 5808 Eph.
1852 5755 1912 5804 ιι,
1937 5738 2030 5794 20.

1569 5810 1614 5843 ⁸³
1633 5807 1806 5865 Ede.
1836 5824 1922 5878 ιιι,
1947 5809 2004 5864 2.

2141 5737 2188 5771 ⁸³
2211 5734 2348 5792 Gen.
2381 5749 2442 5800 ιι,
2474 5733 2564 5788 24.
2643 5733 2687 5764 ⁸⁵
2712 5730 2913 5802 Ephcs.
2944 5746 2997 5799 v,
3026 5730 3113 5787 52.
3195 5733 3241 5764 ⁶⁰
3271 5729 3402 5787 ibid.
3429 5731 3520 5799 25,
3546 5731 3636 5788 26.
