4134 6448
520 352 624 411 135

1570 344 1893 402 ORIGENIS
1931 344 1997 397 IN
2033 342 2391 401 CANTICUM
2427 342 2697 400 CAIVI‘IC.

3665 348 3768 404 Ιεϐ

591 470 749 526 Nunc
794 478 979 525 autem
1037 469 1195 525 nobis
1250 465 1593 537 propositum
1651 474 1737 522 est
1785 465 2092 531 ostendere,
2125 470 2169 526 Α
2198 480 2403 532 rerum,
2435 474 2490 520 et
2514 478 2853 536 qurecunque
2878 463 3268 536 contingebant
3282 464 3400 522 illis
3428 466 3522 538 qui
3559 464 3614 521 in
3647 465 3770 538 lego

519 561 798 631 quomodo
831 560 1004 616 sancti
1048 558 1221 628 angeli
1256 558 1349 627 qui
1396 566 1521 611 ante
1570 556 1862 612 adventum
1885 555 2094 612 Christi

520 651 670 706 velut
698 652 935 721 parvula:
972 651 1150 705 adhuc
1189 663 1403 717 sponsae
1446 648 1667 702 tutelam
1701 646 2090 717 procurabant,

520 741 625 812 ipsi
654 741 763 795 sint
789 741 946 796 amici
977 750 1029 794 et
1054 740 1268 795 sodales
1301 739 1491 808 sponsi
1528 739 1625 807 qui
1654 738 1726 792 ad
1760 752 1881 791 eam
1911 736 2094 791 dicere

518 832 806 887 videantur
844 846 859 884 :
894 829 1177 885 Faciemus
1228 830 1326 884 tibi
1374 829 1749 884 similitudines
1798 829 1920 881 auri
1973 843 2092 880 cunt

516 922 940 977 distinctionibus
978 922 1183 992 argenti
1223 936 1493 991 usquequo
1516 935 1614 973 rea:
1656 922 1726 974 sit
1767 919 1821 972 in
1858 919 2091 971 recubitu

515 1031 631 1070 suo.
679 1014 926 1070 Indicant
954 1030 1090 1084 ergo
1128 1014 1277 1084 quod
1321 1012 1424 1082 ipsi
1474 1012 1679 1067 faciant
1720 1027 1935 1082 sponsae
1982 1027 2089 1067 non

523 1121 718 1162 aurum
773 1107 973 1177 (neque
1016 1107 1162 1161 enim
1215 1106 1486 1160 habebant
1531 1105 1639 1159 tale
1684 1119 1878 1158 aurum
1928 1103 2092 1173 quale

514 1197 737 1268 dignum
770 1206 889 1253 erat
916 1196 1097 1251 oﬁ‘erri
1132 1198 1390 1266 sponsae),
1424 1195 1516 1249 sed
1547 1210 1643 1264 pro
1670 1210 1804 1248 auro
1830 1192 2092 1248 similitu-

517 1285 678 1341 dines
712 1284 834 1340 auri
872 1300 937 1341 se
971 1283 1152 1340 facere
1186 1284 1541 1354 promittunt,
1575 1293 1629 1338 et
1666 1298 1774 1338 non
1816 1298 1978 1336 unam
2015 1282 2092 1336 si-

515 1375 901 1442 militudinem,
946 1374 1041 1432 sed
1090 1375 1312 1430 multas.
1362 1375 1436 1429 lta
1479 1375 1646 1431 etiam
1692 1374 1882 1429 dicunt
1911 1374 1976 1429 de
1996 1388 2093 1427 ar-

518 1476 721 1539 gento,
766 1467 861 1523 sed
909 1466 1063 1537 quasi
1124 1467 1386 1521 habentes
1436 1466 1563 1520 licet
1607 1479 1828 1535 parvam
1878 1463 2086 1533 argenti

518 1559 822 1641 materiam,
856 1558 1177 1629 promittunt
1205 1573 1264 1613 se
1306 1558 1353 1612 ei
1393 1556 1572 1614 facere
1621 1573 1728 1612 non
1774 1556 2088 1612 similitudi-

518 1666 639 1718 nes,
682 1652 774 1708 sed
801 1652 1177 1707 distinctiones
1213 1651 1454 1719 argenti;
1510 1658 1692 1719 utpote
1731 1649 1931 1718 quibus
1978 1663 2087 1703 non

523 1753 675 1799 tanta
703 1743 1007 1798 abundaret
1025 1741 1236 1812 argenti
1276 1739 1524 1805 materia,
1552 1748 1610 1793 ut
1636 1753 1942 1794 connexum
1978 1737 2083 1792 ali-

2197 555 2530 620 rell-runtur,
2564 557 2617 610 in
2665 556 2834 625 ﬁgura
2873 565 2928 609 et
2964 570 3071 610 non
3116 556 3173 611 in
3210 557 3439 614 veritate
3485 557 3770 628 continge-

2195 646 2350 712 bant,
2398 647 2499 701 ista
2550 648 2731 701 omnia
2777 646 3159 703 similitudines
3205 649 3326 703 auri
3371 646 3624 715 fuerunt,
3658 664 3769 705 non

2194 750 2390 789 aurum
2420 751 2631 791 verum.
2663 734 2821 802 Quod
2861 737 3069 791 scilicet
3114 752 3309 791 aurum
3345 753 3532 792 verum
3571 739 3624 794 in
3659 737 3768 795 illis

2193 842 2318 896 qua:
2346 827 2663 897 incorporea
2707 836 2837 882 sunt
2874 837 2929 882 et
2968 829 3265 884 invisibilia
3297 845 3361 885 ac
3386 832 3648 902 spiritalia
3680 835 3767 886 in-

2196 916 2511 986 telligatur:
2557 916 2858 973 similitudo
2902 932 3032 973 vero
3084 919 3202 973 auri
3259 919 3314 973 in
3366 936 3477 990 quo
3517 936 3627 976 non
3683 933 3768 978 est

2192 1007 2308 1077 ipsa
2340 1009 2558 1074 veritas,
2590 1009 2683 1063 scd
2729 1009 2921 1062 umbra
2976 1010 3250 1074 veritatis,
3284 1010 3387 1065 ista
3416 1027 3675 1082 corporea
3712 1023 3769 1068 et

2192 1098 2427 1153 visibilia
2473 1100 2833 1169 accipiantur.
2870 1099 3030 1154 Verbi
3080 1101 3274 1171 gratia,
3316 1102 3617 1159 similitudo
3642 1104 3768 1160 auri

2190 1185 2295 1241 fuit
2323 1188 2465 1243 istud
2494 1190 2906 1245 tabernaculum
2941 1205 3107 1244 manu
3138 1190 3360 1259 factum,
3392 1193 3459 1248 de
3489 1208 3599 1264 quo
3628 1194 3761 1249 dicit

2190 1278 2482 1347 Apostolus
2512 1294 2526 1330 :
2564 1277 2686 1333 Non
2708 1282 2845 1334 enim
2875 1283 2928 1335 in
2954 1293 3137 1337 sancta
3164 1300 3323 1338 manu
3348 1285 3495 1353 facta
3526 1285 3766 1340 introivit

2189 1366 2347 1422 Jesus
2388 1370 2716 1440 exemplaria
2763 1388 3022 1437 verorum,
3064 1374 3154 1427 sed
3198 1374 3250 1428 in
3278 1375 3450 1444 ipsum
3476 1375 3662 1430 caelum
3693 1375 3760 1430 ⁸⁸.

2191 1457 2337 1530 Ergo
2367 1476 2490 1530 quae
2537 1462 2593 1516 in
2643 1463 2798 1518 ccrlis
2827 1473 2958 1519 sunt
3006 1465 3296 1520 inuisibilia
3328 1476 3381 1521 et
3418 1467 3761 1537 incorporea,

2191 1549 2281 1603 illa
2317 1558 2446 1605 sunt
2477 1566 2609 1606 vera
2635 1570 2650 1619 ;
2678 1550 2785 1607 ista
2829 1563 3009 1608 autem
3046 1570 3167 1625 qua:
3196 1556 3252 1609 in
3282 1557 3445 1612 terris
3474 1566 3604 1613 sunt
3631 1557 3764 1612 visi-

2190 1640 2318 1695 bilia
2364 1648 2421 1695 et
2462 1656 2764 1712 corporea,
2814 1646 3144 1714 exemplaria
3195 1661 3450 1702 verorum
3506 1648 3764 1704 dicuntur

2189 1746 2341 1799 esse,
2371 1748 2482 1788 non
2528 1750 2678 1790 vera.
2713 1732 2820 1790 lsta
2862 1750 2993 1805 ergo
3040 1746 3169 1792 sunt
3211 1753 3334 1807 qua:
3379 1737 3766 1797 similitudines

514 1834 648 1904 quid
700 1841 755 1889 ει
799 1834 1036 1889 solidum
1084 1847 1224 1900 opus
1268 1846 1335 1885 ex
1381 1845 1449 1885 eo
1484 1829 1787 1901 producere
1836 1837 2082 1900 possent,
2115 1819 2159 1875 Β
2187 1823 2308 1877 auri
2339 1824 2720 1893 appellantur:
2752 1826 2806 1880 in
2836 1827 3034 1897 quibus
3062 1837 3145 1883 est
3176 1838 3231 1883 ct
3266 1843 3393 1884 arca
3430 1830 3762 1899 testamenti,

515 1925 611 1982 sed
652 1918 1032 1981 distinctiolies
1075 1922 1253 1986 solas,
1302 1935 1372 1977 ac
1423 1920 1577 1990 signa
1619 1921 1868 1990 quaedam
1918 1934 2085 1990 parva

512 2016 662 2072 velut
695 2023 899 2085 puncta
950 2014 1341 2068 intersererent
1387 2010 1464 2065 illi
1508 2011 1680 2081 operi,
1733 2011 1877 2080 quod
1924 2011 1973 2066 ei
2018 2026 2086 2066 ex

511 2103 635 2158 auri
668 2100 1020 2158 similitudine
1051 2099 1344 2155 faciebant.
1376 2098 1498 2154 Haec
1525 2114 1654 2170 ergo
1683 2100 1843 2155 amici
1875 2102 2084 2170 sponsi,

513 2193 593 2248 illi
624 2193 692 2248 de
715 2192 913 2263 quibus
937 2207 1099 2263 supra
1131 2192 1392 2256 diximus,
1420 2206 1636 2262 sponsae
1675 2190 1885 2247 l‘aciunt
1920 2207 2086 2248 orna-

513 2294 720 2341 menta.
760 2284 865 2340 Sed
890 2284 1020 2354 quid
1055 2283 1110 2337 in
1136 2282 1223 2338 bis
1258 2282 1450 2339 secreti
1484 2283 1850 2348 contineatur,
1882 2293 1935 2339 et
1956 2285 2085 2354 quid

509 2376 842 2431 elocutionis
893 2377 1107 2432 novitas
1165 2377 1281 2445 ipsa
1329 2373 1640 2445 parturiat,
1696 2375 2086 2445 omnipotentis

516 2464 680 2521 Verbi
728 2483 793 2524 ac
834 2468 1020 2537 sponsi
1067 2466 1279 2522 Patrem
1324 2481 1629 2535 precemur,
1674 2474 1735 2520 ut
1781 2466 1896 2535 ipse
1928 2467 2092 2548 nobis

509 2559 694 2613 arcani
729 2559 892 2629 hujus
925 2559 1161 2615 claustra
1193 2556 1500 2628 patefaciet,
1537 2573 1648 2626 quo
1670 2559 1947 2628 possimus
1975 2575 2082 2615 non

508 2647 685 2702 solum
718 2648 785 2702 ad
816 2647 1159 2717 intelligenda
1188 2648 1300 2702 haec
1340 2647 1657 2712 illuminari,
1694 2663 1883 2703 verum
1914 2650 2081 2705 etiam

507 2737 577 2791 ad
606 2737 956 2806 proferenda,
981 2753 1048 2794 ac
1074 2738 1374 2794 secundum
1422 2751 1735 2792 mensuram
1768 2754 1957 2794 eorum
1989 2742 2083 2811 qui

509 2829 704 2886 lecturi
728 2839 873 2895 sunt,
901 2830 1275 2887 moderatione
1300 2830 1501 2900 eloquii
1527 2830 1786 2900 spiritalis
1813 2833 2081 2902 accipere.

506 2918 645 2975 Auri
692 2922 927 2991 speciem
974 2921 1031 2976 in
1073 2922 1260 2976 multis
1303 2936 1447 2991 saepe
1484 2919 1823 2977 ostendimus
1855 2922 2084 2993 ﬁguram

507 3020 695 3068 tenere
737 3012 1025 3069 invisibilis
1055 3022 1109 3069 et
1143 3013 1479 3082 incorporeas
1524 3020 1766 3079 naturae;
1800 3025 2083 3085 argentum

507 3115 640 3158 vero
665 3102 920 3158 virtutem
947 3103 1093 3157 verbi
1130 3118 1200 3157 ac
1229 3102 1491 3169 rationis;
1535 3103 1835 3159 secundum
1859 3105 2004 3174 quod
2031 3112 2088 3161 et

2189 1922 2243 1968 et
2271 1915 2744 1985 pr0pitiatorium,
2785 1927 2839 1972 et
2882 1918 3189 1986 cherubim,
3234 1929 3289 1976 et
3329 1921 3501 1976 altare
3527 1921 3761 1989 incensi,

2190 2011 2244 2057 et
2269 2019 2455 2058 mensa
2491 2006 2899 2075 propositionis,
2931 2017 2987 2063 et
3030 2024 3230 2079 panes,
3263 2009 3358 2065 sed
3394 2020 3451 2065 et
3489 2010 3759 2071 velamen.

2189 2094 2534 2149 ctcolumnaa
2582 2111 2646 2151 ac
2696 2112 2865 2163 serae,
2906 2107 2960 2153 et
3005 2099 3174 2155 altare
3221 2099 3765 2166 holocaustorum,ct

2191 2183 2370 2254 ipsum
2401 2186 2662 2255 templum
2686 2226 2701 2249 ,
2743 2196 2909 2259 atque
2947 2189 3131 2245 omnia
3169 2205 3287 2260 qua:
3332 2191 3386 2245 in
3420 2191 3536 2262 lege
3562 2192 3762 2262 scripta

2192 2285 2341 2331 sunt.
2376 2274 2572 2331 Omnia
2608 2278 2723 2333 haec
2772 2280 3157 2337 similitudines
3200 2291 3355 2338 erant
3391 2284 3532 2338 auri.
3568 2282 3674 2339 Sed
3707 2294 3764 2339 et

2193 2365 2371 2435 ipsum
2425 2382 2618 2422 aurum
2652 2369 2881 2433 visibilc,
2936 2386 3037 2441 pro
3086 2386 3153 2427 eo
3198 2373 3342 2443 quod
3372 2373 3580 2429 visibile
3620 2384 3760 2441 erat,

2191 2472 2300 2510 non
2346 2468 2465 2512 erat
2507 2473 2702 2514 aurum
2736 2477 2949 2527 verum,
2992 2462 3089 2517 sed
3129 2464 3428 2520 similitudo
3473 2476 3590 2520 erat
3615 2465 3763 2521 illius

2189 2548 2301 2601 veri
2351 2548 2469 2602 auri
2521 2549 2829 2605 invisibilis.
2872 2549 3012 2607 Istas
3057 2567 3187 2623 ergo
3220 2553 3606 2608 similitudines
3638 2553 3758 2608 auri

2190 2638 2434 2697 fecerunt
2461 2657 2675 2713 sponsa:
2700 2640 2959 2699 Ecclesia:
2999 2645 3185 2715 sponsi
3219 2645 3380 2700 amici
3410 2644 3587 2715 angeli
3617 2645 3762 2701 vide-

2189 2730 2319 2786 licet
2344 2741 2399 2787 et
2426 2735 2704 2803 propheta
2729 2751 2742 2787 :
2768 2736 2860 2805 qui
2896 2735 3342 2791 ministraverunt
3371 2737 3427 2792 in
3461 2736 3578 2808 lege
3603 2744 3762 2793 caete-

2191 2821 2377 2891 risque
2408 2827 2698 2895 mysteriis.
2728 2824 2875 2893 Hac,
2907 2830 3122 2899 opinor,
3145 2838 3200 2885 et
3224 2828 3427 2885 Paulus
3456 2828 3761 2900 intelligens

2191 2911 2445 2968 dicebat:
2484 2913 2553 2969 In
2599 2916 2848 2987 religione
2896 2920 3224 2989 angelorum,
3266 2921 3323 2975 in
3353 2921 3435 2973 Itis
3481 2935 3597 2989 qua:
3625 2919 3763 2974 ridet

2193 3002 2397 3072 frustra
2429 3006 2648 3075 inﬂatus
2672 3024 2827 3062 sensu
2854 3012 3028 3063 carnis
3053 3025 3164 3063 sua:
3199 3010 3264 3063 ⁸⁸.
3292 3007 3487 3065 Omnis
3517 3024 3647 3079 ergo
3667 3007 3764 3063 Ju-

2195 3095 2384 3151 daicus
2426 3097 2605 3154 cultus
2650 3109 2705 3153 et
2751 3100 2979 3170 religio,
3014 3100 3397 3156 similitudines
3447 3108 3576 3154 sunt
3622 3101 3765 3156 auri.

507 3191 776 3251 Dominus
802 3177 934 3250 dicit
955 3209 1052 3264 per
1082 3194 1399 3265 pr0phetam
1426 3213 1440 3249 :
1469 3194 1599 3248 Dedi
1632 3195 1773 3250 vobis
1806 3169 2085 3266 argentum
2112 3169 2155 3227 ο
2187 3182 2327 3239 Cum
2357 3194 2538 3240 autem
2566 3169 2873 3245 conversus
2910 3190 3072 3246 fuerit
3115 3190 3241 3261 quis
3272 3190 3338 3245 ad
3372 3189 3683 3255 Dominum,
3711 3200 3762 3245 et

503 3294 557 3342 et
586 3302 778 3341 aurum
813 3301 834 3341 :
865 3302 953 3340 vos
989 3297 1165 3339 autem
1192 3286 1391 3355 fecistis
1417 3297 1661 3357 argentea
1689 3299 1739 3341 et
1764 3303 1927 3341 aurea
1944 3286 2088 3341 Bau-

504 3375 605 3429 tim
630 3376 711 3443 “;
748 3376 1042 3431 ostendens
1076 3390 1171 3445 per
1195 3375 1310 3431 haec
1337 3385 1391 3431 et
1423 3377 1629 3445 dicens,
1657 3373 1766 3448 63
1802 3378 1931 3448 quia
1963 3378 2085 3433 dedi

507 3464 666 3520 vobis
701 3479 921 3520 sensum
963 3473 1019 3520 et
1052 3465 1317 3520 rationem
1356 3482 1461 3536 qua
1490 3482 1577 3522 me
1608 3466 1776 3521 Deum
1803 3476 1857 3522 et
1881 3468 2088 3523 sentire

507 3557 744 3627 possetis
785 3565 841 3611 et
884 3557 1101 3612 colere:
1129 3572 1226 3612 vos
1270 3567 1450 3612 autem
1495 3568 1548 3613 et
1576 3574 1798 3613 sensum
1835 3567 1890 3614 et
1916 3558 2086 3614 ratio-

507 3660 631 3703 nem
655 3661 777 3717 qna:
804 3645 859 3701 in
885 3646 1041 3702 vobis
1063 3654 1166 3712 est,
1199 3646 1266 3701 ad
1300 3646 1524 3702 colenda
1546 3647 1813 3703 daemonia
1843 3656 2084 3702 transtu-

504 3738 670 3794 listis.
708 3736 813 3794 Sed
841 3746 899 3795 et
926 3738 1137 3810 eloquia
1165 3737 1403 3806 Domini,
1443 3739 1653 3810 eloquia
1688 3749 1860 3805 casta,
1888 3754 2083 3810 argen-

507 3837 621 3883 tum
658 3829 776 3900 igne
799 3830 1082 3901 probatum
1126 3830 1328 3884 dicitur
1353 3830 1417 3887 ⁸⁸.
1453 3829 1516 3884 Et
1562 3830 1693 3885 item
1741 3831 1795 3884 in
1838 3831 1961 3887 aliis
1992 3848 2082 3885 ar-

503 3930 717 3989 gentum
758 3922 982 3991 ignitum
1005 3922 1143 3990 justi
1183 3922 1366 3991 lingua
1397 3930 1730 3977 memoratur
1767 3921 1832 3976 ‘5.
1863 3920 2079 3976 Cheru-

504 4012 617 4066 bim
664 4026 796 4066 vero
861 4026 1030 4066 aurea
1097 4012 1352 4066 dicuntur
1391 4012 1473 4078 ⁸⁷,
1547 4011 1806 4081 quoniam
1862 4012 2081 4081 quidem

505 4099 787 4169 plenitudo
832 4099 1073 4154 scientia:
1099 4097 1194 4152 Dei
1224 4099 1669 4165 interpretantur.
1721 4097 1825 4153 Sed
1870 4107 1923 4153 et
1952 4113 2084 4154 can-

509 4187 795 4242 delabrum
837 4187 892 4241 in
930 4186 1282 4242 tabernaculo
1319 4186 1616 4241 testimonii
1652 4202 1880 4241 aureum
1908 4197 1963 4241 et
1990 4201 2083 4241 so-

505 4277 677 4333 lidum
702 4278 832 4349 poni
862 4277 1160 4348 jubebatur
1193 4294 1207 4332 :
1252 4275 1399 4347 quod
1435 4276 1569 4332 mihi
1595 4277 1811 4332 videtur
1851 4275 2082 4332 formam

504 4378 691 4424 tenere
719 4370 986 4425 naturalis
1023 4369 1180 4441 legis,
1217 4368 1273 4423 in
1297 4385 1405 4440 qua
1441 4368 1525 4423 lex
1555 4368 1799 4424 scientiae
1827 4367 2078 4424 habetur.

2190 3274 2431 3331 ablatum
2459 3276 2627 3333 fuerit
2666 3279 2738 3334 ab
2767 3295 2833 3334 eo
2859 3280 3126 3346 velamen,
3155 3288 3287 3336 tunc
3324 3281 3528 3335 videbit
3564 3296 3758 3335 aurum

2186 3383 2375 3423 verum
2402 3388 2415 3423 :
2449 3370 2605 3439 cujus
2632 3373 2750 3425 auri
2785 3381 3077 3443 antequam
3108 3373 3326 3429 adesset
3353 3381 3407 3429 et
3431 3388 3763 3444 cognoscen-

2186 3456 2316 3514 dum
2356 3475 2414 3516 se
2465 3461 2769 3531 prteberet,
2817 3463 3203 3521 similitudines
3250 3464 3494 3521 icce'nmt
3547 3480 3764 3536 sponsa!

2185 3549 2348 3605 amici
2384 3550 2525 3620 ejus,
2563 3563 2625 3608 ut
2670 3569 2736 3609 ex
2771 3555 2879 3610 illis
2933 3556 3379 3611 similitudinibus
3428 3558 3759 3612 commonita

2185 3651 2239 3694 et
2274 3651 2601 3712 provocata,
2647 3644 2761 3700 veri
2815 3646 2934 3700 auri
2985 3645 3314 3702 desiderium
3362 3656 3597 3716 caperet.
3646 3645 3761 3705 Hoc

2183 3733 2328 3787 enim
2362 3733 2564 3789 factum
2592 3737 2796 3792 indicat
2825 3736 3045 3802 Paulus,
3072 3755 3194 3793 eum
3222 3740 3389 3795 dicit:
3425 3739 3556 3795 [lac
3583 3749 3758 3795 autem

2182 3824 2237 3878 in
2271 3828 2445 3897 ﬁgura
2475 3828 2841 3900 contingebant
2881 3830 3011 3884 illis.
3042 3828 3251 3900 Scripta
3282 3841 3454 3885 autem
3484 3841 3607 3886 sunt
3635 3849 3761 3901 pro-

2180 3927 2295 3987 pter
2320 3936 2437 3987 nos,
2470 3920 2521 3973 in
2550 3937 2679 3990 quos
2708 3921 2833 3990 ﬁnis
2880 3922 3193 3975 swculornm
3236 3924 3436 3976 devenit
3464 3923 3530 3979 ".
3564 3922 3668 3977 Sed
3702 3932 3758 3978 et

2183 4009 2344 4063 ﬁnem
2376 4026 2538 4080 quem
2573 4011 2704 4066 dicit
2747 4010 2974 4079 Paulus,
3026 4029 3132 4067 non
3178 4013 3448 4083 intelligas
3497 4028 3749 4083 corpora-

2181 4098 2288 4152 lem
2320 4100 2453 4170 (52).
2479 4100 2629 4157 Finis
2661 4102 2805 4157 enim
2838 4102 3141 4174 corporalis
3169 4105 3369 4159 multos
3394 4103 3632 4159 inveniet
3660 4120 3758 4174 pro

2185 4187 2387 4256 quibus
2415 4204 2519 4243 non
2548 4199 2679 4245 sunt
2709 4192 2911 4262 scripta
2957 4193 3072 4248 haec
3107 4210 3122 4247 :
3158 4208 3333 4262 neque
3373 4194 3517 4248 enim
3563 4193 3753 4263 hujus-

2187 4277 2337 4332 modi
2371 4277 2438 4334 de
2468 4279 2554 4335 his
2580 4283 2841 4351 recipient
2865 4283 3219 4338 intellectum.
3248 4282 3351 4338 Sed
3386 4283 3548 4339 linem
3584 4299 3756 4338 sarcu-

2182 4367 2383 4436 lorum,
2427 4369 2815 4440 perfectionem
2861 4389 3046 4429 rerum
3094 4374 3355 4443 intellige,
3405 4390 3527 4444 quae
3570 4375 3757 4444 utique

719 4456 848 4527 quid
878 4472 1017 4528 opus
1049 4470 1133 4553 est
1164 4458 1335 4553 multa
1377 4472 1705 4553 congregare
1747 4458 2078 4553 testimpnia,
2114 4497 2158 4553 ο
2181 4458 2350 4553 Paulo
2379 4472 2434 4553 et
2458 4462 2730 4519 similibus
2773 4464 2893 4534 ejus
2934 4465 3241 4531 advenisse,
3276 4474 3330 4519 et
3362 4474 3581 4535 propter
3611 4466 3758 4536 ipsos

506 4563 632 4604 cum
665 4548 719 4602 in
746 4558 998 4619 promptu
1032 4548 1106 4603 sit
1139 4548 1281 4604 scire
1310 4548 1616 4604 volentibus
1642 4548 1696 4601 in
1721 4549 1909 4605 multis
1926 4545 2076 4605 Scri-
2114 4545 2152 4553 ⁷
2180 4552 2384 4622 scripta
2412 4552 2528 4608 hac
2556 4568 2677 4609 esse
2703 4554 2979 4609 dicuntur.

508 4651 681 4713 pturie
713 4642 849 4698 locis
879 4642 984 4697 hoc
1030 4641 1279 4704 indicari,
1314 4641 1461 4712 quod
1506 4657 1700 4697 aurum
1736 4642 1802 4698 ad
1850 4658 2075 4699 sensum

509 4743 854 4805 mentemque
886 4743 1189 4797 revocetur,
1238 4743 1522 4803 argentum
1572 4748 1700 4788 vero
1747 4733 1814 4787 ad
1848 4733 2072 4789 verbum

503 4833 672 4895 atque
698 4824 911 4895 eloquia
940 4823 1249 4879 referatur?
1272 4821 1431 4878 Nunc
1451 4838 1581 4894 ergo
1621 4837 1976 4894 properemus
2005 4823 2073 4879 ad

503 4916 986 4986 contemplandum
1034 4915 1327 4986 quomodo,
1343 4915 1640 4970 secundum
1671 4928 1733 4969 ea
1776 4929 1899 4984 qua:
1937 4929 2078 4984 prae-

507 5006 783 5076 misimus,
812 5007 973 5063 amici
1006 5007 1193 5077 sponsi
1225 5007 1409 5062 dicant
1448 5022 1506 5062 se
1543 5006 1930 5063 similitudines
1960 5008 2079 5063 auri

446 5132 455 5141 -
507 5098 689 5155 facere
723 5114 937 5170 sponsa:
960 5115 1082 5155 cum
1107 5099 1549 5157 distinctionibus
1579 5098 1815 5170 argenti.
1854 5099 2081 5154 Videtur

505 5203 637 5260 ergo
666 5188 800 5243 mihi
834 5188 980 5259 quod
1018 5190 1103 5244 lex
1144 5206 1265 5259 qua:
1311 5205 1407 5259 per
1436 5188 1662 5259 angelos
1695 5188 1960 5259 disposita
1993 5199 2077 5245 est

504 5279 562 5334 in
597 5295 763 5334 manu
810 5281 1146 5349 mediatoris,
1192 5280 1626 5351 quandoquidem
1674 5280 1923 5334 umbram
1974 5280 2076 5334 ha-

506 5374 633 5430 beat
679 5373 991 5430 futurorum
1040 5374 1351 5438 bonorum,
1402 5387 1510 5427 non
1562 5371 1735 5440 ipsam
1785 5370 2074 5441 imaginem

574 5489 619 5520 “
639 5487 764 5544 Ose.
794 5505 855 5551 ιι,
888 5488 942 5544 8.
1038 5489 1082 5521 ⁸⁸
1100 5487 1244 5545 Psal.
1277 5504 1353 5553 ιι,
1375 5488 1430 5543 6.
1522 5487 1567 5519 ⁸⁸
1585 5484 1746 5540 Prov.
1788 5501 1846 5549 x,
1872 5486 1962 5540 ‘20.

508 5556 596 5611 νει
625 5558 751 5613 Cor.
786 5575 841 5624 ι,
884 5559 974 5614 Η.

576 5675 694 5818 £52;
725 5675 877 5742 “53.,
903 5678 1257 5747 temporalem.
1290 5675 1441 5732 Finis
1473 5678 1611 5731 enim
1642 5676 1966 5746 temporalis.

603 5745 673 5800 53
724 5745 858 5801 Ante
893 5749 1167 5803 adventum
1193 5763 1434 5818 namque,
1467 5756 1573 5803 etc.
1611 5747 1689 5804 Ad
1720 5748 1863 5804 hunc
1886 5747 1966 5804 loc

2078 5485 2120 5518 "
2143 5484 2315 5544 Exod.
2344 5505 2555 5545 xxxvii.

2256 4644 2361 4702 Sed
2404 4648 2518 4704 haec
2560 4650 2615 4703 in
2645 4665 2880 4706 excursu
2910 4649 3170 4719 diximus,
3201 4651 3443 4707 volentes
3474 4648 3758 4705 ostendere

2180 4738 2458 4809 quomodo
2489 4740 2650 4795 amici
2685 4741 2874 4811 sponsi
2929 4741 3115 4796 dicant
3161 4740 3227 4795 ad
3277 4755 3533 4811 sponsam
3580 4737 3759 4794 facere

2180 4843 2240 4883 se
2274 4829 2324 4885 ei
2358 4830 2740 4886 similitudines
2770 4831 2888 4885 auri
2917 4845 3042 4885 cum
3071 4830 3515 4886 distinctionibus
3545 4826 3757 4897 argenti

2179 4929 2277 4985 per
2304 4930 2367 4970 ea
2393 4917 2600 4972 scilicet
2634 4933 2755 4988 quae
2784 4919 2839 4973 in
2875 4918 2994 4989 lege
3026 4931 3079 4974 et
3123 4919 3404 4989 prophetis
3430 4934 3527 4988 per
3556 4917 3757 4989 ﬁguras

2181 5012 2236 5059 et
2283 5004 2549 5075 imagines
2595 5016 2651 5061 et
2698 5008 3082 5064 similitudines
3119 5020 3172 5063 et
3212 5009 3520 5079 parabolas,
3554 5007 3757 5077 scripta

2182 5096 2547 5152 tradiderunt.
2580 5097 2722 5153 Sunt
2768 5109 2949 5154 tamen
2993 5100 3047 5153 in
3096 5100 3180 5154 his
3210 5109 3265 5154 et
3307 5114 3485 5170 parvae
3508 5097 3756 5169 quaedam

2185 5185 2565 5245 diatinctiones
2591 5190 2831 5261 argenti,
2869 5190 3066 5247 indicia
3104 5191 3312 5247 scilicet
3356 5206 3552 5247 sensus
3598 5189 3758 5260 spiri-

2183 5278 2309 5334 talis
2343 5280 2492 5335 verhi
2526 5290 2580 5337 et
2627 5283 3093 5353 interpretationis
3142 5283 3501 5346 rationabilis,
3533 5282 3660 5337 licet
3704 5290 3759 5337 et

2183 5369 2339 5426 valde
2367 5386 2489 5427 rara
2523 5383 2576 5430 et
2612 5375 2826 5446 exigua.
2860 5376 3002 5431 Ante
3046 5379 3333 5432 adventum
3380 5392 3616 5447 namque
3642 5374 3757 5447 (53)

2670 5491 2715 5523 "
2746 5489 2910 5547 Hebr.
2945 5507 3023 5555 ix,
3048 5491 3138 5547 ῆι.
3252 5493 3297 5531 ⁶ι
3325 5491 3540 5557 Coloss,
3572 5504 3636 5558 tt,
3664 5487 3755 5544 l3.

2184 5678 2453 5751 pertinere
2482 5681 2734 5736 videntur
2755 5696 2818 5736 ea
2851 5696 2974 5751 quas
3014 5681 3182 5737 refert
3211 5679 3509 5751 Procopius
3540 5694 3603 5734 es
3634 5676 3759 5734 Ori-

724 5745 858 5801 Ante
893 5745 1167 5803 adventum
1193 5763 1434 5818 namque,
1467 5756 1573 5803 etc.
1611 5747 1689 5804 Ad
1720 5745 1863 5804 hunc
1886 5747 2066 5804 locum

2187 5745 2307 5819 tene
2336 5766 2348 5801 :
2376 5750 2508 5806 Τότε
2539 5752 2595 5806 δὲ
2637 5753 2699 5806 οὺ
2737 5745 2903 5816 mle;
2931 5748 3000 5824 ἦν
3030 5751 3150 5807 οὐδὲ
3193 5745 3492 5824 κεχυμένος
3523 5751 3552 5805 ὁ
3589 5750 3762 5822 dnuo
