4134 6464
350 415 449 472 15⁸1

1649 407 1852 464 ΗΒΕΙί
1894 406 2279 466 SECUNDUS.

3498 411 3599 468 l38

343 527 558 588 Domini
582 527 672 583 vix
701 524 877 583 sicubi
906 523 1295 595 prophetarum
1328 519 1528 591 aliquis
1559 536 1752 590 parum
1785 522 1916 591 quid
1951 530 1990 584 Α
2020 521 2398 583 distinctione,
2447 517 2540 574 sed
2584 518 2850 576 latissima
2895 518 3008 590 (54)
3043 521 3386 591 expositione
3443 537 3602 594 pate-

343 622 541 678 occulti
565 617 839 675 sermonis
860 616 1072 686 aperuit
1103 634 1116 668 :
1146 615 1294 668 verbi
1322 614 1493 682 gratia
1521 620 1580 666 ut
1605 610 1774 666 Isaias
1798 627 1923 666 cum

347 711 521 767 dicit:
566 709 729 763 Vinea
766 707 982 761 Domini
1012 704 1245 759 Sabaoth
1285 704 1472 755 domus
1519 699 1690 754 Israel
1735 709 1846 765 est,
1875 710 1925 753 et

341 805 529 858 domus
579 801 729 856 Iuda
784 797 990 853 novella
1035 797 1234 850 dilecta
1278 797 1344 848 '“.
1383 793 1450 848 Et
1502 794 1699 848 iterum
1744 793 1870 846 alibi
1907 809 1920 845 :

343 893 505 962 Aqua:
537 890 718 945 multis
743 898 916 960 gentes
947 887 1131 940 multa:
1175 894 1296 940 sunt
1330 887 1397 937 τ’.
1427 882 1492 938 Ει
1536 882 1788 938 Ezechiel
1823 897 1924 936 no-

344 985 563 1038 minans
594 984 734 1038 duas
760 995 983 1037 sorores
1007 977 1246 1041 Oollam,
1273 986 1328 1031 et
1371 974 1604 1040 Olibam,
1634 975 1796 1028 aliam
1827 972 1926 1028 Sa-

344 1075 573 1128 mariam
605 1073 891 1143 distinguit
919 1086 1041 1126 esse
1073 1079 1128 1125 et
1165 1069 1326 1122 aliam
1349 1067 1591 1122 Judaeam
1624 1066 1703 1131 ";
1731 1075 1788 1120 ct
1814 1066 1924 1120 sic--

345 1165 436 1220 ubi
469 1166 597 1220 talia
639 1165 889 1235 quaedam
933 1163 1066 1232 ipsis
1110 1161 1391 1231 prophetis
1439 1157 1924 1228 interpretantibus

343 1258 677 1326 aperiantur,
707 1257 826 1311 ista:
859 1254 1238 1310 distinctiones
1274 1251 1483 1322 argenti
1507 1251 1784 1305 dicuntur.
1819 1246 1922 1302 Ubi

344 1362 474 1402 vero
496 1346 746 1400 Salvator
777 1354 830 1400 et
854 1344 1119 1398 Dominus
1151 1350 1338 1398 noster
1364 1339 1524 1396 Jesus
1556 1339 1811 1394 Christus
1835 1336 1926 1390 ad-

345 1437 519 1501 venit,
554 1446 681 1490 nota
732 1437 937 1490 faciens
985 1435 1168 1489 omnia
1219 1434 1384 1488 verbo
1437 1421 1653 1487 virtutis
1703 1444 1834 1496 suae,
1868 1430 1921 1482 in

347 1531 602 1598 passione
633 1529 754 1598 ejus
779 1528 1042 1582 indicium
1072 1527 1261 1582 datum
1297 1535 1404 1592 est,
1444 1526 1591 1594 quod
1629 1540 1692 1580 ea
1719 1539 1840 1593 qtae
1867 1523 1922 1576 in

347 1619 681 1674 absconditis
727 1620 1070 1683 tenebantur,
1106 1629 1160 1672 et
1207 1634 1410 1673 arcana
1458 1626 1633 1679 erant,
1659 1617 1711 1670 in
1743 1617 1919 1670 lucem

343 1709 738 1779 proferrentur,
785 1723 840 1764 et
885 1709 951 1763 ad
1000 1709 1496 1763 manifestationem
1531 1706 1779 1761 venirent
1828 1722 1924 1774 per

346 1801 453 1855 hoc
487 1801 632 1870 quod
662 1802 840 1855 velum
889 1800 1076 1868 templi
1115 1814 1226 1867 quo
1269 1798 1466 1851 Sancta
1507 1805 1822 1852 sanctorum
1869 1805 1924 1850 et

2031 611 2192 664 facta.

2099 683 2292 755 Adhuc
2323 709 2502 754 autem
2534 709 2594 754 ut
2639 699 2840 755 clarius
2870 700 2963 754 iiat
2996 702 3143 769 quod
3177 697 3309 756 dicit
3342 719 3356 756 :
3401 698 3630 771 υδᾳιιει,

2029 807 2132 860 quo
2163 806 2253 844 rex
2303 791 2372 842 sit
2409 791 2464 843 in
2505 791 2740 843 recubitu
2769 807 2890 856 suo,
2917 791 3080 846 etiam
3125 792 3193 846 de
3239 792 3475 848 secunda
3503 793 3607 847 Ba-

2028 883 2170 936 laam
2194 880 2478 951 prophetia
2506 896 2628 949 qua:
2658 881 2726 934 de
2755 880 2975 937 Christo
3011 883 3083 938 ita
3114 883 3380 949 continet,
3417 882 3606 954 profe-

2028 987 2214 1027 remus
2249 990 2263 1026 :
2293 971 2528 1036 Orietur,
2575 972 2786 1042 inquit,
2824 973 2978 1027 stella
3021 991 3085 1028 ea:
3127 974 3328 1039 Iacob,
3371 987 3422 1029 et
3468 976 3605 1029 exiet

2027 1063 2178 1139 homo
2205 1064 2269 1117 de
2292 1063 2487 1117 sentina
2511 1063 2647 1131 ejus,
2668 1073 2717 1117 et
2743 1064 3106 1118 dominabitur
3136 1068 3373 1136 gentibus
3398 1067 3602 1121 multis.

2028 1153 2372 1208 Exaltabitur
2403 1155 2513 1225 Gog
2537 1171 2750 1226 regnum
2777 1156 2912 1224 ejus,
2937 1166 2986 1209 et
3011 1168 3202 1211 crescet
3234 1175 3447 1230 regnum
3467 1158 3600 1228 ejus.

2027 1246 2167 1314 Deus
2197 1253 2379 1301 educet
2403 1263 2521 1301 eum
2560 1262 2625 1300 ea:
2651 1245 2885 1316 zEggpw
2916 1249 3054 1302 sicut
3099 1250 3269 1318 gloria
3310 1251 3603 1316 unicornis,

2025 1345 2074 1388 et
2121 1336 2354 1390 comedet
2395 1346 2567 1406 gentes
2616 1337 2954 1390 inimicorum
3002 1355 3238 1403 suorum,
3262 1349 3310 1392 et
3343 1341 3602 1393 crassitu-

2026 1423 2172 1476 dines
2220 1441 2400 1478 eorum
2445 1425 2811 1489 emedullabit,
2848 1435 2896 1478 et
2929 1425 3128 1494 jaculis
3175 1428 3284 1480 suis
3322 1429 3603 1498 sagittabit

2025 1529 2132 1566 eos.
2186 1513 2503 1569 Recumbens
2553 1526 2609 1568 ut
2653 1516 2731 1570 leo
2782 1518 3096 1586 requiescet,
3126 1529 3175 1572 et
3219 1520 3354 1573 sicut
3393 1519 3602 1573 catulus

2026 1604 2211 1658 leonis.
2251 1605 2383 1670 Quis
2426 1607 2704 1660 suscitabit
2750 1624 2867 1660 eum
2898 1609 2984 1662 7"?
3021 1608 3322 1665 Considera
3363 1625 3494 1681 ergo
3535 1627 3603 1664 ex

2027 1695 2113 1750 his
2146 1695 2482 1764 diligentius,
2508 1706 2562 1751 et
2604 1697 2722 1751 vide
2762 1699 3042 1767 quomodo
3082 1701 3262 1756 omnis
3302 1703 3604 1756 similitudo

2028 1787 2147 1842 auri
2181 1803 2356 1856 usque
2391 1788 2456 1842 ad
2485 1797 2790 1843 extremum
2818 1797 3054 1859 tempus,
3088 1792 3156 1846 ad
3186 1794 3490 1848 recubitum
3519 1811 3606 1849 re-

344 1907 544 1946 πωπω
581 1891 920 1955 velabamm,
971 1889 1206 1944 scissum
1252 1897 1337 1942 εει
1367 1889 1654 1943 desursum
1685 1887 1804 1955 ejus
1831 1871 1998 1942 “3-13
2026 1878 2108 1944 gis
2137 1879 2366 1944 scilicet,
2399 1889 2543 1934 stare
2574 1889 2927 1935 memoratur.
2959 1879 3090 1935 Post
3136 1882 3254 1938 haec
3295 1899 3426 1954 ergo
3453 1886 3605 1940 exal-

340 2000 449 2054 que
515 1984 812 2046 deorsum,
863 1983 1042 2053 palam
1090 1980 1206 2036 fore
1253 1980 1580 2035 denuntians
1630 1981 1920 2047 omnibus,

340 2074 489 2143 quod
521 2076 854 2128 intrinsecus
876 2071 1162 2126 videbatur
1194 2072 1488 2127 obtectum.
1523 2071 1612 2126 Sic
1635 2087 1764 2143 ergo
1791 2073 1923 2127 illud

340 2166 486 2236 quod
515 2179 610 2234 per
637 2165 857 2234 angelos
881 2162 992 2234 65
1015 2175 1069 2217 et
1093 2163 1384 2232 prOphetas
1415 2162 1786 2218 ministratum
1817 2173 1921 2230 est,

339 2257 644 2312 similitudo
669 2256 788 2310 auri
839 2255 960 2322 fuit,
996 2272 1119 2311 cum
1165 2256 1614 2311 distinctionibus
1645 2258 1828 2326 parvis
1863 2265 1920 2312 et

337 2348 549 2418 exiguis
595 2347 823 2416 argenti.
860 2346 986 2402 Haec
1029 2351 1211 2402 autem
1252 2363 1373 2417 quae
1395 2361 1491 2417 per
1519 2348 1700 2416 ipsum
1735 2346 1924 2402 Domi-

339 2455 470 2494 num
498 2447 741 2493 nostrum
771 2437 956 2492 Jesum
983 2438 1261 2493 Christum
1295 2439 1490 2492 tradita
1529 2447 1675 2503 sunt,
1709 2439 1760 2492 in
1786 2455 1923 2494 auro

339 2545 470 2586 vero
517 2537 572 2584 et
612 2540 840 2600 argento
891 2529 1066 2585 solido
1117 2529 1382 2584 collocata
1431 2537 1580 2583 sunt.
1621 2527 1747 2584 llzc
1775 2531 1920 2585 enim

337 2637 462 2692 quae
509 2637 604 2692 per
650 2622 858 2677 amicos
889 2620 1075 2690 sponsi
1113 2619 1256 2674 facta
1301 2629 1404 2687 est,
1455 2621 1758 2675 similitudo
1800 2623 1924 2677 auri

338 2726 466 2766 cum
531 2711 978 2767 distinctionibus
1021 2712 1267 2780 argenti,
1313 2727 1423 2766 non
1479 2713 1534 2766 in
1591 2713 1922 2783 sempiterna

348 2815 611 2855 mansura
660 2800 1044 2870 promittitur:
1085 2801 1182 2855 sed
1214 2810 1426 2870 tempus
1473 2803 1523 2856 ei
1564 2803 1822 2858 statuitur
1854 2804 1923 2860 ab

343 2890 450 2945 illis
476 2891 612 2959 ipsis
647 2890 960 2946 dicentibus
991 2908 1004 2944 :
1043 2891 1316 2963 Usquequo
1363 2909 1455 2947 rea:
1483 2895 1552 2947 sit
1588 2895 1644 2947 in
1683 2897 1922 2950 recubitu

341 2997 458 3035 suo.
495 2981 631 3035 Cum
676 2983 824 3036 enim
871 2984 1196 3040 recumbens
1237 2985 1520 3039 dormierit
1544 2993 1605 3040 ut
1633 2985 1736 3054 leo,
1771 2996 1826 3042 et
1863 2997 1923 3044 ut

340 3070 557 3126 catulus
592 3071 787 3138 leonis,
823 3081 878 3126 et
898 3081 1023 3142 post
1061 3073 1177 3127 hare
1207 3073 1554 3128 suscitaverit
1585 3089 1710 3129 cum
1737 3075 1918 3143 Pater,

339 3171 395 3215 et
425 3161 788 3216 resnrreserit
813 3177 843 3216 a
867 3163 1126 3230 mortuis,
1159 3163 1208 3218 si
1248 3163 1342 3233 qui
1377 3162 1578 3220 fuerint
1607 3165 1920 3224 conformes

340 3251 759 3307 resurrectionis
797 3251 939 3321 ejus,
970 3252 1086 3322 jam
1124 3267 1232 3307 non
1280 3255 1334 3308 in
1370 3254 1726 3311 similitudine
1771 3258 1914 3326 auri,

339 3341 393 3396 id
418 3351 503 3397 est
536 3357 645 3396 non
673 3342 728 3396 in
772 3357 956 3396 rerum
988 3343 1354 3414 corporalium
1385 3344 1532 3400 cultu
1576 3347 1914 3416 manebunt;

336 3434 432 3489 sed
465 3448 662 3488 aurum
685 3449 874 3489 verum
919 3435 990 3490 ab
1033 3436 1166 3506 ipsis
1196 3437 1517 3507 percipient,
1542 3439 1829 3496 credentes
1863 3450 1919 3496 et

337 3535 618 3595 sperantes
663 3540 774 3580 non
817 3541 882 3582 ea
932 3542 1056 3596 qum
1097 3528 1370 3596 videntur,
1412 3529 1506 3584 sed
1537 3545 1659 3600 quae
1692 3546 1801 3586 non
1832 3533 1917 3586 vi-

336 3616 556 3682 dentur,
586 3631 688 3672 nec
718 3633 841 3686 quae
884 3618 940 3672 in
992 3620 1152 3674 terris
1195 3629 1345 3687 sunt,
1376 3619 1469 3676 sed
1497 3636 1620 3691 qua:
1653 3622 1706 3676 in
1741 3623 1916 3689 cmlis,

337 3709 430 3763 ubi
457 3709 711 3764 Christus
753 3719 838 3765 est
881 3709 938 3764 in
979 3710 1202 3765 dextera
1231 3709 1326 3766 Dei
1369 3711 1588 3778 sedens,
1633 3722 1685 3768 et
1713 3713 1916 3781 dicent,

334 3800 466 3871 quia
488 3809 539 3854 et
573 3802 621 3855 si
650 3801 987 3870 cognorimus
1018 3799 1288 3855 Christum
1312 3800 1601 3872 aliquando
1631 3804 1917 3856 secundum

334 3905 568 3956 canem,
601 3891 692 3944 sed
719 3907 856 3944 nunc
872 3891 991 3960 jam
1015 3907 1120 3944 non
1148 3893 1385 3945 novimus
1409 3890 1479 3950 ⁷⁸.
1504 3888 1626 3946 Νοιι
1653 3904 1784 3957 ergo
1803 3891 1917 3960 jam

333 3981 782 4038 distinctionibus
826 3982 1009 4052 parvis
1051 3983 1284 4053 argenti,
1331 3982 1427 4038 sed
1466 3981 1523 4036 in
1573 3981 1917 4036 latitudinem

335 4073 540 4128 diﬂuso
578 4082 800 4128 utentur
842 4086 1090 4144 argento.
1123 4075 1363 4129 Audient
1387 4073 1531 4128 enim
1559 4073 1707 4143 quod
1738 4073 1792 4127 in
1827 4073 1917 4129 illa

335 4163 458 4217 auri
483 4162 840 4218 similitudine
861 4171 1016 4231 petra
1050 4177 1172 4232 quas
1213 4162 1368 4232 sequi
1395 4163 1619 4230 dicitur,
1644 4171 1699 4218 et
1728 4171 1916 4233 potum

336 4254 539 4326 populo
583 4253 843 4322 praebere,
883 4253 1139 4309 Christus
1177 4261 1280 4321 est,
1326 4263 1382 4310 et
1421 4270 1573 4311 mare
1613 4256 1919 4326 baptismus

332 4360 439 4412 est,
469 4355 524 4400 et
555 4345 729 4400 nubes
761 4343 998 4416 Spiritus
1043 4355 1266 4402 sanctus
1307 4355 1420 4412 est,
1469 4356 1524 4402 et
1552 4363 1754 4402 manna
1786 4346 1913 4402 Ver-

334 4438 466 4492 bum
501 4436 597 4491 Dei
633 4444 736 4503 est,
768 4445 825 4491 et
853 4453 1028 4506 agnus
1054 4436 1278 4494 Pascha;
1304 4437 1555 4493 Salvator
1580 4447 1682 4506 est,
1712 4447 1767 4494 et
1793 4453 1920 4494 san-

2026 1975 2232 2030 tabitur
2257 1975 2391 2044 Gog,
2420 1975 2469 2028 id
2498 1983 2581 2030 est
2612 1989 2776 2044 super
2821 1983 2993 2041 tecta,
3026 1992 3252 2048 regnum
3287 1979 3442 2047 ejus,
3475 1995 3601 2034 cum

2025 2065 2278 2120 videlicet
2305 2067 2372 2119 de
2416 2066 2577 2121 terris
2615 2067 2681 2120 ad
2718 2066 2958 2122 coelestia
3003 2066 3169 2139 fuerit
3199 2077 3338 2124 tecta
3367 2071 3602 2126 transla-

2025 2166 2162 2211 tum.
2214 2156 2319 2212 Sed
2364 2158 2431 2212 de
2475 2157 2562 2218 his
2592 2157 2826 2227 plenius,
2870 2169 3033 2228 prout
3055 2158 3320 2216 Dominus
3339 2161 3509 2228 dedit,
3543 2162 3601 2217 in
3706 2160 3712 2166 ’

2016 2246 2393 2305 Numerorum
2441 2249 2583 2305 libro
2650 2250 2918 2320 persecuti
2970 2266 3182 2306 sumus.
3239 2250 3602 2323 Requiramus

2023 2356 2154 2396 sane
2198 2343 2243 2396 si
2295 2343 2457 2397 etiam
2507 2342 2712 2397 sanctis
2757 2343 3006 2412 patribus
3052 2344 3187 2414 ipsis
3219 2351 3274 2399 et
3321 2347 3600 2416 prophetis

2022 2431 2116 2499 qui
2146 2432 2592 2487 ministraverunt
2625 2432 2851 2487 verbum
2897 2446 3024 2489 ante
3065 2435 3356 2490 adventum
3384 2437 3601 2494 Domini

2022 2521 2195 2575 nostri
2223 2519 2353 2577 Jesu
2383 2521 2612 2588 Christi,
2633 2523 2983 2592 perfectionis
3014 2526 3200 2596 hujus,
3228 2529 3453 2600 verique
3481 2532 3601 2584 auri

2022 2613 2195 2679 gratia
2221 2612 2349 2666 data
2375 2613 2473 2677 sit;
2507 2627 2576 2666 an
2608 2622 2816 2668 tantum
2855 2613 3038 2670 futura
3067 2615 3183 2670 haec
3215 2616 3600 2688 intellexerint,

2022 2710 2077 2755 et
2097 2701 2150 2756 in
2183 2702 2378 2772 spiritu
2416 2711 2646 2758 ventura
2686 2705 3060 2773 prmviderint;
3093 2716 3255 2776 atque
3281 2709 3353 2763 ob
3383 2711 3484 2765 hoc
3513 2726 3601 2766 so-

2022 2793 2136 2846 lum
2169 2794 2369 2848 dixerit
2401 2792 2668 2849 Dominus
2715 2795 2782 2849 de
2814 2795 3123 2860 Abraham,
3158 2799 3286 2868 quia
3327 2800 3602 2857 desidera-

2023 2882 2161 2938 verit
2192 2883 2380 2939 videre
2412 2884 2556 2939 diem
2594 2885 2737 2955 ejus,
2767 2894 2819 2940 et
2853 2885 3068 2953 viderit,
3099 2896 3154 2941 et
3193 2889 3404 2946 laetatus
3431 2893 3502 2946 sit
3532 2895 3600 2960 ⁷⁸,

2021 2973 2170 3044 quod
2202 2975 2410 3030 scilicet
2439 2975 2493 3028 in
2517 2975 2709 3045 spiritu
2745 2975 2929 3032 futura
2971 2979 3297 3047 praeviderit.
3323 2980 3389 3036 Et
3427 2984 3602 3055 magis

2021 3064 2258 3121 fortasse
2300 3066 2408 3122 hoc
2441 3066 2515 3121 ita
2562 3075 2685 3122 es‘se
2729 3069 2892 3123 etiam
2934 3069 3023 3124 ille
3069 3086 3250 3126 sermo
3293 3077 3599 3143 conﬁrmet,

2023 3158 2116 3228 qui
2146 3158 2224 3212 ait
2254 3175 2268 3212 :
2314 3157 2478 3212 Multi
2514 3158 2654 3228 justi
2703 3160 3132 3215 desideraverunt
3169 3164 3340 3238 videre
3376 3182 3493 3235 qua:
3523 3168 3600 3220 ci-

2021 3249 2180 3317 detis,
2211 3260 2261 3304 et
2294 3266 2397 3304 non
2430 3251 2702 3316 viderunt;
2726 3263 2774 3307 et
2802 3255 2991 3309 audire
3026 3273 3144 3326 qua:
3171 3257 3392 3325 auditis,
3422 3268 3470 3312 et
3497 3275 3602 3313 nou

2020 3343 2306 3396 audierunt
2352 3344 2417 3396 ⁷⁷.
2467 3341 2733 3410 Quamvis
2776 3361 2876 3401 nec
2928 3347 3036 3403 illis
3083 3350 3322 3419 potuerit
3361 3348 3602 3406 defuisse

2020 3433 2282 3503 perfectio
2307 3434 2533 3491 veniens
2559 3450 2625 3490 ex
2657 3435 2784 3492 fide.
2829 3436 2962 3504 Qua:
2998 3439 3145 3496 enim
3191 3457 3292 3498 nos
3317 3441 3459 3498 facta
3483 3459 3604 3498 cre-

2019 3525 2220 3594 dimus,
2251 3526 2368 3582 haec
2414 3526 2492 3580 illi
2543 3527 2751 3597 majore
2783 3543 2908 3584 cum
2959 3535 3369 3602 exspectatione
3420 3535 3602 3592 futura

2020 3615 2336 3674 credebant.
2381 3615 2535 3672 Sicut
2562 3633 2693 3688 ergo
2724 3634 2790 3675 ex
2819 3621 3054 3678 adventu
3081 3623 3285 3680 Christi
3322 3627 3603 3685 credentes

2020 3707 2421 3775 praeteritorum
2453 3707 2606 3776 ﬁdes,
2651 3709 2728 3764 ita
2757 3718 2813 3765 et
2846 3712 2970 3767 illos
3009 3713 3318 3772 futurorum
3347 3717 3414 3772 ad
3452 3734 3604 3774 sum-

2021 3809 2166 3849 mam
2195 3795 2545 3865 perfectionis
2583 3799 2832 3855 adduxit.
2865 3802 3021 3867 Quod
3049 3805 3096 3858 si
3131 3806 3198 3860 ad
3238 3822 3603 3878 unamquam-

2021 3897 2129 3951 que
2177 3885 2419 3940 animam
2471 3886 2742 3943 referatur
2781 3893 3072 3962 expositio,
3117 3896 3387 3952 videbitur
3432 3901 3602 3970 quod,

2021 3973 2196 4030 donec
2227 3978 2452 4044 parvula
2487 3987 2575 4034 est
2612 3979 2792 4038 adhuc
2838 3984 3022 4040 anima
3066 3997 3122 4043 et
3165 3988 3514 4060 imperfecta,
3548 4003 3603 4048 et

2023 4069 2125 4124 sub
2153 4071 2427 4127 tutoribus
2469 4083 2523 4128 et
2550 4078 3001 4144 procuratoribus
3032 4082 3232 4150 posita,
3261 4083 3374 4140 sive
3413 4085 3602 4144 docto-

2022 4161 2177 4216 ribus
2209 4160 2487 4230 Ecclesite,
2516 4165 2632 4222 sive
2654 4169 2884 4239 angelis,
2913 4173 3006 4242 qui
3035 4175 3388 4243 parvulorum
3416 4187 3604 4233 custo-

2021 4249 2117 4306 des
2148 4267 2271 4307 esse
2298 4251 2578 4322 dicuntur,
2621 4265 2677 4311 et
2704 4259 2900 4326 _videre
2944 4276 3160 4332 semper
3187 4263 3382 4321 faciem
3424 4265 3602 4322 Patris

2021 4342 2114 4410 qui
2145 4341 2200 4396 in
2235 4343 2389 4400 caelis
2420 4355 2538 4413 est,
2590 4347 2979 4406 similitudines
3033 4353 3153 4407 auri
3196 4357 3336 4411 fiunt
3371 4357 3444 4423 ei,
3473 4373 3599 4413 cum

2022 4449 2132 4489 non
2162 4435 2352 4491 solidis
2381 4445 2437 4492 et
2477 4436 2714 4496 fortibus
2757 4441 2924 4497 alitur
2948 4443 3109 4500 Verbi
3152 4447 3246 4503 Dei
3291 4449 3459 4517 cibis,
3503 4453 3600 4507 sed

335 4528 457 4597 guis
487 4529 614 4598 agni
662 4526 848 4597 passio
883 4525 1088 4582 Christi
1115 4536 1218 4595 est,
1263 4537 1319 4584 et
1355 4529 1534 4584 velum
1563 4529 1712 4600 quod
1741 4538 1827 4585 est
1857 4528 1913 4583 in
1949 4551 1992 4606 υ
2021 4527 2475 4584 similitudinibus
2523 4530 2810 4600 imbuitur,
2855 4536 3004 4592 velut
3047 4539 3094 4594 si
3138 4539 3408 4607 dicamus,
3441 4557 3601 4612 para-

337 4616 556 4672 Sanctis
587 4626 941 4686 sanctorum,
972 4634 1083 4688 quo
1115 4618 1301 4674 divina
1331 4619 1422 4675 illa
1450 4629 1504 4674 et
1531 4635 1732 4676 arcana
1763 4629 1912 4690 tege-

334 4703 555 4768 bantur,
593 4720 722 4760 caro
771 4707 891 4776 ejus
931 4716 1050 4774 est;
1101 4708 1319 4778 aliaque
1369 4710 1659 4764 innumera
1704 4725 1771 4764 ex
1795 4711 1916 4778 eius

334 4795 735 4850 resurrectione
791 4797 1070 4868 patebunt,
1113 4815 1222 4854 non
1276 4799 1389 4869 jam
1442 4815 1632 4870 parva,
1657 4809 1718 4854 ut
1742 4800 1919 4870 prius,

406 4912 450 4982 '_‘
482 4913 584 4965 lsa.
627 4927 690 4974 v,
721 4911 773 4964 7.
886 4913 930 4944 τ’
968 4915 1137 4982 Apoc.
1174 4931 1309 4982 xvu,
1350 4918 1436 4971 15.

334 4982 381 5013 ⁷⁸
407 4979 565 5035 Joan.
597 4997 714 5046 vui,
751 4982 837 5036 56.
915 4983 961 5018 ⁷⁷

334 5117 446 5170 ροςο
482 5101 637 5175 ὀλίγα
667 5099 724 5175 es
752 5095 818 5172 ἦν
845 5104 904 5175 ἐν
928 5102 1402 5175 ἁποῤῥήτῳεεαρᾲ
1441 5103 1742 5175 προφητῶν,
1759 5103 1914 5175 λεγόέ

381 5187 474 5224 ενα
500 5171 608 5244 ,καὶ
620 5168 742 5244 ’τῶν
777 5168 951 5244 esset
1234 5168 1696 5244 Ἐπὶδημήτάντος
1727 5173 1812 5238 δὲ,
1833 5168 1914 5227 ’τὰ

381 5188 474 5224 ενα
513 5188 608 5223 και
636 5188 742 5223 των
785 5188 951 5225 παλαι
997 5189 1192 5241 σοφων.
1239 5188 1696 5244 ἰςπισημησαντος
1727 5188 1812 5238 os,
1845 5188 1914 5227 τα

333 5188 393 5297 rv
427 5243 542 5314 τοῖς
570 5239 792 5305 ἀϐάτοις
817 5241 925 5314 τοῦ,
940 5242 1073 5314 ναοῦ
1106 5240 1438 5314 τεθεώρηται
1475 5242 1555 5314 τῷ
1585 5243 1831 5314 βλέποντι
1855 5244 1916 5295 τὸ

333 5312 842 5383 κᾳταπέτᾳσμίαᾲτὺ
904 5311 1154 5383 ali-10tth
1203 5311 1536 5383 σχιζόμενον
1561 5311 1766 5367 ἄνωθεν
1811 5313 1914 5383 ἕως

334 5380 487 5436 κάτω
510 5381 607 5453 ἐπὶ
734 5379 1084 5453 become-qva:
1107 5383 1176 5435 τὰ
1208 5379 1375 5446 ἒῦδον,
1404 5383 1542 5453 ὲπὰν
1567 5384 1595 5434 ὁ
1626 5382 1916 5437 ἀναπεσὼν

331 5448 622 5530 κοψηθεὶὲ
734 5448 868 5530 Man)
1123 5453 1359 5523 σκύμνος
1382 5452 1599 5530 ἐγερθῇ.
1632 5454 1740 5530 Kal
1776 5453 1915 5530 μετὰ

334 5519 543 5593 ταῦτα’
580 5519 713 5593 Τότε
743 5522 863 5593 χὰρ
894 5523 954 5593 οἱ,
983 5519 1294 5593 σύμμοριροι
1343 5519 1621 5593 γενόμξύρι
1657 5525 1756 5593 τῆς
1777 5519 1915 5576 ἅνα-

337 5591 577 5664 στάσεως
604 5588 769 5664 aiith
794 5588 1540 5664 πὰραᾉήψὸεᾶτᾴζπαρίςὺτδῦ
1571 5592 1686 5664 ἀνθ’
1713 5588 1912 5664 ὅμοιως-

379 5608 577 5651 ιασεως
604 5608 769 5642 αυτηυ
794 5608 1208 5712 nepetam/ovch
1230 5608 1354 5663 παρ’
1378 5608 1540 5644 euroo
1571 5608 1685 5645 aW'
1713 5608 1912 5663 ομοίω-

379 5659 530 5745 ιεῖιτιιιινΙ
563 5659 761 5745 χριὲξτὸν
778 5699 792 5723 ,
828 5677 879 5745 Δσιτ
910 5661 1300 5744 ηθυγθήσοντᾳι
1347 5661 1424 5732 τῷ
1468 5663 1691 5745 χρυσίῳ.
1713 5664 1808 5716 καὶ
1835 5662 1912 5744 τῷ

333 5727 612 5802 ἀργυρίῳξ
646 5727 788 5782 Tunc
823 5727 1068 5798 temporis
1101 5727 1218 5784 'non
1251 5727 1434 5802 ingens
1469 5727 1691 5802 argenti
1736 5727 1908 5801 copia,

333 5814 425 5853 nec
450 5800 588 5853 illud
620 5799 796 5867 [usum
823 5810 936 5852 erat
959 5818 978 5855 :
1006 5818 1176 5870 pauca
1196 5818 1313 5854 vero
1348 5803 1424 5855 sic
1447 5803 1601 5872 quasi
1635 5804 1689 5856 in
1715 5818 1910 5856 arcano

731 5894 1006 5958 Ps‘rnou.
1052 5895 1167 5957 Gn.
1215 5894 1387 5957 X111.

1546 4918 1592 4949 "
1634 4918 1831 4972 Ezech.
1882 4932 2040 4984 χχιιι,
2076 4918 2130 4973 ἆ.

1047 4986 1184 5038 atth.
1226 5001 1344 5053 xm,
1380 4987 1465 5039 l7.
1541 4987 1589 5018 7"
1613 4986 1744 5042 Luc.
1780 5004 1840 5055 ιι,
1865 4988 1955 5042 52.

2023 4618 2164 4673 bolis
2194 4627 2248 4673 et
2273 4620 2542 4688 exemplis
2568 4621 2815 4688 docetur,
2845 4641 2946 4693 pro
2972 4630 3174 4698 quibus
3214 4639 3270 4686 et
3297 4632 3413 4702 ipse
3439 4631 3600 4688 Chri-

2023 4717 2144 4763 stus
2191 4709 2388 4764 dicitur
2431 4719 2589 4766 aetate
2639 4727 2884 4769 crescere
2935 4727 2989 4772 et
3031 4721 3296 4789 sapientia
3326 4731 3381 4776 et
3425 4724 3598 4793 gratia

2026 4800 2168 4870 apud
2199 4799 2370 4855 Deum
2398 4812 2455 4856 et
2483 4802 2736 4860 homines
2763 4805 2833 4859 ⁷⁸.
2865 4806 2922 4860 lu
2971 4809 3081 4864 illis
3121 4825 3252 4883 ergo
3288 4812 3602 4886 similitudi-

2241 4919 2288 4950 ⁷⁵
2308 4917 2350 4973 ιι
2375 4918 2503 4975 Cor.
2531 4936 2582 4988 ν,
2618 4921 2700 4975 16.
2807 4923 2852 4954 ⁷⁸
2882 4922 3043 4980 Num.
3068 4942 3217 4994 xxiv,
3256 4927 3344 4998 l7,
3379 4929 3430 4996 7,
3454 4931 3509 5001 8,
3541 4933 3597 4990 9.

2017 5113 2232 5184 θιοαηιβ
2264 5107 2529 5184 prophetis
2562 5109 2789 5184 virisque
2821 5111 3152 5184 sapientibus
3193 5116 3358 5184 prisci
3387 5119 3484 5172 teri
3511 5121 3596 5173 di-

2017 5183 2120 5256 cta.
2152 5174 2221 5228 At
2253 5177 2340 5256 ubi
2376 5175 2616 5256 Christus
2646 5174 3024 5256 advenit,'gu_te
3054 5183 3107 5235 in
3146 5174 3328 5254 templi
3351 5199 3595 5256 penetra-

2017 5243 2155 5296 libus
2185 5255 2358 5308 erant,
2381 5246 2463 5298 illi
2489 5257 2793 5312 patuerunt,
2821 5243 3076 5317 qui'videt
3101 5243 3279 5307 verum
3307 5243 3536 5311 velamen
3560 5277 3595 5312 a

2017 5329 2220 5384 summa
2263 5330 2424 5384 usque
2468 5317 2714 5370 deorsum
2759 5321 3080 5374 conscissam
3123 5339 3236 5376 esse
3282 5325 3353 5376 ad
3399 5341 3462 5378 ea
3511 5327 3596 5380 in-

2019 5381 2211 5461 tuenda
2239 5381 2357 5461 quae
2383 5387 2522 5461 intus
2553 5387 2935 5461 condebanlur,
2973 5401 3249 5461 postquam
3291 5395 3593 5450 recumbens

2017 5453 2289 5508 dormierit
2320 5464 2376 5508 ut
2403 5457 2500 5520 leo,
2534 5464 2584 5508 et
2613 5460 2749 5511 sicut
2779 5453 2988 5513 catulus
3018 5453 3182 5513 leonis
3224 5468 3590 5520 “surrexerit.

2021 5521 2088 5574 Et
2117 5533 2297 5598 postea
2333 5541 2346 5598 ξ
2377 5526 2482 5590 Qui
2517 5528 2658 5580 enim
2696 5529 2989 5598 conformes
3030 5530 3161 5597 facti
3191 5532 3390 5598 fuerint
3418 5551 3596 5589 resur-

2021 5595 2266 5647 rectionis
2295 5595 2407 5663 ejus
2427 5637 2440 5658 .
2473 5611 2567 5662 pro
2597 5595 3039 5650 similitudinibus
3086 5595 3278 5675 aurum
3331 5608 3594 5675 accepturi

2019 5672 2145 5736 sunt
2167 5681 2194 5736 ;_
2212 5680 2388 5736 nempe
2415 5681 2547 5736 auro
2579 5677 2975 5736 atqueiargento
3008 5667 3364 5736 replebunmr.

2090 5732 2205 5805 (54)
2240 5732 2392 5802 Mss,
2418 5732 2701 5791 latissima.
2729 5732 2882 5791 Libb.
2912 5732 3070 5805 edit.,
3092 5738 3382 5797 altissima.

3317 5911 3360 5966 δ
3589 5878 3631 5985 r‘
