2067 3226
271 205 284 232 Ι
289 206 322 233 39

800 201 965 230 ORICENIS
984 203 1018 230 IN
1038 204 1215 232 CANTlCl‘M
1232 204 1368 233 CANTIC.

1841 195 1893 225 ΗΟ

271 262 352 290 nibus
379 262 522 294 imbuitur,
544 266 570 288 et
591 261 658 287 tiunt
678 260 701 286 ci
726 261 846 295 parvula:
872 262 1059 289 distinctiones
1074 265 1095 292 Α
1111 264 1212 290 obtinet
1226 264 1326 290 locum.
1350 263 1407 290 Tali
1422 271 1486 298 ergo
1502 263 1582 291 modo
1594 265 1674 291 etiam
1691 265 1767 292 tertla
1784 267 1892 300 caroti-

271 308 386 342 argenti.
405 307 569 342 Aperiuntur
586 306 659 332 enim
683 305 818 332 interdum
836 311 863 333 et
886 307 928 333 his
942 307 987 341 qui
1009 306 1059 333 im-

270 352 393 379 buuntur
406 358 488 386 parva
508 351 598 385 aliqua
611 353 638 376 et
653 356 714 376 rara
735 349 769 377 de
791 351 985 378 secretioribus
1001 359 1059 386 my-

272 397 372 428 steriis,
388 401 417 422 ut
439 394 603 422 desiderium
627 395 784 429 concipiant
803 396 949 430 majorum.
967 396 1059 431 Neque

271 443 343 468 enim
363 440 512 468 desiderari
538 440 602 474 quid
626 445 714 475 potest
739 441 762 468 si
783 441 892 476 penitus
910 442 1057 477 ignoretur.

224 496 237 523 ς,
273 487 304 514 Et
322 487 381 514 ideo
393 486 586 521 incipientibus
601 493 628 513 ct
645 487 740 521 primis
756 487 782 513 in
796 488 996 516 eruditionibus
1010 497 1061 525 po-

271 533 343 566 sitis,
357 534 427 560 sicut
441 540 495 559 non
512 537 575 560 sunt
594 533 626 560 ad
650 533 768 560 subitum
788 540 887 562 cuncta
905 536 1058 570 pandenda,

272 578 309 605 ita
324 585 410 613 neque
421 578 530 613 penitus
542 578 732 605 abscondenda
744 583 807 605 sunt
819 579 951 614 spiritalia
963 585 1060 616 myste-

218 632 221 639 λ
270 624 328 656 ria;
344 624 402 655 sed.
420 628 450 651 ut
465 624 503 650 ait
527 631 617 651 sermo
633 624 753 657 divinus,
779 624 909 652 facienda
932 630 997 653 sunt
1019 627 1058 654 eis

272 669 461 697 distinctiones
478 670 592 704 argenti,
606 674 633 697 et
645 670 770 697 scintillae
788 670 912 705 quaedam
929 672 1059 706 spiritalis

272 715 458 749 intelligentia:
478 715 577 742 animis
593 722 688 742 eorum
712 715 849 743 initiandze
869 721 943 749 sunt,
961 721 990 744 ut
1010 724 1059 752 gu-

271 765 344 788 stum
362 760 564 794 quodammodo
576 760 762 788 desideranda;
772 760 924 789 dulcedinis
937 767 1058 795 sumant,

273 813 317 835 ue,
333 810 363 831 ut
383 805 512 838 diximus,
530 805 552 832 si
572 805 680 840 penitus
699 805 855 841 ignoretur,
878 813 929 833 nec
947 807 1060 835 omnino

266 851 450 878 desideretur.

306 893 406 921 Verum
421 895 493 929 quod
509 895 649 929 parvulam
667 895 841 924 nominamus
857 897 989 929 animam,
1008 905 1057 925 ne-

266 947 316 966 mo
328 940 363 966 ita
373 940 488 974 accipiat
500 940 578 974 quasi
587 939 738 968 secundum
747 941 929 969 substantiam
943 943 1056 977 parvula

268 986 392 1019 dicatur;
408 987 454 1014 sed
469 987 491 1013 si
505 985 549 1013 cui
565 986 641 1014 deest
653 987 781 1020 eruditio,
796 992 823 1015 et
836 988 862 1015 in
878 996 933 1024 qua
947 993 989 1016 est
999 989 1057 1016 cxi-

271 1040 341 1067 guus
356 1032 509 1059 intellectus
530 1040 563 1060 ac
576 1032 687 1059 minima
699 1033 795 1068 peritia
807 1054 814 1067 ,
832 1034 902 1062 hanc
915 1035 1056 1070 parvulam

272 1077 390 1105 dicimus
403 1077 532 1105 animam.
547 1077 630 1113 Igitur
641 1078 697 1105 hinc
712 1077 768 1105 ﬁeri
783 1079 910 1106 convenit
923 1087 1056 1114 usquequo

270 1130 319 1149 rex
334 1123 368 1149 sit
382 1124 409 1149 in
426 1123 542 1149 recubitu
556 1131 615 1156 suo,
639 1123 665 1150 id
679 1128 721 1150 est
734 1128 879 1159 usquequo
893 1124 920 1151 in
935 1125 960 1151 id
974 1125 1057 1159 proli-

267 1169 328 1196 eiat
339 1169 494 1203 hujusmodi
509 1169 614 1201 anima,
637 1173 666 1196 ut
679 1170 770 1205 capiat
790 1178 896 1206 regem,
920 1174 947 1198 et
959 1170 1058 1197 habeat

267 1215 475 1242 recumbentem
490 1215 517 1241 in
531 1215 688 1250 semetipsa.
714 1215 760 1243 Sic
771 1215 844 1242 enim
859 1216 925 1243 dicit
940 1215 983 1242 hic
998 1222 1056 1249 rex,

266 1261 335 1296 quia
352 1260 475 1286 habitabo
490 1261 517 1287 in
528 1260 566 1286 eis
580 1264 606 1286 et
623 1260 795 1287 iuambttlabo
810 1260 837 1286 in
851 1262 888 1287 eis
903 1261 925 1277 ⁷⁹
935 1281 943 1294 ,
966 1260 1057 1295 profe-

266 1310 316 1333 cto
336 1306 381 1340 qui
406 1310 507 1333 tantam
533 1305 620 1333 Verbo
642 1306 688 1333 Dei
710 1305 801 1333 cordis
825 1306 867 1334 sui
884 1306 1055 1334 latitudinem

270 1353 411 1388 praebent,
426 1357 456 1379 ut
472 1352 554 1379 etiam
568 1352 595 1379 in
610 1353 651 1380 eis
664 1352 839 1380 deambulare
854 1353 978 1386 dicatur,
994 1361 1057 1388 spa-

264 1399 317 1426 tiis
332 1399 434 1426 scilicet
454 1398 632 1434 amplioribus
648 1398 833 1433 intelligentia:
854 1400 1058 1434 agnitionisque

271 1445 430 1472 dimisioris.
460 1444 499 1472 Ita
516 1452 580 1480 ergo
602 1448 629 1472 et
654 1444 788 1472 recubare
810 1444 909 1472 dicitur
922 1445 950 1472 in
966 1445 1057 1473 anima

273 1492 316 1518 illa
331 1492 389 1518 sine
401 1491 484 1518 dubio
499 1490 531 1517 de
545 1498 598 1525 qua
619 1489 677 1525 ipse
698 1489 832 1517 Dominus
854 1490 920 1518 dicit
933 1497 982 1526 per
995 1498 1058 1525 pro-

264 1537 377 1571 phetam
393 1546 399 1564 :
421 1536 505 1570 Super
516 1543 590 1570 quem
607 1535 784 1570 requiescam,
806 1535 858 1562 nisi
875 1543 954 1570 super
966 1535 1056 1562 humi-

270 1583 321 1609 lem
337 1588 360 1610 ct
375 1583 502 1618 quietum,
514 1586 538 1609 et
554 1586 703 1608 trementem
714 1589 845 1609 sermones
860 1589 929 1608 meos
944 1581 987 1608 ὀἳ
1003 1580 1057 1608 Ha-

271 1629 317 1656 bet
330 1636 393 1663 ergo
407 1636 454 1655 rex
472 1628 524 1654 istc
535 1627 583 1661 qui
606 1631 648 1654 est
662 1634 752 1654 sermo
768 1626 833 1660 Dei,
858 1627 885 1654 in
905 1627 951 1654 illa
968 1627 1060 1654 anima

268 1674 401 1709 quaejam
414 1674 448 1701 ad
461 1672 610 1708 perfectum
624 1672 739 1704 venerit,
753 1671 906 1699 recubitum
920 1680 1000 1699 suum
1015 1681 1021 1699 :
1038 1672 1061 1700 si

264 1718 324 1756 65
333 1725 424 1746 tamen
438 1726 492 1746 non
505 1718 540 1745 sit
554 1718 583 1744 in
597 1725 628 1744 ea
645 1717 753 1752 aliquod
762 1717 869 1749 vitium,
880 1717 926 1744 sed
937 1717 1017 1751 plena
1026 1717 1061 1744 sit

260 1767 432 1796 ’sanctitale,
459 1765 537 1799 plena
561 1764 677 1799 pietate,
705 1763 777 1794 tlde,
808 1762 955 1794 charitate,
982 1769 1060 1796 pace,

271 1811 456 1845 omnibusque
480 1810 638 1837 virtutibus.
670 1808 749 1836 Tunc
762 1808 834 1835 enim
850 1808 967 1836 delectat
986 1808 1013 1834 in
1029 1815 1061 1835 ea

270 1858 402 1884 recubare
413 1863 503 1891 regem
519 1860 545 1883 et
557 1856 657 1882 habere
666 1854 831 1882 recubitum.
848 1854 888 1881 Ad
902 1854 972 1882 hanc
988 1854 1061 1881 enim

255 1901 389 1929 'animam
406 1900 539 1928 Dominus
555 1900 679 1933 dicebat,
702 1899 765 1934 quia
781 1907 827 1934 ego
840 1903 865 1926 et
891 1898 972 1926 Pater
987 1906 1060 1926 meus

268 1948 412 1980 veniemus,
425 1951 450 1974 et
463 1947 624 1973 cantabimus
639 1954 699 1973 cum
710 1954 751 1979 eo,
761 1950 786 1972 et
800 1945 963 1972 mansionem
976 1945 1059 1979 faeie-

275 2002 332 2021 nms
347 1993 418 2028 apud
428 2001 491 2020 eum
508 1993 542 2020 ".
558 1992 608 2020 Ubi
625 2000 689 2028 ergo
699 1996 788 2020 comat
796 1991 923 2019 Christus
935 1999 997 2018 cum
1010 1991 1061 2018 Pa-

255 2044 320 2072 ‘tre,
333 2043 360 2066 et
373 2038 417 2066 ubi
436 2039 605 2066 mansionem
619 2037 694 2070 facit,
712 2036 809 2072 quidni
829 2036 980 2063 recumbit?
992 2035 1060 2063 Bea-

270 2089 297 2112 ta
315 2084 388 2112 illius
411 2085 527 2111 latitudo
549 2083 656 2116 animae,
672 2083 750 2110 beata
765 2085 850 2109 strata
866 2081 940 2109 illius
952 2081 1060 2114 mentis,

268 2130 317 2158 ubi
328 2128 408 2157 Pater
420 2134 447 2157 et
459 2129 557 2162 Filius,
574 2133 604 2156 ut
616 2136 670 2156 non
685 2128 796 2160 dubito,
809 2134 862 2154 una
877 2134 939 2154 cum
958 2126 1061 2161 Spiritu

268 2179 368 2204 sancto
385 2175 530 2207 recumbit,
544 2178 635 2202 cmnat
654 2178 684 2201 et
702 2174 872 2201 mansionem
887 2172 961 2200 facit.
991 2170 1060 2204 Qui-

265 2221 332 2254 bus,
347 2226 439 2256 putas,
455 2221 563 2256 opibus,
580 2220 680 2255 quibus
692 2220 778 2254 copiis
793 2219 861 2246 tales
875 2218 996 2245 convivae
1008 2224 1059 2252 pa-

1111 309 1184 335 tione
1196 309 1228 334 ad
1245 316 1465 343 unamquamque
1486 307 1604 336 animam
1618 309 1712 337 referri
1728 317 1808 344 posse
1819 311 1893 337 tide-

1111 353 1201 385 bitur,
1226 354 1298 388 quod
1324 354 1384 380 ait:
1403 353 1592 381 Similitudines
1619 356 1678 382 auri
1703 356 1829 389 fut-iratus
1846 356 1894 383 tibi

1110 406 1169 425 cum
1186 399 1400 426 distinctionibus
1413 401 1526 434 argenti,
1541 401 1621 427 donec
1637 409 1682 427 rex
1696 402 1730 428 sit
1748 401 1775 427 in
1790 401 1892 428 ree-bi-

1111 449 1138 469 ltt
1159 451 1217 471 suo.

1147 488 1223 516 Vers.
1238 489 1281 520 Η,
1295 489 1337 516 12.
1354 488 1462 516 Nardtu
1473 497 1530 516 mea
1541 489 1612 516 dedit
1622 490 1728 517 odorem
1739 499 1826 524 suum,
1835 491 1894 518 sive

1110 535 1214 561 odorem
1229 535 1294 569 ejus.
1318 534 1345 561 In
1360 536 1450 569 specie
1465 535 1596 562 dramatis
1613 536 1720 563 videtur
1734 536 1787 563 hoc
1800 541 1894 563 osten-

1109 578 1154 609 di,
1177 579 1249 614 quod
1273 584 1334 614 post
1359 580 1416 606 hanc
1434 579 1515 607 verba
1534 580 1654 614 ingressa
1678 580 1715 607 sit
1738 588 1837 615 sponsa
1859 581 1894 608 ad

1109 631 1239 658 sponsum
1250 644 1259 656 ,
1283 630 1311 652 et
1325 625 1471 659 unguentis
1485 625 1543 652 suis
1557 626 1665 652 unxerit
1679 633 1740 652 eum
1751 646 1759 658 ,
1777 633 1809 653 ac
1824 627 1895 654 miro

1109 670 1228 704 quodam
1253 678 1369 707 genere,
1398 670 1476 705 quasi
1501 670 1604 697 nardus
1618 678 1679 705 quae
1693 672 1768 706 prius
1783 672 1894 700 odorem

1109 722 1163 742 non
1177 715 1290 742 dederat
1305 723 1367 742 cum
1379 720 1453 742 esset
1465 715 1536 750 apud
1554 723 1694 750 sponsam,
1712 721 1775 744 tunc
1791 717 1895 744 deiterit

1109 759 1220 787 odorem
1237 768 1316 787 suum
1327 780 1335 793 ,
1350 768 1412 788 cum
1425 767 1525 795 corpus
1540 762 1650 797 contigit
1666 762 1758 796 sponsi
1770 782 1778 793 ,
1795 767 1824 789 ut
1839 770 1893 790 non

1110 809 1166 831 tam
1190 804 1235 832 ille
1257 812 1290 832 ex
1312 805 1398 832 nardo
1420 805 1532 832 odorem
1556 814 1638 841 quam
1663 807 1765 833 nardus
1787 814 1820 833 ex
1836 807 1896 841 ipso

1109 851 1259 886 sumpsisse
1273 851 1407 879 videatur.
1444 853 1473 880 Si
1487 859 1551 880 vero
1563 852 1714 880 secundum
1735 852 1806 879 hanc
1816 851 1896 880 dilo-

1110 897 1224 924 rentiam
1250 904 1312 931 qua!
1329 897 1355 924 in
1382 897 1443 925 aliis
1455 898 1592 925 invenitur
1606 898 1806 933 exemplaribus
1827 898 1895 933 legi-

1111 948 1194 969 mus:
1214 941 1323 968 Nardtts
1347 950 1405 969 mea
1429 942 1502 969 dedit
1527 943 1633 969 odorem
1656 943 1732 977 ejus,
1760 943 1896 972 invenitur

1110 986 1200 1013 adhuc
1211 986 1314 1021 aliquid
1326 986 1446 1014 divinius
1458 995 1465 1014 :
1482 992 1511 1014 ιιι
1525 987 1648 1015 videlicet
1661 992 1827 1022 unguentum
1843 988 1896 1017 hoc

1111 1032 1190 1059 nardi
1208 1039 1263 1067 quo
1279 1036 1378 1059 unctus
1400 1037 1444 1060 εει
1459 1040 1591 1067 sponsus,
1617 1040 1671 1060 non
1694 1037 1797 1060 tantum
1814 1041 1895 1061 suum

1110 1078 1158 1114 qui
1171 1078 1258 1105 nardo
1275 1078 1363 1105 inesse
1374 1078 1534 1106 naturaliter
1550 1078 1630 1109 solet,
1646 1078 1693 1105 sed
1708 1078 1796 1113 ipsius
1813 1087 1895 1113 spon~

1110 1123 1135 1150 si
1155 1122 1268 1150 odorem
1285 1122 1403 1157 ceperit,
1430 1127 1457 1149 et
1474 1123 1559 1157 ipsius
1575 1123 1684 1150 odorem
1711 1123 1745 1150 ad
1767 1131 1895 1158 sponsam

1111 1167 1289 1202 reportaverit
1302 1167 1405 1195 nardus
1421 1177 1427 1194 :
1447 1172 1476 1195 ut
1491 1168 1517 1194 in
1532 1176 1564 1195 eo
1579 1176 1634 1203 quo
1648 1169 1726 1195 unxit
1740 1177 1813 1200 eum,
1828 1169 1895 1198 odo-

1111 1221 1169 1242 rem
1183 1213 1278 1248 sponsi
1290 1221 1339 1248 per
1355 1214 1442 1248 ipsius
1458 1214 1587 1248 unguenti
1599 1221 1698 1241 munus
1709 1215 1854 1248 acceperit,
1867 1218 1896 1242 et

1111 1260 1164 1287 hoc
1188 1259 1224 1287 sit
1245 1259 1318 1293 quod
1340 1258 1430 1286 dicere
1453 1258 1574 1285 videatur
1594 1259 1651 1293 (55)
1670 1268 1676 1285 :
1695 1257 1800 1286 Nardus
1824 1267 1894 1291 mea,

1110 1313 1164 1341 qua
1186 1304 1252 1332 unxi
1275 1311 1425 1338 sponsum.
1453 1311 1573 1338 regressa
1594 1304 1628 1330 ad
1647 1311 1690 1331 me
1703 1305 1812 1332 odorem
1828 1304 1894 1333 mihi

1108 1351 1207 1379 detulit
1221 1349 1327 1384 sponsi,
1343 1354 1370 1377 et
1385 1349 1458 1379 velut
1473 1353 1602 1384 superato
1614 1349 1729 1376 naturali
1749 1356 1799 1377 suo
1812 1349 1895 1377 odore

1110 1395 1260 1431 fragrantia
1284 1396 1396 1430 sponsi,
1419 1395 1506 1430 ipsius
1521 1394 1587 1422 mihi
1601 1394 1698 1422 detulit
1720 1395 1892 1422 suavitatem.

1110 1441 1174 1470 Haec
1196 1441 1277 1468 habet
1297 1441 1420 1468 historici
1441 1441 1572 1468 dramatis
1590 1440 1744 1475 explanatio
1761 1450 1768 1467 :
1785 1440 1833 1468 sed
1848 1447 1895 1468 Ve-

1111 1488 1219 1515 niamus
1232 1487 1288 1521 jam
1302 1494 1374 1514 nunc
1388 1486 1421 1513 ad
1435 1486 1638 1520 intelligentiam
1655 1485 1812 1520 spiritalem.
1842 1484 1896 1512 Po-

1111 1540 1210 1561 namus
1234 1532 1277 1559 hic
1300 1539 1428 1567 sponsam
1452 1531 1602 1558 Ecclesiam
1620 1531 1647 1557 in
1663 1538 1778 1564 persona
1803 1530 1895 1557 larite

1110 1587 1171 1616 quae
1184 1579 1312 1606 decenter
1324 1578 1418 1613 utique
1428 1578 1529 1604 dicitur
1543 1576 1638 1603 aderre
1651 1576 1747 1603 libram
1765 1575 1895 1610 unguenti

1112 1628 1189 1655 nardi
1203 1627 1293 1662 pistici
1305 1626 1433 1662 pretiosi,
1449 1631 1473 1653 et
1498 1632 1597 1660 ungere
1618 1625 1699 1659 pedes
1712 1623 1775 1652 Jesu
1785 1644 1792 1655 ,
1805 1629 1833 1651 ot
1848 1624 1897 1651 de-

1112 1679 1217 1709 tergere
1232 1673 1338 1707 capillis
1351 1672 1418 1703 suis,
1431 1676 1458 1698 et
1470 1672 1590 1706 recipere
1601 1670 1800 1705 quodammodo
1812 1677 1846 1698 ac
1856 1678 1897 1697 re-

1111 1726 1245 1754 cuperare
1262 1726 1308 1752 per
1321 1718 1424 1745 crinem
1436 1717 1531 1752 capitis
1549 1718 1590 1744 sui
1605 1717 1637 1744 ad
1653 1716 1825 1750 semetipsam
1841 1722 1894 1742 un-

1112 1769 1242 1800 guentum
1258 1771 1290 1791 ex
1307 1762 1438 1798 qualitate
1454 1770 1486 1789 ac
1505 1762 1602 1789 virtute
1616 1760 1739 1796 corporis
1751 1760 1811 1795 ejus
1825 1759 1895 1788 infe-

1101 1816 1203 1842 .ctum;
1226 1814 1254 1837 et
1275 1809 1387 1836 odorem
1403 1816 1457 1835 non
1472 1812 1526 1835 tam
1542 1808 1618 1834 nardi
1640 1815 1688 1842 per
1715 1810 1893 1840 unguentum,

1111 1863 1195 1891 quam
1212 1855 1299 1890 ipsius
1316 1854 1398 1881 Verbi
1412 1853 1459 1881 Dei
1474 1854 1508 1881 ad
1520 1861 1550 1880 se
1562 1853 1712 1880 trahentem
1725 1859 1772 1886 per
1784 1851 1895 1886 capillos

1109 1902 1211 1937 quibus
1234 1900 1406 1936 abstergebat
1421 1901 1516 1935 pedes,
1541 1905 1568 1930 et
1593 1901 1722 1935 imposuit
1738 1900 1818 1934 capiti
1834 1906 1895 1931 suo,

1110 1956 1164 1976 non
1178 1953 1232 1976 tam
1246 1948 1337 1981 nardi,
1353 1955 1434 1982 quam
1448 1947 1550 1974 Christi
1564 1946 1757 1981 ﬂagrantiam;
1781 1950 1809 1973 et
1823 1946 1896 1973 diee-

1111 1999 1150 2025 rc,
1167 1992 1230 2027 quia
1245 1992 1348 2019 nardus
1364 1999 1424 2019 mea
1437 1991 1521 2018 missa
1537 1992 1564 2018 in
1579 1999 1680 2026 corpus
1689 1991 1791 2018 Christi
1807 1990 1897 2019 rddi-

1110 2038 1150 2064 dit
1163 2037 1276 2065 odorem
1299 2036 1370 2071 ejus.
1397 2036 1519 2071 Denique
1535 2036 1597 2064 vide
1609 2037 1746 2071 quomodo
1763 2037 1822 2064 huc
1837 2037 1895 2071 ipsa

1112 2083 1277 2110 rel‘eruntur.
1310 2082 1410 2115 Maria.
1428 2083 1533 2117 inquit,
1558 2083 1650 2109 attulit
1663 2083 1758 2109 libram
1770 2083 1896 2117 unguenti

1112 2129 1189 2156 nardi
1201 2129 1291 2163 pistici
1301 2129 1419 2162 pretiosi,
1442 2133 1467 2155 et
1480 2129 1556 2155 unxit
1569 2129 1645 2162 pedes
1655 2128 1731 2159 Jeslt,
1749 2133 1773 2155 et
1787 2129 1897 2156 extersit

1111 2174 1214 2207 capillis
1229 2174 1324 2208 capitis
1337 2174 1389 2201 sui.
1423 2173 1524 2200 Domus
1537 2178 1624 2200 autem
1636 2194 1644 2206 ,
1659 2174 1763 2209 inquit,
1784 2179 1839 2201 tota
1854 2182 1896 2201 re-

1110 2222 1180 2255 pleta
1201 2224 1240 2247 est
1265 2219 1344 2247 odore
1367 2219 1540 2254 unguenti“.
1570 2218 1648 2252 Quod
1670 2220 1763 2254 utique
1783 2219 1895 2252 indicat,

270 2267 404 2295 nuntur!
420 2266 476 2294 Pax
490 2267 527 2294 ibi
540 2266 646 2301 primus
665 2265 743 2293 cibus
758 2269 810 2298 est,
823 2264 962 2292 humilitas
977 2263 1059 2291 simul
1073 2273 1097 2303 υ
1110 2266 1174 2301 quia
1189 2265 1256 2292 odor
1271 2265 1403 2292 doctrina
1418 2265 1466 2299 qui
1480 2265 1601 2299 procedit
1619 2265 1652 2292 de
1668 2265 1779 2292 Christo
1794 2269 1821 2292 et
1833 2272 1897 2292 san-

265 2313 414 2347 apponitur
429 2319 461 2339 ac
474 2311 605 2346 patientia
616 2329 625 2342 ,
643 2309 824 2337 mansuetudo
845 2316 953 2344 quoque
969 2313 996 2336 et
1016 2308 1056 2335 le-

269 2359 351 2391 nitas,
366 2363 394 2385 et
405 2358 479 2393 quod
493 2364 607 2385 summa:
621 2356 645 2383 ei
662 2355 804 2383 suavitatis
814 2359 865 2388 est,
878 2355 984 2390 puritas
995 2361 1058 2382 cor-

269 2404 321 2432 dis.
352 2404 477 2430 Charitas
500 2407 589 2429 autem
614 2402 640 2428 in
667 2402 717 2428 hoc
731 2400 857 2428 convivio
875 2401 1055 2435 principalem

1110 2312 1147 2338 cti
1164 2310 1282 2345 Spiritus
1294 2310 1441 2345 ﬂagrantia
1456 2310 1568 2344 replevit
1581 2318 1688 2338 omnem
1707 2312 1800 2338 mundi
1815 2311 1898 2345 hujus

1111 2356 1223 2383 domum
1238 2363 1269 2383 ac
1282 2355 1366 2382 totius
1380 2354 1508 2383 Ecclesiae
1521 2355 1644 2384 domum.
1663 2356 1709 2383 Vel
1724 2361 1797 2384 certe
1809 2355 1897 2390 reple-

1110 2403 1149 2429 vit
1163 2408 1272 2429 omnem
1284 2401 1395 2429 domum
1410 2400 1508 2428 animae
1531 2401 1616 2433 illius.
1633 2410 1695 2437 qua:
1707 2402 1800 2430 odoris
1812 2402 1896 2430 Chri-

306 2506 328 2522 ⁷⁹
345 2506 428 2533 Levit.
443 2513 516 2538 xxvi,
531 2505 571 2531 l2.
607 2505 629 2520 ⁸⁸
644 2505 696 2531 lsa.
712 2511 785 2535 1.th,
800 2503 827 2530 2.
869 2503 892 2519 ⁸⁸
911 2502 990 2530 Joan.
1010 2509 1067 2534 xiv,
1083 2500 1129 2527 25.
1166 2500 1189 2515 ⁸¹
1206 2499 1286 2527 Joan.
1306 2507 1357 2533 xtl,
1373 2500 1400 2528 3.

304 2612 359 2646 (53)
386 2611 456 2638 Huc.
471 2612 595 2638 videntur
619 2610 759 2647 referenda
782 2610 872 2647 Grmca
899 2616 959 2647 qum
983 2609 1052 2647 apud

268 2643 428 2680 Priicopiutn
444 2647 483 2673 sic
500 2646 689 2679 exprimuntur
707 2653 712 2669 ε
730 2645 785 2680 Τῂν
801 2644 855 2680 γὰρ
868 2643 913 2680 τοῦ
927 2643 1051 2680 νυμφίῳ,

267 2678 362 2716 φησὶνξ
376 2682 461 2715 ὀσμὴν
479 2682 494 2715 ὴ
513 2678 565 2715 ἐμὴ
582 2680 689 2716 νάρδιρςἶ
701 2681 729 2705 ἐν
787 2679 871 2716 abab!
890 2678 995 2716 ᾕλξξψᾳτ
1012 2678 1053 2703 δέ-

265 2713 343 2743 διιέκε.
428 2713 605 2751 γὰρ’ὲάυὲῆς
617 2713 717 2751 ’Σάρδῳ
740 2713 800 2751 fuit;
825 2713 906 2743 πόδας
922 2713 1053 2746 ἀλείψασα

266 2751 312 2777 τοῦ
335 2742 420 2785 Ἰηπξῧ
434 2742 484 2777 ’κᾶὶ
499 2752 557 2780 ταῖς
576 2742 853 2785 θριξὶιίάὲομάξισᾳ,
872 2742 1055 2785 {ascensione}-

274 2787 349 2821 tium
366 2783 400 2811 ’ὲκ
415 2787 463 2820 τῆς
485 2785 571 2818 ὀσμῆς
596 2784 641 2809 τοῦ
658 2785 773 2821 νυμφίαν
797 2783 1050 2821 τᾳπηνμςινξλαίλξυι·

265 2818 297 2854 ἧς
312 2818 501 2854 visens};qu
521 2820 611 2853 φτλτὶν,
628 2819 672 2843 ἐπὶ
686 2819 732 2852 τὴν
751 2818 867 2852 κεφαλὴν
884 2818 1020 2851 ἐλὺιᾴςτῖς,
1037 2819 1051 2851 ἡ

267 2847 318 2891 ἐλμὴ
336 2847 430 2890 νάρδοξ
451 2847 533 2880 ἐδάικέ
552 2847 599 2887 ’μω
616 2853 664 2891 τῂν
686 2847 731 2878 τίίῦ
752 2847 868 2887 νυμφίόυ
887 2853 982 2886 ὀσμή-ι·
1001 2853 1052 2877 διά-

267 2878 277 2882 ““
306 2878 309 2881 “
341 2878 429 2886 """'
453 2878 531 2880 """
557 2878 562 2887 ί
788 2878 818 2887 ιι
921 2878 925 2886 ι
952 2878 956 2886 ι

344 2881 381 2921 ὼξ
407 2890 460 2915 ἀπὸ
482 2890 536 2913 τῶν
558 2878 667 2921 χρωῖῶγ
692 2888 776 2920 Ἰξςωῦ
805 2889 852 2921 τὴν
877 2888 963 2912 οξκίιγ
989 2888 1050 2920 ait,

1108 2607 1251 2644 ἐπλήρωσε
1266 2607 1315 2642 τῆς
1330 2607 1482 2644 μαθητρίᾳς
1493 2608 1523 2634 τὺ
1535 2608 1630 2644 μύρον.
1646 2608 1739 2643 Sponsi
1751 2608 1820 2635 enim
1831 2607 1894 2644 mei,

1107 2644 1201 2678 inquit,
1219 2643 1324 2669 adorent
1339 2643 1438 2670 nardus
1453 2651 1520 2675 mea,
1537 2643 1589 2678 qua
1604 2643 1679 2670 illum
1693 2651 1829 2678 unxerunt,
1845 2643 1893 2669 de-

1108 2677 1227 2717 dit._§_ua
1241 2677 1310 2704 enim
1334 2678 1417 2717 nardo
1438 2686 1582 2717 perungens
1606 2678 1683 2717 pedes
1707 2677 1789 2711 Iesu,
1816 2684 1894 2717 atque

1107 2712 1210 2747 mpillis
1226 2717 1338 2746 tergens,
1354 2712 1480 2739 imbutam
1493 2712 1582 2747 sponsi
1597 2713 1675 2739 odore
1694 2721 1751 2739 eam
1774 2712 1866 2745 recepit
1881 2718 1893 2739 :

1106 2747 1182 2781 cujus
1195 2755 1271 2774 sensu
1289 2751 1389 2780 recepto
1401 2748 1435 2773 ad
1447 2753 1524 2781 caput
1540 2747 1698 2779 ambulantis,
1710 2747 1809 2773 nardus
1823 2754 1894 2776 mea.

1106 2782 1202 2817 inquit,
1218 2782 1306 2816 sponsi
1318 2782 1423 2808 odorem
1441 2783 1511 2808 dedit
1524 2791 1532 2809 :
1547 2788 1705 2817 quapropter
1719 2787 1843 2817 tauquam
1860 2788 1893 2807 es

1105 2815 1168 2843 Jesu
1185 2815 1241 2842 cute
1255 2820 1389 2842 contractu
1406 2815 1557 2852 fragrantia
1569 2815 1652 2844 totam
1664 2822 1769 2844 domum
1787 2815 1891 2851 repleuit

1106 2856 1266 2886 unguentum
1279 2851 1428 2885 discipula’.

2020 2992 2024 3195 ί
