4134 6494
412 425 507 476 Ni

1722 421 1919 476 LIBER
1959 422 2344 479 SECUNDUS.

3553 433 3576 486 1
3588 432 3658 486 42

405 537 478 592 sti
506 536 747 606 suscepit
787 537 1170 607 participium,
1224 539 1460 594 offerens
1503 552 1678 606 primo
1708 539 1830 594 fidei
1865 553 1978 594 sua:
2007 542 2052 600 Α
2083 539 2166 594 his
2196 542 2285 609 qui
2307 553 2623 595 exercitatos
2652 542 2840 594 habent
2863 559 3048 606 sensus
3077 546 3145 598 ad
3175 545 3535 598 discretionem
3563 547 3656 597 bo-

409 643 648 692 muuus,
699 629 849 684 velut
889 638 1224 698 unguentum
1271 632 1464 699 nardi,
1518 643 1571 686 et
1615 630 1882 699 recipiens
1915 647 1978 685 ex

409 720 512 774 hoc
541 721 770 790 gratiam
814 719 1052 789 Spiritus
1100 722 1273 775 sancti
1320 730 1375 776 et
1419 722 1682 792 spiritalis
1722 721 1986 776 doctrinae

407 810 784 880 fragrantiam.
835 810 976 876 Quid
1016 826 1146 881 ergo
1177 813 1422 878 interest,
1460 823 1644 866 utrum
1673 812 1726 866 in
1753 813 1984 866 Cantico

405 901 741 954 canticorum
770 916 969 971 sponsa
998 910 1265 972 perungat
1292 911 1568 973 unguento
1603 917 1888 972 sponsum,
1912 915 1981 953 an

406 991 460 1044 in
502 989 792 1062 Evangelio
839 993 1106 1062 discipula
1157 995 1478 1064 magistrum
1521 1002 1575 1047 et
1622 991 1792 1046 Maria
1825 991 1983 1045 Chri-

405 1093 570 1146 stum,
607 1099 855 1154 sperans,
891 1094 949 1138 ut
980 1085 1240 1151 diximus,
1275 1086 1451 1140 redire
1481 1086 1546 1140 ad
1579 1101 1638 1140 se
1659 1100 1722 1138 ex
1759 1085 1862 1138 hoc
1890 1099 1984 1137 un-

409 1184 610 1244 guento
637 1176 859 1230 odorem
894 1176 1044 1231 verbi
1076 1184 1131 1230 et
1164 1175 1516 1246 fragrantiam
1543 1177 1747 1232 Christi
1784 1193 1798 1229 :
1835 1184 1894 1228 ut
1917 1189 1984 1227 co

407 1267 526 1336 ipso
554 1266 742 1322 dicat:
779 1265 986 1322 Christi
1032 1266 1197 1321 bonus
1245 1268 1377 1322 odor
1417 1283 1602 1322 sumus
1644 1268 1752 1323 Deo
1777 1268 1866 1319 ⁸³⁸2
1917 1267 1983 1322 Et

406 1357 916 1426 quoniamplenum
946 1357 1051 1412 fide
1089 1358 1191 1413 fuit
1236 1360 1380 1415 istud
1409 1369 1742 1430 unguentum
1778 1369 1834 1413 et
1861 1374 1984 1428 prc-

409 1447 533 1501 tiosi
563 1447 788 1503 affectus
811 1449 945 1518 (56),
977 1451 1048 1505 ob
1076 1451 1179 1506 hoc
1202 1463 1256 1506 et
1279 1452 1439 1508 Jesus
1462 1451 1832 1506 testimonium
1859 1450 1982 1504 red-

409 1535 546 1590 didit
570 1538 619 1591 ei
656 1537 842 1594 dicens
882 1557 896 1592 :
931 1537 1138 1592 Bonum
1180 1556 1311 1611 opus
1352 1550 1571 1610 operata
1611 1551 1687 1594 est
1717 1541 1770 1593 in
1807 1556 1887 1594 me
1910 1539 1976 1594 ⁸⁸.

411 1624 502 1679 Sic
522 1641 650 1696 ergo
674 1643 868 1684 rursus
893 1630 946 1684 in
969 1629 1197 1686 Cantica
1228 1633 1569 1686 canticorum
1597 1641 1717 1701 post
1741 1632 1986 1701 aliquan-

408 1722 462 1768 ta
494 1718 844 1785 amplectitur
895 1721 1224 1777 emissiones
1268 1736 1514 1791 sponsae,
1554 1723 1696 1776 sicut
1727 1722 1814 1774 hic
1843 1736 1984 1790 opus

403 1802 620 1872 Mariae;
669 1809 747 1862 ait
793 1810 939 1863 enim
973 1825 990 1862 :
1025 1808 1352 1863 Emissiones
1399 1818 1504 1862 tua:
1550 1809 1830 1876 paradisus
1860 1823 1980 1860 cum

2087 633 2141 684 ni
2169 632 2245 685 vel
2270 633 2400 685 ntali
2427 635 2470 664 ⁸⁷
2493 672 2506 695 ,
2560 634 2788 702 singulis
2819 635 3128 704 quibusque
3172 637 3423 691 sensibus
3462 637 3658 691 anima:

2085 721 2297 791 singula
2324 737 2558 792 quaeque
2601 723 2852 778 Christus
2881 725 3131 780 efficitur.
3196 725 3404 780 Idcirco
3426 728 3572 780 enim
3601 734 3656 778 et

2086 826 2271 865 verum
2323 813 2506 865 lumen
2556 812 2759 866 dicitur
2790 823 2848 867 ut
2893 813 3126 871 habeant
3158 816 3298 870 oculi
3329 817 3523 871 animai
3547 830 3660 885 quo

2083 900 2488 967 illuminentur;
2522 901 2728 956 idcirco
2759 911 2811 956 ct
2849 905 3092 969 verbum,
3142 915 3201 959 ut
3232 905 3465 959 habeant
3497 920 3660 960 aures

2083 993 2228 1063 quod
2256 992 2513 1057 audiant;
2563 993 2767 1046 idcirco
2797 1004 2850 1048 et
2876 996 3032 1062 panis
3059 997 3206 1060 vitae,
3253 1004 3306 1050 ut
3338 997 3532 1050 habeat
3558 1011 3662 1065 gu-

2082 1093 2201 1139 stus
2233 1084 2428 1137 anima:
2460 1084 2606 1152 quod
2635 1083 2900 1152 degustet.
2938 1084 3146 1140 Idcirco
3175 1102 3308 1155 ergo
3331 1095 3386 1141 et
3413 1101 3662 1155 unguen-
3704 1140 3715 1150 _

2084 1185 2196 1230 tum
2227 1176 2310 1228 vel
2338 1175 2542 1228 nardus
2575 1175 2898 1244 appellatur,
2931 1183 2990 1229 ut
3020 1175 3217 1230 habeat
3239 1177 3504 1231 odoratus
3533 1173 3660 1230 ani-

2084 1278 2185 1317 mae
2216 1261 2570 1332 fragrantiam
2598 1261 2770 1316 verbi.
2803 1261 3010 1317 Idcirco
3031 1272 3084 1318 et
3108 1264 3395 1334 palpabilis
3415 1277 3468 1319 et
3488 1279 3658 1320 manu

2083 1355 2403 1419 tractabilis,
2437 1363 2491 1409 ct
2517 1355 2743 1409 verbum
2772 1369 2902 1409 caro
2926 1354 3132 1410 factum
3157 1356 3380 1422 dicitur,
3406 1367 3462 1411 ut
3484 1357 3663 1426 possit

2083 1441 2360 1497 interioris
2395 1446 2592 1499 animae
2621 1459 2818 1500 manus
2847 1447 3165 1516 contingere
3207 1447 3274 1501 de
3315 1449 3482 1501 verbo
3515 1449 3656 1501 vitae.

2082 1531 2207 1588 Haec
2253 1543 2433 1588 autem
2481 1536 2664 1590 omnia
2710 1551 2877 1590 unum
2918 1547 3080 1604 atque
3121 1539 3260 1592 idem
3307 1548 3392 1593 est
3420 1537 3658 1592 Verbum

2087 1624 2201 1688 Dei,
2233 1625 2378 1692 quod
2411 1626 2525 1679 haec
2550 1627 2765 1694 singula
2795 1628 3079 1682 affectibus
3112 1627 3380 1682 Orationis
3403 1642 3658 1682 commu-

2081 1722 2255 1767 tatum
2274 1751 2288 1776 ,
2321 1713 2529 1768 nullum
2559 1715 2754 1770 anima:
2784 1729 3006 1771 sensum
3037 1717 3226 1785 gratiae
3248 1731 3364 1772 suae
3388 1717 3663 1786 relinquat

2083 1810 2380 1872 expertem.

405 1894 582 1963 fructu
609 1913 906 1966 pomorum.
939 1898 1142 1967 Cyprus
1171 1913 1288 1950 cum
1313 1899 1514 1950 nat-dis.
1543 1895 1761 1950 Nardus
1786 1907 1834 1950 et
1857 1912 1975 1950 cro-
2011 1888 2054 1941 Β
2148 1897 2305 1953 Vsus.
2348 1901 2432 1954 i5.
2457 1899 2863 1971 Alligantentum
2887 1911 3049 1972 gutta
3079 1896 3348 1970 fratruelis
3379 1914 3523 1952 meus
3550 1900 3654 1950 mi-

403 2004 494 2041 cus
522 1989 636 2059 (57)
662 1990 728 2041 ⁸⁸.
767 1989 1125 2059 Amplectitur
1145 2005 1274 2060 ergo
1297 2000 1351 2046 et
1383 1991 1436 2044 in
1467 1993 1550 2046 his
1571 1989 1892 2047 emissiones
1915 2006 1980 2046 ac
2070 1988 2142 2052 hi,
2175 1989 2230 2042 in
2259 1991 2428 2044 medio
2459 1991 2674 2044 uberum
2704 2007 2939 2045 meorum
2984 1989 3245 2047 manebit.
3281 1989 3394 2043 sive
3424 2004 3656 2042 commo-

407 2092 634 2131 munera
685 2093 922 2147 sponsae.
987 2079 1408 2137 Observavimus
1454 2096 1585 2136 sane
1616 2080 1763 2152 quod
1797 2083 1848 2136 in
1895 2083 1981 2136 his

407 2183 528 2236 qua:
550 2184 695 2222 nunc
724 2172 1168 2240 memoravimus,
1203 2173 1486 2242 pluraliter
1515 2174 1711 2243 primo,
1745 2183 1982 2243 postmo-

404 2262 534 2315 dum
569 2261 917 2333 singulariter
941 2266 1170 2320 nardum
1202 2268 1413 2336 posuit;
1453 2267 1596 2338 quod
1631 2277 1762 2337 puto
1786 2283 1982 2322 secun-

404 2351 532 2404 dum
565 2352 710 2405 illam
751 2354 1016 2410 rationem
1047 2355 1251 2410 dictum
1273 2396 1288 2421 ,
1333 2358 1460 2426 quia
1489 2359 1798 2428 negotiator
1827 2357 1979 2425 regni

403 2440 666 2495 cmlorum
693 2442 878 2511 plures
902 2443 1080 2512 primo
1094 2446 1416 2515 margaritas
1437 2447 1767 2516 negotiatur,
1787 2461 1984 2516 usque-

404 2545 513 2598 quo
535 2531 602 2585 ad
639 2547 804 2586 unam
834 2536 1117 2603 perveniat
1156 2535 1478 2605 pretiosam.
1544 2537 1611 2591 Et
1657 2537 1794 2591 forte
1835 2537 1980 2606 quod

402 2612 542 2676 dixit
575 2611 943 2676 :Emissiones
978 2635 1082 2678 tua:
1111 2628 1397 2693 paradisus
1447 2641 1566 2678 cum
1596 2625 1855 2693 fructibus
1888 2644 1983 2695 po-

405 2727 635 2778 ntorum,
686 2713 809 2768 illos
844 2714 1051 2768 indicat
1103 2715 1312 2768 fructus
1341 2729 1463 2769 cum
1495 2717 1682 2770 nardis
1707 2717 1978 2785 plurimis,

403 2817 544 2872 quos
593 2801 874 2858 aﬂ'erimns
909 2819 973 2858 ex
1005 2805 1444 2859 institutionibus
1485 2814 1538 2860 et
1575 2807 1822 2860 doctrina
1852 2822 1981 2876 pro-

404 2891 640 2959 pbetica.
681 2891 760 2946 Ex
788 2893 1033 2948 doctrina
1060 2908 1190 2949 vero
1216 2896 1385 2964 ipsius
1414 2896 1624 2951 Domini
1654 2899 1826 2952 nostri
1850 2897 1979 2952 Jesu

405 2980 606 3036 Christi
650 2983 974 3039 emissiones
1008 2995 1212 3040 nostra:
1256 2995 1312 3041 et
1358 3001 1604 3053 munera,
1649 3001 1757 3042 non
1797 2989 1979 3058 plures

407 3075 609 3129 habent
635 3077 856 3142 nardos,
888 3078 980 3131 sed
1013 3093 1200 3132 unam.

477 3164 583 3221 Sed
611 3182 758 3221 nunc
800 3169 1085 3223 redeamus
1125 3169 1193 3223 ad
1236 3183 1356 3223 eam
1388 3185 1509 3239 qua:
1537 3171 1668 3226 dicit
1699 3190 1712 3225 :
1756 3170 1977 3225 Nardus

403 3270 520 3310 mea
549 3257 692 3309 dedit
718 3257 929 3309 odorem
959 3273 1144 3321 suum;
1173 3266 1228 3312 et
1258 3259 1382 3314 vide
1405 3234 1453 3314 si
1482 3275 1776 3330 possumus
1801 3262 1980 3316 adhuc
2007 3234 2052 3294 (ἶ

402 3347 566 3401 etiam
595 3347 772 3402 hocin
789 3347 907 3402 loco
930 3348 1225 3419 intelligere
1247 3351 1520 3419 praesenti,
1543 3352 1714 3420 quod,
1738 3353 1785 3407 si
1805 3367 1981 3422 quan-

403 3437 475 3490 do
502 3437 832 3492 valuerimus
857 3438 1063 3509 integre
1103 3448 1158 3494 et
1184 3439 1440 3497 decenter
1465 3457 1740 3512 exponere
1766 3444 1834 3499 de
1861 3444 1982 3500 dei-

403 3536 512 3583 tate
533 3528 764 3594 Christi,
801 3531 1172 3601 virtutemque
1195 3535 1314 3602 ejus
1342 3547 1408 3588 ac
1435 3533 1774 3602 majestatem
1799 3535 1981 3606 dignis

404 3621 801 3676 assertionibus
817 3621 1160 3692 consignare,
1176 3633 1306 3678 tunc
1332 3623 1582 3681 fortassis
1605 3625 1800 3681 merito
1815 3627 1976 3694 dicet,

400 3711 483 3764 vel
508 3709 747 3766 Ecclesia
777 3713 888 3776 illa,
911 3714 994 3768 vel
1019 3714 1199 3768 anima
1227 3730 1348 3784 quae
1375 3716 1450 3774 ita
1476 3715 1764 3772 manifeste
1789 3726 1981 3788 potue-

403 3803 473 3855 rit
497 3803 609 3874 66
648 3805 877 3873 gloriam
924 3808 1044 3876 ejus
1078 3823 1352 3878 exponere
1383 3828 1398 3863 :
1443 3808 1664 3866 Nardus
1692 3820 1808 3864 mea
1832 3811 1980 3864 dedit

400 3894 618 3948 odorem
648 3911 826 3950 suum.
881 3895 993 3952 Nec
1019 3898 1218 3952 mirum
1245 3899 1411 3952 rideri
1439 3899 1618 3966 debet,
1651 3900 1699 3953 si
1726 3899 1981 3954 Christus

399 3987 862 4056 quemadmodum
886 3987 1009 4043 fons
1037 3998 1123 4044 est
1145 3999 1200 4044 et
1221 3988 1445 4044 flumina
1477 4005 1633 4060 aquas
1656 3991 1794 4046 viva:
1815 3991 1884 4045 de
1912 4005 1980 4046 eo

399 4076 735 4146 procedunt,
769 4087 826 4132 et
854 4078 1313 4147 quemadmodum
1358 4080 1519 4150 panis
1565 4089 1682 4148 est,
1727 4090 1782 4135 et
1810 4081 1978 4136 vitam

401 4167 516 4234 dat,
551 4167 624 4221 ita
649 4177 706 4223 et
731 4170 935 4225 nardus
966 4180 1072 4236 est,
1099 4182 1152 4226 et
1174 4171 1395 4226 odorem
1425 4172 1622 4239 reddit,
1642 4181 1697 4229 et
1727 4189 1981 4244 unguen-

401 4266 517 4312 tum
558 4266 660 4324 est,
708 4273 820 4330 quo
861 4260 954 4329 qui
1006 4259 1154 4314 uncti
1193 4258 1414 4325 fuerint,
1460 4261 1656 4316 cltristi
1685 4261 1842 4324 fiunt,
1875 4263 1982 4318 sic-

397 4357 462 4402 ut
486 4349 620 4403 dicit
650 4350 706 4404 in
734 4349 954 4404 Psalmo
984 4367 997 4404 :
1033 4347 1216 4403 Nolite
1240 4359 1450 4420 tangere
1497 4352 1721 4405 cltristos
1748 4368 1887 4407 meas
1906 4353 1975 4407 ⁸⁸.

398 4437 470 4494 Et
513 4438 747 4497 fortasse
781 4441 1080 4498 secundum
1131 4441 1264 4496 illud
1297 4443 1444 4512 quod
1477 4444 1612 4498 dicit
1657 4443 1972 4514 Apostolus,

469 4602 516 4633 ⁸³
554 4598 597 4654 ll
619 4600 744 4655 Cor.
771 4617 832 4669 tt,
871 4601 959 4656 15.
1034 4599 1081 4632 ⁸⁸
1117 4599 1308 4656 Matth.
1337 4616 1485 4668 χχιιι,
1521 4600 1625 4668 10;
1667 4601 1834 4659 Marc.
1863 4621 1974 4674 χιι,
2005 4607 2054 4660 7.
2084 4661 2087 4664 .

473 4763 586 4832 (56)
619 4763 774 4834 Mss,
807 4764 1044 4832 aﬁ‘ectus.
1075 4762 1240 4832 Edit.,
1263 4763 1498 4834 e/fectus.

473 4835 586 4903 (57)
623 4833 774 4901 Mss.,
808 4834 1007 4887 nat-dus
1040 4844 1088 4887 et
1135 4833 1340 4889 crocus.
1383 4833 1548 4900 Edit.,
1603 4835 1803 4889 nardus
1855 4853 1974 4890 cum

400 4919 590 4959 ετοειε.
788 4953 790 4956 ,

473 4974 587 5044 (58)
615 4972 732 5045 Huc
764 4972 942 5045 refero
977 4973 1226 5045 Procopii
1264 4975 1444 5045 locum
1477 4989 1541 5045 ex
1572 4972 1803 5045 Origene
1831 4995 1843 5030 :
1878 4977 1975 5030 Εε-

398 5045 578 5125 ῖωῠᾳα
618 5043 716 5125 τῂν
763 5044 970 5125 νάρδον⁸
1005 5043 1112 5125 1055.
1139 5044 1370 5125 yupfpiou
1421 5043 1708 5125 δεδωιεένάι
1755 5062 1843 5116 μοι
1876 5045 1976 5125 ’ξὴγ

398 5115 598 5186 ὀσμὴν,
625 5112 887 5186 viventi:
923 5115 1012 5186 τὴν
1049 5112 1462 5186 saetacum
1496 5115 1679 5186 πνέειν
1713 5112 1971 5186 «saviis:

399 5183 867 5275 οὺήδιαχξομένης,
898 5183 1020 5238 οὐδὲ
1052 5184 1158 5275 {ita
1188 5183 1495 5275 uitiatioqu
1509 5183 1624 5268 six
1650 5183 1982 5275 ἀπρξεξδξμζξ-

407 5272 520 5324 1ης,
551 5253 646 5308 xui
671 5253 1002 5326 πυκύότερον
1029 5255 1128 5324 τὴν
1157 5253 1384 5306 εὐωδίαν
1413 5253 1682 5324 διδούσης.
1731 5253 1981 5322 Ἀδελφδν

399 5324 458 5380 δὲ
485 5323 575 5396 τὴν
613 5324 828 5396 πρῴτογ
859 5327 1125 5396 signantia
1163 5321 1294 5396 λαὸν
1319 5325 1352 5393 ἡ
1378 5320 1455 5396 ἐξ.
1474 5323 1644 5396 sese»;
1687 5323 1980 5396 Ἐκκληᾳζα

407 5389 758 5473 ’ὲίιτιξῑπερὶξΔ
769 5389 1023 5473 auso-ii
1045 5392 1187 5448 κατὰ
1221 5389 1400 5473 sapit-at
1427 5389 1546 5473 ῇνέ
1574 5393 1847 5473 ρισςιεὸς),
1867 5389 1981 5473 {risv

405 5462 670 5534 κέκληκέν
693 5463 925 5533 ἀδελφοῦ
947 5464 1042 5517 τὸν
1069 5462 1322 5534 νυμφίον.
1355 5462 1462 5516 Τοῦ
1499 5462 1556 5534 δὲ
1600 5462 1976 5534 ﬁstula-tuae:

401 5528 1098 5603 desogixuspddslyor.
1134 5528 1363 5603 λεάτέρν
1385 5532 1596 5602 πατέρα
1617 5528 1754 5584 εἶναι
1789 5534 1884 5603 τῆς
1916 5532 1975 5595 ἐξ

397 5601 574 5655 ἐθνῶν
610 5601 931 5672 Ἑκκλησίας
956 5601 1044 5672 ’ἑὸν
1077 5603 1245 5655 πάλαι
1273 5601 1416 5654 λαόν.
1455 5601 1701 5672 Ἐπεὶίὲκῄ
1724 5601 1817 5672 τοῦ
1844 5601 1974 5672 παρ’

397 5672 632 5734 ἐκείνοις
662 5670 952 5742 Υόμοιιμκαὶ
979 5671 1088 5725 τῶν
1116 5671 1407 5742 ripam-nbit
1438 5672 1562 5742 ἠίὲν
1594 5670 1714 5741 Θεῷ
1739 5670 1972 5740 γένεσις,

396 5742 507 5814 ἕξιὶῇ
545 5743 578 5814 ἠ
628 5739 689 5806 ἐξ
725 5739 884 5814 ᾓμῶν
913 5745 1019 5814 ἐἰς
1066 5739 1342 5814 εὐσέβειάν
1365 5812 1373 5814 Α
1399 5739 1604 5814 saepe;
1653 5739 1972 5814 τρρόαγωγή.

398 5809 608 5864 Tatii-ou
655 5809 832 5865 solvuv
881 5811 1051 5873 οὕτως
1082 5810 1470 5881 ἀποδεδομένον
1496 5809 1600 5880 es;
1626 5809 1843 5882 νύμφης
1873 5809 1974 5862 πα-

2083 2077 2310 2130 rabitur.
2349 2076 2602 2146 Ejusdem
2628 2077 2808 2132 adhuc
2845 2076 3006 2131 verba
3043 2084 3172 2130 sunt
3196 2091 3410 2146 sponsa:
3432 2077 3498 2130 ad
3533 2078 3662 2130 θεῖοι

2081 2169 2430 2231 lescentulas,
2448 2177 2506 2223 ut
2527 2169 2758 2234 videtur,
2786 2168 3056 2238 loquentis
3087 2167 3220 2238 (58).
3251 2167 3412 2222 Prius
3435 2167 3656 2237 quidem

2082 2260 2294 2314 dixerat
2331 2262 2456 2329 quin
2483 2262 2687 2316 nardus
2708 2277 2806 2317 sua
2835 2261 3074 2316 dedisset
3099 2261 3323 2316 odorem
3354 2275 3579 2330 sponso,
3605 2270 3662 2314 et.

2083 2349 2212 2419 quia
2240 2365 2336 2419 per
2367 2361 2700 2419 unguentum
2726 2365 2835 2420 quo
2866 2358 3096 2405 unxerat
3130 2365 3253 2404 eum
3276 2391 3290 2415 ,
3339 2335 3534 2404 odoris
3550 2347 3660 2402 fra-

2083 2439 2352 2506 grantiam
2403 2440 2733 2509 recepisset:
2785 2456 2929 2494 nunc
2978 2449 3158 2494 autem
3207 2439 3314 2493 ait:
3361 2437 3667 2494 Fraternus.

2082 2544 2238 2584 meus
2280 2530 2411 2584 mihi
2443 2539 2650 2600 guttam
2696 2531 2934 2595 redolet,
2965 2539 3018 2584 et
3050 2531 3192 2583 hanc
3222 2543 3330 2581 non
3378 2528 3657 2592 diffusam,

2083 2634 2257 2688 neque
2285 2628 2343 2672 ut
2371 2619 2502 2674 libet
2529 2618 2856 2688 dispersam,
2888 2619 2982 2673 sed
3013 2619 3320 2686 colligatam
3349 2626 3395 2670 ct
3426 2620 3661 2671 constri-

2082 2719 2251 2775 ctam,
2299 2724 2410 2780 quo
2453 2710 2664 2764 scilicet
2711 2710 2847 2764 odor
2889 2709 3062 2778 ipsius
3110 2707 3394 2764 suavitatis
3436 2707 3658 2762 densior

2082 2802 2338 2856 reddatur
2377 2814 2430 2855 et
2453 2801 2843 2855 vehementior.
2906 2799 2974 2854 Et
3002 2800 3112 2863 hic,
3149 2798 3346 2868 inquit,
3373 2814 3496 2852 cum
3533 2800 3658 2853 talis

2084 2892 2176 2958 sit,
2213 2892 2266 2944 in
2295 2891 2476 2946 medio
2518 2893 2746 2946 uberum
2799 2906 3046 2946 meorum
3087 2891 3403 2944 demoratur
3428 2898 3481 2944 et
3508 2905 3659 2964 com-

2083 2993 2286 3049 manet,
2312 2992 2366 3038 et
2388 2984 2632 3052 requiem
2659 2998 2724 3038 ac
2750 2983 3089 3038 mansionem
3114 2997 3268 3036 suam
3297 2980 3428 3036 facit
3453 2982 3507 3035 in
3538 2982 3660 3036 loco

2084 3072 2325 3142 pectoris
2354 3073 2481 3125 mei.
2528 3071 2726 3126 Verum
2756 3073 2901 3140 quod
2933 3087 3079 3126 mtnc
3104 3071 3342 3142 primum
3379 3073 3664 3142 cognomie

2085 3165 2237 3220 navit
2270 3179 2394 3218 eum
2435 3163 2734 3218 fraternum
2767 3179 2924 3218 suum
2951 3178 3174 3233 sponsa,
3206 3171 3261 3218 et
3294 3162 3532 3217 nominis
3557 3163 3660 3218 hu-

2080 3257 2170 3326 jus
2200 3253 2564 3325 appellatione
2611 3271 2704 3324 pcr
2737 3264 2909 3309 totum
2953 3269 3089 3323 pene
3122 3253 3287 3308 libelli
3317 3261 3522 3309 textum
3553 3253 3661 3309 fre—

2081 3358 2309 3418 quenter
2353 3349 2554 3412 utitur,
2601 3346 2824 3416 dignum
2867 3354 2999 3416 puto
3045 3355 3104 3400 ut
3131 3348 3282 3415 prius
3314 3349 3660 3416 requiramus

2083 3439 2466 3509 appellationis
2492 3438 2666 3508 ipsius
2696 3453 2917 3494 causam
2939 3479 2955 3503 ,
2996 3447 3049 3492 et
3073 3437 3236 3507 quid,
3269 3438 3352 3492 vel
3383 3439 3525 3493 unde
3551 3437 3661 3493 fra-

2081 3541 2270 3590 ternus
2317 3532 2552 3594 dicitur,
2587 3515 2948 3598 exponamus.
3010 3529 3308 3586 Fraternus
3357 3532 3658 3600 appellatur

2080 3621 2267 3678 fratris
2290 3621 2457 3679 filius.
2484 3619 2852 3689 Requiramus
2871 3619 2995 3688 quis
3019 3621 3090 3673 sit
3113 3621 3291 3688 primo
3315 3619 3482 3674 frater
3501 3636 3661 3690 spon-

2080 3727 2176 3778 sae,
2207 3713 2364 3781 cujus
2399 3712 2490 3766 hic
2511 3711 2660 3766 filius
2691 3711 2979 3776 habeatur.
3023 3708 3158 3762 Vide
3190 3711 3233 3762 si
3262 3725 3560 3778 possumus
3587 3713 3660 3764 di-

2080 3817 2205 3858 cere
2246 3815 2502 3870 sponsam
2559 3800 2780 3869 quidem
2811 3817 2875 3856 ιιι
2905 3800 3156 3869 gentibus
3182 3814 3302 3854 csse
3331 3799 3654 3866 Ecclesium,

2078 3892 2305 3950 fratrem
2347 3905 2480 3946 vero
2514 3891 2636 3960 ejus
2681 3891 2920 3960 priorem
2946 3889 3204 3958 populum
3236 3899 3289 3944 et
3315 3888 3570 3958 fratrem,
3600 3903 3659 3946 ut

2079 4001 2171 4041 res
2192 3985 2415 4050 indicat,
2442 3983 2738 4039 seniorem.
2762 3981 2901 4047 Quia
2924 3996 3053 4050 ergo
3072 3996 3140 4034 ex
3165 3981 3258 4036 illo
3281 3986 3480 4052 popqu
3504 3983 3659 4037 (λιιι-ιη

2079 4088 2198 4135 stus
2227 4076 2528 4134 secundum
2554 4090 2776 4130 carnem
2801 4074 3068 4138 nascitur,
3093 4073 3165 4128 ob
3194 4081 3294 4129 hoc
3316 4074 3386 4130 ab
3414 4072 3655 4146 Ecclesia

2079 4175 2318 4245 gentium
2357 4171 2544 4226 fratris
2592 4169 2736 4225 filius
2779 4170 3100 4240 appellatur.
3158 4167 3316 4234 Quod
3361 4184 3492 4238 ergo
3535 4171 3651 4223 ait:

2077 4267 2490 4338 Alligamentum
2522 4272 2688 4332 gutta:
2717 4261 2983 4330 fraternus
3011 4277 3155 4314 meus
3187 4261 3316 4313 mihi
3337 4299 3352 4322 ,
3383 4275 3654 4330 corporea:

2081 4355 2379 4412 nativitatis
2409 4353 2528 4422 ejus
2556 4351 2759 4405 indicat
2788 4357 3215 4404 sacramentum.
3256 4345 3481 4402 Videtur
3506 4345 3652 4401 cnim

2078 4441 2484 4517 quodammodo
2515 4438 2926 4510 alligamentum
2951 4453 3072 4492 esse
3096 4447 3150 4492 et
3175 4437 3452 4492 vinculum
3482 4435 3654 4504 quod-

2133 4607 2176 4638 εει
2216 4603 2373 4658 Cant.
2413 4613 2496 4660 ιν,
2536 4596 2618 4650 ιδ.
2696 4594 2739 4626 εδ
2779 4592 2926 4649 Psal.
2951 4608 3003 4657 ε,
3035 4592 3117 4646 is.
3201 4589 3250 4622 ιτ
3295 4575 3537 4656 Hebrus,
3567 4590 3658 4645 ll.

2081 4768 2208 4839 τρὸς
2262 4760 2488 4839 ἁδελφὸέ
2528 4759 2557 4812 ὁ
2604 4755 3032 4839 Σιυτὴριρμοίως
3069 4752 3450 4839 ἐκείνοις..ὄώ
3493 4753 3658 4839 νρμοιι

2081 4825 2413 4908 γὲνῦμενος.’
2441 4825 2896 4908 Ροεζᾳιιᾳνηξάὶφί
2946 4826 3173 4879 nardum
3221 4825 3428 4908 dedisse
3480 4830 3660 4903 sponsi

2080 4893 2316 4965 odoratu.
2350 4893 2488 4956 nunc
2517 4893 2606 4953 aio
2637 4895 2943 4967 fratruelent
2975 4911 3146 4967 meum
3179 4903 3383 4967 guttam
3432 4893 3656 4967 spirare,

2082 4961 2186 5032 non
2214 4961 2416 5046 guttam
2444 4986 2561 5040 qua:
2589 4961 2924 5037 diﬁundatur
2970 4981 3031 5046 ar.
3069 4961 3213 5046 foras
3251 4965 3460 5016 odorem
3506 4961 3655 5043 e/liet.

2081 5049 2168 5101 sed
2219 5043 2454 5116 qutunsit
2505 5037 2778 5116 colligata,
2830 5044 3282 5116 consttpauusqne
3303 5032 3656 5113 {nigrantium

2080 5103 2308 5172 ezkaht.
2342 5112 2476 5166 Cum
2498 5123 2615 5182 vero
2632 5103 2886 5182 Ecclesia
2929 5120 2994 5182 ea:
3021 5106 3263 5182 gentibus
3295 5103 3526 5182 priorem
3558 5117 3654 5170 po-

2079 5186 2264 5257 pulant
2303 5183 2524 5253 fratrem
2552 5176 2814 5257 habuerit,
2841 5175 2979 5257 quod
3001 5189 3066 5226 ea:
3091 5190 3152 5227 eo
3192 5173 3437 5228 Christus
3469 5173 3538 5257 sit
3574 5187 3652 5257 se-

2079 5239 2316 5310 ianua»;
2339 5265 2581 5315 carnem,
2617 5239 2808 5316 fratris
2837 5239 3009 5317 ﬁlium
3053 5259 3303 5312 sponsum
3350 5239 3652 5317 appellavi}.

2080 5329 2215 5381 Cum
2264 5331 2439 5376 autem
2497 5310 2698 5390 Aquila
2760 5310 2848 5369 sit
2887 5310 3262 5390 interpretatus
3305 5331 3323 5362 ι
3369 5310 3654 5390 patrisuﬁ-

2078 5379 2233 5459 lium,
2267 5412 2285 5443 ι
2319 5379 2598 5445 dicendum
2639 5393 2842 5460 patrem
2889 5398 2998 5460 esse
3025 5379 3294 5460 Ecclesia:
3323 5396 3389 5434 ea:
3415 5379 3656 5460 gentibus

2079 5449 2296 5519 veterani
2329 5460 2600 5530 populum,
2627 5449 2766 5530 quod
2799 5469 2863 5508 ea:
2906 5452 3120 5530 illorum
3169 5453 3279 5530 lege
3310 5463 3357 5530 et
3389 5449 3656 5530 prophetis

2079 5545 2260 5588 nostra
2291 5520 2345 5584 ni
2384 5520 2489 5600 ῥεο
2517 5520 2781 5600 generatio
2809 5522 3072 5578 exstiterit
3099 5533 3148 5573 et
3190 5520 3274 5600 ud_
3289 5521 3541 5600 pietatem
3565 5521 3654 5571 in-

2082 5604 2365 5658 troductio.
2403 5598 2469 5652 In
2508 5594 2641 5649 lianc
2669 5594 2831 5664 igitur
2858 5605 3068 5664 sensnnt
3098 5594 3300 5664 accepti
3311 5603 3531 5664 sponsae
3556 5605 3660 5654 pa-

2081 5677 2177 5727 tris
2214 5673 2382 5742 frater
2413 5680 2489 5723 est
2514 5658 2784 5732 ,Salcat'or,
2814 5663 2904 5732 qui
2931 5659 3145 5729 perinde
3174 5674 3236 5712 ac
3262 5658 3339 5712 illi
3364 5661 3536 5729 {actus
3575 5668 3652 5713 est

2078 5745 2170 5796 sub
2206 5746 2331 5812 lege.
