4134 6432
518 378 624 434 145

1585 380 1906 438 ORIGEMS
1945 381 2010 438 IN
2043 382 2396 444 CANTICUM
2429 386 2707 446 CANTIC.

3659 400 3682 453 Ι
3693 401 3762 456 -Μ

514 496 642 552 dam
675 498 871 553 animae
915 512 1143 569 corpus,
1189 499 1334 568 quod
1375 497 1783 570 alligamentum
1831 513 1981 571 gutta
2030 504 2086 559 in
2115 508 2163 566 Α
2188 508 2336 574 cypri
2380 508 2654 576 fratruelis
2705 509 2871 573 mihi;
2918 509 3046 581 quia
3090 520 3145 567 et
3188 527 3291 568 uva
3329 511 3534 571 ﬂorens
3561 528 3766 589 cyprus

514 585 738 643 Christo
763 589 962 643 divina:
984 589 1200 643 virtutis
1225 603 1289 642 ac
1311 589 1598 643 suavitatis
1627 591 1969 660 astringitur.
2027 590 2088 648 Si

514 691 697 735 autem
745 681 811 734 ad
857 695 1294 750 unamquamque
1343 679 1585 734 animam
1635 697 1758 750 qua:
1787 681 1930 737 dicta
1957 693 2090 740 sunt

513 771 856 838 referuntur,
895 773 1181 842 alligatura
1208 781 1375 840 guttae
1397 772 1712 841 dogmatum
1739 775 2087 832 continentia

509 861 832 916 constrictio
882 876 948 916 ac
991 862 1303 916 divinarum
1363 863 1756 918 sententiarum
1804 866 2087 922 nodositas

509 951 854 1021 intelligitur.
887 950 1102 1006 lnnexae
1130 951 1278 1006 enim
1303 952 1408 1006 sibi
1438 952 1668 1007 invicem
1695 964 1824 1009 sunt
1855 955 1978 1010 fidei
2004 972 2087 1012 ra-

507 1042 684 1096 tiones
720 1050 775 1096 et
803 1041 1040 1097 vinculis
1062 1042 1312 1097 veritatis
1340 1043 1596 1098 astricta.
1646 1043 1891 1116 Daunique
1919 1055 1971 1101 et
2000 1047 2085 1102 lex

504 1131 770 1186 mundum
815 1132 952 1188 dicit
993 1147 1119 1187 esse
1160 1147 1324 1188 omne
1350 1148 1446 1188 vas
1470 1135 1616 1204 quod
1663 1135 1942 1206 alligatum
1975 1147 2082 1202 est,

503 1219 844 1275 immundum
877 1235 1007 1276 vero
1037 1222 1181 1291 quod
1218 1221 1457 1277 solutum
1490 1223 1674 1289 fuerit,
1719 1236 1773 1280 et
1807 1241 1915 1281 non
1945 1227 2082 1297 liga-

503 1321 622 1366 tum
653 1313 719 1367 ⁸³.
779 1312 953 1382 Cujus
998 1312 1074 1368 rei
1109 1313 1225 1369 haec
1261 1314 1429 1385 ﬁgura
1460 1325 1615 1382 erat,
1649 1317 1797 1386 quod
1830 1317 2083 1375 Christus

503 1403 560 1455 in
586 1417 698 1472 quo
731 1415 1011 1471 nunquam
1045 1402 1146 1458 fuit
1181 1405 1290 1459 ulla
1319 1404 1663 1460 immunditia
1695 1409 1921 1476 peccati,
1958 1409 2082 1464 alli-

504 1503 818 1562 gamentum
844 1504 1011 1565 guttae
1039 1494 1259 1550 dicitur.
1317 1494 1382 1549 Et
1412 1495 1533 1551 ideo
1568 1498 1750 1553 anima
1789 1515 1893 1554 non
1922 1500 2082 1557 debet

505 1586 823 1656 contingere
855 1587 1059 1657 aliquid
1099 1589 1458 1655 dissolutum,
1494 1598 1548 1644 et
1575 1590 1719 1660 quod
1762 1605 1870 1644 non
1897 1591 1968 1646 sit
1993 1607 2080 1646 ra-

505 1676 652 1730 tione
680 1675 974 1730 subnixum
1003 1686 1056 1730 et
1081 1678 1396 1746 dogmatum
1438 1679 1665 1733 veritate
1696 1681 2076 1746 constrictum,

505 1780 574 1820 ne
604 1766 884 1821 immunda
914 1767 1024 1821 fiat.
1077 1766 1178 1833 Qui
1210 1769 1353 1822 enim
1399 1769 1739 1824 immundum
1768 1772 2076 1841 contigerit,

2189 596 2407 663 dicitur,
2458 599 2638 656 ferens
2678 601 2843 656 etiam
2885 602 3002 672 ipsa
3034 601 3286 658 ﬂoridum
3319 606 3612 674 quemdam
3649 605 3761 662 fru-

2188 692 2334 739 ctum
2363 686 2417 741 iu
2443 690 2663 743 modum
2686 689 2929 746 ﬂorentis
2955 707 3073 747 uva:
3095 693 3387 762 prolatum.
3419 693 3525 750 Sed
3549 695 3765 752 videtur

2185 775 2362 845 magis
2384 776 2451 830 ad
2479 776 2717 835 fructum
2746 781 2872 836 vitis
2898 782 3167 851 respicere
3188 797 3388 849 sermo,
3417 785 3764 855 quandoqui-

2186 864 2309 920 dem
2342 867 2625 923 vinearum
2662 869 2905 941 Engaddi
2929 871 3072 927 facta
3106 883 3190 929 est
3222 875 3508 930 memoria.
3547 874 3760 947 Engad-

2183 956 2239 1011 di
2289 967 2468 1013 autem
2518 974 2648 1031 ager
2694 969 2852 1017 terra
2909 961 3108 1020 ludam
3136 978 3238 1032 est,
3276 983 3386 1023 non
3429 978 3640 1024 tantum
3679 972 3761 1024 vi—

2187 1046 2305 1102 neis
2324 1059 2590 1116 quantum
2625 1051 2885 1108 balsamis
2910 1053 3129 1111 ﬂorens.
3160 1056 3260 1112 Hic
3295 1074 3425 1130 ergo
3454 1062 3559 1116 erit
3588 1063 3761 1117 histo-

2184 1135 2333 1192 ricus
2363 1153 2556 1194 sensus
2579 1155 2794 1209 sponsae
2822 1143 3094 1213 loquentis
3114 1148 3180 1201 ad
3209 1147 3668 1218 adolescentulas,
3698 1162 3759 1208 ut

2185 1225 2519 1297 intelligatur
2560 1230 2768 1296 dicens,
2824 1236 3001 1303 primo
3052 1237 3272 1306 quidem
3311 1257 3325 1292 :
3368 1239 3585 1296 Nardus
3637 1258 3758 1299 mea

2184 1317 2405 1373 odorem
2440 1321 2572 1376 mihi
2608 1325 2792 1392 sponsi
2825 1327 2932 1380 mei
2963 1328 3155 1383 reddit.
3191 1327 3444 1386 Secundo
3477 1348 3608 1389 vero
3637 1335 3762 1388 alli-

2185 1417 2497 1479 gamentum
2531 1421 2694 1481 guttae
2740 1412 2964 1470 eﬂ‘ectus
3004 1426 3087 1471 est
3126 1416 3399 1475 fraternus
3441 1438 3595 1478 meus
3623 1425 3759 1479 mihi

2182 1501 2474 1556 demorans
2519 1503 2659 1558 inter
2708 1505 2885 1560 media
2935 1507 3100 1562 ubera
3148 1525 3286 1563 mea.
3333 1511 3518 1566 Tertio
3564 1515 3759 1569 botrus

2181 1593 2331 1662 cypri
2358 1607 2425 1646 ex
2452 1593 2625 1649 vineis
2651 1593 2892 1665 Eugaddi
2919 1612 3184 1666 superans
3207 1615 3368 1655 omne
3388 1604 3652 1672 quidquid
3675 1615 3758 1661 est

2184 1681 2238 1735 in
2270 1683 2532 1741 odoribus
2560 1693 2615 1740 et
2649 1685 2876 1741 ﬂoribus
2921 1689 3206 1744 suavitatis
3231 1709 3245 1743 :
3270 1707 3382 1761 quo
3411 1693 3621 1748 scilicet
3657 1711 3758 1750 au—

2182 1771 2389 1830 dientes
2429 1775 2543 1830 brec
2580 1777 2998 1832 adulescentula:
3032 1781 3205 1850 magis
3235 1796 3300 1836 ac
3326 1784 3498 1852 magis
3526 1785 3593 1838 ad
3625 1786 3760 1841 cha-

499 1857 813 1912 immundus
840 1858 942 1912 erit
971 1858 1270 1913 secundum
1303 1859 1474 1929 legem
1502 1861 1567 1912 ⁸³.
1611 1860 1901 1933 Continget
1930 1880 2079 1918 nam-
2107 1842 2150 1898 Β
2181 1861 2395 1916 ritatem
2433 1865 2621 1933 sponsi
2661 1867 3001 1922 concitentur
3031 1879 3083 1923 et
3115 1842 3378 1926 amorem.
3417 1842 3625 1928 idcirco
3655 1892 3758 1930 au-

497 1964 604 2016 que
630 1963 754 2002 eum
791 1965 987 2006 sensus
1032 1951 1424 2008 irrationabilis
1455 1963 1510 2008 et
1551 1954 1763 2011 alienus
1798 1973 1828 2011 a
1855 1958 2076 2026 sapien-

495 2038 574 2094 tia
602 2037 722 2106 Dei,
753 2049 808 2094 et
849 2039 1011 2096 faciet
1055 2057 1181 2097 eum
1226 2042 1590 2099 immundum.
1641 2043 1773 2102 Vide
1820 2057 2002 2102 autem
2031 2049 2078 2104 si

493 2131 640 2188 forte
667 2132 864 2188 Filium
892 2133 986 2190 Dei
1017 2135 1073 2190 in
1103 2151 1269 2191 carne
1301 2144 1509 2207 guttam
1539 2137 1768 2204 dictum,
1821 2150 1876 2194 et
1917 2140 2076 2209 quasi

501 2224 664 2280 breve
691 2225 896 2295 aliquid
927 2237 982 2282 et
1003 2229 1261 2299 exiguum
1287 2231 1625 2284 nominatum
1657 2245 1953 2300 possumus
1985 2247 2078 2286 ac-

497 2317 697 2386 cipere,
750 2318 893 2374 sicut
937 2329 992 2375 et
1033 2319 1222 2375 Daniel
1262 2321 1330 2376 de
1355 2333 1420 2376 eo
1447 2321 1622 2377 dicit:
1661 2321 1921 2392 Lapidem
1953 2337 2077 2392 par-

495 2424 624 2463 vum
657 2408 726 2463 de
753 2419 943 2465 monte
984 2411 1228 2466 excisum
1277 2413 1395 2467 sine
1435 2413 1731 2480 manibus,
1777 2423 1831 2468 et
1871 2413 2076 2470 factum

496 2511 623 2571 post
653 2503 767 2558 hac
796 2512 1033 2558 montem
1087 2521 1342 2577 magnum
1378 2506 1444 2560 ’°.
1505 2505 1602 2562 Vel
1634 2507 1774 2561 sicut
1809 2506 1861 2560 in
1894 2507 2077 2562 libello

493 2593 781 2649 duodecim
828 2596 1214 2666 prophetat-um
1266 2595 1630 2653 nihilominus
1667 2607 1815 2668 gutta
1857 2598 2074 2667 quidem

493 2685 674 2742 futura
695 2686 917 2750 dicitur,
955 2703 1076 2758 qua:
1103 2698 1396 2761 congreget
1420 2690 1704 2760 populum.
1739 2689 1833 2744 Est
1853 2705 1983 2759 ergo
2015 2699 2071 2745 et

498 2779 554 2833 in
580 2778 864 2849 prophetis
899 2779 969 2834 ita
999 2779 1261 2848 scriptum
1299 2797 1312 2832 :
1352 2778 1419 2831 Et
1444 2780 1544 2832 erit
1568 2818 1584 2843 ,
1629 2795 1694 2832 ex
1722 2789 1871 2849 gutta
1897 2779 2076 2848 populi

495 2869 654 2939 hujus
675 2881 1018 2941 congregatus
1041 2870 1444 2942 congregabitttr
1463 2869 1650 2924 Iacob.
1679 2870 1911 2926 Decebat
1931 2873 2077 2926 enim

497 2975 624 3016 eum
650 2963 743 3032 qui
771 2961 1017 3017 veniebat
1052 2977 1384 3034 congregare
1411 2975 1519 3016 non
1548 2961 1726 3016 solum
1757 2961 1945 3030 Jacob,
1978 2963 2074 3018 sed

495 3060 551 3106 et
580 3066 774 3108 omnes
821 3062 1030 3123 gentes,
1066 3067 1207 3122 quae,
1245 3052 1389 3107 sicut
1415 3051 1678 3120 propheta
1708 3052 1859 3119 dicit,
1915 3069 2078 3123 repu-

498 3153 623 3200 tata:
667 3153 794 3200 sunt
827 3154 1086 3214 tanquam
1124 3151 1275 3214 gutta
1329 3157 1396 3196 ex
1445 3142 1611 3197 situla
1636 3145 1704 3208 ἰ,
1757 3145 2075 3200 exinaaien-
2100 3185 2142 3242 ϐ

493 3247 602 3292 tem
637 3250 695 3292 se
721 3235 1024 3291 divinitatis
1055 3234 1252 3299 forma,
1287 3232 1432 3289 eftlci
1459 3234 1637 3304 ipsum
1665 3243 1724 3289 nt
1756 3244 1990 3306 guttam,
2020 3249 2074 3292 et

495 3329 575 3384 sic
609 3328 795 3384 venire
843 3329 910 3382 ad
957 3327 1393 3396 congregandam
1443 3333 1650 3396 guttam
1691 3328 1934 3396 gentium
1961 3367 1976 3394 ,
2023 3339 2078 3384 et

495 3428 701 3490 guttam
739 3417 1102 3472 nihilominus
1129 3415 1489 3484 reliquiarum
1518 3413 1708 3470 Jacoh.
1774 3416 1882 3472 Sed
1927 3426 1982 3472 et
2021 3416 2076 3470 in

494 3509 922 3580 quadragesimo
967 3515 1165 3578 quarto
1204 3504 1416 3577 psalmo
1453 3506 1654 3562 dicitur
1692 3507 1761 3562 ad
1793 3507 2075 3575 dilectum,

493 3601 583 3658 cui
608 3601 770 3656 etiam
803 3601 920 3670 ipse
945 3597 1192 3668 psalmus
1220 3597 1517 3653 ascribitur
1551 3617 1563 3651 :
1604 3597 1826 3669 Myrrha
1849 3609 1899 3653 et
1925 3608 2078 3669 gutta

493 3701 544 3745 et
579 3691 728 3746 casia
759 3707 794 3744 a
834 3687 1155 3744 vestimentis
1191 3688 1296 3743 tuis
1335 3689 1402 3742 “.
1469 3689 1512 3742 A
1562 3691 1903 3746 vestimentis
1941 3704 2075 3761 ergo

497 3782 658 3840 Verbi
693 3782 830 3850 Dei,
879 3796 1005 3852 qua:
1049 3787 1135 3837 est
1175 3781 1421 3838 doctrina
1465 3783 1776 3853 sapientiae,
1832 3783 2076 3853 procedit

496 3875 756 3947 myrrha,
810 3873 1006 3929 mortis
1052 3871 1314 3929 indicium
1357 3873 1626 3929 duntaxat
1677 3888 1778 3945 pro
1832 3874 2075 3930 humano

479 3979 699 4037 genere
727 3971 1014 4032 susceptae.
1071 3963 1255 4030 Gutta,
1287 3971 1346 4019 ut
1372 3977 1538 4034 supra
1563 3965 1826 4029 diximus,
1877 3966 2072 4021 exina-

497 4057 612 4111 nita
646 4053 950 4109 divinitatis
991 4051 1172 4109 forma
1195 4093 1211 4120 ,
1245 4054 1461 4110 servilis
1490 4052 1682 4109 formae
1711 4065 1966 4126 suscepta
1989 4056 2074 4112 di-

497 4145 701 4217 gnatio.
768 4143 928 4200 Casia
961 4160 1211 4216 quoque,
1262 4145 1525 4215 quoniam
1579 4145 1633 4200 id
1687 4161 1859 4216 genus
1894 4147 2076 4204 herbae

493 4238 658 4309 aquis
709 4236 1142 4294 indesinentibus
1172 4237 1372 4294 nutriri
1407 4237 1613 4293 dicitur
1647 4247 1702 4293 et
1745 4240 2072 4309 coalescere,

497 4329 925 4400 redemptionem
962 4331 1186 4386 humani
1217 4331 1432 4402 generis
1467 4346 1565 4402 per
1603 4347 1776 4402 aquas
1819 4333 2074 4403 baptismi

497 4419 703 4476 indicat
729 4421 837 4494 67
868 4422 1068 4478 datam.
1109 4421 1200 4478 Sic
1231 4425 1368 4493 e‘rgo
1397 4422 1740 4493 alligaturam
1776 4432 1940 4494 guttae
1964 4423 2074 4479 fra-

2185 1960 2289 2006 te'm
2335 1953 2674 2023 singulatim,
2726 1967 2777 2012 et
2829 1973 2925 2028 per
2973 1959 3242 2027 ordinem,
3292 1965 3469 2032 primo
3516 1969 3751 2023 nardum

2183 2059 2363 2111 suam,
2398 2045 2593 2101 deinde
2625 2057 2852 2118 guttam,
2886 2060 3010 2119 post
3031 2054 3146 2131 haec
3171 2055 3331 2108 etiam
3356 2057 3572 2112 botrum
3602 2062 3752 2129 cypri

2183 2136 2452 2201 nominat,
2485 2147 2540 2190 ut
2567 2153 2664 2207 per
2692 2155 2787 2196 eos
2828 2142 3027 2210 gradus
3058 2144 3323 2211 quosdam
3355 2148 3633 2215 profectus
3654 2151 3755 2203 do-

2181 2234 2303 2279 ceat
2341 2227 2643 2283 charitatis.
2693 2229 2798 2283 Sed
2838 2231 3119 2287 videamus
3155 2233 3267 2303 jam
3315 2237 3446 2304 quid
3493 2240 3754 2306 spiritalis

2182 2315 2376 2371 habeat
2411 2317 2738 2375 intellectus.
2777 2322 3056 2390 Siquidem
3090 2325 3178 2380 hic
3202 2327 3294 2395 qui
3322 2330 3622 2396 appellatur
3649 2333 3754 2384 bo-

2183 2414 2298 2461 trus
2327 2409 2393 2463 ad
2428 2408 2663 2465 fructum
2713 2414 2841 2468 vitis
2882 2414 3197 2471 referendus
3229 2427 3312 2472 est
3348 2419 3622 2475 :Verhum
3659 2422 3753 2477 Dei

2180 2499 2478 2568 accipimus
2500 2502 2640 2556 sicut
2663 2504 2982 2572 sapientiam
3008 2515 3062 2560 et
3085 2507 3335 2562 virtutem
3356 2519 3408 2563 et
3431 2511 3750 2566 thesaurum

2179 2592 2438 2657 scientiae,
2487 2593 2702 2663 aliaque
2734 2595 2926 2661 multa,
2979 2597 3052 2651 ita
3099 2607 3154 2652 et
3187 2601 3348 2654 vitem
3393 2615 3577 2656 veram
3619 2603 3748 2659 dici.

2179 2681 2331 2738 Sicut
2357 2698 2487 2754 ergo
2525 2685 2611 2740 bis
2639 2686 2838 2756 quibus
2863 2687 3093 2743 eﬂicitur
3122 2691 3389 2760 sapientia
3419 2703 3470 2747 et
3500 2696 3749 2760 scientia,

2178 2788 2286 2827 non
2316 2774 2382 2828 ad
2412 2773 2674 2841 subitum,
2699 2778 2789 2832 sed
2814 2793 2910 2847 per
2936 2779 3211 2848 profectus
3236 2786 3503 2852 quosdam
3537 2796 3589 2840 et
3623 2802 3752 2855 gra-

2178 2862 2302 2926 dus,
2341 2879 2438 2934 pro
2469 2866 2666 2921 studiis
2691 2877 2744 2921 et
2774 2869 3073 2926 intentione
3109 2888 3171 2927 ac
3211 2875 3314 2929 fide
3349 2891 3539 2931 eorum
3573 2880 3666 2947 qui
3699 2881 3750 2932 ei

2179 2957 2264 3010 vel
2295 2957 2350 3011 in
2379 2959 2668 3028 sapientia,
2695 2960 2777 3014 vel
2802 2960 2854 3014 in
2882 2961 3130 3027 scientia,
3159 2966 3243 3019 vel
3266 2967 3319 3018 in
3350 2968 3550 3021 virtute
3579 2971 3751 3037 parti-

2179 3047 2450 3118 cipantur,
2481 3050 2756 3119 sapientes
2794 3066 2890 3106 eos
2919 3063 2971 3106 et
3005 3054 3241 3110 scientes
3280 3059 3454 3112 reddit
3481 3059 3755 3128 vigentes-

2178 3155 2284 3210 que
2316 3141 2642 3208 virtutibus;
2679 3143 2751 3197 ita
2779 3153 2832 3197 et
2859 3144 2910 3197 in
2940 3145 3140 3213 quibus
3183 3146 3308 3201 vitis
3344 3163 3471 3202 vera
3502 3149 3750 3212 efﬁcitur,

2178 3249 2285 3288 non
2319 3233 2400 3287 eis
2426 3234 2489 3288 ad
2514 3234 2752 3288 subitum
2780 3234 2891 3304 (59)
2920 3245 3167 3291 maturos
3198 3237 3386 3294 botros
3420 3242 3666 3308 producit
3698 3251 3754 3295 et

2176 3324 2384 3390 dulces,
2417 3338 2518 3378 nec
2543 3333 2762 3393 repente
2797 3325 2877 3380 eis
2912 3325 3144 3380 eﬂlcitur
3178 3326 3362 3381 vinum
3390 3344 3558 3384 suave
3581 3340 3634 3384 et
3655 3332 3751 3384 la:-

2177 3415 2391 3471 tiﬁcans
2422 3430 2516 3470 cor
2551 3416 2810 3482 hominis,
2846 3417 2937 3472 sed
2972 3417 3150 3486 primo
3177 3419 3428 3487 producit
3456 3421 3536 3474 eis
3567 3422 3752 3474 suari-

2179 3515 2341 3562 tatem
2376 3508 2760 3563 tantummodo
2787 3508 2972 3562 odoris
3007 3509 3063 3562 in
3086 3508 3293 3563 ﬂorem.
3325 3509 3518 3565 Botrus
3545 3511 3631 3565 hic
3653 3511 3754 3563 ﬂo-

2176 3611 2304 3652 rens
2341 3612 2464 3652 esse
2496 3607 2830 3653 memoratur
2871 3597 2925 3651 in
2970 3599 3143 3653 vineis
3179 3597 3443 3669 Engaddi,
3489 3609 3547 3654 ut
3579 3603 3750 3669 gratia

2176 3684 2491 3758 fragrantia:
2531 3689 2706 3758 ipsius
2741 3689 3068 3742 immittatur
3114 3689 3170 3742 in
3219 3689 3391 3744 initiis
3432 3691 3649 3755 anime,
3692 3701 3755 3746 ut

2176 3787 2300 3849 post
2342 3777 2459 3835 haec
2494 3780 2609 3850 pati
2653 3781 2826 3850 possit
2859 3779 3209 3834 acerbitatem
3250 3781 3659 3836 tribulationum
3697 3791 3751 3835 et

2175 3873 2556 3941 tentationum,
2588 3888 2712 3943 qua:
2750 3881 2970 3942 propter
2997 3871 3232 3927 Verbum
3273 3871 3366 3928 Dei
3408 3875 3750 3930 credentibus

2171 3965 2514 4032 excitantur;
2553 3972 2608 4019 et
2636 3964 2709 4018 ita
2741 3963 2962 4018 demum
2995 3963 3323 4019 maturitatis
3357 3965 3477 4034 ejus
3510 3966 3749 4020 dulcedi-

2175 4072 2300 4112 nem
2334 4056 2559 4126 praabet,
2591 4071 2766 4124 usque
2798 4055 2927 4108 dum
2956 4054 3217 4124 perducat
3237 4070 3334 4110 eos
3364 4057 3432 4110 ad
3459 4057 3746 4111 toreularia

2175 4148 2268 4204 ubi
2298 4147 2595 4203 effunditur
2623 4147 2847 4217 sanguis
2871 4161 3011 4210 uva,
3037 4148 3263 4216 sanguis
3287 4148 3412 4201 novi
3443 4146 3751 4202 testamenti

2175 4241 2270 4310 qui
2310 4241 2527 4296 bibatur
2555 4240 2609 4294 in
2643 4239 2730 4294 die
2771 4238 2914 4294 festo
2952 4240 3008 4294 in
3047 4239 3445 4308 superioribus,
3485 4241 3576 4293 ubi
3611 4251 3750 4293 stra-

2178 4341 2289 4387 tum
2334 4347 2591 4401 magnum
2624 4339 2872 4402 paratum
2913 4345 3016 4386 est.
3068 4330 3160 4385 Sic
3201 4345 3332 4400 ergo
3374 4347 3468 4399 per
3506 4333 3747 4401 singulos

2176 4425 2275 4480 hos
2305 4424 2582 4494 profectus
2627 4425 2894 4495 graduum
2945 4422 3195 4476 incedere
3237 4432 3452 4492 oportet
3494 4438 3611 4487 eos,
3656 4424 3749 4492 qu'.

499 4521 716 4568 ternum
746 4529 908 4570 suum
935 4529 1140 4584 sponsa
1168 4523 1428 4584 tanquam
1463 4514 1689 4583 nuptiali
1720 4515 1964 4570 dramate
1989 4516 2071 4570 lo-
2103 4525 2148 4584 ι)
2178 4532 2271 4586 per
2302 4523 2706 4570 sacramentum
2738 4515 2886 4578 vitis,
2915 4523 2968 4568 et
2996 4514 3211 4568 botrum
3247 4517 3396 4586 cypri
3430 4515 3646 4577 initiati,
3681 4514 3748 4567 ad

491 4619 672 4674 quens
703 4605 842 4660 inter
870 4606 1111 4661 medium
1143 4606 1371 4662 uberum
1396 4622 1620 4661 suorum
1645 4618 2068 4664 commorantem

488 4697 669 4753 dicit:
701 4699 900 4763 ubera,
937 4707 998 4753 ut
1029 4698 1284 4769 superius
1319 4699 1433 4768 jam
1466 4698 1735 4763 diximus,
1772 4699 2072 4770 principale

487 4788 679 4844 cordis
711 4789 950 4854 adverte,
981 4790 1036 4842 in
1061 4804 1173 4859 quo
1222 4788 1462 4844 Ecclesia
1493 4789 1794 4857 Christum,
1829 4791 1915 4846 vel
1944 4792 2070 4845 ani-

491 4896 587 4935 ma
620 4878 859 4934 Verbum
890 4877 984 4934 Dei
1011 4879 1264 4934 desiderii
1291 4879 1376 4935 sui
1405 4878 1638 4935 vinculis
1679 4879 1958 4950 alligatum
1990 4892 2069 4935 te-

489 4981 664 5028 netet
687 4971 992 5027 astrictum.
1035 4967 1090 5025 Si
1128 4970 1252 5041 quis
1273 4970 1417 5026 enim
1452 4969 1689 5025 Verbum
1721 4969 1814 5026 Dei
1845 4978 1960 5025 toto
1986 4969 2068 5024 af-

494 5063 642 5119 iectu
677 5063 732 5117 in
762 5064 925 5118 corde
951 5078 1052 5118 suo
1078 5074 1132 5119 et
1167 5071 1281 5119 toto
1317 5077 1503 5118 amore
1536 5063 1899 5133 constringit,
1953 5063 2070 5131 ipse

498 5157 646 5210 solus
678 5157 870 5225 poterit
905 5155 1125 5209 odorem
1174 5153 1481 5228 fragrantia:
1527 5155 1650 5224 ejus
1692 5163 1748 5209 et
1778 5155 2066 5211 suavitatis

492 5249 764 5318 accipere.

566 5337 722 5394 Vere.
766 5339 851 5393 14.
907 5337 1096 5391 Botrus
1145 5337 1290 5407 cypri
1331 5337 1598 5404 fraternus
1645 5352 1787 5389 meus
1839 5337 1968 5390 mihi
2011 5339 2066 5390 in

490 5429 658 5484 vineis
694 5428 959 5499 Engaddi.
985 5427 1257 5495 Quantum
1286 5429 1353 5481 ad
1390 5427 1581 5480 littera:
1609 5427 1783 5495 ipsius
1813 5429 2071 5498 explana-

490 5521 722 5586 tionem,
758 5519 922 5573 habet
959 5518 1162 5587 aliquid
1198 5516 1516 5586 ambiguum
1549 5515 1694 5584 quod
1727 5516 1839 5570 ait:
1869 5517 2064 5572 Botrus

567 5656 614 5688 ⁸⁸
652 5653 821 5708 chit.
851 5668 947 5706 vn.
1023 5653 1066 5684 ”
1101 5651 1273 5705 Levit.
1306 5667 1358 5704 ιι
1382 5693 1394 5717 ,
1431 5650 1482 5703 8.
1558 5652 1605 5685 ’⁸
1644 5651 1774 5708 Dan.
1805 5671 1870 5720 tt,

2179 5653 2273 5710 lsa.
2306 5669 2394 5720 ιι..
2432 5654 2516 5708 i5.

562 5795 687 5868 (59)
727 5793 882 5859 Mss.,
903 5793 1155 5846 subitum.
1188 5790 1349 5858 Edit.,
1380 5807 1662 5847 summum.

2177 4605 2571 4676 perfectionem
2603 4602 2876 4670 feruntur,
2921 4613 2976 4659 et
3006 4604 3230 4659 calicem
3276 4607 3399 4659 novi
3441 4607 3747 4660 testamenti

2177 4697 2247 4751 ab
2273 4694 2403 4751 Jesu
2432 4702 2745 4764 susceptum
2786 4693 2969 4749 bibere
3002 4695 3356 4750 contendunt.
3393 4694 3546 4760 Quod
3579 4695 3622 4747 si
3659 4709 3750 4763 cy-

2175 4804 2311 4859 prus
2356 4787 2442 4842 sui
2476 4786 2690 4856 generis
2731 4785 2893 4841 arbor
2922 4787 3272 4856 accipiendus
3303 4795 3405 4851 est,
3440 4787 3597 4856 cujus
3631 4785 3749 4838 fru-

2175 4890 2297 4935 ctus
2323 4880 2484 4934 etiam
2510 4878 2608 4933 llus
2629 4892 2739 4934 nou
2762 4885 2972 4932 tantum
3006 4876 3194 4933 odoris
3216 4879 3562 4940 suavitatem,
3583 4890 3755 4946 quan-

2178 4980 2293 5026 tum
2319 4978 2374 5025 et
2393 4969 2502 5023 vim
2526 4967 2876 5024 calefaciendi
2899 4983 2962 5023 ac
2985 4966 3201 5022 fovendi
3224 4969 3423 5023 dicitur
3439 4968 3746 5036 possidere:

2179 5063 2269 5118 illa
2300 5062 2417 5117 sine
2443 5061 2607 5116 dubio
2637 5060 2901 5128 accipitur
2941 5058 3127 5129 sponsi
3156 5059 3349 5124 virtus,
3377 5073 3507 5128 ,ψη
3546 5057 3748 5111 incale-

2175 5163 2339 5210 scunt
2371 5154 2567 5208 anintte
2598 5169 2724 5225 erga
2757 5153 2919 5209 [idem
2964 5155 3085 5222 ejus
3125 5161 3179 5205 ct
3230 5151 3576 5215 charitatem,
3628 5164 3750 5218 qtne

2175 5248 2521 5318 contingebat
2562 5262 2656 5302 eos
2699 5249 2791 5318 qui
2828 5247 3081 5302 dicebant
3113 5264 3126 5300 :
3163 5242 3350 5296 Nonne
3383 5260 3473 5295 cor
3507 5253 3747 5295 nostrum

2177 5352 2289 5395 erat
2322 5341 2510 5394 ardens
2542 5341 2682 5393 intra
2712 5356 2826 5405 nos,
2854 5355 2972 5392 cum
2999 5337 3294 5405 adaperiret
3329 5335 3476 5387 nobis
3506 5332 3751 5402 Scriptu-

2180 5449 2266 5486 ras
2289 5431 2370 5486 "1'
2401 5429 2496 5488 Vel
2516 5440 2660 5486 certe
2693 5432 2952 5500 quoniam
2988 5430 3054 5484 de
3084 5429 3255 5481 vineis
3290 5425 3530 5496 Engaddi
3563 5425 3749 5477 hotrus

2181 5526 2268 5580 hic
2298 5524 2501 5580 ﬂorens
2539 5525 2855 5580 nominatur
2895 5538 3016 5578 esse
3043 5541 3058 5577 :
3085 5521 3326 5590 Engaddi
3367 5528 3547 5572 autem
3581 5516 3751 5569 inter-

2595 5656 2637 5686 "
2667 5651 2921 5715 Ps.xuv,
2939 5651 2995 5706 8.
3071 5652 3116 5684 ”
3156 5649 3288 5707 Luc.
3326 5667 3474 5716 xxtv,
3515 5651 3603 5706 3|.
