4134 6440
480 341 585 401 M7
1549 333 1876 391 ORIGENIS
1910 332 1978 389 ιΝ
2015 330 2376 390 CANTICUM
2415 332 2690 391 EANTIC.
3621 339 3726 396 “8

475 463 594 515 dem
617 476 732 515 ecce
752 477 806 515 es
828 462 1111 530 speciosus,
1133 459 1300 512 cubile
1321 466 1561 511 nostrum
1589 454 2046 523 utnbt'osum(6l).
2080 460 2125 513 Λ
2156 455 2315 521 bilis;
2348 455 2441 513 sed
2475 457 2563 513 ille
2590 458 2765 528 magis
2789 460 2882 528 qui
2915 474 2972 514 se
3004 459 3353 529 transﬁgant
3389 458 3441 514 in
3472 457 3723 529 angelum

474 548 635 605 Nunc
681 551 916 620 primum
972 551 1181 606 videtur
1249 547 1508 602 attentius
1582 547 1889 617 inspexisse
1940 544 2053 617 69
2156 548 2314 605 lucis.
2364 549 2548 605 Bonus
2576 566 2707 621 ergo
2736 560 2789 606 et
2825 553 3059 607 decorus
3098 551 3296 607 dicitur
3332 550 3638 615 fraternus;
3668 557 3725 603 et

475 642 667 711 Sponsi
709 643 796 697 sui
841 641 1292 711 pulchritudinem
1330 655 1551 709 sponsa,
1587 649 1640 694 et
1673 638 2052 695 considerasse
2152 648 2358 707 quanto
2391 642 2565 707 magis
2625 640 2817 709 inspici
2863 641 3102 711 potuerit
3144 640 3319 696 oculis
3359 639 3719 710 spiritalibus,

473 729 586 786 illis
613 733 788 785 oculis
816 733 907 801 qui
938 733 1201 788 columba)
1232 748 1353 789 esse
1395 731 1525 785 dicti
1582 739 1732 798 sunt,
1782 731 1949 785 decus
1994 738 2049 784 et
2152 739 2303 786 tanto
2333 731 2629 799 speciosior
2682 731 2953 789 invenitur
3003 742 3058 789 et
3094 732 3398 803 pulchrior;
3434 731 3565 802 quia
3608 745 3719 786 non

470 820 709 890 speciem
761 820 920 877 Verbi
969 822 1082 878 Dei.
1134 823 1274 890 Quia
1326 840 1518 881 revera
1553 841 1660 880 non
1694 833 1869 894 potest
1896 823 2048 894 prius
2151 824 2327 881 solum
2366 824 2513 880 illius
2543 825 2751 893 species
2783 834 2838 880 et
2869 825 3216 895 pulchritudo
3254 823 3520 879 mirabilis
3552 837 3720 892 appa-

473 911 706 981 perspici
740 927 839 968 nec
864 915 1086 984 agnosci
1117 925 1321 985 quanta
1374 917 1447 972 sit
1492 916 1546 972 in
1587 915 1765 971 Verbo
1801 915 2048 986 magniﬁ-
2148 916 2309 980 rebit,
2338 931 2525 970 verum
2554 925 2610 971 et
2629 915 2939 985 inspicienti
2961 925 3123 985 atque
3145 916 3376 973 intuenti
3404 929 3529 971 eum
3550 914 3720 969 decus

470 1005 668 1070 eentia,
712 1007 817 1061 nisi
850 1007 1004 1075 prius
1046 1008 1235 1063 oculos
1260 1008 1417 1077 quasi
1456 1008 1747 1074 columbae,
1776 1007 1827 1062 id
1858 1015 1941 1063 est
1964 1006 2048 1061 in-
2146 1007 2340 1078 ingens
2369 1015 2424 1061 et
2456 1009 2666 1077 species
2708 1006 2899 1062 formae
2926 1022 3066 1064 nova
3095 1022 3161 1063 ac
3190 1007 3456 1063 mirabilis
3486 1006 3713 1072 orietur,

467 1095 817 1165 teiligentiam
862 1098 1164 1167 spiritalem
1214 1099 1465 1170 accipiat.
1510 1100 1813 1154 Commune
1860 1112 2042 1153 autem
2145 1098 2443 1154 secundum
2478 1098 2608 1153 illud
2646 1098 2792 1169 quod
2823 1098 3116 1169 Apostolus
3154 1097 3312 1152 Verbi
3365 1096 3457 1151 Dei
3497 1097 3718 1160 intuens

466 1185 644 1242 cubile
667 1188 772 1242 sibi
804 1188 950 1259 quod
983 1190 1119 1244 dicit
1146 1206 1267 1246 esse
1293 1208 1417 1247 cum
1453 1207 1677 1263 sponso,
1708 1206 1908 1260 corpus
1938 1190 2043 1245 hoc
2142 1189 2602 1260 pulchritudinem
2630 1188 2793 1244 dicit:
2816 1188 2959 1243 Nam
2983 1190 3084 1244 etsi
3119 1191 3164 1245 is
3185 1190 3274 1259 qui
3305 1189 3436 1258 foris
3459 1197 3536 1242 est
3562 1188 3716 1241 homo

463 1277 598 1333 mihi
638 1278 855 1335 videtur
901 1280 1135 1336 indicari
1179 1284 1396 1348 animae,
1444 1285 1499 1337 in
1529 1297 1639 1353 quo
1663 1283 1842 1337 adhuc
1867 1283 2042 1352 posita
2140 1290 2320 1335 noster
2347 1280 2727 1350 corrumpitur,
2761 1281 2854 1335 sed
2896 1281 2987 1350 qui
3026 1282 3173 1334 intus
3212 1289 3292 1333 est
3337 1288 3616 1333 renouatur
3651 1277 3717 1333 de

463 1368 627 1438 digna
666 1369 854 1423 habita
904 1371 977 1425 sit
1026 1373 1219 1429 ascisci
1256 1375 1322 1429 ad
1364 1347 1695 1431 consortium
1727 1347 1887 1431 Verbi
1921 1373 2035 1428 Dei.
2140 1370 2226 1423 die
2250 1370 2304 1423 in
2333 1370 2472 1424 diem
2489 1370 2531 1424 ³.
2561 1347 2758 1425 Merito
2780 1347 3057 1441 ergo-talis
3082 1368 3196 1423 ham
3214 1366 3397 1422 anima
3421 1380 3716 1421 commune

463 1455 631 1528 idque
664 1461 1010 1525 umbrosum,
1044 1472 1229 1532 utpote
1259 1480 1366 1519 non
1399 1466 1632 1531 aridum,
1669 1467 1762 1522 sed
1795 1465 2041 1521 fructuo-
2138 1458 2303 1515 habet
2320 1460 2500 1516 cubile
2520 1475 2643 1515 cum
2671 1458 2847 1516 Verbo
2872 1474 3071 1529 corpus
3093 1474 3274 1514 suum.
3297 1456 3547 1512 Pervenit
3568 1457 3712 1511 enim

463 1562 586 1602 sum
618 1558 905 1612 memorat,
932 1559 987 1604 et
1011 1561 1270 1621 tanquam
1296 1553 1561 1609 densitate
1590 1555 1719 1611 boni
1745 1557 1924 1626 operis
1950 1569 2039 1609 ne-
2138 1550 2324 1605 divina
2357 1551 2533 1606 virtus
2560 1566 2732 1620 usque
2762 1551 2828 1605 ad
2855 1550 3103 1620 corporis
3128 1549 3381 1620 gratiam,
3408 1564 3532 1602 cum
3560 1550 3614 1601 in
3648 1563 3716 1602 eo

463 1651 770 1692 morosum.
808 1638 910 1694 Sed
955 1641 1070 1696 haec
1115 1656 1313 1712 sponsa
1364 1645 1513 1709 dicit,
1559 1648 1739 1700 anima
1772 1647 2039 1701 duntaxat
2140 1645 2226 1698 vel
2261 1644 2531 1700 castitatis
2571 1644 2799 1710 donum,
2839 1643 2922 1698 vel
2956 1644 3325 1708 continentiae,
3374 1642 3716 1710 aliorumque

461 1741 586 1794 quae
617 1727 885 1783 columba:
909 1729 1021 1798 jam
1064 1734 1255 1788 oculos
1286 1734 1465 1790 habet.
1508 1734 1571 1789 Hi
1603 1752 1731 1790 vero
1771 1737 1862 1807 qui
1912 1745 2036 1791 tan-
2139 1736 2408 1791 bonorum
2446 1751 2673 1806 operum
2702 1736 2935 1791 collocat
2959 1735 3208 1806 gratiam.
3239 1733 3534 1788 Considera
3560 1747 3711 1798 sane,

462 1820 743 1875 tummodo
786 1821 1015 1877 credunt
1067 1838 1291 1893 sponso,
1349 1841 1459 1881 non
1493 1834 1676 1883 tamen
1727 1828 2035 1898 perspicere
2063 1811 2108 1867 Β
2136 1844 2204 1885 ne
2231 1827 2370 1883 forte
2405 1830 2581 1898 possit
2614 1828 2778 1883 etiam
2818 1829 2951 1884 illud
2983 1842 3184 1897 corpus
3222 1825 3369 1896 quod
3415 1826 3715 1894 assumpsit

458 1917 754 1977 potuerunt
778 1910 832 1963 in
872 1909 1050 1967 Verbo
1074 1912 1168 1969 Dei
1209 1926 1411 1985 quanta
1451 1917 1524 1973 sit
1551 1918 1919 1987 pulchritudo,
1949 1920 2036 1975 di-
2135 1920 2293 1977 Jesus
2345 1934 2639 1977 commune
2690 1920 2739 1976 ei
2777 1935 2901 1976 eum
2950 1934 3151 1990 sponsa
3196 1917 3377 1974 cubile
3418 1915 3711 1982 nominari,

455 2006 587 2051 cunt
624 2016 639 2052 :
671 1997 739 2052 Et
768 2000 997 2055 uidimus
1031 2018 1171 2067 eum,
1202 2003 1254 2057 e't
1283 2020 1386 2058 non
1420 2006 1644 2063 habebat
1673 2009 1919 2076 speciem,
1944 2023 2037 2063 ne-
2134 2015 2395 2086 quoniam
2422 2014 2644 2085 quidem
2669 2014 2883 2070 videtur
2904 2027 3000 2083 per
3021 2014 3198 2082 ipsum
3226 2008 3470 2065 Ecclesia
3493 2007 3714 2063 Christo

453 2104 554 2158 que
582 2089 843 2157 decorem,
891 2094 981 2147 sed
1026 2098 1223 2163 species
1257 2097 1372 2166 ejus
1413 2099 1663 2154 indecora
1701 2109 1751 2155 et
1784 2101 2035 2171 deﬁciens
2132 2121 2256 2162 esse
2286 2106 2517 2173 sociata,
2548 2113 2605 2162 et
2627 2105 2970 2176 participium
3017 2102 3182 2159 Verbi
3231 2102 3322 2157 Dei
3370 2116 3567 2171 capere
3616 2114 3715 2170 po-

454 2192 569 2250 ?"
594 2180 722 2248 βιίίε
747 2181 1017 2236 hominum
1037 2185 1102 2239 ".
1131 2184 1264 2252 Quae
1294 2197 1475 2244 autem
1516 2189 1656 2246 bene
1703 2192 1934 2261 profecit
1978 2201 2035 2250 et
2133 2198 2326 2263 tuisse,
2376 2198 2678 2255 secundum
2734 2198 2883 2268 quod
2918 2198 3185 2253 mediator
3220 2195 3312 2250 Dei
3340 2204 3396 2250 et
3424 2194 3709 2249 hominum

454 2283 808 2342 supergressa
838 2282 923 2328 est
948 2272 1479 2332 adolescentuth
1518 2288 1573 2335 et
1598 2283 1873 2352 octoginta
1900 2296 2034 2337 con-
2131 2287 2354 2353 dicitur,
2387 2297 2443 2345 et
2485 2287 2789 2344 secundum
2839 2288 2985 2358 quod
3034 2287 3327 2359 Apostolus
3357 2286 3489 2341 dicit
3519 2303 3533 2339 :
3567 2283 3714 2351 Quo-

452 2363 799 2425 eubinarum.
846 2374 902 2419 et
945 2366 1227 2437 sexaginta
1276 2370 1592 2441 reginarum
1624 2374 1893 2442 ordinem,
1925 2373 2031 2431 ista
2132 2382 2277 2435 niam
2303 2382 2358 2435 in
2381 2382 2496 2450 ipso
2517 2381 2768 2436 habemus
2799 2396 3068 2435 accessum
3095 2396 3188 2449 per
3214 2378 3369 2450 ﬁdem
3394 2378 3450 2432 in
3480 2393 3569 2447 spe
3597 2375 3710 2448 glo-

453 2454 641 2509 anima
698 2464 872 2525 potest
922 2456 1108 2512 dicere
1147 2473 1165 2513 :
1214 2457 1351 2515 Ecce
1400 2478 1457 2516 es
1509 2464 1729 2519 decorus
1759 2466 2029 2536 fraternus

450 2559 619 2610 meus,
654 2554 704 2598 et
729 2544 941 2615 quidem
963 2547 1250 2615 speciosus.
1300 2549 1407 2606 Sed
1435 2560 1490 2607 et
1515 2553 1564 2609 si
1601 2556 1782 2611 adhuc
1822 2558 1877 2612 in
1905 2573 2029 2613 cor-

446 2648 579 2704 pore
606 2636 819 2704 positus
852 2637 1151 2710 intelligam
1184 2639 1511 2700 densitatem
1539 2647 1870 2717 spiritalium
1900 2665 2027 2705 sen-

445 2743 605 2783 suum
630 2737 683 2783 et
704 2730 1117 2801 intelligentiam
1152 2731 1559 2806 Scripturarum
1579 2742 1888 2800 divinarum
1912 2755 2023 2801 tam

443 2825 633 2879 crebra
679 2825 950 2894 opacitate
988 2836 1320 2895 contextam,
1352 2841 1414 2886 ut
1442 2835 1682 2903 rapidior
1709 2848 1897 2904 asstus,
1930 2840 2026 2910 qui

440 2915 647 2970 multos
690 2916 828 2971 solet
867 2917 1098 2973 adurere
1142 2928 1197 2974 et
1234 2921 1513 2980 arefacere
1548 2924 1760 2985 fructus
1805 2948 2023 3000 eorum,

443 3020 531 3060 me
561 3014 741 3060 tamen
775 3008 1063 3063 tenebrare
1088 3025 1196 3065 non
1229 3014 1427 3082 possit,
1464 3031 1565 3070 nec
1596 3018 1703 3073 ulla
1726 3020 1809 3075 vis
1844 3030 2026 3077 tenta-

443 3094 651 3149 tionum
677 3093 799 3150 ﬁdei
827 3096 881 3151 in
915 3112 1002 3151 me
1028 3113 1247 3167 germen
1296 3102 1591 3171 arefacere,
1639 3114 1768 3163 tunc
1798 3124 2021 3178 possum

442 3183 625 3240 dicere
688 3187 814 3256 quia
861 3187 1042 3243 cubile
1083 3198 1333 3245 nostrum
1366 3194 1707 3252 umbrosum.
1738 3198 1895 3266 Quod
1926 3216 2027 3256 au-

439 3283 551 3335 tem
602 3275 735 3331 dicit
784 3278 966 3332 cubile
1008 3288 1280 3349 nostrum,
1327 3284 1485 3352 quasi
1529 3302 1877 3346 communem
1916 3293 2021 3348 sibi

439 3382 569 3422 cum
595 3381 802 3436 sponso
829 3368 1079 3437 corporis
1123 3371 1208 3424 sui
1240 3371 1490 3430 indicans
1537 3392 1658 3433 esse
1705 3380 1909 3445 locum,
1955 3382 2025 3438 ad

439 3458 590 3515 illam
616 3458 1029 3514 similitudinem
1061 3460 1266 3517 dictum
1297 3465 1555 3537 intellige,
1596 3486 1702 3540 qua
1733 3482 1788 3526 et
1819 3471 2024 3529 Paulus

439 3549 638 3617 dixit‘,
680 3551 808 3619 quia
850 3564 1080 3619 corpora
1112 3562 1299 3610 nostra
1338 3559 1579 3613 membra
1622 3561 1828 3617 Christi
1870 3573 2020 3619 sunt.

437 3640 578 3695 Cum
616 3641 764 3700 enim
810 3641 944 3699 dicit
987 3660 1217 3714 corpora
1250 3657 1460 3712 nostra,
1509 3653 1663 3720 quasi
1714 3667 1929 3722 Sponsa:
1966 3657 2017 3711 id

436 3745 563 3786 esse
617 3746 816 3802 corpus
863 3737 1122 3792 ostendit.
1181 3738 1317 3793 Cum
1364 3755 1494 3794 veto
1533 3745 1775 3799 membra
1812 3744 2017 3803 Christi

437 3834 728 3892 memorat,
758 3826 946 3884 eadem
979 3842 1209 3899 corpora
1246 3830 1412 3885 etiam
1445 3835 1629 3902 sponsi
1667 3851 1789 3892 esse
1815 3853 2015 3908 corpus

438 3915 663 3971 indicat.
700 3915 827 3973 Hice
852 3932 982 3990 ergo
1012 3936 1242 3991 corpora
1277 3923 1322 3976 si
1356 3924 1611 3980 umbrosa
1641 3937 1790 3998 sunt,
1826 3939 1888 3984 ut
1917 3946 2014 3986 su-

435 4007 621 4076 perius
647 4008 913 4074 diximus,
945 4010 1107 4067 bonis
1142 4011 1408 4069 duntaxat
1446 4017 1706 4083 operibus
1737 4020 1935 4075 referta
1964 4032 2018 4078 et

437 4097 763 4166 spiritalium
796 4114 1059 4154 sensuum
1094 4100 1365 4157 densitate
1401 4106 1695 4169 cumulata,
1724 4107 1790 4162 de
1825 4109 1910 4165 his
1936 4122 2019 4166 ta-

432 4186 577 4247 libus
606 4188 713 4244 dici
747 4199 967 4260 potest:
1007 4189 1115 4246 Per
1152 4192 1292 4246 diem
1326 4197 1405 4248 sol
1449 4210 1553 4249 non
1593 4206 1710 4251 uret
1752 4210 1820 4265 te,
1856 4217 2017 4271 neque

432 4280 564 4335 luna
593 4297 685 4352 per
719 4292 923 4339 noctem
945 4287 987 4338 '.
1034 4281 1252 4340 Justum
1298 4301 1539 4357 namque
1578 4292 1894 4347 tentationis
1933 4294 2017 4351 sol

432 4387 542 4426 non
584 4374 766 4430 adurit
811 4375 1242 4445 requiescentem
1289 4378 1393 4435 sub
1435 4380 1632 4436 umbra
1682 4379 1844 4437 Verbi
1895 4383 2011 4441 Dei.

2130 2473 2229 2528 riw
2258 2472 2357 2528 Dei
2382 2473 2423 2527 ⁵.

2210 2564 2362 2619 Vcrs.
2389 2562 2477 2617 i7.
2507 2560 2678 2633 Tigna
2711 2563 2990 2617 domorum
3021 2572 3321 2617 nostrarum
3347 2560 3510 2622 cedri,
3538 2560 3708 2614 trabes

2128 2670 2324 2716 nostra:
2373 2658 2628 2730 cypressi.
2671 2654 2898 2712 Videtur
2935 2655 3007 2712 ab
3043 2669 3245 2725 sponso
3286 2652 3598 2721 responderi
3639 2650 3708 2705 ad

2129 2753 2362 2822 gratiam
2396 2765 2590 2806 eorum
2626 2763 2749 2819 qua:
2776 2748 2921 2804 dicta
2946 2746 3168 2803 fuerunt
3193 2744 3346 2816 prius
3378 2744 3447 2797 ab
3481 2756 3704 2814 sponsa,

2128 2844 2329 2917 quibus
2352 2842 2578 2897 edoceat
2607 2855 2728 2895 eam
2765 2839 3072 2910 cuiusmodi
3107 2839 3215 2893 sint
3249 2844 3388 2893 tecta
3423 2835 3526 2890 ista
3552 2847 3707 2888 com-

2128 2934 2337 2999 munia,
2368 2942 2424 2989 et
2455 2931 2634 3003 qualis
2671 2933 2727 2985 in
2774 2931 2855 2987 eis
2894 2930 3123 2985 materia
3150 2926 3573 2997 contignationis
3609 2925 3709 2978 ha-

2126 3027 2340 3082 beatur.
2363 3023 2487 3081 Haec
2514 3025 2677 3079 habet
2699 3023 2961 3078 historica
2987 3021 3247 3076 narratio.
3277 3018 3498 3073 Videtur
3522 3024 3704 3070 autem

2129 3117 2372 3175 Ecclesia
2403 3116 2637 3173 describi
2668 3130 2698 3169 a
2728 3113 2969 3180 Christo,
3009 3128 3131 3182 qua:
3162 3121 3249 3166 cst
3272 3111 3468 3165 domus
3489 3107 3710 3178 spirita-

2127 3211 2216 3277 lis,
2261 3221 2315 3265 et
2368 3211 2567 3263 domus
2616 3206 2735 3269 Dei,
2782 3205 2926 3261 sicut
2955 3204 3113 3259 docet
3147 3202 3350 3256 Paulus
3375 3200 3562 3255 dicens
3594 3217 3608 3251 :
3643 3194 3705 3252 Si

2127 3310 2301 3356 autem
2335 3299 2540 3353 tardius
2571 3313 2775 3359 venero,
2808 3304 2866 3349 ut
2903 3296 3043 3350 scias
3073 3291 3332 3363 quomodo
3380 3300 3428 3344 te
3469 3298 3705 3357 oporteat
3732 3294 3743 3315 ‘

2124 3393 2181 3445 in
2228 3389 2384 3444 domo
2439 3387 2530 3441 Dei
2561 3386 2881 3448 conversari,
2915 3400 3033 3455 qua:
3056 3392 3134 3436 est
3179 3379 3415 3434 Ecclesia
3447 3377 3541 3431 Dei
3577 3377 3701 3440 ciui,

2124 3481 2371 3536 columna
2398 3488 2446 3534 et
2476 3480 2866 3549 ﬁrmamentum
2889 3475 3127 3529 raritatis
3143 3472 3185 3525 ⁸.
3226 3470 3281 3526 Si
3304 3485 3433 3542 ergo
3454 3468 3699 3524 Ecclesia

2124 3573 2323 3627 domus
2355 3570 2449 3625 Dei
2478 3580 2583 3635 est,
2624 3568 2754 3639 quia
2795 3567 2977 3621 omnia
3006 3581 3127 3636 quas
3166 3565 3328 3619 habet
3356 3561 3538 3626 Pater,
3575 3555 3700 3613 Filii

2124 3676 2271 3729 sunt,
2308 3662 2552 3718 Ecclesia
2588 3660 2783 3715 domus
2816 3657 2939 3711 Filii
2973 3656 3065 3711 Dei
3100 3664 3201 3710 est.
3233 3653 3570 3723 Frequenter
3599 3666 3700 3705 au-

2124 3769 2229 3812 tem
2256 3766 2310 3811 et
2344 3752 2539 3825 plurali
2577 3765 2806 3805 numero
2833 3749 3172 3818 appellantur
3202 3745 3477 3811 Ecclesiae,
3515 3750 3575 3797 ut
3606 3741 3699 3796 ubi

2119 3848 2237 3901 ait:
2264 3843 2379 3898 Nos
2426 3842 2586 3896 talem
2623 3839 3051 3893 consuetudinem
3099 3853 3199 3889 non
3240 3835 3510 3897 habemus,
3538 3846 3702 3900 neque

2118 3936 2373 3990 Ecclesia:
2418 3932 2514 3986 Dei
2539 3933 2581 3982 ⁸.
2626 3929 2693 3983 Ει
2722 3930 2941 3994 iterum,
2970 3926 3159 3983 scribit
3186 3924 3441 3980 Ecclesiis
3475 3924 3699 3980 Galatia:

2119 4027 2341 4092 Paulus,
2388 4033 2443 4080 et
2470 4022 2708 4079 Joannes
2743 4030 2951 4091 septem
2999 4018 3258 4075 Ecclesiis
3281 4019 3324 4073 '.
3381 4015 3523 4071 Sunt
3567 4030 3697 4083 ergo

2120 4120 2234 4174 sive
2260 4116 2501 4170 Ecclesia
2530 4115 2613 4168 vel
2638 4113 2919 4176 Ecclesiae,
2941 4113 3141 4166 domus
3170 4108 3356 4179 sponsi
3381 4116 3435 4162 et
3461 4120 3694 4177 sponsa},

2119 4209 2248 4279 sive.
2276 4208 2474 4262 anima:
2518 4213 2572 4260 et
2620 4202 2784 4261 Verbi
2823 4203 3041 4268 domus,
3077 4203 3132 4256 in
3162 4201 3363 4271 quibus
3394 4199 3539 4270 tigna
3569 4205 3700 4252 sunt

2118 4299 2360 4355 cedrina.
2386 4295 2645 4366 Legimus
2670 4294 2834 4349 etiam
2861 4292 3125 4363 quasdam
3162 4290 3354 4346 cedi-os
3387 4287 3502 4352 Dei,
3530 4300 3696 4356 super

2117 4407 2258 4462 quas
2287 4390 2444 4445 vinea
2472 4402 2597 4455 quae
2628 4387 2891 4442 translata
2914 4393 2997 4440 est
3016 4385 3083 4439 de
3104 4381 3359 4453 Egypto,
3382 4378 3696 4435 extendisse

433 4468 543 4523 iste
579 4467 723 4522 enim
771 4470 853 4524 sol
897 4470 993 4543 qui
1039 4470 1219 4525 adurit
1245 4472 1479 4541 justum,
1502 4463 1630 4547 ’n'on
1668 4480 1753 4528 est
1783 4476 2013 4531 damua-
2049 4483 2095 4539 D
2118 4484 2317 4543 dicitur
2349 4477 2625 4541 traduces,
2654 4475 2768 4530 sive
2798 4474 3025 4528 arbusta
3056 4485 3178 4536 sua,
3203 4470 3345 4525 sicut
3367 4469 3443 4524 ait
3463 4468 3519 4522 in
3543 4465 3697 4523 Psal-

502 4611 546 4642 ”
572 4607 677 4665 lsa.
703 4626 821 4675 Lm,
859 4610 916 4675 2,
957 4611 1010 4666 5.
1095 4612 1113 4642 ί
1150 4610 1317 4667 lCor.
1348 4611 1419 4677 vi,
1447 4611 1535 4667 15.

430 4678 499 4731 ⁸1
533 4678 665 4735 Cor.
714 4694 791 4746 xi,
824 4679 909 4734 l6.
1005 4680 1027 4713 ⁷
1053 4680 1224 4752 Apoc.
1256 4696 1293 4747 ι,
1319 4680 1409 4734 20.

502 4815 617 4897 (61)
656 4816 924 4897 Aduhune
953 4818 1134 4874 locum
1160 4817 1381 4897 .-'rel'ero_
1405 4818 1594 4876 Graeca
1622 4820 1893 4897 _Proc0pii
1938 4843 2005 4885 ex

428 4883 662 4967 Origene
690 4886 845 4966 εῇῐῦν
890 4887 1033 4967 {eius
1068 4888 1333 4967 τερᾲπερρν
1363 4883 2010 4967 ξνεωρακένᾳιὲτρᾷνάτέζ

430 4972 523 5029 ρον
551 4958 1018 5031 ’τῷ-τοῢ-νιέμςειοξ)
1046 4958 1290 5031 genere
1318 4958 1524 5031 γύμφηζ
1555 4962 1648 5016 καὶ
1676 4962 1764 5018 διὰ
1783 4958 1889 5020 ’τεῶν
1918 4985 2012 5022 πε-

430 4977 523 5029 ρον
551 4977 753 5037 τιμητου
783 4977 1018 5028 νυμφιου
1046 4977 1233 5013 καΛΑει
1257 4977 1290 5030 η
1318 4977 1524 5081 νυμξη,
1555 4977 1648 5016 και
1676 4977 1764 5018 οισι
1783 4977 1889 5020 των
1918 4985 2009 5022 πε-

429 5041 696 5110 ριςτςρων
720 5026 889 5110 apri};
912 5027 1205 5110 ὀεξθαλὲῷν
1226 5028 1418 5110 αςςξθὲς
1438 5047 1511 5110 ,αι
1534 5031 1629 5102 τῆς
1648 5033 2009 5110 causam}:

426 5094 522 5178 eos
554 5094 717 5174 λόχου
745 5094 1036 5178 ὐπξμχῆς.
1081 5094 1234 5178 Τάχα
1268 5097 1551 5178 Semilqu
1583 5094 1787 5178 icowjv:
1808 5106 2008 5178 iungi];

430 5165 643 5241 uitro?
680 5165 1221 5241 vultui—ouab‘aibpi
1240 5165 1552 5241 aluissem},
1596 5174 1655 5225 ὲν
1761 5172 1842 5227 ἐτι
1873 5165 2009 5229 οὗόἆ

430 5183 522 5219 και
549 5183 643 5217 του
680 5183 744 5217 νυ
791 5183 913 5235 φιου
946 5183 1009 5223 το
1041 5184 1201 5236 atoue
1240 5183 1552 5235 αινιττεται,
1596 5183 1655 5225 εν
1687 5183 1733 5241 ᾠ
1761 5183 1842 5227 ετι
1873 5183 2004 5229 οὐσα

426 5235 461 5304 ἡ
498 5232 650 5357 the“?
692 5183 942 5315 silos-ca:
984 5237 1085 5311 τῆς
1131 5236 1224 5295 τοῦ
1262 5239 1434 5308 Λόγου
1487 5243 1792 5307 κοινωνίας.
1838 5246 2004 5312 Λέγει

426 5319 558 5357 γουν
652 5304 812 5357 auito:
836 5321 851 5339 ο
915 5303 991 5357 Τὰ
1036 5305 1280 5357 σώματα
1323 5308 1490 5357 ὑμῶν
1542 5312 1693 5357 μέλῃ
1748 5314 2002 5357 Χοηγτηῦ

425 5303 558 5381 γοῦν
584 5303 812 5381 ﬂuuio;
836 5321 851 5339 ο
915 5303 991 5381 [ὰ
1011 5303 1280 5381 ’ὸῴμαζα
1323 5303 1490 5381 ὐμῶν
1534 5312 1693 5381 μέλη
1742 5303 2002 5381 Χριστὸῦ

425 5372 842 5467 {inflatis
869 5374 971 5467 ζτεὲ
1002 5372 1154 5467 ἔξειξῆ
1184 5376 1282 5467 si?
1296 5372 1709 5467 Ῑβεεφηςζεῑνσίι
1753 5372 2005 5467 ﬁcari

428 5444 607 5512 σῶμα’
646 5444 734 5498 διὰ
773 5444 830 5499 δὲ
865 5444 961 5499 τοῦ
989 5445 1148 5567 μέλτῖ
1180 5444 1445 5513 xpmo‘e'
1469 5444 1564 5502 ’ἑοῦ
1596 5444 1851 5522 νυμφίον’,
1899 5452 2002 5504 Σύ-

428 5527 586 5589 6:3th
607 5513 662 5566 δέ
688 5531 819 5589 φηςι
848 5514 939 5589 ςδν
970 5532 1117 5589 vultu
1142 5533 1200 5569 ον
1227 5516 1313 5569 διὰ
1331 5518 1447 5589 silv
1472 5519 1782 5589 πυκνότητᾳ
1806 5521 1915 5574 τῶν
1947 5526 2005 5576 ὲν

424 5580 788 5671 essent
812 5580 1065 5671 τῆεοφςᾲ
1089 5580 1478 5671 omnem
1513 5588 1639 5671 Ἔριν
1665 5580 1777 5671 ei
1797 5593 1829 5660 ἡ
1849 5591 2004 5671 δοιγὴ

426 5650 581 5722 κλίνη
616 5650 817 5727 ᾇμφοίν
846 5650 1113 5727 caesim,
1133 5650 1285 5727 esse;
1318 5657 1629 5727 Θαυμαστὸν
1662 5650 2005 5725 Θεξξὶξδυνάὶ

431 5719 579 5789 ρξωςί
622 5719 996 5799 διικνουμένης
1034 5719 1125 5778 'm‘:
1170 5724 1261 5777 ἐπὶ
1300 5725 1361 5778 τὸ
1396 5719 1554 5803 σῶμα
1594 5731 1771 5785 πᾶσαν
1792 5719 1892 5805 ξὴν
1919 5731 2005 5787 διὰ

1633 4614 1653 4646 ’
1675 4612 1820 4676 Psal.
1849 4634 1996 4689 cxxi,
2026 4627 2082 4687 6.
2174 4626 2197 4661 ³
2231 4623 2271 4681 ll
2300 4622 2430 4679 Cor.
2457 4634 2534 4686 iv,
2564 4617 2646 4675 ιθ.

2732 4618 2755 4649 ⁸
2788 4617 2949 4674 Rom.
2988 4632 3042 4683 ν,
3066 4617 3122 4670 2.
3197 4615 3218 4646 ⁸
3251 4612 3271 4668 l
3304 4612 3446 4668 Tim.
3489 4628 3573 4676 Ill,
3602 4611 3689 4666 i5.

2108 4828 2201 4885 τοῦ
2235 4828 2484 4900 «lipara:
2515 4822 2714 4897 πρᾶξιν
2753 4822 2961 4900 ἀγαθὴν
3006 4822 3318 4900 ᾂηλοῦσβαι.
3372 4822 3530 4900 Nunc
3573 4826 3688 4900 pri.

2112 4915 2258 4954 muns
2294 4894 2503 4951 videtur
2533 4894 2724 4964 sponsa
2769 4894 2968 4948 clarius
3015 4896 3304 4963 inspexisse
3345 4895 3525 4964 sponsi
3569 4894 3691 4961 pul-

2111 4968 2486 5032 chritudinem,
2512 4963 2668 5035 atque
2694 4965 2807 5019 suis
2841 4964 3206 5035 columbarum
3232 4963 3404 5035 oculis
3435 4963 3549 5030 ejus
3570 4980 3691 5034 qua
3762 4978 3767 4987 '

2109 5041 2168 5092 in
2211 5034 2603 5107 pulchritudine
2642 5044 2717 5088 est
2753 5034 3075 5088 excellentia
3102 5034 3241 5107 verbi
3270 5047 3483 5107 sensum
3509 5048 3689 5100 perce-

2109 5101 2267 5177 pisse.
2318 5103 2587 5158 Fortassis
2619 5121 2734 5158 uero
2781 5121 2934 5157 suum
2966 5119 3027 5156 ac
3059 5103 3241 5172 sponsi
3293 5101 3464 5155 cubile
3497 5118 3686 5172 corpus

2112 5175 2435 5231 subindicat.
2465 5175 2523 5228 in
2549 5190 2651 5231 auo
2684 5175 2856 5231 adhuc
2885 5174 3060 5231 attenti
3091 5173 3285 5227 anime
3331 5170 3484 5225 Verbi
3537 5188 3684 5225 cont-

2112 5187 2435 5238 subinaicat,
2465 5192 2523 5228 in
2549 5190 2651 5238 quo
2684 5187 2856 5231 adhuc
2885 5187 3060 5238 agenti
3091 5188 3285 5227 anime
3334 5187 3484 5225 veros
3537 5188 3684 5225 cont-

2112 5189 2435 5238 suomaicat,
2465 5192 2523 5228 in
2549 5190 2651 5243 quo
2684 5189 2856 5231 adhuc
2885 5189 3060 5243 agenti
3091 5189 3285 5227 anime
3334 5189 3484 5225 veros
3537 5189 3684 5225 cont-

2110 5245 2399 5302 municatio
2422 5246 2751 5315 impertitur.
2770 5244 2915 5299 Dicit
2943 5244 3106 5315 igitur
3132 5242 3335 5298 Paulus
3359 5257 3379 5297 :
3403 5260 3425 5315 ρ
3447 5242 3686 5310 Corpora

2110 5326 2280 5369 vestra
2302 5310 2533 5368 membra
2556 5313 2755 5369 Christi
2786 5323 2930 5369 sunt.
2955 5310 2978 5364 ἱ
3001 5310 3133 5367 Cum
3160 5322 3336 5366 autem
3360 5312 3470 5366 ait:
3489 5331 3507 5363 ι
3527 5327 3687 5365 mem-

2111 5386 2205 5438 bra
2232 5383 2449 5447 Christi,
2490 5402 2508 5433 ι
2542 5384 2771 5437 membra
2800 5384 2977 5451 sponsi
3015 5383 3164 5437 dicit.
3221 5382 3533 5435 Umbrosum
3564 5398 3683 5435 vero

2110 5454 2341 5524 appellat
2367 5469 2616 5524 sponsum
2649 5452 2711 5505 ob
2743 5448 3155 5524 condensitatem
3185 5467 3433 5524 sensuum
3461 5452 3552 5520 qui
3571 5467 3685 5524 ver-

2111 5522 2244 5577 bo'et
2276 5525 2552 5588 sapientia:
2594 5523 2790 5576 insunt.
2843 5522 2997 5586 Quod
3021 5522 3066 5575 si
3097 5522 3349 5575 ambobus
3392 5522 3683 5575 conmunis

2109 5592 2330 5646 lectulus
2379 5592 2624 5661 ﬂoridus,
2660 5592 2793 5645 nihil
2838 5592 3053 5657 mirum,
3093 5592 3272 5645 divina
3298 5594 3488 5645 virtute
3520 5592 3682 5644 etiam

2111 5665 2179 5715 ad
2210 5679 2398 5729 corpus
2425 5661 2676 5735 pcrvaden
2687 5671 2755 5725 te,
2787 5676 2988 5735 omnem
3008 5677 3126 5735 qua:
3151 5677 3242 5730 per
3262 5677 3452 5735 corpus
3477 5675 3681 5715 exerce-

2114 5743 2199 5789 lttt'
2230 5734 2582 5801 operationem
2619 5730 2806 5785 bonam
2840 5731 3090 5787 exhiberi.
