4134 6426
402 355 507 411 449

1759 352 1960 408 LIBER
2001 352 2319 409 TERTIUS.

3548 355 3667 409 Εἴθ’

407 475 514 530 mis
543 491 557 527 :
584 470 801 540 Operuit
829 477 1026 522 montes
1053 467 1231 522 umbra
1263 469 1400 536 ejus,
1433 478 1480 522 et
1517 470 1732 521 arbusta
1760 469 1874 535 ejus
1899 485 1983 522 ce-
2011 473 2056 525 A
2088 469 2210 522 tuit.
2235 466 2350 519 Non
2376 466 2518 520 enim
2545 463 2800 519 Salomon
2828 463 3016 517 habuit
3031 465 3238 534 absque
3256 467 3645 536 concupiscen-

406 563 531 617 dros
566 560 666 614 Dei
687 559 729 612 ⁸.
773 556 1065 610 Evidentcr
1098 556 1261 626 igitur
1290 571 1385 624 per
1417 555 1530 609 haec
1561 553 1796 610 Ecclesia
1823 555 1973 609 cedri

407 651 502 706 Dei
539 649 872 704 nominatur.
910 645 1046 699 Cum
1073 658 1202 714 ergo
1223 643 1353 697 dicit
1379 657 1614 712 sponsus
1641 660 1653 696 ς
1681 641 1847 711 Tigna
1880 645 1975 696 do-

406 755 613 796 morum
643 746 947 790 nasti-arum
975 733 1142 798 cedri,
1176 733 1472 802 intelligere
1497 731 1760 788 debemus
1782 731 1974 786 cedros

407 833 500 888 Dei
532 845 654 888 esse
693 843 790 884 eos
829 825 922 895 qui
967 822 1262 880 Ecclesiam
1297 830 1609 893 contegunt,
1641 831 1695 876 et
1726 837 1848 878 esse
1876 822 1976 876 ali-

407 938 542 994 quos
588 922 784 975 horum
835 916 1127 971 validiores
1177 913 1271 983 qui
1304 913 1483 968 trabes
1518 911 1877 981 appellantur.
1908 909 1975 962 Et

407 1024 540 1085 puto
583 1011 729 1082 quod
775 1006 1160 1063 convenienter
1199 1005 1255 1058 hi
1305 1003 1398 1073 qui
1436 1003 1805 1072 episcopatum
1840 1001 1974 1055 bene

409 1104 724 1160 ministrant
753 1100 807 1152 in
846 1095 1108 1161 Ecclesia,
1147 1095 1325 1149 trabes
1353 1093 1459 1148 dici
1495 1099 1740 1162 possunt,
1777 1090 1974 1160 quibus

407 1201 745 1252 sustentatur
773 1197 829 1243 ct
861 1187 1058 1257 tegitur
1101 1199 1262 1238 omne
1311 1183 1621 1248 :ediﬁcium,
1668 1182 1753 1236 vel
1784 1182 1851 1236 ab
1875 1181 1976 1236 im-

407 1280 587 1337 brium
621 1279 758 1343 labe,
793 1276 878 1330 vel
915 1274 982 1328 ab
1012 1273 1299 1328 ardoribus
1327 1272 1479 1326 solis.
1510 1270 1760 1326 Secundo
1793 1280 1970 1323 autem

411 1372 608 1426 borum
650 1369 769 1424 loco
816 1367 961 1436 tigna
997 1364 1340 1435 presbyteros
1367 1363 1561 1432 opinor
1587 1359 1843 1431 appellari
1872 1375 1889 1416 :
1921 1367 1975 1413 et

413 1463 594 1515 trabes
638 1457 854 1528 quidem
903 1455 1010 1510 dici
1051 1468 1361 1524 cypressos,
1396 1452 1596 1522 quibus
1625 1460 1680 1506 et
1709 1448 1973 1506 fortitudo

412 1549 708 1616 robustior,
752 1557 804 1602 et
855 1546 990 1601 odor
1018 1545 1305 1598 suavitatis
1349 1543 1508 1609 inest,
1544 1557 1639 1613 per
1669 1540 1816 1612 quod
1843 1540 1972 1594 etin

410 1642 667 1711 operibus
693 1639 951 1704 solidum,
981 1645 1035 1692 et
1062 1636 1116 1690 in
1149 1634 1412 1690 doctrina:
1437 1633 1613 1706 gratia
1641 1631 1972 1702 fragrantem

406 1731 655 1802 designat
683 1731 791 1802 70
831 1729 1168 1798 episcopum.
1212 1725 1473 1779 Similiter
1507 1735 1689 1777 autem
1730 1730 1784 1776 et
1825 1721 1972 1790 tigna

2085 561 2158 613 tia
2191 558 2316 622 viri,
2365 565 2421 610 et
2465 555 2756 611 concubitu
2810 555 3055 609 mulieris
3116 556 3539 615 immaculatum.
3591 569 3646 613 et

2053 649 2218 704 ‘nulli
2265 663 2490 718 prorsus
2539 658 2762 716 peccato
2815 645 3104 700 obnoxiam
3160 660 3403 702 carnem.
3443 648 3550 702 Sed
3589 656 3656 703 et-

2051 755 2304 797 causam
2347 754 2444 793 cur
2488 739 2537 794 is
2582 740 2676 808 qui
2716 739 2769 792 in
2819 752 3012 806 campo
3047 736 3145 790 llos
3186 735 3380 803 fuerat,
3417 739 3660 792 voluerit:

2076 844 2199 885 esse
2233 828 2289 882 in
2318 827 2658 882 convallibus
2690 827 2885 890 lilium,
2925 827 3137 880 videtur
3161 827 3464 880 ostendere.
3503 827 3656 880 Cum.

2073 922 2219 976 enim
2265 920 2437 974 multo
2473 929 2713 988 tempore
2741 916 2841 972 llos
2889 916 3080 972 fuisset
3106 918 3160 970 in
3185 931 3397 986 campo,
3430 915 3639 970 nullum

2075 1011 2211 1066 dicit
2237 1024 2304 1064 ex
2339 1010 2459 1078 ipso
2495 1023 2687 1076 campo
2727 1007 2912 1061 florem
2950 1007 3017 1060 ad
3065 1007 3416 1060 imitationem
3457 1007 3543 1060 sui
3577 1022 3643 1061 ac

2076 1099 2492 1156 similitudinem
2540 1098 2892 1168 processisse.
2944 1095 3046 1150 Ubi
3087 1111 3216 1151 vero
3255 1096 3433 1152 faetus
3467 1103 3552 1151 est
3584 1096 3638 1149 in

2073 1190 2410 1246 convallibus
2442 1190 2637 1253 lilium,
2664 1187 2924 1244 continuo
2953 1186 3114 1240 etiam
3139 1187 3365 1242 edicitur
3394 1187 3639 1257 proxima

2072 1279 2194 1348 ejus
2243 1278 2544 1333 imitatione
2588 1279 2760 1348 ipsius
2808 1279 2980 1333 lilium
3020 1297 3032 1332 :
3071 1287 3130 1332 ut
3178 1291 3355 1347 Operae
3401 1278 3638 1348 pretium

2075 1369 2260 1433 fuerit,
2294 1370 2552 1439 quoniam
2585 1369 2702 1439 ipse
2733 1369 2957 1424 effectus
3001 1378 3088 1423 est
3130 1369 3323 1435 lilium,
3378 1378 3436 1421 ut
3477 1367 3638 1422 etiam

2072 1460 2321 1531 proxima
2351 1459 2491 1529 ejus,
2526 1460 2578 1515 id
2607 1472 2692 1515 est
2726 1473 3068 1529 unaquaeque
3097 1460 3276 1513 anima
3312 1473 3434 1528 qua:
3463 1459 3513 1512 ei
3546 1473 3637 1527 ap-

2072 1550 2349 1618 proximat
2375 1558 2429 1603 et
2459 1551 2767 1618 exemplum
2815 1551 2935 1620 ejus
2974 1549 3448 1618 imitationemque
3469 1557 3639 1603 secta:

2074 1646 2185 1704 tur,
2210 1639 2383 1694 lilium
2409 1640 2523 1694 tiat.
2555 1638 2709 1705 Quod
2738 1655 2870 1710 ergo
2910 1641 2988 1694 ait
3015 1657 3027 1692 :
3061 1638 3212 1694 Sicut
3242 1639 3411 1692 lilium
3445 1640 3499 1690 in
3537 1653 3619 1691 me

2073 1730 2164 1784 dio
2193 1730 2488 1798 spinarum,
2535 1729 2614 1782 ita
2656 1733 2898 1798 proxima
2937 1746 3053 1784 mea
3095 1733 3152 1782 iu
3183 1731 3354 1784 medio
3384 1721 3654 1798 ﬁliarum,

405 1792 599 1876 ecdrbs
629 1792 922 1890 appellavit
947 1792 1127 1885 utpar
1155 1817 1258 1870 hoc
1291 1813 1716 1883 incorruptionis
1757 1811 1974 1867 virtutis
2005 1792 2048 1847 Β
2075 1792 2405 1889 accipiemus
2436 1792 2502 1875 de
2532 1792 2774 1876 Ecclesia
2803 1821 2914 1892 (65)
2947 1823 3189 1892 gentium
3217 1822 3357 1886 dici;
3384 1792 3534 1890 quod
3560 1792 3653 1874 vel

404 1922 458 1966 et
483 1911 669 1966 odoris
707 1909 945 1965 scientiae
983 1907 1186 1961 Christi
1219 1906 1414 1976 plenos
1442 1905 1752 1976 designaret
1780 1905 1976 1971 debere

405 2018 528 2057 esse
557 2003 921 2071 presbyteros.

479 2090 613 2160 Cap.
642 2089 709 2147 ll.
749 2089 904 2144 Vers.
935 2090 984 2158 Ι,
1008 2090 1062 2144 2.
1110 2088 1222 2160 Ego
1253 2089 1351 2157 ﬂos
1381 2089 1553 2159 campi
1585 2097 1633 2143 et
1663 2089 1835 2142 lilium
1859 2085 1972 2159 (62)

405 2181 722 2235 convallium
743 2198 761 2234 :
786 2181 918 2234 sicut
953 2181 1127 2234 lilium
1157 2181 1213 2234 iu
1237 2180 1406 2234 medio
1430 2180 1725 2250 spinarum,
1755 2182 1832 2235 ita
1849 2197 1974 2250 pro-

401 2273 548 2325 xima
581 2288 694 2325 mea
734 2272 785 2324 in
820 2272 988 2325 medio
1026 2271 1284 2340 ﬁliarum.
1341 2268 1466 2325 Haec
1522 2269 1612 2326 ille
1666 2272 1758 2340 qui
1805 2286 1970 2341 spon-

403 2375 498 2414 sus
523 2368 576 2413 et
607 2359 841 2413 Verbum
867 2367 921 2413 et
944 2359 1206 2431 sapientia
1231 2366 1337 2423 est,
1372 2356 1441 2411 dc
1481 2360 1771 2429 semetipso
1809 2367 1863 2413 et
1905 2359 1973 2414 de

403 2467 600 2520 sponsa
626 2450 692 2504 ad
715 2451 920 2504 amicos
940 2466 1004 2505 ac
1029 2448 1245 2506 sodales
1266 2467 1396 2506 suos
1426 2452 1572 2521 loqui
1599 2451 1830 2506 videtur.
1865 2449 1973 2505 Sed

403 2541 700 2596 secundum
726 2540 1013 2608 pr0positac
1045 2541 1402 2608 expositionis
1444 2543 1692 2596 ordinem
1719 2540 1974 2596 Christus

403 2629 518 2685 haec
558 2631 624 2684 de
666 2629 906 2684 Ecclesia
940 2630 1086 2698 loqui
1116 2630 1496 2700 intelligendus
1524 2640 1627 2696 est,
1660 2638 1714 2686 et
1744 2631 1858 2699 ipse
1888 2631 1973 2684 di-

402 2735 524 2774 cere
573 2734 633 2773 se
679 2718 864 2772 ﬂorem
917 2733 1039 2773 esse
1092 2719 1270 2786 campi
1317 2727 1372 2773 et
1415 2719 1587 2773 lilium
1621 2720 1968 2775 convallium.

401 2808 640 2875 Campus
672 2807 924 2876 planities
954 2816 1111 2861 terrm
1137 2807 1356 2872 dicitur,
1392 2809 1480 2862 cui
1506 2809 1716 2871 cultura
1748 2809 1972 2864 adhibe-

403 2906 492 2950 tur
514 2905 566 2950 et
587 2896 854 2950 excolitur
904 2895 972 2950 ab
1006 2896 1274 2967 agricolis.
1301 2897 1585 2953 Convalles
1610 2912 1738 2952 vero
1772 2914 1970 2954 saxosa

402 2987 574 3055 magis
613 2996 666 3041 et
697 2986 902 3041 inculta
937 2987 1180 3042 indicant
1208 2988 1345 3042 loca.
1377 2988 1680 3044 Possumus
1709 2999 1888 3044 autem
1916 3002 1969 3045 et

2073 1929 2104 1969 e
2133 1912 2313 1968 medio
2339 1911 2636 1967 infidelium
2662 1922 2716 1965 ct
2741 1927 2850 1966 non
2877 1912 3233 1975 credemium,
3263 1911 3418 1980 quasi
3444 1925 3509 1964 ex
3533 1910 3648 1980 spia

2072 2003 2160 2058 nis
2188 2002 2493 2066 emerserit,
2527 2002 2608 2057 vel
2641 2016 2742 2072 pro
2777 2003 3154 2058 haereticorum
3186 2001 3649 2067 circumstrepen-i

2073 2093 2210 2149 tium
2234 2107 2294 2148 se
2316 2092 2590 2148 morsibus
2614 2093 2670 2147 in
2697 2093 2878 2148 medio
2899 2093 3180 2163 spinarum
3205 2092 3382 2162 posita
3409 2090 3641 2145 dicatur.

2073 2182 2230 2251 Quod
2265 2191 2319 2238 et
2349 2183 2524 2254 magis
2571 2183 2843 2238 videbitur
2888 2183 3186 2240 verisimile
3232 2198 3334 2252 pro
3383 2196 3450 2236 eo
3495 2181 3645 2255 (ἱμοὰ

2072 2273 2206 2328 dicit
2229 2291 2242 2326 :
2265 2270 2353 2326 Ita
2373 2274 2618 2342 proxima
2643 2289 2757 2326 mea
2785 2273 2840 2325 iu
2864 2273 3033 2326 medio
3060 2271 3317 2340 ﬁliarum.
3355 2269 3470 2325 Non
3495 2270 3644 2325 enim

2072 2361 2212 2418 ﬁlias
2231 2364 2554 2433 appellasset
2578 2364 2954 2427 illasanimas,
2979 2377 3099 2433 quae.
3119 2376 3396 2432 nunquam
3418 2361 3648 2416 omnino

2071 2462 2336 2508 venerunt
2367 2454 2434 2508 ad
2455 2454 2808 2508 credendum.
2833 2453 3036 2507 Omnes
3058 2467 3186 2521 ergo
3209 2451 3443 2506 haeretici
3466 2451 3656 2520 primo-

2073 2542 2140 2597 ad
2173 2542 2550 2598 credulitatem
2579 2543 2824 2608 veniunt,
2847 2551 2904 2597 et
2923 2553 3046 2612 post
3068 2542 3182 2595 haec
3201 2543 3270 2596 ab
3296 2542 3490 2594 itinere
3519 2541 3642 2596 fidei

2072 2644 2126 2691 et
2145 2634 2456 2703 dogmatum
2478 2633 2707 2688 veritate
2727 2633 2824 2687 Dei
2842 2633 3135 2688 declinant.
3160 2632 3312 2686 Sicut
3331 2639 3391 2684 ει·
3409 2629 3646 2684 Joannes

2073 2722 2350 2792 apostolus
2387 2721 2437 2774 in
2475 2720 2714 2790 Epistola
2749 2735 2848 2776 sua
2875 2720 3006 2775 dicit
3040 2738 3054 2774 :
3102 2719 3207 2784 Qui
3244 2736 3276 2771 a
3316 2718 3464 2771 nobis
3502 2719 3646 2770 exie-

2072 2821 2216 2874 runt,
2241 2809 2329 2864 sed
2357 2825 2458 2863 non
2491 2818 2646 2864 erant
2674 2826 2739 2864 ea:
2763 2810 2931 2863 nobis.
2964 2808 3108 2861 Nam
3131 2808 3178 2861 si
3213 2809 3435 2876 fuissent
3455 2822 3520 2862 ea:
3552 2821 3646 2859 ηοω

2071 2899 2171 2966 bis,
2196 2901 2602 2968 permansisseut
2631 2901 2810 2969 utique
2838 2901 3108 2954 nobiscum
3127 2900 3192 2952 ιο.
3221 2897 3524 2954 Possumus
3550 2913 3647 2950 au-

2070 2996 2178 3041 tem
2202 2995 2257 3042 et
2281 2987 2347 3041 ad
2375 3002 2818 3056 unamquamque
2837 2988 3074 3042 animam
3102 2986 3156 3040 id
3175 2984 3664 3048 referentes,-huic'

402 3092 654 3167 campum
681 3077 833 3132 illum
860 3079 1158 3148 intelligere
1198 3081 1453 3150 populum
1493 3082 1584 3151 qui
1614 3096 1712 3151 per
1737 3083 1970 3152 prophe-
1995 3105 2042 3167 ε
2072 3077 2289 3167 quidem
2313 3077 2516 3167 anima:
2548 3092 2669 3147 qua?
2696 3092 2797 3146 pro
2827 3077 3171 3146 simplicitate
3204 3076 3292 3132 sui
3317 3085 3372 3130 ct
3400 3075 3644 3167 planitie,

400 3176 482 3219 tas
516 3166 795 3220 colebatur
832 3176 884 3222 et
910 3167 1120 3238 legem;
1146 3171 1446 3226 convallem
1480 3186 1610 3226 vero
1635 3188 1890 3227 saxorum
1915 3181 1971 3228 et

399 3257 660 3311 incultum
693 3258 932 3328 gentium
979 3259 1181 3316 locum.
1219 3260 1465 3330 Sponsus
1510 3278 1638 3333 ergo
1661 3263 1751 3318 hic
1783 3264 1837 3318 in
1871 3261 1970 3319 Ju-

396 3347 637 3402 dzcorum
671 3349 870 3417 populo
901 3349 1003 3405 llos
1033 3349 1133 3404 fuit
1159 3369 1172 3404 :
1202 3352 1293 3406 sed
1317 3351 1575 3422 quoniam
1604 3354 1875 3408 neminem
1900 3353 1966 3408 ad

397 3435 695 3505 perfectum
734 3437 961 3494 adduxit
1009 3439 1117 3505 lex,
1170 3439 1374 3494 idcirco
1424 3440 1480 3494 in
1505 3439 1597 3494 illo
1642 3457 1750 3496 non
1793 3442 1969 3510 potuit

398 3523 633 3580 Verbum
661 3523 755 3580 Dei
787 3526 851 3582 ad
888 3527 1073 3582 florem
1103 3528 1384 3600 proficere,
1417 3538 1471 3586 et
1491 3531 1560 3585 ad
1580 3530 1962 3600 perfectionem

395 3611 669 3667 fructuum
713 3617 1014 3684 pervenire.
1067 3616 1124 3672 ln
1181 3618 1284 3673 ista
1338 3628 1517 3676 tamen
1567 3622 1812 3676 convalle
1845 3637 1966 3692 gen-

395 3706 532 3758 tium
576 3705 800 3759 effectus
842 3715 926 3762 est
961 3707 1154 3776 lilium,
1197 3712 1501 3780 cuiusmodi
1543 3722 1721 3768 autem
1756 3712 1968 3766 lilium?

396 3793 526 3848 Tale
557 3793 674 3848 sine
716 3795 881 3849 dubio
931 3798 1093 3866 quale
1137 3807 1190 3852 et
1241 3801 1356 3868 ipse
1406 3801 1460 3854 in
1497 3800 1804 3871 Evangeliis
1837 3801 1969 3855 dicit

392 3884 537 3952 quod
569 3883 727 3939 Pater
769 3887 1012 3942 caelestis
1061 3888 1241 3943 vestit.
1286 3889 1390 3944 Et:
1421 3891 1600 3959 Neque
1631 3890 1880 3944 Salomon
1913 3891 1967 3942 in

392 3974 536 4026 omni
568 3973 739 4042 gloria
771 3991 870 4028 sua
913 3976 1130 4030 indutus
1177 3988 1256 4031 est
1299 3980 1435 4032 sicut
1480 3995 1642 4032 unum
1677 3995 1742 4033 ea;
1773 3980 1892 4035 istis
1921 3979 1963 4033 ’.

395 4063 480 4116 Fit
509 4077 638 4133 ergo
661 4064 836 4118 lilium
869 4065 924 4119 in
955 4067 1057 4120 hac
1085 4069 1330 4124 convalle
1353 4084 1612 4138 sponsus,
1644 4071 1699 4124 in
1725 4085 1791 4125 eo
1821 4070 1966 4139 quod

392 4155 612 4209 vestivit
651 4171 774 4210 eum
817 4155 976 4211 Pater
1006 4160 1242 4214 cmlcstis
1289 4160 1380 4214 tali
1421 4161 1746 4217 vestimento
1786 4162 1968 4216 carnis

390 4246 552 4314 quale
585 4261 686 4302 nec
719 4245 978 4303 Salomon
1015 4249 1068 4303 in
1114 4251 1264 4305 omni
1295 4251 1467 4321 gloria
1513 4268 1611 4308 sua
1647 4253 1848 4308 habere
1876 4265 1970 4322 po-

2072 3166 2155 3221 vel
2183 3166 2438 3236 azquitate
2455 3181 2683 3236 campus
2701 3167 2807 3221 dici
2835 3176 3036 3237 potest,
3057 3167 3243 3224 ﬂorem
3266 3167 3383 3222 fieri
3407 3166 3666 3221 Verbum'

2077 3256 2189 3321 Dei,
2220 3263 2274 3323 et
2301 3255 2457 3310 initia
2481 3256 2747 3311 bonorum
2775 3271 3004 3325 operum
3031 3259 3246 3314 docere.
3271 3257 3528 3313 ﬂis’vcro
3549 3257 3643 3327 qui

2070 3345 2423 3416 profundiora
2442 3348 2554 3417 jam
2581 3355 2853 3415 quaerunt,
2875 3356 2929 3403 et
2949 3348 3282 3410 demersiora
3305 3356 3642 3414 scrutantur,

2071 3439 2229 3508 quasi
2260 3439 2314 3493 in
2345 3439 2684 3494 convallibus
2717 3439 2800 3495 vel
2838 3455 2936 3509 pro
2967 3439 3215 3496 claritate
3242 3439 3531 3509 pudicitiae,
3562 3440 3647 3493 vel

2071 3544 2170 3598 pro
2196 3527 2406 3599 fulgore
2435 3531 2714 3598 sapientiae
2738 3529 2966 3586 efﬁcitur
2997 3530 3190 3596 lilium,
3221 3539 3280 3584 ut
3309 3538 3362 3584 et
3388 3530 3488 3597 ipsi
3515 3533 3647 3582 tiant

2074 3617 2184 3673 lilia
2206 3619 2545 3687 erumpentia
2565 3619 2630 3673 de
2657 3620 2834 3673 medio
2860 3620 3162 3688 spinarum.
3194 3619 3246 3673 id
3269 3626 3354 3673 est
3375 3617 3645 3686 fugientes

2072 3707 2424 3778 cogitationes
2461 3716 2518 3763 et
2555 3708 2952 3763 sollicitudines
2990 3709 3278 3764 saeculares
3321 3708 3642 3778 quicspiuis

2072 3798 2125 3851 in
2161 3797 2450 3867 Evangelio
2481 3809 2808 3868 comparatae
2836 3807 2983 3852 sunt.

2139 3884 2295 3941 Vers.
2328 3888 2381 3940 5.
2426 3886 2578 3941 Sicut
2610 3888 2769 3940 arbor
2806 3889 2937 3940 mali
2984 3889 3120 3941 inter
3163 3888 3308 3957 ligna
3349 3887 3515 3951 silvaz,
3563 3888 3640 3940 ita

2070 3978 2335 4046 fraternus
2359 3993 2501 4032 meus
2527 3979 2664 4032 inter
2689 3979 2919 4032 medium
2942 3979 3198 4047 ﬁliorum.
3228 3977 3295 4031 In
3319 3977 3503 4032 umbra
3526 3979 3640 4046 ejus

2068 4069 2340 4138 concupiui
2371 4077 2420 4122 et
2450 4070 2582 4136 sedi,
2617 4079 2665 4124 et
2711 4069 2914 4139 fructus
2945 4071 3059 4139 ejus
3097 4070 3269 4125 dulcis
3306 4071 3359 4123 in
3401 4071 3641 4140 faucibus

2071 4160 2216 4213 meis.
2253 4160 2441 4215 Decuit
2461 4161 2678 4229 quidem
2703 4177 2960 4230 sponsum
2977 4170 3032 4216 et
3052 4162 3119 4216 de
3134 4162 3424 4230 semetipso
3441 4161 3638 4225 dicere,

2071 4251 2202 4322 quid
2222 4259 2368 4306 esset
2389 4251 2441 4304 in
2463 4266 2678 4319 campo,
2699 4252 2828 4321 quid
2851 4252 3016 4305 etiam
3037 4251 3089 4303 in
3111 4250 3480 4315 convallibus;
3501 4251 3642 4305 etde

461 4385 482 4415 ³
505 4383 649 4441 Psal.
675 4402 839 4454 un,
873 4386 959 4442 10.
1036 4387 1260 4444 'Mattb.
1291 4407 1368 4457 vt,
1393 4391 1484 4448 ‘29.
1563 4392 1604 4424 ¹⁰
1643 4390 1842 4450 lJoan.
1868 4408 1930 4461 ll,
1959 4391 2055 4448 19..

463 4501 748 4596 (_6A2Lf.lgs
770 4508 1711 4596 campiustliligum,clampre-copias
1739 4511 1967 4596 “Gnaeus
1996 4515 2042 4571 Ι)
2069 4521 2238 4578 vocat,
2267 4512 2405 4594 quod
2435 4511 2490 4596 in
2521 4511 2606 4565 ria
2627 4519 2703 4596 est
2733 4519 2787 4563 ut
2823 4511 2917 4592 ﬁat
2953 4511 3176 4596 fructus.
3222 4511 3440 4596 Verbum
3463 4517 3638 4596 itaque

391 4571 536 4649 hunc
559 4571 738 4649 locum
764 4591 831 4649 ex
849 4571 1416 4649 Qi-igene_sicge’_xponit
1443 4598 1456 4634 :
1492 4571 1632 4649 Ἐτῖυ
1653 4581 1836 4647 ἄνθος
1857 4581 1964 4634 τοῦ

389 4641 620 4720 πεδίεε.
659 4643 854 4720 ’.ξνοοί
871 4641 1018 4713 λέιῖει
1047 4646 1111 4720 rb
1139 4641 1320 4720 665ro
1349 4649 1522 4720 ὲπὶίτὸ
1544 4641 1963 4720 Ῠενέσθαίκᾳρ-

388 4709 508 4788 τούς.
548 4711 636 4788 ’Ev
667 4709 758 4765 οὖν
788 4713 864 4788 τῷ
899 4709 1159 4788 περιγείῳ
1187 4718 1337 4788 τόπῳ
1367 4719 1533 4788 πεδίῳ
1556 4709 1782 4788 ’ῥηθέντι
1806 4709 1966 4782 ἄνθ’ος

387 4779 606 4859 seclud
629 4779 863 4859 νυμφίρξ
893 4779 1061 4853 Adire;
1094 4779 1337 4859 (Sermo;
1371 4779 1770 4859 frangendum,
1795 4779 1962 4842 "Orav

388 4847 496 4918 γὰρ
522 4848 648 4921 ἔλθῃ
674 4847 734 4903 τὸ
754 4847 990 4916 λιέλειονζ
1019 4847 1400 4923 μετσξὸιῦιεῖτὸ
1432 4847 1589 4938 avde;
1618 4859 1697 4921 εἰς
1713 4857 1786 4937 ,τὸ
1815 4861 1966 4925 γενέ-

391 4915 524 4995 ςθαι.
541 4921 790 4995 ιςαρπᾴςη
810 4922 918 4995 Kal
945 4925 1077 4995 ius).
1105 4925 1366 4995 μὴςπλέον
1388 4944 1623 4995 χωρουσι
1649 4944 1741 4979 του
1771 4927 1844 4990 ὡς
1869 4927 1963 4983 ἇν-

391 4936 512 4969 συαι
541 4936 769 4990 καρπος.
810 4936 918 4974 nat
945 4936 1068 4976 επεὶ
1105 4936 1178 4995 μη
1207 4936 1366 4978 πλέον
1388 4936 1623 4997 χωροῦσι
1649 4944 1741 4979 του
1771 4936 1844 4990 ὼς
1869 4936 1963 4983 dv-

388 4985 481 5067 ροξ
509 4986 666 5067 λόγῳ
711 4991 818 5067 ἐπ).-
834 4991 935 5060 γῆς
956 5031 978 5067 ,_
993 4993 1094 5067 _6ra
1119 4992 1278 5067 τρῦτο
1307 4995 1526 5067 γέγενεμν
1553 5000 1581 5050 ὁ
1619 4996 1850 5066 νυμφίος
1887 4997 1963 5067 ᾡς

567 5057 679 5150 τοῦ1
699 5054 928 5150 πξβίόυ
965 5062 1215 5150 ’ραιίτξν
1385 5054 1703 5150 exercuere;
1722 5054 1965 5150 ,ἀορξβὴῇ

385 5122 609 5205 δσύβου
622 5128 865 5205 κλαϐξὶης,
897 5130 1032 5205 πρὸς
1060 5131 1120 5205 rb
1145 5122 1432 5205 δννὴθῆναι
1467 5135 1564 5203 τὴν
1600 5122 1756 5200 δόξαῖθ
1795 5122 1962 5188 ἆῦτὸῦ

391 5194 526 5260 μετὰ
550 5195 720 5274 ruﬁ-ra
754 5194 1050 5274 Oeasaéda;
1081 5203 1248 5274 ἡμᾶςἸ
1263 5194 1500 5274 ’Μῆποτε
1521 5194 1584 5274 ’δὲ
1610 5194 1721 5266 rei;
1753 5205 1850 5274 μὲν
1874 5206 1958 5274 εὐ-

387 5265 726 5334 γενεστέροις
754 5269 848 5320 καὶ
869 5265 1330 5338 ὁμαλέσι”πεδίοις
1351 5265 1438 5326 ὀνο
1485 5265 1768 5343 αζομένόιξ
1802 5273 1961 5338 ἄνθος

387 5331 526 5393 ἐστὶ,
562 5338 672 5394 τοῖς
691 5335 749 5388 δὲ
773 5337 976 5392 τούτων
1010 5341 1338 5394 κατωτέοοις
1372 5291 1811 5394 καζικοιλοτέοοις
1841 5343 1960 5394 κοι-

387 5331 672 5414 ὲστὶ,ητόξς
691 5335 749 5388 δὲ
773 5331 976 5414 τρύτίυγ
1010 5331 1338 5414 κατωτέροιξ
1372 5331 1811 5414 κᾳῖγκόιὶὶοτςέρόις
1841 5331 1960 5414 κρίξ

387 5415 495 5484 νῖν·
523 5401 572 5478 ΞΓ
575 5401 714 5484 2‘13?“
746 5407 922 5484 φῄσας
949 5410 977 5458 ὁ
1002 5401 1236 5484 νυμφίοέ
1255 5401 1587 5484 τιάραδάλλει
1613 5401 1712 5480 τὴκῖ
1733 5401 1956 5484 eius?”

386 5471 1096 5551 advolantem:Obya'rpdtat',
1123 5471 1481 5551 '1aic__).o'tm‘l;
1510 5471 1727 5551 ψυχαῖς,
1757 5471 1955 5551 αἴὲινές

388 5538 779 5623 εἰρινκᾶκεξνθαι
807 5538 1502 5623 ’ἱάύτῂὶτιάραβαλλρμενᾳῇ
1523 5538 1788 5623 ’Τᾶαῧὲαι
1815 5550 1871 5623 δὲ
1896 5538 1950 5604 αξ

390 5605 851 5699 ἑῆῂῖἱλῖἓσίέἵλτῖδ
885 5605 1339 5699 Maestus?!"
1368 5623 1405 5699 ἠ
1429 5621 1483 5673 δὲ
1514 5619 1949 5699 πλησὲονλερίνον

391 5679 447 5726 ἐν
478 5677 629 5747 μέσῳ
658 5677 965 5751 διαλάμποῆ
990 5677 1186 5741 abstini.
1216 5677 1328 5758 'Ego
1367 5677 1464 5758 [los
1508 5677 1696 5758 cunipi.
1740 5677 1945 5746 Flore»:

2070 4535 2238 4578 vocat,
2267 4535 2404 4582 quoa
2438 4535 2490 4565 ut
2521 4535 2606 4565 ιἰιι
2627 4535 2702 4564 εει
2733 4535 2786 4563 ιιι
2823 4535 2917 4580 [tm
2953 4535 3176 4579 pactus.
3225 4535 3440 4568 remum
3463 4535 3537 4570 ua
3577 4536 3636 4573 ue

2070 4597 2311 4655 sponsus,
2341 4583 2407 4655 in!
2429 4591 2632 4655 terreno
2660 4579 2773 4655 loco
2802 4582 2891 4649 qui
2921 4595 3133 4655 campus
3170 4595 3517 4655 nuncupatur,
3537 4535 3636 4655 ᾖσε

2067 4662 2144 4706 est
2168 4652 2212 4725 si
2239 4667 2356 4704 cum
2380 4651 2575 4717 futuris
2606 4652 2928 4725 conferatur.
2956 4649 3086 4725 Cum
3111 4651 3246 4702 enim
3279 4649 3470 4725 renerit
3501 4649 3637 4725 quod

2067 4721 2466 4794 perfectun‘test,
2499 4721 2788 4794 mutabitur
2817 4720 2915 4786 ﬂos
2942 4730 3000 4794 ut
3033 4719 3236 4786 [ructus
3261 4723 3379 4787 ﬁat.
3417 4723 3482 4775 Et
3511 4719 3637 4794 quin

2069 4788 2170 4844 non
2201 4788 2427 4858 amplius
2467 4789 2679 4860 capiunt
2712 4805 2868 4857 quam
2898 4790 3102 4860 verbum
3131 4800 3389 4858 quatenus
3426 4788 3536 4860 μοι’
3560 4805 3636 4848 est

2066 4875 2220 4927 super
2243 4869 2458 4923 terram,
2480 4858 2676 4910 idcirco
2700 4873 2918 4925 sponsus
2945 4867 2998 4909 ut
3022 4859 3119 4926 ﬂos
3145 4863 3314 4928 campi
3340 4858 3512 4928 factus
3527 4877 3636 4918 est:

2065 4945 2190 4982 nam
2219 4947 2236 4979 ι
2267 4929 2493 4996 seipsum
2521 4928 2808 5001 exinauivit
2863 4927 3089 4996 formam
3133 4927 3585 5001 scrviabcipiens,
3611 4954 3630 4983 ι

2067 5008 2123 5050 ut
2154 5014 2246 5051 nos
2271 5007 2449 5066 postea
2479 4996 2702 5066 gloriam
2730 4997 2842 5065 ejus
2869 5013 3212 5052 cerucremus.
3238 4996 3543 5056 Forte'vero
3568 5005 3635 5055 iis

2066 5068 2156 5136 qui
2179 5068 2344 5136 magis
2367 5067 2578 5137 ingenui
2601 5076 2718 5120 sunt
2749 5082 2810 5118 ac
2831 5067 3055 5135 arquales
3082 5069 3254 5135 campi
3277 5070 3633 5137 appellantur,

2067 5137 2166 5204 ﬂos
2201 5137 2408 5190 exsistit
2431 5136 2596 5206 {illis
2629 5153 2744 5206 vero
2769 5139 2858 5206 qui
2887 5147 3008 5188 sunt
3040 5137 3158 5190 istis
3187 5136 3534 5206 depressiora
3571 5157 3635 5192 uc

2070 5207 2235 5276 magis
2274 5207 2408 5276 cari,
2441 5205 2636 5276 lilium.
2670 5204 2794 5260 [huc
2820 5205 3026 5259 locutus
3056 5204 3298 5276 sponsus,
3319 5210 3632 5276 proximam

2069 5275 2220 5328 suam
2251 5275 2463 5345 reliquis
2492 5275 2704 5343 ﬁliabus
2746 5284 3016 5345 comparat
3063 5275 3208 5344 (aliis
3243 5275 3474 5328 videlicet
3507 5277 3618 5328 ani-

2067 5343 2406 5413 mabus)qute
2426 5355 2544 5397 sunt
2576 5346 2741 5414 spina:
2765 5343 2972 5412 quando
2996 5343 3115 5396 cum
3141 5345 3239 5395 hac
3264 5345 3624 5412 conferuntur.
3675 5391 3680 5406 λ

2068 5414 2223 5470 Tales
2253 5415 2414 5483 igitur
2441 5416 2631 5469 animm
2669 5425 2810 5474 sunt,
2834 5429 2949 5481 quae
2970 5429 3077 5483 non
3101 5422 3219 5466 sunt
3249 5416 3424 5480 sponsi
3447 5419 3627 5482 proxi-

2061 5500 2159 5538 ma:
2175 5501 2194 5548 ;
2219 5480 2336 5554 quae
2363 5494 2538 5538 autem
2567 5484 2808 5551 proxima
2831 5480 2928 5546 est,
2958 5480 3132 5533 lilium
3159 5490 3234 5534 est
3269 5480 3494 5539 candore
3521 5486 3626 5538 tui-

2057 5569 2183 5607 cans
2213 5555 2266 5606 in
2298 5555 2464 5607 medio
2491 5570 2694 5607 earum.

2130 5623 2239 5693 (63)
2281 5621 2433 5688 Mss.,
2466 5623 2527 5676 dc
2556 5621 2814 5676 Ecclesia.
2847 5619 3009 5685 EtliL,
3047 5616 3361 5675 Ecclesium.
