4134 6434
333 348 438 404 I53

1685 347 1886 404 LIBER
1928 347 2244 407 TERTIUS.

3501 346 3604 403 154

335 472 531 520 sancto
560 471 843 536 permotus
887 464 1150 533 propheta
1181 465 1347 519 vitam
1378 465 1444 520 de
1485 467 1679 520 umbra
1719 465 1922 521 Christi
1955 475 1999 531 Α
2032 468 2230 522 habere
2261 468 2648 530 necessariam,
2694 476 2912 536 propter
2958 464 3107 518 illum
3148 464 3311 519 credo
3351 463 3602 517 ardorem

331 557 561 627 praeberi
593 556 844 626 gentibus
865 554 1018 621 dicit;
1041 565 1096 610 et
1121 555 1402 626 quomodo
1427 572 1536 610 non
1566 558 1734 610 vitam
1765 559 1920 613 nobis

331 649 569 718 praebeat
593 649 713 716 ejus
747 647 962 710 umbra,
995 662 1118 702 cum
1160 657 1214 702 et
1264 651 1318 702 in
1361 658 1625 718 conceptu
1675 650 1920 718 corporis

335 735 482 791 illius
527 737 596 791 ad
627 735 855 790 Mariam
891 736 1106 792 dicatur
1144 757 1157 792 :
1206 737 1440 806 Spiritus
1493 749 1710 793 sanctus
1755 740 1920 792 veniet

331 843 488 898 super
511 839 580 893 te,
612 838 662 883 et
698 831 867 884 virtus
901 830 1167 884 Altissimi
1208 831 1540 885 obumbrabit
1591 831 1687 885 tibi
1720 832 1793 885 “‘i
1861 832 1920 886 Si

331 937 459 993 ergo
484 923 834 978 obumbratio
852 923 957 980 fuit
982 924 1246 980 Altissimi
1276 927 1330 980 in
1370 935 1634 995 conceptu
1675 927 1920 996 corporis

331 1014 470 1082 ejus.
497 1016 690 1070 merito
704 1015 901 1070 umbra
925 1016 1046 1085 ejus
1069 1017 1235 1071 vitam
1260 1017 1512 1086 gentibus
1534 1018 1701 1073 dabit.
1728 1016 1791 1070 Et
1815 1032 1922 1072 me-

333 1103 438 1157 rito
461 1120 659 1174 sponsa
681 1106 803 1176 ejus
828 1105 1070 1161 Ecclesia
1090 1106 1194 1160 sub
1223 1107 1346 1161 meli
1375 1107 1566 1162 umbra
1584 1107 1772 1161 sedere
1789 1122 1921 1160 con-

331 1195 586 1263 cupiscit,
614 1196 733 1250 sine
761 1196 930 1250 dubio
960 1206 1018 1250 ut
1042 1197 1183 1260 vitaz,
1212 1213 1334 1265 quae
1371 1206 1455 1252 est
1474 1198 1526 1251 in
1565 1197 1683 1267 ejus
1703 1198 1917 1260 umbra,

332 1284 604 1353 particeps
629 1285 742 1339 ﬁat.
771 1285 1126 1356 Reliquorum
1157 1303 1285 1341 Vero
1316 1287 1588 1357 lignorum
1623 1287 1770 1342 silvae
1799 1303 1921 1340 um-

333 1374 432 1426 bra
459 1375 582 1430 talis
615 1384 719 1442 est,
747 1383 806 1430 ut
831 1377 925 1446 qui
956 1376 1157 1431 sederit
1189 1377 1292 1432 sub
1325 1377 1464 1446 ipsa,
1507 1379 1695 1432 sedere
1735 1377 1920 1431 videa-

338 1475 427 1519 tur
459 1465 512 1519 in
548 1467 765 1538 regione
796 1468 1004 1523 umbrae
1031 1469 1244 1531 mortis.
1276 1466 1381 1523 Sed
1431 1468 1612 1524 adhuc
1646 1477 1704 1523 ut
1740 1469 1919 1539 magis

335 1570 402 1608 ac
443 1557 613 1627 magis
636 1557 848 1626 planior
878 1559 1141 1612 reddatur
1168 1559 1320 1612 locus
1343 1557 1438 1626 qui
1469 1559 1697 1613 habetur
1729 1560 1783 1613 in
1816 1575 1924 1612 ma-

332 1648 516 1710 nibus,
555 1649 900 1719 requiramus
926 1650 1201 1720 quomodo
1251 1649 1544 1717 Apostolus
1570 1649 1714 1706 dicat
1747 1652 1918 1722 legem

331 1741 579 1795 umbram
611 1741 810 1796 habere
839 1741 1150 1796 futurorum
1189 1741 1458 1794 bonorum
1501 1741 1542 1771 ¹⁷
1569 1779 1584 1804 ,
1635 1754 1689 1795 et
1737 1743 1919 1797 omnia

2022 555 2177 620 solis,
2212 559 2304 625 qui
2336 571 2462 610 cum
2499 565 2723 610 exortus
2755 555 2934 620 fuerit,
2961 556 3221 609 continuo
3247 569 3429 610 semen
3455 556 3599 623 quod

2021 664 2130 702 non
2168 649 2276 702 alta
2307 649 2490 702 radice
2527 647 2835 701 demersum
2871 654 2985 710 est,
3021 646 3222 699 arescit
3270 659 3335 698 ac
3369 645 3599 714 deperit.

2024 737 2128 792 Sed
2156 738 2301 792 hunc
2331 738 2583 792 ardorem
2614 736 2846 789 tenuiter
2866 735 3082 802 quidem
3117 733 3248 804 legis
3272 734 3462 788 umbra
3488 749 3602 802 pro-

2022 831 2171 899 pellit
2207 848 2219 882 :
2251 828 2458 883 Christi
2490 842 2619 882 vero
2645 826 2842 880 umbra
2871 825 2924 879 in
2951 841 3056 896 qua
3091 841 3238 880 nunc
3264 825 3316 879 in
3353 826 3604 896 gentibus

2019 921 2278 986 vivimus,
2303 919 2356 972 id
2381 927 2466 973 est
2493 915 2888 971 incarnationis
2910 918 3030 986 ejus
3058 917 3189 971 fides
3207 957 3222 976 .
3268 925 3473 971 avertet
3504 933 3603 987 pe-

2021 1011 2172 1065 nitus
2207 1019 2262 1063 et
2314 1008 2639 1077 exstinguet.
2678 1006 2769 1060 Ille
2798 1007 2941 1060 enim
2988 1009 3081 1076 qui
3115 1009 3377 1063 adurebat
3412 1010 3606 1063 ambu-

2021 1101 2200 1156 lantes
2230 1100 2333 1155 sub
2366 1098 2559 1153 umbra
2595 1097 2749 1167 legis,
2785 1105 3031 1166 tempore
3061 1099 3332 1167 passionis
3375 1099 3601 1166 Christi,

2021 1191 2162 1246 sicut
2193 1188 2375 1259 fulgur
2405 1187 2558 1242 visus
2587 1193 2670 1241 est
2709 1186 2975 1240 cecidisse
3018 1186 3084 1240 de
3127 1189 3266 1242 coelo
3287 1229 3303 1254 ,
3353 1190 3604 1258 quamvis

2019 1281 2182 1336 etiam
2212 1279 2332 1348 ejus
2358 1277 2566 1332 umbrae
2593 1285 2806 1345 tempus
2834 1276 2886 1329 in
2913 1275 3018 1330 fine
3041 1271 3222 1331 saeculi
3247 1279 3601 1346 compleatur,

2020 1372 2171 1440 quia,
2205 1371 2352 1426 sicut
2378 1369 2652 1432 diximus,
2694 1375 2818 1438 post
2853 1369 3384 1423 consummationem
3421 1370 3604 1424 saeculi

2017 1460 2130 1530 jam
2162 1476 2268 1515 non
2301 1475 2398 1529 per
2427 1460 2730 1529 speculum,
2763 1473 2860 1514 nec
2884 1458 2936 1511 in
2967 1459 3253 1529 aenigmate
3277 1499 3292 1523 ,
3329 1459 3422 1512 sed
3467 1458 3606 1514 facie

2021 1549 2088 1603 ad
2121 1548 2312 1603 faciem
2343 1548 2650 1603 videbimus
2679 1547 2967 1601 veritatem
3007 1553 3072 1602 η.
3111 1549 3300 1602 Simile
3325 1563 3446 1604 esse
3472 1557 3604 1618 puto

2019 1648 2074 1694 et
2099 1639 2232 1693 illud
2261 1639 2408 1707 quod
2437 1639 2696 1708 scriptum
2723 1651 2805 1694 est
2841 1657 2856 1692 :
2894 1639 3001 1694 Sub
3030 1641 3218 1693 umbra
3242 1641 3454 1694 alarum
3485 1648 3608 1693 tua-

2021 1745 2140 1783 rum
2165 1728 2440 1782 exsultabo
2479 1730 2545 1782 ὀ.
2589 1729 2694 1783 Sed
2722 1737 2777 1783 et
2821 1730 2875 1782 in
2923 1731 3275 1800 sequentibus
3320 1731 3484 1800 hujus
3538 1731 3610 1784 Ii-

327 1841 452 1896 qute
475 1828 557 1882 vci
586 1829 654 1883 de
677 1829 874 1884 diebus
901 1828 1072 1893 festis,
1098 1827 1182 1881 vel
1209 1826 1474 1890 sabbatis,
1504 1827 1588 1882 vel
1617 1830 1919 1887 neomeniis
1953 1803 1993 1857 Β
2022 1821 2146 1876 belli
2177 1822 2249 1874 ita
2273 1820 2404 1875 dicit
2427 1835 2626 1889 sponsa
2661 1839 2674 1875 :
2725 1818 3020 1874 Fraternas
3057 1838 3201 1874 meus
3241 1821 3389 1885 mihi,
3427 1830 3478 1875 et
3513 1836 3608 1890 ego

327 1918 530 1987 scripta
549 1927 698 1984 sunt,
722 1919 970 1973 umbram
985 1933 1107 1974 esse
1125 1927 1388 1974 memoret
1413 1917 1718 1973 futurorum
1750 1920 1922 1975 bono-

328 2023 477 2074 rum,
510 2010 563 2062 in
597 2009 682 2064 his
728 2010 936 2064 scilicet
979 2025 1101 2080 qua}
1141 2009 1441 2066 secundum
1485 2009 1719 2066 litteram
1762 2027 1917 2082 gere-

330 2097 578 2166 bantur;
628 2108 684 2156 et
729 2102 1006 2170 quomodo
1069 2117 1286 2158 omnem
1343 2111 1584 2158 veterum
1645 2105 1918 2160 culturam

327 2190 609 2259 exemplar
652 2200 708 2246 et
752 2192 1002 2246 umbram
1056 2194 1373 2262 pronuntiet
1418 2209 1540 2251 esse
1576 2195 1908 2252 caelestium.

333 2278 490 2344 Quod
521 2280 708 2350 utique
735 2281 782 2336 si
813 2281 888 2337 ita
921 2292 1025 2348 est,
1055 2286 1422 2340 ostenduntur
1471 2287 1576 2342 sub
1611 2288 1806 2342 umbra
1841 2288 1920 2343 le-

328 2372 412 2444 gis
464 2373 670 2430 sedisse
715 2389 907 2431 omnes
955 2377 1271 2448 quicunque
1317 2378 1423 2433 sub
1453 2378 1572 2449 lege
1617 2389 1806 2442 erant,
1860 2389 1915 2434 et

330 2467 580 2520 tunbram
630 2466 806 2535 magis
854 2483 998 2522 verae
1044 2469 1180 2541 legis
1221 2469 1514 2524 habebant.
1567 2467 1679 2524 Nos
1731 2481 1914 2524 autem

327 2556 490 2612 alieni
519 2572 711 2613 sumus
742 2559 811 2612 ab
843 2559 1036 2614 umbra
1087 2574 1310 2624 eorum,
1351 2559 1612 2627 quoniam
1651 2560 1757 2629 72
1803 2576 1912 2614 non

325 2663 521 2704 sumus
550 2651 654 2704 sub
680 2652 814 2721 lege,
844 2651 938 2705 sed
967 2650 1070 2704 sub
1105 2649 1300 2718 gratia.
1351 2648 1456 2703 Sed
1498 2652 1752 2718 quamvis
1801 2667 1913 2706 non

326 2739 502 2793 simus
529 2740 634 2794 sub
676 2741 870 2794 umbra
901 2739 992 2792 illa
1041 2754 1206 2807 quam
1259 2739 1390 2810 legis
1432 2739 1612 2794 littera
1655 2740 1910 2803 faciebat.

325 2843 520 2884 smnus
553 2839 735 2884 tamen
782 2832 885 2886 sub
918 2831 1113 2884 umbna
1158 2831 1396 2885 meliore.
1435 2832 1494 2885 In
1530 2833 1722 2886 umbra
1765 2833 1912 2887 enim

325 2918 534 2974 Christi
566 2920 802 2975 vivimus
825 2922 967 2976 inter
1001 2932 1211 2992 gentes.
1246 2921 1310 2976 Et
1338 2930 1420 2977 est
1461 2921 1737 2991 profectus
1788 2925 1911 2992 qui-

326 3009 454 3064 dam
484 3009 551 3062 de
581 3010 776 3064 umbra
800 3011 933 3080 legis
965 3011 1152 3066 venire
1185 3012 1250 3065 ad
1282 3013 1530 3066 umbram
1573 3012 1800 3078 Christi;
1853 3022 1912 3068 ut

324 3099 454 3168 quia
479 3098 732 3155 Christus
759 3108 842 3155 est
881 3101 1008 3167 vita,
1046 3110 1098 3155 et
1128 3101 1355 3168 veritas,
1389 3109 1444 3156 et
1482 3102 1589 3164 via,
1614 3101 1912 3156 etliciamur

323 3188 506 3256 primo
532 3189 587 3242 in
620 3190 813 3244 umbra
837 3190 958 3257 viae,
984 3199 1039 3244 et
1065 3190 1120 3244 in
1151 3190 1342 3244 umbra
1372 3191 1514 3254 vitae,
1552 3191 1681 3244 etin
1716 3192 1908 3246 umbra

323 3278 593 3346 veritatis,
628 3289 689 3335 ut
719 3282 1253 3352 comprehendamus
1284 3297 1350 3336 ex
1382 3293 1555 3352 parte,
1587 3291 1639 3337 et
1679 3283 1734 3337 in
1787 3298 1905 3352 5p:-

320 3369 446 3424 cnlo
475 3385 539 3424 ac
572 3370 628 3424 in
657 3373 963 3442 aenigmate,
981 3381 1040 3428 ut
1064 3381 1188 3442 post
1211 3374 1356 3437 haec,
1391 3373 1435 3428 si
1462 3373 1782 3428 incedamus
1811 3389 1910 3444 per

323 3459 466 3516 hanc
489 3461 659 3526 viam,
693 3478 816 3533 qua:
835 3471 920 3518 est
939 3463 1215 3527 Christus,
1243 3463 1530 3532 pervenire
1554 3464 1831 3533 possimus
1854 3465 1906 3518 in

323 3550 457 3618 hoc,
489 3562 550 3607 ut
574 3553 714 3610 facie
760 3554 826 3608 ad
863 3554 1057 3609 faciem
1098 3556 1631 3626 comprehendamus
1671 3571 1736 3611 ea
1787 3571 1911 3626 qua:

322 3643 478 3712 prius
523 3645 682 3714 quasi
717 3645 773 3698 in
813 3646 1007 3700 umbra
1043 3655 1097 3700 et
1142 3645 1198 3699 in
1240 3646 1528 3715 aenigmate
1569 3644 1905 3701 videramus.

319 3732 438 3788 Non
464 3735 609 3789 enim
639 3736 762 3806 quis
786 3737 983 3807 poterit
1012 3739 1078 3790 ad
1110 3737 1197 3790 illa
1228 3751 1350 3806 qua:
1383 3751 1508 3790 vera
1538 3743 1668 3790 sunt
1698 3743 1752 3790 et
1777 3751 1900 3805 per-

319 3826 459 3881 fecta
492 3828 794 3897 pervenire,
835 3829 941 3884 nisi
984 3829 1138 3898 prius
1171 3828 1563 3883 desideraverit
1607 3837 1655 3880 et
1706 3841 1910 3880 concu-

318 3919 482 3988 pierit
521 3919 576 3972 in
627 3919 730 3973 hac
765 3919 957 3974 umbra
1004 3921 1264 3974 residere.
1300 3919 1402 3973 Sed
1437 3927 1491 3971 et
1539 3916 1642 3970 Job
1688 3931 1906 3971 omnem

319 4009 604 4062 hominum
637 4011 801 4063 vitam
824 4009 956 4065 dicit
979 4026 1101 4066 esse
1125 4010 1376 4064 umbram
1403 4023 1567 4077 super
1589 4017 1788 4063 terram
1813 4009 1856 4041 ¹⁸
1885 4029 1898 4065 :

321 4101 486 4156 credo
518 4117 616 4170 pro
646 4117 712 4157 eo
742 4101 890 4172 quod
923 4102 1105 4155 anima
1133 4102 1186 4155 in
1210 4103 1312 4156 hac
1334 4103 1442 4156 vita
1469 4101 1772 4156 velamento
1796 4101 1900 4156 hu-

314 4192 409 4261 jus
439 4195 611 4248 crassi
644 4194 892 4263 corporis
921 4194 1300 4248 obumbratur.
1335 4194 1538 4249 Omnes
1565 4208 1696 4263 ergo
1722 4195 1815 4264 qui
1849 4194 1904 4249 in

321 4283 425 4334 hac
454 4283 560 4336 vita
607 4290 757 4347 sunt,
789 4297 1014 4338 necesse
1047 4292 1130 4337 est
1159 4283 1212 4336 in
1257 4283 1451 4338 umbra
1493 4284 1726 4353 quadam
1759 4298 1902 4337 esse.

318 4369 425 4426 Sed
478 4373 568 4427 alii
608 4375 829 4444 quidem
875 4382 1006 4429 sunt
1047 4373 1298 4428 sedentes
1344 4374 1398 4428 in
1439 4375 1661 4444 regione
1699 4375 1906 4430 umbra:

2021 1897 2106 1966 illi
2133 1913 2256 1981 ipsi,
2290 1913 2381 1983 qui
2413 1914 2582 1982 pascit
2609 1913 2745 1967 inter
2781 1913 2902 1966 lilia
2931 1913 3094 1966 donec
3132 1913 3347 1980 respiret
3386 1912 3528 1976 dies,
3554 1923 3604 1966 et

2022 2014 2365 2058 amoveantur
2387 2003 2588 2058 umbra
2617 2006 2687 2072 “,
2721 2005 2956 2059 edocens
2980 2019 3077 2073 per
3122 2004 3228 2058 hoc
3253 2004 3398 2074 quod
3425 2005 3606 2058 veniet

2025 2102 2260 2164 tempus,
2291 2109 2636 2150 cum‘omnes
2669 2095 2880 2150 umbra:
2912 2096 3372 2158 removebantur,
3424 2105 3479 2150 et
3511 2110 3606 2164 per

2023 2184 2458 2240 misericordiam
2499 2185 2594 2241 Dei
2623 2187 2830 2257 patebit
2853 2187 3052 2242 veritas
3077 2187 3217 2241 sola.
3245 2185 3350 2240 Sed
3381 2194 3434 2240 et
3457 2186 3603 2254 quod

2020 2277 2098 2329 ait
2129 2293 2141 2328 :
2177 2275 2248 2330 Et
2274 2277 2477 2346 fructus
2507 2278 2623 2346 ejus
2666 2278 2840 2334 dulcis
2867 2280 2924 2332 in
2971 2279 3217 2350 faucibus
3260 2277 3411 2345 meis,
3457 2277 3606 2333 illius

2020 2369 2260 2423 animam
2299 2369 2405 2424 hoc
2441 2370 2608 2425 credo
2653 2370 2871 2436 dicere,
2903 2385 3028 2440 qua
3064 2369 3200 2424 nihil
3251 2380 3560 2423 emortuum
3587 2407 3604 2434 ,

2018 2459 2155 2514 nihil
2179 2459 2494 2516 insensibile
2523 2461 2687 2516 habet
2710 2462 2764 2516 in
2805 2461 3056 2517 faucibus
3084 2462 3223 2526 suis,
3256 2469 3311 2515 et
3342 2461 3397 2514 in
3443 2459 3596 2515 nullo

2016 2563 2245 2620 prorsus
2269 2551 2466 2606 similis
2497 2560 2583 2606 est
2611 2551 2720 2606 illis
2751 2552 2818 2605 de
2863 2553 3064 2622 quibus
3111 2551 3312 2606 dicitur
3355 2567 3370 2604 :
3410 2550 3609 2619 Sepul-

2019 2657 2168 2695 crum
2211 2651 2394 2710 patens
2437 2650 2513 2695 est
2560 2651 2743 2711 guttur
2767 2632 2948 2695 eorum
2983 2640 3050 2694 “.
3090 2640 3416 2709 Quicunque
3457 2639 3602 2694 enim

2019 2737 2185 2790 verba
2219 2735 2416 2790 mortis
2445 2741 2498 2789 et
2527 2733 2781 2788 interitus
2807 2733 2874 2788 de
2901 2731 3149 2787 faucibus
3184 2729 3493 2800 proferunt,
3521 2730 3604 2799 ip-

2021 2840 2210 2881 sorum
2244 2824 2434 2880 fauces
2461 2825 2709 2894 sepulcra
2733 2825 2992 2878 dicuntur
3021 2843 3034 2878 :
3078 2823 3221 2878 sicut
3247 2832 3377 2878 sunt
3408 2836 3602 2877 omnes

2021 2916 2113 2984 qui
2149 2915 2232 2970 vel
2270 2924 2462 2970 contra
2497 2930 2682 2969 veram
2711 2914 2869 2968 fidem
2903 2914 3200 2982 loquuntur
3223 2953 3238 2978 ,
3285 2913 3368 2966 vel
3408 2921 3602 2968 contra

2017 3006 2360 3076 disciplinam
2390 3007 2678 3071 castitatis,
2711 3015 2764 3059 et
2786 3003 3032 3074 justitiae,
3074 3013 3127 3058 et
3151 3003 3460 3058 sobrietatis
3505 3002 3604 3057 ali-

2017 3097 2149 3168 quid
2172 3096 2476 3168 proferunt.
2501 3096 2605 3166 Ipsi
2634 3111 2766 3166 ergo
2795 3107 2924 3160 sunt
2945 3110 3180 3166 quorum
3210 3093 3394 3149 fauces
3418 3093 3604 3162 sepul-

2015 3205 2106 3245 cra
2138 3199 2266 3245 sunt
2298 3197 2354 3244 et
2379 3191 2499 3245 loca
2532 3189 2746 3252 mortis,
2791 3189 2937 3243 unde
2979 3187 3172 3242 mortis
3207 3187 3370 3241 verba
3418 3185 3604 3256 profe-

2015 3289 2232 3335 runtur.
2269 3280 2464 3336 Justus
2496 3291 2677 3336 autem
2709 3280 2841 3334 dicit
2889 3294 2902 3330 :
2941 3278 3116 3345 Quam
3149 3279 3329 3332 dulcia
3358 3278 3600 3348 faucibus

2011 3374 2137 3426 meis
2161 3373 2367 3442 eloquia
2390 3386 2481 3427 tua
2507 3375 2554 3405 "
2578 3375 2591 3427 !
2634 3372 2701 3427 Et
2722 3373 2865 3428 alius
2891 3374 2983 3442 qui
3013 3373 3178 3427 verba
3203 3374 3326 3426 vita:
3349 3371 3601 3437 docebat,

2011 3462 2083 3518 ita
2113 3464 2246 3519 dicit
2277 3483 2289 3519 :
2325 3463 2396 3519 Os
2422 3478 2659 3518 nostrum
2684 3473 2828 3533 patet
2868 3462 2937 3516 ad
2972 3480 3082 3528 vos,
3111 3478 3142 3515 ο
3178 3461 3477 3527 Corinthii,
3513 3477 3604 3514 cor

2013 3563 2259 3609 nostrum
2282 3557 2568 3610 dilatatam
2597 3565 2673 3608 est
2701 3555 2766 3610 “.
2795 3553 2901 3608 Sed
2929 3563 2979 3607 et
3011 3554 3150 3607 alius
3179 3553 3272 3622 qui
3308 3553 3475 3607 verbo
3505 3551 3600 3607 Dei

2015 3650 2230 3716 aperuit
2262 3664 2324 3702 os
2346 3665 2528 3713 suum,
2563 3648 2742 3717 inquit
2774 3665 2788 3702 :
2815 3645 2889 3702 0s
2923 3663 3094 3700 meum
3116 3646 3301 3715 aperui
3324 3655 3373 3698 et
3397 3645 3601 3696 attraxi

2013 3738 2261 3807 spiritum
2284 3739 2350 3791 ’⁵.

2082 3827 2232 3884 Vers.
2275 3829 2329 3882 4.
2374 3826 2701 3880 Introducite
2729 3843 2808 3880 me
2849 3828 2903 3880 in
2930 3827 3145 3879 domum
3186 3827 3313 3880 uini.
3366 3827 3593 3897 Spopsaa
3670 3859 3676 3865 -

2013 3920 2180 3974 verba
2209 3918 2324 3990 (66)
2349 3918 2529 3973 adhuc
2554 3925 2702 3979 sunt,
2733 3917 2826 3972 sed
2866 3919 2932 3972 ad
2971 3918 3179 3973 amicos
3210 3927 3263 3973 et
3299 3893 3597 3974 familiares

2011 4011 2223 4080 sponsi,
2254 4019 2316 4064 ut
2339 4010 2597 4075 arbitror,
2639 4009 2952 4078 diriguntur
3004 4027 3017 4063 :
3063 4024 3093 4063 a
3141 4009 3342 4078 quibus
3387 4011 3601 4067 videtur

2010 4115 2329 4171 exposcere,
2363 4109 2422 4154 ut
2452 4099 2798 4153 introducant
2829 4115 2949 4153 eam
2988 4098 3041 4152 in
3096 4099 3320 4155 domum
3374 4101 3598 4168 laetitiae,

2009 4193 2100 4247 ubi
2127 4192 2314 4246 vinum
2335 4191 2538 4245 bibitur
2566 4199 2620 4244 et
2649 4191 2824 4259 epulze
2852 4200 3135 4261 parantur.
3167 4190 3299 4256 Qua:
3326 4192 3596 4260 enimjam

2006 4283 2221 4337 viderat
2253 4282 2568 4337 cubiculum
2619 4281 2867 4350 regium,
2910 4281 3184 4336 desiderat
3238 4282 3400 4335 etiam
3455 4298 3600 4337 nunc

2008 4377 2190 4446 regale
2221 4375 2446 4429 introire
2474 4373 2781 4428 convivium
2808 4383 2863 4428 et
2890 4373 2996 4426 frui
3023 4373 3152 4425 vino
3176 4373 3389 4427 laetitias.
3422 4372 3600 4443 Supra

315 4465 532 4531 mortis,
565 4465 617 4519 hi
645 4464 887 4534 profecto
925 4465 1017 4535 qui
1048 4481 1154 4520 non
1183 4465 1682 4529 creduntChristo.
1712 4464 1897 4520 Eccle-
1931 4475 1974 4530 Ι)
1999 4469 2111 4539 jam
2145 4468 2385 4522 diximus
2414 4467 2618 4520 amicos
2647 4467 2855 4535 sponsi,
2891 4467 3184 4536 prophetas
3209 4474 3263 4521 et
3283 4481 3474 4523 omnes
3503 4467 3599 4538 qui

315 4555 398 4610 sia
435 4571 562 4611 vero
595 4572 719 4610 cum
751 4556 947 4610 fiducia
975 4555 1109 4611 dicit
1141 4573 1154 4610 :
1189 4555 1253 4609 In
1280 4555 1467 4609 umbra
1495 4557 1674 4625 sponsi
1705 4573 1900 4610 concu-

313 4647 421 4716 pivi
448 4657 496 4700 et
519 4647 669 4712 sedi;
716 4650 968 4718 quamvis
1007 4656 1151 4703 certe
1195 4645 1358 4700 fuerit
1399 4657 1612 4717 tempus
1654 4663 1764 4717 quo
1803 4661 1903 4718 po-

315 4737 480 4792 tuerit
507 4737 633 4807 quis
666 4737 769 4791 sub
803 4738 996 4793 umbra
1024 4737 1156 4806 legis
1189 4737 1437 4792 residens
1469 4736 1686 4791 defendi
1717 4752 1748 4791 a
1797 4739 1902 4792 du-

315 4826 442 4882 ritia
463 4828 678 4888 ardoris
703 4837 756 4883 et
783 4839 969 4884 azstus.
1004 4827 1110 4883 Sed
1141 4828 1356 4883 transiit
1382 4829 1513 4884 illud
1545 4838 1777 4898 tempus,
1807 4846 1895 4885 ve-

317 4920 575 4976 niendum
621 4930 704 4976 est
755 4938 903 4978 nunc
951 4923 1019 4976 ad
1069 4921 1282 4977 arboris
1330 4922 1454 4977 meli
1499 4922 1792 4988 umbram;
1845 4929 1909 4975 et.

314 5010 569 5077 quamvis
601 5011 817 5066 diversa
846 5011 970 5082 quis
1001 5018 1186 5065 utatur
1217 5011 1430 5075 umbra,
1464 5011 1679 5066 videtur
1715 5019 1895 5065 tamen

313 5102 497 5158 omnis
524 5103 731 5171 anima,
761 5104 936 5159 donec
966 5103 1020 5157 in
1041 5101 1294 5174 praesenti
1334 5102 1444 5157 vita
1470 5112 1552 5158 est
1577 5141 1593 5166 ,
1643 5102 1894 5156 umbram

387 5267 430 5300 '°
453 5267 586 5323 Luc.
619 5283 660 5334 ι,
695 5267 788 5324 55.
863 5268 903 5300 ιτ
935 5266 1098 5322 Hebr.
1136 5282 1193 5331 ι,
1231 5267 1284 5321 I.
1364 5266 1408 5298 ³⁸
1435 5266 1554 5322 Job.
1591 5267 1772 5335 vini.

315 5338 362 5372 ³³
394 5337 537 5394 Psal.
566 5355 620 5408 v,
643 5339 697 5394 9.
775 5337 820 5371 ³³
857 5336 1327 5404 Psal.cxvut,105.
1393 5339 1441 5369 “
1468 5336 1510 5391 Il
1536 5336 1663 5392 Cor.
1693 5351 1766 5402 vt,
1801 5335 1888 5390 II.

1852 5265 1894 5297 '°
1925 5263 1944 5318 I
1974 5265 2100 5320 Cor.
2135 5283 2256 5333 xm,
2291 5266 2382 5324 19..

1969 5338 2013 5368 ³⁸
2049 5335 2194 5392 Psal.
2212 5339 2523 5405 csvut,i51.

2009 4560 2461 4614 ministraverunt
2489 4557 2715 4612 verbum
2748 4556 2864 4622 Dei,
2901 4557 2969 4610 ab
2999 4557 3152 4611 initio
3176 4557 3360 4612 smculi
3397 4558 3597 4613 intelli-

2013 4649 2240 4720 gendos,
2273 4648 2337 4702 ad
2373 4663 2512 4717 quos
2539 4655 2686 4702 recte
2716 4646 2802 4700 vel
2831 4645 3074 4700 Ecclesia
3100 4645 3325 4711 Christi,
3359 4648 3442 4702 vel
3476 4646 3598 4700 ani-

2013 4754 2104 4794 ma
2139 4738 2308 4792 verbo
2337 4737 2427 4792 Dei
2456 4737 2739 4792 adlncrens
2771 4737 2917 4791 dicat
2959 4745 3018 4791 ut
3047 4752 3107 4793 se
3149 4738 3498 4793 introducant
3539 4740 3592 4794 in

2007 4829 2229 4884 domum
2275 4813 2510 4896 vini,'id
2557 4838 2660 4896 est,
2705 4829 2794 4883 ubi
2835 4830 3102 4898 sapientia
3157 4830 3376 4886 miscuit
3399 4832 3452 4886 in
3476 4847 3595 4886 cra-

2007 4929 2123 4976 tere
2160 4923 2348 4975 vinum
2376 4937 2574 4988 suum,
2620 4929 2674 4975 et
2725 4922 3047 4990 deprecatur
3082 4936 3178 4991 per
3229 4938 3416 4977 servos
3462 4939 3595 4980 suos

2005 5025 2222 5066 omnem
2256 5011 2600 5081 insipientem
2629 5020 2684 5065 et
2713 5021 2961 5082 egentem
2999 5027 3188 5080 sensu,
3218 5013 3406 5070 dicens
3441 5032 3454 5068 :
3495 5012 3593 5068 Ve-

2003 5103 2129 5167 nite,
2156 5103 2472 5158 ntanducate
2487 5119 2648 5174 panes
2672 5119 2831 5167 meos,
2859 5113 2908 5157 et
2939 5102 3098 5157 bibite
3124 5104 3301 5157 vinum
3321 5104 3457 5173 quod
3488 5105 3592 5159 mi-

2482 5269 2529 5301 ²⁰
2555 5267 2701 5324 Psal.
2734 5283 2863 5333 Lvtt,
2887 5265 2943 5319 2.
3022 5263 3064 5295 “
3097 5262 3254 5317 Cant.
3288 5276 3345 5324 ιι,
3380 5258 3464 5326 I6,
3500 5258 3585 5316 I7.

387 5495 502 5569 (66)
519 5495 737 5569 Sponsa:
754 5497 932 5569 verba,
949 5507 1054 5553 etc.
1079 5495 1378 5569 Procopius
1396 5510 1464 5550 ex
1484 5491 1745 5569 Origene:
1762 5499 1904 5569 Eia-

2016 5497 2229 5555 oa'o'até
2240 5516 2317 5568 με
2336 5497 2416 5564 τῷ
2440 5499 2666 5569 σώματι
2683 5498 2788 5552 τοῦ
2804 5494 3078 5569 ΧριστοῦῘ
3110 5510 3128 5541 t
3149 5489 3490 5569 introducit:
3507 5506 3593 5550 tm

312 5563 567 5646 ᾳγᾶγὲτέ
602 5583 679 5635 με
729 5570 816 5646 sic
841 5564 1012 5646 οἷκρν
1039 5567 1230 5646 circa.
1259 5563 1444 5646 'I‘aﬁra
1469 5563 1606 5646 πρρξ
1635 5568 1786 5646 τοῖῼιτ·
1806 5568 1900 5635 φξ-

315 5636 440 5708 leo;
463 5636 558 5689 τοῦ
588 5637 820 5708 νυμφίου
851 5639 1005 5708 φησὶ,
1038 5639 1164 5700 τοὺς
1185 5637 1374 5708 ἁγίους
1400 5636 1668 5708 ριγγέλους
1694 5636 1727 5708 ἢ
1763 5638 1900 5690 ἀπο-

2002 5561 2055 5620 iu
2083 5561 2295 5622 domum
2318 5561 2444 5623 viui.
2491 5561 2686 5621 {Hcce
2709 5561 2938 5619 dicit-ad
2968 5563 3164 5616 amicos
3197 5561 3375 5630 sponsi
3399 5601 3414 5626 ,
3455 5577 3587 5618 sau-

2001 5648 2111 5692 ctos
2133 5637 2367 5708 angelos,
2401 5639 2478 5691 vel
2510 5637 2775 5704 apostolos
2824 5645 2871 5687 et
2895 5632 3214 5708 prop/tetas;_
3235 5639 3440 5684 tantum
3478 5647 3583 5686 non

273 5709 286 5732 ⁸
319 5703 535 5769 στόλους
554 5723 612 5760 τε
641 5699 734 5760 θεαὶ
762 5699 1064 5778 προὶρῆτὰς,
1097 5699 1375 5778 μόνοιῦουχὶ
1400 5699 1660 5776 Hypsea"
1682 5699 1896 5777 Συγκε-

2016 5709 2177 5766 liceus
2205 5699 2227 5761 ἶ
2261 5727 2279 5760 t
2314 5699 2656 5763 Committe“:
2681 5721 2761 5759 me
2781 5699 3236 5772 corporiCltristi.
3265 5733 3282 5766 ,
