4134 6444
343 370 449 428 157

1685 351 1887 408 LIBER
1925 350 2246 408 TERTIUS.

3495 343 3602 401 158

342 486 424 545 itu
489 470 687 553 eripiat
713 495 779 535 ac
803 466 1046 533 retrahat
1071 473 1139 529 ad
1170 472 1423 536 salutem,
1469 479 1631 539 atque
1678 485 1741 525 ex
1789 468 1924 537 ipsis
1950 475 1996 528 Α
2025 465 2315 522 deferenda
2361 474 2447 519 est
2494 459 2741 553 dilectio,
2788 456 3039 553 sequenti
3077 472 3206 553 vero
3252 455 3597 553 gramm-eum

339 577 595 634 faucibus
626 583 843 628 aeterna:
891 568 1087 623 mortis
1130 565 1361 636 eripiat,
1409 578 1517 617 non
1570 562 1667 616 tibi
1711 560 1927 615 videtur

340 667 489 739 quod
522 665 613 719 illa
639 663 779 732 ipsa,
818 661 866 715 si
896 658 1010 712 ﬁeri
1042 666 1242 727 potest,
1270 653 1607 725 plenitudine
1643 650 1927 739 cbaritatis

339 738 450 827 qua
498 754 670 809 Deum
696 750 976 820 diligimus
1004 745 1315 816 diligendus
1352 745 1427 799 sit
1459 751 1581 813 post
1609 740 1822 799 Deum?
1857 738 1928 796 Et

342 863 411 902 ne
436 855 592 915 putes
620 843 768 914 quod
795 854 897 895 nos
923 839 995 893 ita
1017 850 1435 907 pmsumamus,
1460 833 1588 888 audi
1615 832 1923 902 apostolum

341 937 569 992 Paulum
597 935 666 989 de
693 933 781 988 his
809 931 904 1001 qui
930 930 985 983 in
1007 928 1176 983 verbo
1200 926 1294 980 Dei
1324 926 1593 990 laborant,
1618 924 1922 978 dicentem:

349 1028 423 1085 Ut
467 1024 956 1097 superabundanter
994 1020 1235 1074 habeatis
1279 1020 1336 1072 in
1385 1017 1645 1071 charitate
1701 1031 1788 1069 eos
1834 1014 1927 1085 qui

341 1117 648 1186 huiusmodi
671 1124 794 1170 sunt
828 1122 1045 1183 propter.
1069 1126 1198 1180 opus
1238 1110 1475 1178 ipsorum
1512 1106 1580 1158 ³⁸.
1627 1103 1925 1160 Videamus

343 1218 398 1264 et
425 1208 595 1263 alium
648 1205 829 1260 adhuc
857 1203 1103 1259 ordinem
1138 1199 1443 1263 cbaritatis,
1494 1196 1615 1266 ejus
1657 1196 1929 1249 duntaxat

345 1312 470 1368 qua:
493 1309 623 1365 erga
655 1292 936 1364 proximos
979 1289 1165 1344 haberi
1197 1288 1429 1342 videtur.
1473 1284 1532 1338 Si
1560 1284 1632 1339 sit
1678 1299 1788 1338 non
1828 1281 1927 1336 ba-

346 1385 484 1438 bens
515 1383 734 1451 cuidem
757 1378 981 1435 docendi
1010 1378 1096 1432 vel
1130 1375 1433 1432 instruendi
1457 1373 1712 1444 gratiam,
1750 1385 1928 1440 neque

347 1475 573 1530 verbum
602 1471 814 1527 Domini
844 1468 1194 1540 pradicandi,
1219 1468 1315 1523 sed
1347 1479 1530 1521 tamen
1564 1471 1767 1519 sanctae
1800 1462 1929 1517 vita:

350 1565 457 1629 vir,
486 1567 766 1627 innocens,
797 1561 1204 1623 immaculatus,
1236 1566 1293 1613 et
1315 1557 1410 1627 qui
1439 1557 1494 1611 in
1519 1552 1933 1625 justiﬁeationia

345 1655 449 1710 bus
475 1661 528 1708 et
556 1651 828 1706 mandatis
857 1649 952 1705 Dei
985 1648 1323 1719 ingrediatur
1349 1646 1467 1700 sine
1500 1644 1744 1714 querela,
1777 1643 1929 1698 vide-

343 1752 505 1797 turne
532 1741 628 1797 tibi
680 1740 806 1795 talis
853 1740 945 1793 hic
980 1739 1069 1793 vir
1115 1736 1173 1791 in
1204 1737 1397 1791 eodem
1423 1732 1709 1803 qharitatis
1736 1731 1932 1795 ordine

2029 556 2265 626 quadam
2309 551 2664 609 nihilominus
2714 548 3017 606 reverentia
3042 587 3058 612 ,
3087 545 3249 599 ctiam
3294 544 3597 600 sororibus.

2026 646 2258 716 Proprio
2308 659 2436 700 vero
2479 645 2716 713 quodam
2759 648 2814 696 et
2854 646 3195 709 sequestrate
3233 635 3302 691 ab
3328 635 3414 693 itis
3449 649 3600 690 more

2026 734 2268 791 cbaritas
2293 732 2618 802 coniugibus
2653 727 2976 786 exhibenda.
3010 723 3137 780 Post
3174 724 3273 779 has
3318 738 3447 778 vero
3473 736 3598 792 per-

2027 838 2212 888 sonas,
2236 838 2336 894 pro
2388 822 2596 878 meritis
2647 820 2813 875 etiam
2857 826 2913 874 et
2951 815 3155 879 causis,
3190 813 3486 882 unicuique
3544 812 3597 867 in

2027 913 2201 977 omni,
2238 920 2299 969 ut
2330 912 2592 977 diximus,
2632 910 2884 964 castitate
2926 905 3216 961 deferenda
3241 903 3458 965 dilectio
3494 910 3597 957 est.

2028 1002 2338 1063 Secundum
2385 1003 2501 1057 haec
2529 1002 2692 1056 etiam
2737 999 2805 1065 de
2850 1008 3038 1067 patre,
3079 995 3161 1050 vel
3204 993 3402 1057 fratre,
3440 1001 3601 1061 atque

2027 1094 2148 1149 aliis
2179 1092 2501 1172 propinquis
2546 1089 2977 1147 observavimus.
3021 1085 3161 1156 Erga
3209 1093 3426 1140 sanctos
3472 1096 3600 1137 vero

2025 1186 2120 1255 qui
2154 1199 2257 1241 nos
2289 1184 2344 1243 in
2371 1184 2596 1243 Christo
2616 1190 2941 1254 genuerunt,
2972 1178 3067 1235 sed
3090 1187 3145 1233 et
3169 1186 3412 1249 pastores
3439 1183 3602 1243 atque

2024 1278 2353 1346 episcopos,
2383 1276 2468 1330 vel
2519 1276 2615 1345 qui
2656 1274 2823 1328 verbo
2859 1271 2953 1326 Dei
2995 1277 3234 1341 praesunt
3275 1264 3600 1339 presbyteri,

2025 1375 2121 1429 aut
2151 1365 2251 1434 qui
2292 1365 2433 1425 bene
2459 1364 2777 1420 ministrant
2801 1363 2856 1417 in
2883 1360 3148 1427 Ecclesia,
3181 1358 3389 1433 vclpqui
3417 1356 3470 1409 in
3501 1354 3605 1409 ﬁde

2026 1457 2348 1527 praecellunt
2373 1465 2626 1523 caeteros,
2665 1455 2943 1527 quomodo
2975 1470 3083 1511 non
3119 1465 3219 1523 pro
3250 1448 3607 1519 uniuscujus-

2025 1563 2135 1619 que
2182 1547 2396 1604 meritis
2453 1546 2671 1603 aﬂ‘ectio
2734 1548 3050 1619 pensabitur
3113 1543 3400 1602 cbaritatis
3447 1541 3609 1612 longe

2026 1637 2354 1695 eminentior
2390 1652 2556 1707 quam
2590 1653 2717 1709 erga
2759 1653 2860 1693 eos
2894 1636 3081 1692 haberi
3124 1642 3343 1705 potest,
3389 1632 3483 1702 qui
3515 1636 3611 1686 aut

2029 1730 2167 1789 nihil
2194 1729 2415 1794 horum,
2443 1736 2538 1782 aut
2562 1743 2671 1781 non
2706 1727 2912 1797 integre
2935 1726 3201 1797 egerunt?
3239 1724 3347 1780 Sed
3387 1732 3441 1778 et
3469 1722 3610 1779 inter

342 1830 661 1896 habendus,
701 1845 813 1899 quo
837 1829 928 1883 ille
969 1826 1062 1897 qui
1089 1824 1228 1879 nihil
1259 1825 1457 1879 horum
1486 1821 1632 1893 agit?
1680 1820 1928 1891 quando-
1957 1811 2003 1866 Β
2030 1827 2285 1890 parentes
2329 1817 2516 1875 ﬁdeles
2557 1826 2612 1875 et
2652 1817 2916 1880 inﬁdeles,
2961 1825 3018 1881 et
3044 1815 3241 1875 fratres
3284 1815 3504 1881 ﬁdeles,
3544 1828 3616 1869 ae

345 1918 569 1987 quidem
615 1924 847 1985 uterque
891 1913 1177 1984 proximus
1223 1911 1448 1966 dicitur.
1505 1906 1700 1969 Nonne
1740 1915 1797 1964 et
1839 1908 1929 1965 hic

342 2017 564 2078 propter
612 2022 753 2077 opus
797 2019 958 2061 suum
1007 2012 1063 2060 et
1103 2003 1229 2060 vita
1276 2000 1532 2061 meritum
1559 2041 1577 2069 ,
1624 2000 1929 2056 secundum

341 2098 589 2170 Apostoli
614 2098 840 2162 dictum,
877 2094 1129 2155 similiter
1153 2100 1213 2152 ut
1234 2093 1324 2149 ille
1352 2093 1448 2163 qui
1470 2092 1524 2146 in
1541 2092 1707 2149 verbo
1730 2090 1822 2145 Dei
1849 2090 1930 2145 la-

343 2190 523 2254 borat,
558 2185 1097 2258 superabundantius
1122 2183 1408 2240 habendus
1434 2191 1521 2240 est
1562 2182 1619 2237 in
1655 2180 1930 2236 charitate

343 2278 455 2350 ⁸14
483 2285 702 2347 propter
729 2292 868 2346 opus
908 2275 1032 2333 vita)
1073 2275 1226 2332 suat?
1272 2273 1372 2330 Est
1406 2273 1588 2331 adhuc
1620 2273 1764 2329 alius
1790 2271 1928 2327 ordo

345 2366 654 2422 charitatis.
704 2363 969 2421 Jubemur
1004 2364 1149 2421 enim
1180 2374 1237 2420 et
1271 2364 1524 2423 inimicos
1554 2371 1775 2427 nostros
1803 2361 1929 2417 dili-

343 2472 491 2528 gere.
536 2456 644 2512 Sed
683 2456 964 2513 videamus
1009 2454 1058 2513 si
1096 2453 1260 2513 etiam
1300 2454 1355 2509 in
1398 2453 1535 2522 ipsis
1582 2468 1726 2509 unus
1774 2452 1929 2509 solus.

342 2547 540 2603 modus
570 2547 678 2603 erit
708 2546 1041 2612 dilectionis,
1065 2560 1134 2599 an
1166 2544 1241 2603 ibi
1277 2544 1500 2605 habebit
1529 2544 1713 2607 locum.
1742 2558 1930 2603 sermo

340 2635 447 2692 iste
491 2636 587 2704 qui
629 2635 763 2691 dicit
806 2653 821 2690 :
867 2633 1125 2690 Ordinute
1165 2634 1222 2687 in
1270 2647 1351 2686 me
1399 2631 1731 2686 cltaritalem.
1784 2630 1931 2689 Puto

339 2740 473 2795 ergo
506 2725 651 2794 quod
692 2726 746 2779 in
788 2724 874 2781 bis
899 2725 970 2779 sit
1000 2724 1134 2780 ordo
1168 2722 1483 2789 charitatis,
1525 2723 1675 2778 verbi
1720 2724 1930 2794 gratia,

339 2824 427 2870 est
446 2813 647 2883 aliquis
669 2814 803 2869 mihi
833 2814 1112 2878 inimicus,
1139 2814 1194 2871 in
1217 2814 1342 2869 aliis
1368 2822 1548 2868 tamen
1569 2812 1708 2869 bene
1731 2828 1927 2883 agens,

341 2905 598 2975 pudicus,
634 2905 889 2972 sobrius,
925 2906 1183 2963 mandata
1230 2906 1327 2963 Dei
1372 2904 1607 2976 plurima
1652 2921 1721 2960 ex
1772 2915 1928 2977 parte

340 2993 687 3059 custodiens,
740 2994 795 3050 in
844 2994 1119 3065 aliquibus
1168 3004 1349 3051 tamen
1386 3010 1605 3062 errans,
1640 3005 1700 3051 ut
1732 2996 1923 3053 homo.

342 3084 437 3141 Est
467 3085 607 3144 alius
630 3085 725 3154 qui
756 3084 1017 3145 inimicus
1040 3086 1259 3154 quidem
1291 3085 1364 3141 sit
1394 3095 1448 3140 et
1480 3085 1598 3156 ipse
1626 3086 1806 3152 nobis,
1838 3094 1922 3140 ta-

340 3189 465 3230 men
490 3175 563 3229 sit
589 3190 704 3233 suae
726 3174 849 3229 vitae
870 3182 1035 3244 atque
1058 3176 1255 3231 animas
1285 3147 1563 3240 inimicus,
1596 3184 1821 3245 paratus
1851 3175 1920 3230 ad
1946 3147 1991 3207 (ἶ

337 3268 566 3331 scelera,
597 3279 837 3335 praeceps
866 3265 935 3319 ad
965 3262 1189 3335 ﬂagitia,
1218 3265 1355 3320 nihil
1385 3265 1582 3331 sancti,
1625 3264 1762 3319 nihil
1790 3264 1921 3319 reli-

335 3358 478 3429 giosi
522 3357 770 3421 ducens,
822 3369 932 3410 non
981 3355 1076 3410 tibi
1121 3355 1340 3411 videtur
1379 3356 1543 3423 etiam
1589 3356 1730 3410 inter
1771 3355 1922 3427 ipsos

337 3447 591 3503 inimicos
614 3445 862 3516 quaedam
893 3444 1183 3501 diversitas
1211 3446 1460 3502 habenda
1488 3446 1815 3502 charitatis?

406 3535 547 3591 Puto
576 3535 797 3607 quidem
826 3536 973 3605 quod
999 3551 1065 3590 ex
1093 3536 1179 3593 his
1206 3538 1339 3593 satis
1366 3538 1604 3607 patuerit
1663 3552 1788 3594 esse
1807 3538 1920 3595 vim

336 3628 555 3698 quidem
588 3629 873 3687 cbaritatis
906 3644 1092 3695 unam,
1122 3631 1321 3693 multas
1347 3641 1527 3691 tamen
1555 3631 1755 3689 habere
1789 3646 1921 3687 ceu-

336 3734 463 3781 sas.
510 3727 567 3774 et
623 3719 825 3777 multos
866 3721 1087 3775 ordines
1125 3721 1383 3793 diligendi
1407 3758 1423 3786 ,
1453 3729 1508 3777 et
1555 3730 1775 3791 propter
1815 3721 1921 3777 hoc

336 3823 485 3863 nunc
512 3808 696 3864 dicere
723 3825 979 3879 sponsam
1017 3831 1032 3867 :
1070 3811 1328 3869 Ordinatc
1366 3813 1423 3866 iu
1463 3829 1542 3867 me
1578 3813 1919 3879 charitatem,

336 3899 445 3955 hoc
492 3910 578 3954 est
633 3899 826 3955 docete
889 3915 977 3956 me
1036 3901 1280 3958 diversos
1334 3901 1555 3956 ordines
1611 3900 1921 3969 charitatis.

335 3988 495 4056 Quod
522 3989 567 4044 si
605 3990 784 4047 adhuc
822 3990 1132 4047 addendum
1167 3994 1252 4048 his
1286 3992 1493 4062 aliquid
1517 3991 1751 4057 videtur.
1788 4007 1918 4061 pos«

334 4094 527 4136 sumus
552 4088 608 4135 et
636 4077 769 4137 illud
798 4080 852 4133 in
879 4080 1123 4136 medium
1151 4081 1444 4147 adducere,
1489 4081 1633 4150 quod
1661 4081 1738 4135 ait
1771 4081 1920 4151 Apo-

334 4170 513 4226 stolus
549 4187 563 4223 :
606 4167 741 4235 Viri,
780 4168 989 4238 diligite
1019 4187 1209 4226 uxores
1250 4182 1449 4235 uestras
1500 4172 1645 4228 sicut
1684 4186 1919 4242 corpora

334 4265 521 4314 vestra
546 4296 562 4322 ,
615 4257 754 4312 sicut
792 4255 1038 4312 Christus
1090 4257 1279 4312 dilexit
1319 4258 1615 4312 Ecclesium
1657 4258 1723 4315 ³⁸.
1774 4256 1918 4323 Quid

332 4365 468 4419 ergo
498 4348 700 4404 debent
729 4348 951 4418 quidem
982 4350 1084 4403 viri
1109 4366 1308 4408 uxores
1332 4367 1463 4406 suas
1496 4351 1741 4422 diligere,
1780 4351 1917 4407 alias

330 4454 466 4494 vero
495 4439 753 4494 mulieres
787 4455 899 4495 non
920 4438 1118 4496 debent
1139 4442 1366 4497 omnino
1407 4442 1632 4514 diligere
1667 4442 1723 4496 iu
1759 4441 1913 4497 omni
1944 4474 1989 4535 ο

327 4531 582 4587 castitate
629 4538 686 4584 et
728 4530 1062 4605 sanctitate?
1114 4536 1313 4588 Annon
1370 4533 1701 4589 videbuntur
1743 4534 1910 4589 etiam

330 4621 466 4692 ipsa
506 4635 631 4676 esse
675 4621 743 4678 de
787 4623 1089 4690 proximis?
1126 4623 1232 4679 Sed
1288 4624 1648 4695 impendenda
1690 4625 1911 4695 quidem

327 4720 415 4768 est
451 4711 692 4776 dilectio,
734 4712 821 4767 vel
857 4712 913 4767 in
962 4714 1274 4784 coniugem,
1307 4716 1392 4771 vel
1441 4716 1497 4769 in
1528 4724 1784 4783 matrem,
1826 4716 1914 4771 vel

330 4803 387 4856 in
427 4816 694 4867 sororem,
725 4802 771 4857 si
814 4810 995 4858 tamen
1019 4803 1213 4861 ﬁdeles
1246 4806 1378 4872 sint,
1412 4814 1467 4862 et
1492 4804 1603 4862 Deo
1633 4807 1914 4863 adhaeren-

331 4902 437 4957 tes,
470 4900 526 4947 et
545 4907 673 4963 erga
706 4892 869 4951 aliam
906 4892 1190 4950 mulierem
1224 4895 1396 4963 nulla,
1437 4898 1737 4957 secundum
1765 4898 1914 4969 quod

327 4985 445 5054 ipsa
478 4986 725 5054 proxima
759 4984 993 5051 dicitur,
1038 4996 1123 5041 est
1163 4987 1324 5044 nobis
1367 4989 1728 5059 impendenda
1769 4989 1913 5046 dile-q

326 5076 469 5143 ctio?
506 5075 661 5142 Quod
700 5075 747 5130 si
784 5075 888 5130 hoc
925 5075 1226 5133 absurdum
1259 5080 1491 5143 videtur,
1541 5081 1704 5136 debet
1729 5091 1911 5141 autem

327 5167 629 5231 secundum
672 5168 915 5237 mandati
962 5168 1212 5226 ordinem
1258 5170 1421 5227 etiam
1463 5186 1592 5247 erga
1630 5186 1726 5226 eas
1758 5183 1912 5228 casta

325 5258 573 5314 adhiberi
618 5262 857 5329 dilectio,
906 5276 1137 5333 prorsus
1180 5260 1322 5317 inter
1351 5263 1499 5331 ipsas
1533 5278 1796 5334 personas
1829 5264 1911 5319 fe-.

326 5349 600 5404 minarum
634 5352 835 5425 quibus
862 5352 1224 5423 impendenda
1250 5354 1470 5409 dilectio
1490 5364 1593 5417 est,
1622 5355 1905 5412 habendus

321 5437 566 5509 profecto
592 5449 675 5495 est
706 5444 843 5497 ordo
868 5444 921 5499 in
947 5445 1216 5502 charitate
1237 5445 1678 5516 conveniensque
1709 5446 1905 5500 distin-

320 5528 456 5587 ctio.
508 5529 575 5584 Et
620 5533 812 5603 majori
862 5536 1081 5605 quidem
1115 5553 1241 5594 cum
1291 5538 1699 5597 honoriﬁcentia
1744 5539 1905 5599 matri

393 5733 436 5767 ³⁸
464 5732 482 5786 l
514 5732 674 5789 Thes.
710 5750 761 5797 ι’,
797 5736 879 5789 l5.
940 5737 983 5770 ³⁸
1011 5736 1208 5810 Epites.
1249 5758 1298 5808 ν,
1462 5732 1467 5739 ’

1499 5742 1540 5773 ’⁸ο
1584 5743 1711 5812 Sap.
1745 5759 1819 5809 ix,
1856 5741 1958 5810 27;
2002 5762 2099 5810 χιι,
2138 5746 2183 5799 l.

2031 1907 2277 1977 inﬁdeles
2297 1946 2313 1972 ,
2366 1920 2695 1976 sororesque
2717 1948 2732 1972 ,
2777 1915 3025 1976 potestne
3074 1904 3191 1961 ﬁeri
3232 1915 3289 1958 ut
3328 1920 3439 1959 non
3480 1916 3613 1973 ergo

2027 2003 2134 2063 bos
2185 2002 2435 2072 singulos
2488 2001 2741 2059 diversus
2792 1999 2930 2054 ordo
2976 1997 3241 2055 habeatur
3289 1994 3612 2051 charitatisl

2028 2090 2180 2159 Quas
2211 2091 2554 2148 diversitates
2585 2091 2804 2151 intuens
2831 2103 3053 2159 sponsa,
3101 2096 3156 2143 et
3186 2085 3379 2141 videns
3421 2085 3489 2141 de
3523 2085 3614 2141 his

2027 2184 2290 2245 omnibus
2330 2183 2527 2241 anima:
2552 2183 2621 2240 ad
2653 2180 3037 2253 perfectionem
3080 2178 3318 2234 tendenti
3358 2192 3612 2235 necessa-

2026 2274 2169 2329 riam
2203 2274 2374 2331 videri
2411 2273 2697 2330 scientiam
2725 2287 2916 2328 earum
2947 2284 3153 2334 rerum,
3185 2277 3246 2324 ut
3265 2267 3613 2339 uniuscujus-

2027 2380 2134 2434 que
2164 2364 2272 2425 loci
2301 2374 2356 2420 et
2394 2364 2605 2420 ordinis
2629 2379 2915 2423 mensuras
2947 2365 3120 2437 possit
3155 2369 3338 2417 tenere
3374 2359 3612 2417 charita-

2029 2457 2122 2523 tis,
2147 2455 2282 2511 dicit
2307 2456 2375 2510 ad
2399 2457 2606 2516 amicos
2630 2455 2841 2527 sponsi,
2864 2468 2960 2510 eos
2984 2452 3237 2509 videlicet
3259 2451 3352 2521 qui
3387 2450 3611 2506 verbum

2028 2545 2125 2602 Dei
2150 2531 2464 2607 ministrant
2502 2565 2515 2601 :
2554 2545 2813 2601 Ordinate
2842 2545 2898 2599 in
2923 2560 3003 2599 me
3022 2544 3356 2607 maritalem,
3390 2542 3496 2598 hoc
3525 2549 3615 2599 est

2027 2636 2221 2696 docete
2251 2651 2360 2701 me,
2399 2645 2452 2692 et
2480 2636 2680 2693 tradite
2716 2635 2850 2689 mihi
2893 2633 3173 2705 quomodo
3206 2648 3304 2702 per
3344 2631 3462 2687 haec
3497 2631 3613 2686 sin-

2026 2726 2154 2796 gula
2202 2727 2448 2782 ordinem
2506 2741 2724 2782 servare
2768 2725 2993 2783 debeam
3044 2722 3348 2789 charitatis.
3407 2721 3613 2785 Omnes

2025 2817 2170 2877 enim
2203 2817 2488 2881 homines,
2526 2817 2668 2874 sicut
2708 2816 2821 2886 jam
2850 2816 3122 2880 diximus,
3170 2813 3474 2875 secundum
3504 2813 3614 2869 hoc

2026 2905 2173 2975 quod
2223 2904 2430 2961 similes
2478 2905 2639 2960 nobis
2668 2912 2818 2971 sunt,
2864 2904 3117 2960 similiter
3142 2902 3403 2974 diligendi
3432 2912 3609 2960 sunt:

2027 2996 2140 3055 imo
2186 2996 2367 3053 omnis
2410 2996 2754 3053 rationabilis
2811 3005 3063 3051 creatura
3106 3010 3138 3050 a
3182 2994 3380 3062 nobis,
3423 3002 3611 3065 utpote

2025 3086 2462 3153 rationabilibus,
2492 3088 2776 3158 aequaliter
2796 3086 3066 3157 diligenda
3095 3095 3198 3143 est.
3227 3085 3610 3158 Adjiciendum

2024 3189 2203 3234 tamen
2235 3178 2291 3232 in
2321 3179 2593 3237 charitate
2633 3188 2719 3236 est
2766 3181 3062 3250 unicuique
3102 3179 3172 3234 ad
3203 3179 3309 3233 hoc
3332 3179 3611 3249 quomodo

2023 3278 2128 3336 est,
2161 3279 2216 3335 et
2252 3270 2321 3325 ad
2349 3272 2452 3327 hoc
2495 3271 2641 3340 quod
2667 3270 3006 3325 rationabilis
3035 3278 3154 3338 est;
3184 3269 3265 3336 si,
3310 3268 3459 3324 verbi
3487 3285 3611 3340 gra-

2024 3360 2118 3426 tia,
2154 3368 2250 3416 aut
2281 3362 2334 3414 in
2362 3361 2627 3426 moribus,
2660 3370 2753 3416 aut
2791 3361 2845 3416 in
2875 3376 3060 3432 opere,
3090 3369 3186 3416 aut
3217 3359 3271 3415 in
3306 3360 3611 3431 proposito,

2021 3457 2117 3515 aut
2141 3448 2200 3503 iu
2234 3448 2486 3512 scientia,
2519 3457 2616 3506 aut
2647 3450 2701 3503 in
2740 3449 2938 3505 studiis
2963 3460 3191 3505 cancros
3219 3449 3516 3519 praecellit;
3553 3457 3610 3505 et

2022 3552 2120 3606 pro
2141 3537 2226 3591 his
2247 3536 2478 3608 singulis
2500 3537 2800 3593 secundum
2825 3552 2986 3592 suum
3021 3536 3222 3604 cuique
3256 3536 3512 3591 meritum
3537 3535 3608 3591 ad

2022 3632 2329 3702 generalem
2362 3631 2708 3686 dilectionem
2737 3630 3049 3686 addendum
3085 3638 3169 3684 est
3196 3629 3363 3689 etiam
3398 3628 3607 3699 specia-

2022 3722 2090 3778 lis
2121 3722 2327 3791 aliquid
2361 3721 2669 3777 charitatis.

2092 3813 2295 3871 Verum
2348 3822 2408 3868 ut
2450 3812 2628 3885 major
2658 3813 2727 3869 de
2752 3813 2837 3869 bis
2884 3813 3147 3868 habeatur
3186 3809 3504 3875 auctoritas,
3534 3810 3606 3866 ab

2023 3902 2143 3971 ipso
2172 3901 2283 3958 Deo
2312 3903 2597 3973 capiamus
2626 3901 2960 3972 exemplum.
2988 3902 3109 3974 Ipse
3132 3903 3279 3958 enim
3308 3914 3458 3958 amat
3485 3918 3607 3958 om~

2021 3993 2112 4057 uia
2140 4008 2263 4063 quae
2303 4003 2434 4055 sunt
2464 3994 2768 4064 aequaliter,
2809 4003 2871 4050 ut
2893 3995 3033 4050 nihil
3059 3995 3234 4051 oderit
3265 4010 3453 4050 eorum
3483 4010 3607 4064 quae

2019 4084 2149 4141 fecit
2185 4103 2198 4139 :
2233 4100 2411 4155 neque
2434 4086 2580 4142 enim
2606 4084 2737 4149 fecit
2767 4087 2971 4157 aliquid
3003 4088 3147 4158 quod
3169 4087 3299 4149 odio
3330 4087 3554 4142 haberet
3587 4106 3603 4142 ε

2020 4191 2129 4237 non
2180 4185 2362 4232 tamen
2413 4177 2484 4231 ob
2529 4177 2637 4239 hoc
2683 4178 2937 4235 similiter
2986 4178 3183 4234 dilexit
3226 4176 3513 4249 Egyptios
3547 4186 3609 4235 ut

2019 4265 2294 4330 llebneos,
2338 4272 2393 4320 et
2423 4265 2766 4323 Pharaonem
2806 4275 2868 4321 ut
2895 4266 3118 4336 Moysen
3152 4274 3207 4321 et
3244 4265 3450 4321 Aaron.
3492 4266 3608 4327 Nee

2016 4373 2213 4413 rursus
2238 4359 2481 4429 reliquos
2506 4357 2648 4413 ﬁlios
2673 4359 2843 4414 Israel
2872 4357 3127 4414 similiter
3155 4357 3344 4414 dilexit
3371 4367 3432 4412 ut
3453 4343 3605 4429 Moy-

2017 4459 2207 4517 sen,et
2231 4449 2439 4516 Aaron,
2470 4459 2526 4506 et
2549 4449 2806 4517 Mariam;
2845 4464 2948 4506 nec
2975 4449 3170 4504 iterum
3200 4449 3383 4506 Aaron
3412 4457 3468 4504 et
3490 4448 3606 4506 Ma-

2019 4541 2156 4595 riam
2194 4541 2444 4598 similiter
2478 4542 2669 4598 dilexit
2715 4549 2778 4598 ut
2820 4540 3065 4609 Moysen,
3110 4541 3362 4613 quamvis
3414 4556 3602 4596 verum

2018 4630 2089 4686 sit
2114 4639 2175 4684 ut
2208 4630 2411 4687 dicitur
2441 4630 2508 4687 ad
2535 4646 2662 4686 eum
2697 4650 2710 4686 :
2748 4629 2939 4685 Parcis
2972 4639 3153 4686 autem
3187 4629 3451 4693 omnibus,
3474 4631 3603 4702 quia

2017 4720 2193 4774 omnia
2227 4728 2321 4775 tua
2356 4730 2503 4789 sunt,
2528 4719 2753 4775 Domine
2771 4729 2982 4775 amator
3007 4720 3328 4776 animarum.
3366 4718 3600 4789 Spiritus

2015 4811 2155 4864 enim
2199 4812 2615 4880 incorruptiouis
2659 4822 2738 4867 est
2787 4812 2844 4866 in
2883 4812 3124 4867 omnibus
3163 4811 3244 4879 “;
3284 4824 3466 4867 tamen
3509 4811 3601 4866 ille

2016 4902 2110 4972 qui
2149 4918 2427 4970 mensura,
2461 4912 2515 4959 et
2538 4917 2793 4968 numero,
2820 4910 2876 4958 et
2903 4903 3142 4974 pondere
3166 4902 3442 4974 disposuit
3479 4918 3598 4958 om-

2016 4991 2132 5059 nia,
2165 4993 2468 5048 secundum
2514 5007 2832 5049 mensuram
2879 4993 2999 5049 sine
3027 4993 3196 5049 dubio
3242 4993 3598 5065 uniuscujus-

2015 5099 2122 5153 que
2152 5087 2469 5139 meritorum
2505 5093 2560 5140 et
2592 5083 2902 5140 dilectionis
2942 5099 3056 5139 suae
3083 5092 3347 5154 temperat
3376 5084 3592 5139 libram.

2016 5172 2274 5245 Nunquid
2323 5190 2432 5230 non
2476 5176 2795 5248 putabimus
2833 5176 2962 5246 quia
2999 5192 3106 5230 non
3151 5176 3401 5231 similiter
3430 5175 3498 5232 ab
3524 5191 3592 5231 eo

2014 5267 2245 5323 dilectus
2292 5276 2376 5323 est
2417 5266 2643 5334 Paulus,
2675 5283 2800 5325 cum
2836 5276 3253 5338 persequeretur
3294 5267 3591 5323 Ecclesiant

2014 5355 2108 5419 Dei
2143 5357 2218 5422 δ’,
2262 5358 2403 5414 sicut
2441 5358 2798 5428 diligebatur,
2845 5359 2974 5413 dum
3027 5358 3142 5427 ipse
3173 5372 3274 5427 pro
3304 5372 3368 5413 ea
3402 5371 3590 5425 perse—

2012 5453 2261 5509 cutiones
2318 5454 2710 5526 cruciatusque
2754 5453 3061 5519 tolerabat,
3109 5461 3163 5506 et
3219 5452 3439 5508 diccbat.
3483 5452 3590 5508 sibi

2012 5544 2190 5604 inesse
2212 5530 2635 5613 sollicitudinem
2660 5546 2902 5607 omnium
2932 5543 3337 5603 Ecclesiarum?
3360 5542 3587 5602 Multum

2265 5745 2303 5775 τι
2343 5743 2385 5799 ll
2423 5744 2547 5798 Cor.
2583 5759 2658 5797 ix.
