4130 6434
545 327 649 382 159

1617 323 1953 380 ORIGENIS
1987 325 2055 380 IN
2091 322 2453 382 CANTICUM
2489 321 2762 380 CANTIC.

3685 323 3789 381 160

533 457 620 502 est
655 458 820 509 nunc,
856 454 915 497 ut
953 442 1093 498 inter
1125 443 1257 498 istos
1285 443 1506 498 ordines
1534 443 1817 498 charitatis
1846 445 2010 499 etiam
2047 446 2116 500 de
2144 454 2186 508 Α
2222 444 2464 499 Ecclesia
2519 443 2657 499 velle
2693 440 2939 496 ordinem
2986 440 3201 497 discere
3245 438 3551 501 cbaritatis.
3597 442 3651 496 id
3704 455 3791 500 est

532 534 730 590 aﬂ‘ectu
764 533 871 587 odii
905 535 996 602 qui
1027 533 1238 586 videtur
1268 533 1392 586 huic
1421 533 1702 589 charitatis
1730 534 1948 588 all’ectui
1981 549 2113 588 con-

531 627 737 684 trarius
768 627 1101 691 inseramus;
1137 626 1263 694 quia
1293 625 1458 677 etiam
1492 624 1755 680 Dominus
1785 627 1916 681 dicit
1950 646 1962 680 :
2001 626 2115 680 Ini-

531 719 697 771 micus
743 733 832 769 ero
878 716 1106 770 inimicis
1151 717 1257 770 tuis
1290 757 1304 780 ,
1347 726 1394 769 et
1443 716 1761 769 adversabor
1798 717 2114 772 adversariis

531 810 635 862 tuis
671 807 734 860 “.
777 807 840 860 Et
882 809 1073 860 iterum
1111 824 1124 860 :
1167 804 1226 860 Si
1263 807 1526 874 peccatori
1570 816 1625 858 tu
1668 808 1914 872 assistis,
1967 817 2016 861 et
2067 810 2115 861 ei

527 916 676 967 quem
707 898 818 951 odit
851 897 1128 961 Dominus,
1171 899 1375 950 amicus
1414 913 1467 950 es
1504 897 1568 952 “.
1604 897 1736 963 Quae
1760 898 1947 968 utique
1975 899 2115 954 hanc

531 989 730 1042 habent
761 988 1198 1054 absolutionem,
1243 1003 1406 1056 quam
1453 998 1505 1042 et
1548 989 1677 1042 illud
1729 990 1874 1058 quod
1906 990 2110 1044 dictum

526 1086 610 1130 est
645 1094 658 1129 :
695 1075 913 1129 Ilonora
959 1087 1164 1141 patrem
1211 1086 1358 1129 tuum
1399 1089 1446 1131 et
1488 1087 1709 1132 matrem
1755 1088 1900 1132 tuam
1948 1079 2014 1134 “.
2048 1079 2114 1133 Et

527 1167 721 1221 iterum
760 1185 772 1220 :
812 1168 918 1231 Qui
967 1184 1071 1220 non
1111 1168 1222 1220 odit
1274 1179 1475 1237 patrem
1522 1171 1608 1234 δ’,
1655 1179 1708 1223 ct
1761 1169 2004 1238 reliqua,
2057 1169 2110 1222 in

525 1273 636 1328 quo
667 1258 913 1327 profecto
966 1259 1264 1315 nimietatis
1298 1261 1540 1315 charitas
1583 1262 1636 1315 in
1687 1261 1855 1316 Deum
1893 1263 1978 1316 his
2015 1261 2110 1330 qui

525 1353 890 1406 adversantur
927 1352 1263 1406 contrarium
1304 1353 1517 1406 videtur
1543 1367 1802 1423 generare
1836 1352 2110 1415 allectum,

527 1443 657 1496 dum
704 1441 854 1496 nulla
895 1451 1074 1512 potest
1100 1459 1218 1499 esse
1252 1443 1606 1498 consonantia
1635 1443 1739 1497 luci
1763 1451 1816 1498 et
1849 1442 2110 1506 tenebris,

526 1544 584 1589 et
613 1534 830 1590 Christo
869 1551 993 1590 cum
1027 1536 1216 1602 Belial,
1254 1553 1353 1592 nec
1390 1538 1577 1591 eadem
1610 1535 1787 1606 portio
1820 1550 1941 1590 esse
1968 1533 2109 1588 lideli

529 1639 654 1680 cum
683 1625 907 1680 inlldeli.
936 1623 1028 1680 His
1049 1641 1177 1694 ergo
1202 1634 1261 1680 nt
1286 1627 1556 1694 potuimus
1581 1625 1646 1680 de
1671 1623 1951 1680 charitatis
1972 1623 2114 1678 ordi-

529 1714 688 1768 nibus
709 1713 992 1783 expositis,
1025 1723 1170 1784 patet
1194 1715 1258 1768 ad
1286 1715 1689 1784 intelligendum
1707 1715 1837 1784 quid
1860 1715 1932 1769 sit
1959 1714 2106 1784 quod

527 1812 717 1872 poscat
743 1819 961 1873 sponsa,
991 1805 1043 1858 id
1067 1813 1151 1860 est
1173 1804 1435 1872 Ecclesia,
1469 1806 1552 1860 vel
1574 1806 1754 1860 anima
1784 1807 2014 1862 tendens
2035 1807 2103 1862 ad
2136 1788 2180 1848 Β

527 1893 634 1962 75
660 1892 1079 1962 perfectionem,
1123 1893 1370 1962 ιιι-ωειπί
1409 1895 1514 1948 sibi
1544 1895 1614 1949 ab
1650 1896 1844 1950 amicis
1874 1895 2103 1966 sponsi,

523 1982 786 2052 quoniam
839 1981 1117 2037 introduci
1151 1999 1210 2037 se
1248 1994 1573 2054 poposcerat
1601 1986 1654 2039 in
1689 1985 1912 2040 domum
1957 1986 2104 2052 vini,

526 2073 619 2128 ubi
649 2072 768 2128 sine
796 2073 966 2128 dubio
997 2073 1340 2128 intellexerat
1365 2076 1421 2128 in
1465 2076 1722 2131 omnibus
1754 2076 1840 2132 his
1869 2091 1993 2146 qua:
2027 2077 2109 2130 vi-

524 2167 702 2229 derat,
734 2167 978 2222 eminere
1007 2175 1065 2221 ct
1097 2166 1403 2235 pra-cellere
1431 2168 1660 2236 gratiam
1693 2168 1980 2224 charitatis
2002 2209 2017 2233 ,
2053 2177 2109 2223 et

529 2253 706 2323 ipsam
741 2255 1007 2310 didicerat
1049 2257 1310 2326 majorem
1343 2259 1616 2325 omnium,
1653 2261 1939 2329 solamque
1983 2273 2108 2316 esse

529 2345 858 2401 charitatem
890 2363 1011 2416 quae
1042 2364 1318 2418 nunquam
1354 2349 1548 2404 cadet:
1598 2350 1722 2406 ideo
1763 2350 2010 2420 deposcit
2047 2359 2109 2406 ut

527 2436 776 2492 Ordinem
825 2438 945 2506 ejus
977 2439 1172 2504 discat,
1204 2454 1272 2494 ne
1307 2439 1447 2494 forte
1487 2441 1694 2510 aliquid
1736 2442 2106 2498 inordinatqu

529 2524 740 2581 faciens
768 2528 966 2583 vtinus
998 2528 1068 2582 ab
1097 2543 1158 2581 ea
1192 2529 1411 2598 aliquod
1460 2530 1712 2599 accipiat,
1744 2542 1804 2586 ut
1836 2532 1890 2586 in
1922 2541 2107 2602 poste-

525 2618 764 2672 rioribus
801 2618 1002 2673 dicitur
1042 2634 1055 2670 :
1101 2618 1401 2675 Vulnerata
1440 2621 1718 2676 charitatis
1756 2639 1848 2693 ego
1884 2639 2002 2678 sum
2035 2624 2102 2678 “.

525 2709 604 2765 Ea
653 2721 833 2767 autem
887 2714 1001 2768 sive
1055 2714 1125 2769 ab
1193 2715 1400 2786 angelis
1454 2715 1565 2771 dici
1633 2717 2005 2787 accipiamus,
2075 2733 2105 2773 a

2217 535 2554 606 propheticis
2593 534 2791 588 instrui
2823 534 3216 598 voluminibus,
3248 549 3358 588 non
3391 533 3663 589 videbitur
3693 537 3792 589 ab—

2215 632 2466 685 surdum.
2503 631 2608 686 Sed
2640 638 2695 684 et
2737 644 2929 684 omnes
2958 629 3132 684 sancti
3163 629 3256 698 qui
3289 629 3356 683 de
3403 630 3504 683 hac
3534 629 3644 683 vita
3689 631 3789 684 de-

2215 731 2526 787 cesserunt,
2561 723 2822 777 habentes
2851 721 3034 776 adhuc
3061 722 3386 776 charitatem
3412 735 3538 792 erga
3571 735 3668 776 eos
3691 721 3786 791 qui

2214 811 2269 865 in
2316 812 2420 865 hoc
2455 812 2661 866 mundo
2693 819 2851 877 sunt,
2885 813 2930 865 si
2964 812 3219 866 dicantur
3248 826 3435 865 curam
3470 826 3658 880 gerere
3692 827 3786 866 sa-

2214 902 2347 956 lutis
2374 917 2587 965 eorum,
2621 911 2676 956 et
2712 902 2906 971 juvare
2933 917 3028 956 eos
3058 903 3312 973 precibus
3341 902 3479 968 suis,
3506 911 3673 971 atque
3703 903 3788 956 in-

2214 1001 2461 1046 terventu
2507 1008 2608 1048 suo
2647 993 2788 1062 apud
2837 991 3030 1058 Deum,
3080 1009 3188 1047 non
3228 992 3332 1047 erit
3376 992 3787 1047 inconveniens.

2214 1081 2487 1152 Scriptum
2537 1099 2776 1153 namque
2802 1092 2880 1138 est
2935 1084 2991 1137 in
3025 1083 3460 1138 Machabazorum
3491 1082 3646 1138 libris
3669 1083 3786 1140 ita:

2215 1171 2319 1224 llic
2351 1179 2427 1225 est
2458 1170 2722 1226 Jeremias
2757 1173 3011 1242 propheta
3049 1171 3166 1238 Dei,
3196 1172 3286 1242 qui
3315 1189 3517 1240 semper
3543 1184 3661 1226 orat
3692 1190 3791 1242 pro

2210 1261 2405 1329 populo
2427 1262 2495 1315 ⁸³.
2519 1260 2624 1315 Sed
2643 1272 2697 1315 et
2717 1262 2783 1315 ad
2804 1261 3085 1331 apostolos
3108 1262 3224 1315 haec
3249 1261 3380 1325 dici,
3404 1270 3464 1315 ut
3489 1278 3653 1331 supra
3672 1262 3789 1331 jam

2211 1352 2344 1414 dixi,
2394 1367 2502 1406 non
2536 1353 2814 1408 videbitur
2845 1354 3084 1407 alienum
3127 1371 3140 1406 :
3174 1368 3270 1422 per
3299 1353 3400 1407 hos
3425 1353 3574 1407 enim
3607 1355 3791 1410 omnis

2210 1441 2457 1496 Ecclesia
2494 1442 2610 1508 Dei,
2643 1443 2725 1497 vel
2755 1443 2935 1497 anima
2982 1457 3235 1511 quarens
3258 1440 3452 1505 Deum,
3487 1441 3789 1498 introduci-

2210 1540 2301 1586 tur
2331 1532 2386 1586 in
2416 1533 2640 1586 domum
2673 1531 2806 1597 vini,
2840 1540 2899 1584 ut
2930 1547 3097 1600 supra
3139 1531 3404 1596 diximus,
3443 1539 3499 1584 et
3527 1534 3787 1588 aromati-

2179 1621 2315 1677 -bus
2347 1631 2510 1691 atque
2535 1622 2800 1676 odoribus
2828 1622 3086 1691 repletur,
3118 1633 3173 1676 et
3205 1622 3555 1691 componitur
3578 1623 3633 1676 in
3670 1639 3787 1678 mc-

2211 1717 2340 1783 lius,
2387 1717 2530 1770 sicut
2581 1716 2635 1770 in
2690 1715 3096 1786 posterioribus
3129 1715 3382 1784 legimus,
3436 1724 3492 1769 et
3524 1715 3788 1773 docemur

2207 1823 2424 1863 omnem
2454 1808 2703 1864 ordinem
2734 1810 3112 1874 rationemque
3143 1807 3445 1870 charitatis.
3541 1825 3576 1854 ο

2277 1899 2432 1955 Vers.
2475 1900 2528 1954 5.
2562 1899 2887 1968 Con/innate
2928 1917 3009 1954 me
3039 1902 3093 1953 in
3125 1899 3436 1968 unguentis,
3479 1898 3674 1965 stipate
3707 1913 3788 1952 nte

2206 1991 2261 2044 in
2294 1990 2448 2043 malis
2479 1990 2614 2059 (67),
2647 1992 2773 2060 quia
2801 1990 3088 2044 uulnerata:
3119 1990 3402 2042 charitatis
3436 2003 3529 2058 ego
3558 2004 3696 2041 sum.
3724 1985 3784 2042 In

2207 2081 2398 2136 Graeco
2422 2081 2643 2150 quidem
2671 2081 2905 2136 habetur
2935 2098 2949 2134 :
2974 2080 3301 2149 Confirmate
3323 2095 3403 2132 nte
3430 2080 3486 2131 in
3521 2079 3786 2146 mgrrhis:

2206 2171 2458 2243 myrrhin
2513 2187 2684 2242 genus
2712 2171 2988 2240 quoddam
3021 2170 3237 2224 arboris
3284 2169 3595 2231 nominans,
3637 2168 3788 2238 quod

2207 2261 2384 2318 Latini
2421 2272 2670 2332 putantes
2691 2262 2914 2333 myrrha
2941 2261 3172 2327 dictum,
3206 2269 3480 2328 unguenta
3514 2261 3783 2329 interpre-

2209 2353 2307 2409 tati
2358 2359 2507 2408 sunt.
2543 2350 2716 2422 Igitur
2762 2351 2901 2405 ordo
2953 2349 3226 2404 sermonis
3278 2349 3591 2418 hujusmodi
3639 2358 3725 2403 est
3768 2365 3785 2404 :

2211 2454 2570 2514 posteaquam
2602 2458 2805 2512 sponsa
2847 2451 2903 2498 et
2948 2443 3111 2496 verba
3143 2456 3212 2496 ex
3243 2456 3340 2495 ore
3392 2441 3563 2509 ipsius
3597 2441 3787 2510 sponsi

2211 2537 2440 2601 audivit,
2469 2544 2524 2591 et
2554 2536 2866 2590 cubiculum
2897 2534 3040 2605 regis
3067 2535 3314 2603 ingressa
3347 2542 3450 2598 est,
3483 2542 3539 2587 et
3560 2533 3785 2588 domum

2209 2628 2321 2682 vini
2346 2627 2639 2696 locumque
2653 2627 2892 2682 convivii
2906 2642 2972 2681 ac
2989 2625 3291 2696 sapientia,
3309 2624 3432 2679 etin
3451 2638 3518 2678 eo
3532 2624 3788 2678 victimas

2207 2727 2262 2773 et
2279 2727 2544 2773 craterem
2570 2718 2788 2772 mistnm
2823 2717 3185 2772 sacramentis
3217 2715 3338 2784 ejus
3364 2715 3603 2783 aspexit,
3627 2712 3789 2783 quasi

526 2803 728 2873 quibus
773 2820 832 2859 se
878 2805 1073 2859 instrui
1127 2807 1366 2875 postulat
1415 2816 1471 2860 et
1517 2808 1752 2872 muniri,
1815 2808 1952 2861 nihil
2005 2808 2108 2862 ab—
2211 2808 2266 2861 in
2299 2807 2492 2861 horum
2540 2808 2782 2860 omnium
2813 2807 3174 2860 admiratione
3217 2814 3480 2874 stupens,
3511 2815 3564 2857 et
3599 2800 3789 2856 saucia

527 2897 754 2951 surdum
787 2897 1093 2965 videbitur;
1125 2898 1425 2953 secundum
1478 2897 1581 2952 hoc
1609 2899 1755 2968 quod
1792 2898 1858 2953 de
1907 2899 2109 2968 popqu
2211 2897 2458 2968 postulat
2498 2897 2568 2950 ab
2617 2897 2752 2966 ipsis
2790 2897 3150 2950 nihilominus
3188 2895 3383 2948 amicis
3418 2903 3472 2947 et
3509 2893 3791 2947 sodalibs

526 2989 726 3043 dicitur
753 3007 767 3043 :
800 2988 1101 3054 La’tamini,
1132 2999 1328 3058 gentes,
1363 3005 1479 3042 eum
1511 2989 1700 3058 populo
1730 2990 1864 3058 ejus,
1900 3001 1950 3043 et
1985 3005 2110 3042 con-
2214 2990 2402 3059 sponsi
2440 2998 2502 3044 ut
2531 2989 2908 3054 conﬁrmetur,
2951 3001 3006 3043 et
3037 2990 3200 3058 quasi
3239 2987 3500 3040 deﬁciens
3524 2995 3794 3040 sustente-

528 3081 722 3150 fortent
749 3097 834 3134 eos
869 3097 1045 3135 omnes
1075 3081 1250 3151 angeli
1288 3079 1386 3134 Dei
1411 3080 1476 3133 ⁸⁷.
1513 3079 1580 3135 Et
1615 3089 1676 3135 ut
1718 3081 1772 3134 in
1820 3081 1942 3135 aliis
1971 3080 2106 3134 dici-
2140 3131 2178 3151 η
2217 3090 2328 3147 tur,
2361 3081 2685 3136 incumbens
2713 3081 2935 3150 paulum
2981 3095 3146 3148 super
3179 3079 3433 3131 arborem
3467 3077 3666 3147 μύρριν
3707 3078 3792 3130 vel

527 3185 660 3229 tur:
692 3172 1002 3227 Circumdat
1038 3174 1256 3244 angelus
1293 3172 1509 3226 Domini
1548 3175 1602 3227 in
1646 3175 1873 3227 circuitu
1916 3175 2105 3228 timen-
2138 3169 2180 3190 ν
2214 3175 2454 3228 meliam.
2489 3173 2708 3227 Amoris
2753 3173 2901 3226 enim
2950 3172 3174 3224 vulnere
3222 3185 3481 3240 percussa
3527 3169 3787 3224 arborum

531 3266 664 3316 tium
697 3280 841 3327 eum,
875 3273 923 3318 et
958 3264 1147 3332 eripiet
1177 3279 1264 3316 eos
1303 3263 1366 3317 ⁸⁸.
1423 3261 1490 3317 Et
1537 3263 1663 3317 item
1703 3263 1832 3317 alibi
1863 3281 1876 3318 :
1922 3262 2107 3318 Nolite
2207 3263 2404 3318 solatia
2451 3263 2826 3331 silvarumque
2860 3269 3118 3316 sectatur.
3148 3259 3275 3314 Haec
3310 3259 3609 3313 secundum
3645 3259 3792 3312 litte-

526 3364 851 3408 contemnere
898 3370 1062 3407 unum
1093 3369 1157 3407 ea:
1203 3354 1438 3406 minimis
1485 3353 1606 3408 istis
1636 3355 1730 3422 qui
1764 3355 1820 3406 in
1864 3354 2107 3408 Ecclesia
2205 3370 2346 3409 ram.
2381 3354 2484 3409 Sed
2516 3370 2582 3408 ex
2607 3354 2692 3408 his
2719 3363 2778 3408 ut
2806 3353 3032 3422 exsequi
3063 3353 3338 3422 possimus
3375 3351 3788 3420 intelligentiam

524 3455 668 3510 sunt,
705 3462 831 3514 quia
860 3444 1036 3514 angeli
1065 3460 1246 3497 eorum
1269 3460 1470 3513 semper
1500 3445 1676 3498 vident
1701 3445 1892 3513 faciem
1919 3445 2104 3500 Patris
2213 3446 2536 3515 spiritalem,
2576 3444 2882 3514 indigemus
2912 3444 3002 3497 illa
3033 3444 3205 3513 gratia
3245 3456 3409 3512 quam
3447 3441 3706 3509 consequi
3753 3453 3785 3492 a

526 3539 627 3590 mei
653 3537 744 3606 qui
777 3537 833 3589 in
884 3536 1028 3589 caelis
1063 3535 1226 3588 est".
1264 3535 1366 3590 Sed
1400 3545 1454 3591 et
1484 3537 1537 3590 in
1569 3536 1894 3608 Apocalypsi
1941 3537 2109 3592 Joan-
2215 3535 2327 3590 Deo
2374 3535 2574 3590 meruit
2607 3534 2720 3604 ipse
2755 3534 3037 3600 Salomon,
3085 3534 3178 3602 qui
3223 3533 3468 3586 omnium
3512 3547 3636 3600 quae
3659 3539 3789 3584 sunt

526 3627 614 3682 nis
643 3626 838 3696 angelo
873 3624 1215 3694 Thyatirensi
1248 3625 1619 3680 testimonium
1662 3625 1756 3679 dat
1797 3625 1967 3682 Filius
2010 3626 2106 3681 Dei

528 3728 630 3785 pro
656 3712 924 3767 charitate
949 3727 1114 3780 quam
1148 3713 1420 3767 ordinavit
1449 3715 1674 3784 angelus
1702 3714 1816 3783 ipse
1843 3715 1894 3767 in
1920 3713 2107 3769 Eccle-

527 3805 610 3859 sia
643 3803 745 3858 sibi
789 3803 1108 3856 commissa.
1157 3802 1246 3859 Sic
1295 3806 1439 3859 enim
1488 3807 1752 3875 scriptum
1795 3815 1879 3860 cst
1916 3823 1930 3861 :
1981 3804 2106 3860 Scio

526 3911 686 3964 opera
725 3904 818 3946 tua
849 3902 900 3946 et
932 3893 1243 3948 charitatem
1289 3906 1455 3960 luant,
1491 3906 1540 3950 et
1588 3897 1744 3964 [idem
1776 3905 1826 3951 et
1864 3899 2106 3952 ministe-

529 3984 690 4049 rium,
721 3995 768 4037 et
802 3985 1135 4052 patientiam,
1163 3995 1212 4038 et
1244 4001 1403 4054 opera
1436 3997 1531 4039 tua
1570 3987 1858 4040 nouissima
1898 3987 2107 4054 majora

529 4088 690 4140 quam
731 4075 913 4142 priora
953 4075 1020 4128 '°.
1054 4074 1159 4130 Sed
1187 4077 1290 4130 etsi
1343 4077 1411 4130 ad
1451 4077 1746 4146 prOphetas
1791 4077 1909 4131 haec
1965 4077 2105 4132 refe-

533 4177 742 4226 ramus,
793 4165 883 4233 qui
925 4165 1374 4220 ministraverunt
1426 4167 1653 4220 verbum
1703 4166 1798 4221 Dei
1841 4176 1966 4222 ante
2010 4167 2110 4221 ad-

535 4263 752 4309 ventum
788 4258 995 4326 sponsi,
1035 4266 1092 4310 ut
1120 4273 1216 4327 per
1247 4258 1489 4327 ipsorum
1519 4257 1824 4312 doctrinam
1861 4259 2111 4313 videatur

606 4417 652 4448 “
685 4415 854 4470 Exod.
895 4434 1049 4480 χχιιι,
1079 4419 1170 4474 22.
1247 4418 1290 4450 ’⁵³
1322 4419 1364 4471 ll
1390 4417 1625 4485 Paralip.
1659 4434 1769 4484 xui,
1793 4415 1846 4470 2.
1924 4416 1968 4448 ⁸⁸
1997 4417 2110 4472 Exo

2213 4435 2285 4482 εκ,
2321 4418 2405 4472 12.
2482 4418 2526 4450 ⁸³
2563 4415 2696 4472 Luc.
2733 4431 2843 4485 xiv,
2872 4415 2964 4485 ‘26,
3044 4415 3088 4445 “
3108 4414 3269 4485 Cant.
3297 4429 3356 4480 ιι,
3405 4413 3460 4467 5.

531 4488 810 4554 xxxu,45.
886 4487 930 4518 ’⁸⁸
959 4487 1041 4543 Ps.
1062 4489 1099 4541 ι.
1128 4503 1312 4554 xxxiv,
1353 4487 1404 4541 7.
1481 4488 1524 4520 δν
1556 4487 1747 4540 Matth.
1828 4503 1977 4555 svnt,
2012 4489 2098 4543 10.

2213 4490 2408 4559 Ἀροο.
2466 4503 2528 4554 ιι,
2562 4486 2646 4540 19.

2214 3623 2462 3680 radicum
2492 3632 2545 3678 et
2567 3624 2825 3678 arborum
2857 3632 2910 3678 et
2935 3623 3290 3692 virgultorum
3322 3631 3546 3674 naturas
3571 3619 3783 3682 didicit,

2213 3724 2276 3770 ut
2305 3716 2572 3770 sciremus
2611 3724 2665 3769 et
2699 3729 2798 3768 nos
2830 3730 2953 3783 quae
2983 3715 3084 3776 vis,
3113 3723 3168 3768 et
3191 3729 3314 3783 qua:
3349 3721 3542 3766 natura
3579 3712 3651 3765 sit
3693 3725 3788 3763 ar-

2214 3807 2366 3862 boris
2416 3805 2676 3876 myrrbat,
2724 3821 2836 3875 quo
2872 3815 3239 3874 competenter
3285 3820 3350 3858 ex
3397 3805 3497 3857 hac
3527 3802 3790 3870 spiritalis

2211 3897 2384 3968 aptari
2417 3897 2589 3966 possit
2613 3897 2907 3965 expositio.
2954 3895 3070 3950 Hoc
3102 3905 3185 3949 est
3210 3905 3390 3948 autem
3432 3893 3576 3962 quod
3609 3893 3787 3945 solum

2213 3988 2498 4058 pervenire
2538 3988 2604 4041 ad
2639 4002 2740 4042 nos
2779 3987 2848 4041 de
2898 3987 3060 4056 hujus
3102 3988 3315 4040 arboris
3360 3985 3551 4038 notitia
3580 3987 3789 4052 potuit,

2215 4080 2341 4145 quia
2373 4077 2594 4131 odorem
2631 4077 2808 4132 solum
2849 4076 3044 4130 habeat
3075 4090 3322 4142 suavem,
3361 4074 3568 4126 nullum
3611 4081 3789 4124 tamen

2217 4167 2406 4221 afferat
2435 4166 2694 4221 fructum.
2721 4166 2875 4220 Mclia
2899 4181 3026 4220 vero
3048 4167 3213 4219 arbor
3237 4174 3424 4218 notum
3455 4162 3666 4216 cunctis
3681 4170 3787 4226 est,

2215 4258 2360 4328 quod
2395 4274 2500 4312 non
2534 4258 2708 4312 solum
2743 4256 2883 4312 ferat
2913 4256 3174 4323 fructum,
3197 4256 3292 4310 sed
3323 4264 3376 4310 et
3403 4255 3783 4309 dulcissimum

3564 4412 3606 4442 ⁵⁷
3632 4409 3786 4465 Deut.

2746 4486 2790 4516 ’ί
2827 4483 2871 4537 II
2902 4483 3037 4538 Mac.
3073 4500 3163 4547 xv,
3195 4483 3277 4538 M.

607 4625 719 4694 (67)
737 4624 938 4697 Stipate
957 4642 1036 4679 me
1055 4627 1110 4697 in
1133 4623 1743 4697 malis,_etc_.Proc0pius
1759 4641 1823 4697 ex
1841 4625 2102 4697 Origene:
2144 4631 2187 4686 [ι
2218 4627 2281 4697 tit
2309 4643 2324 4679 :
2356 4624 2671 4697 t-Beclinale
2692 4640 2773 4677 me
2804 4622 3040 4697 iit/flore,
3073 4640 3118 4697 i_
3144 4621 3246 4673 hoc
3283 4630 3364 4674 est
3394 4620 3450 4671 in
3479 4618 3791 4697 lignisbene

535 4695 902 4766 Στοιϐἀσαιτέ
927 4713 1005 4764 με
1031 4695 1273 4766 μήλοις.
1312 4694 1690 4766 ὐΑΣύμμαχίος
1734 4696 1906 4761 οὕτως
1945 4694 2112 4766 ’ἐκδέ-

532 4765 705 4819 δωκεν
721 4781 733 4794 ·
771 4765 1250 4834 γἘπανακλίνατέ
1272 4781 1348 4834 με
1371 4764 1441 4817 ἐν
1465 4764 1651 4830 ἄνθέι,
1683 4767 1957 4819 τουτέστιν
1981 4765 2115 4818 εὐώ-

537 4835 652 4888 δεσι
673 4833 906 4915 δένᾷροις
933 4837 1044 4897 τοῖς
1067 4833 1230 4887 καλὸν
1251 4833 1463 4920 καρπὸν
1479 4835 1688 4888 ποιοῦσι
1716 4837 1809 4889 καὶ
1829 4835 2112 4900 ἀνθοῦντα,

537 4905 647 4960 τῶν
671 4903 887 4975 φαύλων
912 4904 1216 4975 λεγομένων
1241 4904 1468 4975 δένορων
1489 4905 1754 4975 ἀκάρπων
1782 4905 1815 4975 ἦ
1841 4906 2116 4975 κακοκάρτ

537 4905 647 4960 τῶν
671 4904 887 4974 φαύλων
912 4904 1216 4985 λεγομένων
1241 4904 1474 4990 δένδρων,
1489 4905 1754 4976 ἀκάρπων
1782 4905 1815 4975 ἦ
1841 4906 2116 4975 κακοκάρ-

542 4991 664 5046 πων.
681 4973 867 5046 ὀντων.
889 4975 1021 5026 Τινὰ
1042 4975 1101 5046 δὲε
1128 4991 1233 5026 των
1255 4990 1601 5046 αντιγραφων
1623 4975 1736 5045 ἔχει
1752 4993 1764 5005 ·
1783 4973 2118 5046 λΣτηρίξαςέ

535 5059 612 5112 με
640 5042 710 5094 ἐν
755 5044 1035 5110 ἀμύροιςο
1080 5043 1107 5095 ὂ
1151 5043 1364 5124 νοητὲον
1471 5042 1696 5107 memini
1739 5044 1857 5114 μὲν,
1899 5046 1959 5096 οὐ
2011 5043 2117 5113 μὴν

539 5112 618 5184 ᾡς
642 5113 996 5184 χρηματίζειν
1031 5113 1165 5184 μέλη
1193 5131 1292 5184 της
1323 5114 1398 5184 μὴ
1425 5114 1656 5183 ὲχειύεττις
1687 5113 1934 5184 ςπῖλρνίῆ
1977 5111 2117 5184 ῥυτί-

539 5129 996 5252 ἓυςμῆηῆἷτιςειιν
1031 5129 1292 5213 5151:1111};
1323 5129 1398 5184 μη
1425 5129 1656 5235 εχὲυοης
1687 5129 1934 5235 ςπξιέκένδὲ
1953 5129 2116 5234 ἕντι-

541 5199 772 5304 εῧσατῖ
787 5199 1190 5304 αὲτξνῖἳῧνῖἐέὶ
1216 5199 1927 5304 ξὲέτέἓὲἓωνρὲσὲἓῒι·μαγος.
1958 5199 2116 5304 ιιέἒῖῖ

541 5250 762 5324 suam
782 5268 859 5324 ys
882 5250 952 5305 ἐν
971 5250 1586 5324 μῄλοὶςησαφηνιςῳνὸ
1613 5252 1927 5324 Σύμμαχος,
1958 5255 2116 5324 Περι-

542 5317 835 5392 κιμίσαὲέ
855 5339 931 5390 με
959 5317 1131 5392 μῆλα
1159 5317 1313 5392 εἷπε.
1338 5317 1594 5392 Βούλεται
1627 5317 1750 5392 γᾲ’ρ’
1771 5317 2016 5392 ὴ’νύμφη
2039 5317 2115 5392 ⁷-ὲν

543 5388 756 5468 πολλοῖς
805 5388 1349 5468 πὲριιίξκύλισμένοις
1409 5389 1578 5468 ᾳύτὴν
1611 5388 1807 5468 inﬂict-9;
1841 5388 2116 5468 ἀνᾲπὰύς-

543 5459 664 5539 ςρειι
684 5475 699 5491 '
731 5457 908 5539 ἆτενρξ,
943 5457 1118 5539 οῐμςι,
1165 5457 1378 5539 ξιαρςτός
1403 5457 1688 5539 fortiori;
1711 5457 1881 5539 pjlou
1914 5461 2116 5539 ὲνρςοξίς

541 5529 718 5614 ξύλοις
743 5531 838 5584 τοῦ
861 5528 1089 5614 spineo,
1115 5528 1372 5614 νυμῴίού,
1403 5529 1489 5581 ἵνα
1511 5529 1608 5614 τῇς
1631 5528 1810 5581 αὐτῶν
1839 5528 2115 5614 μεταλάϐῃ

542 5599 821 5670 ποιότητος
850 5617 864 5630 ’
893 5598 906 5603 ⁷
941 5598 1229 5667 Τέτρωμᾱι
1292 5599 1401 5668 γὰρ
1454 5599 1680 5666 φίλτρῳ
1702 5637 1715 5660 ,
1775 5599 1907 5668 φησὶ
1977 5598 2116 5652 κατὰ

545 5667 863 5730 Σύμμαχον,
912 5668 1033 5722 ἀπὸ
1086 5669 1191 5721 τοῦ
1235 5667 1521 5721 existeret?
1561 5669 1788 5730 βέλους
1847 5669 1985 5722 κατὰ
2023 5668 2113 5720 τὸν

548 5683 863 5739 ιυμμαχον,
912 5683 1033 5722 ιιπο
1086 5686 1191 5721 του
1235 5683 1521 5721 εκ.ιεκτου
1561 5683 1788 5734 peaovc
1847 5683 1985 5722 κατα
2023 5683 2098 5720 τοι

558 5739 806 5794 Ἡσαΐαν.
847 5759 864 5791 ι
901 5738 1109 5809 Stipate
1140 5753 1216 5790 mc
1248 5738 1300 5790 in
1325 5737 1498 5792 mults.
1538 5758 1554 5789 ι
1598 5738 1956 5812 Symmachus
1991 5756 2098 5796 ver~

2219 4696 2503 4759 olentibus,
2527 4688 3067 4763 pulchrumgvidelicet
3091 4692 3322 4756 fructum
3355 4700 3508 4763 atque
3537 4688 3789 4755 ﬂoridum

2220 4758 2561 4834 facientibus.
2596 4762 2716 4816 Illa:
2743 4761 2881 4814 enim
2903 4761 3112 4834 arbores
3146 4775 3261 4834 qua:
3292 4758 3446 4834 multa
3489 4773 3790 4834 nuncupan-

2219 4829 2326 4898 iur,
2359 4834 2435 4886 vel
2467 4834 2672 4886 steriles
2697 4839 2841 4894 sunt,
2877 4829 2952 4882 vel
2977 4829 3141 4881 malos
3170 4831 3387 4898 [ructus
3410 4829 3605 4895 ferunt.
3637 4829 3790 4890 Qua--

2220 4895 2345 4955 dum
2385 4913 2561 4954 autem
2609 4900 2932 4968 exemplaria
2975 4895 3179 4951 habent
3212 4913 3229 4950 :
3288 4917 3304 4947 ι
3343 4895 3551 4968 Fulcite
3598 4913 3697 4968 me
3731 4898 3788 4948 in

2220 4972 2452 5041 amyris,
2487 4990 2505 5022 ι
2561 4988 2660 5040 quo
2701 4965 2908 5041 nomine
2941 4969 3263 5041 intelligendi
3299 4976 3420 5041 sunt
3451 4965 3527 5019 vel
3573 4965 3784 5041 ﬁdeles,

2222 5036 2329 5094 non
2351 5041 2426 5092 sic
2455 5036 2625 5094 tamen
2662 5051 2718 5093 ut
2750 5039 2969 5093 audiant
3010 5038 3238 5090 membra
3264 5037 3377 5104 ejus
3404 5051 3521 5104 qua:
3551 5051 3651 5087 non
3691 5036 3788 5087 Ita-

2221 5111 2339 5163 bent
2376 5110 2642 5163 maculam
2681 5120 2773 5162 aut
2815 5124 3020 5177 rugam,
3061 5108 3145 5177 uel
3169 5106 3389 5177 alieui_a
3423 5107 3526 5173 [ide
3564 5104 3784 5177 Christi.

2221 5180 2368 5233 Illud
2410 5190 2606 5242 autem,
2644 5197 2663 5230 ι
2693 5173 2898 5243 διίραιὸ
2923 5193 3002 5230 me
3039 5176 3217 5237 malis,
3252 5194 3269 5225 ι
3310 5173 3786 5243 δυηιηιαεὴιιείᾴε-

2222 5250 2432 5302 clarans
2466 5241 2602 5303 dixit
2635 5265 2653 5302 :
2693 5267 2712 5300 ‹
2745 5241 3178 5303 Circumsternite
3228 5261 3307 5298 me
3350 5241 3527 5296 malis.
3580 5261 3598 5295 ι
3664 5241 3786 5295 Vult

2220 5320 2357 5373 enim
2379 5335 2570 5387 sponsa
2594 5319 2649 5371 in
2692 5319 2873 5371 multis
2897 5332 3012 5370 eam
3039 5313 3486 5387 circumdantibus
3519 5312 3674 5387 malis
3703 5328 3788 5365 re-

2219 5382 2502 5469 quiescere,
2535 5404 2666 5469 lquaz
2713 5387 2945 5469 quidem,
2987 5386 3194 5469 opinor,
3241 5383 3550 5469 illiusnnqli
3579 5382 3786 5469 fructus

2222 5451 2341 5512 sunt
2367 5460 2504 5512 inter
2529 5451 2674 5525 ligna
2697 5451 2865 5514 silum.
2891 5457 2989 5525 hoc
3012 5451 3088 5508 est
3118 5455 3316 5525 sponsi,
3348 5462 3404 5504 ut
3432 5451 3646 5505 illorum
3669 5467 3790 5520 per-

2223 5529 2384 5598 cipiat
2415 5524 2746 5599 qualitatent.
2796 5543 2828 5599 ιΔ
2861 5524 3150 5599 Vulnerata
3190 5524 3327 5599 enim
3377 5537 3504 5599 sunt
3527 5538 3723 5585 amore,
3761 5537 3782 5570 ι

2221 5593 2506 5652 secundum
2560 5595 2954 5666 Symmachum,
3005 5612 3022 5645 ι
3056 5593 3120 5647 ab
3174 5593 3338 5647 electa
3390 5594 3610 5662 sagitta,
3658 5610 3676 5643 ι
3730 5599 3787 5643 ut

2225 5667 2398 5723 Isaias
2421 5667 2674 5737 loquitur.
