2065 3211
145 171 193 200 161

818 172 918 200 LIBER
938 172 1101 201 TERTIUS.

1724 179 1775 208 162

143 236 171 259 et
185 231 380 259 suavissimum
397 228 477 257 ferat.
494 229 596 257 Omnes
608 230 692 266 igitur
705 230 832 261 homines
847 231 928 258 arbo-
943 235 965 262 Α
981 232 1089 263 cibum,
1106 232 1154 259 sed
1171 235 1198 259 et
1217 237 1315 258 omnes
1337 231 1449 260 delicias
1463 242 1470 260 :
1488 238 1515 260 et
1537 241 1586 269 per
1602 242 1633 263 ea
1654 243 1775 265 maxime

143 284 189 304 res
210 276 339 303 dicuntur
363 275 422 303 sive
437 275 525 308 bonae,
548 275 606 303 sive
620 276 709 308 malae,
729 279 756 303 et
772 275 931 309 fructuosae,

144 321 202 349 sive
214 321 401 350 infructuosa}.
415 321 487 349 sicut
498 325 525 348 et
540 321 672 348 Dominus
683 321 710 347 in
723 320 871 356 Evangelio
888 321 931 348 di-

143 367 181 394 cit
197 376 204 394 :
220 366 272 393 Aut
286 367 367 401 facile
383 367 503 393 arborem
519 367 625 398 bonam,
643 372 668 393 et
686 366 802 400 fructum
818 367 874 401 ejus
886 367 932 393 bo-

144 421 226 445 num;
250 417 297 439 aut
322 413 401 446 facile
423 412 543 439 arborem
563 412 672 441 malam.
697 418 721 439 et
739 412 856 447 fructum
874 413 931 447 ejus

145 458 245 485 malum
256 459 296 492 ⁸¹;
317 461 344 485 et
358 467 364 485 :
384 458 476 485 Omnis
494 457 574 484 arbor
589 466 648 492 quw
668 466 719 485 non
733 458 798 492 facit
815 458 932 492 fractum

143 503 249 536 bonum,
265 504 411 536 excidatur,
427 507 451 530 et
466 503 494 529 in
508 503 593 537 ignem
611 504 730 530 mittetur
740 504 773 530 ⁵³.
788 503 854 531 Tres
867 512 931 539 ergo

143 548 301 576 diﬁerentiae
313 549 340 576 in
356 549 515 576 hominibus
526 548 653 576 videntur
666 557 735 577 esse.
749 549 865 583 Quidam
882 550 931 584 qui

144 594 256 621 omnino
277 595 380 621 nullum
403 594 522 621 fructum
544 594 675 627 afferunt,
694 599 721 621 ct
740 603 802 622 ecce
820 596 866 622 alii
883 595 930 630 qui

142 639 269 668 aﬁerunt.
286 641 340 668 Sed
360 640 387 667 in
401 640 444 666 his
455 639 501 674 qui
514 639 632 667 atl'erunt
652 644 700 667 aut
717 641 780 666 mali
795 645 860 667 sunt
873 640 930 667 fru-

143 691 215 719 ctus,
244 691 292 713 aut
317 686 392 714 boni.
419 685 467 713 Hic
489 694 554 721 ergo
577 694 688 721 sponsa,
709 687 735 713 id
753 691 795 714 est
809 686 930 714 Ecclesia

144 730 258 763 Christi,
272 731 428 758 conﬁrmari
443 738 472 758 se
489 731 620 765 postulat,
635 736 662 758 et
676 732 802 759 reclinari
820 732 929 766 quidem

146 783 228 810 super
239 785 319 804 unam
332 777 457 804 arborem
470 776 577 803 meliam
592 776 751 804 efferentem
768 777 874 805 fruetus
885 779 931 806 bo-

145 829 195 848 nos
208 831 215 848 :
235 826 262 849 et
273 827 345 849 recte
360 830 393 850 ac
406 826 603 856 competenter.
621 822 709 856 Super
723 823 767 850 his
780 824 852 850 enim
865 832 930 851 con-

143 868 268 894 firmatur
283 872 310 894 et
325 869 443 903 stipatur
454 868 586 901 Ecclesia,
599 869 645 903 qui
661 869 688 895 in
708 869 788 895 bonis
801 870 929 903 operibus

141 912 308 940 fructiﬁcant
327 919 354 941 et
374 918 512 941 crescunt.
538 914 609 946 Quid
631 918 720 941 autem
745 918 787 941 est
802 915 875 949 quod
902 915 929 941 in

142 958 272 993 myrrhis,
288 959 468 986 infructuosis
483 960 586 987 scilicet
607 960 751 987 arboribus
773 960 930 987 conﬁrmari

142 1004 199 1030 vult
225 1004 310 1031 odore
325 1005 384 1031 solo
399 1005 598 1039 gaudentibus?
617 1005 674 1041 Ego
687 1010 753 1040 puto
766 1006 839 1040 quod
862 1007 930 1034 istos

141 1048 189 1082 qui
205 1049 264 1076 solo
278 1049 364 1076 odore
375 1050 503 1084 gaudent,
520 1054 546 1077 et
561 1051 675 1078 necdum
693 1051 799 1078 fructus
813 1051 873 1078 fidei
886 1051 929 1078 af-

141 1093 244 1127 ferunt,
263 1095 324 1122 illos
338 1095 411 1123 dicat
426 1104 496 1130 quos
509 1096 610 1125 Paulus
627 1097 660 1124 ad
677 1097 837 1125 Corinthios
859 1098 928 1125 scri-

140 1139 219 1171 bens,
235 1140 320 1167 dicit:
337 1140 389 1172 Qui
406 1142 527 1168 invocant
542 1151 634 1169 nomen
649 1143 756 1170 Domini
768 1145 853 1170 uestri
864 1143 929 1170 Iesu

142 1184 242 1211 Christi
258 1185 285 1211 in
304 1187 375 1213 omni
391 1187 447 1213 loco
461 1188 579 1221 ipsorum
595 1193 620 1215 et
637 1193 756 1215 nostrum
773 1188 807 1215 ³⁵.
825 1189 880 1216 Pro
897 1197 930 1216 eo

140 1237 205 1264 ergo
234 1232 305 1265 quod
332 1232 460 1259 invocant
485 1241 585 1260 nomen
612 1233 721 1260 Domini
749 1235 835 1261 nostri
865 1234 929 1261 Jesu

141 1274 261 1308 Christi,
280 1277 381 1303 habent
394 1277 422 1303 in
442 1278 596 1311 semetipsis
619 1278 712 1305 odoris
728 1279 874 1312 quamdam
897 1287 931 1306 ex

140 1319 199 1354 ipsa
230 1321 403 1348 invocatione
435 1322 554 1349 nominis
586 1323 760 1350 suavitatem.
794 1324 848 1350 Pro
878 1324 932 1359 76

140 1371 176 1391 eo
192 1372 256 1392 vero
272 1366 345 1399 quod
359 1374 412 1393 non
427 1374 489 1393 cum
506 1367 581 1392 omni
595 1366 693 1393 ﬁducia
708 1372 734 1394 et
747 1367 871 1395 libertate
884 1376 931 1395 ac-

141 1409 243 1436 cedunt
262 1410 296 1437 ad
313 1410 405 1442 ﬁdem,
425 1411 515 1438 nullos
536 1411 598 1438 ﬁdei
621 1411 738 1439 afferunt
762 1413 879 1441 fructus.
901 1413 930 1440 ln

140 1455 203 1483 loco
223 1456 276 1482 hoc
289 1463 437 1490 possumus
454 1464 503 1484 nos
518 1457 729 1485 catechumenos
749 1457 877 1486 Ecclesiae
891 1458 931 1486 in-

141 1501 274 1535 telligere,
295 1510 378 1536 super
396 1511 465 1537 quos
479 1512 511 1531 ex
528 1510 604 1539 parte
629 1504 719 1538 aliqua
733 1504 931 1532 conﬁrmantur

140 1546 280 1574 Ecclesiae.
297 1548 402 1575 Habent
415 1550 487 1576 enim
501 1555 528 1577 et
550 1550 578 1577 in
594 1550 661 1585 ipsis
679 1558 731 1577 non
748 1557 844 1584 parum
859 1550 930 1577 tidu-
943 1566 965 1594 α

138 1593 191 1620 eia:
205 1597 232 1620 et
245 1594 301 1628 spei
319 1594 479 1629 plurimum,
499 1596 571 1630 quod
585 1600 612 1623 et
633 1595 684 1630 ipsi
699 1596 765 1622 ﬁant
779 1596 928 1631 aliquando

140 1638 256 1667 arbores
270 1639 418 1668 fructifera:
434 1646 461 1668 et
475 1642 632 1676 planteutur
645 1641 672 1668 in
692 1642 819 1676 paradiso
829 1641 877 1668 Dei
894 1642 928 1669 ab

140 1685 203 1720 ipso
215 1686 334 1720 agricola
349 1686 439 1714 Patre.
453 1688 512 1722 Ipse
526 1687 598 1715 enim
610 1691 652 1714 est
661 1688 707 1722 qui
721 1688 823 1722 plantat
834 1688 928 1723 hujus-

137 1731 214 1758 modi
230 1731 342 1759 arbores
353 1732 380 1759 in
395 1732 518 1760 Ecclesia
531 1732 644 1764 Christi,
660 1740 721 1767 qum
732 1736 774 1759 est
784 1733 928 1768 paradisus

137 1777 300 1805 deliciarum
315 1787 323 1805 :
347 1779 418 1805 sicut
431 1783 458 1806 et
474 1778 607 1806 Dominus
620 1779 688 1806 dicit
704 1788 711 1805 :
741 1779 835 1806 Omnis
852 1778 929 1813 plan-

138 1822 209 1848 tatio
222 1830 300 1857 quam
311 1831 364 1849 non
378 1823 508 1857 plantavit
524 1823 606 1850 Pater
620 1832 691 1850 meus
705 1823 828 1856 scelestis,
843 1823 930 1850 eradi-

136 1868 247 1895 cabttur
256 1869 290 1895 ".
306 1868 428 1903 Stipatur
443 1877 508 1903 ergo
529 1869 650 1897 Ecclesia
662 1873 689 1896 et
704 1870 774 1896 inter
790 1870 885 1896 melias
901 1874 929 1897 et

137 1922 224 1949 super
249 1915 321 1950 ipsas
347 1916 501 1950 requiescit.
528 1915 593 1947 Quae
617 1915 703 1941 meliac
728 1915 780 1941 illae
802 1914 929 1949 putandae

136 1965 205 1989 sunt
219 1961 318 1988 anima;
335 1969 395 1995 qua:
414 1961 534 1995 quotidie
547 1962 711 1987 inmorantur
729 1960 761 1987 ad
782 1960 928 1994 imaginem

135 2007 201 2041 ejus
223 2006 272 2040 qui
288 2007 390 2032 creavit
403 2014 459 2033 eas.
477 2006 544 2038 Quia
566 2006 638 2032 enim
655 2014 703 2040 per
724 2005 928 2032 innovationem

136 2051 183 2080 sui
201 2050 348 2085 imaginem
364 2055 493 2085 reparant
508 2051 555 2078 ﬁlii
576 2051 634 2084 Dei,
653 2052 751 2078 merito
769 2055 798 2077 et
810 2051 875 2085 ipsa:
886 2057 929 2077 ar-

136 2098 222 2125 bores
237 2096 325 2123 meliaa
340 2096 526 2131 appellantur,
540 2096 604 2130 quia
626 2101 653 2123 et
669 2097 727 2131 ipse
747 2104 866 2131 sponsus
882 2104 929 2123 ea-

135 2150 202 2171 rum
222 2142 252 2168 in
276 2141 463 2176 superioribus
486 2141 576 2169 dictus
591 2146 643 2174 est,
660 2142 732 2169 sicut
746 2142 828 2169 arbor
847 2142 928 2169 melia

133 2195 200 2216 esse
217 2187 249 2214 in
262 2186 345 2222 lignis
360 2187 445 2214 silvae.
462 2186 495 2213 Et
509 2194 544 2213 ne
561 2187 671 2215 mireris
687 2187 710 2214 si
727 2187 797 2215 idem
823 2188 882 2222 ipse
902 2192 929 2214 ct

983 276 1121 308 discurrit,
1144 277 1207 303 dum
1233 285 1263 304 se
1285 277 1455 305 vulneratam
1482 280 1566 307 sentit
1590 288 1651 308 esse
1674 282 1773 316 jaculis

984 321 1136 348 eliaritatis.
1154 320 1183 347 Si
1203 322 1265 356 quis
1283 329 1398 356 usquam
1412 328 1454 350 est
1467 323 1514 358 qui
1530 324 1599 351 ﬁdeli
1615 325 1667 352 hoc
1679 333 1773 353 amore

983 365 1057 392 verbi
1081 364 1127 392 Dei
1145 365 1213 392 arsit
1228 366 1387 400 aliquando,
1405 367 1428 394 si
1441 368 1504 402 quis
1525 373 1576 400 est,
1594 373 1624 395 ut
1640 371 1770 404 propheta

982 410 1048 437 dicit
1059 410 1092 441 ιθ,
1106 410 1153 444 qui
1169 409 1248 437 electi
1261 410 1345 444 jaculi
1358 411 1419 446 ejus
1433 412 1513 439 dulce
1532 413 1630 440 vulnus
1647 414 1768 448 pingant-

982 462 1036 489 que
1051 454 1165 489 accepit,
1188 455 1210 482 si
1227 456 1289 490 quis
1309 460 1351 482 est
1365 456 1412 490 qui
1437 457 1558 484 scientia
1580 458 1640 492 ejus
1658 458 1770 485 amabili

982 500 1107 527 conﬁxus
1123 504 1164 526 est
1178 500 1241 533 telo,
1260 500 1296 527 ita
1313 505 1342 527 ut
1354 501 1461 529 diurnis
1475 510 1536 529 eum
1558 503 1702 531 desideriis
1719 511 1769 531 no—

982 545 1139 580 cturnisquc
1149 545 1276 579 suspiret,
1295 545 1369 572 aliud
1379 546 1443 580 quid
1455 547 1529 581 loqui
1542 556 1595 575 non
1609 548 1704 582 possit,
1716 557 1770 576 au-

982 591 1040 618 dire
1055 591 1128 618 aliud
1151 591 1229 623 nolit,
1246 591 1367 626 cogitare
1382 592 1455 618 aliud
1480 593 1594 625 nesciat,
1610 594 1770 621 desiderare

982 640 1078 670 praeter
1086 635 1185 670 ipsum,
1196 642 1243 662 aut
1253 643 1351 670 cupere
1358 636 1431 663 aliud
1441 637 1482 663 vel
1491 645 1601 671 sperare
1608 646 1661 665 non
1669 639 1766 666 libeat:

981 682 1032 709 ista
1039 681 1129 708 anima
1138 682 1234 708 merito
1243 682 1308 709 dicit
1318 691 1324 708 :
1337 681 1487 709 Vulnerata:
1494 683 1634 709 charitatis
1642 691 1687 717 ego
1694 691 1769 715 sum;

981 727 1047 754 etab
1055 726 1101 753 illo
1110 727 1208 753 vulnus
1216 727 1318 760 accepi,
1326 726 1421 764 dequo
1428 727 1493 754 dicit
1500 726 1584 754 Isaias
1593 728 1625 755 '7:
1636 727 1768 761 Etposuil

982 780 1021 798 me
1033 771 1230 804 sicntjuculum
1241 771 1362 804 electum,
1380 777 1403 798 cl
1416 773 1442 798 in
1456 774 1580 806 pharetra
1594 781 1642 799 sua
1656 773 1768 799 abscon-

981 819 1020 844 dit
1035 826 1084 844 me.
1104 817 1162 844 Tali
1176 818 1288 844 vulnere
1302 818 1378 845 decet
1395 817 1477 844 Deum
1493 823 1635 852 percutere
1649 818 1768 850 animas,

982 864 1082 890 talibus
1095 863 1195 897 jaculis
1210 862 1323 897 telisque
1333 863 1477 897 conﬁgere,
1494 871 1526 890 ac
1541 863 1708 891 salutaribus
1719 871 1768 891 eas

982 908 1143 935 vulneribus
1161 908 1285 935 sauciare
1299 916 1305 934 :
1319 912 1348 934 ut
1360 908 1423 942 quia
1439 907 1510 935 Deus
1527 908 1647 935 charitas
1661 913 1713 942 est,
1727 908 1770 934 di-

981 959 1025 982 cat
1044 959 1070 982 et
1085 955 1142 989 ipse
1160 964 1166 981 τ
1187 954 1256 987 Quia
1271 954 1415 981 vulnerata:
1431 954 1570 980 cltaritatis
1585 962 1631 988 ego
1647 963 1715 980 sum.
1735 953 1770 981 Et

981 1001 1090 1035 quidem
1108 1001 1134 1026 in
1148 1001 1200 1027 hoc
1214 1000 1291 1034 quasi
1307 1000 1440 1026 amatorio
1453 1000 1575 1026 dramate
1588 1007 1687 1034 sponsa
1700 1000 1769 1026 cha-

982 1047 1070 1073 ritatis
1083 1054 1112 1073 se
1126 1046 1192 1073 dicit
1205 1046 1320 1072 vulnera
1336 1046 1488 1080 suscepisse
1502 1055 1508 1072 ε
1528 1049 1614 1080 potest
1629 1052 1718 1072 autem
1731 1046 1771 1072 si-

981 1092 1082 1118 militer
1106 1091 1213 1118 fervens
1227 1091 1317 1118 anima
1335 1099 1398 1126 erga
1420 1092 1581 1126 sapientiam
1598 1091 1644 1118 Dei
1660 1091 1769 1123 dicere,

981 1137 1045 1172 quia
1058 1137 1206 1164 vulnerata
1218 1138 1358 1172 sapientiae
1372 1145 1422 1172 ego
1436 1145 1497 1164 sum
1511 1146 1517 1164 :
1532 1137 1578 1163 illa
1593 1137 1766 1171 scilicetquaa

982 1183 1122 1218 sapientiae
1134 1184 1193 1217 ejus
1205 1183 1434 1218 pulchritudinem
1448 1183 1537 1218 potuit
1552 1183 1660 1210 intueri.
1675 1183 1767 1210 Potest

982 1233 1009 1256 et
1022 1229 1074 1256 alia
1088 1229 1178 1256 anima
1194 1229 1302 1256 virtutis
1318 1229 1378 1263 ejus
1394 1229 1623 1263 magniﬁcentiam
1634 1232 1768 1257 contuens

982 1278 1009 1301 et
1027 1274 1160 1300 admirata
1178 1274 1325 1307 potentiam
1341 1273 1421 1300 Verbi
1442 1274 1490 1300 Dei
1508 1274 1608 1306 dicere,
1625 1274 1688 1308 quia
1705 1274 1769 1300 'vul-
1783 1265 1787 1268 ’

983 1324 1088 1347 neralaa
1111 1319 1220 1346 virtutis
1233 1327 1283 1354 ego
1300 1327 1371 1346 sum.
1389 1318 1472 1351 Talis,
1490 1319 1580 1351 credo,
1596 1319 1687 1353 aliqua
1698 1319 1770 1346 sicut

982 1370 1040 1393 erat
1056 1365 1100 1392 illa
1116 1372 1177 1399 quae
1193 1364 1299 1391 diccbat
1315 1374 1320 1391 :
1338 1364 1467 1390 Dominus
1481 1363 1643 1390 illuminatio
1666 1371 1724 1390 mea
1742 1367 1770 1390 et

982 1411 1055 1438 talus
1071 1419 1140 1443 mea,
1157 1418 1232 1446 quem
1248 1409 1343 1436 timebo
1354 1410 1398 1436 “‘2
1415 1409 1468 1436 Sed
1487 1414 1515 1436 ct
1531 1409 1583 1436 alia
1599 1409 1690 1436 anima
1704 1416 1769 1443 erga

982 1464 1102 1484 amorem
1112 1456 1226 1491 justitiae
1238 1456 1296 1490 ejus
1310 1455 1426 1488 fervens,
1443 1459 1471 1482 et
1487 1455 1720 1490 dispensationum
1734 1462 1768 1483 ac

981 1501 1158 1536 providentia:
1174 1500 1233 1535 ejus
1252 1500 1387 1534 justitiam
1402 1504 1544 1532 contuens,
1561 1500 1627 1527 dicit
1639 1500 1699 1527 sine
1717 1500 1770 1526 duo

982 1546 1038 1579 bio,
1055 1546 1200 1572 vulneratae
1219 1545 1330 1579 iustitiae
1344 1552 1394 1579 ego
1417 1553 1488 1572 sum.
1507 1544 1539 1572 Et
1560 1545 1613 1572 alia
1638 1545 1769 1572 bonitatis

981 1591 1040 1626 ejus
1056 1599 1088 1618 ac
1104 1590 1213 1625 pietatis
1230 1590 1438 1618 immensitatem
1452 1590 1602 1625 respiciens
1617 1590 1716 1618 similia
1729 1591 1770 1617 lc-

979 1639 1082 1673 quitur.
1103 1637 1155 1665 Sed
1171 1641 1199 1664 et
1222 1637 1320 1664 horum
1345 1636 1467 1663 omnium
1483 1636 1608 1671 generale
1631 1641 1674 1663 est
1693 1636 1768 1664 istud

979 1684 1121 1711 charitatis
1149 1682 1272 1715 vulnus,
1297 1689 1352 1717 quo
1380 1689 1410 1709 se
1438 1682 1607 1709 vulneratam
1639 1682 1770 1717 praedicat

979 1738 1090 1766 sponsa.
1116 1728 1263 1757 Sciendum
1281 1734 1371 1756 tamen
1402 1733 1444 1756 est
1459 1729 1532 1764 quod
1551 1729 1622 1757 sicut
1636 1734 1700 1756 sunt
1717 1729 1769 1756 ista

979 1775 1027 1803 Dei
1040 1776 1142 1810 jacula,
1154 1783 1215 1810 qua:
1226 1775 1325 1802 animae
1336 1775 1445 1802 habenti
1457 1775 1620 1802 desiderium
1632 1775 1768 1802 bonorum

979 1820 1075 1848 salutis
1089 1820 1189 1847 vulnus
1205 1820 1350 1854 inﬂigunt:
1368 1820 1405 1846 ita
1422 1824 1487 1846 sunt
1506 1823 1533 1846 et
1544 1819 1636 1854 jacula
1652 1819 1766 1854 maligni

980 1866 1074 1901 ignita,
1092 1865 1192 1900 quibus
1207 1865 1298 1892 anima
1316 1873 1377 1899 qua:
1393 1872 1446 1891 non
1462 1869 1504 1891 est
1520 1867 1597 1891 scuto
1617 1864 1679 1890 fidei
1702 1871 1767 1898 pro-

979 1915 1060 1942 tecta,
1083 1909 1241 1936 vulneratur
1263 1908 1290 1934 in
1309 1911 1435 1934 mortem.
1460 1905 1498 1933 De
1526 1906 1593 1940 ipsis
1615 1906 1683 1933 dicit
1701 1905 1770 1932 Pro-
1791 1922 1797 1927 ι

979 1955 1059 1990 pheta
1074 1964 1081 1981 :
1099 1954 1166 1980 Ecce
1189 1959 1336 1988 peccatores
1354 1951 1522 1978 intenderunt
1538 1958 1639 1982 arcum,
1656 1958 1768 1985 parave-

980 2006 1041 2027 runt
1061 2000 1174 2035 sagittas
1189 2007 1251 2025 suas
1273 2000 1299 2025 in
1316 1998 1439 2033 pharetra
1461 2006 1521 2030 sua,
1544 2002 1572 2024 ut
1594 1998 1717 2032 sngitlent
1741 1996 1770 2022 in

980 2047 1091 2074 obscuro
1115 2051 1198 2073 rectos
1223 2046 1301 2073 corde
1311 2046 1345 2073 δν.
1364 2045 1413 2073 Hic
1438 2049 1594 2081 pecratores
1612 2045 1645 2071 de
1660 2044 1770 2071 occulto

980 2093 1141 2129 sagittantes
1161 2093 1299 2120 daemones
1315 2091 1466 2119 invisibiles
1489 2091 1565 2122 dicit,
1587 2094 1615 2118 et
1630 2089 1682 2124 ipsi
1705 2094 1771 2117 sunt

981 2140 1111 2167 habentes
1124 2138 1248 2173 quadam
1268 2138 1359 2172 jacula
1376 2137 1578 2168 fornicationis,
1594 2136 1648 2163 alia
1662 2134 1770 2169 cupidi-

982 2184 1043 2212 tatis
1057 2189 1084 2211 et
1097 2184 1227 2215 avaritia,
1244 2184 1344 2219 quibus
1367 2181 1561 2219 quamplurimi
1579 2181 1768 2208 vulnerantur.

135 2235 221 2263 arbor
237 2233 302 2260 vitae
323 2238 349 2260 et
373 2233 480 2261 diversa
505 2233 556 2260 alia
578 2234 696 2266 dicatur,
717 2242 779 2262 cum
805 2235 875 2262 idem
901 2239 928 2262 οι
943 2233 968 2262 1)
981 2229 1088 2257 Habent
1101 2229 1182 2256 etiam
1198 2229 1301 2263 spicula
1314 2228 1452 2263 jactanlite
1462 2231 1489 2255 et
1499 2235 1576 2254 vanae
1590 2226 1704 2261 gloriae:
1722 2225 1771 2253 sed

136 2282 219 2317 panis
239 2286 332 2310 verus,
350 2284 376 2306 et
395 2279 459 2306 vitis
475 2287 550 2312 vera,
566 2284 593 2306 et
612 2286 698 2314 agnus
719 2279 778 2312 Dei,
796 2285 824 2307 et
845 2280 929 2307 multa

138 2327 194 2354 alia
217 2325 389 2353 nominetur.
404 2324 502 2351 Omnia
520 2333 639 2359 namque
663 2326 722 2352 lucc
746 2326 858 2353 verbum
882 2325 929 2352 Dei

139 2372 294 2406 unicuique
310 2370 440 2403 ‘eﬁicitur,
460 2375 538 2405 prout
560 2378 687 2397 mensura
703 2370 745 2397 vel
764 2370 930 2397 desiderium

137 2416 336 2455 participantis
350 2416 474 2450 exposcit
488 2425 494 2443 :
512 2416 662 2444 secundum
678 2416 752 2451 quod
767 2420 794 2443 et
813 2423 929 2449 manna,

137 2464 187 2499 qui
202 2469 269 2490 cum
287 2465 358 2489 esset
372 2470 443 2489 unus
456 2461 541 2494 cibus,
558 2462 705 2496 unicuique
719 2465 808 2488 tamen
824 2461 931 2488 deside-

138 2511 183 2538 rio
208 2509 253 2537 sui
277 2507 411 2535 reddebat
432 2514 565 2541 saporem.
591 2506 696 2534 Praabet
719 2514 785 2542 ergo
810 2507 931 2541 seipsum

139 2564 196 2584 non
208 2555 302 2583 solum
315 2553 499 2580 esurientibus
510 2559 607 2587 panem
618 2556 645 2579 et
658 2552 813 2580 sitientibus
825 2553 931 2585 vinum,

139 2603 189 2631 sed
207 2606 235 2629 et
253 2599 379 2628 deliciari
394 2598 548 2626 volentibus
564 2599 740 2633 semetipsum
755 2603 782 2626 et
806 2598 931 2633 fragran-

140 2650 179 2677 tia
196 2646 311 2674 exhibet
332 2652 423 2680 poma.
446 2644 593 2679 Propterea
606 2651 671 2679 ergo
691 2648 718 2671 et
738 2651 837 2678 sponsa
860 2644 933 2671 velut

141 2693 247 2723 refecta
270 2692 327 2726 jam
351 2696 377 2718 et
399 2692 467 2718 bene
492 2694 586 2725 pasta,
613 2689 704 2716 fulciri
728 2690 755 2716 iu
792 2689 880 2716 meliis
904 2697 933 2716 se

142 2741 245 2778 poscit,
261 2737 351 2764 sciens
366 2737 393 2763 iu
409 2737 491 2763 verbo
507 2743 567 2763 esse
582 2735 634 2763 sibi
650 2742 705 2762 non
720 2734 809 2762 solum
825 2741 932 2761 omnem

179 2830 203 2846 δ’
217 2825 316 2855 Matth.
332 2833 381 2856 xu,
396 2825 440 2851 55.
479 2825 501 2840 ⁵³
517 2823 611 2851 Matth.
633 2831 673 2858 tu,
695 2823 735 2851 10.

144 2865 166 2882 ³⁸
178 2863 253 2892 Psal.
267 2867 353 2892 xxvii,
366 2860 388 2888 I.
427 2860 449 2875 ⁶’
461 2859 533 2886 Psal.
548 2866 586 2891 Il,
597 2859 624 2885 2.

792 2821 816 2838 “
835 2818 843 2845 Ι
861 2820 925 2848 Cor.
945 2829 964 2855 t,
982 2821 1008 2847 Ξ.

977 2274 1028 2302 ista
1044 2274 1122 2302 valde
1136 2272 1244 2300 subtilia
1262 2276 1335 2304 sunt,
1353 2273 1388 2299 ita
1401 2276 1430 2298 ut
1441 2270 1574 2298 conﬁxam
1593 2278 1623 2297 se
1633 2269 1723 2297 anima
1735 2269 1769 2296 ab

978 2320 1017 2347 eis
1029 2319 1230 2353 sauciatamque
1242 2317 1285 2345 vix
1296 2316 1405 2349 sentiat,
1418 2315 1470 2343 nisi
1483 2315 1505 2342 si
1523 2315 1617 2342 induta
1634 2319 1676 2342 est
1688 2314 1771 2341 armis

978 2365 1037 2398 Dei,
1050 2370 1077 2392 et
1085 2368 1138 2392 stat
1147 2364 1260 2399 vigilans
1271 2367 1298 2390 ct
1308 2362 1453 2389 immobilis
1464 2369 1526 2397 erga
1536 2360 1649 2388 astutias
1659 2359 1769 2390 diaboli.

979 2416 1057 2439 scuto
1068 2410 1243 2445 semetipsam
1256 2409 1316 2436 ﬁdei
1335 2416 1384 2443 per
1394 2408 1484 2435 omnia
1500 2412 1658 2442 contegens,
1669 2411 1697 2433 et
1709 2405 1772 2432 nul-

979 2459 1032 2486 lem
1044 2464 1155 2493 prorsus
1166 2456 1288 2491 corporis
1298 2459 1402 2490 partem
1414 2454 1465 2481 ﬁde
1484 2454 1585 2481 nudam
1603 2453 1770 2487 relinquens.

980 2503 1196 2537 Quantaeunque
1205 2506 1295 2528 autem
1308 2501 1445 2528 daemones
1459 2499 1573 2527 fecerint
1584 2499 1646 2531 tela,
1660 2498 1681 2525 si
1694 2498 1772 2525 inve-

981 2550 1057 2578 niant
1069 2554 1188 2576 mentctn
1201 2547 1319 2575 hominis
1333 2547 1385 2575 ﬁde
1396 2546 1540 2580 munitam,
1552 2545 1658 2573 etiamsi
1671 2544 1773 2572 fuerint

982 2595 1076 2630 ignita,
1090 2592 1195 2621 etiamsi
1212 2593 1389 2627 cupiditatum
1411 2592 1526 2619 flammis
1540 2595 1567 2618 et
1580 2590 1713 2618 incendiis
1727 2597 1773 2616 ar-

983 2641 1064 2668 deant
1077 2640 1214 2671 vitiorum,
1233 2639 1298 2667 ﬁdes
1312 2640 1391 2674 plena
1407 2643 1503 2666 cuncta
1520 2637 1672 2672 restinguit.

1018 2687 1095 2714 Vers.
1111 2686 1136 2714 6.
1156 2686 1232 2713 Larva
1251 2685 1307 2720 ejus
1320 2686 1367 2712 sub
1382 2686 1468 2720 capite
1488 2692 1553 2716 meo,
1569 2688 1592 2709 et
1609 2684 1699 2709 dextra
1717 2682 1773 2716 ejus

984 2733 1158 2768 amplectetur
1184 2741 1233 2759 me.
1262 2731 1412 2765 Descriptio
1447 2735 1488 2758 est
1519 2729 1628 2763 quidem
1650 2728 1772 2755 amatoui

1066 2819 1088 2835 "
1106 2817 1202 2845 Matth.
1218 2824 1260 2848 xv,
1277 2815 1320 2842 15.
1377 2813 1400 2828 ⁵⁸
1418 2812 1469 2839 lsa.
1493 2817 1566 2843 nix,
1584 2810 1612 2837 2.
1652 2810 1674 2826 ⁵⁷
1701 2809 1769 2838 ibid.
