4130 6428
536 325 636 382 Ιδτ

1618 321 1943 378 ΟΠΙΟΕΜΒ
1983 322 2048 376 IN
2081 320 2439 380 CANTICUM
2482 321 2755 378 CANTIC.

3687 323 3793 382 168

533 448 695 510 plos;
722 450 776 495 et
808 439 989 495 adhuc
1015 449 1074 496 ut
1110 438 1347 510 amplius
1373 438 1441 493 ad
1479 453 1542 494 se
1566 453 1823 508 sponsam
1856 448 2116 508 provocet
2144 439 2192 494 Α
2217 447 2523 507 gesserunt.
2559 435 2664 491 Sed
2727 436 2831 491 etsi
2891 436 2944 490 in
2980 433 3243 505 apostolis
3279 448 3403 490 eum
3435 447 3608 503 ponas
3635 434 3793 505 quasi

534 529 816 592 festinare,
851 531 997 586 dicat
1027 531 1076 586 ei
1112 549 1125 584 :
1170 530 1307 596 Quia
1349 545 1511 583 omne
1555 537 1770 599 tempus
1810 530 1955 599 quod
1994 529 2108 597 javn

535 635 700 691 grave
745 621 1049 687 videbatur,
1081 621 1353 686 transivit,
1383 630 1436 674 et
1465 620 1640 674 hiems
1683 636 1805 690 qua:
1847 621 1896 674 ei
1944 635 2109 673 causa

534 719 722 764 exorta
746 710 1049 774 videbatur,
1069 710 1354 774 abscessit,
1379 711 1684 780 pluviaeque
1708 712 1928 764 inutiles
1952 712 2107 765 abie-

535 807 680 860 runt,
713 807 766 852 et
805 807 1018 866 tempus
1037 797 1152 866 jam
1197 796 1452 852 ﬂoridum
1497 801 1664 866 venit,
1709 800 1844 854 nihil
1880 802 2110 854 moreris

533 889 635 942 iter
654 889 872 959 aggredi
900 889 1154 943 veniendi
1180 890 1247 944 ad
1276 906 1386 945 me.
1419 889 1559 945 Ecce
1579 891 1724 946 enim
1752 901 1804 945 et
1835 892 2107 962 agricolae,

531 979 659 1047 quia
690 978 832 1032 veris
863 977 976 1047 jam
1003 986 1222 1046 tempus
1265 980 1469 1042 arrisit,
1510 980 1697 1034 vineas
1745 981 1968 1046 colunt;
2003 998 2110 1038 vox

530 1068 674 1122 enim
722 1077 836 1122 tum
872 1076 927 1121 et
951 1066 1184 1120 aliarum
1217 1067 1424 1130 avium,
1473 1076 1584 1122 tum
1621 1069 1784 1123 etiam
1828 1087 2026 1124 sonora
2057 1080 2111 1125 et

531 1171 684 1229 grata
724 1164 958 1218 turturis
1001 1166 1287 1219 vernantis
1337 1166 1575 1220 auditur.
1620 1166 1725 1221 Sed
1772 1179 1826 1222 et
1875 1168 2010 1222 licus
2041 1168 2109 1223 de

529 1253 675 1308 veris
702 1263 848 1308 certa
883 1255 1143 1324 temperie
1173 1270 1394 1324 germen
1425 1272 1586 1310 suum
1635 1257 1928 1324 produxit;
1972 1259 2108 1312 vites

542 1358 676 1397 vero
715 1344 770 1397 in
800 1353 1012 1398 tantum
1058 1344 1124 1398 de
1152 1345 1410 1414 temporis
1439 1347 1831 1416 tranquillitate
1863 1362 1969 1400 non
2007 1356 2107 1400 du-

532 1434 728 1500 bitant,
764 1445 821 1490 ut
860 1438 1022 1494 llorcs
1055 1455 1185 1494 suos
1224 1441 1337 1508 jam
1379 1440 1614 1493 audeant
1643 1438 1946 1507 odoresque
1976 1453 2104 1506 pro-

534 1523 696 1579 ferre.
727 1524 852 1580 Hac
883 1529 1099 1595 quidem
1145 1529 1212 1582 de
1243 1530 1639 1599 tranquillitate
1668 1527 1930 1596 temporis
1964 1527 2105 1580 indi-

532 1623 623 1668 cat
643 1629 859 1683 sponsa:
893 1626 951 1669 ut
983 1617 1187 1684 majore
1221 1632 1343 1670 cum
1377 1618 1567 1672 ﬁducia
1602 1619 1840 1685 arripere
1873 1617 1972 1670 iter
2004 1632 2104 1669 au-

533 1705 659 1758 deat
699 1708 954 1775 pergendi
1000 1708 1065 1761 ad
1095 1722 1380 1778 sponsum.
1411 1709 1515 1763 Sed
1550 1717 1604 1762 et
1628 1708 1808 1762 locum
1846 1707 2109 1762 describit

532 1795 603 1859 ei,
635 1796 687 1849 in
714 1812 824 1864 quo
851 1798 967 1850 vult
999 1814 1116 1852 eam
1152 1815 1334 1852 secum
1370 1801 1750 1869 requiescere;
1776 1810 1829 1854 et
1861 1801 1994 1855 dicit
2019 1816 2110 1854 ve-

532 1883 769 1939 lamento
811 1887 1096 1955 cujusdam
1145 1890 1261 1942 saxi
1309 1891 1454 1958 quod
1493 1905 1652 1943 muro
1699 1889 1824 1960 ipsi,
1857 1890 1938 1942 vel
1988 1890 2109 1943 loco

529 1991 628 2045 pro
671 1977 869 2030 murali
917 1977 1234 2048 contiguum
1272 1979 1360 2043 sit,
1397 1980 1785 2049 opacissimnm
1815 1982 2107 2049 quemdam

529 2065 667 2120 θαὶοί
712 2067 926 2133 locum;
975 2069 1040 2122 ad
1083 2084 1244 2138 quem
1292 2071 1477 2125 Venire
1511 2087 1629 2123 eam
1677 2071 1812 2134 vult,
1845 2078 1896 2123 et
1927 2070 2109 2123 ablato

530 2156 800 2210 velamine
847 2157 922 2211 ibi
973 2159 1093 2228 ejus
1141 2162 1433 2216 revelatam
1487 2161 1677 2214 faciem
1729 2161 1998 2225 contueri,
2050 2168 2110 2214 ut

533 2244 672 2301 facie
704 2247 770 2302 ad
805 2248 999 2303 faciem
1031 2251 1342 2307 innotescat
1381 2268 1584 2318 sponso
1613 2268 1737 2315 suo,
1769 2261 1834 2305 .et
1862 2267 1970 2304 non
2019 2266 2109 2305 so-

533 2336 645 2389 lum
691 2335 886 2392 faciem
920 2339 1040 2409 ejus
1087 2343 1377 2396 revelatam
1408 2343 1585 2395 videat
1621 2357 1857 2411 sponsus
1893 2351 1947 2395 et
1977 2343 2110 2396 libe-

533 2441 675 2492 ram,
699 2428 791 2482 sed
824 2438 879 2483 et
909 2446 1095 2486 vocem
1119 2432 1328 2501 ejusibi
1367 2435 1570 2498 audiat,
1596 2443 1781 2487 certus
1811 2433 1923 2502 jam
1960 2434 2107 2502 quod

533 2525 588 2570 et
632 2515 799 2571 facies
823 2519 943 2589 ejus
971 2522 1197 2590 pulchra
1224 2523 1312 2590 sit,
1340 2532 1394 2577 et
1427 2539 1531 2577 vox
1561 2523 1680 2593 ejus
1705 2523 1892 2578 suavis
1919 2538 1982 2576 ac
2013 2524 2108 2578 de-

532 2606 817 2664 lectablis.

602 2697 728 2755 Haec
756 2710 936 2756 autem
970 2705 1360 2773 prtevenientcs
1402 2707 1815 2776 conjunximus,
1851 2721 1919 2761 ne
1958 2707 2106 2762 ordi-

532 2806 655 2845 nem
683 2793 950 2848 dramatis
981 2803 1035 2848 et
1067 2796 1312 2852 historiae
1343 2807 1549 2851 textum
1593 2799 1900 2852 videremur
1939 2799 2108 2851 inter-

534 2896 804 2952 rumpere.
860 2884 964 2939 Scd
1017 2889 1412 2954 prtevenientes
1465 2889 1748 2957 paululum
1807 2904 1983 2956 usque
2037 2888 2106 2942 ad

553 2972 684 3029 llutn
747 2975 930 3030 locum
1001 2977 1199 3033 fabula:
1261 2979 1508 3033 ordinem
1576 2982 1849 3048 prosecuti
1913 2995 2176 3052 sumusc

532 3063 623 3119 ubi
668 3065 742 3119 ait
773 3081 787 3118 ι
817 3065 1087 3131 Quoniam
1127 3085 1226 3122 vos:
1271 3079 1364 3122 tua
1411 3071 1614 3136 suavis,
1664 3070 1827 3138 facies
1870 3080 1962 3123 tua
1991 3086 2106 3136 spe-

529 3156 672 3209 ciosa
723 3157 788 3210 '7.
845 3155 1001 3211 Nune
1053 3173 1182 3228 ergo
1237 3169 1544 3228 repetentes
1596 3161 1879 3216 videamus
1931 3164 2108 3230 primo

532 3242 642 3313 79
667 3245 798 3314 quid
825 3255 912 3300 est
937 3247 1084 3315 quod
1115 3251 1192 3302 ait
1220 3266 1234 3302 :
1278 3247 1390 3302 Voa:
1418 3251 1642 3319 fraterni
1692 3253 1821 3305 ntei.
1867 3251 1942 3304 Ex
1979 3266 2109 3306 voce

531 3335 649 3388 sola
695 3337 764 3391 ab
809 3335 1054 3391 Ecclesia
1093 3353 1193 3392 sua
1242 3340 1421 3408 primo
1463 3341 1719 3396 Christus
1767 3344 2106 3414 agnoscitur.

531 3423 718 3479 Primo
766 3427 913 3481 enim
947 3442 1135 3482 vocem
1180 3445 1338 3484 suam
1367 3433 1632 3499 pmmisit
1659 3448 1754 3502 per
1787 3434 2107 3502 prophetas,

530 3522 586 3569 et
614 3529 739 3568 cum
764 3529 870 3570 non
896 3516 1172 3572 videretur
1192 3520 1519 3575 audiebatur
1547 3531 1748 3577 tamen.
1771 3523 2110 3579 Audiebatur

533 3613 714 3660 autem
748 3620 843 3674 per
871 3621 934 3661 ea
967 3622 1087 3676 qua:
1118 3611 1585 3666 annuntiabantur
1605 3611 1671 3666 de
1697 3627 1762 3666 eo
1796 3631 1808 3665 :
1837 3621 1888 3666 et
1919 3614 2107 3669 tandiu

544 3710 768 3765 sponsa,
799 3697 851 3752 id
875 3707 960 3752 est
993 3697 1232 3755 Ecclesia
1257 3717 1378 3771 qua:
1401 3703 1470 3756 ab
1497 3703 1652 3757 initio
1680 3703 1865 3758 saeculi
1889 3719 2110 3773 congre-

537 3788 786 3858 gabatur,
816 3792 989 3845 solam
1029 3807 1217 3848 vocem
1248 3794 1367 3864 ejus
1397 3795 1624 3859 audivit,
1657 3810 1940 3865 usquequo
1968 3809 2105 3850 ocu-

534 3881 600 3936 lis
623 3881 738 3937 suis
769 3897 891 3936 eum
927 3883 1154 3950 videret,
1190 3895 1245 3941 et
1267 3887 1469 3942 diceret
1500 3905 1514 3941 :

608 3970 762 4027 Vers.
799 3971 852 4026 8.
909 3973 1044 4029 Ecce
1096 3975 1179 4029 hic
1232 3979 1364 4032 venit
1429 3978 1620 4032 saliens
1671 3995 1826 4047 super
1882 3989 2104 4044 montes,

533 4065 835 4120 transiliens
885 4081 1041 4134 super
1091 4066 1271 4121 colles.
1311 4066 1566 4123 =Saliehat
1615 4070 1760 4124 enim
1793 4086 1955 4139 super
1978 4085 2107 4139 pro-

531 4156 777 4225 pheticos
807 4167 1022 4211 montes
1047 4156 1186 4228 (69),
1213 4168 1269 4213 et
1316 4168 1540 4215 sanctos
1573 4161 1764 4229 colles,
1797 4161 1922 4215 illos
1961 4161 2110 4215 scili-

531 4256 617 4304 cet
645 4251 738 4321 qui
776 4250 830 4306 in
883 4251 987 4308 hoc
1022 4254 1227 4310 mundo
1257 4253 1548 4325 imaginem
1595 4253 1714 4323 ejus
1766 4253 2110 4324 formamque

2218 528 2271 580 in
2305 529 2584 582 montibus
2617 529 2899 582 salientem
2924 537 2978 581 et
3021 527 3349 582 eminentem
3384 525 3598 580 cunctis
3630 534 3684 579 et
3737 527 3789 579 in

2215 617 2469 683 collibus,
2511 618 2868 672 nihilominus
2925 618 3010 672 his
3075 617 3340 670 duntaxat
3397 616 3490 684 qui
3552 616 3792 670 secundo

2216 707 2338 762 loco
2369 709 2526 764 electi
2559 709 2626 761 ab
2651 723 2717 761 eo
2764 717 2817 761 et
2852 708 3007 761 missi
3037 714 3185 771 sunt,
3230 720 3337 759 non
3371 706 3475 759 erit
3530 704 3789 759 inconve-

2223 797 2403 850 niens.
2435 796 2491 850 In
2521 797 2606 851 his
2632 797 2777 850 enim
2828 796 3024 850 similis
3062 795 3292 849 ellicitur
3321 808 3549 862 capreae,
3576 803 3629 846 et
3670 792 3790 846 ltiti-

2216 888 2346 940 nulo
2376 903 2694 951 cervorum;
2728 902 2958 955 capreae,
3004 886 3148 956 quod
3196 900 3411 939 omnem
3440 884 3613 937 visum
3640 884 3790 938 visus

2215 979 2335 1046 ejus
2364 980 2652 1046 praecellit;
2680 988 2733 1032 et
2757 994 2919 1032 cervo
2947 979 3094 1047 quod
3125 977 3191 1031 ad
3224 977 3498 1030 interitum
3522 976 3790 1044 serpentis

2219 1068 2460 1121 advenit.
2497 1067 2602 1121 Sed
2660 1083 2999 1137 unaquaeque
3038 1067 3218 1120 anima
3264 1066 3330 1134 (si
3359 1081 3464 1135 qua
3503 1075 3682 1118 tamen
3706 1071 3791 1118 est

2214 1169 2334 1222 quae
2358 1153 2518 1210 Verbi
2553 1155 2645 1210 Dei
2701 1171 2887 1210 amore
2920 1157 3355 1226 constringitur),
3399 1156 3446 1210 si
3495 1157 3714 1224 quando
3735 1155 3788 1209 in

2213 1246 2576 1313 disputatione
2627 1248 2899 1302 sermonis
2953 1257 3036 1302 est
3065 1247 3268 1316 posita,
3302 1255 3361 1300 ut
3423 1245 3575 1300 novit
3605 1246 3788 1300 omnis

2214 1338 2306 1405 qui
2342 1348 2597 1406 expertus
2621 1349 2703 1392 est
2724 1379 2740 1405 ,
2765 1339 3044 1408 quomodo
3071 1354 3196 1392 cum
3233 1338 3287 1392 in
3315 1347 3526 1391 arctum
3552 1337 3786 1401 venitur,

2214 1438 2265 1480 et
2291 1430 2558 1497 angustiis
2587 1430 3024 1498 propositionum
3057 1430 3529 1498 quastionumque
3558 1427 3786 1481 conclu-

2213 1519 2379 1573 ditur.
2430 1520 2483 1572 Si
2537 1521 2757 1589 quando
2807 1537 2928 1575 eam
2981 1522 3114 1590 legis
3163 1536 3229 1576 ac
3283 1521 3669 1589 prophetarum
3704 1520 3786 1571 vel

2212 1611 2497 1680 :cnigmata
2524 1612 2604 1664 vel
2645 1612 2878 1666 obscura
2911 1628 3142 1682 quaeque
3170 1613 3312 1666 dicta
3350 1610 3706 1671 concludunt,
3741 1609 3787 1661 si

2139 1669 2181 1722 Β
2213 1701 2350 1755 forte
2388 1703 2579 1756 adesse
2603 1720 2728 1757 eum
2767 1705 2966 1758 sentiat
2993 1705 3196 1770 anima,
3224 1713 3276 1757 et
3304 1701 3517 1757 eminus
3547 1701 3785 1756 sonitum

2212 1793 2363 1847 vocis
2400 1794 2520 1861 ejus
2555 1795 2807 1863 accipiat,
2839 1795 3156 1849 sublevatur
3213 1793 3427 1857 statim;
3464 1802 3517 1845 et
3548 1793 3637 1846 ubi
3673 1808 3789 1845 ma-

2210 1881 2292 1950 gis
2313 1896 2378 1935 ac
2426 1884 2602 1952 magis
2633 1886 3000 1954 propinquare
3046 1885 3301 1939 sensibus
3355 1883 3475 1951 ejus
3535 1883 3783 1951 cmperit,

2209 1981 2262 2026 et
2291 1973 2599 2028 illuminare
2650 1991 2771 2044 qua:
2817 1978 3051 2031 obscura
3106 1986 3253 2040 sunt,
3308 1985 3436 2028 tunc
3474 1990 3597 2026 cum
3645 1974 3788 2025 νὶὼιι

2214 2063 2500 2118 salientem
2549 2079 2712 2133 supra
2767 2077 2979 2120 montes
3025 2077 3078 2120 et
3104 2067 3292 2130 colles,
3336 2066 3457 2119 alta:
3501 2065 3708 2116 scilicet
3735 2075 3788 2118 ct

2209 2154 2438 2209 excelsaa
2467 2171 2663 2210 sensus
2699 2157 2801 2210 sibi
2836 2157 3205 2225 intelligentia:
3237 2166 3610 2225 suggerentent
3649 2174 3662 2210 :
3716 2158 3787 2210 ita

2210 2253 2271 2296 ut
2296 2246 2491 2298 merito
2521 2246 2667 2300 dicat
2719 2248 2834 2301 hac
2884 2248 3066 2300 anima
3098 2265 3110 2299 :
3157 2245 3290 2298 Ecce
3313 2247 3392 2298 hic
3421 2249 3556 2298 venit
3588 2247 3784 2298 saliens

2210 2337 2265 2388 in
2297 2337 2595 2402 montibus,
2642 2340 2946 2393 transiliens
2991 2355 3145 2406 super
3188 2338 3366 2392 colles.
3431 2337 3553 2391 Haec
3599 2348 3781 2391 autem

2211 2426 2445 2481 dicimus
2477 2443 2585 2482 non
2632 2413 2979 2483 immemores
3004 2429 3147 2498 quod
3173 2429 3283 2496 jam
3317 2438 3369 2482 et
3398 2431 3450 2482 in
3485 2429 3784 2497 superiori—

2210 2517 2313 2572 bus
2339 2535 2520 2573 coram
2560 2520 2772 2589 positus
2803 2520 3055 2590 prmsenti
3087 2520 3394 2573 collocutus
3425 2519 3496 2573 sit
3526 2535 3740 2588 spons:e
3767 2539 3781 2573 z

2211 2608 2306 2662 sed
2333 2609 2614 2677 quoniam,
2655 2618 2714 2663 ut
2771 2624 2914 2678 saepe
2958 2609 3219 2674 diximus,
3263 2609 3525 2663 dramatis
3550 2611 3785 2677 speciem

2209 2699 2431 2754 libellus
2497 2701 2586 2755 hic
2625 2701 2888 2763 continet,
2945 2715 3092 2754 nunc
3139 2700 3192 2753 in
3228 2700 3480 2768 prmsenti
3523 2699 3786 2752 dicuntur

2208 2788 2414 2857 aliqua,
2448 2803 2597 2842 nunc
2631 2788 2869 2841 etiamin
2901 2787 3152 2852 absenti;
3183 2795 3236 2840 et
3271 2787 3349 2840 sic
3384 2785 3560 2854 agitur
3590 2785 3789 2837 immu-

2211 2876 2348 2929 tatio
2395 2890 2778 2944 personarum.
2825 2886 2886 2929 ut
2937 2886 3168 2945 uterque
3229 2876 3365 2929 ordo
3408 2884 3786 2943 competenter

2209 2966 2368 3036 dirigi
2406 2968 2676 3022 videatur.
2711 2966 2974 3033 Quamvis
3022 2967 3168 3020 enim
3198 2967 3478 3034 promittat
3521 2982 3782 3034 sponsus,

2210 3067 2263 3110 et
2295 3057 2440 3112 dicat
2473 3059 2539 3111 ad
2567 3073 2824 3127 sponsam
2854 3073 3033 3119 suam,
3059 3056 3150 3125 qui
3179 3067 3305 3109 sunt
3335 3057 3489 3108 electi
3531 3057 3786 3123 discipuli

2210 3147 2350 3214 ejus,
2385 3147 2512 3216 quia
2567 3163 2680 3200 ecce
2715 3163 2807 3216 ego
2843 3146 3110 3198 vobiscum
3159 3161 3273 3198 sum
3329 3145 3568 3197 omnibus
3605 3147 3788 3199 diebus

2211 3250 2369 3303 usque
2399 3236 2467 3287 ad
2496 3236 2996 3288 consummationem
3035 3234 3219 3286 surculi
3250 3232 3332 3296 ⁶⁸;
3372 3241 3547 3287 tamen
3580 3232 3776 3288 iterum

2211 3339 2305 3392 per
2333 3325 2631 3392 parabolas
2655 3324 2808 3389 dicit,
2843 3323 2970 3392 quia
3003 3321 3394 3391 paterfamilias
3428 3322 3638 3374 vocavit
3670 3337 3784 3375 ser~

2212 3427 2310 3466 vos
2344 3429 2500 3479 suos,
2539 3422 2594 3466 et
2643 3413 2936 3480 unicuique
2977 3411 3257 3465 distribuit
3311 3411 3590 3479 pecuniam
3624 3426 3790 3479 nego-

2215 3504 2385 3558 tiandi
2415 3505 2609 3570 gratia,
2660 3510 2714 3556 et
2769 3500 3044 3572 profectus
3080 3509 3162 3554 est
3194 3500 3256 3552 ".
3290 3500 3353 3553 Et
3387 3502 3581 3553 iterum
3608 3500 3738 3554 dicit
3772 3519 3784 3553 :

2210 3590 2348 3656 Quin
2380 3592 2514 3645 abiit
2552 3601 2733 3659 petere
2794 3592 2896 3645 sibi
2933 3606 3161 3660 regnum
3196 3590 3264 3642 ⁷⁸.
3299 3588 3365 3641 Et
3399 3590 3594 3643 iterum
3625 3591 3785 3660 quasi

2209 3681 2277 3736 de
2305 3683 2532 3736 absente
2558 3697 2764 3752 sponso
2789 3681 3010 3746 dicitur,
3053 3681 3182 3752 quia
3245 3681 3421 3734 media
3488 3692 3647 3736 nocte
3676 3683 3787 3735 cla-

2208 3791 2327 3828 mor
2366 3775 2543 3829 lactus
2572 3783 2658 3830 est
2710 3775 3032 3839 dicentium,
3088 3775 3218 3844 quia
3269 3773 3419 3830 venit
3452 3788 3690 3845 sponsus
3715 3776 3782 3827 τ’.

2208 3864 2298 3920 Sic
2319 3881 2452 3934 ergo
2477 3880 2626 3919 nunc
2671 3879 2910 3936 praesens
2966 3873 3050 3919 est
3081 3880 3335 3934 sponsus,
3364 3875 3417 3918 et
3436 3865 3614 3929 docet,
3641 3881 3786 3920 nunc

2205 3962 2403 4018 absens
2432 3964 2654 4031 dicitur,
2715 3973 2772 4019 et
2825 3962 3195 4030 desideratur;
3253 3973 3307 4018 et
3361 3974 3653 4035 utrumque
3701 3964 3784 4018 vel

2207 4056 2483 4124 Ecclesiae,
2517 4060 2599 4114 vel
2627 4059 2824 4114 anima:
2847 4060 3106 4114 studiosae
3137 4062 3443 4114 conveniet.
3477 4060 3614 4116 Cum
3639 4062 3783 4116 enim

2209 4153 2321 4222 pati
2356 4157 2762 4222 persecutiones
2797 4165 2852 4212 et
2885 4157 3264 4212 tribulationes
3291 4160 3626 4227 permittitur
3678 4159 3785 4214 Ec-

2217 4252 2406 4319 clesia,
2441 4254 2638 4310 absens
2669 4256 2716 4310 ei
2746 4256 2978 4311 videtur.
3017 4255 3082 4311 Et
3143 4273 3361 4313 rursum
3403 4276 3527 4315 cum
3573 4261 3626 4315 in
3655 4276 3787 4332 pace

602 4455 646 4488 ⁸⁷
682 4455 839 4512 Cant.
874 4474 932 4523 ll,
971 4461 1056 4515 l4.
1135 4461 1179 4491 “
1206 4460 1394 4515 Matth.
1427 4477 1622 4525 xxvm,
1646 4459 1738 4514 20.
1814 4461 1859 4493 ⁸³
1891 4459 2080 4516 Matth.
2110 4479 2239 4534 xxv,
2275 4470 2362 4534 Μ,
2390 4466 2479 4520 15.
2555 4465 2600 4495 ⁷⁸
2632 4463 2767 4519 Luc.
2792 4480 2908 4531 xtx,
2938 4466 3026 4518 l2.
3105 4467 3146 4497 '”
3177 4464 3367 4520 Matth.
3398 4483 3524 4531 xxv,
3549 4469 3602 4524 6.

575 4632 717 4720 .(69j
753 4634 984 4720 Staliebat
1015 4641 1166 4720 enim
1186 4644 1717 4720 super_proph_eticos.
1749 4653 1853 4720 etc.
1899 4642 2103 4720 Proco-
2137 4655 2180 4711 ι)
2209 4650 2492 4720 prophetas
2513 4609 2674 4700 vocat
2699 4662 2851 4699 sensu
2883 4647 3172 4720 perfectos,
3204 4661 3443 4720 berorum
3469 4647 3788 4720 contempla-

537 4704 1004 4794 pittfhex‘Origene
1039 4730 1051 4763 :
1079 4712 1169 4794 ,Ἣ
1209 4704 1301 4764 κὰ).
1337 4704 1437 4794 ligor;
1461 4704 1613 4794 esse
1635 4715 1914 4794 npogoijfaq
1943 4719 2106 4794 <pr,:_r‘tv

538 4773 776 4854 apricus
805 4773 900 4854 cfp:
931 4781 1258 4854 φρρνήματι,
1304 4773 1437 4854 ’τώγ’
1483 4773 2103 4854 ἀλήθινῶνίδεώρήἑὰςο

538 4844 704 4924 Οῐμῇι
731 4844 921 4924 sumi
938 4844 1061 4924 est;
1089 4844 1460 4924 ’ἆποάτόλᾳυςο
1496 4844 1616 4906 ὲπὲὶ
1652 4853 1801 4924 κατὰ
1828 4844 2042 4921 emi-ear

537 4913 723 4994 a’ggp’la
758 4918 844 4981 εις
869 4919 1085 4994 ,ψρχὰς
1126 4913 1482 4994 ⁸ίιι-ττιιεαίνιίξι.
1516 4925 1654 4994 Ὀρη
1695 4923 1772 4986 δὲ,
1805 4913 1949 4994 tua
1975 4913 2106 4977 ἁναὶ

537 4981 814 5063 apage“
859 4981 1010 5056 ήλίοῦ
1049 4981 1243 5060 ἇτρῖὒτα
1293 4981 1768 5063 καταλάμπᾶταιέ
1795 4993 2012 5063 βουνοὺς
2051 4995 2107 5047 δὲ

537 5051 664 5134 rei);
687 5051 906 5134 ἐλαποῇ
959 5051 1311 5134 χωρῆςαντας
1339 5065 1454 5134 μτὴν
1493 5051 1597 5134 ξτσῦ
1655 5051 1962 5134 πνεύματος
1991 5051 2109 5117 ἔπι-

537 5123 1018 5205 ςράνειᾳν.ῃΛέγοίζ
1043 5123 1178 5205 δ’ξᾶν
1208 5123 1303 5205 atat
1333 5123 1431 5203 6ρὴ
1465 5123 1531 5184 ea
1561 5135 1618 5205 sv
1644 5123 1806 5204 νόμιτί
1831 5123 2096 5205 νοήῂᾳτα·

539 5193 759 5273 Ερυνοὺς
777 5197 835 5273 ῥὲ
859 5193 932 5273 τὰ
953 5198 1060 5250 τῶν
1090 5199 1289 5273 λοιπῶν
1336 5193 1642 5273 τξρὸφητῶν.
1678 5193 1744 5254 Ἦ
1765 5193 1776 5204 ’
1796 5205 1887 5257 καὶ
1915 5193 1945 5256 ὃ
1972 5204 2104 5257 Θεω-

537 5264 708 5332 ρήσας
740 5267 831 5319 τὸν
854 5270 911 5349 ἐξ
945 5272 1105 5340 καινῇ
1159 5264 1397 5342 Διαθήκῄ
1445 5264 1619 5339 λόγον,
1669 5273 1853 5342 βλέπει
1880 5275 1971 5325 τὸν
2010 5277 2104 5327 ὲπὶ

536 5332 600 5411 vd
625 5334 724 5411 ΰρῃ
762 5337 1034 5411 πηδωνῖα,
1083 5342 1176 5411 ἐπὶ
1212 5342 1269 5392 δὲ
1311 5348 1436 5404 τοὺς
1473 5343 1692 5411 βουνοὺς
1735 5344 2098 5411 διαλλόμενον,

536 5352 600 5383 τα
625 5352 724 5405 opt;
762 5352 1034 5417 πηρωντα,
1068 5352 1176 5422 ..επὶ
1212 5352 1269 5392 δὲ
1311 5352 1436 5404 τοὺς
1473 5352 1692 5423 βουνοὺης
1735 5352 2098 5413 διαλλόμενον,

533 5402 624 5456 τὸν
685 5408 742 5484 ev
781 5423 858 5484 τῳ
887 5409 1103 5484 tralatu)
1138 5412 1443 5484 γράμματι.
1491 5413 1688 5484 Νεῦρῳ
1827 5413 2041 5482 ἐλάφων
2074 5418 2102 5466 ὁ

534 5477 1158 5552 ξυμφίοςηᾲῖιεῗίκασιέαιή
1178 5477 1264 5534 ὀὔ
1294 5477 1467 5552 ίμόνον
1515 5477 1619 5546 ὡς’
1641 5477 1950 5552 ἀναλίπωῦ
1979 5484 2104 5546 τοὺς

535 5541 727 5622 δφὶιξιιζ,Δ
751 5547 864 5622 air
888 5551 989 5622 Ῠόηςι
1044 5552 1137 5604 καὶ
1172 5541 1412 5606 παιδίον
1446 5541 1738 5622 ἐτειλνήθη
1784 5552 1949 5620 ἡμῖν,
1981 5541 2110 5622 υὶρξ·

535 5615 634 5687 tu}!
664 5615 840 5687 aedon
868 5620 1028 5687 ἡμῖν’
1068 5622 1162 5674 καὶ
1204 5622 1288 5676 ὅτι
1328 5615 1735 5678 ἐταπὲίνωάεν
1767 5615 2002 5674 ὲᾶυτόν.
2033 5615 2109 5674 Ἶί

533 5681 643 5754 γὰρ
691 5683 756 5738 ἂν
789 5681 980 5756 ἐλαῷος
1033 5693 1241 5762 ὑπῆρχε
1293 5693 1496 5746 τελεία.
1553 5691 1642 5746 Vel
1691 5692 1852 5746 etiam
1904 5703 2105 5746 montes

2211 4716 2370 4783 tores,
2409 4718 2594 4786 opinor
2613 4726 2785 4768 autent
2818 4719 2980 4768 etiam
3016 4717 3303 4784 apostolos,
3346 4716 3391 4766 si
3411 4717 3621 4783 quidem
3652 4734 3672 4768 ε
3694 4734 3789 4783 per

2209 4790 2566 4860 generationes
2594 4787 2857 4860 sapientia
2881 4801 2934 4837 se
2963 4787 3016 4837 in
3043 4788 3271 4860 _anin_tas
3303 4791 3606 4860 (Νικίᾳ-ω
3640 4788 3788 4860 Mon-

2214 4855 2286 4912 tes
2325 4870 2500 4912 autem
2527 4857 2882 4924 appellantur,
2915 4855 3076 4923 quod,
3119 4855 3226 4907 sole
3245 4856 3462 4915 oriente,
3497 4855 3629 4908 lucis
3672 4855 3786 4925 ful-

2211 4945 2357 4999 gores
2387 4929 2546 4999 primi
2574 4926 2865 4999 recipiant;
2904 4926 3060 4999 colles
3109 4940 3259 4999 vero,
3286 4939 3371 4999 eos
3417 4925 3507 4999 qui
3564 4926 3786 4992 spiritus

2212 4993 2624 5051 illustrationem
2671 4993 2841 5047 minus
2893 4997 3126 5060 capiant.
3162 4993 3338 5046 Possis
3382 4996 3543 5046 etiam
3585 5007 3785 5048 montes

2213 5067 2476 5138 appellare
2502 5065 2628 5133 legis
2652 5066 2790 5140 ipsos
2820 5078 3032 5140 sensus;
3065 5063 3224 5140 colles
3246 5079 3383 5124 uero,
3412 5078 3536 5140 ante
3557 5063 3785 5133 reliquo-

2211 5133 2328 5192 runt
2373 5146 2493 5189 sunt
2549 5133 2942 5204 prop/telarum.
2993 5133 3077 5186 Vel
3134 5134 3224 5204 qui
3279 5134 3659 5204 contemplatus
3705 5144 3782 5186 est

2210 5206 2346 5276 quod
2369 5207 2424 5258 in
2458 5203 2971 5276 NovorTestamento
3014 5212 3111 5276 est
3146 5203 3385 5265 Verbum,
3420 5203 3786 5276 ridetsalien-

2211 5272 2312 5328 tem
2355 5277 2408 5326 in
2448 5275 2743 5333 utentibus,
2798 5289 2954 5340 super
3009 5272 3166 5324 colles
3226 5287 3339 5324 uero
3401 5273 3784 5326 transilientem

2209 5345 2348 5415 quod
2392 5347 2444 5397 in
2482 5343 2640 5398 veteri
2687 5342 2989 5410 Scriptura.
3047 5341 3281 5394 Hinnulo
3310 5351 3485 5393 autem
3515 5357 3785 5415 ceruorum

2210 5412 2542 5467 assimilatas
2568 5422 2644 5466 est
2679 5428 2900 5480 sponsus
2927 5428 3026 5462 non
3072 5422 3277 5462 tantum
3324 5421 3595 5478 propterea
3644 5412 3784 5481 quod

2215 5495 2475 5552 serpentes
2508 5485 2758 5545 absumit,
2810 5481 2897 5533 sed
2932 5481 3071 5548 quod
3102 5483 3261 5552 etiam
3296 5499 3313 5529 ε
3349 5484 3597 5547 parvulus
3625 5493 3784 5534 natus

2215 5550 2487 5613 est—nobis,
2515 5564 2563 5606 et
2593 5553 2735 5619 ﬁlius
2765 5553 2921 5604 datus
2947 5560 3023 5601 est
3065 5550 3243 5612 nobis;
3278 5569 3295 5600 ι
3335 5552 3471 5619 quod
3499 5553 3620 5604 item
3651 5571 3669 5602 t
3706 5569 3786 5605 sc-

2213 5626 2383 5691 ipsum
2407 5623 2738 5685 lmmiliatvit;
2773 5640 2792 5672 ο
2832 5619 3033 5690 alioqui
3069 5636 3246 5674 cervus
3269 5629 3402 5674 esset
3426 5625 3669 5688 perfecte.
