4130 6424
389 366 490 422 169

1738 359 1939 416 LIBER
1978 359 2300 420 TERTIUS.

3554 375 3659 434 170

386 481 619 551 prolicit,
649 486 703 534 et
728 479 784 533 in
813 474 920 532 ﬁde
952 491 1018 533 ac
1039 476 1200 531 bonis
1226 477 1487 547 operibus
1516 479 1691 543 ﬂoret,
1724 495 1968 549 praesens
1998 488 2042 544 Α
2072 500 2229 553 super
2251 485 2428 541 colles.
2456 485 2788 543 llistoricum
2816 487 3061 545 ordinem
3099 491 3211 560 jam
3249 494 3523 562 prosecuti
3560 511 3650 552 su.

387 572 433 628 ei
464 587 588 629 esse
611 570 953 642 intelligitur.
998 566 1103 623 Sed
1132 579 1186 622 et
1231 570 1414 623 anima
1460 586 1585 625 cum
1626 573 1825 642 quaerit
1873 574 1972 627 ali-

384 679 545 736 quem
576 675 824 727 sensum,
851 669 905 716 et
933 675 1231 731 agnoscere
1266 662 1501 717 obscura
1530 680 1763 734 qumque
1805 674 1859 719 et
1883 682 1972 719 ar—

385 772 521 813 cana
554 755 851 816 desiderat.
882 753 1061 810 donec
1116 753 1367 810 invenire
1404 770 1511 809 non
1543 765 1742 826 potest,
1770 757 1970 814 absens

385 853 436 908 ei
464 855 582 908 sine
608 852 779 907 dubio
826 859 912 907 est
935 850 1175 907 Verbum
1209 849 1331 907 Dei.
1362 849 1466 906 Ubi
1508 867 1638 908 vero
1666 856 1971 909 occurrerit

385 954 436 1000 et
462 944 779 1015 apparuerit
819 942 970 1014 quod
1017 941 1340 1012 requiritur,
1365 943 1489 1014 quis
1534 944 1747 999 dubitat
1777 945 1970 1000 adesse

383 1035 625 1093 Verbum
658 1036 778 1103 Dei,
814 1045 871 1092 et
893 1035 1206 1091 illuminare
1235 1044 1470 1090 mentem
1507 1052 1572 1091 ac
1614 1037 1859 1092 scientia:
1885 1037 1970 1091 lu-

383 1145 507 1189 men
532 1130 583 1185 ei
610 1128 895 1200 praebere?
932 1127 1000 1183 Et
1034 1128 1231 1185 iterum
1258 1128 1489 1185 subduci
1530 1130 1691 1186 nobis
1723 1145 1848 1186 eum
1887 1140 1969 1185 at-

382 1236 491 1293 que
522 1220 720 1276 iterum
752 1217 946 1275 adesse
980 1218 1251 1275 sentimus
1288 1234 1386 1289 per
1442 1220 1662 1291 singula
1695 1236 1820 1291 quas
1873 1230 1971 1275 aut

384 1311 733 1383 aperiuntur,
761 1319 857 1367 aut
894 1309 1225 1369 clauduntur
1263 1310 1319 1367 in
1350 1312 1607 1368 sensibus
1648 1313 1873 1368 nostris.
1903 1311 1969 1368 Et

387 1404 584 1460 hocea
621 1417 796 1474 usque
842 1402 1083 1474 patimur
1122 1402 1301 1461 donec
1333 1404 1472 1461 tales
1526 1406 1850 1472 elliciamur,
1908 1414 1969 1458 ut

390 1513 498 1552 non
541 1498 718 1554 solum
766 1495 1007 1552 revisere
1042 1512 1165 1562 nos,
1230 1498 1324 1554 sed
1358 1506 1413 1553 et
1454 1514 1676 1554 manere
1713 1499 1969 1569 dignetur

387 1589 529 1659 apud
570 1605 689 1652 nos,
718 1587 1021 1643 secundum
1062 1589 1208 1657 quod
1259 1588 1627 1660 interrogatus
1652 1604 1684 1645 a
1724 1589 1965 1660 quodam

385 1682 652 1752 discipulo
672 1681 936 1737 dicente:
980 1678 1404 1750 Domine,~quid
1455 1692 1533 1735 est
1579 1682 1782 1749 factum
1827 1681 1966 1751 quod

383 1775 572 1844 incipis
603 1773 753 1828 nobis
808 1770 1161 1837 maniiestare
1191 1772 1544 1841 temetipsum,
1576 1783 1624 1827 et
1681 1789 1785 1828 non
1842 1773 1966 1827 huic

381 1865 580 1919 mundo
619 1865 704 1918 ⁷⁸⁸1
738 1860 1023 1935 respondit
1060 1860 1315 1920 Salvator
1348 1882 1362 1917 :
1397 1863 1459 1920 Si
1480 1865 1598 1935 quis
1642 1864 1818 1935 diligit
1863 1882 1964 1931 me,

380 1959 597 2012 uerbum
631 1975 806 2012 meum
842 1957 1102 2024 custodit,
1125 1968 1174 2012 et
1205 1957 1372 2013 Pater
1417 1972 1563 2012 meus
1612 1955 1798 2024 diliget
1824 1973 1966 2024 eum,

381 2059 431 2104 et
462 2050 531 2103 ad
552 2051 725 2119 ipsum
758 2050 1044 2117 veniemus,
1078 2058 1128 2104 et
1179 2050 1511 2104 mansionem
1561 2049 1703 2118 apud
1734 2064 1851 2102 eum
1884 2048 1968 2116 fa-

383 2143 582 2197 ciemus
611 2144 678 2197 ".
718 2142 777 2198 Si
810 2159 941 2214 ergo
968 2152 1024 2201 et
1050 2158 1154 2199 nos
1206 2143 1461 2199 volumus
1492 2141 1675 2197 videre
1728 2140 1967 2196 Verbum

384 2232 478 2290 Dei
502 2243 667 2305 atque
692 2235 892 2290 animae
925 2249 1187 2305 sponsum
1246 2234 1531 2291 salientem
1578 2250 1750 2303 super
1811 2249 1967 2288 mon-

381 2334 568 2392 tes,et
594 2327 960 2383 exsultantem
1019 2343 1184 2398 super
1222 2327 1412 2394 colles,
1454 2326 1633 2398 primo
1674 2325 1968 2383 audiamus

380 2434 568 2475 vocem
593 2420 744 2490 ejus;
793 2429 851 2476 et
902 2434 1027 2475 cum
1061 2418 1405 2476 audierimus
1437 2432 1564 2474 eum
1600 2417 1654 2472 in
1684 2417 1964 2484 omnibus,

382 2518 515 2567 tunc
563 2510 728 2565 etiam
772 2526 897 2565 eum
944 2510 1131 2566 videre
1184 2510 1521 2580 poterimus,
1570 2510 1877 2567 secundum
1903 2525 1968 2564 ea

380 2615 505 2672 quae
554 2600 611 2655 in
662 2600 918 2670 praesenti
947 2599 1068 2654 loco
1120 2599 1328 2655 vidisse
1379 2597 1711 2653 describitur
1744 2612 1965 2667 sponsa.

380 2694 520 2750 Nam
548 2703 604 2751 et
623 2694 739 2763 ipsa
763 2694 1021 2763 quamvis
1049 2701 1106 2749 et
1137 2692 1293 2762 prius
1313 2705 1438 2745 eum
1468 2689 1684 2756 viderit,
1704 2705 1813 2747 non
1842 2706 1966 2745 eum

382 2797 565 2844 tamen
586 2787 660 2842 ita
694 2787 927 2851 viderat,
968 2794 1027 2841 ut
1054 2801 1201 2841 nunc
1232 2786 1518 2845 salientem
1545 2798 1709 2854 super
1755 2796 1968 2841 montes

381 2887 440 2936 et
464 2879 806 2934 exsilientem
863 2893 1032 2949 super
1083 2877 1275 2945 colles,
1335 2891 1512 2947 neque
1554 2890 1654 2946 per
1697 2873 1968 2932 fenestras

383 2980 517 3021 suas
555 2965 1025 3036 procumbentem,
1078 2981 1259 3037 neque
1307 2979 1407 3036 per
1442 2965 1580 3020 retia
1624 2964 1969 3036 prospicien-

383 3066 516 3126 tem,
549 3057 646 3113 sed
676 3057 850 3129 magis
892 3056 1112 3113 videtur
1133 3057 1281 3128 quod
1307 3058 1463 3127 prius
1494 3058 1692 3114 hiemis
1717 3067 1967 3129 tempore

2079 592 2238 645 mus;
2288 596 2438 637 nunc
2487 594 2668 638 autem
2725 585 3001 654 quomodo
3056 585 3308 643 Christus
3360 588 3427 644 ad
3462 588 3654 646 Eccle-

2077 669 2212 724 siam
2245 673 2471 727 veniens
2491 674 2653 730 saliat
2685 691 2851 745 super
2892 686 3128 745 montes,
3169 688 3223 732 et
3246 678 3466 736 exsiliat
3489 697 3656 755 super

2076 762 2262 826 colles,
2292 763 2581 819 videndum
2607 776 2710 820 est.
2743 764 3016 823 Exsiliens
3054 768 3198 823 enim
3263 772 3439 842 tnagis
3487 789 3650 843 quam

2077 854 2394 910 transiliens
2449 858 2715 928 propositi
2780 859 3051 916 sermonis
3108 863 3413 932 proprietas
3469 864 3652 920 habet.

2073 941 2227 999 Isaac
2248 945 2394 1000 enim
2447 947 2738 1004 ambulans
2775 957 2830 1004 et
2876 951 3227 1023 progrediens
3260 954 3438 1023 major
3468 955 3652 1021 llebat,

2072 1050 2361 1106 usquequo
2394 1036 2543 1092 ﬁeret
2575 1053 2807 1109 magnus
2859 1042 3034 1097 valde.
3084 1042 3288 1101 Paulus
3326 1056 3506 1101 autem
3544 1062 3653 1101 non

2068 1125 2182 1194 jam
2210 1127 2544 1185 ambulando
2568 1128 2817 1199 profecit,
2849 1132 2942 1186 sed
2974 1137 3266 1200 curmndo,
3298 1150 3423 1192 cum
3468 1137 3601 1197 dicit
3636 1155 3653 1195 :

2073 1216 2301 1273 Cursum
2342 1222 2702 1275 consummavi
2735 1221 2803 1275 ⁷⁸.
2863 1218 3112 1279 Salvator
3162 1233 3347 1282 autem
3384 1237 3570 1284 noster
3604 1238 3659 1285 et

2072 1305 2331 1365 Ecclesiae
2377 1326 2638 1382 sponsus,
2668 1328 2843 1385 neque
2870 1316 3176 1382 ambulare,
3208 1333 3386 1389 neque
3411 1335 3657 1390 currere,

2073 1403 2166 1456 sed
2197 1418 2364 1473 super
2413 1404 2530 1461 hanc
2586 1407 2751 1462 salire
2804 1406 3006 1464 dicitur
3051 1417 3107 1465 et
3136 1411 3375 1466 exsilire.
3407 1410 3465 1467 Si
3509 1414 3654 1468 enim

2071 1495 2387 1551 consideres
2426 1501 2705 1566 quomodo
2729 1499 2880 1568 parvi
2921 1501 3183 1570 temporis
3211 1502 3391 1571 spatio
3420 1517 3657 1574 occupa-

2070 1595 2187 1641 tum
2214 1585 2369 1641 falsis
2399 1590 2883 1657 superstitionibus
2908 1593 3171 1649 mundum
3197 1609 3379 1649 sermo
3406 1593 3499 1649 Dei
3534 1611 3659 1665 per-

2071 1677 2268 1743 currit,
2296 1687 2350 1733 et
2371 1677 2438 1732 ad
2468 1681 2800 1751 agnitionem
2835 1698 2976 1739 verae
2998 1682 3121 1739 ﬁdei
3169 1686 3467 1755 revocavit,
3498 1686 3655 1742 intel-

2072 1769 2210 1842 liges
2237 1770 2514 1841 quomodo
2546 1771 2708 1827 saliat
2749 1788 2914 1843 super
2960 1783 3194 1843 montes,
3228 1792 3427 1848 magna
3462 1778 3657 1833 viduli-

2070 1872 2155 1920 cet
2174 1878 2403 1934 qumque
2423 1879 2587 1934 regna
2620 1864 2849 1920 saltibus
2877 1866 2998 1922 suis
3039 1882 3327 1937 superans,
3350 1877 3405 1924 et
3428 1869 3494 1923 ad
3514 1872 3661 1927 reci-

2070 1958 2323 2027 piendam
2371 1957 2743 2028 cognitionem
2790 1957 2988 2014 divinae
3034 1959 3312 2029 religionis
3344 1960 3653 2031 inclinans;

2068 2062 2123 2107 et
2149 2050 2375 2107 exsiliat
2403 2066 2568 2122 super
2599 2050 2789 2116 colles,
2829 2067 2955 2107 cum
3004 2052 3167 2108 etiam
3219 2053 3435 2109 minora
3485 2069 3655 2126 regna

2072 2144 2330 2199 velociter
2379 2143 2634 2215 subjugat
2684 2152 2849 2214 atque
2897 2143 2964 2199 ad
2995 2144 3252 2216 pietatem
3308 2144 3423 2200 veri
3476 2146 3657 2202 cultus

2069 2235 2324 2301 adducit;
2357 2246 2413 2289 et
2440 2237 2520 2291 sic
2546 2235 2613 2289 de
2647 2233 2769 2291 loco
2802 2234 2869 2291 ad
2923 2235 3129 2302 locum,
3156 2237 3224 2294 de
3262 2253 3431 2311 regno
3465 2239 3533 2294 ad
3567 2255 3656 2293 re-

2069 2345 2258 2400 gnum,
2285 2330 2352 2385 de
2384 2330 2682 2400 provinciis
2718 2331 2785 2384 ad
2814 2330 3126 2403 provincias
3156 2332 3560 2402 praedicationis
3593 2334 3657 2387 il-

2070 2419 2394 2475 lustratione
2421 2420 2739 2476 transiliens
2772 2434 2868 2489 per
2891 2435 3015 2474 eum
3040 2420 3137 2489 qui
3166 2419 3401 2490 dicebat,
3436 2422 3565 2493 quia
3589 2425 3655 2477 ab

2073 2509 2409 2565 Hierusalem
2434 2510 2491 2564 in
2517 2510 2743 2565 circuitu
2796 2526 2958 2579 usque
3012 2510 3081 2564 ad
3126 2508 3411 2579 Illyricum
3437 2509 3658 2580 replet-It

2070 2600 2418 2672 Euangelium
2464 2600 2564 2655 Dei
2587 2601 2654 2669 ⁷⁷,
2686 2600 2954 2670 intelliges
2976 2600 3252 2670 quomodo
3298 2614 3462 2670 super
3494 2612 3655 2653 mon-

2077 2706 2159 2753 tes
2191 2695 2396 2752 saliens
2448 2695 2653 2765 veniat,
2707 2706 2763 2750 ct
2801 2695 3061 2751 exsiliens
3113 2708 3277 2764 super
3317 2692 3508 2750 colles.
3548 2690 3652 2747 Sed

2067 2798 2122 2844 et
2149 2787 2259 2843 alio
2285 2786 2448 2841 modo
2491 2796 2669 2857 potest
2701 2786 2948 2858 intelligi,
2998 2785 3143 2842 sicut
3177 2800 3343 2855 supra
3360 2785 3474 2856 jam
3509 2783 3657 2840 disi-

2069 2893 2215 2943 mus,
2242 2877 2502 2948 quoniam
2537 2877 2757 2949 quidem
2808 2876 3025 2949 Moyses
3059 2876 3127 2931 de
3169 2876 3288 2948 ipso
3318 2876 3557 2947 scripsit,
3590 2885 3648 2932 et

2068 2972 2346 3042 propheta:
2394 2970 2756 3026 nihilominus
2787 2970 2854 3025 dc
2890 2971 3008 3039 ipso
3037 2967 3519 3024 annuntiaverunt.
3544 2965 3653 3027 Sed

2068 3070 2123 3117 et
2151 3062 2266 3117 haec
2309 3060 2654 3116 aununtiatio
2700 3061 2754 3115 in
2794 3060 3022 3115 lectione
3070 3058 3282 3115 Veteris
3320 3057 3654 3116 Testamentl

380 3168 506 3210 cum
538 3153 755 3209 viderit.
788 3150 947 3207 Nunc
1001 3154 1150 3208 enim
1201 3152 1439 3223 primum
1495 3152 1629 3209 dicit
1677 3153 1770 3207 ei:
1823 3149 2035 3220 Quiac
2072 3154 2319 3209 velamen
2376 3152 2541 3207 habet
2593 3152 3048 3224 superpositum:
3112 3150 3204 3207 ubi
3234 3166 3366 3207 vero
3413 3166 3652 3221 sponszn,

380 3245 544 3300 hiems
594 3245 809 3298 transiit
846 3242 913 3298 ⁷⁸.
947 3241 1117 3313 Igitur
1171 3253 1231 3298 ut
1278 3259 1367 3300 res
1410 3245 1616 3300 indicat
1650 3245 1818 3300 etiam
1864 3260 1961 3315 per

381 3336 616 3395 hiemem
646 3352 868 3408 sponsa:
899 3353 1015 3394 suae
1044 3346 1293 3409 apparet,
1332 3338 1386 3393 id
1415 3347 1499 3393 est
1545 3338 1959 3395 tribulationum

379 3438 433 3486 et
459 3430 826 3485 tentationum
858 3439 1121 3500 tempore.
1158 3429 1264 3485 Sed
1298 3439 1354 3485 et
1380 3431 1487 3486 alia
1534 3438 1620 3485 est
1650 3430 1741 3485 illa
1774 3430 1963 3486 visita-

378 3524 477 3591 tio,
510 3525 569 3578 in
597 3516 707 3595 qua
743 3524 999 3579 visitatur
1044 3524 1353 3594 paululum,
1406 3533 1462 3579 ct
1511 3525 1711 3581 iterum
1754 3523 1962 3581 deseri-

378 3625 503 3685 tur,
546 3625 610 3671 ut
653 3616 937 3686 probetur,
968 3629 1033 3670 ac
1066 3630 1260 3672 rursus
1316 3617 1637 3687 requiritur,
1677 3626 1739 3672 ut
1797 3624 1963 3686 caput

376 3711 500 3781 ejus
528 3719 886 3780 sustentetur,
933 3720 988 3766 et
1016 3720 1080 3766 ut
1135 3717 1246 3765 tota
1273 3710 1688 3780 complectatur,
1723 3725 1792 3765 ne
1820 3707 1962 3765 forte

375 3803 557 3857 autin
607 3802 711 3857 ﬁde
752 3803 984 3867 titubet,
1031 3809 1128 3856 aut
1182 3816 1383 3870 corpus
1427 3800 1548 3870 ejus
1600 3799 1960 3855 tentationum

379 3872 621 3963 pondere
670 3904 1059 3965 praegravetur.
1098 3891 1165 3946 Et
1206 3891 1330 3947 ideo
1373 3891 1589 3946 videtur
1618 3890 1752 3944 mihi
1784 3889 1961 3943 hiems

376 3986 491 4057 Bo
516 3984 693 4040 fuisse
738 3985 873 4040 illud
900 3992 1140 4052 tempus,
1173 3997 1299 4036 eum
1324 3989 1491 4049 caput
1516 3995 1679 4034 suum
1708 3978 1829 4032 lidei
1858 3976 1964 4033 sci-

376 4075 506 4131 licet
539 4074 913 4129 summitatem
954 4073 1087 4127 la-va
1145 4069 1329 4140 sponsi
1381 4069 1647 4124 contineri
1680 4068 1959 4138 poscebat,

372 4177 434 4223 et
461 4165 685 4223 dextera
717 4167 838 4237 ejus
863 4181 1031 4222 omne
1048 4179 1252 4234 corpus
1284 4163 1561 4233 amplecti.
1592 4159 1749 4217 Nunc
1773 4170 1958 4218 autem

372 4260 486 4316 ista
516 4259 657 4315 visio
712 4274 835 4330 qua:
880 4259 950 4315 de
1004 4257 1284 4314 montibus
1328 4264 1555 4326 apparet
1597 4264 1652 4310 et
1699 4255 1957 4318 collibus.

377 4354 678 4427 gratiarum
761 4362 894 4423 puto
971 4350 1299 4420 spiritalium
1364 4349 1713 4416 altitudines,
1770 4355 1960 4418 poten-

376 4442 592 4514 tiasque
611 4442 882 4514 designat.
918 4442 1027 4497 Sed
1057 4451 1113 4497 et
1152 4456 1251 4511 per
1279 4440 1547 4498 lenestras
1576 4441 1720 4512 quod
1749 4439 1959 4510 prospi-

374 4550 501 4591 cere
516 4535 744 4599 dicitur,
769 4535 1027 4593 sensibus
1056 4536 1189 4591 mihi
1222 4536 1409 4591 lumen
1447 4534 1664 4589 videtur
1691 4532 1953 4603 praebere.

376 4625 441 4684 Et
495 4628 630 4682 retia
660 4643 782 4698 quas
824 4628 1110 4697 dirumpit,
1147 4635 1202 4682 et
1241 4627 1500 4692 conterit,
1556 4627 1785 4697 laqueos
1813 4624 1957 4680 indi-

376 4720 489 4780 cari
524 4719 827 4774 diabolieos
877 4727 1030 4789 puto,
1074 4727 1264 4788 utpote
1294 4719 1659 4774 tentationum
1710 4727 1957 4788 tempore

376 4824 636 4887 tanquam
674 4815 854 4869 hieme
900 4816 1013 4884 jam
1072 4822 1314 4884 peracta.
1375 4810 1756 4867 Ostenduntur
1787 4809 1953 4864 etiam

375 4909 529 4977 signa
557 4906 723 4971 veris,
745 4916 798 4961 et
828 4906 1056 4970 aestatis,
1081 4906 1225 4961 sicut
1244 4905 1298 4959 in
1322 4902 1557 4959 Psalmis
1591 4902 1797 4957 dictum
1826 4910 1911 4955 est
1937 4918 1950 4955 :

373 4994 646 5054 Atinatem
685 5008 733 5053 et
767 5014 874 5062 ver,
907 5004 963 5051 tu
1019 4995 1192 5065 fecisti
1219 5010 1285 5048 ea
1328 4994 1398 5047 ⁷⁸.
1433 4992 1560 5047 Inde
1621 4992 1859 5060 denique
1901 4998 1957 5045 et

372 5087 537 5146 flores
574 5090 915 5161 perfectuum
971 5087 1197 5158 protulit
1247 5085 1514 5149 Ecclesia,
1556 5081 1956 5140 tentationibus

372 5184 669 5253 superatis,
696 5192 750 5238 et
795 5181 1123 5252 putationis.
1150 5179 1267 5250 (70)
1313 5177 1725 5248 dispensatione
1769 5185 1953 5230 trans-

373 5284 515 5341 acta,
551 5276 694 5331 sicut
726 5277 779 5329 in
830 5275 949 5330 suis
992 5274 1129 5329 locis
1184 5287 1312 5327 cum
1364 5271 1432 5325 ad
1467 5272 1583 5324 lucc
1633 5267 1951 5322 disserenda

378 5378 593 5424 vent-um
619 5366 783 5423 fuerit
808 5367 1144 5423 ostendetur.

449 5459 582 5516 Ecce
611 5462 700 5514 hic
743 5461 879 5515 venit
918 5460 1114 5514 saliens
1167 5473 1325 5527 super
1370 5463 1594 5520 montes,
1642 5452 1951 5506 transiliens

450 5602 496 5638 ⁷³
525 5603 681 5659 Joan.
717 5621 829 5670 xw,
864 5603 954 5658 ‘22.
1031 5603 1078 5635 ⁷³
1117 5602 1250 5657 ibid.
1277 5601 1367 5653 25.
1446 5598 1492 5631 ⁷⁵
1515 5597 1669 5670 Cant.
1703 5611 1761 5670 tt,
1800 5596 1886 5649 il.

641 5791 966 5845 Putationis.
1058 5791 1238 5845 Codex
1310 5787 1693 5853 Turonensis,

741 5886 1011 5946 PATBOL.
1055 5883 1167 5946 Ge.
1224 5883 1395 5944 Xlll.

452 5790 559 5864 (70)

2064 3245 2324 3302 Ecclesia:
2351 3245 2562 3300 scilicet
2597 3245 2663 3299 ad
2697 3261 2820 3300 eum
2849 3260 3147 3312 conversae,
3173 3244 3413 3299 ablatum
3446 3251 3531 3300 est
3559 3259 3651 3299 vc-

2063 3339 2268 3403 lameu,
2304 3338 2485 3395 subito
2533 3338 2680 3394 videt
2726 3354 2851 3394 eum
2905 3338 2959 3392 in
3017 3337 3139 3394 istis
3188 3338 3488 3403 montibus,
3514 3337 3654 3409 legis

2064 3430 2276 3486 scilicet
2300 3431 2674 3486 voluminibus
2710 3430 2996 3485 salientem
3037 3438 3091 3484 et
3138 3428 3192 3483 in
3234 3429 3468 3484 collibus
3499 3426 3651 3484 Scri-

2066 3534 2241 3594 ptura!
2274 3525 2609 3596 prophetiae
2639 3538 2738 3594 pro
2772 3523 3008 3576 evidenti
3066 3520 3509 3577 manifestatione
3538 3535 3653 3576 non

2066 3625 2175 3673 tam
2222 3627 2573 3687 apparentem
2610 3631 2773 3685 quam
2821 3615 3186 3680 exsilientem,
3247 3613 3395 3669 verbi
3452 3612 3650 3683 gratia,

2063 3709 2227 3778 quasi
2265 3709 2312 3763 si
2373 3708 2661 3764 revolvens
2714 3707 2959 3776 singulas
3022 3705 3354 3775 prophetica:
3399 3704 3652 3762 lectionis

2065 3803 2294 3872 paginas
2316 3799 2562 3855 inveniat
2604 3799 2672 3854 de
2720 3799 2854 3868 ipsis
2893 3798 3237 3853 exsilientem
3265 3796 3568 3864 Christum,
3595 3805 3651 3857 et

2068 3908 2167 3962 per
2196 3893 2317 3948 loca
2377 3891 2591 3962 singula
2651 3888 2944 3945 lectionum
3004 3889 3186 3944 ablato
3236 3904 3383 3944 nunc
3426 3890 3649 3944 demum

2061 3999 2174 4055 quo
2196 3983 2355 4055 prius
2381 3982 2666 4052 tegebatur
2695 3980 2982 4046 velamine,
3014 3979 3244 4035 ebullire
3286 3995 3411 4033 eum
3439 3989 3651 4047 cernat,

2065 4082 2118 4129 et
2138 4087 2416 4143 emergere
2443 4081 2608 4141 atque
2636 4069 2871 4124 evidenti
2908 4068 3021 4138 jam
3050 4065 3495 4122 manifestatione
3523 4080 3654 4134 pro-

2062 4180 2339 4236 rumpere.
2402 4162 2486 4219 Ob
2541 4163 2648 4218 hoc
2697 4161 2863 4217 credo
2916 4169 2971 4216 et
3026 4161 3143 4229 ipse
3200 4156 3363 4213 Jesus
3396 4173 3522 4212 cum
3581 4158 3650 4212 ad

2062 4255 2567 4315 transformandum
2607 4269 2666 4310 se
2722 4252 2891 4318 venit,
2920 4266 3027 4306 non
3080 4249 3134 4303 in
3193 4249 3373 4318 aliqua
3429 4248 3655 4317 planitie

2062 4362 2162 4411 aut
2190 4351 2438 4409 convalle
2475 4348 2599 4415 iuit,
2660 4348 2754 4402 sed
2807 4352 3046 4400 montem
3094 4342 3435 4409 conscendit,
3468 4342 3558 4396 ubi
3593 4352 3647 4400 ct

2062 4442 2486 4500 translormatus
2511 4448 2595 4495 est
2617 4438 2698 4504 7‘;
2736 4446 2798 4491 ut
2825 4435 2969 4492 scias
2997 4449 3124 4489 eum
3156 4448 3380 4503 semper
3402 4433 3458 4487 in
3488 4447 3651 4487 mon-

2063 4534 2232 4597 tibus,
2256 4539 2353 4588 aut
2405 4531 2459 4585 in
2515 4529 2748 4585 collibus
2778 4541 3064 4598 apparere,
3096 4533 3151 4581 et
3183 4532 3243 4578 ut
3291 4533 3342 4580 te
3366 4523 3558 4580 doceat
3582 4540 3649 4579 nc
3697 4570 3704 4575 .

2065 4638 2299 4695 usquam
2329 4636 2453 4677 eum
2496 4618 2605 4673 nisi
2630 4619 2682 4673 in
2713 4617 2845 4688 legis
2870 4625 2923 4671 et
2949 4614 3338 4685 prophetarum
3370 4613 3651 4669 montibus

2060 4732 2303 4789 quaeras.
2339 4714 2496 4780 Quod
2540 4720 2723 4766 autem
2769 4709 2943 4765 sancti
2979 4708 3184 4778 quique
3217 4715 3432 4766 montes
3464 4708 3649 4778 appel-

2063 4808 2268 4868 lantur,
2301 4804 2356 4858 in
2380 4803 2567 4858 multis
2616 4800 2914 4871 Scriptum
2946 4800 3081 4855 locis
3111 4798 3356 4854 invcnies
3395 4799 3646 4867 indicari,

2060 4899 2208 4955 sicut
2240 4897 2318 4951 ait
2343 4895 2399 4949 in
2430 4893 2666 4950 Psalmis
2701 4909 2712 4948 :
2748 4891 3125 4945 Fundamenta
3149 4890 3264 4960 ejus
3301 4892 3352 4945 in
3380 4892 3647 4948 montibus

2063 4990 2261 5046 sanctis
2288 4989 2354 5042 ⁷³.
2408 4985 2476 5040 Et
2507 4987 2701 5041 iterum
2747 5003 2759 5038 :
2794 4982 2985 5039 Levavi
3033 4984 3216 5038 oculos
3248 4999 3389 5038 meos
3422 4985 3474 5038 in
3498 5001 3647 5038 mon-

2062 5091 2160 5146 tes,
2197 5081 2333 5136 unde
2354 5080 2517 5134 ueniet
2554 5077 2818 5133 auxilium
2852 5076 2978 5131 mihi
3010 5077 3076 5130 '9.
3111 5076 3387 5130 Auxilium
3412 5090 3646 5145 namque

2064 5175 2117 5229 in
2147 5173 2612 5236 tribulationibus,
2647 5187 2710 5225 ex
2745 5168 3149 5240 Scripturarum
3187 5168 3492 5223 divinarum
3519 5182 3644 5221 sen-

2064 5267 2219 5322 sibus
2241 5266 2509 5335 capimus.
2538 5263 2841 5318 Possumus
2869 5262 3047 5316 adhuc
3078 5268 3132 5315 et
3153 5269 3366 5313 montes
3409 5259 3460 5310 in
3518 5258 3642 5327 qui-

2061 5359 2165 5413 bus
2196 5359 2358 5413 salire
2388 5356 2622 5411 Verbum
2675 5354 2769 5409 Dei
2822 5354 3043 5415 dicitur,
3095 5362 3148 5406 et
3206 5351 3363 5419 quasi
3409 5349 3638 5405 liberius

2061 5450 2263 5515 ell‘erri,
2292 5447 2504 5503 Novum
2558 5447 2804 5517 accipere
2834 5443 3280 5507 Testamentum;
3315 5441 3481 5496 colles
3508 5455 3643 5496 vero

1977 5594 2025 5625 ⁷⁸
2055 5593 2202 5649 Psal.
2235 5607 2420 5657 Lxxw,
2460 5591 2545 5645 l7.
2624 5589 2668 5621 "
2696 5586 2713 5642 l
2753 5585 2894 5640 Tim.
2929 5601 3002 5652 tv,
3029 5583 3081 5638 7.
3159 5582 3204 5613 ⁷⁷
3235 5582 3395 5638 flent.
3422 5598 3514 5651 xv,
3548 5578 3637 5636 l9.

375 5674 626 5730 “Mazth.
663 5665 826 5728 κω(
870 5675 914 5704 ⁷⁹
940 5672 1082 5729 Psal.
1115 5688 1359 5734 Lxxxvn,
1398 5670 1450 5724 l.
1524 5669 1569 5701 ⁸ο
1599 5667 1748 5721 Psal.
1799 5681 1952 5731 εχει,
1977 5665 2028 5718 l.

1768 5784 2091 5841 tentattonis.
