4130 6494
478 404 574 459 171

1558 399 1881 458 ORIGENIS
1915 398 2371 457 INCANTICUM
2410 399 2682 457 CANTIC.

3647 404 3751 457 l7!

477 527 546 582 de
571 525 773 598 quibus
794 525 948 596 quasi
982 524 1072 579 diu
1106 539 1447 594 compressus
1482 534 1534 578 et
1576 526 1882 581 occultatus
1911 526 2058 581 exsi-
2092 528 2133 584 Α
2164 541 2375 593 pream,
2412 536 2459 576 et
2494 523 2743 575 bubulum
2766 562 2780 586 ,
2810 533 2858 577 et
2893 521 3285 592 lragclnplmm,
3319 530 3367 575 et
3402 520 3587 575 ibicem
3608 565 3621 587 ,
3661 539 3755 576 u-

480 620 587 685 liit,
616 618 825 674 Veteris
853 617 1185 673 Testamenti
1227 619 1429 671 sentire
1480 618 1781 673 volumina.
1853 618 1958 673 Sed
2011 628 2064 673 et

481 713 625 783 apud
654 711 941 765 Jeremiam
971 719 1253 765 venatores
1293 720 1344 764 et
1374 710 1677 779 piscatores
1703 711 1797 782 qui
1831 711 2062 765 mittun-

478 814 570 859 tur
597 818 790 873 capere
820 802 1066 857 homines
1099 801 1165 855 ad
1193 801 1447 869 salutem,
1476 803 1530 856 in
1566 804 1847 859 montibus
1872 813 1925 858 et
1953 804 2065 858 colo

476 897 620 951 libus
647 909 742 949 eos
768 909 963 963 capere
992 893 1252 948 dicuntur
1276 912 1290 960 ;
1316 894 1396 949 sic
1423 894 1567 949 enim
1591 896 1669 949 ait
1699 913 1714 949 :
1744 894 1878 949 Ecce
1910 898 2063 949 mitto

478 989 675 1043 multos
721 989 1035 1055 piscatores,
1088 996 1136 1041 et
1174 986 1369 1041 multos
1420 999 1717 1053 venatores,
1774 999 1822 1041 et
1857 989 2063 1057 capirnt

475 1097 559 1134 eos
583 1097 740 1150 super
786 1095 992 1133 onmem
1026 1087 1256 1132 montem
1278 1089 1326 1133 et
1353 1096 1511 1150 super
1535 1097 1739 1134 omnem
1779 1081 1962 1134 collem
1993 1080 2058 1133 ⁸³.

475 1172 630 1239 Quod
659 1186 759 1244 ego
791 1173 965 1243 magis
990 1172 1055 1227 ad
1084 1170 1328 1226 futurum
1362 1181 1577 1243 tempus
1623 1172 1676 1226 in
1705 1188 2060 1228 consumma-

473 1264 622 1319 tione
653 1265 840 1320 surculi
872 1264 1209 1334 implendum
1247 1276 1397 1335 puto,
1420 1272 1481 1319 ut
1506 1280 1631 1319 cum
1662 1265 1815 1320 missi
1855 1263 2061 1319 fuerint

477 1356 652 1426 angeli
713 1356 1017 1411 secundum
1068 1357 1432 1427 evangelicam
1483 1356 1799 1427 parabolam
1862 1356 2058 1411 messis

473 1458 744 1517 tempore,
788 1455 848 1502 ut
904 1456 1154 1519 separent
1219 1447 1491 1502 frumenta
1522 1463 1551 1501 a
1610 1446 1834 1502 zizaniis
1868 1446 1935 1511 υ,
1964 1445 2058 1516 qui

475 1539 801 1595 excelsioris
831 1539 955 1593 vitae
979 1548 1034 1593 et
1081 1539 1460 1595 eminentioris
1495 1538 1658 1593 fuerit
1685 1539 2060 1593 conversatio-

476 1630 586 1697 nis,
616 1632 718 1686 iste
754 1630 1085 1696 inueniatur,
1117 1640 1211 1686 aut
1264 1631 1317 1684 in
1371 1631 1623 1686 collibus.
1657 1628 1774 1683 Non
1809 1629 2056 1685 invenie-

478 1731 569 1775 tur
592 1723 646 1776 in
679 1723 981 1777 humilibus
1004 1732 1056 1776 et
1094 1721 1315 1790 deiectis
1358 1722 1516 1786 locis,
1555 1736 1623 1775 ne
1650 1720 1723 1775 ibi
1752 1721 1949 1776 mistus
1979 1721 2059 1775 vi-

474 1816 669 1872 deatur
694 1830 815 1869 esse
838 1813 1060 1868 zizaniis
1086 1832 1099 1867 :
1139 1814 1230 1867 sed
1260 1812 1313 1867 in
1348 1813 1743 1869 excelsioribus
1777 1814 2053 1881 sensibus,

468 1918 523 1963 et
553 1910 605 1963 in
631 1907 926 1962 eminentia
968 1906 1089 1960 lidei
1123 1906 1358 1976 positus,
1394 1906 1610 1962 salienti
1663 1909 1719 1962 in
1776 1906 2057 1961 montibus

475 1997 796 2065 Verbo'Dei,
824 2007 879 2053 et
924 1997 1196 2053 exsilienti
1251 1999 1307 2053 in
1341 1999 1572 2055 collibus
1626 2013 1843 2069 semper
1871 1998 2058 2053 adhae-

469 2089 811 2158 rens.‘Quod
845 2105 940 2160 per
963 2090 1126 2145 aliam
1171 2090 1530 2146 nihilominus
1573 2092 1912 2161 parabolam,
1955 2091 2058 2146 sub

470 2184 664 2237 eodem
700 2191 881 2236 tamen
918 2182 1217 2249 intellectu,
1271 2182 1473 2238 dicitur
1518 2183 1572 2237 in
1616 2183 1949 2253 Evangelia:
1998 2180 2057 2236 Si

452 2274 587 2345 cquis
639 2274 696 2327 in
744 2282 879 2327 tecto
916 2282 1013 2341 est,
1063 2290 1169 2328 non
1218 2274 1501 2329 descendat
1550 2273 1734 2327 tollere
1759 2272 1961 2343 aliquid
1992 2272 2056 2325 de

470 2369 629 2419 domo
656 2365 723 2420 ⁸³.
762 2364 951 2421 Potest
983 2365 1162 2421 adhuc
1183 2374 1238 2421 et
1276 2365 1442 2420 alium
1475 2364 1635 2420 nobis
1667 2380 1888 2420 sensum
1918 2379 2056 2434 prae-

466 2458 627 2513 dives
654 2457 756 2513 iste
780 2457 1063 2528 praesentis
1086 2456 1551 2512 versiculirsermo
1583 2468 1893 2525 suggerere.
1921 2452 2055 2509 Pos-

470 2552 631 2607 sibile
680 2566 920 2621 namque
960 2559 1017 2605 et
1060 2566 1276 2605 omnem
1308 2549 1400 2619 qui
1447 2550 1607 2619 plena
1641 2548 1745 2603 lide
1794 2547 1966 2603 credit
1996 2546 2052 2601 iu

467 2644 661 2707 Deum,
690 2643 774 2697 vel
798 2651 1063 2707 montem,
1096 2643 1178 2698 vel
1200 2644 1393 2697 collem
1422 2640 1702 2712 appellari,
1733 2654 1833 2709 pro
1870 2638 2051 2710 quali-

467 2743 579 2788 tate
638 2733 848 2789 scilicet
894 2734 1021 2788 vitae
1086 2743 1140 2787 et
1193 2731 1572 2803 magnitudine
1640 2730 2048 2799 intelligentiam

466 2827 685 2880 etiamsi
743 2826 909 2881 fuerit
957 2824 1254 2896 aliquando
1303 2823 1492 2889 vallis,
1546 2821 1862 2892 proﬁciente
1904 2821 1958 2874 in
1983 2835 2051 2874 eo

468 2917 598 2973 Jesu
633 2926 812 2984 astate,
847 2928 901 2973 et
925 2918 1218 2989 sapientia,
1240 2926 1296 2972 et
1330 2915 1526 2988 gratia,
1550 2914 1732 2969 omnis
1763 2912 1921 2967 vallis
1949 2912 2053 2965 im-

467 3009 723 3079 plebitur.
760 3007 988 3079 Superbi
1023 3018 1205 3065 autem
1246 3009 1452 3079 quique
1485 3015 1540 3062 et
1589 3004 1716 3059 elati
1740 3013 1801 3059 ut
1836 3012 2052 3059 montes

466 3111 522 3155 et
556 3100 742 3165 colles,
792 3100 1271 3155 humiliabuntur:
1316 3096 1581 3168 quoniam
1610 3097 1701 3167 qui
1742 3112 1798 3149 se
1844 3095 2050 3148 exultat

466 3192 858 3258 ltumilia’bitur,
913 3202 959 3246 et
1005 3192 1095 3262 qui
1129 3209 1183 3245 se
1224 3191 1472 3244 Itumiliat
1506 3187 1833 3243 exaltabitur
1881 3186 1948 3241 “.
1976 3184 2051 3241 De

468 3285 606 3356 ipsis
631 3285 775 3339 enim
804 3284 1007 3339 dicitur
1043 3302 1054 3337 :
1090 3281 1195 3348 Qui
1254 3280 1524 3351 conﬁdunt
1552 3280 1608 3333 in
1640 3278 1871 3333 Domino
1915 3279 2050 3332 sicut

468 3397 617 3435 mons
652 3377 804 3443 Sion,
850 3389 905 3433 et
952 3377 1295 3432 Hierusalem
1327 3375 1571 3431 dicitur:
1614 3373 1819 3427 Montes
1862 3373 1917 3425 in
1948 3374 2052 3425 cir-

461 3475 609 3527 cuitu
626 3473 738 3542 ejus
767 3472 835 3525 δδ.
865 3469 1020 3526 Unde
1077 3478 1211 3539 puto
1242 3467 1389 3536 quod
1421 3467 1616 3521 merito
1661 3465 1825 3520 etiam
1863 3462 2053 3518 Salva-

464 3578 549 3621 tor
574 3580 782 3631 noster,
814 3565 1077 3635 quoniam
1130 3572 1184 3615 et
1211 3561 1325 3631 ipse
1357 3560 1561 3614 dicitur
1591 3558 1730 3628 lapis
1771 3558 1838 3613 de
1867 3564 2053 3610 monte

461 3659 683 3714 excisus
709 3659 827 3713 sine
858 3654 1134 3716 manibus,
1177 3662 1231 3707 et
1263 3650 1441 3707 factus
1471 3665 1591 3706 esse
1615 3664 1774 3704 mons
1798 3663 2049 3719 magnus,

462 3752 606 3810 sicut
636 3766 731 3805 rex
758 3761 946 3817 regum
972 3746 1039 3811 ⁸⁸,
1070 3753 1123 3798 et
1150 3743 1469 3815 pontiﬁcum
1508 3743 1614 3814 81
1654 3739 1923 3813 pontifex,
1948 3754 2052 3809 po-

464 3852 569 3898 test
589 3842 753 3897 etiam
784 3853 945 3893 mons
977 3837 1242 3891 montium
1267 3835 1546 3906 appellari.
1575 3832 1772 3887 Verum
1799 3844 1859 3887 ut
1884 3832 2047 3887 etiam

462 3936 624 3991 tertia
671 3931 943 4003 expositio
984 3929 1177 3984 habeat
1224 3929 1427 3991 locum,
1482 3926 1551 3981 ad
1605 3938 2049 3995 unamquamque

454 4028 704 4083 animam
737 4038 921 4079 sermo
968 4022 1256 4092 dirigatur.
1309 4018 1368 4075 Si
1415 4020 1509 4088 qui
1568 4018 1679 4073 sint
1734 4018 2049 4086 capaciores

460 4121 612 4175 verbi
644 4117 761 4181 Dei,
792 4116 886 4187 qui
915 4116 984 4170 ab
1008 4112 1138 4170 Jesu
1178 4129 1378 4183 aquam
1420 4112 1524 4166 sibi
1560 4111 1742 4164 datam
1769 4109 2046 4172 biberunt,

463 4221 519 4266 et
547 4210 664 4264 hate
695 4206 838 4261 facta
869 4215 951 4261 est
982 4205 1037 4259 in
1065 4202 1289 4258 eis‘l'ous
1317 4214 1475 4272 aqua:
1503 4199 1640 4253 vivae
1685 4197 1934 4253 salientis
1993 4197 2048 4250 in

463 4304 632 4356 vitam
676 4308 961 4364 aeternam,
1013 4297 1067 4351 in
1126 4295 1210 4351 his
1261 4293 1472 4349 scilicet
1506 4291 1561 4344 in
1595 4289 1798 4359 quibus
1823 4288 2049 4343 verbum

460 4386 561 4447 Dei
596 4391 804 4448 crebris
834 4389 1088 4445 sensibus
1143 4395 1199 4442 et
1223 4384 1481 4456 copiosis,
1526 4382 1676 4437 velut
1721 4380 2050 4451 perennibus

463 4486 657 4540 ebullit
686 4483 907 4538 ﬂuentis
932 4500 947 4549 ;
972 4482 1025 4534 in
1061 4480 1148 4535 his
1194 4479 1317 4534 vitae
1339 4493 1405 4533 ac
1440 4476 1683 4531 scientiae
1708 4485 1762 4529 et
1787 4474 2051 4528 doctrinm

2168 620 2362 669 ntclum
2412 628 2460 669 et
2506 618 2732 685 pardum
2754 615 2820 669 ".
2874 614 2978 669 Sed
3030 624 3084 669 ct
3131 613 3277 685 quod
3327 622 3552 669 sanctus
3585 630 3749 669 cervo

2167 718 2515 778 comparatur
2538 750 2553 775 ,
2587 710 2640 763 in
2670 709 2857 763 multis
2892 709 3191 777 Scriptum
3234 707 3434 762 divinae
3474 708 3610 761 locis
3648 708 3749 762 ha-

2165 800 2325 855 betur
2348 843 2363 867 ,
2397 809 2457 855 ut
2496 803 2548 854 in
2598 800 2838 867 Psalmo,
2872 802 2962 854 ubi
2994 801 3126 856 dicit
3159 820 3172 854 :
3209 800 3359 854 Sicut
3391 815 3570 854 cervus
3608 798 3746 853 desi-

2165 893 2316 946 derat
2338 900 2407 946 ad
2432 895 2602 962 fontes
2628 910 2909 965 aquarum,
2933 894 3010 947 ita
3038 894 3306 948 desiderat
3335 894 3516 947 anima
3538 910 3653 947 mea
3676 892 3750 947 ad

2167 993 2252 1049 te,
2304 984 2519 1040 Deus”.
2574 985 2958 1039 Verumtamen
3007 986 3060 1039 in
3105 986 3453 1041 sermonibus
3493 1001 3633 1056 quos
3678 1002 3745 1040 ex

2167 1075 2589 1133 Deuteronomio
2622 1079 3028 1148 assumpsimus
3053 1118 3066 1140 ,
3102 1079 3266 1132 etiam
3300 1078 3403 1134 hoc
3436 1094 3544 1134 non
3578 1079 3749 1148 negli-

2165 1178 2355 1237 genter
2404 1169 2865 1224 considerandum
2906 1169 3157 1237 videtur,
3205 1186 3372 1240 quam
3420 1170 3644 1240 dignum
3691 1170 3748 1226 in

2165 1260 2493 1318 animalibus
2526 1262 2747 1317 mundis
2783 1261 3174 1318 enumerandis
3203 1263 3449 1317 ordinem
3480 1263 3749 1330 tenuerit,

2164 1365 2222 1410 ut
2263 1355 2441 1426 primo
2472 1357 2738 1425 vitulum,
2769 1355 3011 1411 secundo
3040 1372 3275 1427 agnum,
3320 1357 3480 1410 tertio
3529 1356 3743 1411 hircum

2162 1448 2446 1503 scriberet.
2480 1447 2538 1503 in
2568 1449 2653 1504 bis
2675 1464 2815 1527 vero
2837 1465 2959 1520 qua:
2988 1448 3290 1504 secundum
3318 1449 3570 1503 eumdem
3597 1448 3749 1523 Moy-

2161 1554 2258 1595 sen
2296 1555 2404 1595 non
2437 1539 2746 1595 offeruntur
2790 1540 2856 1594 ad
2890 1540 3058 1594 altare
3081 1580 3096 1604 ,
3135 1538 3314 1610 primo
3344 1554 3612 1604 cervum.
3662 1557 3751 1596 se-

2161 1632 2343 1687 cundo
2381 1647 2636 1702 capream
2687 1632 2966 1697 nominat;
3001 1639 3056 1686 et
3102 1632 3176 1685 ita
3210 1640 3332 1701 post
3368 1631 3485 1686 haec
3534 1632 3748 1702 reliqua

2158 1738 2259 1793 per
2284 1723 2529 1778 ordinem
2560 1723 2824 1778 describit
2850 1722 3171 1777 animantia.
3204 1721 3451 1788 Quorum
3488 1723 3628 1778 ratio
3658 1724 3750 1780 his

2161 1814 2364 1884 quibus
2409 1814 2778 1870 abundantior
2804 1814 2980 1885 gratia
3012 1813 3277 1883 spiritalis
3310 1814 3364 1867 in
3394 1813 3540 1868 dono
3567 1814 3749 1870 scien-

2161 1909 2249 1962 tia:
2281 1921 2545 1961 concessa
2581 1916 2664 1962 est
2700 1922 2796 1977 per
2837 1904 3104 1976 Spiritum
3148 1916 3400 1960 sanctum
3454 1906 3749 1965 manifesta

2159 2007 2213 2053 et
2242 1998 2469 2053 evidens
2503 1998 2612 2054 lict.
2647 1996 2816 2053 Nobis
2862 1997 3078 2051 interim
3111 1998 3372 2067 quoniam
3405 1998 3472 2053 de
3503 2014 3664 2056 cervo
3690 2008 3750 2057 et

2158 2104 2352 2159 caprea
2388 2090 2568 2144 dicere
2608 2106 2754 2145 nunc
2794 2091 2846 2143 in
2881 2089 3224 2159 expositione
3258 2090 3544 2159 praesentis
3570 2092 3747 2146 versi-

2158 2185 2265 2238 culi
2300 2184 2585 2251 incumbit,
2619 2186 2950 2239 conveniens
2985 2182 3200 2236 videtur
3231 2198 3297 2238 ex
3332 2181 3632 2253 Scripturis
3662 2185 3749 2238 di-

2157 2276 2664 2345 vinisecongregare
2700 2290 2811 2344 pro
2838 2274 3069 2337 viribus,
3098 2288 3222 2344 quae
3253 2273 3321 2328 de
3369 2273 3457 2328 his
3493 2274 3747 2328 animali.

2158 2367 2261 2421 bus
2304 2365 2647 2433 referuntur,
2692 2367 2760 2421 de
2807 2367 3012 2437 quibus
3060 2367 3202 2422 idem
3258 2366 3471 2438 Moyses
3508 2383 3633 2422 cum
3677 2369 3747 2424 de

2158 2458 2423 2514 carnibus
2453 2459 2772 2528 loqueretur
2799 2474 2923 2528 qua:
2965 2459 3020 2512 in
3045 2458 3214 2514 .omni
3247 2458 3519 2514 desiderio
3546 2460 3746 2515 anima:

2157 2551 2578 2605 comedereutur
2608 2565 2717 2605 non
2756 2551 2953 2606 oblatae
2983 2550 3052 2605 ad
3092 2550 3297 2619 altare;
3328 2552 3473 2608 sicut
3504 2568 3701 2624 caprea
3721 2595 3740 2617 ,

2155 2641 2367 2711 inquit,
2402 2652 2455 2698 et
2486 2658 2700 2699 cervus.
2750 2642 3041 2715 Egregium
3073 2658 3201 2699 vero
3236 2644 3366 2715 quid
3395 2661 3564 2700 xxvtu
3597 2645 3745 2715 psal-

2155 2751 2300 2802 mus,
2338 2737 2428 2791 ubi
2455 2737 2524 2792 de
2551 2736 2844 2792 virtutibus
2870 2745 2924 2791 et
2953 2735 3190 2792 elIicaeia
3219 2738 3370 2794 vocis
3400 2737 3493 2793 Dei
3530 2753 3626 2807 per
3647 2754 3746 2793 or-

2154 2827 2336 2883 dinem
2387 2828 2607 2892 scribit.
2641 2829 2709 2883 de
2734 2844 2899 2884 cervo
2929 2828 3033 2884 hoc
3060 2829 3224 2886 modo
3255 2831 3390 2886 dicit
3423 2849 3437 2885 :
3487 2830 3600 2886 Vos;
3630 2831 3745 2885 Do-

2156 2918 2289 2972 mini
2332 2920 2652 2989 perﬁcientis
2698 2936 2907 2989 cereos,
2936 2921 2990 2975 id
3023 2932 3134 2985 est.
3183 2923 3454 2992 perfectos
3491 2922 3747 2983 facientis

2156 3025 2384 3077 cervos,
2436 3019 2485 3064 et
2532 3012 2780 3066 reuelabit
2825 3012 3089 3066 condensa
3112 3013 3182 3068 ⁸⁸.
3240 3014 3397 3069 Sicut
3445 3016 3593 3070 enim
3637 3031 3745 3074 vox

2156 3101 2375 3157 Domini
2411 3103 2735 3158 intercidere
2763 3104 2966 3160 dicitur
2990 3102 3265 3157 ﬂammam
3303 3105 3444 3175 ignis
3466 3147 3480 3170 ,
3518 3116 3574 3161 et
3603 3123 3741 3163 con-

2157 3202 2341 3250 cutere
2374 3195 2651 3250 desertum
2672 3237 2687 3261 ,
2738 3195 2811 3251 ita
2858 3196 3123 3266 perlicere
3154 3210 3347 3252 cervos
3382 3211 3449 3252 ac
3499 3198 3743 3256 revelare

2155 3289 2431 3342 condensa
2462 3298 2820 3341 memoratur.

2230 3376 2335 3432 Sed
2365 3386 2418 3432 et
2452 3378 2505 3432 in
2541 3376 2645 3432 Job
2668 3377 2736 3432 de
2766 3392 2931 3433 cervo
2960 3378 3033 3432 ita
3065 3378 3374 3435 invenimus
3401 3379 3616 3446 referri,
3640 3380 3736 3437 ubi

2158 3467 2424 3524 Dominus
2470 3469 2535 3524 ad
2577 3467 2681 3524 Job
2717 3485 2813 3539 per
2855 3470 3129 3525 turbinem
3175 3471 3406 3542 loquens
3443 3483 3497 3528 et
3535 3473 3738 3529 nubem

2156 3558 2232 3611 ait
2258 3574 2271 3609 :
2302 3559 2404 3611 Aut
2434 3574 2556 3628 ergo
2584 3559 2872 3613 observasti
2898 3569 3087 3629 partus
3116 3577 3410 3629 ceruorum,
3441 3573 3534 3616 aut
3558 3579 3743 3620 nume-

2155 3652 2289 3704 rasti
2324 3667 2520 3705 menses
2552 3669 2731 3706 eorum
2756 3653 2935 3722 plenos
2965 3654 3034 3707 ad
3062 3663 3297 3723 partum,
3321 3654 3528 3710 dolores
3562 3666 3742 3711 autem

2153 3760 2334 3797 eorum
2356 3743 2584 3807 solvisti,
2611 3754 2704 3798 aut
2739 3746 2957 3799 nutristi
2982 3761 3163 3799 eorum
3189 3756 3364 3813 natos,
3389 3756 3481 3801 aut
3505 3749 3743 3804 sinedo-

2154 3832 2357 3887 toribus
2394 3844 2582 3903 partus
2633 3851 2813 3889 eorum
2849 3837 3103 3891 emittes?
3140 3836 3467 3906 Abrumpent
3506 3839 3609 3907 lilii
3646 3856 3742 3895 eo-

2152 3943 2309 3991 rum,
2359 3935 2410 3979 et
2452 3926 2951 3996 multiplicabuntur
2983 3929 3035 3982 in
3072 3931 3393 3995 nativitale;
3430 3919 3737 3996 exibant,“

2151 4035 2255 4072 non
2299 4020 2701 4074 revertentur”.
2746 4018 2841 4075 His
2887 4021 3233 4092 adjungenala
3267 4031 3397 4077 sunt
3433 4024 3596 4078 etiam
3642 4026 3737 4083 illa

2152 4127 2275 4182 quae
2304 4112 2359 4166 in
2392 4111 2704 4169 Proverbiis
2738 4113 2972 4184 legimus
3000 4113 3105 4169 hoc
3136 4116 3300 4169 modo
3331 4133 3344 4169 :
3371 4113 3566 4170 Cervus
3598 4118 3737 4172 ami-

2153 4204 2405 4257 citiarum
2426 4245 2441 4269 ,
2488 4215 2538 4258 et
2574 4205 2752 4275 pullus
2784 4207 3083 4275 gratiarum
3130 4205 3368 4275 loquitur
3397 4206 3572 4262 tibi".
3598 4205 3738 4263 Haec

2154 4293 2372 4348 interim
2406 4295 2471 4349 ad
2516 4310 2758 4364 praesens
2790 4296 2856 4350 de
2898 4309 3062 4351 cervo
3105 4295 3267 4350 nobis
3314 4297 3515 4366 scripta
3544 4312 3739 4353 occur-

2153 4400 2273 4440 rere
2304 4393 2621 4456 potuerunt.
2654 4385 2788 4452 Qua:
2823 4386 2894 4440 ob
2927 4387 3031 4441 hoc
3062 4388 3502 4456 assumpsimus,
3551 4399 3610 4443 ut
3648 4389 3742 4444 lo-

2153 4492 2389 4546 quamur
2417 4492 2526 4532 non
2558 4477 2614 4532 iu
2645 4477 2895 4533 doctrina
2936 4477 3192 4534 humana:
3221 4480 3532 4549 sapientiae,
3561 4482 3655 4537 sed
3684 4481 3745 4540 in

466 4578 661 4634 merito
693 4575 971 4631 montibus
1010 4584 1065 4627 et
1096 4571 1328 4626 collibus
1362 4568 1589 4635 eﬁ‘ectis,
1614 4567 1934 4639 dignissime
1963 4583 2051 4622 sa-
2084 4593 2128 4649 ι)
2153 4570 2399 4624 doctrina
2447 4570 2711 4638 spiritus,
2746 4568 3010 4638 spiritalia
3042 4570 3382 4639 spiritalibus
3414 4588 3745 4644 comparan-

464 4671 566 4724 lire
600 4668 825 4722 verbum
850 4665 945 4719 Dei
977 4664 1180 4719 dicitur
1207 4672 1262 4719 et
1286 4663 1528 4725 exsilire,
1551 4661 1727 4717 factus
1754 4660 1808 4715 in
1844 4661 1923 4715 eis
1951 4676 2046 4730 per

464 4757 795 4814 adlocuti-am
817 4754 1082 4811 doctrinae
1107 4753 1233 4810 fons
1259 4768 1415 4823 aquae
1448 4751 1582 4806 vivae
1619 4750 1867 4806 salientis
1892 4750 1946 4804 in
1976 4751 2048 4805 vi-

461 4864 573 4907 tam
598 4859 879 4906 aeternam.

539 4944 692 4998 Vers.
722 4943 776 4997 9.
814 4941 1021 4995 Similis
1045 4951 1120 4995 est
1155 4940 1422 5009 fraternus
1469 4954 1613 4991 meus
1651 4951 1856 5006 caprea:
1877 4975 1891 5000 ,
1918 4935 2043 4987 hin-

464 5040 691 5109 nnloque
735 5051 1004 5089 cervorum
1051 5036 1104 5088 in
1149 5034 1412 5088 montibus
1460 5031 1665 5086 Bethel.
1707 5031 1916 5099 Caprea
1962 5028 2046 5081 vel

469 5153 664 5193 cervus
693 5137 837 5207 quod
869 5137 1009 5190 inter
1036 5132 1237 5187 munda
1275 5128 1581 5183 habeantur
1616 5123 1899 5182 animalia.
1929 5136 2046 5175 ma-

450 5228 663 5297 nifeste
707 5242 773 5282 ex
806 5227 892 5281 his
922 5239 1042 5295 qute
1075 5224 1128 5276 in
1188 5216 1615 5276 Deuteronomio
1667 5214 1870 5283 scripta
1919 5221 2048 5267 sunt

458 5324 757 5386 iudicatur,
791 5329 875 5376 est
901 5319 1046 5374 enim
1079 5318 1183 5371 hoc
1213 5315 1376 5369 modo
1407 5313 1674 5380 scriptum
1704 5327 1715 5361 :
1750 5307 1877 5360 ch
1909 5306 2050 5359 enim

463 5426 581 5472 sunt
608 5415 868 5467 uninmlia
895 5427 1010 5481 qua:
1051 5406 1461 5467 manducabitis,
1496 5400 1741 5465 vitulum,
1768 5410 1813 5451 et
1853 5413 2046 5467 agnum

462 5522 529 5562 ea:
560 5506 859 5577 pecoribus,
903 5514 951 5558 et
986 5503 1193 5555 hircum
1232 5513 1295 5551 ea:
1323 5496 1498 5564 capris
1523 5531 1538 5558 ,
1583 5508 1789 5547 cervum
1815 5532 1830 5556 ,
1868 5501 1916 5543 et
1962 5505 2048 5541 ca-

465 5717 508 5749 “
547 5714 742 5769 Jerem.
782 5728 897 5773 xvr,
926 5710 1014 5763 16.
1093 5707 1137 5737 δ’
1169 5703 1357 5757 Matth.
1392 5715 1507 5755 xm.
1584 5700 1629 5731 ⁸³
1658 5696 1846 5751 Matth.
1874 5710 2018 5759 xxiv,
2050 5713 2052 5723 λ

467 5804 508 5826 ..
571 5787 633 5826 ﬁt
701 5785 790 5826 ττι-
869 5782 913 5813 ⁸⁷
954 5781 1111 5826 ιιριιι.
1149 5791 1259 5826 xw.
1294 5773 1361 5826 4.
1394 5771 1448 5826 5.
1525 5771 1569 5803 ⁸⁸
1610 5769 1755 5826 Psal.
1799 5784 1934 5826 χιιι,
1969 5765 2021 5822 1.

2211 5692 2255 5724 ⁸³
2290 5690 2421 5745 Luc.
2462 5704 2619 5750 xvm,
2654 5689 2736 5741 14.
2816 5686 2861 5717 ⁸⁵
2892 5683 3037 5739 Psal.
3068 5699 3239 5747 cxxv,
3275 5683 3325 5749 l,
3352 5682 3409 5737 ‘2.
3521 5682 3567 5713 ⁸⁸
3596 5682 3725 5736 Dan.

2181 5762 2327 5818 I’sal.
2348 5760 2606 5826 xxvm,9.
2684 5758 2729 5789 ’°
2761 5756 2862 5812 Job
2894 5772 3082 5824 xxxix,
3121 5755 3171 5823 i,
3193 5755 3249 5822 2,
3275 5755 3328 5823 5,
3353 5754 3406 5807 ι.
3486 5753 3527 5785 ⁸⁸
3570 5752 3727 5806 νων.

467 5765 812 5849 "55:137.
869 5765 913 5813 ⁶’⁷
954 5781 1111 5832 Deut.
1149 5791 1259 5843 xw,
1294 5773 1361 5842 4,
1394 5771 1448 5827 5.
1525 5771 1569 5803 ⁸⁸
1610 5769 1755 5826 Psal.
1799 5784 1934 5831 χιιι,
1969 5765 2021 5822 1.

471 5874 529 5911 ν.
562 5856 649 5912 i9.
724 5855 772 5887 "
812 5852 974 5907 Rom.
1011 5866 1048 5903 ι.

2156 4668 2257 4713 tes.
2292 4656 2359 4712 Et
2405 4658 2526 4713 ideo
2558 4658 2876 4713 invocemus
2918 4656 3089 4713 Deum
3123 4658 3340 4715 Patrem
3373 4658 3557 4730 Verbi,
3591 4663 3742 4734 quod

2155 4750 2315 4806 nobis
2342 4748 2507 4805 Verbi
2553 4750 2638 4805 sui
2670 4750 2983 4807 manifestet
3007 4767 3207 4808 arcana
3228 4792 3243 4814 ,
3280 4768 3616 4825 sensumque
3646 4772 3744 4812 no-

2158 4849 2333 4894 strum
2367 4849 2645 4895 removeat
2679 4855 2709 4894 a
2739 4841 2987 4896 doctrina
3043 4842 3297 4897 humana:
3339 4844 3656 4913 sapietuize,
3686 4855 3743 4901 et

2157 4931 2359 4987 exaltet
2392 4940 2555 5001 atque
2591 4931 2763 4986 elevet
2796 4931 2861 4986 ad
2896 4932 3200 4987 doctrinam
3235 4929 3505 5000 Spiritus,
3538 4944 3597 4989 ut
3624 4951 3740 4990 non

2153 5038 2217 5076 ea
2244 5039 2366 5091 qua:
2392 5024 2558 5076 sentit
2582 5023 2819 5077 carnalis
2846 5022 3088 5086 auditus,
3120 5023 3212 5077 sed
3240 5038 3302 5078 ea
3337 5039 3459 5093 quae
3493 5027 3742 5081 continet

2154 5115 2408 5169 voluntas
2440 5112 2679 5182 Spiritus
2709 5114 2886 5169 sancti
2918 5114 3229 5183 loquamur.
3265 5111 3472 5168 Paulus
3510 5124 3742 5183 aposto-

2157 5207 2242 5262 lus
2275 5223 2374 5262 nos
2402 5206 2563 5263 docet
2614 5207 2758 5277 quod
2800 5206 3095 5261 invisibilia
3144 5203 3239 5260 Dei
3268 5219 3335 5260 ex
3368 5206 3735 5263 invisibilibus

2159 5301 2564 5371 intelligantur,
2599 5311 2653 5354 et
2684 5315 2746 5354 ea
2779 5314 2901 5368 qua:
2935 5312 3042 5352 nou
3082 5297 3353 5362 videntur,
3419 5313 3486 5353 ex
3531 5314 3729 5355 eorum

2155 5410 2279 5465 qua:
2312 5394 2595 5455 videntur,
2633 5392 2843 5447 ratione
2876 5399 2931 5445 et
2976 5388 3336 5445 similitudine
3360 5389 3737 5459 contemplen-

2155 5485 2343 5549 tur”;
2391 5483 2685 5539 ostendens
2730 5497 2825 5551 per
2854 5481 2959 5536 hoc
3000 5479 3147 5550 quod
3194 5478 3428 5535 visibilis
3454 5479 3549 5535 hic
3580 5491 3736 5535 ruun-

3521 5682 3567 5713 ⁸⁸
3596 5679 3725 5736 Dan.
