4130 6444
455 347 554 403 1ῗό

1801 335 2000 390 LIBER
2041 333 2363 391 TERTIUS.

3611 353 3715 411 176

451 464 555 519 dus
596 464 665 519 de
702 460 963 518 invisibili
1017 460 1244 524 doceat,
1292 470 1345 515 et
1391 456 1725 528 exemplaria
1776 455 2025 525 quaedam
2057 464 2101 519 Α
2134 463 2247 509 tere
2274 455 2683 526 proposuimus,
2714 456 2948 514 lucidius
2981 462 3401 536 evidentiusque
3433 468 3709 541 colligere.

450 557 756 614 cmlestium
784 555 1058 611 contineat
1091 553 1292 623 positio
1333 552 1438 608 ista
1469 559 1723 617 terrena;
1758 557 1819 603 ut
1843 549 1912 603 ab
1946 548 2032 603 his

449 666 574 722 qua:
619 650 875 705 deorsum
931 647 999 701 ad
1044 662 1109 700 ea
1151 661 1273 716 qua:
1318 658 1539 700 sursum
1582 649 1713 697 sunt
1756 639 2032 710 possimus

447 741 774 803 ascendere,
822 747 987 808 atque
1026 752 1091 791 ex
1140 735 1227 790 his
1279 750 1402 804 qua:
1436 732 1686 787 videmus
1730 729 1782 783 in
1837 727 2028 791 terris,

448 832 649 887 sentire
679 838 735 885 et
767 829 1069 900 intelligere
1110 841 1175 897 ea
1209 841 1332 895 qua:
1357 823 1632 878 habentur
1660 821 1715 876 in
1743 819 1916 875 caelis.
1948 817 2031 872 Ad

449 936 683 993 quorum
717 918 1131 975 similitudinem
1157 916 1449 987 quamdam
1475 956 1491 982 ,
1524 930 1637 985 quo
1673 912 1888 968 facilius
1918 912 2034 965 col-

448 1014 538 1084 ligi
571 1029 666 1084 per
699 1012 814 1067 haec
843 1027 909 1067 ac
935 1010 1126 1066 sentiri
1159 1018 1386 1080 possent
1411 1007 1781 1069 diversitates,
1812 1012 2032 1058 creatu-

448 1120 633 1160 rarum
673 1120 796 1174 qua:
838 1103 893 1158 in
934 1102 1097 1157 terris
1145 1110 1276 1157 sunt
1322 1098 1731 1155 similitudinem
1779 1094 2031 1171 conditor

448 1196 617 1251 dedit.
667 1195 734 1251 Et
779 1194 1029 1250 fortassis
1058 1195 1201 1249 sicut
1262 1192 1537 1248 hominem
1568 1188 1712 1245 Deus
1739 1187 1805 1243 ad
1839 1186 2032 1256 imagi-

450 1299 576 1337 nem
602 1294 657 1338 et
689 1283 1101 1340 similitudinem
1131 1297 1286 1337 suam
1321 1280 1469 1347 fecit,
1507 1279 1582 1335 ita
1606 1277 1772 1333 etiam
1805 1284 2030 1332 caeteras

451 1383 732 1430 creaturas
765 1375 832 1429 ad
871 1374 1003 1429 alias
1035 1374 1303 1446 quasdam
1341 1372 1596 1428 caelestes
1640 1368 1907 1440 imagines
1932 1381 2030 1437 per

454 1452 870 1520 similitudinem
919 1464 1199 1532 condidit;
1233 1471 1288 1518 et
1321 1461 1554 1517 fortasse
1580 1461 1636 1515 in
1667 1466 1877 1514 tantum
1913 1456 2029 1510 sin-

452 1555 574 1625 gula
620 1570 847 1624 Quaeque
893 1570 1013 1625 quae
1060 1555 1115 1609 in
1157 1554 1317 1609 terris
1363 1561 1521 1616 sunt,
1569 1550 1773 1605 habent
1820 1545 2027 1616 aliquid

449 1644 700 1715 imaginis
744 1654 799 1700 et
851 1644 1227 1702 similitudinis
1261 1643 1318 1698 in
1353 1640 1708 1704 caelestibus,
1756 1646 1816 1694 ut
1861 1637 2025 1692 etiam

446 1751 677 1807 granum
709 1738 917 1808 sinapis
943 1736 1091 1807 quod
1121 1734 1411 1790 minimum
1443 1741 1529 1788 est
1553 1733 1607 1786 in
1644 1730 1906 1787 omnibus
1939 1743 2028 1785 sc-

2133 544 2348 602 Etenim
2394 549 2628 619 scriptor
2655 552 2757 606 iste
2800 551 3081 621 sapientia:
3111 555 3308 613 divinae
3337 574 3462 615 eum
3498 561 3711 635 singula

2131 652 2364 708 quaeque
2410 653 2826 710 enumerasset,
2881 644 2946 700 ad
2976 646 3229 702 ultimum
3263 648 3434 718 dixit,
3459 655 3586 725 quia
3617 672 3712 716 oc-

2133 728 2445 797 cultorum,
2490 739 2546 786 et
2587 733 3005 790 manifestorum
3055 740 3326 807 acceperit
3372 743 3708 802 scientiam:

2131 819 2428 874 ostendens
2478 821 2598 876 sine
2639 823 2807 878 dubio
2851 826 2996 896 qttod
3048 830 3475 901 unumquodque
3518 848 3710 890 eorum

2130 924 2253 978 quae
2283 910 2337 964 in
2367 912 2659 969 manifesto
2689 923 2836 980 sunt,
2869 917 3138 975 referatur
3171 921 3235 976 ad
3278 923 3481 994 aliquid
3515 942 3706 983 eorum

2131 1016 2251 1070 qua:
2281 1000 2333 1054 in
2367 1003 2581 1059 occulto
2611 1015 2773 1074 sunt;
2810 1007 2863 1062 id
2896 1017 3013 1076 est,
3065 1012 3276 1085 singula
3322 1031 3553 1087 quaeque
3581 1018 3713 1074 visi-

2130 1093 2258 1147 bilia
2295 1093 2495 1149 habere
2531 1096 2739 1166 aliquid
2791 1099 3167 1159 similitudinis
3191 1113 3245 1160 et
3269 1107 3500 1163 rationis
3523 1108 3591 1164 ad
3620 1111 3710 1164 itt-

2129 1182 2385 1239 visibilia.
2415 1185 2555 1251 Quia
2586 1202 2718 1259 ergo
2752 1189 3094 1265 impossibile
3116 1204 3198 1249 est
3223 1195 3435 1252 homini
3465 1199 3517 1253 in
3541 1215 3710 1256 carne

2129 1273 2333 1327 viventi
2354 1290 2652 1345 agnoscere
2676 1277 2880 1348 aliquid
2908 1280 2977 1335 de
2997 1284 3227 1339 occultis
3246 1295 3298 1340 et
3317 1286 3708 1358 invisibilibus,

2129 1361 2232 1416 nisi
2266 1362 2831 1439 imaginem‘aliquam
2863 1379 2917 1425 et
2947 1373 3362 1431 similitudinem
3391 1384 3710 1452 conceperit

2129 1452 2195 1507 de
2245 1453 2586 1521 visibilibus;
2640 1459 2711 1514 ob
2762 1460 2869 1517 hoc
2918 1464 3194 1532 arbitror,
3262 1471 3409 1540 quod
3459 1471 3549 1527 ille
3611 1474 3708 1544 qui

2130 1547 2314 1599 omnia
2343 1545 2397 1600 in
2429 1549 2698 1618 sapientia
2744 1550 2893 1622 fecit,
2928 1555 3004 1610 ita
3037 1559 3239 1614 creavit
3266 1576 3710 1634 unamquamque

2130 1636 2425 1693 visibilium
2465 1641 2702 1710 speciem
2747 1641 2803 1697 in
2837 1646 3034 1715 terris,
3080 1657 3141 1705 ut
3188 1651 3243 1706 in
3282 1652 3370 1709 bis
3399 1654 3706 1712 doctrinam

2131 1729 2424 1799 quamdam
2475 1744 2529 1787 et
2585 1734 2917 1803 agnitionem
2971 1755 3157 1796 rerum
3227 1743 3585 1803 invisibilium
3652 1760 3709 1805 et

444 1827 711 1893 minibus,
741 1828 941 1883 haheat
969 1825 1175 1897 aliquid
1206 1824 1460 1896 imaginis
1484 1830 1537 1877 et
1560 1820 1936 1877 similitudinis
1964 1819 2018 1872 in
2056 1810 2097 1865 Β
2124 1820 2428 1878 caelestium
2467 1837 2725 1895 poneret;
2756 1844 2866 1899 quo
2893 1845 2988 1899 per
3016 1832 3132 1888 haec
3174 1838 3498 1894 ascenderet
3550 1856 3708 1898 mens

444 1919 635 1981 cmlis;
672 1927 724 1973 et
766 1918 869 1973 hoc
919 1916 1064 1986 quod
1096 1917 1218 1971 talis
1250 1915 1301 1970 ei
1336 1914 1584 1985 quaedam
1610 1912 1910 1982 composita
1938 1920 2024 1966 est

445 2008 734 2063 alternatio
766 2017 973 2064 natura:
999 2047 1015 2074 ,
1066 2016 1127 2062 ut
1176 2023 1300 2063 eum
1334 2006 1621 2061 minimum
1658 2005 1731 2059 sit
1775 2002 2023 2058 omnium

446 2097 743 2162 seminum,
776 2097 955 2168 majus
993 2098 1085 2153 tiat
1112 2097 1370 2154 omnibus
1400 2095 1667 2162 oleribus,
1698 2095 1773 2149 ita
1803 2102 1861 2148 ttt
1895 2109 2025 2164 pos-

447 2197 568 2244 sent
589 2189 773 2243 venire
803 2203 932 2245 aves
960 2190 1117 2256 caeli,
1171 2197 1225 2246 et
1277 2189 1522 2244 habitare
1565 2186 1625 2241 in
1669 2185 1836 2241 ramis
1865 2184 2019 2255 ejus;

445 2279 857 2336 similitudinem
903 2278 1041 2336 ferat
1085 2296 1195 2336 non
1250 2281 1431 2337 solum
1481 2278 1718 2349 alicujus
1783 2277 2023 2333 cmlcstis

442 2371 732 2443 imaginis,
780 2372 875 2428 sed
928 2382 979 2428 et
1024 2372 1197 2444 ipsius
1234 2373 1390 2444 regni
1421 2372 1708 2429 calorum.
1762 2370 1855 2426 Sic
1892 2384 2022 2440 ergo

440 2464 700 2533 possibile
745 2473 828 2521 est
878 2465 1044 2521 etiam
1089 2473 1285 2521 caetera
1331 2465 1542 2520 semina
1585 2479 1710 2535 quae
1759 2463 1812 2518 in
1860 2460 2021 2517 terris

442 2567 590 2625 sunt,
614 2568 676 2614 ut
700 2559 937 2614 habeant
970 2559 1178 2629 aliquid
1210 2560 1265 2614 in
1295 2559 1613 2615 coelestibus
1643 2542 2023 2612 similitudinis

439 2660 497 2706 et
523 2650 774 2707 rationis.
805 2648 961 2716 Quod
997 2652 1045 2707 si
1072 2652 1304 2718 semina,
1332 2649 1452 2706 sine
1478 2649 1646 2704 dubio
1672 2657 1729 2704 et
1757 2648 2020 2719 virgulta;

438 2750 495 2796 et
523 2741 570 2796 si
608 2741 865 2810 virgulta,
896 2740 1017 2796 sine
1046 2740 1216 2795 dubio
1248 2748 1303 2795 et
1335 2740 1658 2808 animantia,
1688 2739 1772 2793 vel
1804 2741 2019 2807 alitum,

439 2833 527 2886 vel
557 2833 883 2901 repentium,
913 2839 967 2887 et
992 2833 1430 2903 quadrupedum.
1450 2830 1558 2887 Sed
1588 2842 1642 2887 et
1673 2832 1803 2887 illud
1838 2830 2020 2888 adhuc

442 2931 622 2993 pOtest
674 2923 935 2992 intelligi,
991 2923 1136 2993 quod
1185 2923 1327 2980 sicut
1369 2939 1598 2994 granum
1646 2922 1852 2993 sinapis
1908 2939 2016 2977 non

441 3029 611 3069 unam
641 3013 1049 3069 similitudinem
1082 3023 1226 3069 tenet
1254 3014 1405 3085 regni
1450 3016 1713 3070 caelorum
1759 3023 1813 3070 et
1861 3014 2017 3069 habi-

438 3105 663 3161 tationis
714 3105 921 3161 scilicet
951 3106 1133 3165 avium
1171 3106 1224 3159 in
1259 3106 1428 3162 ramis
1458 3106 1594 3171 suis,
1640 3105 1733 3161 sed
1765 3104 1927 3160 habet
1958 3113 2014 3161 et

440 3200 605 3256 aliam
654 3200 1068 3256 similitudinem
1121 3200 1203 3256 vel
1263 3200 1593 3270 intaginem,
1662 3198 2011 3271 perfectionis

437 3292 646 3348 scilicet
678 3290 799 3348 fidei
819 3333 834 3358 ,
870 3292 945 3347 ita
976 3299 1036 3347 ut
1067 3291 1114 3354 si
1138 3292 1262 3362 quis
1292 3292 1488 3347 habeat
1513 3291 1676 3348 fidem
1703 3292 1846 3348 sicut
1878 3308 2005 3364 gra-

435 3399 566 3440 num
620 3383 860 3454 sinapis,
892 3384 1040 3439 dicat
1086 3384 1259 3439 monti
1298 3382 1595 3439 transferre
1626 3397 1709 3449 se,
1738 3392 1790 3439 et
1824 3392 2009 3441 trans-

434 3474 608 3539 feret;
636 3475 711 3530 ita
744 3475 1003 3545 possibile
1030 3484 1114 3532 est
1143 3484 1203 3530 ut
1242 3475 1406 3531 etiam
1437 3485 1634 3531 caetera
1667 3490 1776 3531 non
1817 3476 1870 3531 in
1899 3491 2010 3531 uno

434 3567 639 3637 aliquo,
686 3567 780 3623 sed
829 3567 883 3620 in
917 3566 1166 3636 pluribus
1199 3565 1432 3636 speciem
1470 3573 1525 3621 et
1561 3565 1853 3637 imaginem
1895 3581 2010 3622 coc-

430 3659 652 3716 lestium
681 3657 877 3713 ferant.
912 3656 979 3712 Et
1002 3673 1125 3713 cum
1154 3658 1345 3729 plures
1371 3658 1512 3726 sint,
1543 3659 1694 3715 verbi
1734 3658 1846 3730 82
1884 3674 2009 3730 gra-

431 3749 530 3816 tia,
562 3749 617 3804 in
645 3764 816 3821 grano
841 3749 1049 3819 sinapis
1081 3749 1311 3804 virtutes
1339 3764 1461 3820 qua:
1485 3763 1666 3804 rerum
1699 3749 2008 3805 caelestium

432 3842 699 3914 imagines
729 3852 981 3910 teneant,
1014 3842 1237 3899 ultimus
1286 3853 1340 3899 et
1375 3850 1656 3899 extremus
1703 3840 1825 3912 ejus
1872 3855 2009 3898 usus

429 3944 516 3990 est
554 3935 657 3990 iste
689 3936 785 4005 qui
823 3936 1057 3991 habetur
1100 3933 1246 4005 apud
1298 3935 1552 3992 homines
1601 3935 1658 3990 in
1699 3932 2009 3988 ministerio

431 4027 724 4096 corporali.
741 4026 820 4082 Ita
837 4026 1003 4082 etiam
1022 4027 1075 4082 in
1092 4027 1340 4098 reliquis,
1358 4028 1442 4083 vel
1459 4026 1785 4097 seminibus,
1798 4029 1884 4085 vel
1899 4028 2009 4084 vir-

431 4119 618 4190 gultis,
636 4120 721 4174 vel
745 4118 1037 4174 herbarum
1064 4118 1362 4185 radicibus,
1389 4120 1476 4176 vel
1494 4120 1656 4175 etiam
1681 4122 1736 4176 in
1763 4121 2008 4177 animan-

431 4209 579 4266 tibus
606 4210 833 4281 intelligi
844 4219 1051 4280 potest;
1070 4218 1131 4265 ut
1148 4225 1307 4265 usum
1328 4210 1547 4283 quidem
1561 4219 1615 4266 et
1639 4212 2007 4268 ministerium

428 4302 744 4357 hominibus
773 4303 1049 4372 przebeant
1073 4302 1393 4372 corporale,
1428 4303 1667 4359 habeant
1701 4313 1883 4360 autem
1920 4305 2007 4360 in-

425 4395 791 4465 corporalium
821 4410 1002 4451 rerum
1029 4394 1233 4451 formas
1259 4403 1314 4450 et
1341 4395 1608 4465 imagines
1626 4439 1642 4464 ,
1671 4396 1873 4466 quibus
1904 4396 2005 4453 do-

2126 1913 2365 1969 humana
2414 1915 2483 1972 ad
2530 1918 2828 1987 spiritalem
2894 1922 3341 1996 intelligentiam,
3405 1939 3461 1986 et
3518 1948 3704 1989 rerum

2124 2020 2321 2062 causas
2366 2008 2419 2062 in
2454 2010 2774 2069 coelestibus
2810 2025 3110 2085 quaereret,
3171 2025 3232 2073 ut
3277 2032 3464 2091 posset
3511 2024 3705 2081 educta

2124 2113 2220 2169 per
2243 2100 2569 2170 sapientiam
2607 2102 2703 2160 Dei
2731 2105 2897 2161 etiam
2938 2105 3058 2176 ipsa
3101 2107 3323 2165 dicere:
3359 2111 3493 2178 Quae
3527 2115 3582 2168 in
3617 2131 3707 2170 oc-

2124 2189 2266 2245 culto
2293 2203 2438 2258 sunt,
2473 2203 2523 2248 et
2554 2210 2671 2266 qute
2699 2196 2751 2251 in
2779 2196 3082 2267 manilesto,
3119 2203 3356 2271 cognovi.
3389 2202 3702 2261 Secundum

2124 2280 2240 2337 haec
2267 2299 2486 2357 quoque
2528 2288 2775 2358 agnoscit
2817 2299 2872 2344 et
2911 2291 3278 2347 substantiam
3325 2294 3549 2360 mundi,
3591 2312 3703 2353 non

2124 2371 2300 2427 solum
2356 2374 2500 2432 hanc
2540 2376 2813 2434 visibilem
2849 2395 3316 2453 corporeamque,
3367 2400 3491 2456 qua:
3521 2386 3701 2458 palam

2123 2470 2237 2529 est,
2282 2465 2377 2520 sed
2420 2474 2474 2522 et
2522 2467 2673 2523 illam
2705 2469 3085 2540 incorpoream
3116 2473 3557 2547 invisibilemque
3582 2493 3705 2548 qua:

2123 2553 2176 2608 in
2207 2556 2425 2611 occulto
2448 2565 2552 2612 est.
2588 2558 2851 2628 Agnoscit
2878 2560 3043 2616 etiam
3075 2562 3344 2620 elementa
3376 2567 3569 2621 mundi
3592 2584 3702 2622 non

2124 2646 2303 2701 solum
2339 2647 2576 2703 visibilia
2599 2691 2615 2716 ,
2650 2651 2745 2706 sed
2789 2660 2843 2707 et
2873 2652 3204 2722 invisibilia,
3246 2664 3303 2711 et
3342 2663 3706 2729 utrorumque

2121 2738 2370 2795 virtutes.
2408 2738 2514 2795 Sed
2548 2749 2604 2796 et
2650 2741 2867 2798 initium
2913 2745 3058 2815 quod
3106 2747 3269 2815 dicit,
3301 2756 3357 2804 et
3402 2748 3565 2805 finem
3589 2791 3608 2820 ,
3648 2762 3705 2807 et

2122 2828 2466 2885 medietatem
2497 2839 2828 2902 temporum,
2865 2834 3084 2892 initium
3116 2838 3192 2894 ait
3217 2839 3449 2898 visibilis
3477 2842 3700 2913 quidem

2120 2919 2344 2987 mundi,
2379 2921 2526 2991 quod
2560 2931 2686 2979 ante
2737 2938 2833 2980 sex
2880 2925 3052 2982 millia
3092 2942 3202 2983 non
3246 2929 3489 3002 integros
3523 2947 3703 2990 annos

2119 3009 2338 3067 initium
2371 3014 2622 3086 designat
2668 3014 2917 3087 Moyses;
2955 3019 3299 3078 medietatem
3348 3039 3570 3096 quoque
3609 3042 3701 3083 se-

2116 3102 2357 3159 cundum
2392 3113 2698 3177 temporum
2739 3110 3042 3179 rationem,
3091 3112 3366 3185 ﬁnemque
3405 3115 3559 3172 illum
3601 3120 3698 3189 qui

2115 3201 2367 3263 speratur
2391 3211 2516 3252 cum
2544 3198 2748 3255 caelum
2777 3209 2832 3256 et
2854 3212 2996 3258 terra
3025 3204 3354 3261 transibunt.
3381 3204 3695 3266 Secundum

2113 3286 2458 3371 occultorum
2487 3304 2617 3344 vero
2660 3290 2943 3348 scientiam
2963 3333 2978 3357 ,
3012 3294 3227 3351 initium
3258 3296 3390 3353 illud
3421 3300 3569 3371 quod
3608 3302 3700 3357 in-

2116 3377 2386 3449 Ielligit-is
2410 3396 2574 3451 quem
2623 3383 2893 3453 sapientia
2925 3384 3019 3441 Dei
3047 3386 3330 3455 docuerit,
3361 3392 3508 3462 quod
3545 3393 3696 3449 nulla

2111 3481 2346 3540 possunt
2403 3483 2685 3546 tempora,
2742 3478 2890 3532 nulla
2944 3479 3142 3538 saecula
3211 3484 3692 3552 comprehendere.

2111 3559 2450 3621 Medietatcm
2476 3582 2607 3624 vero
2640 3567 2754 3624 htec
2784 3585 2906 3640 quae
2930 3587 3076 3627 nunc
3100 3581 3247 3638 sunt,
3275 3574 3436 3630 linem
3469 3591 3596 3631 vero
3627 3593 3695 3633 ea

2112 3669 2235 3726 qua:
2277 3658 2462 3713 futura
2502 3670 2660 3726 sunt,
2693 3660 2747 3716 id
2778 3670 2882 3727 est,
2926 3662 3310 3731 perfectionem
3341 3681 3695 3723 consumma-

2111 3746 2427 3818 tionemque
2460 3750 2856 3818 universitatis,
2886 3767 3006 3821 qua:
3039 3763 3220 3808 tamen
3248 3771 3315 3810 ex
3345 3757 3430 3811 his
3464 3757 3695 3814 visibili-

2112 3837 2215 3893 bus
2246 3838 2445 3908 conjici
2478 3850 2712 3910 possunt
2736 3851 2791 3897 et
2830 3842 3077 3914 intelligi.
3125 3842 3232 3900 Sed
3268 3855 3323 3901 et
3353 3847 3692 3906 vicissitudi-

2112 3945 2243 3986 num
2307 3933 2771 4002 permutationes,
2814 3943 2868 3989 et
2921 3945 3228 4006 temporum
3277 3942 3688 4012 conversiones,

2113 4021 2240 4077 anni
2269 4022 2525 4093 circulus,
2549 4039 2616 4080 ex
2649 4025 2736 4080 his
2765 4040 2889 4096 qua:
2917 4027 3169 4083 videntur
3198 4029 3363 4086 refert
3393 4032 3460 4086 ad
3493 4031 3687 4088 invisi-

2112 4114 2248 4170 biles
2280 4129 2463 4172 rerum
2493 4117 2859 4188 corporalium
2890 4121 3325 4189 permutationes
3364 4137 3430 4179 ac
3469 4122 3690 4180 vicissi-

2114 4204 2348 4261 tudines.
3118 4276 3123 4279 _

2180 4295 2429 4354 Circulos
2460 4312 2682 4369 quoque
2709 4313 2979 4355 annorum
3013 4301 3419 4371 temporalium,
3455 4312 3511 4359 et
3541 4318 3684 4374 prae-

2111 4388 2347 4446 sentium
2388 4389 2555 4445 refert
2587 4388 2652 4444 ad
2681 4390 3023 4461 antiquiores
3050 4392 3267 4462 aliquos
3301 4407 3368 4449 ac
3396 4395 3686 4466 sempiter-

423 4485 535 4541 ceri
555 4485 735 4539 anima
760 4484 952 4556 possit,
976 4493 1031 4538 et
1059 4484 1257 4540 instrui
1286 4484 1353 4540 ad
1385 4484 1803 4554 contemplanda
1836 4485 2000 4540 etiam
2034 4489 2080 4545 D
2111 4492 2212 4535 I103
2260 4493 2468 4547 annos.
2503 4480 2803 4536 secundum
2843 4494 2967 4536 eum
2998 4482 3093 4552 qui
3121 4482 3339 4540 dicebat
3366 4503 3380 4539 ε
3417 4484 3490 4540 Et
3519 4503 3689 4542 annos

423 4592 487 4632 ea
516 4592 639 4648 qua:
665 4584 792 4632 sunt
818 4575 1113 4632 invisibilia
1138 4585 1192 4632 et
1222 4576 1489 4633 caelestia.
1516 4573 1584 4630 Et
1612 4574 1717 4631 hoc
1743 4574 2000 4632 fortassis

425 4678 510 4724 est
565 4668 712 4738 quod
777 4668 868 4721 ille
931 4669 1164 4738 scriptor
1223 4668 1424 4723 divinae
1477 4665 1758 4736 sapientiae
1813 4665 1996 4721 dicit:

426 4757 548 4828 Ipse
593 4760 731 4812 enim
782 4760 909 4813 mihi
955 4758 1100 4814 dedit
1147 4775 1331 4813 eorum
1377 4775 1495 4830 qua
1551 4766 1673 4812 sunt
1721 4758 1998 4813 scientiam

424 4864 631 4916 verum,
675 4858 734 4904 ut
785 4850 950 4904 sciant
1005 4849 1362 4904 substantiam
1416 4849 1631 4915 mundi,
1673 4857 1723 4903 et
1781 4849 2000 4903 virtutes

421 4941 795 4996 elementorum
816 4982 831 5006 ,
867 4941 1101 5006 initium,
1132 4951 1183 4997 et
1214 4942 1396 5011 ﬁnem,
1426 4950 1475 4997 et
1504 4941 1837 4997 medietatem
1869 4952 2001 4997 tem-

422 5051 632 5104 porum,
655 5036 1078 5089 vicissitudinum
1099 5035 1532 5105 permutationes,
1563 5042 1613 5088 et
1638 5035 1997 5090 conversiones

425 5134 749 5196 temporum,
775 5136 824 5181 et
856 5128 983 5181 anni
1009 5125 1262 5192 circulos,
1297 5136 1348 5183 ct
1380 5125 1656 5181 stellarum
1683 5128 1997 5197 positiones,

422 5227 646 5272 naturas
698 5218 1055 5287 animalium,
1103 5228 1152 5273 et
1180 5219 1289 5272 iras
1335 5216 1663 5283 bestiarum,
1711 5220 1997 5287 spirituum

424 5311 720 5376 violentias,
751 5321 799 5366 et
830 5313 1176 5381 cogitationes
1203 5311 1493 5376 hominum,
1520 5309 1855 5379 di/ferentias
1891 5311 1999 5363 vir-

421 5401 708 5472 guttarum,
740 5411 789 5456 et
817 5404 1032 5457 virtutes
1063 5403 1339 5466 radicum;
1373 5401 1462 5456 sed
1492 5411 1542 5455 et
1565 5416 1888 5472 qumounque
1912 5416 1999 5453 oc-

422 5492 569 5546 culta
597 5503 643 5546 et
671 5494 953 5563 manifesta
982 5504 1105 5549 sunt
1135 5493 1431 5564 cognovi”.
1461 5489 1596 5547 Vide
1626 5507 1757 5563 ergo
1790 5493 1836 5548 si
1864 5508 1996 5563 pos-

421 5581 597 5640 simus
618 5599 683 5637 ex
713 5584 798 5639 his
832 5583 1125 5655 Scripturae
1162 5583 1506 5643 sermonibus
1540 5598 1627 5650 ea,
1657 5598 1780 5654 quae
1808 5583 1996 5640 discu-

2108 4578 2331 4625 wternos
2365 4570 2422 4625 in
2454 4580 2624 4626 mente
2648 4573 2810 4628 habui
2823 4574 2891 4629 ’³.
2921 4574 3029 4630 Sed
3058 4584 3114 4631 et
3143 4576 3424 4632 stellarum
3454 4579 3687 4648 positio—

2107 4675 2205 4716 nes
2249 4676 2360 4717 non
2409 4660 2680 4718 dubitavit
2723 4663 2794 4718 ab
2825 4663 2911 4719 his
2952 4679 3075 4735 qua:
3099 4664 3277 4734 palam
3314 4666 3569 4722 videntur
3596 4686 3684 4725 re-

2105 4752 2251 4809 ferre
2283 4752 2350 4808 ad
2383 4752 2473 4808 illa
2502 4768 2624 4824 quae
2651 4754 2704 4808 in
2730 4754 2963 4811 occultis
2998 4764 3163 4820 sunt,
3196 4772 3319 4826 quae
3344 4759 3685 4814 occultorum

2107 4845 2636 4920 maniiestorumque
2689 4848 2973 4904 scientiam
3017 4850 3220 4904 meruit
3252 4868 3266 4905 :
3302 4858 3357 4905 et
3393 4849 3524 4907 dicit
3565 4836 3688 4909 esse

2107 4938 2327 5009 aliquod
2375 4946 2691 4994 sanctorum
2722 4954 2894 5010 genus
2941 4940 3087 5010 quod
3121 4938 3190 5017 de
3229 4940 3461 4997 Abraha:
3493 4943 3688 5017 praeci-

2107 5043 2213 5099 pue
2245 5029 2412 5099 stirpe
2440 5029 2741 5096 descendit,
2781 5031 2923 5087 sicut
2953 5033 3137 5087 stellas
3163 5014 3308 5088 cmli.
3355 5031 3460 5088 Sed
3506 5043 3562 5089 et
3591 5014 3681 5093 re-

2108 5123 2465 5178 surrectionis
2506 5121 2705 5202 futura:
2733 5123 2961 5193 gloriam
2994 5125 3180 5180 stellas
3223 5139 3344 5181 esse
3376 5125 3677 5180 secundum

2108 5213 2450 5269 occultorum
2500 5213 2782 5270 scientiam
2829 5216 3244 5286 pronuntiavit,
3283 5230 3515 5285 sequens
3555 5229 3684 5270 eum

2105 5305 2198 5375 qui
2225 5306 2400 5361 dixit:
2432 5307 2557 5359 Alia
2588 5306 2760 5377 gloria
2792 5306 2940 5371 solis,
2964 5316 3012 5360 et
3041 5307 3153 5360 alia
3185 5305 3480 5360 stellarum.
3511 5304 3685 5362 Stella

2102 5402 2243 5454 enim
2266 5417 2298 5453 α
2327 5398 2482 5453 stella
2511 5400 2691 5468 differt
2714 5399 2768 5451 in
2794 5397 2987 5468 gloria,
3011 5399 3089 5451 ita
3114 5407 3162 5450 et
3190 5398 3503 5451 resurrectio
3539 5412 3685 5451 mor—

2104 5489 2395 5544 tuorum".
2442 5485 2558 5543 Nisi
2612 5486 2911 5542 secundum
2972 5486 3087 5540 haec
3126 5485 3518 5556 intelligeretur
3548 5485 3683 5543 illud

2102 5581 2249 5652 quod
2275 5581 2352 5636 ait
2380 5595 2393 5633 :
2432 5577 2674 5633 Naturae
2705 5575 3039 5645 animalium,
3065 5577 3277 5646 irasque
3305 5577 3591 5634 bestiarum
3605 5578 3678 5645 ”,

490 5770 536 5803 ”
578 5770 705 5841 Sap.
744 5785 839 5837 vn,
870 5770 956 5837 17,
991 5771 1073 5839 18,
1104 5772 1190 5842 19,
1217 5771 1307 5840 20,
1337 5772 1429 5827 21.
1474 5772 1552 5848 ﬂ”
1591 5770 1735 5829 Psal.
1770 5787 1977 5841 Lxxvn,
2007 5771 2014 5822 l

2135 5772 2180 5804 "
2210 5770 2251 5827 ll
2294 5770 2323 5783 "
2346 5784 2409 5825 υτ.
2439 5784 2527 5839 xv,
2561 5767 2759 5838 “,4‘2.
2833 5767 2879 5799 ’⁸
2908 5767 3034 5838 Sap.
3065 5782 3160 5833 vn,
3230 5766 3321 5825 ρο.
