4130 6446
472 350 572 405 I75

1529 351 1854 410 ORIGENIS
1890 351 1961 408 IN
1998 351 2354 412 CANTICUM
2392 356 2666 414 CANTIC.

3634 365 3736 421 176

468 474 754 540 nunquam
805 469 1037 527 dixisset
1082 470 1135 525 in
1175 469 1483 541 Evangeliis
1535 467 1788 526 Salvator
1821 488 1833 524 :
1879 470 2049 527 Dicite
2078 475 2125 533 Α
2153 486 2372 539 causas,
2398 483 2459 528 ut
2485 475 2591 529 ill‘s
2618 475 2847 532 occultis
2879 486 2931 532 et
2961 475 3329 533 invisibilibus
3349 478 3529 534 cervis
3556 481 3738 536 videa-

468 562 618 633 vulpi
637 563 759 617 huic
776 563 843 630 ",
874 580 1052 635 neque
1069 563 1308 618 Joannes
1331 563 1399 617 de
1420 562 1749 632 quibusdam
1774 563 2004 618 dixisset
2032 578 2046 615 ε

470 652 749 726 Serpentes
793 656 1062 726 generatio
1112 654 1488 724 viperarum”,
1539 657 1634 710 sed
1693 671 1871 727 neque
1920 669 2052 725 pro-

469 745 632 818 pheta
665 745 867 799 diceret
901 743 968 798 de
1001 743 1280 798 nonnullis
1313 744 1459 813 quod
1486 746 1606 815 equi
1633 746 1948 799 admissarii
1974 746 2053 816 [a-

467 839 543 893 cti
565 846 688 891 sunt
705 844 777 892 ⁸ο.
806 845 861 890 et
884 836 1010 891 item
1037 834 1178 890 alius
1212 852 1225 889 :
1263 834 1435 891 Homo
1466 855 1585 892 cum
1612 839 1664 892 in
1690 839 1885 893 honore
1917 848 2051 893 esset

466 946 569 983 non
593 927 876 992 intellexit,
905 935 1246 995 comparatus
1274 936 1351 981 est
1374 928 1631 996 jumentis
1657 929 2048 997 insipientibus,

463 1026 515 1074 et
562 1017 752 1071 similis
776 1015 965 1085 'factus
1006 1022 1084 1068 est
1134 1014 1316 1070 illis'.
1369 1014 1475 1071 Sed
1530 1027 1583 1074 et
1637 1018 1727 1073 ille
1761 1018 2051 1089 diligenter

464 1111 685 1183 agnovit
720 1110 831 1165 iras
858 1110 1160 1167 bestiarum
1191 1112 1284 1182 qui
1316 1110 1532 1166 dicebat
1560 1128 1574 1163 :
1611 1109 1791 1166 Furor
1825 1113 1935 1167 illis
1967 1129 2049 1166 se-

461 1201 694 1256 cundum
723 1202 1133 1256 similitudinem
1162 1204 1418 1273 serpentis
1447 1203 1586 1257 sicut
1610 1203 1810 1273 aspidis
1846 1203 2045 1266 surda',

461 1292 765 1347 obturantis
794 1309 951 1347 aures
986 1294 1173 1348 suas‘.
1217 1292 1341 1348 llaec
1394 1293 1499 1348 erit
1529 1294 1670 1347 ratio
1697 1294 1861 1348 etiam
1887 1293 1955 1348 de
1980 1308 2049 1349 eo

461 1382 608 1451 quod
641 1382 749 1448 ait,
796 1382 1084 1451 spirituum
1124 1381 1401 1437 violentias
1419 1382 1463 1449 ⁸;
1506 1383 1794 1439 visibiliter
1824 1383 2046 1453 quidem

453 1474 531 1528 de
581 1474 758 1529 ventis
782 1514 798 1539 ,
850 1482 903 1528 et
950 1473 1171 1529 flatibus
1206 1475 1386 1541 aeris,
1421 1473 1767 1530 invisibiliter
1803 1490 1934 1529 vero
1978 1475 2047 1529 de

454 1566 741 1623 ~violentiis
766 1566 1176 1622 immundorum
1221 1568 1513 1637 spirituum
1543 1568 1794 1638 loquens,
1818 1583 1959 1638 quos
1992 1578 2047 1624 et

465 1656 672 1714 Paulus
704 1667 898 1714 ventos
931 1658 1194 1714 doctrinae
1229 1658 1582 1714 nominavit‘.
1614 1659 1745 1716 Post
1784 1660 1900 1716 hmc
1928 1661 2045 1730 jam

458 1754 715 1824 sequitur
744 1760 801 1807 ut
832 1753 1190 1823 cogitationes
1237 1753 1519 1807 hominum
1571 1753 1707 1808 sciat
1744 1754 2045 1825 corporali-

2157 568 2246 615 tur
2277 577 2439 631 posse
2493 565 2784 619 convenire
2810 565 2957 633 quod
2983 566 3190 620 dictum
3222 576 3307 621 est
3333 584 3346 621 ε
3382 566 3493 621 Vox
3519 567 3737 625 Domini

2153 654 2473 722 perﬁcientis
2513 672 2688 711 cereos
2720 656 2762 709 '.
2808 654 2944 722 Quae
2982 658 3128 711 enim
3188 658 3448 728 perfectio
3491 674 3554 715 ea
3602 675 3736 717 voce

2158 744 2373 800 Domini
2407 746 2467 800 fit
2513 746 2631 802 istis
2660 747 2973 804 visibilibus
3006 750 3183 805 cervis
3203 750 3229 803 ἲ
3253 750 3361 804 Aut
3389 766 3512 821 quae
3538 752 3605 805 ad
3635 766 3737 811 eos

2152 832 2398 888 doctrina
2453 850 2691 905 unquam
2745 851 2813 891 ex
2846 835 3067 894 Domini
3117 853 3250 894 voce
3301 840 3628 895 descendit?
3674 840 3734 897 Si

2152 939 2282 978 vero
2330 925 2605 994 spiritales
2648 942 2838 983 cervos
2863 940 3197 998 quaramus,
3230 945 3461 1000 quorum
3500 931 3731 987 formam

2151 1023 2205 1068 et
2234 1016 2526 1086 imaginem
2570 1024 2716 1071 tenet
2745 1017 2876 1073 illud
2904 1019 3109 1074 animal
3156 1021 3463 1089 corporale,
3500 1020 3623 1077 illos
3648 1022 3731 1075 inc

2154 1104 2339 1159 venias
2387 1106 2454 1159 ad
2506 1121 2778 1162 summam
2834 1107 3184 1179 perfectionis
3232 1126 3301 1166 es
3348 1126 3484 1167 voce
3516 1110 3730 1166 Domini

2150 1204 2313 1263 posse
2332 1196 2584 1265 perduci.
2619 1197 2723 1254 Sed
2756 1209 2813 1255 et
2843 1214 3078 1270 quorum
3121 1217 3407 1257 cervorum
3439 1201 3730 1258 Dominum

2150 1300 2371 1341 scrvare
2413 1287 2658 1343 decuerit
2709 1298 2919 1359 partus,
2966 1300 3022 1346 et
3073 1292 3225 1347 velut
3273 1292 3525 1348 medendi
3551 1292 3730 1348 cilicia

2150 1379 2476 1448 praebentem
2515 1384 2946 1450 parturientibus
2974 1392 3158 1439 astare
3187 1386 3524 1452 convenerit,
3557 1385 3732 1442 donec

2148 1480 2404 1539 parerent
2439 1471 2581 1528 filios
2633 1474 2790 1539 tales,
2825 1473 2919 1543 qui
2962 1475 3401 1541 adversarentur,
3453 1486 3507 1529 et
3542 1492 3729 1547 persc-

2147 1570 2449 1630 querentur
2491 1565 2825 1633 serpentium
2860 1581 3053 1636 genus,
3086 1577 3146 1622 ut
3172 1568 3396 1637 dignum
3431 1577 3516 1623 est
3544 1569 3727 1623 divina

2146 1653 2456 1722 majestate,
2503 1654 2767 1713 debemus
2815 1659 3100 1714 advertere
3141 1660 3387 1729 qualium
3438 1675 3725 1715 cervorum

2148 1743 2323 1798 Deum
2364 1746 2519 1801 decet
2564 1746 2678 1819 (7i)
2727 1762 2946 1805 servare
2992 1760 3203 1820 partus,
3256 1766 3324 1806 ne
3370 1752 3423 1805 in
3467 1752 3726 1807 aborsum

460 1814 793 1912 ter'quidem
823 1814 947 1912 qua:
975 1841 1044 1896 de
1093 1843 1334 1896 humano
1358 1842 1522 1898 corde
1547 1814 1871 1913 procedunt,
1901 1842 2045 1897 invi-
2074 1814 2118 1871 Β
2146 1833 2428 1903 deeidaﬂl;
2468 1814 2582 1893 sed.
2716 1856 2933 1897 menses
2977 1814 3168 1897 eorum
3188 1814 3197 1817 ν
3220 1857 3507 1897 numerare
3536 1844 3726 1912 plenos

456 1933 693 1990 sibiliter
719 1939 903 1988 autem
936 1933 1204 2003 intelligat
1239 1948 1337 1989 eos
1357 1975 1373 1998 ,
1404 1933 1497 2005 qui
1526 1934 1780 2005 injiciunt
1806 1932 2044 1989 homini-

446 2022 562 2080 bus
584 2024 759 2080 malas
781 2031 835 2078 et
862 2024 1132 2093 pessimus
1166 2025 1548 2095 cogitationes,
1590 2025 1735 2080 sicut
1764 2025 1817 2079 in
1860 2023 2044 2079 Evan~

456 2115 600 2187 gelio
632 2114 897 2184 scriptum
936 2121 1022 2168 est
1053 2131 1067 2167 :
1110 2112 1246 2168 Cum
1293 2113 1542 2168 diabolus
1591 2116 1819 2170 misisset
1852 2117 1912 2169 in
1951 2131 2045 2169 cor

442 2211 618 2267 .Judte
661 2210 971 2278 lscariotis,
1012 2219 1073 2265 ut
1119 2211 1350 2266 traderet
1384 2212 1679 2269 Dominum
1696 2215 1740 2269 ⁸.
1791 2213 1860 2269 Ει
1894 2222 1954 2268 ιιι
1984 2214 2040 2269 in

457 2303 776 2361 Proverbiis
816 2303 1022 2359 dicitur
1049 2320 1064 2358 :
1098 2298 1160 2358 Si
1190 2304 1411 2375 spiritus
1442 2314 1756 2376 potestatem
1802 2307 2039 2362 habentis

440 2399 756 2455 ascenderit
783 2410 939 2468 super
967 2405 1037 2464 te,
1067 2396 1243 2452 locum
1270 2406 1420 2452 tuum
1444 2415 1506 2453 ne
1527 2399 1883 2473 derelinquas,
1913 2405 2041 2471 quia

452 2493 663 2547 sanitas
705 2491 984 2561 compescit
1012 2500 1231 2561 peccata
1266 2506 1460 2559 magna
1474 2492 1515 2547 ⁸.
1546 2490 1655 2548 Sed
1682 2501 1737 2549 et
1770 2495 2037 2551 bonarum

438 2582 851 2655 cogitationum
885 2591 970 2637 est
1008 2580 1207 2653 aliquis
1258 2593 1496 2638 auctor:
1528 2594 1749 2654 propter
1789 2585 1934 2659 quod
1984 2596 2037 2643 et

440 2677 510 2732 in
540 2674 781 2731 Psalmis
818 2683 952 2746 puto
978 2670 1243 2745 scriptum
1276 2690 1399 2731 esse
1428 2694 1442 2730 :
1484 2674 1678 2733 Beatus
1705 2678 1858 2733 homo
1883 2678 2037 2750 cujus

449 2778 528 2826 est
552 2768 817 2825 auxilium
841 2767 934 2822 abs
970 2778 1040 2831 te,
1070 2766 1315 2833 Domine,
1341 2772 1669 2824 ascensiones
1692 2770 1745 2824 in
1765 2770 1919 2825 corde
1941 2788 2038 2826 suo

449 2860 769 2934 disposttit'.
806 2858 873 2917 Et
906 2861 1102 2916 iterum
1133 2876 1148 2913 :
1183 2859 1453 2932 Cogitatio
1499 2862 1727 2916 hontinis
1762 2863 2038 2933 conﬁtebi-

436 2969 542 3012 ‘tur
567 2956 684 3025 tibi,
728 2966 777 3012 et
808 2954 1047 3027 reliquit:
1086 2956 1469 3026 cogitationum
1495 2956 1632 3009 diem
1660 2954 1855 3025 festum
1883 2965 2036 3028 agent

424 3048 607 3105 mibi".
661 3046 741 3104 Ita
780 3046 953 3119 igitur
987 3055 1186 3102 cuncta
1234 3046 1536 3101 secundum
1575 3061 1639 3101 ea
1672 3062 1795 3116 quae
1822 3046 2035 3117 praefati

2134 1924 2212 1979 ad
2246 1933 2493 2019 parturn,
2512 1942 2816 2001 eorumque
2846 1932 3062 1989 labores
3091 1942 3144 1988 et
3176 1932 3394 1988 dolores
3427 1932 3723 1999 custodire,

2144 2024 2205 2071 ut
2256 2018 2636 2086 generationes
2664 2035 2854 2076 eorum
2891 2038 3003 2078 non
3035 2023 3235 2078 cadant
3288 2023 3343 2078 in
3373 2038 3596 2085 vanum,
3629 2024 3723 2078 sed

2145 2116 2205 2163 ut
2229 2106 2467 2179 perfecta
2495 2110 2564 2165 sit
2585 2125 2776 2166 eorum
2808 2114 3089 2179 nativitus,
3118 2124 3175 2170 et
3199 2114 3386 2170 tandiu
3420 2114 3725 2183 parturiant

2142 2203 2319 2259 donec
2366 2203 2633 2261 formetur
2660 2204 2919 2264 Christus
2948 2204 3004 2263 iu
3035 2209 3136 2264 eis.
3179 2206 3502 2279 Huiusmodi
3530 2224 3724 2265 cervo-

2142 2304 2265 2349 rum
2320 2296 2501 2366 pullos
2531 2294 2797 2353 Dominus
2846 2298 3041 2364 nutrit,
3084 2314 3275 2355 eorum
3323 2300 3588 2356 duntaxat
3627 2302 3722 2372 qui

2136 2382 2349 2455 lactant
2384 2386 2439 2441 in
2472 2385 2705 2443 Domino
2747 2388 3136 2459 cogitationem
3176 2406 3355 2458 suam,
3384 2401 3445 2447 ut
3480 2391 3598 2463 ipse
3624 2407 3724 2448 eos

2143 2477 2368 2543 nutriat,
2398 2487 2454 2531 et
2481 2477 2596 2547 ipse
2626 2487 2808 2533 servet
2859 2479 3077 2535 dolores
3107 2491 3295 2551 partus
3343 2492 3564 2548 eorum,
3592 2494 3719 2536 cum

2137 2582 2205 2623 ex
2232 2566 2426 2623 timore
2458 2566 2553 2624 Dei
2584 2577 2640 2623 et
2671 2568 2725 2623 in
2754 2579 2943 2625 ventre
2974 2572 3347 2641 conceperint,
3374 2581 3430 2626 et
3455 2573 3725 2641 parturie-

2130 2662 2270 2727 rint,
2287 2669 2342 2717 et
2365 2661 2616 2732 spiritum
2634 2663 2830 2718 salutis
2845 2664 3171 2734 pepererint.
3192 2663 3516 2734 llujosmodl
3533 2674 3721 2737 partas

2138 2750 2355 2806 dolores
2386 2754 2500 2821 ipse
2514 2750 2786 2808 Dominus
2810 2763 2995 2809 servat
3019 2763 3073 2809 et
3101 2764 3280 2809 curat.
3313 2753 3420 2809 Sed
3443 2764 3499 2811 et
3523 2757 3723 2811 emittit

2138 2841 2353 2897 dolores
2388 2857 2603 2910 eorum,
2632 2852 2693 2899 ιιι
2728 2859 2925 2901 euntes
2968 2855 3116 2912 eant,
3153 2856 3209 2901 et
3246 2846 3409 2902 fleant
3440 2854 3722 2917 permittes

2134 2932 2351 2988 semina
2389 2949 2510 3001 sua,
2541 2942 2597 2989 et
2628 2935 2733 2992 sint
2773 2937 2828 2991 lu
2869 2937 3153 2993 doloribus
3196 2939 3481 2993 hominum
3527 2956 3590 2995 ac
3618 2941 3720 2995 lla-

2136 3025 2405 3097 gollcntur
2436 3041 2561 3081 cum
2607 3027 2947 3095 hominibus,
2978 3044 3048 3083 ne
3089 3029 3230 3084 forte
3269 3039 3449 3084 teneat
3482 3045 3583 3085 eos
3619 3047 3720 3086 su-

436 3157 676 3207 sumus,
718 3157 783 3196 ex
810 3116 1126 3196 visibilibus
1174 3137 1368 3193 referri
1403 3146 1635 3209 possunt
1668 3137 1735 3192 ad
1784 3116 2032 3194 invisibi-

2139 3116 2346 3190 perbia.
2392 3117 2487 3175 Isti
2522 3135 2746 3191 quoque
2784 3120 2905 3201 ipsi
2930 3122 3078 3176 cervi
3137 3122 3497 3193 abrumpunt,
3532 3134 3591 3178 ιιι
3625 3124 3721 3188 ait.

430 3233 541 3299 'iia,
573 3241 628 3288 et
659 3246 690 3287 a
726 3228 1108 3302 corporalibus
1136 3228 1204 3284 ad
1236 3228 1557 3299 incorporea
1582 3268 1598 3295 ,
1625 3226 1735 3300 83
1768 3237 1822 3283 et
1856 3244 1888 3284 a
1915 3244 2034 3284 ma-

444 3324 665 3382 nifestis
707 3322 775 3378 ad
819 3322 1073 3390 occulta,
1122 3331 1182 3377 ut
1228 3320 1344 3391 ipsa
1399 3328 1655 3376 creatura
1699 3320 1890 3377 mundi
1937 3322 2033 3377 tali

418 3419 684 3491 .quadam
714 3415 1126 3487 dispensatione
1154 3414 1375 3470 condita
1427 3410 1764 3485 intelligatur
1811 3429 1906 3485 per
1944 3415 2030 3469 di-

428 3513 630 3569 vinam
662 3509 1021 3581 sapientiam,
1052 3523 1174 3579 qua:
1200 3502 1367 3563 rebus
1401 3507 1537 3578 ipsis
1565 3516 1618 3563 et
1660 3507 1927 3577 exemplis
1957 3508 2034 3562 in-

431 3604 684 3661 uisibilia
720 3617 821 3658 nos
850 3600 919 3655 de
945 3599 1256 3656 visibilibus
1285 3601 1500 3665 doceat,
1528 3608 1582 3655 et
1611 3614 1640 3653 ιι
1671 3599 1905 3655 terrenis
1931 3614 2032 3655 nos

420 3696 741 3754 “transferat
775 3693 842 3749 ad
875 3693 1140 3748 coelestia.

520 3786 614 3841 llas
636 3794 817 3841 autem
850 3785 1091 3840 rationes
1122 3798 1230 3839 non
1260 3785 1437 3840 solum
1471 3785 1525 3839 in
1556 3786 1824 3841 creaturis
1851 3784 2031 3840 omni-

424 3878 553 3935 :hus
584 3877 873 3941 habentur,
907 3875 999 3930 sed
1029 3884 1082 3929 et
1109 3872 1392 3945 Scriptura
1437 3876 1619 3931 divina
1659 3878 1752 3931 tali
1791 3877 2027 3947 quadam

424 3968 730 4041 ~‘sapieutize
777 3977 892 4023 arte
949 3968 1259 4037 conscripta
1323 3978 1426 4021 est.
1491 3965 1724 4037 Propter
1779 3966 2027 4038 quaedam

424 4076 684 4132 :uamque
719 4061 953 4127 occulta,
982 4068 1037 4115 et
1070 4062 1297 4130 mystica
1332 4061 1620 4115 \‘isibilitcr
1635 4061 1868 4131 populus
1899 4062 2032 4115 edu-

425 4155 589 4209 citur
614 4153 680 4206 de
703 4151 935 4224 {Egypto
970 4152 1068 4207 ista
1100 4162 1335 4216 terrena,
1370 4161 1424 4206 et
1449 4152 1549 4205 iter
1578 4152 1689 4221 agit
1722 4167 1817 4219 per
1843 4152 2029 4205 deser-

420 4244 694 4310 t-‘tuut,ttbi
731 4259 957 4313 serpens
971 4252 1091 4299 erat
1120 4244 1399 4307 mordens,
1432 4252 1485 4297 et
1510 4243 1782 4313 scorpius,
1810 4251 1865 4297 et
1888 4243 2029 4307 silis,

426 4336 537 4388 ~ubi
584 4350 690 4390 non
738 4345 895 4390 erant
939 4351 1116 4406 aquae,
1164 4345 1218 4389 ct
1265 4344 1462 4391 czetcra
1516 4349 1638 4405 qua:
1682 4335 1736 4387 in
1769 4333 1854 4387 his
1881 4343 2031 4404 gesta

428 4421 776 4479 referuntur.
824 4422 956 4490 Quae
1005 4424 1218 4489 omnia,
1267 4426 1326 4480 ut
1370 4423 1634 4489 diximus,
1690 4424 2027 4479 occultorum

2137 3220 2293 3269 natos
2325 3226 2478 3267 suos.
2514 3210 2664 3279 Quos
2704 3212 2850 3267 enim
2880 3213 3173 3283 genuerint
3216 3228 3312 3283 per
3345 3211 3720 3285 Evangelium,

2133 3305 2466 3372 abrumpunt
2493 3318 2590 3360 eos
2620 3319 2650 3359 a
2681 3303 2914 3360 vinculis
2948 3312 3321 3375 peccatorum,
3353 3314 3410 3361 et
3452 3320 3483 3361 a
3510 3306 3722 3374 laqueis

2133 3396 2358 3458 diaboli.
2400 3411 2469 3451 ne
2503 3397 2645 3452 ultra
2672 3397 2939 3453 voluntati
2972 3413 3165 3454 eorum
3194 3407 3483 3454 teneantur
3508 3398 3717 3454 obstri-

2134 3490 2228 3544 cti.
2264 3488 2359 3543 Isti
2390 3490 2554 3543 etiam
2589 3489 3120 3560 multiplicabuntur,
3152 3500 3228 3556 et,
3267 3499 3323 3545 ιιι
3352 3491 3451 3557 ait,
3487 3504 3597 3545 non
3628 3506 3715 3545 re-

2134 3588 2436 3636 vertentur.
2468 3579 2589 3636 Non
2626 3580 2774 3635 enim
2816 3582 3179 3639 imitabuntur
3224 3597 3451 3637 uxorem
3483 3581 3619 3637 Loth
3648 3582 3718 3647 ¹⁶,

2133 3688 2243 3726 non
2297 3673 2555 3727 redibunt
2606 3679 2931 3728 retrorsum.
2996 3672 3188 3728 Sciunt
3250 3674 3396 3728 enim
3443 3674 3572 3743 quia
3620 3670 3719 3744 qui

2139 3765 2313 3820 mittit
2360 3778 2585 3819 manum
2641 3778 2800 3819 suam
2841 3765 2910 3821 ad
2955 3775 3222 3834 aratrum,
3252 3767 3300 3821 si
3330 3766 3722 3836 retrospexerit

2134 3866 2295 3928 aptus
2328 3868 2438 3911 non
2478 3856 2584 3912 erit
2611 3870 2781 3928 regno
2810 3857 3077 3913 caelorum
3108 3860 3186 3926 “;
3222 3859 3317 3914 sed
3353 3873 3570 3929 semper
3595 3873 3720 3928 quae

2132 3958 2279 4004 retro
2312 3954 2443 4003 sunt
2470 3948 2895 4013 obliviscuntur,
2918 3957 2976 4004 et
3005 3950 3060 4005 in
3088 3964 3153 4005 ea
3183 3964 3308 4020 quae
3333 3959 3460 4005 ante
3496 3963 3558 4005 se
3590 3957 3720 4005 sant

2133 4054 2192 4096 se
2222 4039 2542 4096 extendunt.
2587 4039 2750 4095 Tales
2783 4042 2928 4096 enim
2968 4056 3162 4097 cervos
3191 4058 3297 4097 vox
3330 4042 3544 4098 Domini
3586 4043 3720 4099 facit

2130 4144 2256 4185 esse
2299 4129 2586 4199 perfectos.
2631 4132 2768 4198 Quae
2808 4148 2914 4186 vos
2960 4133 3200 4199 Domini,
3230 4135 3335 4189 nisi
3381 4133 3470 4189 illa
3509 4150 3633 4204 qua:
3660 4135 3715 4187 in

2134 4222 2250 4292 lege
2272 4231 2331 4277 et
2358 4224 2411 4276 in
2443 4224 2725 4293 prophetis
2772 4225 3026 4288 habetur,
3051 4233 3108 4279 et
3140 4225 3385 4294 pervenit
3430 4240 3605 4295 usque
3646 4224 3715 4277 ad

2133 4312 2435 4379 Joannem,
2480 4316 2582 4384 qui
2629 4324 2749 4369 erat
2798 4330 2901 4370 vox
2946 4317 3245 4371 clamantis
3298 4316 3350 4370 iu
3396 4316 3616 4370 dese-to
3644 4318 3719 4370 "’2

2133 4409 2200 4463 Et
2228 4410 2346 4479 ipsa
2372 4410 2519 4463 enim
2555 4423 2658 4463 vox
2685 4406 2927 4470 loaunis.
2953 4408 3050 4477 qui
3077 4408 3289 4463 dicebat
3313 4424 3327 4461 :
3356 4408 3553 4463 Parare
3576 4413 3717 4464 ινίιιιιι

424 4509 808 4579 quorumdam
857 4496 1066 4568 formas
1115 4521 1171 4567 et
1221 4512 1488 4583 imagines
1538 4522 1739 4567 tenent.
1786 4510 1854 4568 Et
1899 4515 2023 4580 hoc,

2139 4496 2368 4567 Domini,
2402 4509 2571 4555 rectas
2601 4499 2760 4568 tacite
2790 4501 3006 4553 semitas
3037 4499 3128 4553 Dei
3156 4503 3322 4555 nostri
3356 4502 3420 4564 ",
3451 4502 3716 4572 perfectus

424 4618 551 4655 anon
595 4602 648 4656 in
691 4598 981 4672 scripturis
1015 4613 1228 4658 tantum
1266 4615 1530 4669 veterum,
1576 4604 1667 4660 sed
1700 4615 1751 4660 et
1782 4606 1833 4660 in
1860 4608 2028 4676 gestis

434 4689 657 4746 Domini
695 4702 747 4747 et
773 4691 1073 4748 Salvatoris
1129 4695 1325 4758 nostri,
1370 4710 1492 4764 qua:
1526 4694 1577 4747 in
1606 4691 1910 4765 Evangeliis
1945 4711 2028 4748 re-

428 4780 719 4848 ,feruntur,
758 4785 1020 4841 invenies.
1065 4783 1231 4855 Igitur
1257 4786 1305 4838 si
1336 4786 1518 4841 omnia
1551 4802 1672 4857 quat
1705 4787 1757 4842 in
1792 4785 2023 4842 manife-

440 4884 533 4929 sto
576 4871 730 4942 sunt,
773 4877 1075 4931 secundum
1125 4893 1188 4933 ea
1225 4894 1347 4949 qua:
1394 4880 1646 4949 superius
1700 4880 2022 4949 approbavi-
2056 4922 2074 4939 ο

430 4978 589 5032 mus,
620 4962 699 5021 ad
740 4964 1287 5038 aliqua'referuutur
1334 4985 1453 5040 qua:
1494 4970 1551 5024 in
1610 4971 1826 5025 occulto
1875 4980 2025 5034 sunt,

439 5070 789 5128 consequens
832 5061 950 5114 sine
982 5061 1147 5115 dubio
1177 5072 1260 5118 est
1300 5070 1357 5116 ut
1388 5078 1583 5117 cervus
1626 5062 1729 5117 iste
1762 5061 2022 5123 visibilis,

439 5150 525 5203 vel
574 5166 766 5220 caprea
821 5169 941 5223 quae
991 5154 1043 5207 in
1092 5153 1317 5210 Cantieo
1370 5156 1709 5209 canticorum
1762 5154 2026 5207 scribitur

441 5243 741 5298 secundum
789 5246 1051 5300 rationem
1082 5258 1287 5303 natura:
1308 5264 1421 5303 sua:
1453 5262 1618 5317 quam
1669 5245 2027 5314 corporaliter

437 5346 653 5405 gerunt,
689 5337 992 5393 refcrantur
1019 5340 1085 5393 ad
1120 5341 1332 5410 aliquas
1362 5352 1545 5393 rerum
1592 5337 2019 5406 incorporalium

505 5499 553 5530 ’⁷
595 5498 725 5553 Luc.
758 5517 889 5561 xui,
920 5502 1010 5556 5’2.
1086 5501 1135 5533 ’θ
1173 5501 1363 5555 Matth.
1397 5515 1491 5557 ut.
1520 5500 1573 5552 7.
1651 5500 1697 5531 ’θ
1735 5498 1847 5553 Jcr.
1882 5514 1936 5562 ν,
1973 5497 2025 5552 8.

437 5569 462 5613 i
503 5569 698 5638 l‘lpltes.
730 5588 801 5634 tv,
842 5572 928 5626 li.

436 5639 492 5696 9.
572 5641 613 5672 ¹⁰
636 5639 770 5694 Gen.
804 5658 909 5694 χιχ.
991 5644 1030 5673 ¹¹
1061 5642 1190 5696 Luc.
1220 5658 1295 5707 Ix,
1316 5641 1403 5694 62!.

509 5798 623 5866 (7|)
664 5796 821 5865 διεδ..
850 5799 1015 5867 Deum
1046 5799 1205 5853 decet.
1238 5798 1395 5855 Libb.
1425 5801 1576 5866 editi,
1607 5799 1816 5856 Domini
1850 5800 2020 5857 docet.

1037 5573 1058 5604 ⁸
1095 5571 1253 5625 Joan.
1312 5586 1437 5633 sm,
1467 5571 1525 5622 ἓ.
1600 5570 1619 5601 ⁸
1656 5568 1821 5624 Eecli.
1851 5587 1904 5632 Χ.
1940 5572 1992 5624 ti.

2139 5569 2268 5625 Psal.
2295 5588 2515 5633 LXXXIV,
2545 5574 2598 5626 5.
2682 5572 2704 5603 ⁸
2744 5573 2891 5629 Psal.
2918 5590 3111 5638 nam,
3144 5572 3227 5627 10.

1514 5642 1557 5671 ι’
1598 5639 1787 5695 Matth.
1817 5657 1895 5703 Ill,
1921 5641 1971 5693 5.
2053 5642 2181 5695 "Is.
2215 5659 2299 5705 ιιι,
2325 5644 2376 5697 3.
2460 5643 2667 5697 1*l‘sal.
2703 5660 2833 5710 χιιι,
2866 5646 2912 5697 l.

2134 4595 2375 4653 faciebat
2412 4610 2627 4659 cervos,
2658 4606 2717 4649 ut
2749 4604 2937 4649 essent
2968 4595 3189 4664 perfecti
3232 4598 3286 4650 in
3315 4598 3504 4651 eodem
3550 4611 3715 4650 sensu

2132 4700 2188 4745 et
2230 4689 2284 4742 in
2321 4688 2510 4742 eadem
2561 4685 2809 4741 scicntia.
2856 4684 2964 4751 Qui
3012 4687 3158 4740 enim
3219 4687 3340 4741 talis
3382 4696 3486 4753 est,
3522 4688 3716 4740 merito

2132 4781 2265 4837 dicit
2294 4799 2308 4835 :
2338 4778 2490 4834 Sicut
2514 4792 2696 4833 cervus
2730 4779 2997 4833 desiderat
3022 4780 3091 4832 ad
3123 4780 3294 4844 fontes
3326 4796 3605 4849 aquarum,
3640 4781 3715 4831 ita

2132 4873 2399 4926 desiderat
2440 4872 2623 4925 animo
2660 4884 2775 4925 mea
2801 4870 2871 4923 ad
2901 4881 2970 4937 te,
2998 4869 3141 4924 Deus
3168 4872 3230 4925 “.
3260 4871 3469 4925 Cervus
3496 4886 3716 4941 quoque

2136 4968 2506 5022 amicitiarum
2538 4965 2662 5037 quis
2690 4967 2831 5023 alius
2857 4967 3130 5023 videbitur
3167 4967 3272 5022 nisi
3316 4967 3404 5021 ille
3438 4968 3531 5037 qui
3562 4981 3719 5037 perc-

2136 5061 2236 5114 mit
2264 5068 2572 5127 serpentem
2600 5059 2753 5114 illum
2781 5061 2876 5131 qui
2908 5062 3199 5116 salutent
3230 5060 3397 5114 Evam
3428 5061 3493 5122 “,
3518 5069 3571 5114 et
3597 5061 3716 5113 efo-

2134 5152 2248 5220 quii
2295 5152 2380 5206 sui
2408 5151 2626 5205 ﬂatibus
2658 5155 2860 5222 peccati
2904 5153 2960 5207 in
2995 5168 3116 5207 eam
3147 5168 3354 5207 venena
3379 5152 3714 5219 diii‘undens,

2134 5258 2349 5297 omnem
2383 5245 2714 5312 posteritatis
2748 5244 2991 5299 sobolem
3035 5246 3286 5315 contagio
3312 5246 3707 5315 prtetaricu'it»

2134 5336 2220 5389 nis
2285 5335 2545 5391 infecerat
2594 5353 2607 5387 :
2655 5345 2707 5391 et
2738 5350 2961 5393 venerat
3016 5338 3228 5392 solvere
3286 5338 3604 5393 inimicitias
3658 5341 3711 5393 in

2126 5501 2141 5530 ¹
2174 5498 2318 5554 Psal.
2351 5512 2495 5562 ms,
2528 5501 2611 5554 ιι.
2690 5504 2711 5533 ³
2748 5500 2893 5557 Psal.
2924 5517 3086 5568 Lvm,
3118 5502 3171 5555 ι.
3250 5503 3271 5533 ³
3316 5504 3446 5571 Sap.
3486 5517 3587 5565 vn,
3617 5501 3710 5555 9.0.

2128 5568 2246 5600 Dant
2295 5588 2494 5600 ...ιη-..ν
2550 5574 2576 5600 r:
2682 5572 2704 5600 tt
2744 5573 2865 5600 n..-|
2918 5590 3076 5600 ....,...
3144 5572 3208 5600 an
3312 5572 3473 5600 θιι.-..ι
3524 5587 3685 5600 ιιι...-

3009 5572 3227 5638 “1,10.
3312 5573 3331 5600 ⁹
3355 5572 3498 5627 l'sul.
3524 5587 3713 5637 uti”,

3009 5645 3050 5674 ¹⁸
3071 5642 3207 5697 ῧιῚι.
3244 5659 3326 5699 ιιι.
