4130 6424
449 446 551 498 1Π

1806 444 2008 500 LIBER
2044 445 2361 501 TERTIUS.

3615 439 3716 495 {78

447 583 611 623 carne
670 584 792 633 sua,
825 584 966 639 quas
1018 569 1160 623 inter
1197 568 1364 624 Deum
1417 580 1472 626 et
1503 571 1778 625 hominem
1839 571 2035 626 noxius
2068 577 2111 633 Α
2140 587 2250 626 non
2298 580 2383 627 est
2433 568 2701 639 corporis,
2759 565 2852 625 sed
2899 563 3118 631 mentis,
3168 574 3224 619 et
3267 561 3511 633 Spiritus.
3559 560 3717 630 Quod

446 660 716 715 mediator
751 660 1048 715 eﬂecerat?
1098 660 1287 717 Pullus
1336 678 1465 716 vero
1506 663 1806 730 gratiarum
1859 672 2037 732 potest

447 752 620 822 accipi
666 750 913 822 Spiritus
946 760 1173 808 sanctus
1210 768 1243 808 a
1270 768 1383 822 quo
1426 753 1693 815 sitientes,
1733 762 1788 807 et
1825 754 2038 808 deside-

446 854 632 903 rantes
683 841 880 911 Deum,
934 843 1209 914 spiritales
1253 845 1459 916 gratias
1504 854 1560 903 et
1605 847 1750 901 dona
1792 846 2035 903 coelestia

451 943 885 1005 consequuntur.

520 1030 646 1089 llaec
675 1038 859 1089 autem
889 1029 1078 1091 omnia
1110 1044 1144 1085 a
1173 1031 1333 1089 nobis
1358 1031 1506 1089 dicta
1535 1041 1688 1099 sunt,
1720 1041 1779 1087 ut
1805 1031 2036 1088 manife-

449 1121 586 1174 stior
617 1122 775 1187 fieret
810 1136 1012 1186 causa,
1060 1136 1170 1191 qua
1213 1136 1415 1193 sponsa
1461 1138 1784 1193 comparare
1820 1123 2037 1180 videtur

450 1211 749 1273 fraternum
780 1230 942 1271 suum
970 1214 1205 1273 hinnulo
1234 1230 1546 1273 cervorum.
1600 1216 1756 1283 Quod
1791 1217 1839 1273 si
1868 1216 2034 1274 etiam

449 1304 557 1359 hoc
599 1304 987 1375 requirendum
1036 1314 1143 1373 est,
1194 1321 1293 1363 cur
1342 1321 1454 1364 non
1481 1322 1665 1374 cervo,
1695 1315 1757 1363 ut
1805 1308 1859 1362 in
1890 1307 2039 1372 aliis,

452 1396 549 1451 sed
597 1396 829 1452 hinnulo
877 1412 1166 1457 cervorum
1212 1408 1583 1469 comparatur,
1617 1400 1750 1457 illud
1795 1400 2037 1467 adverte,

452 1488 598 1557 quod
626 1504 748 1544 cum
780 1489 834 1545 in
865 1489 1043 1551 forma
1066 1489 1163 1545 Dei
1191 1500 1357 1559 esset,
1379 1493 1528 1561 ﬁlius
1559 1493 1719 1549 datus
1751 1502 1829 1549 est
1862 1492 2036 1555 nobis,

449 1591 501 1634 et
521 1597 651 1649 puer
673 1591 828 1637 natus
848 1591 924 1637 est
948 1583 1120 1649 nobis,
1140 1583 1292 1653 cujus
1321 1593 1555 1654 potestas
1586 1601 1743 1655 super
1763 1587 2037 1640 humerum

449 1671 563 1740 ejus
591 1673 653 1727 “.
685 1671 813 1729 Ideo
836 1688 969 1744 ergo
996 1673 1259 1733 binnulus
1283 1689 1594 1739 cervorum,
1617 1677 1747 1746 quia
1779 1676 2040 1746 parvulus

450 1778 583 1829 puer
612 1754 772 1821 natus
800 1775 906 1825 est.
942 1763 1010 1825 Et
1052 1764 1193 1822 forte
1224 1774 1455 1834 possunt
1486 1768 1630 1823 cervi
1662 1768 1832 1837 accipi
1863 1768 2039 1823 sancti

447 1853 685 1920 quique,
737 1863 796 1911 ut
828 1855 1140 1920 Abraham,
1194 1853 1386 1920 Isaac,
1431 1864 1487 1910 et
1521 1853 1711 1922 Jacob,
1756 1864 1812 1911 et
1844 1856 2035 1922 David,

446 1956 503 1995 et
534 1943 815 2010 Sdomon,
849 1955 904 1999 et
935 1961 1128 2001 omnes
1161 1961 1226 2001 es
1262 1961 1498 2016 quorum
1547 1947 1756 2003 semine
1781 1948 2035 2026 Qhristus

455 2034 757 2089 secundum
785 2049 1010 2093 carnem
1033 2036 1333 2093 descendit.
1387 2037 1537 2103 Quos
1570 2053 1764 2095 cervos
1795 2054 1898 2093 vox
1926 2037 2036 2095 Do-

450 2122 584 2176 mini
633 2124 901 2192 perfectos
933 2126 1084 2193 facit,
1119 2137 1173 2187 et
1201 2128 1445 2197 ipsorum
1491 2137 1575 2185 est
1608 2129 1868 2187 hinnulns
1907 2129 2032 2195 iste,

450 2214 545 2282 qui
596 2230 661 2268 ex
716 2215 853 2285 ipsis
900 2219 1205 2277 sec‘nndum
1257 2234 1478 2277 carnem
1532 2229 1695 2279 natus
1743 2233 1827 2278 est
1877 2238 2032 2292 puer.

448 2302 628 2359 Movet
673 2321 761 2363 me
811 2308 977 2363 etiam
1026 2310 1156 2369 illud
1210 2311 1359 2380 quod
1414 2312 1469 2370 in
1518 2312 1823 2369 centesimo
1874 2314 2037 2369 tertio

442 2396 662 2465 psalmo
701 2397 965 2469 scriptum
1009 2410 1115 2466 est.
1147 2403 1237 2461 ubi
1270 2403 1347 2463 ait
1373 2421 1386 2458 :
1416 2402 1622 2461 Montes
1669 2404 1863 2461 excelsi
1924 2410 2037 2459 cer-

447 2488 523 2540 vis
552 2488 613 2541 ".
663 2486 731 2545 Et
769 2490 993 2558 quidem
1032 2492 1102 2549 de
1137 2493 1316 2553 cervis
1355 2495 1472 2564 jam
1508 2498 1763 2566 superius
1797 2498 2039 2554 diximus

446 2579 594 2648 quod
644 2582 819 2637 sancti
873 2583 1079 2653 quique
1140 2586 1517 2656 accipiuntur,
1554 2588 1648 2657 qui
1710 2589 1781 2643 ob
1829 2589 1934 2647 hoc
1979 2591 2037 2644 in

449 2669 599 2724 hunc
629 2673 894 2731 mundum
948 2684 1249 2742 venerunt,
1278 2686 1338 2735 ut
1370 2678 1637 2747 serpentis
1665 2695 1872 2737 venena
1916 2696 2039 2751 per.

448 2760 707 2817 imerent.
769 2762 875 2829 Qui
908 2776 1091 2823 autem
1120 2766 1232 2823 sint
1260 2771 1703 2825 moutesexoelsi
1729 2771 2035 2839 videamus,

447 2852 605 2920 quasi
649 2853 745 2922 qui
797 2854 929 2913 solis
976 2856 1155 2913 cervis
1206 2860 1535 2928 soquestrati
1581 2861 1852 2927 videntur,
1885 2872 1939 2919 et
1967 2865 2037 2919 ad

448 2958 591 3013 quos
629 2944 733 3001 nisi
772 2962 969 3007 cervus
1013 2949 1089 3009 sit
1120 2949 1319 3021 aliquis
1354 2967 1463 3009 non
1506 2954 1682 3021 possit
1717 2954 2034 3012 ascendere.

451 3032 565 3104 Ego
587 3045 718 3104 puto
742 3038 889 3111 quod
919 3054 1186 3107 personas
1207 3037 1494 3099 Trinitatis
1527 3052 1744 3100 montes
1790 3045 2041 3102 excelsos

446 3125 819 3193 appellaverit,
853 3128 920 3183 ad
963 3128 1122 3198 cujus
1170 3124 1526 3198 capacitatem
1566 3132 1752 3191 nullus
1781 3132 1888 3190 nisi
1913 3147 2036 3189 eer-

2141 663 2307 718 etiam
2340 662 2456 731 ipse
2482 660 2735 715 Salvator
2782 657 2837 711 in
2873 655 3168 727 Evangelia
3204 655 3467 713 vocabulo
3496 654 3726 725 proprio

2138 755 2485 825 distinguens
2518 753 2658 807 dixit
2687 769 2700 805 :
2730 748 2900 805 Nemo
2926 749 3059 803 videt
3081 748 3297 805 Patrem
3318 750 3421 803 nisi
3448 747 3627 803 Filius
3646 748 3714 802 ⁸⁸.

2144 846 2388 914 Denique
2412 853 2468 899 et
2498 844 2566 898 iis
2588 858 2728 913 quos
2756 841 2888 896 facit
2913 839 3086 896 Deum
3115 840 3317 905 videre,
3347 840 3442 896 dat
3465 839 3725 910 spiritum

2140 937 2403 999 scientiae,
2454 943 2510 991 et
2542 934 2794 1004 spiritum
2840 933 3137 1004 sapientiae,
3168 940 3229 988 ut
3265 947 3361 1003 per
3390 931 3567 1001 ipsum
3607 929 3717 1000 spi-

2141 1027 2306 1082 ritum
2345 1026 2564 1080 videant
2591 1023 2784 1079 Deum.
2819 1023 2883 1076 Et
2916 1023 3036 1078 ideo
3062 1023 3276 1079 dicebat
3308 1022 3374 1077 ad
3399 1020 3716 1091 discipulos,

2141 1119 2270 1189 quia
2321 1118 2413 1187 qui
2465 1133 2545 1170 me
2585 1115 2755 1179 ridet,
2806 1115 2943 1171 videt
2982 1125 3031 1169 et
3071 1113 3288 1169 Patrem
3306 1115 3374 1167 ²¹.
3427 1110 3493 1166 Et
3530 1112 3723 1183 utique

2142 1226 2251 1266 non
2296 1210 2369 1264 ita
2412 1207 2577 1278 inepti
2614 1207 2852 1274 erimus,
2904 1215 2965 1262 ut
3000 1217 3253 1277 putemus
3298 1205 3443 1277 quod
3493 1204 3588 1275 qui
3628 1217 3717 1256 sc-

2141 1301 2383 1359 Cundum
2434 1314 2637 1368 corpus
2684 1314 2811 1354 eum
2843 1298 2999 1362 vidit,
3031 1298 3226 1354 viderit
3271 1299 3434 1351 etiam
3467 1294 3715 1350 Patrem:

2140 1392 2346 1463 alioqui
2387 1391 2747 1451 inveniuntur
2789 1400 2844 1446 ct
2873 1387 3095 1459 Scriba},
3142 1396 3197 1445 et
3226 1387 3507 1453 Pharismi,
3537 1396 3591 1440 et
3618 1386 3718 1455 hy-

2139 1484 2386 1555 pocritae,
2440 1492 2497 1541 et
2534 1482 2748 1541 Pilatus
2800 1482 2893 1552 qui
2943 1496 3068 1541 cum
3122 1478 3348 1551 ﬂagellis
3388 1476 3613 1541 cecidit,
3665 1483 3746 1535 et.

2139 1573 2321 1629 omnis
2366 1575 2598 1643 populus
2644 1573 2739 1643 qui
2793 1573 3110 1629 clatnabat:
3140 1569 3425 1642 Cruciﬁge,
3475 1567 3729 1635 cruciﬁge

2139 1666 2350 1723 curn”,
2399 1664 2647 1721 videntes
2674 1664 2862 1721 desum
2912 1662 3214 1723 secundum
3266 1659 3720 1724 caruem,ctiatn

2141 1754 2310 1811 Deum
2339 1752 2556 1811 Patrem
2587 1754 2811 1817 vidisse,
2862 1753 3017 1819 Quod
3055 1753 3242 1821 utique
3270 1767 3380 1811 non
3408 1750 3586 1813 solum
3620 1748 3723 1804 ab-

2141 1847 2370 1906 surdum
2416 1845 2631 1901 videtur
2679 1861 2827 1910 esse,
2860 1845 2955 1900 sed
2990 1852 3046 1903 et
3083 1844 3333 1913 impium.
3371 1841 3528 1899 Sicut
3573 1840 3723 1899 enim

2139 1954 2265 1995 cum
2314 1938 2487 1997 turbae
2516 1953 2642 1995 eum
2674 1937 3104 2007 comprimerent
3132 1946 3356 1995 euntem
3402 1948 3529 1991 cum
3555 1931 3723 1991 disci-

2139 2031 2304 2101 pulis,
2339 2030 2523 2087 nullus
2556 2044 2749 2091 eorum
2802 2028 2896 2098 qui
2928 2029 3248 2097 premebant
3283 2035 3340 2081 et
3364 2023 3720 2080 coarctabant

2137 2139 2286 2189 eum,
2318 2123 2562 2191 tetigisse
2590 2122 2788 2178 dicitur
2825 2137 2974 2187 eum,
3007 2120 3114 2182 nisi
3156 2120 3244 2179 illa
3287 2118 3402 2179 sola
3438 2131 3563 2186 quae
3590 2129 3720 2185 pro-

2138 2214 2366 2270 fluvium
2413 2213 2697 2284 sanguinis
2749 2228 2911 2282 passa
2959 2212 3107 2271 venit
3139 2221 3194 2266 et
3225 2209 3399 2280 tetigit
3448 2206 3722 2267 ﬁmbriam

2138 2290 2447 2365 vestimenti
2498 2308 2639 2378 ejus,
2672 2316 2728 2362 et
2756 2306 2858 2376 ipsi
2906 2306 3008 2361 soli
3055 2304 3429 2361 testimonium
3475 2300 3749 2372 perhibet-

2138 2401 2348 2465 dicens,
2377 2400 2503 2470 quia
2531 2401 2700 2471 tetigit
2726 2416 2806 2454 me
2835 2399 3056 2470 aliquis,
3076 2415 3171 2469 ego
3205 2398 3346 2453 enim
3375 2395 3515 2450 sensi
3551 2394 3724 2449 virtu-

2141 2501 2244 2546 tem
2282 2491 2348 2547 de
2387 2508 2469 2546 me
2509 2493 2682 2545 exisse
2705 2491 2787 2555 ul;
2822 2491 2897 2545 ita
2930 2498 2987 2545 et
3018 2505 3144 2546 cum
3186 2488 3373 2558 plures
3411 2493 3598 2548 essent
3627 2485 3750 2556 qui.

2138 2599 2263 2638 cum
2294 2583 2573 2646 videbant,
2608 2582 2793 2638 nullus
2834 2596 2975 2636 eum.
3006 2580 3208 2637 vidisse
3238 2578 3457 2644 dicitur,
3487 2577 3594 2637 nisi
3627 2577 3749 2647 qui.

2140 2672 2358 2741 agnovit
2386 2672 2532 2742 quod
2557 2670 2800 2727 Verbum
2830 2669 2926 2727 Dei
2970 2679 3025 2727 et
3047 2669 3220 2729 Filius
3250 2667 3346 2723 Dei
3373 2675 3458 2731 est
3485 2685 3500 2723 :
3532 2666 3588 2725 in
3612 2682 3747 2737 quo»

2140 2764 2329 2833 utique
2380 2762 2549 2818 simul
2599 2761 2824 2832 agnosci
2865 2769 2921 2816 et
2946 2759 3116 2817 videri
3151 2757 3351 2815 dicitur
3380 2756 3564 2815 Pater.
3616 2754 3755 2815 Sed»

2139 2863 2195 2912 et
2244 2855 2347 2911 hoc
2399 2868 2500 2911 nos
2545 2867 2653 2913 non
2704 2858 3012 2922 praetereat,
3045 2848 3192 2920 quod
3226 2848 3381 2919 prius
3405 2862 3635 2918 capreae,
3668 2856 3744 2902 et»

2140 2958 2289 3001 nunc
2325 2942 2551 3001 hinnulo
2597 2956 2886 3003 cervorum
2940 2948 3317 3011 comparatur,
3355 2954 3481 2999 cum
3534 2939 3727 3010 utique

2140 3033 2320 3104 majus
2367 3033 2572 3091 animal
2599 3048 2795 3091 cervus
2837 3048 3006 3103 quam
3054 3045 3251 3102 caprea
3288 3029 3559 3085 videatur.
3611 3027 3726 3085 Sed

2138 3127 2509 3181 animadverte
2542 3141 2610 3180 ne
2639 3125 2728 3180 illa
2758 3125 2939 3195 potius
2969 3124 3025 3179 in
3057 3123 3143 3179 his
3166 3121 3413 3177 habenda
3445 3120 3521 3177 sit
3548 3120 3723 3177 ratio:

446 3230 552 3270 ms
577 3215 864 3286 amem”,
892 3221 1159 3277 ascendit,
1201 3221 1306 3279 Sed
1339 3220 1454 3294 οε
1481 3222 1646 3281 iidem
1681 3224 1783 3294 ipsi
1811 3225 1906 3295 qui
1949 3226 2036 3281 hic
2061 3251 2107 3314 Β
2139 3217 2269 3288 quia
2295 3233 2419 3272 cum
2447 3216 2741 3286 dupliciter
2777 3225 2995 3274 constet
3037 3214 3190 3277 salus
3231 3211 3726 3314 credentium,npct:

450 3316 665 3365 montes
691 3310 895 3371 excelsi
923 3312 1205 3380 pluraliter
1230 3315 1595 3387 appellantur,
1631 3316 1684 3369 in
1716 3315 1841 3373 aliis
1876 3333 2037 3374 mons

448 3402 701 3463 excelsus
746 3403 1101 3474 singulariter
1148 3404 1383 3473 dicitur;
1422 3405 1567 3467 sicut
1597 3404 1770 3465 Isaias
1810 3408 1926 3465 ait:
1970 3407 2039 3464 lu

449 3504 683 3548 montem
732 3495 999 3555 excelsum
1044 3497 1334 3554 conscende
1374 3500 1466 3568 qui
1508 3498 1840 3570 euangelicos
1883 3498 2036 3557 Sion.

450 3581 653 3639 Exulto
697 3586 754 3643 in
793 3586 1112 3655 fortitudine
1153 3603 1328 3645 vocem
1359 3597 1535 3657 tuam,
1570 3590 1663 3660 qui
1709 3590 2038 3661 evangelisas

450 3673 792 3737 Hierusalem
821 3678 885 3733 ’⁸.
932 3677 1079 3737 Idem
1114 3695 1357 3750 namque
1403 3681 1518 3750 ipse
1556 3682 1650 3750 qui
1694 3681 1768 3737 ibi
1797 3680 2039 3738 Trinitas

448 3777 675 3838 propter
712 3771 1124 3831 distinctionem
1176 3785 1563 3842 personarum,
1589 3774 1678 3829 hic
1722 3789 1866 3831 unus
1895 3773 2040 3829 Dens

450 3858 773 3930 intelligitur
813 3878 917 3932 pro
965 3864 1177 3921 unitate
1220 3865 1566 3923 substantiae.
1621 3864 1769 3920 Satis
1796 3864 1909 3920 sint
1934 3864 2038 3919 ista

449 3951 520 4006 de
573 3951 804 4007 biennio
846 3966 1158 4011 cervorum.
1232 3951 1392 4013 Nune
1433 3953 1716 4011 videamus
1764 3954 2040 4023 quomodo

448 4043 613 4099 etiam
638 4058 848 4112 capreae
874 4043 958 4098 vel
985 4043 1220 4103 damulac
1249 4052 1604 4115 comparetur
1633 4044 1933 4102 fraternus.

522 4134 638 4191 Hoc
666 4135 890 4200 animal.
921 4144 1190 4205 quantum
1218 4137 1284 4195 ad
1310 4136 1496 4195 Graeca
1523 4137 1811 4202 vocabula,
1837 4151 2038 4194 nomen

450 4243 482 4285 a
511 4227 743 4285 videndo
773 4235 938 4299 atque
973 4228 1178 4287 clarius
1207 4229 1591 4299 prospiciendo
1634 4231 1885 4291 sortitum
1933 4243 2037 4288 est.

452 4319 517 4375 Et
546 4320 672 4390 quis
703 4328 788 4377 est
820 4322 916 4392 qui
949 4321 1025 4377 ita
1053 4321 1240 4379 videat
1268 4330 1328 4381 ut
1358 4322 1502 4379 videt
1526 4322 1825 4380 Christus?
1876 4323 2039 4381 Solus

449 4427 689 4482 namque
722 4414 928 4483 estqui
955 4414 1119 4481 videt,
1150 4413 1206 4470 id
1238 4422 1344 4480 est,
1377 4413 1626 4485 agnoscit
1648 4412 2039 4472 Patrem.Nam

446 4513 503 4560 et
542 4506 590 4561 si
621 4504 877 4561 dicantur
906 4504 963 4561 hi
1007 4505 1106 4576 qui
1143 4506 1354 4564 mundo
1392 4514 1524 4565 sunt
1561 4505 1726 4563 corde
1752 4505 2039 4564 Deumvi-

2140 3310 2473 3381 agnitionem
2505 3308 2629 3367 fidei
2655 3319 2710 3369 et
2737 3322 2964 3378 cperunt
2998 3306 3410 3378 perfectionem,
3433 3303 3570 3360 ratio
3598 3301 3726 3357 ﬁdei
3746 3330 3761 3351 ς

2139 3417 2267 3474 (ιω
2312 3417 2414 3473 pro
2465 3402 2667 3461 intuitu
2731 3412 2787 3456 et
2834 3399 3178 3470 inspectione
3249 3391 3748 3466 contemplationis:

2140 3509 2374 3566 capreae,
2414 3501 2476 3549 ut
2505 3492 2770 3559 diximus,
2800 3500 3176 3562 comparatur,
3208 3489 3425 3561 primus
3457 3487 3743 3550 habeatur

2140 3586 2339 3645 salutis
2377 3583 2617 3656 gradus;
2663 3583 2907 3642 secundo
2936 3597 3077 3641 vero.
3108 3584 3167 3643 in
3194 3581 3319 3641 loco
3345 3592 3572 3651 operum
3601 3590 3755 3647 ρθιοη

2140 3676 2305 3733 fectio
2349 3690 2474 3745 quae
2504 3674 2653 3729 cervi
2702 3672 2940 3733 formam
2987 3680 3139 3731 tenet
3176 3670 3455 3729 vincentis
3483 3677 3540 3725 et
3580 3668 3727 3738 peri-

2141 3764 2342 3821 mentis
2377 3778 2583 3819 venena
2616 3762 2975 3832 serpentium,
3006 3761 3062 3817 id
3105 3767 3191 3816 est
3218 3766 3371 3821 artes
3401 3757 3725 3825 diabolieas,

2141 3862 2494 3909 memorctur.
2529 3850 2587 3905 Si
2620 3865 2751 3920 ergo
2784 3864 2989 3920 sponsa
3037 3849 3276 3906 similem
3307 3847 3442 3905 dicit
3464 3862 3589 3904 esse
3613 3845 3725 3902 fra-

2143 3955 2356 4005 ternum
2405 3959 2566 4001 suum
2620 3957 2855 4013 capreae,
2898 3940 2993 3997 vel.
3040 3940 3271 3999 binuulo
3321 3954 3608 3997 cervorum
3664 3939 3726 3995 in

2142 4037 2423 4093 montibus
2453 4035 2664 4105 Betbel,
2696 4035 2885 4095 Bethel
2917 4049 3050 4091 vero
3080 4035 3282 4091 domus
3312 4031 3409 4089 Dei
3458 4032 3726 4103 interpre-

2142 4136 2310 4195 tatur,
2345 4136 2562 4183 montes
2591 4142 2721 4198 ergo
2752 4125 2847 4197 qui
2891 4122 2949 4180 in
2978 4125 3145 4193 domo
3179 4124 3273 4181 Dei
3311 4132 3461 4192 sunt,
3488 4131 3752 4196 possunt

2142 4218 2277 4290 legis
2307 4226 2363 4273 ct
2392 4219 2804 4288 prophetarum,
2839 4216 2937 4275 sed
2974 4227 3028 4273 et
3053 4216 3370 4287 evangelica
3413 4222 3479 4281 et_
3503 4221 3725 4287 aposto-

2141 4312 2244 4366 lica
2272 4311 2445 4381 accipi
2476 4310 2776 4378 volumina,
2807 4311 2863 4366 in
2897 4310 3098 4380 quibus
3128 4318 3183 4367 et
3211 4309 3348 4373 lides
3374 4306 3470 4363 Dei
3505 4306 3725 4378 perfici-

2143 4413 2232 4460 tur
2257 4414 2312 4463 et
2346 4403 2768 4473 contemplatur,
2798 4410 2855 4457 et
2880 4416 3111 4472 operum
3164 4399 3424 4472 perfectio
3447 4399 3645 4457 dicitur
3670 4406 3755 4455 ct.

2140 4495 2493 4566 adimpletur.

446 4596 564 4655 seri
595 4599 663 4663 ¹⁹,
692 4597 955 4655 videbunt
1006 4599 1127 4669 ipso
1175 4599 1297 4656 sine
1347 4598 1518 4658 dubio
1572 4599 1869 4666 ιυενθιεωιθ,
1900 4599 2032 4670 quia
2066 4585 2111 4643 D
2209 4588 2367 4644 Vers.
2406 4588 2462 4654 9,
2492 4589 2582 4645 l0.
2625 4585 2760 4643 Ecce
2783 4587 2867 4641 llic
2893 4586 3035 4643 stetit
3058 4595 3175 4655 post
3200 4584 3458 4655 parietem
3485 4593 3722 4640 nostrum

446 4692 504 4745 et
533 4701 730 4757 caprea
758 4687 924 4743 habet
951 4687 1008 4741 in
1039 4695 1236 4745 natura
1264 4703 1388 4755 sua,
1424 4696 1486 4745 ut
1515 4703 1624 4747 non
1648 4689 1830 4744 solum
1854 4688 2037 4745 videat

446 4774 569 4847 ipsa
601 4787 657 4834 et
686 4778 982 4848 perspiciat
1014 4780 1305 4848 acerrime,
1334 4779 1432 4836 sed
1458 4790 1514 4841 et
1541 4780 1664 4837 aliis
1692 4780 1871 4836 visum
1892 4795 2035 4851 praev

445 4865 594 4927 bitat.
626 4869 896 4926 Asseruut
925 4885 1165 4940 namque
1195 4871 1253 4925 hi
1282 4871 1485 4940 quibus
1524 4872 1809 4928 medicinas
1835 4872 2035 4942 peritia

445 4968 553 5027 est,
606 4960 786 5017 inesse
831 4962 961 5018 huic
1009 4961 1235 5017 animali
1294 4962 1439 5018 intra
1489 4962 1697 5019 viscera
1743 4963 2031 5021 humorem

446 5052 741 5122 quemdam
777 5053 873 5124 qui
901 5053 1195 5124 caliginem
1240 5053 1477 5123 depellat
1511 5055 1821 5122 oculorum,
1844 5063 1901 5111 et
1932 5055 2034 5111 ob-

445 5146 682 5203 tusiores
706 5160 956 5216 quosque
982 5146 1133 5202 visus
1156 5153 1411 5200 exacuet.
1439 5144 1634 5203 Merito
1663 5161 1795 5217 ergo
1828 5161 2037 5216 caprea:

447 5238 532 5292 vel
564 5237 801 5295 damula:
847 5237 1106 5295 Christus
1140 5245 1513 5308 comparatur,
1550 5238 1682 5308 quia
1714 5254 1822 5293 non
1856 5238 2033 5295 solum

445 5328 595 5383 videt
646 5329 765 5400 ipse
806 5328 1066 5397 Patrem,
1122 5329 1219 5385 sed
1268 5337 1325 5383 et
1370 5328 1545 5384 videri
1588 5329 1658 5384 ab
1705 5330 1829 5385 aliis
1882 5329 2033 5397 facit,

444 5433 682 5490 quorum
727 5421 880 5478 visus
927 5421 1044 5490 ipse
1086 5421 1376 5477 curaverit.
1447 5418 1688 5477 Observa
1735 5430 1915 5477 autem
1967 5437 2037 5479 ne

446 5511 676 5567 audiens
705 5511 921 5568 Patrem
974 5513 1143 5567 videri
1197 5527 1521 5581 corporeum
1566 5512 1771 5583 aliquid
1805 5513 2031 5579 sentias,

447 5612 503 5660 et
537 5601 709 5657 Deum
740 5604 1011 5661 visibilem
1064 5614 1243 5673 putes.
1291 5603 1456 5663 Visus
1486 5620 1599 5676 quo
1625 5604 1768 5662 Deus
1796 5606 2028 5673 videtur,

523 5778 565 5810 ¹⁶
591 5776 694 5832 lsa.
721 5796 797 5844 nt,
823 5778 876 5833 6.
993 5781 1034 5811 ¹⁷
1060 5780 1200 5834 Psal.
1226 5779 1450 5841 Clll,18.

1585 5782 1627 5814 ’⁸
1648 5778 1755 5839 lsa.
1782 5797 1870 5853 XL,
1913 5783 1965 5838 9.

448 5848 496 5882 “
530 5847 663 5906 Luc.
709 5850 974 5914 xxui,?..l.
1051 5852 1096 5883 ³³
1120 5849 1253 5907 Luc.
1287 5866 1403 5916 vin,
1426 5851 1514 5905 Ilii.

2084 5781 2334 5837 “Matth.
2392 5796 2441 5845 v,
2493 5780 2545 5833 8.

2136 4678 2442 4735 incumbens
2496 4694 2654 4747 super
2695 4678 2989 4748 fenestras,
3047 4675 3369 4745 prospiciens
3422 4690 3518 4745 per
3565 4673 3718 4728 retia.

2140 4770 2441 4841 Respondet
2468 4769 2740 4839 fraternus
2766 4784 2933 4836 meus,
2960 4776 3009 4822 et
3034 4767 3167 4825 dicit
3189 4766 3340 4822 mihi.
3367 4764 3507 4820 Cum
3537 4764 3719 4835 cousi-

2136 4862 2627 4919 derodillicultatcs
2659 4859 3019 4931 investigandi
3054 4875 3252 4917 sensus
3274 4860 3329 4915 in
3361 4858 3448 4914 bis
3474 4858 3565 4928 qui
3594 4872 3722 4927 pro-

2136 4956 2299 5028 positi
2324 4965 2450 5011 sunt
2479 4952 2772 5024 Scriptum
2800 4952 3169 5021 sermonibus,
3203 4951 3380 5007 simile
3406 4965 3492 5004 me
3517 4944 3745 5017 aliquid.

2143 5053 2254 5125 pati
2281 5051 2439 5107 video
2482 5050 2631 5116 huic,
2682 5048 2777 5119 qui
2802 5048 2870 5103 ad
2909 5046 3349 5118 investigandum
3380 5043 3749 5099 venationem.

2142 5143 2463 5200 odoratibus
2506 5140 2720 5212 sagacis
2764 5139 2918 5195 canis
2962 5138 3241 5209 procedit:
3296 5135 3390 5191 ubi
3446 5130 3722 5191 interdum

2145 5238 2316 5294 moris
2345 5246 2450 5304 est,
2483 5245 2543 5291 ut
2576 5249 2699 5290 cum
2751 5233 2995 5303 vestigiis
3044 5232 3286 5289 intentus
3316 5227 3626 5299 proximum
3661 5239 3725 5281 se

2145 5340 2368 5385 venator
2394 5327 2688 5385 latentibus
2713 5324 2971 5381 effectum
2989 5323 3261 5394 putaverit
3282 5336 3403 5379 esse
3427 5318 3735 5385 cubilibus,

2144 5420 2329 5475 subito
2360 5418 2718 5490 vestigiorum
2767 5416 3108 5472 desideretur
3140 5413 3357 5467 indiciis
3417 5420 3473 5465 et
3497 5424 3719 5471 rursum

2142 5512 2311 5567 lixius
2353 5510 2642 5582 impressis
2685 5506 3005 5563 odoratibus
3051 5504 3269 5559 easdem
3301 5516 3440 5572 quas
3484 5500 3725 5572 explica-

2143 5613 2313 5671 verat,
2346 5612 2648 5659 retrorsum
2676 5599 2865 5656 redeat
2892 5597 3028 5664 vias,
3064 5596 3237 5652 donec
3273 5595 3513 5649 inveniat
3540 5594 3723 5649 locum

2658 5777 2703 5809 ²⁰
2735 5774 2890 5832 Joan.
2929 5788 3003 5838 vl,
3034 5772 3118 5829 46.
3234 5772 3273 5803 ²¹
3314 5770 3470 5827 Joan.
3515 5783 3623 5836 xxv,
3662 5765 3718 5822 9.
