4130 6436
457 463 558 521 I79

1527 455 1848 513 ORIGENIS
1888 457 1951 512 ΙΝ
1991 456 2345 511 ΟΑΝΠΕΕΜ
2383 454 2652 510 CANTIC.

3609 455 3706 509 l80

458 579 514 632 In
546 592 656 647 quo
689 593 745 634 se
774 576 938 632 altius
964 575 1242 630 excutiens
1269 573 1482 627 venatio
1516 573 1744 628 latenter
1777 573 1843 626 ad
1866 574 2024 627 aliam
2059 579 2098 632 Α
2133 570 2365 640 indeque
2407 568 2747 639 prospiciens
2792 567 3102 638 alloquatur
3146 581 3430 639 sponsam,
3483 575 3535 620 et
3564 565 3708 620 dicat

453 670 733 725 transtulit
767 669 907 721 viam
943 685 954 720 :
989 682 1152 735 quam
1187 681 1310 718 cum
1341 674 1565 718 venator
1593 665 1879 730 invenerit,
1914 665 2025 718 ala-

455 761 597 813 crior
629 759 933 828 insequitur
961 773 1055 828 spe
1082 758 1272 826 praeda:
1298 757 1515 819 certior,
1534 765 1588 811 ct
1615 757 1822 826 vestigii
1855 758 2025 811 firmi-

453 859 559 904 tate
583 850 845 904 securior.
869 849 940 903 Ita
968 865 1097 919 ergo
1125 857 1179 903 et
1203 864 1300 902 nos
1328 849 1418 901 ubi
1451 863 1507 902 se
1526 848 1816 916 propositae
1840 848 2024 916 expla-

453 942 690 996 nationis
736 941 1142 1012 quodammodo
1189 941 1539 995 substraxere
1587 940 1839 1010 vestigia,
1893 954 2029 1009 pau-

451 1032 619 1086 lulum
654 1048 872 1088 emensa
921 1041 1250 1102 repetentes,
1294 1041 1348 1086 ct
1391 1034 1688 1100 planiorem
1721 1048 1882 1098 quam
1927 1031 2028 1084 du—

453 1123 582 1176 dum
626 1123 910 1178 videbatur
944 1123 1307 1192 expositionis
1341 1123 1586 1177 ordinem
1619 1131 2025 1192 persequentes,

448 1225 736 1281 speramus
801 1213 946 1283 quod
996 1212 1259 1268 Dominus
1305 1211 1448 1267 Deus
1503 1220 1690 1266 noster
1747 1212 1920 1265 tradat
1973 1211 2025 1264 in

448 1317 647 1358 manus
688 1313 908 1358 nostras
940 1305 1304 1368 venationem,
1336 1317 1498 1372 quam
1545 1310 1928 1372 praeparantes,
1975 1311 2028 1356 et

448 1396 751 1450 secundum
783 1396 1064 1451 scientiam
1103 1395 1294 1449 matris
1325 1394 1526 1449 Rachel
1555 1395 1839 1449 rationalis
1877 1393 2026 1447 verbi

449 1486 660 1540 salibus
693 1486 1029 1552 condientes,
1056 1484 1461 1540 henedictiones
1495 1500 1801 1540 mereamur
1826 1499 2024 1540 conse-

449 1576 545 1645 qui
574 1591 603 1629 a
621 1577 848 1645 spiritali
866 1574 1213 1646 patreJaeob.
1236 1574 1464 1644 Propter
1481 1575 1626 1644 quod
1657 1573 2023 1628 necessarium

450 1665 686 1731 videtur,
719 1675 779 1720 ut
814 1666 1071 1730 diximus,
1116 1665 1351 1720 breviter
1373 1663 1512 1716 dicta
1558 1671 1817 1731 repetere,
1841 1661 2026 1730 expla-

449 1757 835 1826 nationemque
865 1757 1103 1825 priorem
1150 1761 1411 1818 retexere,
1456 1762 1514 1805 ut
1549 1753 1640 1821 qui
1685 1751 1754 1806 sit
1793 1751 2025 1805 lucidior

447 1862 644 1902 sensus
674 1849 965 1916 aperiatur.
1025 1845 1250 1913 lntelligi
1278 1857 1410 1913 ergo
1439 1843 1570 1897 mihi
1601 1843 1812 1896 videtur
1840 1856 1906 1896 ex
1941 1841 2024 1895 in-

443 1936 548 1992 itio
573 1937 835 2007 prapositi
862 1935 1125 1989 dramatis
1153 1949 1413 2004 sponsam
1437 1932 1573 1988 foris
1601 1942 1746 1989 stare
1778 1934 1831 1987 in
1857 1933 2026 1999 bivio,

443 2039 498 2082 et
530 2028 600 2082 ob
637 2043 878 2083 amorem
927 2025 1115 2096 sponsi
1166 2025 1295 2079 hinc
1334 2033 1498 2094 atque
1549 2024 1676 2079 inde
1708 2024 2023 2093 prospicere

444 2119 493 2173 si
524 2117 663 2173 forte
689 2119 893 2184 veniat,
925 2119 970 2173 si
1005 2116 1145 2172 forte
1175 2124 1461 2186 appareat,
1495 2131 1595 2171 nec
1621 2115 1762 2170 viam
1818 2114 2027 2187 ingredi

447 2210 586 2266 velle
613 2211 850 2280 aliquam
881 2209 1011 2264 dum
1050 2208 1266 2279 ignorat
1309 2207 1452 2261 unde
1488 2207 1661 2277 magis
1685 2206 1886 2272 veniat,
1929 2220 2028 2260 nec

445 2303 618 2369 domi,
651 2302 744 2359 se'd
779 2301 916 2356 foris
950 2309 1116 2364 stare,
1163 2307 1218 2353 et
1261 2299 1532 2354 desiderio
1577 2297 1696 2366 ejus
1738 2297 1929 2367 agitari
1963 2311 2026 2351 ac

443 2394 628 2448 dicere
662 2411 676 2449 :
711 2391 995 2448 Occuletur
1023 2406 1104 2444 me
1133 2388 1315 2444 osculo
1347 2389 1456 2442 oris
1489 2390 1573 2443 sui
1599 2389 1680 2454 υς
1716 2388 1808 2442 ubi
1843 2397 2024 2442 autem

446 2485 594 2540 venit
669 2499 949 2554 sponsus,
1022 2482 1168 2537 dicat
1226 2500 1238 2534 :
1302 2479 1453 2534 Bona
1501 2489 1624 2534 sunt
1713 2480 1873 2534 ubera
1932 2491 2024 2533 tua

439 2591 599 2644 super
641 2575 840 2640 viuum,
898 2581 953 2628 et
1004 2573 1243 2642 reliqua,
1302 2587 1480 2642 usque
1533 2572 1601 2626 ad
1662 2587 1788 2626 eum
1843 2572 2021 2624 locum

441 2667 533 2722 ubi
566 2667 642 2722 ait
682 2683 697 2721 :
733 2665 858 2720 Post
905 2675 952 2720 te
992 2680 1283 2720 curremus.
1330 2666 1467 2719 Post
1515 2666 1628 2718 haec
1671 2664 1864 2718 dilecta
1908 2663 2021 2733 jam

438 2767 495 2814 et
518 2759 686 2814 vicem
723 2758 1006 2814 charitatis
1044 2758 1114 2812 ab
1135 2759 1256 2826 ipso
1286 2771 1492 2827 sponso
1530 2756 1818 2824 recipiens,
1846 2755 2021 2810 intro-

438 2851 674 2908 ducatur
703 2851 758 2906 in
790 2851 1102 2906 cubiculum
1136 2851 1277 2921 ejus,
1309 2858 1364 2904 et
1389 2849 1534 2903 dicat
1560 2866 1574 2902 :
1612 2846 1920 2902 Introduxit
1943 2865 2022 2902 me

439 2942 552 3013 85
602 2959 694 2996 rea:
735 2943 790 2996 in
820 2942 1120 2996 cubiculum
1150 2959 1306 2997 suum
1335 2941 1403 2994 ".
1448 2939 1552 2996 Sed
1597 2949 1649 2996 et
1675 2950 1867 2996 caetera
1899 2957 2022 3012 qua:

439 3045 629 3107 postea
665 3043 794 3090 sunt
820 3036 1046 3106 scripta,
1080 3035 1229 3090 intus
1261 3033 1440 3102 posita
1467 3032 1726 3102 loquatur
1757 3033 1823 3088 ad
1857 3050 2022 3104 Spon-

441 3142 564 3182 sum
614 3127 976 3197 praesentibus
1023 3135 1076 3181 et
1129 3125 1512 3181 assistentibus
1557 3140 1772 3195 sponsae
1796 3126 2016 3194 quidem

2129 678 2226 717 Cl:

2204 751 2357 806 Vers.
2394 751 2478 804 10.
2528 748 2789 820 Exsurge,
2841 751 2974 816 veni,
3006 751 3250 821 proxima
3296 765 3437 812 mea,
3473 750 3708 818 formosa

2131 861 2264 907 mea,
2297 839 2539 896 rolum'ba
2584 859 2722 906 mea,
2768 851 2822 896 et
2870 843 3097 912 reliqum.
3128 843 3251 898 “me
3297 853 3424 897 sunt
3460 857 3614 911 quas,
3652 850 3712 894 ut

2131 935 2380 1004 superius
2411 934 2840 1004 designavimus,
2886 934 3254 988 diﬂicultatem
3305 934 3596 1002 plurimam
3627 933 3712 984 di-

2130 1024 2337 1094 rigendi
2387 1024 2597 1078 ordinis
2646 1031 2701 1078 et
2748 1024 3054 1092 aperienda:
3097 1023 3462 1094 intelligentia:
3509 1024 3710 1077 habere

2130 1116 2288 1170 nobis
2335 1117 2450 1170 visa
2500 1123 2647 1170 sunt.
2699 1114 2851 1181 Qum,
2889 1123 2950 1168 ut
2981 1124 3132 1184 puto,
3162 1115 3492 1170 evidentiora
3524 1115 3711 1169 fecerit

2127 1207 2352 1276 repetita
2409 1207 2523 1261 haec
2586 1222 2733 1261 nunc
2787 1205 2986 1276 indago
3037 1221 3378 1261 sermonum.
3434 1206 3710 1276 Spiritalis

2128 1308 2309 1351 autem
2357 1295 2411 1350 in
2448 1297 2533 1351 his
2565 1296 2857 1366 expositio,
2888 1310 2998 1350 non
3035 1296 3108 1351 ita
3153 1297 3424 1351 laboriosa
3457 1313 3520 1352 ac
3567 1298 3708 1351 diﬂi-

2127 1390 2250 1446 cilis
2301 1391 2548 1446 habetur.
2589 1390 2801 1462 Sponsa
2847 1392 2991 1446 enim
3038 1393 3188 1447 verbi
3237 1395 3448 1459 anima,
3484 1409 3606 1464 qum
3653 1395 3707 1448 in

2127 1481 2291 1536 domo
2317 1483 2502 1552 regali,
2536 1483 2640 1537 hoc
2669 1491 2749 1538 est
2777 1484 2831 1537 in
2866 1481 3129 1547 Ecclesia,
3169 1485 3450 1547 consistit,
3483 1487 3711 1540 docetur

2129 1588 2159 1626 a
2199 1570 2372 1626 Verbo
2425 1571 2554 1635 Dei,
2590 1573 2684 1642 qui
2729 1583 2813 1627 est
2866 1589 3106 1642 sponsus
3153 1590 3324 1640 suus,
3370 1591 3712 1646 quaecunque

2127 1661 2364 1730 reposita
2415 1671 2542 1716 sunt
2587 1671 2640 1716 et
2688 1663 2965 1716 recondita
3009 1664 3152 1718 intra
3198 1665 3377 1718 aulam
3423 1665 3626 1734 regiam
3655 1673 3710 1718 et

2128 1753 2438 1807 cubiculum
2472 1752 2644 1826 regis;
2679 1754 2841 1808 discit
2876 1754 2931 1807 iu
2981 1753 3084 1810 hac
3121 1755 3306 1821 domo,
3333 1772 3455 1826 quae
3496 1766 3580 1811 est
3608 1754 3713 1812 Ec-

2130 1844 2296 1899 clesia
2347 1843 2436 1898 Dei
2486 1846 2616 1911 vivi,
2662 1845 2827 1900 cellas
2877 1847 3041 1901 etiam
3098 1847 3210 1901 vini
3256 1847 3404 1903 illius
3445 1847 3590 1917 quod
3642 1847 3712 1902 de

2131 1937 2333 1993 sanctis
2382 1937 2744 1992 torcularibus
2792 1947 3180 2008 congregatum
3216 1948 3330 2008 est,
3391 1940 3554 1994 cellas
3596 1938 3708 1993 viui

2130 2046 2238 2086 non
2271 2029 2449 2085 solum
2494 2029 2620 2084 novi
2667 2029 2760 2084 sed
2804 2039 2856 2084 et
2903 2030 3101 2084 veteris
3129 2044 3194 2084 ac
3227 2029 3432 2096 suavis,
3462 2045 3584 2099 qua:
3628 2039 3714 2084 est

2128 2121 2377 2177 doctrina
2415 2122 2550 2192 legis
2577 2131 2631 2175 et
2665 2122 3084 2192 prophetarum;
3120 2122 3174 2176 in
3208 2122 3407 2192 quibus
3439 2122 3712 2176 sufficien-

2128 2219 2210 2267 ter
2235 2214 2532 2268 exercitata
2565 2213 2791 2284 recipiat
2822 2213 2876 2266 in
2907 2227 2966 2268 se
3003 2213 3176 2282 ipsum
3205 2213 3298 2283 qui
3330 2223 3449 2269 erat
3475 2214 3527 2268 in
3559 2214 3708 2282 prin-

2127 2304 2272 2374 cipio
2306 2305 2447 2373 apud
2480 2303 2650 2359 Deum
2683 2303 2828 2360 Deus
2860 2304 3097 2359 Verbum
3133 2306 3200 2371 “,
3226 2305 3318 2359 sed
3351 2320 3460 2359 non
3497 2319 3710 2374 semper

2128 2411 2316 2450 secum
2347 2405 2754 2465 permanentem
2795 2413 2809 2450 :
2855 2413 2963 2452 non
3007 2397 3153 2452 enim
3202 2397 3463 2467 possibile
3495 2407 3579 2451 est
3610 2397 3714 2450 hoc

2126 2485 2380 2540 humanae
2425 2494 2682 2541 naturae:
2735 2487 2828 2542 sed
2881 2487 3154 2542 interdum
3201 2488 3421 2557 quidem
3461 2487 3712 2542 visitetur

2126 2577 2195 2631 ab
2225 2592 2311 2643 eo,
2342 2577 2614 2632 interdum
2646 2593 2776 2632 vero
2812 2577 3172 2649 relinquatur,
3208 2588 3267 2632 ut
3299 2578 3534 2648 amplius
3567 2579 3714 2632 desi-

2124 2669 2276 2724 deret
2304 2684 2451 2723 eum.
2479 2667 2617 2723 Cum
2647 2684 2779 2724 vero
2805 2669 3060 2725 visitatur
3093 2686 3122 2723 a
3157 2667 3334 2726 Verbo
3369 2669 3460 2724 Dei
3508 2685 3709 2725 secun-

2123 2760 2252 2816 dum
2288 2760 2551 2830 propositi
2584 2760 2836 2815 versiculi
2864 2776 3112 2827 sensum,
3143 2777 3238 2831 per
3267 2768 3484 2816 montes
3509 2761 3713 2816 saliens

2122 2851 2312 2906 venire
2345 2851 2548 2905 dicitur
2576 2851 2641 2905 ad
2671 2866 2827 2918 eam;
2863 2853 3114 2908 excelsos
3150 2853 3356 2908 scilicet
3382 2863 3436 2907 et
3471 2853 3715 2908 elevatos

2122 2944 2370 2999 revelans
2403 2943 2453 2999 ei
2487 2942 2726 2998 caelestis
2770 2943 3011 2998 scientiae
3045 2959 3275 3009 sensus,
3326 2945 3401 2998 ita
3436 2952 3495 2997 ut
3523 2958 3715 3013 perve-

2124 3035 2240 3089 niat
2269 3049 2443 3105 usque
2491 3035 2558 3088 ad
2589 3033 3002 3090 :ediﬁcationem
3044 3033 3323 3099 Ecclesiae,
3355 3050 3477 3104 qua:
3506 3048 3590 3089 est
3617 3035 3715 3089 do-

2123 3142 2247 3182 mus
2274 3126 2366 3181 Dei
2396 3126 2538 3191 vivi,
2573 3125 2828 3181 columna
2851 3165 2866 3192 ,
2897 3133 2951 3179 et
3005 3126 3410 3179 firmamentum
3445 3125 3711 3191 veritatis,

441 3217 886 3281 adolescentulis,
919 3217 1109 3286 sponsi
1145 3230 1275 3272 vero
1301 3216 1598 3271 sodalibus.
1630 3215 2016 3271 Verumtamen
2045 3240 2092 3303 C
2123 3226 2178 3273 et
2209 3227 2314 3273 stet
2346 3217 2507 3287 juxta
2539 3217 2824 3286 parietem,
2855 3215 2938 3270 vel
2971 3223 3096 3285 post
3127 3216 3422 3285 parietem,
3452 3224 3514 3271 ut
3539 3230 3710 3286 neque

440 3307 776 3378 intelligatur
829 3321 1064 3377 sponsus
1125 3314 1316 3377 utpote
1374 3305 1489 3371 vir,
1557 3321 1663 3360 non
1715 3322 1930 3377 semper
1963 3306 2020 3361 itt

438 3399 627 3463 domo,
663 3413 838 3467 neque
870 3413 1085 3467 seraper
1108 3397 1351 3452 assidere
1381 3412 1594 3467 sponsa:
1623 3397 1764 3453 intra
1794 3397 2017 3452 domum

439 3488 670 3558 positae:
715 3487 807 3542 sed
854 3495 1014 3542 exeat
1063 3485 1404 3558 frequenter,
1451 3497 1505 3542 et
1544 3487 1635 3542 illa
1682 3502 1809 3543 eum
1859 3487 2019 3557 quasi

440 3593 629 3633 amore
664 3579 784 3648 ejus
813 3577 1047 3634 sollicita
1083 3578 1325 3648 requirat
1349 3579 1664 3646 absentem;
1697 3579 1791 3634 sed
1823 3587 1877 3633 et
1905 3579 2021 3649 ipse

438 3671 712 3726 interdum
751 3669 936 3725 redeat
963 3669 1029 3724 ad
1072 3683 1215 3723 eam.
1260 3669 1489 3741 Propter
1514 3672 1659 3742 quod
1688 3681 1739 3726 et
1771 3671 2022 3726 videatur

438 3780 537 3835 per
572 3773 743 3820 totum
779 3763 1020 3819 libellum
1067 3765 1361 3836 aliquando
1390 3765 1609 3836 quidem
1640 3765 1789 3820 velut
1820 3765 2020 3819 absens

438 3857 646 3926 requiri
677 3871 935 3926 sponsus,
960 3857 1252 3927 aliquando
1285 3857 1426 3913 sicut
1447 3874 1686 3928 praesens
1722 3856 1869 3927 loqui
1895 3869 2018 3912 etmt

438 3964 667 4020 sponsa.
701 3949 822 4020 Ipsa
850 3958 1030 4004 autem
1061 3964 1262 4019 sponsa
1289 3965 1415 4006 cum
1448 3951 1618 4005 multa
1651 3957 1706 4004 et
1733 3950 2019 4020 magnifica

437 4041 496 4095 in
550 4041 734 4110 sponsi
785 4041 1037 4096 cubiculo
1080 4042 1432 4112 pervidisset,
1476 4043 1611 4113 petit
1654 4057 1713 4096 se
1754 4042 1917 4096 etiam
1964 4041 2017 4095 in

439 4134 666 4188 domum
695 4133 806 4188 viui
855 4133 1143 4189 introduci.
1176 4133 1296 4201 Quo
1340 4150 1464 4190 cum
1517 4134 1762 4204 ingressa
1794 4149 2017 4204 perspe-

438 4226 608 4282 xissct
653 4226 800 4297 quod
845 4241 1083 4296 sponsus
1133 4234 1319 4296 utpote
1367 4227 1450 4280 vir
1499 4241 1607 4280 non
1657 4225 1920 4279 resederit
1964 4223 2018 4276 iu

439 4315 623 4382 domo,
658 4317 776 4386 ipsa
824 4331 1018 4370 rursus
1059 4331 1244 4371 amore
1293 4315 1414 4386 ejus
1461 4315 1769 4386 exagitata,
1825 4313 2023 4368 exit-rit

441 4406 623 4471 foras,
668 4416 721 4460 et
769 4406 1098 4464 circumiens
1148 4416 1396 4478 peragret
1447 4408 1591 4462 circa
1633 4406 1855 4461 domum
1910 4421 2019 4458 non

385 4507 387 4509 ’
441 4498 774 4568 ingrediens,
804 4507 859 4554 et
883 4514 946 4553 ex
977 4501 1125 4554 omni
1176 4511 1329 4571 parte
1365 4488 1660 4571 prospiciat
1693 4499 1914 4568 quando
1949 4497 2015 4552 ad

2122 3309 2338 3379 penitus
2365 3309 2750 3371 abscondatur,
2782 3320 2958 3377 neque
2984 3307 3211 3361 omnino
3245 3307 3300 3361 in
3330 3316 3581 3377 promptu
3612 3309 3702 3362 sit.

2124 3399 2360 3454 Verbum
2409 3399 2554 3454 enim
2604 3397 2720 3465 Dei,
2757 3405 2812 3453 et
2863 3412 3047 3453 sermo
3092 3397 3334 3452 scientiae
3363 3413 3470 3452 non
3513 3398 3565 3451 in
3599 3413 3702 3466 pu-

2122 3488 2266 3543 blico
2293 3497 2347 3542 et
2374 3489 2551 3558 palam
2578 3490 2810 3558 positus,
2838 3504 3015 3560 neque
3041 3489 3443 3546 conculcandus
3479 3487 3709 3559 pedibus

2123 3590 2378 3650 apparet;
2407 3581 2498 3636 sed
2531 3596 2658 3636 cum
2704 3583 2968 3652 quaesitus
3006 3581 3171 3638 fuerit
3209 3582 3504 3648 invenitur,
3537 3591 3592 3637 et
3624 3581 3706 3635 in-

2123 3672 2342 3726 venitur
2373 3688 2503 3738 non,
2535 3682 2595 3728 ut
2637 3673 2899 3739 diximus,
2936 3675 2988 3728 in
3019 3674 3308 3744 propatulo
3339 3675 3570 3743 positus,
3609 3672 3707 3728 sed

2123 3763 2392 3831 obtectus,
2419 3771 2472 3819 et
2496 3764 2656 3835 quasi
2685 3773 2809 3834 post
2842 3765 3104 3836 parietem
3135 3765 3331 3820 latens.

2193 3855 2386 3911 Anima
2423 3866 2604 3912 autem
2636 3871 2760 3926 qua:
2799 3857 2854 3910 in
2904 3855 3148 3912 Ecclesia
3189 3872 3310 3912 esse
3340 3856 3558 3923 dicitur,
3597 3871 3707 3911 non

2123 3949 2264 4004 intra
2299 3949 2525 4005 aediﬁcia
2569 3949 2839 4020 parietum
2893 3948 3158 4004 collocata
3212 3948 3567 4018 intelligitur,
3613 3948 3707 4002 sed

2125 4043 2266 4096 intra
2302 4043 2640 4096 munimenta
2682 4041 2806 4098 ﬁdei
2844 4050 2898 4098 et
2937 4041 3167 4097 aedilicia
3196 4041 3478 4110 sapientiae
3506 4041 3706 4110 posita,

2124 4133 2393 4201 celsisque
2427 4132 2676 4203 fastigiis
2731 4133 3017 4189 charitatis
3075 4134 3308 4188 obtecta.
3363 4131 3707 4202 Propositum

2124 4239 2253 4293 ergo
2281 4224 2503 4291 bonum,
2539 4233 2592 4279 et
2625 4224 2757 4280 ﬁdes
2805 4234 3079 4280 rectorum
3115 4225 3430 4295 degmatum
3467 4223 3708 4277 anin‘iam

2124 4331 2246 4370 esse
2273 4315 2324 4368 in
2359 4317 2522 4371 domo
2557 4314 2813 4372 Ecclesiae
2847 4316 3008 4382 facit;
3050 4316 3207 4386 cujus
3240 4317 3436 4371 domus
3466 4315 3709 4370 membra

2124 4411 2372 4480 quzcdam
2413 4419 2565 4473 sunt,
2595 4411 2680 4465 vel
2726 4409 3067 4475 cubiculum,
3099 4408 3184 4462 vel
3230 4408 3428 4462 domus
3461 4406 3596 4471 vini,
3625 4405 3708 4460 vel

2127 4503 2232 4556 alia
2265 4501 2581 4570 hujusmodi
2626 4517 2727 4572 pro
2751 4501 3049 4572 gratiarum
3099 4499 3306 4555 scilicet
3349 4498 3608 4570 gradibus
3656 4506 3710 4551 et

439 4606 560 4645 eam
589 4592 772 4647 redeat
803 4607 1068 4662 sponsus;
1106 4604 1157 4650 et
1191 4609 1318 4650 ecce
1361 4594 1542 4648 subito
1573 4593 1751 4646 videat
1779 4608 1904 4647 eum
1933 4590 2016 4644 vi-
2050 4583 2092 4638 ἰ)
2121 4594 2394 4648 donorum
2429 4593 2757 4664 spiritalium
2791 4592 3198 4648 diversitatibus
3224 4592 3585 4661 appellantur.
3618 4588 3709 4644 Sic

439 4683 688 4738 cinerum
716 4684 981 4740 montium
1009 4686 1138 4757 juga
1168 4685 1452 4742 immensis
1487 4685 1716 4740 saltibus
1748 4700 2014 4753 superau-

438 4783 548 4830 tem
580 4777 908 4835 descendere
950 4781 1016 4836 ad
1059 4782 1283 4837 domum
1317 4781 1369 4835 in
1413 4797 1520 4852 qua
1552 4795 1737 4835 amore
1763 4781 1881 4851 ejus
1906 4781 2018 4835 sol-

437 4868 586 4923 licita
614 4879 800 4925 mstuat
859 4887 1080 4942 sponsa.
1131 4873 1460 4930 Perveniens
1504 4887 1634 4927 vero
1667 4886 1900 4942 sponsus
1946 4871 2014 4926 ad

436 4963 698 5033 parietem
725 4964 942 5032 domus,
981 4977 1087 5023 stet
1117 4967 1398 5039 paululum
1441 4975 1564 5036 post
1603 4965 1805 5035 ipsum,
1835 4964 2016 5020 consi-

437 5055 660 5121 derans,
701 5066 759 5112 ut
790 5058 903 5113 ﬁeri
942 5061 1097 5128 solet,
1125 5061 1350 5132 aliquid,
1382 5070 1436 5114 et
1463 5059 1649 5114 animo
1685 5067 2008 5114 retractans.

438 5143 556 5199 Jam
582 5161 712 5202 vero
739 5150 901 5206 etiam
948 5151 1062 5222 ipse
1113 5153 1355 5206 sentiens
1399 5149 1604 5219 aliquid
1654 5149 1860 5203 amoris
1889 5163 2016 5217 erga

439 5252 717 5307 sponsam,
750 5257 883 5298 usus
935 5243 1222 5297 altitudine
1275 5258 1372 5296 sua
1421 5256 1544 5310 qua:
1586 5239 1803 5309 attingit
1845 5252 2018 5307 usque

441 5331 506 5384 ad
535 5331 731 5388 domus
759 5332 1048 5400 fenestras,
1079 5348 1201 5403 qua:
1235 5331 1488 5387 fenestrae
1514 5330 1750 5384 habeant
1779 5329 2016 5398 aliquam

435 5429 643 5496 partem
676 5425 875 5494 operis,
911 5433 971 5480 ut
1000 5425 1173 5490 aiunt,
1202 5424 1494 5478 reticulati.
1541 5421 1608 5476 Et
1642 5429 1772 5475 tunc
1804 5421 2016 5474 incum-

438 5513 531 5565 bat
555 5513 768 5582 quidem
800 5531 892 5584 per
913 5515 1204 5583 fenestras,
1237 5515 1563 5570 eminentior
1593 5523 1777 5568 autem
1825 5513 1903 5567 sic
1948 5513 2018 5566 sit

440 5601 725 5670 fenestris,
775 5607 1110 5677 attingatque
1157 5622 1330 5676 usque
1377 5608 1442 5661 ad
1496 5605 1778 5677 superiora
1827 5620 2013 5661 earum

439 5709 563 5766 quae
596 5695 898 5764 reticulato,
943 5708 1002 5754 ut
1046 5698 1309 5765 diximus,
1356 5712 1520 5768 Opere
1550 5697 1820 5752 distinctu:
1853 5705 2014 5761 sunt,

512 5877 732 5931 “Cum.
762 5894 798 5941 I,
834 5879 885 5932 2.
966 5884 1008 5912 ³⁵
1036 5883 1190 5935 Cant.
1232 5897 1267 5944 t,
1304 5882 1354 5935 4.
1434 5883 1477 5910 "'
1508 5881 1665 5936 Juutt.
1695 5898 1731 5946 t,
1768 5883 1812 5939 Ι.

2117 4700 2250 4757 ergo
2275 4694 2330 4740 et
2360 4686 2539 4756 paries
2581 4702 2728 4742 nunc
2761 4701 2888 4756 pars
2915 4685 3161 4755 quaedam
3194 4684 3391 4738 domus
3416 4683 3579 4752 hujus
3600 4691 3704 4746 est,

2119 4795 2241 4848 qua:
2268 4785 2446 4848 potest
2477 4777 2718 4833 indicare
2747 4778 3060 4847 dogmatum
3087 4776 3433 4840 firmitatem;
3470 4775 3572 4828 sub
3597 4790 3704 4844 qua

2119 4878 2264 4923 stare
2289 4867 2491 4924 dicitur
2525 4882 2785 4937 sponsus,
2813 4876 2864 4920 et
2910 4867 2961 4920 in
2993 4866 3193 4936 quibus
3229 4874 3336 4918 tam
3384 4879 3613 4932 magnus
3642 4871 3706 4930 ,ει

2118 4961 2368 5015 excelsus
2415 4969 2519 5025 est,
2556 4968 2614 5013 ut
2643 4960 2882 5014 emineat
2928 4973 3093 5013 omne
3131 4956 3454 5021 aedilicium,
3495 4964 3549 5010 et
3579 4969 3706 5025 pro-

2122 5055 2316 5124 spiciat
2348 5069 2626 5123 sponsam,
2655 5054 2705 5108 id
2729 5063 2814 5108 est
2841 5054 3114 5117 animam;
3145 5061 3198 5106 et
3219 5051 3458 5105 nondum
3483 5049 3704 5120 quidem

2122 5155 2369 5216 apertum
2417 5161 2475 5200 se
2521 5146 2568 5200 ei
2603 5154 2887 5216 totumque
2923 5143 3256 5206 manifestct,
3293 5143 3384 5196 sed
3416 5143 3574 5212 quasi
3608 5156 3706 5212 per

2123 5236 2256 5290 retia
2279 5235 2615 5306 prospiciens
2645 5236 2892 5292 hortetur
2924 5251 3068 5298 eam,
3096 5245 3151 5289 et
3181 5243 3437 5302 provocet
3475 5250 3580 5287 non
3613 5249 3702 5289 se-

2123 5331 2249 5385 dere
2279 5331 2606 5384 intrinsecus
2639 5343 2879 5398 segnem,
2913 5328 3007 5382 sed
3042 5327 3189 5381 exire
3231 5327 3297 5381 ad
3349 5342 3406 5381 se
3436 5325 3620 5391 foras;
3651 5335 3705 5379 et

2124 5422 2309 5476 conari
2339 5431 2528 5475 utnon
2556 5421 2668 5490 jam
2704 5435 2797 5490 per
2832 5419 3096 5472 fenestras
3123 5427 3178 5471 et
3207 5418 3363 5482 retia,
3402 5433 3576 5486 neque
3610 5433 3705 5486 per

2124 5515 2404 5584 speculum
2457 5513 2510 5566 in
2555 5512 2878 5580 aenigmate,
2913 5511 3004 5564 sed
3039 5509 3337 5578 procedens
3383 5507 3529 5562 foras
3565 5506 3704 5562 facie

2127 5605 2190 5658 ad
2220 5603 2413 5657 facient
2451 5602 2629 5656 videat
2657 5615 2782 5654 eum
2815 5601 2879 5652 ’⁷.
2916 5597 3071 5652 Nunc
3111 5601 3276 5661 enim,
3300 5600 3426 5669 quia
3458 5599 3700 5653 nondum

2131 5705 2309 5764 potest
2339 5696 2409 5749 ita
2439 5709 2564 5749 eum
2604 5692 2824 5759 intueri,
2857 5702 3138 5762 propterea
3171 5707 3275 5746 non
3316 5700 3460 5757 ante,
3493 5691 3583 5744 scd
3614 5705 3701 5745 re-

1893 5882 1935 5913 "
1962 5880 1977 5934 l
2008 5880 2132 5936 Cor.
2168 5895 2290 5937 xm.
2329 5879 2410 5932 Η.
