4130 6428
429 381 522 436 131

1752 372 1953 427 LIBER
1987 373 2308 430 TERTIUS.

3572 367 3675 421 483

419 509 503 554 tro
533 498 582 554 ei
626 507 680 554 et
719 506 844 569 post
872 497 1128 568 parietem
1181 505 1304 553 stet.
1358 497 1629 552 lncumbit
1672 506 1853 552 autem
1900 513 1995 567 per
2024 506 2070 558 Α
2098 493 2527 552 Christus-stetit
2552 488 2834 560 paululum
2872 494 2997 558 post
3040 486 3297 557 parietem
3331 484 3539 542 Veteris
3570 484 3672 539 Te-

419 585 708 648 fcnestras,
746 600 868 654 qua
898 585 1017 639 sine
1043 584 1210 639 dubio
1238 586 1496 656 patebant
1518 586 1586 641 ad
1621 586 1991 655 recipiendum

417 675 602 730 lumen
653 674 723 730 ad
777 675 1191 731 illuminandam
1245 676 1490 731 domum.
1548 673 1650 731 Per
1715 677 1814 732 has
1866 692 1995 747 ergo

418 783 602 823 sermo
643 767 736 822 Dei
765 768 1089 823 incumbens
1132 776 1185 822 et
1209 767 1568 837 prospiciens,
1601 776 1861 837 provocat
1896 784 1996 822 ex-

420 871 646 928 surgere
683 867 738 913 et
782 858 848 912 ad
894 873 953 913 se
978 858 1166 913 venire
1190 858 1450 913 animam.
1480 858 1783 913 Possumus
1815 866 1994 912 autem

421 963 618 1005 sensus
667 964 968 1020 corporeos
1018 947 1287 1005 fenestras
1338 949 1656 1020 intelligere,
1707 964 1803 1019 per
1859 964 1996 1018 quas

422 1046 517 1093 aut
546 1054 717 1104 mors,
748 1048 843 1095 aut
874 1040 983 1095 vita
1022 1040 1191 1097 intrat
1230 1041 1295 1095 ad
1337 1040 1601 1106 animam;
1625 1040 1705 1096 sic
1727 1040 1871 1095 enim
1903 1041 1996 1096 de-

424 1127 605 1198 signat
635 1126 901 1184 Jeremias
943 1128 1206 1198 propheta
1252 1144 1375 1184 cum
1407 1131 1472 1185 de
1503 1131 1882 1200 peccatoribus
1917 1131 1998 1186 lo-

423 1220 647 1289 quitur,
700 1220 888 1275 dicens
933 1235 947 1272 :
995 1220 1245 1275 Ascendit
1292 1238 1434 1276 mors
1477 1238 1570 1291 per
1615 1223 1872 1291 fenestras
1914 1240 1999 1277 ue-

425 1322 565 1367 stras
592 1312 656 1365 ³⁸.
687 1310 971 1377 Quomodo
1014 1315 1257 1371 ascendit
1285 1332 1439 1372 mors
1483 1332 1579 1387 per
1605 1315 1906 1373 fenestras?
1942 1316 1998 1372 Si

428 1402 571 1456 oculi
609 1402 908 1471 peccatoris
956 1402 1175 1457 videant
1219 1407 1526 1471 mulierem,
1566 1415 1620 1463 et
1655 1407 2000 1462 machentur

431 1507 551 1546 eam
580 1493 632 1547 in
668 1494 828 1548 corde
855 1509 956 1549 suo
980 1496 1047 1563 ",
1076 1495 1157 1552 sic
1199 1513 1349 1552 mors
1384 1499 1631 1569 ingressa
1661 1510 1743 1553 est
1779 1499 1847 1553 ad
1882 1498 2001 1554 ani-

434 1598 573 1638 mam
618 1599 714 1654 per
756 1584 1021 1642 fenestras
1052 1588 1357 1643 oculorum.
1393 1587 1497 1643 Sed
1544 1597 1599 1644 et
1639 1604 1762 1644 cum
1807 1571 2000 1661 recipit

426 1674 549 1741 quis
593 1675 838 1730 auditum
886 1692 1110 1742 vanum,
1153 1687 1207 1731 et
1246 1678 1516 1747 pracipue
1562 1676 1715 1734 falsa
1758 1681 2001 1737 scientia

423 1764 738 1834 dogmatum
774 1783 1187 1837 pcrversorum;
1220 1780 1350 1823 tunc
1376 1784 1472 1838 per
1496 1770 1709 1825 aurium
1734 1771 2002 1829 fenestras

425 1872 574 1913 mors
627 1860 794 1913 intrat
845 1860 913 1912 ad
967 1858 1227 1913 animam.
1284 1856 1339 1913 Si
1389 1873 1518 1913 vero
1566 1861 1745 1916 anima
1784 1862 2001 1919 intuens

424 1958 802 2005 ornamentum
832 1949 1022 2004 mundi
1046 1958 1101 2006 et
1122 1965 1185 2006 ex
1209 1950 1606 2021 pulchritudine
1626 1965 2000 2011 creaturarum

426 2039 761 2094 conditorem
788 2041 1033 2096 omnium
1064 2042 1326 2115 intelligat
1362 2043 1558 2110 Deum,
1592 2054 1647 2100 et
1693 2060 1855 2116 opera
1882 2048 2002 2117 ejus

428 2130 675 2193 miretur,
711 2131 1002 2202 laudetque
1037 2148 1261 2203 operum
1303 2145 1627 2203 creatorem,
1660 2138 1725 2192 ad
1759 2139 1999 2193 animam

425 2216 567 2273 hanc
609 2219 720 2274 vita
772 2221 1073 2291 ingreditur
1110 2239 1205 2293 per
1239 2224 1505 2283 fenestras
1550 2228 1855 2283 oculorum.
1894 2227 2001 2285 Sed

424 2317 622 2364 etcum
653 2311 895 2366 auditum
926 2313 1148 2369 inclinat
1179 2315 1247 2370 ad
1277 2315 1512 2372 Verbum
1543 2317 1659 2384 Dei,
1692 2327 1745 2374 et
1774 2320 2005 2374 rationi-

423 2397 527 2455 bus
554 2401 836 2470 sapientia
861 2404 973 2475 86
1007 2420 1071 2460 ac
1104 2405 1345 2462 scientia
1376 2409 1496 2478 ejus
1524 2409 1842 2476 delectatur,
1875 2411 2004 2467 huic

424 2505 521 2559 per
554 2493 769 2547 aurium
806 2493 1074 2552 fenestras
1110 2498 1176 2552 ad
1211 2498 1448 2553 animam
1499 2501 1778 2569 sapientia
1815 2502 2000 2559 lumen

425 2579 749 2649 ingreditur.
779 2583 883 2639 Per
926 2585 1025 2642 has
1057 2601 1189 2656 ergo
1220 2587 1485 2644 fenestras
1513 2592 1847 2660 prospiciens
1870 2592 2005 2648 Ver-

424 2670 552 2725 bum
581 2670 696 2737 Dei,
729 2683 784 2727 et
811 2683 1157 2743 prospectum
1184 2691 1343 2730 suum
1384 2676 1450 2731 ad
1474 2691 1731 2744 sponsam
1763 2679 2003 2735 animam

425 2762 691 2833 dirigens,
741 2778 1029 2833 assurgere
1074 2766 1326 2822 hortatur
1355 2782 1497 2833 eam,
1533 2778 1586 2823 et
1612 2770 1795 2824 venire
1820 2773 1886 2825 ad
1921 2789 2000 2838 se,

427 2853 484 2909 id
518 2862 624 2920 est,
651 2869 915 2924 corporea
937 2866 992 2913 et
1013 2859 1249 2915 visibilia
1276 2860 1604 2931 relinquere,
1636 2874 1689 2917 et
1726 2864 1791 2917 ad
1821 2864 2003 2919 incor-

429 2958 595 3015 porea
630 2955 684 3000 et
726 2945 1018 3004 invisibilia
1062 2964 1128 3006 ac
1173 2951 1438 3020 spiritalia
1490 2967 1803 3022 properare.
1851 2952 2003 3020 Quo-

426 3035 575 3089 niam
609 3052 728 3108 quo
753 3038 1008 3107 videntur,
1040 3041 1351 3110 temporalia
1375 3052 1519 3107 sunt,
1549 3059 1666 3112 qua:
1694 3054 1869 3097 autem
1901 3061 2002 3099 non

427 3127 887 3193 videntur,¢eterna
912 3141 1033 3186 sunt
1059 3134 1124 3187 ".
1147 3131 1239 3189 Sic
1261 3124 1319 3189 et
1344 3134 1569 3204 spiritus
1598 3133 1689 3189 Dei
1713 3134 2002 3192 circumire

424 3215 647 3287 dicitur,
681 3227 738 3275 et
765 3237 1009 3291 quarere
1045 3223 1237 3294 dignas
1265 3225 1498 3289 animas,
1524 3240 1646 3295 qua
1676 3233 1798 3296 apte
1830 3235 2003 3283 recte-

427 3324 535 3380 que
582 3309 700 3366 ﬂcri
741 3313 955 3383 possint
981 3314 1049 3369 ad
1096 3315 1467 3371 habitaculum
1512 3317 1808 3385 sapientia.
1846 3317 2002 3384 Quod

425 3410 609 3458 autem
661 3419 758 3474 per
812 3405 949 3460 retia
1001 3404 1365 3463 fenestrarum
1416 3408 1726 3477 prospicere
1780 3409 1998 3478 dicitur,

427 3495 557 3550 illud
584 3497 702 3552 sine
732 3497 899 3552 dubio
931 3498 1156 3566 indicat,
1183 3499 1328 3569 quod
1358 3498 1533 3555 donec
1559 3500 1613 3554 in
1648 3500 1810 3556 domo
1839 3502 2004 3572 hujus

426 3589 677 3657 corporis
723 3590 900 3658 posita
940 3590 1012 3647 sit
1045 3591 1251 3657 anima,
1304 3606 1413 3645 non
1466 3600 1646 3661 potest
1697 3592 1898 3647 nudam
1951 3603 2004 3649 et

428 3687 670 3750 apertam
713 3679 808 3735 Dei
842 3682 1164 3752 sapientiam
1201 3698 1424 3753 capere,
1472 3683 1567 3739 sed
1611 3699 1706 3754 per
1753 3685 2002 3753 exempla

426 3770 672 3837 quadam
696 3779 750 3826 et
774 3771 972 3827 indicia
996 3780 1158 3842 atque
1186 3773 1450 3844 imagines
1473 3789 1654 3827 rerum
1682 3774 2000 3829 visibilium.

425 3857 519 3915 Illa
549 3876 672 3928 qua
710 3871 839 3916 sunt
878 3862 1171 3917 invisibilia
1212 3873 1267 3917 et
1315 3864 1636 3933 incorporea
1670 3865 2005 3934 contempla-

426 3959 554 4018 tur;
584 3962 640 4005 et
684 3952 789 4007 hoc
834 3960 919 4009 est
963 3955 1276 4024 prospicere
1318 3955 1387 4009 ad
1423 3970 1544 4010 eam
1598 3970 1860 4025 sponsum
1908 3972 2004 4026 per

426 4044 563 4099 retia
587 4042 972 4101 fenestrarum.

502 4133 564 4189 Si
606 4150 734 4190 vero
762 4136 828 4189 de
852 4135 1073 4191 Christo
1106 4136 1225 4192 hac
1265 4145 1319 4191 et
1360 4137 1601 4194 Ecclesia
1630 4154 1999 4209 exponamus,

430 4224 630 4281 domus
676 4226 730 4279 in
784 4242 891 4294 qua
927 4225 1204 4280 habitabat
1238 4226 1501 4293 Ecclesia,
1550 4227 1846 4299 Scriptura
1875 4239 2005 4284 sunt

432 4317 566 4387 legis
592 4326 646 4371 et
679 4317 1086 4388 prophetarum.
1119 4316 1194 4372 lbi
1226 4321 1368 4373 enim
1417 4329 1471 4374 et
1507 4321 1818 4376 cubiculum
1858 4323 2003 4392 regis

430 4418 513 4464 cst
539 4408 793 4463 omnibus
818 4408 1023 4463 divitiis
1054 4407 1294 4463 scientia
1315 4425 1379 4464 ac
1403 4411 1683 4480 sapientia
1711 4412 1997 4481 repletum.

2101 586 2376 643 stamenti.
2415 583 2576 639 Stetit
2599 580 2745 637 enim
2784 589 2911 650 post
2940 580 3223 649 parietem,
3254 593 3378 633 cum
3411 592 3519 632 non
3548 592 3670 631 ma-

2100 677 2450 732 nifestaretur
2483 674 2549 729 ad
2587 673 2846 743 populum
2876 689 2889 725 :
2929 669 3021 725 ubi
3068 684 3199 725 vero
3231 668 3406 725 adfuit
3431 677 3669 736 tempus,

2097 777 2154 823 et
2174 767 2338 836 capit
2362 781 2457 835 pcr
2480 762 2747 818 fenestras
2774 762 2906 832 legis
2948 776 3012 817 ac
3034 762 3447 832 prophetarum,
3479 773 3576 828 per
3603 772 3668 811 ea

2098 858 2305 913 scilicet
2331 871 2453 926 qua
2490 856 2559 910 de
2600 868 2666 908 eo
2706 854 2998 924 praedicata
3030 852 3264 918 fuerant,
3303 864 3581 922 apparere,
3617 856 3674 905 et

2099 947 2388 1003 ostendere
2433 960 2492 1001 se
2537 944 2795 1000 Ecclesia
2822 946 2966 1000 intra
2997 944 3243 1007 domum,
3279 944 3384 997 hoc
3416 948 3501 995 est
3531 940 3672 994 intra

2098 1038 2332 1093 litteram
2361 1035 2493 1105 legis
2536 1034 2770 1100 sedenti,
2802 1044 3063 1105 provocat
3097 1050 3239 1091 eam.
3266 1034 3392 1089 inde
3420 1032 3590 1097 exire,
3618 1037 3676 1084 et

2100 1128 2282 1184 venire
2313 1127 2461 1183 foras
2501 1125 2569 1182 ad
2612 1141 2691 1181 se.
2723 1125 2838 1182 Nisi
2869 1127 3015 1183 enim
3049 1135 3226 1192 exeat,
3256 1125 3362 1180 nisi
3394 1121 3675 1195 procedat,

2100 1230 2152 1274 et
2198 1220 2580 1290 progrediatur
2624 1235 2659 1274 a
2698 1219 2877 1274 littera
2925 1217 2993 1272 ad
3037 1217 3309 1287 spiritum,
3346 1230 3454 1269 non
3496 1222 3676 1284 potest

2101 1326 2303 1381 sponso
2328 1326 2429 1366 suo
2462 1311 2741 1382 conjungi,
2782 1324 2957 1378 neque
2991 1307 3210 1362 Christo
3256 1305 3471 1360 sociari.
3505 1303 3681 1359 Vocat.

2100 1417 2228 1470 ergo
2269 1417 2413 1466 eam,
2461 1410 2515 1456 et
2564 1400 2754 1454 invitat
2788 1414 2819 1453 a
2864 1398 3177 1452 carnalibus
3222 1396 3288 1450 ad
3334 1393 3615 1463 spiritalia,
3643 1408 3711 1446 a.

2102 1491 2405 1547 visibilibus
2431 1491 2496 1547 ad
2523 1490 2835 1554 invisibilia,
2867 1505 2897 1544 a
2923 1490 3036 1559 lege
3065 1488 3246 1542 venire
3267 1487 3333 1541 ad
3363 1485 3676 1555 Evangelia.

2102 1580 2169 1636 Et
2215 1582 2336 1637 ideo
2377 1581 2510 1636 dicit
2545 1582 2592 1635 ei
2629 1601 2640 1635 :
2674 1580 2862 1652 Surge,
2894 1580 3005 1634 ueni
3050 1578 3196 1649 (72),
3246 1576 3487 1646 proxima
3538 1590 3676 1638 mea,

2104 1673 2336 1743 formosa
2364 1689 2498 1736 mea,
2530 1672 2771 1727 columba
2800 1689 2936 1726 mea.
2985 1669 3051 1726 Et
3084 1678 3144 1726 ut
3187 1669 3369 1740 aliqua
3416 1668 3580 1747 etiam
3610 1666 3679 1721 de

2106 1763 2191 1818 his
2236 1778 2357 1832 quae
2402 1763 2752 1833 postmodum
2806 1762 3035 1817 dicenda
3087 1769 3216 1817 sunt
3258 1758 3677 1830 praeveniamus,

2035 1834 2077 1889 Β
2105 1854 2358 1911 timentes
2390 1870 2615 1911 sensum
2646 1852 2873 1924 perdere
2898 1853 2991 1922 qui
3025 1853 3264 1908 occurrit
3299 1853 3354 1907 in
3387 1851 3492 1907 hoc
3516 1851 3635 1906 loco
3662 1867 3675 1903 :

2100 1956 2388 2018 propterea
2419 1946 2669 2002 fortassis
2702 1954 2757 2001 et
2785 1945 2916 2000 illud
2939 1944 3070 1999 dicit
3097 1944 3164 1999 ad
3190 1958 3330 2010 eam,
3362 1942 3489 2012 quia
3512 1941 3677 1996 etiam

2103 2039 2279 2095 hiems
2308 2041 2546 2107 transiit,
2576 2040 2759 2110 pluvia
2795 2038 2932 2093 abiit
2974 2036 3139 2092 simul
3184 2045 3238 2090 et
3269 2033 3540 2105 passionis
3567 2046 3682 2086 sua

2102 2137 2319 2201 tempus
2347 2131 2616 2197 indicans;
2639 2130 2786 2201 quod
2822 2136 3098 2184 transacta
3139 2126 3337 2191 hieme,
3372 2133 3427 2179 et
3456 2121 3681 2192 deiectis

2105 2220 2372 2275 imbribus
2423 2221 2538 2291 ipse
2588 2234 2786 2291 passus
2816 2226 2943 2274 est:
2991 2215 3157 2272 simul
3201 2224 3255 2270 et
3299 2211 3432 2268 illud
3464 2225 3685 2281 quoque

2102 2327 2199 2383 per
2231 2313 2526 2383 spiritalem
2555 2309 3300 2383 designansintelligentiam,
3332 2305 3476 2376 quod
3508 2318 3683 2372 usque

2104 2408 2171 2461 ad
2205 2407 2333 2461 illud
2382 2416 2594 2475 tempus
2639 2419 2749 2474 quo
2798 2403 3052 2459 Christus
3101 2415 3297 2471 passus
3343 2406 3446 2463 est,
3476 2396 3680 2450 imbres

2105 2496 2326 2552 fuerunt
2372 2512 2538 2566 super
2587 2505 2808 2551 terram.
2863 2478 3154 2548 Mandabat
3193 2491 3339 2546 enim
3368 2489 3548 2544 adhuc
3577 2484 3686 2539 Do-

2104 2590 2289 2644 minus
2335 2588 2638 2650 imbribus,
2695 2585 2903 2641 scilicet
2954 2584 3271 2655 prOphetis,
3325 2590 3386 2635 ut
3436 2581 3693 2650 pluerent

2104 2679 2253 2734 verbi
2300 2679 2536 2748 pluviam
2581 2692 2744 2747 super
2786 2684 3007 2731 terram.
3064 2673 3167 2730 Sed
3217 2673 3344 2744 quia
3397 2686 3568 2741 usque
3616 2671 3685 2725 ad

2107 2771 2374 2828 Joannem
2431 2770 2728 2841 Baptistam
2781 2768 3097 2838 prophetica
3152 2767 3418 2821 liniuntur
3474 2763 3719 2830 oliicia,-

2106 2863 2302 2918 merito
2332 2861 2536 2916 imbres
2569 2860 2769 2915 abiisse
2804 2868 2858 2913 et
2885 2858 3208 2913 discessisse
3245 2856 3521 2911 dicuntur.
3556 2852 3687 2909 Ccs-.

2105 2963 2299 3009 sarunt
2344 2963 2523 3007 autem
2572 2949 2874 3021 prophetici
2922 2948 3125 3004 imbres
3171 2963 3281 3003 non
3326 2947 3392 3001 ad
3423 2946 3689 3002 damnum

2105 3044 2473 3108 credentium,
2524 3042 2617 3097 sed
2664 3041 2731 3096 ad
2782 3040 2992 3111 majora
3034 3038 3291 3095 Ecclesia
3338 3038 3511 3093 lucra.
3543 3035 3691 3103 Quid

2105 3137 2250 3193 enim
2286 3135 2553 3190 imbribus
2596 3148 2740 3204 opus
2782 3141 2888 3200 est,
2934 3132 3025 3187 ubi
3069 3130 3271 3186 llumen
3315 3128 3411 3183 Dei
3450 3129 3688 3184 lalilicat

2106 3229 2416 3286 civitatem?
2448 3227 2538 3281 ubi
2573 3227 2627 3281 in
2657 3226 2820 3283 corde
2868 3224 3304 3295 uniuscujusque
3346 3221 3683 3278 credentium

2107 3321 2253 3377 fons-
2283 3338 2441 3392 aqua
2486 3321 2619 3375 viva
2668 3320 2728 3374 fit
2786 3318 3033 3375 salientis
3074 3316 3127 3371 in
3171 3317 3338 3371 vitam
3390 3314 3723 3370 aeternam?"

2105 3412 2246 3479 Quid
2278 3426 2417 3482 Opus
2441 3411 2729 3474 imbribus,
2765 3410 2856 3464 ubi
2884 3410 2997 3479 jam
3026 3405 3187 3463 flores
3230 3412 3598 3475 apparuerunt
3628 3403 3685 3456 in

2106 3514 2247 3560 terra
2278 3513 2485 3567 nostra,
2518 3512 2571 3557 et
2614 3517 2681 3557 ex
2722 3502 2958 3556 adventu
3000 3499 3214 3555 Domini
3241 3497 3354 3566 jam
3398 3511 3509 3550 non
3535 3493 3685 3548 exci-

2104 3597 2253 3650 ditur
2290 3594 2555 3660 ticulnca,
2586 3608 2709 3661 qua
2752 3591 2902 3661 prius
2952 3605 3062 3644 non
3115 3589 3381 3644 attulerat.
3413 3584 3686 3641 fructum?

2106 3686 2261 3740 Nunc
2296 3685 2441 3739 enim
2487 3684 2600 3753 jam
2650 3682 2907 3752 produxit
2936 3696 3160 3751 grossos
3200 3694 3352 3734 suos.
3389 3678 3494 3732 Sed
3519 3688 3575 3731 et
3603 3677 3685 3733 vi-

2106 3793 2222 3832 neae
2251 3775 2518 3831 dederunt
2555 3775 2779 3829 odorem
2809 3790 2991 3829 suum.
3020 3771 3172 3827 Unde
3199 3780 3261 3827 et
3280 3786 3425 3826 unus
3458 3770 3682 3841 quidam

2104 3885 2171 3924 ex
2199 3870 2300 3925 ista
2335 3868 2492 3923 vinea
2532 3866 2744 3921 dicebat
2772 3882 2785 3918 :
2816 3866 2954 3930 Quia
2988 3864 3189 3920 Christi
3219 3865 3384 3919 bonus
3431 3863 3562 3917 odor
3591 3878 3685 3917 su.

2106 3976 2221 4013 mus
2259 3958 2364 4012 Deo
2392 3959 2448 4011 in
2473 3958 2614 4011 omni
2642 3955 2754 4009 loco
2777 3957 2833 4009 in
2862 3956 2942 4008 Itis
2978 3956 3068 4026 qui
3105 3954 3239 4009 salvi
3264 3956 3420 4025 fiunt,
3444 3964 3491 4008 et
3521 3956 3576 4008 in
3601 3953 3682 4007 Itis

2103 4053 2195 4123 qui
2222 4059 2437 4120 pereunt
2468 4050 2532 4103 ³⁸.
2562 4047 2667 4104 Sed
2698 4048 2834 4113 hac,
2864 4047 3005 4102 sicut
3045 4062 3208 4116 supra
3252 4045 3680 4117 designavimns,

2107 4152 2397 4212 antequam
2440 4141 2507 4195 ad
2540 4140 2655 4211 ipsa
2700 4138 2996 4209 Scriptura
3036 4138 3155 4193 loca
3191 4138 3375 4192 venire
3416 4152 3681 4207 praesum-

2104 4233 2335 4302 psimus,
2373 4246 2441 4287 ne
2472 4229 2611 4284 forte
2636 4228 2848 4299 fugeret
2880 4243 2979 4283 nos
3020 4243 3216 4283 sensus
3246 4227 3340 4296 qui
3360 4226 3681 4289 occurrisse

2105 4325 2390 4379 videbatur
2441 4322 2495 4376 in
2536 4329 2778 4391 tempore
2818 4339 2831 4373 :
2866 4334 3013 4373 nunc
3062 4329 3370 4389 repetamus
3404 4318 3682 4389 quomodo

2106 4432 2202 4486 per
2234 4414 2367 4468 retia
2395 4413 2706 4485 prospicere
2730 4411 2962 4483 dicatur.
2986 4456 2995 4461 .

429 4502 796 4557 lhictdomus
827 4500 958 4565 vini,
996 4501 1242 4557 doctrina
1285 4504 1493 4558 scilicet
1519 4504 1603 4558 vel
1643 4505 1889 4575 mystica,
1916 4506 2000 4563 vel
2031 4489 2076 4544 Ῑ)
2179 4506 2450 4575 Scriptura
2481 4512 2565 4559 est
2602 4522 2615 4558 :
2653 4501 2777 4557 Non
2819 4502 2959 4556 enim
3006 4502 3183 4573 inique
3230 4502 3517 4555 tenduntur
3548 4500 3697 4556 retia

431 4591 676 4654 moralis,
709 4608 828 4660 qua
851 4591 1087 4647 laetificat
1129 4610 1222 4648 cor
1250 4594 1509 4649 hominis.
1544 4595 1847 4654 Adveniens
1871 4612 2000 4668 ergo

2108 4596 2290 4651 avibus
2334 4595 2404 4647 ³².
2447 4592 2515 4648 Et
2558 4593 2755 4650 iterum
2787 4590 3021 4648 :Justus
3055 4593 3101 4647 si
3139 4593 3430 4648 incurrerit
3463 4593 3515 4647 in
3556 4608 3703 4663 pec-ru

520 4758 567 4787 "‘
599 4754 710 4809 Jcr.
748 4771 827 4821 rx,
852 4756 944 4808 εει.
1016 4755 1060 4786 ³³
1092 4753 1283 4809 Matth.
1320 4771 1373 4820 v,
1398 4755 1489 4810 28.
1567 4757 1612 4788 ³ο
1645 4755 1687 4810 ll
1713 4757 1840 4813 Cor.
1871 4774 1947 4823 tv,
1978 4759 1999 4812 l

2139 4759 2182 4791 “
2220 4757 2260 4812 ll
2289 4757 2415 4812 Cor.
2458 4772 2520 4826 tt,
2558 4757 2646 4813 15.
2725 4755 2957 4811 ³¹·Ρι·ον.
2985 4772 3024 4821 t,
3062 4755 3161 4811 ιπ

507 4850 618 4924 (72)
663 4847 860 4924 Surge,
906 4849 1051 4924 verti,
1102 4858 1206 4924 e_tc.
1249 4848 1551 4924 Procopius
1602 4866 1669 4924 ex
1718 4854 2002 4924 Origene:

447 4922 694 4992 ξΑνὰσ-εᾳ,
725 4918 1048 4992 φησὶκέηάῃὸ
1077 4918 1207 4992 τῷνΔ
1228 4918 1500 4992 αζσθητῶν
1539 4921 1675 4992 πρὸς
1707 4922 1778 4975 τὰ
1818 4918 2004 4992 varied,

434 4990 709 5062 ἵναξτυνῇς
731 4984 843 5062 μὲν,
868 4987 946 5062 δι’,
973 4984 1050 5062 ὧν
1086 4987 1223 5062 «re
1268 4984 1508 5062 θαρρεῖς.
1552 4984 1603 5043 ὀ
1644 4992 1753 5062 γὰρ
1789 4984 2009 5062 mw

434 5055 792 5143 eaeam-“.5
815 5057 990 5143 ὐετρς
1020 5055 1309 5143 (fanumst
1347 5055 1620 5143 bilmzpav‘
1638 5055 2006 5143 av'bsébv;ys:

435 5126 672 5200 γονέγαι,
708 5126 807 5200 Δτὸν
846 5126 951 5196 πρὸ
994 5127 1438 5200 τῆςῃὲπιδῃμίαςί
1474 5126 1686 5200 κὰιρὸν,
1736 5131 1828 5186 τοῦ
1869 5126 2004 5186 Θέοὖ

438 5196 815 5271 ἑντειλᾳμέγου
837 5200 955 5259 ταῖς
981 5196 1487 5271 νεφέλαις-ὖὲιν-ξτὸν
1509 5196 1727 5271 νομικὸν
1757 5202 1852 5254 καὶ
1876 5219 2008 5271 προ-

438 5269 664 5340 φητικὸν
688 5267 865 5340 adimit:
892 5266 1201 5340 πεπᾳῦσθᾳᾳ
1225 5266 1283 5340 δξ
1310 5267 1525 5340 τοῦτονι
1547 5266 1732 5340 taeter;
1765 5274 1798 5325 ὁ
1823 5266 2007 5340 νόιὶος

437 5334 961 5414 ἁάὶιοὶμρῇοφῇταφ
996 5336 1103 5414 ἒωξ
1147 5335 1457 5414 Ἰιυάνξόυ-⁹
1502 5338 1603 5414 ἒᾳρ
1636 5339 1694 5393 δὲ
1720 5334 2007 5414 ξςαὶηθέροξ

510 5406 702 5480 τᾲ-τὴν
732 5405 1045 5480 summatem,
1076 5407 1187 5480 ese
1198 5407 1392 5477 μηκέτι
1426 5405 1592 5480 ὑετῶῆ
1623 5409 1801 5480 χρεία,
1824 5405 2007 5465 ὃτέτὰ

472 5476 527 5528 ιὰ
554 5474 788 5562 βρίστὸν
820 5474 955 5555 ἕνθη
991 5475 1144 5557 ὤφθη
1171 5474 1230 5528 Ev
1359 5480 1449 5546 γῇ.
1488 5478 1600 5530 Καὶ
1625 5474 1739 5531 ’ἆπὺ
1764 5480 1864 5550 τῆς
1887 5483 2007 5533 ἐπι-

472 5562 635 5600 πμιας
684 5547 850 5599 αὐτου
895 5544 928 5600 ἡ
972 5562 1106 5600 συκη
1149 5545 1209 5598 οὐ
1259 5563 1294 5599 κ
1328 5564 1517 5600 πτεται
1560 5548 1804 5600 ἄκαρπος
1833 5551 1891 5600 ὲν
1930 5549 2007 5600 τῶ

440 5543 635 5621 depicti:
684 5543 850 5599 αὑτοῦ
894 5543 1107 5621 faex?)
1133 5543 1209 5621 ’ρύ
1259 5543 1891 5621 κᾶπίὲὲςεαιῃᾶρςᾳρποςὶν
1930 5549 2007 5621 τῷ

440 5613 688 5689 πᾷρτέρῳ
712 5613 1200 5689 χςνομέὺη-κᾳιρᾠί
1227 5620 1344 5689 wv‘t
1380 5617 1487 5689 γὰρ
1516 5613 2006 5689 ὀλύνθὸυςίῇνεγκέ,

446 5688 540 5761 ita).
571 5684 928 5761 κυπρ-ίζουσιηί
949 5684 1290 5761 αἱ-ἄιξῖ-ῥελφι·
1321 5687 1401 5761 δρὸ
1443 5684 1695 5761 (inopia
1718 5684 1833 5761 5639
1874 5684 2007 5761 πέλη-

445 5751 645 5823 μάτωψ
675 5751 932 5822 Χριστοῦ
962 5751 1174 5810 εὐωδία
1216 5756 1402 5824 ἐσμὲν
1431 5751 1516 5822 rei
1538 5754 1677 5820 Θεῷ.
1710 5756 1893 5829 Surge,
1930 5751 2010 5813 in-

2112 4855 2245 4924 quit,
2280 4854 2444 4924 abiis
2489 4870 2607 4924 qua:
2652 4854 2746 4908 sub
2793 4868 3003 4924 sensum
3032 4851 3249 4924 cadunt,
3295 4852 3370 4924 ad
3385 4850 3681 4924 spiritalia,

2113 4920 2170 4976 ut
2211 4923 2475 4994 intelligas
2501 4920 2613 4991 per
2659 4939 2777 4994 qua:
2808 4923 2931 4994 ihtec
2984 4923 3226 4976 intueris.
3263 4940 3281 4972 ι
3320 4920 3501 4994 Hiems
3541 4922 3693 4994 enim-

2113 4995 2348 5059 transiit,
2372 4989 2713 5048 imber'abii't.
2747 5012 2766 5045 r
2796 4993 2979 5046 Dicere
3001 5007 3278 5060 possumus
3300 4990 3531 5059 pluviam
3553 4989 3683 5058 fuis-

2112 5080 2187 5126 se,
2220 5073 2419 5132 tempus
2458 5064 2597 5134 (ιιιοᾴ
2634 5062 2790 5134 Verbi
2818 5064 2877 5116 in
2917 5078 3125 5134 carnem
3157 5062 3433 5134 adventum
3457 5074 3681 5134 praees-

2111 5138 2202 5196 sit,
2238 5127 2521 5187 mandante
2560 5131 2668 5186 Deo
2701 5133 2944 5197 nubibus,
2974 5142 3031 5186 ut
3077 5129 3298 5200 legalem
3330 5140 3376 5183 et
3410 5127 3678 5200 propheti-

2109 5219 2228 5255 cum
2253 5219 2540 5257 sermonem
2566 5202 2838 5272 pluerent;
2866 5198 3249 5272 cessasse_t'ero
3280 5200 3414 5252 hum:
3440 5198 3694 5259 imbrem;

2108 5274 2233 5341 quia
2264 5292 2282 5324 ι
2314 5273 2397 5326 lex
2420 5281 2469 5327 et
2494 5268 2758 5342 propheta
2792 5288 2951 5342 usque
2992 5271 3061 5323 ad
3087 5268 3377 5342 Joannem;
3412 5285 3431 5318 ι
3460 5281 3544 5319 uer
3576 5280 3679 5342 au-

2109 5335 2211 5395 tem
2259 5359 2321 5395 ac
2365 5335 2600 5396 testaiem
2644 5342 2707 5394 ab
2750 5335 2879 5411 ejus'
2906 5341 3143 5407 deinceps
3190 5340 3435 5411 adventu,
3467 5335 3679 5404 quando

2110 5428 2212 5465 non
2262 5413 2489 5481 amplius
2535 5407 2792 5465 imbribus
2842 5426 2971 5479 opus
3020 5420 3117 5473 est,
3151 5424 3268 5462 cum
3301 5407 3421 5481 jam
3469 5416 3682 5481 propter

2110 5474 2378 5535 Christum
2424 5482 2579 5549 ﬂores
2621 5483 2678 5534 in
2729 5474 3400 5549 terra'apparueruntjEt
3450 5474 3515 5527 ab
3563 5474 3680 5544 ejus

2107 5553 2329 5605 adventu
2359 5546 2582 5621 ficulnea
2611 5566 2711 5621 non
2738 5546 3049 5621 succiditur,
3093 5562 3227 5621 qua_z_
3248 5546 3390 5598 omni
3421 5553 3559 5621 retro
3588 5560 3681 5599 su—

2103 5622 2297 5688 periori
2327 5613 2552 5687 tempore
2586 5619 2924 5687 infructifera
2951 5613 3143 5688 fuerat.
3178 5613 3333 5688 Nunc
3361 5616 3498 5668 enim
3526 5630 3677 5688 gros-

2105 5684 2190 5743 sos
2219 5684 2460 5759 protulit,
2494 5706 2554 5742 ac
2580 5684 2712 5759 uites
2742 5684 2949 5759 ﬂarent.
2978 5685 3188 5759 Idcirco
3214 5687 3291 5740 ait
3322 5702 3455 5742 unus
3487 5684 3675 5755 palati-

2107 5754 2264 5814 tunt:
2292 5778 2310 5811 ι
2344 5759 2541 5815 Christi
2571 5758 2732 5812 bonus
2763 5757 2891 5810 odor
2914 5771 3094 5810 sumus
3128 5754 3256 5811 Deo.
3289 5775 3311 5809 ι
