4130 6492
413 403 523 463 185
1488 405 1816 464 OMU-Ele
1851 406 1921 463 IN
1962 406 2321 466 CANTICUM
2358 405 2635 465 CANTIC.
3588 413 3690 468 lat

416 530 626 590 catum,
649 520 889 594 effugere
909 523 1153 594 jubetur,
1186 522 1329 577 sicut
1353 530 1406 576 et
1431 520 1651 577 damula
1676 537 1742 577 ex
1765 522 2001 592 laqueis,
2034 528 2081 585 Α
2110 522 2163 577 in
2196 522 2557 579 similitudine
2582 525 2767 580 carnis
2799 526 3030 594 peccati,
3058 525 3125 582 de
3149 535 3372 597 peccato
3402 527 3692 585 damnaret

416 622 471 669 et
521 614 638 669 avis
677 628 745 669 ex
777 615 1002 670 retibus.
1032 612 1197 667 Plena
1235 620 1319 667 est
1360 626 1493 683 ergo
1533 612 1640 667 vita
1685 614 2000 668 mortalium
2103 627 2411 686 peccatum.
2443 614 2598 671 Venit
2632 631 2764 688 ergo
2810 612 3027 673 ad'ista
3066 621 3234 687 retia,
3266 621 3360 676 sed
3393 619 3596 676 involvi
3636 623 3690 677 in

416 708 630 778 laqueis
676 707 1040 763 oﬂ‘ensionum
1066 747 1081 772 ,
1126 705 1335 761 retibus
1382 707 1539 776 plena
1593 708 1999 777 deceptionum,
2103 708 2187 763 eis
2218 708 2371 764 solus
2411 709 2529 778 ipse
2557 724 2669 762 non
2716 710 2894 778 potuit
2939 727 2952 762 :
2990 712 3240 781 quinimo
3269 709 3504 782 diruptis
3529 714 3611 768 eis
3636 723 3692 768 et

414 817 556 872 quas
601 802 771 857 tendit
820 801 1110 857 adversum
1159 814 1333 871 genus
1386 798 1689 854 humanum
1744 800 1855 863 ille,
1906 798 2001 870 qui
2103 800 2354 855 contritis
2402 799 2497 854 dat
2539 798 2798 857 Ecclesia:
2832 816 2945 856 sua:
2971 802 3226 858 ﬁduciam
3263 812 3322 858 ut
3351 804 3549 859 audeat
3573 804 3691 875 jam

413 898 602 946 contra
635 890 931 947 Dominum
968 891 1123 961 gigas
1153 898 1382 943 venator
1405 885 1642 943 Nemrod
1672 887 1997 959 appellatur.
2103 906 2325 947 cassare
2350 891 2602 963 laqueos,
2630 901 2684 947 et
2717 893 2956 950 transire
2982 909 3078 965 per
3113 897 3269 963 retia,
3295 906 3350 951 et
3386 913 3511 952 cum
3538 897 3690 953 omni

420 980 594 1039 Verus
625 983 827 1039 etenim
874 982 1028 1053 gigas
1076 981 1203 1051 quis
1254 980 1396 1036 alius
1436 991 1520 1036 est
1570 980 1675 1035 nisi
1724 980 1999 1050 diabolus,
2104 984 2392 1040 alacritate
2422 984 2606 1040 dicere
2637 1001 2650 1037 :
2686 986 2881 1039 Anima
2911 996 3093 1041 nostra
3119 989 3256 1044 sicut
3287 1005 3472 1060 passer
3509 1004 3692 1062 erepta

408 1076 507 1143 qui
550 1072 713 1129 etiam
769 1073 1038 1129 adversus
1098 1070 1269 1127 Deum
1315 1071 1578 1125 rebellat?
1624 1070 1827 1142 Laquei
1872 1086 2002 1142 ergo
2102 1084 2181 1130 est
2207 1078 2272 1130 de
2296 1076 2482 1147 laqueo
2512 1077 3087 1149 venantium;laqueus
3113 1082 3372 1136 contritus
3391 1092 3492 1146 est,
3519 1092 3572 1137 et
3595 1099 3690 1139 nos

407 1169 795 1235 tentationum,
827 1176 883 1223 et
926 1165 1194 1237 decipula:
1241 1165 1591 1231 insidiarum,
1624 1163 1828 1219 diaboli
1860 1165 1999 1220 retia
2101 1165 2319 1222 liberati
2340 1184 2523 1224 sumus
2553 1169 2619 1223 ³⁸.
2643 1168 2780 1236 Quis
2810 1177 2992 1225 autem
3017 1174 3275 1228 contrivit
3308 1173 3557 1243 laqueos,
3583 1176 3690 1230 nisi

408 1260 773 1333 appellantur.
801 1258 869 1315 Et
893 1258 1157 1331 quoniam
1191 1260 1307 1314 haec
1340 1258 1477 1313 retia
1508 1258 1712 1329 ubique
1755 1258 1998 1315 tetende-
2102 1259 2196 1316 ille
2228 1261 2322 1332 qui
2348 1263 2509 1319 solus
2540 1262 2593 1318 in
2625 1262 2706 1319 eis
2735 1262 2901 1318 teneri
2946 1279 3054 1318 non
3102 1265 3313 1336 potuit?
3341 1265 3605 1334 Quamvis
3634 1277 3692 1323 et

405 1365 492 1410 rat
521 1355 804 1422 inimicus,
837 1362 1004 1423 atque
1032 1351 1087 1406 in
1117 1351 1252 1422 ipsis
1276 1366 1416 1421 pene
1448 1365 1639 1407 omnes
1676 1349 1999 1417 involverat,
2102 1351 2220 1425 ipse
2249 1353 2305 1409 in
2336 1363 2513 1411 morte
2563 1353 2731 1410 fuerit
2766 1355 3095 1423 voluntarie,
3126 1368 3180 1413 et
3219 1373 3329 1413 non
3367 1369 3428 1414 ut
3455 1374 3557 1415 nos
3590 1375 3690 1415 ne-

409 1440 705 1521 oportebat
754 1460 880 1504 esse
929 1446 1165 1517 aliquem
1216 1446 1311 1515 qui
1347 1445 1544 1500 fortior
1572 1454 1626 1499 et
1673 1441 2002 1498 eminentior
2103 1449 2361 1505 cessitate
2418 1449 2647 1519 peccati.
2698 1447 2864 1506 solus
2910 1460 2995 1506 εει
3038 1451 3184 1507 enim
3239 1452 3332 1521 qui
3390 1452 3495 1508 [υίι
3550 1453 3691 1509 ξηια-

410 1544 564 1596 tieret
591 1541 703 1609 his,
728 1548 783 1595 et
824 1546 1132 1595 contereret
1155 1552 1240 1602 ea,
1277 1545 1338 1592 ut
1369 1535 1724 1606 sequentibus
1766 1549 1826 1590 se.
1854 1533 1997 1589 viam
2102 1547 2354 1596 mortuos
2380 1540 2539 1597 liber.
2573 1539 2640 1597 Et
2671 1541 2800 1613 quia
2832 1543 2970 1599 liber
2999 1543 3139 1599 inter
3168 1555 3411 1601 mortuos
3449 1544 3571 1611 fuit,
3605 1546 3691 1602 id-

408 1638 599 1701 ροεςει
632 1630 866 1701 aperire,
898 1627 1110 1684 Idcirco
1139 1642 1271 1699 ergo
1292 1636 1348 1684 et
1375 1626 1624 1682 Salvator
1651 1626 1803 1696 prius
1830 1636 1999 1695 quam
2103 1631 2255 1687 circo
2284 1632 2501 1689 devicto
2531 1649 2599 1689 eo
2641 1634 2738 1706 qui
2773 1634 2967 1691 habuit
2992 1637 3187 1692 mortis
3216 1637 3533 1708 imperium,
3563 1637 3692 1693 abs“

412 1722 468 1775 in
514 1721 830 1793 eonjugium
874 1728 931 1776 et
964 1719 1278 1776 societatem
1324 1719 1533 1776 veniret
1561 1716 1844 1783 Ecclesiae,
1877 1726 2000 1772 ten-
2103 1724 2272 1779 traxit
2316 1726 2686 1796 captivitatem
2742 1744 2867 1799 quae
2920 1729 3206 1785 tenebatur
3250 1731 3306 1786 in
3356 1741 3585 1786 mortem
3623 1732 3689 1787 ³⁷.

406 1823 565 1870 tatur
604 1826 636 1870 a
684 1810 923 1879 diabolo,
963 1823 1025 1869 ut
1067 1814 1291 1868 vincens
1337 1812 1472 1867 retia
1506 1810 1865 1867 teutationum
1903 1826 2001 1882 per
2032 1878 2074 1893 η
2103 1813 2172 1872 Et
2214 1831 2324 1872 non
2364 1817 2544 1873 solum
2576 1821 2932 1893 semetipsum
2978 1823 3331 1879 resuscitavit
3371 1839 3403 1878 a
3434 1826 3692 1892 mortuis,

403 1908 527 1974 ipsa
580 1906 917 1976 pr05piceret
938 1947 955 1973 ,
989 1912 1043 1960 et
1085 1904 1332 1975 peripsa
1379 1912 1604 1959 voearet
1650 1918 1772 1957 eam
1815 1903 1883 1959 ad
1915 1919 1999 1971 se,
2032 1878 2075 1932 Β
2103 1905 2199 1963 sed
2228 1915 2281 1963 et
2312 1922 2408 1965 eos
2429 1909 2525 1979 qui
2560 1878 2883 1968 tenebantur
2913 1913 2967 1968 in
2994 1925 3189 1978 morte.
3219 1915 3382 1972 simul
3413 1878 3692 1985 excitavit;

410 1999 613 2057 docens
665 1998 786 2055 sine
824 1997 996 2054 dubio
1045 2003 1100 2054 et
1150 1997 1446 2053 ostendens
1491 1998 1541 2053 ei
1568 1996 1715 2069 quod
1752 2012 1861 2051 non
1904 2011 2002 2067 per
2105 1999 2382 2071 simulque
2441 2001 2631 2059 sedere
2690 2005 2745 2059 in
2792 2005 3111 2063 coelestibus
3175 2006 3322 2063 fecit.
3374 2008 3694 2068 Ascendens

404 2091 582 2147 otium
632 2100 687 2148 et
726 2091 991 2159 delicias,
1026 2088 1122 2147 sed
1169 2089 1497 2161 permultas
1530 2089 1915 2144 tribulationes
1946 2096 2004 2144 et
2104 2090 2250 2146 enim
2300 2090 2355 2145 in
2395 2093 2566 2148 altum
2615 2096 2883 2166 captivam
2935 2097 3093 2153 duxit
3142 2099 3545 2168 captivitatem,
3582 2117 3692 2157 non

408 2184 742 2240 trn'ationes
792 2182 1123 2238 veniendum
1196 2180 1302 2235 sibi
1371 2188 1518 2235 esset
1570 2180 1636 2234 ad
1695 2178 1998 2234 Christum.
2106 2180 2285 2237 solum
2317 2182 2533 2239 animas
2573 2183 2837 2254 educens,
2873 2187 2965 2243 sed
3008 2195 3066 2244 et
3118 2203 3353 2258 corpora
3385 2204 3578 2243 eorum
3609 2206 3696 2244 re-

404 2273 605 2331 Nollus
635 2289 769 2346 ergo
793 2274 936 2330 alius
984 2270 1108 2339 fuit,
1145 2270 1240 2343 qui
1285 2270 1420 2325 retia
1475 2272 1578 2326 ista
1610 2284 1872 2340 superare
1903 2283 2002 2339 ρο·-
2107 2270 2407 2341 suscitans,
2461 2274 2607 2330 sicut
2649 2284 2880 2333 testatur
2919 2276 3274 2351 Evangeliqu
3324 2280 3474 2352 quod
3519 2282 3694 2338 mula

411 2368 600 2423 tuerit.
637 2365 831 2422 Omnes
883 2365 1022 2419 enim
1066 2372 1410 2434 peccauerunt
1442 2363 1508 2430 ³³,
1545 2362 1690 2417 sicut
1734 2362 1998 2431 scripturn
2106 2378 2342 2434 corpora
2396 2375 2718 2423 sanctorum
2768 2373 3094 2428 resuscitata
3141 2381 3293 2440 sunt,
3340 2383 3395 2429 et
3430 2389 3697 2444 apparue-

409 2470 513 2516 est.
545 2456 613 2513 Et
655 2472 873 2521 rursus,
904 2464 965 2512 ut
1009 2455 1292 2526 Scriptura
1324 2455 1462 2510 dicit
1494 2472 1506 2508 :
1546 2451 1669 2507 Non
1707 2463 1786 2507 est
1817 2453 1997 2522 justus
2105 2464 2236 2510 runt
2273 2456 2498 2526 multis,
2545 2469 2601 2516 et
2653 2460 2987 2518 introierunt
3036 2464 3092 2519 in
3132 2475 3378 2520 sanctam
3418 2466 3694 2521 civitatem

411 2567 569 2621 super
594 2560 790 2605 terram
827 2550 917 2620 qui
947 2548 1128 2619 fecerit
1162 2550 1374 2610 bonum,
1411 2555 1461 2601 et
1489 2562 1592 2600 non
1619 2546 1909 2616 peccaverit
1930 2543 1994 2599 ³⁸.
2107 2547 2200 2604 Dei
2236 2548 2472 2607 viventis
2507 2550 2852 2611 Hierusalem
2886 2555 2953 2611 ⁸⁸.
2983 2553 3109 2612 Haec
3141 2557 3299 2613 nobis
3331 2557 3601 2626 expositio
3627 2558 3696 2612 de

410 2642 478 2697 Et
510 2643 707 2698 iterum
741 2657 754 2693 :
787 2640 957 2696 Nemo
986 2640 1212 2695 mundus
1245 2657 1278 2695 a
1301 2640 1476 2703 sorde,
1514 2655 1603 2693 nec
1629 2640 1678 2693 si
1701 2639 1857 2693 unius
1888 2636 2000 2691 die!
2106 2642 2316 2697 retibus
2347 2644 2592 2701 secundo
2626 2645 2681 2701 iu
2711 2647 2832 2704 loco
2862 2658 3144 2719 assumpta
3186 2658 3293 2705 est.
3328 2648 3412 2704 Sit
3454 2664 3590 2704 sane
3618 2650 3698 2703 le-

411 2736 574 2803 fuerit
617 2734 727 2788 rita
765 2733 881 2805 ejus
913 2734 979 2788 ³⁸.
1009 2732 1174 2789 Solus
1204 2748 1334 2804 ergo
1372 2741 1457 2788 est
1493 2728 1759 2788 Dominus
1786 2743 1841 2787 et
1869 2730 1994 2786 Sal-
2103 2733 2282 2803 gentis
2304 2732 2600 2804 judicium,
2626 2754 2748 2808 qua:
2767 2752 2960 2796 earum
2994 2739 3239 2811 mysticis
3278 2741 3498 2812 dignius
3521 2739 3697 2812 aptari

412 2835 571 2881 vator
602 2822 713 2895 87
744 2832 934 2880 noster
969 2824 1132 2880 Jesus
1157 2823 1414 2879 Christus
1439 2822 1533 2893 qui
1564 2831 1850 2892 peccatum
1885 2838 1995 2877 non
2106 2828 2280 2895 possit
2305 2828 2563 2898 elaquiis.

410 2915 562 2981 iecit,
593 2916 686 2970 sed
734 2921 1019 2986 peccatum
1071 2929 1198 2970 eum
1251 2911 1409 2969 Pater
1438 2911 1567 2969 fecit
1592 2928 1692 2984 pro
1724 2913 1904 2979 nobis,
1936 2921 1997 2967 ut

463 3133 3656 3161 mm

1538 3294 1896 3384 LIBEB
1996 3294 2597 3393 QUARTUS.

495 3636 648 3695 Vers.
683 3635 775 3704 i0,
808 3637 867 3692 li
896 3679 914 3706 ,
952 3638 1053 3705 l2,
1089 3636 1176 3693 i3.
1209 3635 1399 3710 Surge,
1425 3640 1561 3707 veni,
1591 3640 1840 3711 proxima
1867 3656 2004 3705 mea,
2034 3641 2077 3701 C
2113 3657 2217 3696 ntSI
2249 3641 2456 3696 videret
2485 3640 2777 3710 imaginem
2810 3640 2930 3709 ejus
2957 3639 3205 3693 renovari
3235 3640 3301 3694 dc
3326 3639 3413 3695 die
3436 3640 3489 3694 in
3506 3639 3647 3696 diem
3678 3655 3697 3706 ;

420 3733 654 3803 speciosa
708 3749 845 3798 mea,
897 3730 1140 3789 columba
1186 3744 1327 3796 mea,
1378 3734 1629 3803 quoniam
1677 3751 1791 3789 ecce
1842 3736 2009 3789 hiems
2113 3743 2168 3789 et
2200 3733 2307 3789 nisi
2350 3732 2559 3787 videret
2586 3746 2706 3785 eaut
2735 3746 2990 3800 capacem
3022 3728 3260 3800 Spiritus
3288 3731 3487 3798 sancti,
3517 3731 3611 3801 qui
3643 3731 3700 3786 in

423 3826 681 3893 transiit,
714 3826 896 3898 pluvia
918 3828 1051 3882 abiit
1082 3839 1132 3883 et
1179 3827 1391 3881 recessit
1423 3826 1547 3891 sibi,
1580 3826 1740 3895 ﬂores
1764 3828 1863 3881 nisi
1884 3836 2009 3881 sunt
2112 3826 2294 3897 specie
2317 3825 2590 3881 columbae
2623 3824 2904 3879 descendit
2933 3825 2989 3879 in
3022 3821 3263 3879 Jordane
3293 3841 3459 3895 super
3483 3823 3697 3889 Jesum,

420 3920 475 3973 in
505 3928 669 3986 terra,
697 3929 901 3991 tempus
933 3920 1230 3990 putationis
1251 3920 1488 3985 advenit,
1517 3933 1617 3973 vos:
1651 3920 1877 3975 turturis
1905 3936 2009 3973 au-
2112 3934 2224 3973 non
2270 3918 2321 3973 ei
2374 3917 2582 3973 diceret
2612 3936 2625 3970 :
2661 3915 2918 3972 Columba
2972 3933 3108 3971 mea.
3175 3915 3512 3987 Conceperat
3552 3917 3701 3974 enim

422 4013 537 4066 dita
565 4021 643 4066 est
668 4013 726 4066 in
756 4021 897 4067 terra
926 4022 1131 4066 nostra.
1165 4012 1339 4066 Arbor
1365 4014 1458 4082 ﬁci
1484 4011 1738 4077 produxit
1773 4012 2012 4080 germina
2112 4023 2356 4063 amorem
2415 4004 2579 4062 Verbi
2619 4006 2737 4073 Dei,
2786 4016 2841 4061 et
2884 4007 3139 4077 cupiebat
3189 4008 3257 4062 ad
3299 4008 3478 4078 ipsum
3515 4007 3701 4062 volatu

423 4115 545 4164 sua,
589 4102 719 4155 vites
758 4100 1008 4170 ﬂorentes
1052 4102 1308 4156 dederunt
1376 4102 1594 4155 odorem
1643 4117 1818 4154 suum.
1871 4101 2013 4167 Quid
2116 4099 2280 4154 celeri
2332 4098 2642 4168 pervenire,
2696 4099 2889 4153 dicens
2927 4118 2938 4152 :
2979 4098 3112 4163 Quis
3153 4099 3282 4153 milii
3327 4098 3475 4152 dabit
3503 4113 3702 4168 pennas

422 4190 702 4247 contineat
756 4190 894 4247 ordo
939 4191 1206 4248 dramatis
1247 4192 1358 4263 jam
1400 4207 1566 4263 supra
1598 4193 2012 4264 descripsimus,
2116 4190 2254 4245 sicut
2301 4190 2578 4256 columbaa,
2616 4200 2665 4245 et
2695 4192 2903 4255 volabo,
2945 4202 2995 4246 et
3032 4192 3353 4263 requiescam
3384 4192 3466 4245 "2
3498 4190 3703 4246 Volabo

425 4298 572 4339 nunc
626 4296 762 4340 vero
806 4283 937 4355 quid
972 4283 1056 4339 vel
1092 4298 1276 4340 sermo
1314 4281 1409 4339 Dei
1454 4285 1523 4339 ad
1566 4285 1807 4339 animam
1843 4300 1903 4341 se
1934 4286 2017 4340 di-
2118 4282 2391 4348 sensibus,
2454 4282 2649 4337 volabo
2697 4283 3061 4339 intellectibus
3103 4284 3463 4354 spiritalibus,
3511 4294 3567 4337 et
3616 4298 3704 4339 rea

423 4389 585 4443 gnam
620 4375 836 4446 sibique
884 4384 1092 4446 aptam,
1126 4374 1210 4432 vel
1240 4375 1372 4447 quid
1412 4374 1671 4432 Christus
1716 4375 1784 4430 ad
1824 4374 2015 4431 Eeele-
2117 4372 2395 4442 quiescam
2443 4389 2568 4427 cum
2617 4375 3027 4443 apprehendere
3058 4376 3339 4445 sapientiae
3366 4386 3420 4431 et
3462 4374 3706 4431 scientia

426 4467 566 4522 siam
596 4468 779 4523 dicere
816 4468 1199 4538 intelligendus
1234 4469 1325 4533 sit,
1374 4468 1758 4525 advertamus.
1792 4468 1897 4523 Sed
1930 4467 2018 4521 in-
2117 4465 2240 4536 ejus
2284 4466 2595 4521 thesauros.
2649 4465 2790 4521 Puto
2833 4466 2977 4519 enim
3010 4467 3139 4537 quia
3170 4467 3313 4523 sicut
3341 4468 3432 4538 qui
3469 4475 3701 4522 mortem

428 4561 587 4616 terim
623 4560 837 4631 primus
881 4574 1067 4615 sermo
1101 4557 1196 4617 Dei
1248 4558 1508 4629 loquatur
1529 4559 1596 4615 ad
1630 4558 1771 4616 hanc
1806 4564 2017 4632 specie.
2117 4557 2322 4613 Christi
2356 4556 2649 4626 recipiunt,
2679 4565 2732 4610 et
2772 4556 3104 4610 mortiﬁcant
3134 4558 3378 4612 membra
3411 4573 3510 4612 sua
3538 4572 3703 4626 super

427 4667 547 4710 sam
564 4652 932 4721 decoramque
955 4652 1220 4718 animam,
1245 4651 1331 4705 cui
1360 4666 1455 4721 per
1476 4666 1672 4707 sensus
1701 4669 2014 4725 corporeus,
2121 4662 2347 4716 terram,
2407 4659 2690 4704 consortes
2730 4648 3042 4703 eiliciuntur
3088 4650 3466 4705 similitudinis
3510 4648 3705 4704 mortis

427 4747 480 4801 id
530 4753 615 4801 est
643 4759 742 4816 per
775 4743 1030 4798 intuitum
1074 4742 1345 4809 lectionis,
1398 4752 1451 4799 et
1491 4757 1593 4813 per
1622 4745 1870 4802 auditum
1914 4748 2015 4803 do-
2120 4747 2273 4817 ejus;
2310 4746 2380 4798 ita
2408 4753 2461 4798 et
2488 4742 2540 4796 hi
2566 4742 2929 4811 quivirtuteni
2958 4739 3195 4811 Spiritus
3216 4743 3389 4797 sancti
3415 4741 3703 4810 recipiunt,

429 4839 640 4904 etrinae,
666 4836 824 4908 quasi
852 4850 948 4906 per
988 4833 1258 4891 fenestras
1287 4835 1562 4905 apparuit,
1607 4837 2019 4898 proceritatem-
2122 4847 2177 4893 et
2211 4836 2628 4891 sanetitirantur
2676 4848 2741 4887 ex
2791 4847 2875 4898 co,
2929 4843 2982 4887 et
3032 4833 3192 4887 donis
3236 4834 3356 4903 ejus
3404 4833 3704 4901 replentur,

429 4945 539 5001 que
579 4946 695 4988 suae
732 4928 1129 5001 magnitudinis
1166 4927 1587 4993 demonstravit,
1625 4927 1700 4982 ita
1733 4938 1793 4984 ut
1828 4930 1882 4983 in
1924 4945 2019 4985 su-
2053 4984 2091 5001 n
2123 4930 2251 4999 quia
2304 4929 2419 4996 ipse
2468 4928 2522 4979 in
2570 4925 2749 4994 specie
2791 4924 3058 4980 columba:
3092 4924 3363 4995 apparuit,
3396 4925 3559 4979 etiam
3600 4923 3706 4994 ipsi

431 4984 741 5095 perieribus
785 4984 856 5079 eiu
889 5024 1206 5093 loqueretur
1256 5019 1622 5085 incumbens,
1671 5027 1839 5089 atque
1890 5021 2019 5077 inde
2052 4984 2095 5038 θ
2124 4984 2392 5078 columbas
2444 5020 2597 5083 ﬁant,
2651 5026 2710 5071 ut
2763 5017 2830 5072 de
2874 5018 3105 5073 terrenis
3136 5026 3191 5073 et
3239 5018 3517 5087 cctporcis
3571 5015 3708 5072 locis

431 5131 671 5174 evocans
719 5131 864 5181 eam,
899 5126 959 5171 ut
1000 5115 1263 5187 procedat
1298 5114 1467 5178 foras,
1516 5121 1571 5169 et
1618 5123 1774 5167 extra
1822 5128 2019 5170 sensus
2124 5116 2340 5170 evolent
2385 5111 2452 5165 ad
2499 5110 2740 5166 emlestia
2782 5109 2975 5179 pennis
3026 5110 3203 5164 sancti
3245 5108 3485 5180 Spiritus
3518 5108 3705 5165 suble-

429 5211 544 5280 jan‘.
566 5224 861 5280 corporeus
891 5207 1079 5265 eﬁecta
1105 5207 1323 5264 desinat
1346 5220 1470 5262 esse
1498 5205 1553 5260 in
1582 5219 1765 5272 carne,
1797 5215 1856 5261 ut
1898 5222 2018 5261 me-
2124 5209 2255 5262 vati.
2281 5206 2436 5272 Quod
2468 5205 2515 5260 si
2554 5212 2734 5259 autem
2766 5213 2981 5274 tempus
3010 5213 3377 5274 opportunum
3427 5217 3539 5273 quo
3591 5202 3708 5258 haec

432 5303 541 5358 rito
567 5302 760 5357 audiat
793 5319 807 5357 :
874 5299 974 5356 Vos
1022 5310 1200 5354 autem
1236 5315 1342 5353 non
1365 5299 1492 5353 estis
1530 5298 1587 5351 in
1624 5313 1802 5363 carne,
1840 5299 1931 5352 sed
1964 5300 2021 5352 in
2128 5300 2244 5356 ﬁeri
2267 5298 2495 5371 possint,
2521 5308 2917 5367 consequenter
2946 5295 3176 5351 inseruit
3200 5313 3211 5349 :
3239 5295 3378 5361 Quia
3395 5295 3706 5361 ecccltiems,

434 5394 627 5465 spiritu
661 5393 726 5449 ³⁹.
777 5390 896 5449 Non
952 5392 1100 5448 enim
1144 5390 1325 5446 taliter
1376 5390 1582 5445 diceret
1621 5404 1741 5444 eam
1783 5387 2019 5444 Verbum
2140 5393 2334 5463 inquit,
2373 5390 2607 5457 transiit,
2640 5389 2819 5459 pluvia
2845 5389 2998 5444 abiit.
3033 5386 3152 5443 Non
3177 5387 3322 5442 enim
3369 5397 3495 5442 ante
3524 5386 3707 5441 anima

436 5486 534 5543 Dei
556 5489 865 5558 proximam
901 5487 1041 5550 sibi,
1083 5485 1188 5541 nisi
1211 5484 1568 5555 eonjungeret
1592 5497 1652 5538 se
1678 5482 1749 5549 ei,
1779 5491 1833 5538 et
1871 5482 2023 5538 ﬁeret
2130 5484 2311 5540 Verbo
2361 5481 2453 5537 Dei
2495 5479 2745 5551 jungitur
2788 5489 2844 5534 et
2891 5477 3165 5541 sociatur,
3203 5477 3308 5533 nisi
3334 5477 3515 5532 omnis
3542 5492 3609 5531 ex
3642 5490 3707 5532 ea

439 5596 563 5636 cum
591 5596 658 5638 eo
686 5597 829 5637 unus
858 5580 1107 5652 spiritus,
1154 5594 1254 5633 nec
1284 5576 1491 5633 diceret
1537 5591 1657 5631 eam
1692 5575 2018 5645 speciosam,
2130 5577 2303 5631 hiems
2324 5571 2795 5645 perturbationum
2842 5583 2906 5623 ac
2946 5568 3204 5622 vitiorum
3236 5568 3471 5638 procella
3497 5567 3707 5623 disces-

510 5728 557 5761 ³³
581 5728 738 5784 Rom.
771 5745 855 5785 ιιι,
878 5730 968 5784 ‘25.
1048 5728 1093 5760 ³⁸
1117 5727 1262 5781 Eccl.
1287 5740 1385 5786 vn,
1417 5723 1509 5777 21.
1587 5723 1631 5755 ³⁸
1657 5721 1779 5775 Job.
1812 5735 1900 5780 xv,
1933 5719 2018 5775 li.
2118 5719 2161 5751 ³⁸
2195 5715 2338 5771 Psal.
2398 5727 2584 5775 cxxtv,
2640 5709 2690 5762 7.
2803 5708 2849 5746 ³⁷
2883 5707 3078 5778 Epiros.
3138 5723 3210 5772 tv,
3273 5707 3325 5762 8.
3418 5707 3483 5754 -”
3513 5706 3697 5761 Matth.

436 5814 611 5867 xxv",
655 5799 743 5866 52,
799 5801 885 5854 53.
963 5801 982 5831 ³
1034 5799 1192 5853 Rom.
1223 5812 1338 5861 vm,
1380 5796 1433 5849 9.
1510 5794 1554 5826 ⁸ο
1582 5792 1726 5847 Psal.
1758 5807 1844 5853 ιν,
1879 5792 1932 5843 6.
