4130 6460
366 433 472 491 185

1714 426 1920 483 LIBER
1958 425 2314 493 QUARTUS.

3525 429 3627 485 186

366 553 544 620 serit,
586 559 644 607 et
676 548 821 605 ultra
849 547 963 617 jam
999 558 1109 600 non
1151 544 1399 609 ﬂuctuet,
1437 550 1493 601 et
1533 539 1947 599 circumferetur
1973 546 2022 603 Α
2048 542 2199 598 ciens
2233 552 2431 599 cuncta
2455 558 2683 615 corpora
2717 542 2868 599 venit
2900 543 2967 598 ad
2993 558 3141 613 cum,
3184 553 3242 598 ut
3282 541 3633 614 perfectionis

369 644 520 699 omni
563 651 728 699 vento
779 639 1043 697 doctrina:
1076 638 1146 692 “.
1189 636 1293 692 Uini
1314 652 1464 708 ergo
1505 652 1571 692 ex
1620 637 1806 692 anima
1835 638 1950 693 haec
1996 632 2001 639 ’

367 743 567 790 cuncta
594 731 970 797 discesserint,
985 727 1494 797 desideriorumque
1510 726 1579 780 ab
1600 726 1790 783 eadem
1812 735 1951 782 tem-

369 836 552 897 pestas
585 824 858 895 eﬂ‘ugerit,
878 802 1012 877 ἷιιιιε
1049 818 1309 890 incipient
1336 818 1390 872 in
1421 832 1484 872 ea
1518 817 1682 874 ﬂores
1722 834 1952 876 vernare

373 917 654 981 virtutum,
709 928 842 969 tunc
885 913 1007 982 ejus
1058 910 1229 966 menti
1285 917 1341 964 et
1393 916 1607 979 tempus
1651 911 1950 980 putationis

372 1007 625 1062 adveniet
665 1005 801 1077 (75),
834 1012 889 1060 et
921 1003 969 1060 si
994 1001 1127 1073 quid
1157 1000 1494 1074 superﬂuum
1529 1012 1583 1058 et
1609 1004 1793 1062 minus
1818 1007 1951 1064 utile

368 1097 536 1153 fuerit
588 1097 645 1152 in
708 1096 829 1167 ejus
879 1096 1137 1152 sensibus
1185 1095 1269 1152 vel
1320 1094 1685 1153 intellectibus
1732 1113 1950 1155 reseca-

369 1188 536 1257 bitur,
572 1196 629 1245 et
659 1186 730 1244 ad
768 1202 1013 1260 gemmas
1054 1187 1316 1259 spiritalis
1360 1185 1739 1257 intelligentia
1789 1205 1950 1247 revo-

369 1281 606 1337 cabitur.

425 1372 600 1426 ‘Tunc
646 1369 810 1425 etiam
868 1384 1059 1426 vocem
1109 1369 1226 1442 (74)
1277 1373 1511 1431 turturis
1549 1373 1752 1442 audiet,
1801 1373 1949 1429 illius

372 1462 494 1517 sine
521 1461 688 1517 dubio
720 1461 995 1531 sapientiae
1028 1478 1198 1534 quam
1220 1463 1568 1534 dispensator
1585 1465 1737 1521 verbi
1770 1463 1951 1536 loqui-

372 1562 464 1607 tur
491 1553 634 1609 inter
660 1552 951 1623 perfectos,
1002 1554 1287 1625 sapientiae
1312 1554 1410 1612 Dei
1436 1556 1645 1613 altioris
1674 1573 1795 1628 quae
1822 1557 1950 1613 abs-

369 1642 586 1697 condita
611 1650 696 1698 est
720 1642 777 1699 in
806 1643 1090 1714 mysterio.
1121 1641 1237 1699 Hoc
1260 1659 1501 1714 namque
1528 1644 1734 1699 indicat
1759 1644 1947 1714 appel-

366 1732 501 1786 latio
544 1732 793 1789 turturis.
843 1730 972 1789 Haec
1011 1747 1249 1802 namque
1291 1731 1408 1788 avis
1462 1728 1520 1785 in
1559 1732 1950 1792 secretioribus

362 1830 419 1877 et
454 1823 683 1878 remotis
710 1838 741 1877 a
771 1810 1125 1876 multitudine
1157 1821 1296 1877 locis
1336 1821 1505 1875 vitam
1540 1823 1810 1894 transigit,
1856 1832 1951 1879 aut

2052 634 2173 703 ejus
2222 635 2495 706 particeps
2550 635 2663 691 ﬁat.
2711 634 2918 693 Idcirco
2957 634 3121 705 igitur
3155 634 3312 705 quasi
3341 633 3519 689 adhuc
3546 633 3633 704 ja-

2055 722 2220 790 centi,
2274 735 2329 780 et
2361 726 2418 780 in
2448 726 2612 782 rebus
2654 726 2936 797 corporeis
2970 726 3307 781 int-umbenti
3343 725 3519 795 primo
3549 724 3633 778 di-

2053 815 2129 870 cit
2158 835 2172 870 :
2200 815 2471 888 Exsurge,
2508 827 2563 873 et
2602 819 2759 888 quasi
2785 833 2908 888 quae
2944 818 3127 873 statim
3159 816 3425 872 obedierit
3451 823 3506 871 ct
3534 817 3632 872 oh-

2053 915 2239 963 secuta
2269 907 2342 962 sit
2365 909 2602 976 vocanti,
2633 908 2980 964 collaudatur
3006 910 3079 968 ab
3110 923 3176 964 co
3196 918 3253 964 ct
3285 907 3436 963 audit
3466 925 3480 962 :
3505 906 3634 962 Pro-

2049 1001 2201 1055 xima
2225 1016 2362 1068 mea,
2401 1009 2451 1055 et
2480 1000 2723 1055 columba
2748 1016 2886 1055 mea.

2124 1091 2190 1148 Et
2218 1099 2342 1164 post
2373 1093 2489 1147 inec
2512 1107 2581 1147 ne
2613 1091 2682 1146 ad
2722 1091 3083 1147 tentationum
3114 1090 3360 1147 turbines
3392 1088 3632 1160 trepida-

2051 1194 2153 1252 ret,
2182 1185 2474 1240 annuntiat
2514 1184 2563 1241 ei
2602 1183 2750 1254 quod
2777 1184 2953 1240 hiems
2990 1185 3331 1249 discesserit,
3368 1192 3423 1238 et
3450 1183 3632 1254 pluvia

2016 1334 2021 1339 ι
2053 1278 2348 1345 transierit,
2399 1287 2453 1333 et
2480 1277 2677 1332 abierit
2705 1276 2830 1332 sibi.
2869 1274 3017 1330 Bene
3067 1284 3249 1331 autem
3285 1275 3541 1329 vitiorum
3579 1281 3635 1328 et

2049 1378 2401 1441 peccatorum
2450 1377 2703 1424 naturam
2754 1384 2865 1423 uno
2924 1368 3066 1421 miro
3118 1381 3372 1421 sermone
3417 1366 3632 1435 prolato

2050 1460 2398 1531 signiﬁcavit,
2444 1471 2507 1516 ut
2551 1459 2866 1531 hujusmodi
2898 1459 3105 1515 diceret
3135 1459 3373 1515 hiemem
3412 1464 3467 1512 et
3505 1457 3630 1527 plu-

2049 1550 2214 1615 viam,
2271 1566 2395 1621 quae
2445 1565 2514 1607 ex
2551 1551 2807 1606 vitiorum
2847 1550 3050 1606 delicto
3085 1557 3513 1637 tempestateque
3540 1549 3635 1602 de-

2049 1642 2298 1709 scendat,
2335 1642 2441 1697 sibi
2497 1642 2701 1698 abiisse
2743 1642 3017 1706 indicans,
3062 1649 3119 1696 et
3143 1656 3240 1711 per
3275 1640 3381 1696 hoc
3425 1638 3632 1694 nullam

2050 1751 2172 1792 esse
2197 1732 2563 1789 substantiam
2596 1743 2971 1804 peccatorum.
2998 1729 3117 1786 Non
3148 1731 3293 1786 enim
3326 1728 3635 1787 decidentia

2051 1823 2120 1880 de
2163 1822 2389 1878 homine
2442 1822 2574 1878 vitia
2631 1823 2701 1878 ad
2753 1823 2992 1893 aliquam
3047 1822 3212 1877 aliam
3269 1821 3635 1877 substantiam

365 1915 581 1970 deserta
626 1913 896 1972 montium
953 1910 1208 1981 diligens,
1266 1919 1363 1966 aut
1418 1920 1629 1968 secreta
1662 1884 1946 1980 silvarum,
1980 1884 2025 1943 Β
2050 1923 2400 1987 peccatorum
2424 1884 2864 1985 congregantur;
2879 1914 2971 1969 sed
2997 1913 3101 1969 sibi
3128 1913 3354 1978 abeunt,
3384 1922 3439 1967 et
3464 1912 3519 1966 in
3547 1927 3637 1967 se.-

371 2005 559 2073 procul
604 2018 820 2072 semper
870 2018 904 2060 a
951 2001 1299 2058 multitudine
1348 2005 1545 2074 posita,
1599 2014 1653 2061 ct
1694 2022 1727 2061 a
1776 2007 1950 2063 turbis

370 2095 570 2150 aliena.
623 2094 764 2162 Quid
812 2101 996 2150 autem
1041 2103 1122 2150 est
1161 2096 1307 2151 aliud
1355 2098 1500 2166 quod
1554 2103 1949 2171 opportunitati

364 2189 628 2258 temporis
682 2189 847 2260 hujus
899 2192 1316 2264 ammnitatique
1376 2195 1710 2251 conveniat?
1758 2195 1949 2263 Ficus,

368 2275 566 2347 inquit,
617 2280 874 2349 produxit
924 2283 1162 2352 germina
1203 2300 1325 2339 sua.
1378 2283 1689 2341 Notandum
1726 2286 1948 2357 quidem

363 2368 575 2429 fructus
613 2370 786 2441 ipsius
833 2372 1109 2443 Spiritus,
1142 2375 1238 2446 qui
1273 2386 1404 2432 sunt
1444 2377 1729 2449 gaudium,
1762 2378 1948 2434 chari-

361 2469 469 2529 tas,
498 2462 612 2532 88
638 2478 781 2532 pax,
828 2474 882 2520 et
923 2473 1143 2523 caetera.
1190 2466 1296 2523 Sed
1326 2468 1437 2539 jam
1484 2478 1666 2524 tamen
1703 2471 1948 2541 germina

361 2565 553 2607 eorum
620 2553 863 2625 proferre
917 2555 1108 2625 incipit
1166 2556 1393 2627 spiritus
1444 2558 1706 2625 hominis,
1746 2561 1841 2630 qui
1892 2561 1948 2615 in

360 2643 480 2711 ipso
525 2654 611 2700 est
653 2646 1006 2717 singulariter
1065 2648 1301 2705 ﬁculnea
1378 2651 1720 2707 nominatus.
1793 2652 1950 2709 Sicut

354 2733 504 2787 enim
544 2737 870 2804 generaliter
904 2739 962 2792 in
1004 2737 1249 2794 Ecclesia
1283 2739 1513 2795 diversa:
1561 2741 1786 2798 arbores
1834 2742 1949 2798 sin-

364 2823 507 2892 gula:
555 2840 789 2896 quaeque
818 2828 1015 2884 anima:
1067 2829 1404 2887 credentium
1451 2829 1849 2901 intelliguntur,
1882 2834 1949 2888 de

358 2914 563 2983 quibus
602 2916 850 2973 dicitur:
893 2918 1078 2974 Omnis
1136 2920 1295 2974 arbor
1328 2937 1489 2991 quam
1531 2938 1634 2977 non
1686 2923 1951 2993 plantavit

365 3001 528 3057 Pater
586 3018 731 3060 meus
788 3007 1012 3062 calcatis
1066 3008 1432 3062 eradicabitur
1482 3009 1550 3064 “.
1618 3008 1687 3064 Et
1742 3010 1943 3066 iterum

360 3092 590 3164 Paulus,
619 3097 714 3166 qui
748 3112 809 3153 se
834 3098 966 3154 dicit
988 3099 1295 3169 adjutorem
1326 3097 1418 3154 Dei
1447 3114 1571 3157 esse
1610 3101 1664 3156 in
1700 3102 1944 3172 agricul-

2050 2007 2282 2077 metipsa
2325 2007 2565 2062 resoluta
2599 2014 2955 2071 evanescunt,
3003 2014 3168 2075 atque
3204 2004 3258 2057 in
3289 2003 3520 2059 nihilum
3549 2018 3636 2058 re-

2050 2097 2331 2169 diguntur.
2377 2097 2444 2155 Et
2491 2098 2613 2155 ideo
2659 2097 2816 2162 dixit,
2872 2096 3000 2167 quia
3041 2095 3171 2149 abiit
3204 2093 3329 2147 sibi.
3364 2091 3452 2147 Fit
3501 2108 3635 2163 ergo

2051 2188 2421 2260 tranquillitas
2473 2190 2670 2245 anima:
2725 2198 3024 2260 apparente
3078 2189 3128 2244 ei
3180 2187 3360 2244 Verbo
3410 2187 3530 2255 Dei,
3580 2196 3638 2244 et

2049 2288 2300 2335 cessante
2343 2281 2622 2350 peccatoﬁ;
2676 2288 2730 2335 et
2781 2279 2854 2334 ita
2909 2280 3132 2335 demum
3192 2279 3418 2336 ﬂorente
3477 2279 3637 2354 vinea

2049 2372 2312 2442 incipient
2357 2373 2586 2428 virtutes
2626 2383 2791 2443 atque
2832 2372 3056 2428 arbusta
3099 2373 3369 2429 bonorum
3406 2386 3637 2443 operum

2049 2463 2289 2519 fructum
2319 2465 2646 2535 germinare.
2699 2461 2806 2518 Sed
2838 2478 2985 2519 nunc
3015 2464 3212 2520 iterum
3240 2464 3494 2520 Christus
3520 2463 3637 2519 hare

2048 2555 2295 2624 loquitur
2324 2556 2390 2611 ad
2418 2554 2720 2611 Ecclesium
2745 2596 2761 2622 ,
2809 2564 2866 2611 ct
2912 2555 2969 2611 in
3011 2553 3142 2609 anni
3172 2554 3443 2611 circulum
3473 2569 3638 2610 omne

2047 2648 2332 2717 praasentis
2381 2647 2569 2702 saeculi
2622 2648 2861 2716 spatium
2916 2647 3091 2716 ponit.
3136 2644 3204 2700 Et
3262 2660 3359 2715 per
3398 2645 3634 2701 hiemem

2047 2732 2269 2809 quidem
2312 2737 2446 2792 illud
2483 2736 2686 2792 indicat
2721 2746 2957 2808 tempus,
2999 2738 3054 2792 in
3092 2752 3205 2807 quo
3234 2736 3317 2790 vel
3348 2733 3638 2807 Egyptios

2049 2829 2262 2900 grando
2298 2837 2356 2883 et
2387 2828 2634 2884 turbines
2655 2844 2721 2884 ac
2746 2829 2958 2901 reliqua
2982 2828 3170 2887 decem
3200 2828 3485 2899 plagarum
3511 2841 3638 2881 ver-

2047 2921 2179 2977 bera
2205 2920 2599 2991 ﬂagellabant,
2622 2918 2705 2975 vel
2731 2935 2857 2977 cum
2883 2919 3098 2976 diversa
3141 2919 3285 2975 bella
3323 2916 3639 2990 perferebat

2046 3010 2248 3077 Israel;
2289 3010 2372 3065 vel
2403 3011 2569 3066 etiam
2613 3026 2739 3066 cum
2768 3011 2873 3083 ipsi
2912 3010 3182 3066 Salvatori
3206 3009 3429 3079 restitit,
3464 3018 3520 3067 et
3550 3010 3637 3065 in-

2046 3103 2394 3160 credulitatis
2439 3104 2656 3160 turbine
2694 3112 2997 3173 correptus,
3037 3099 3325 3175 naufragio
3360 3104 3482 3160 fidei
3505 3102 3636 3158 sub-

362 3195 485 3280 tnra
517 3185 666 3280 Deit
682 3188 760 3280 ait
795 3190 961 3280 etiam
984 3190 1098 3260 ipse
1148 3207 1180 3280 εγ
1205 3190 1318 3262 Ego
1350 3193 1608 3263 plantavi,
1643 3194 1833 3265 Apollo
1870 3198 1944 3252 ri-
1970 3222 2014 3280 α
2047 3211 2262 3253 mersus
2283 3204 2389 3251 est.
2421 3194 2527 3253 Ubi
2556 3212 2687 3267 ergo
2717 3196 2932 3252 illorum
2965 3196 3165 3255 delicto
3198 3198 3349 3254 salus
3376 3196 3636 3269 gentibus

356 3278 495 3350 gavit
525 3278 590 3333 “.
632 3277 740 3335 Sed
767 3287 824 3336 et
861 3279 1131 3338 Dominus
1170 3279 1226 3336 in
1257 3280 1564 3354 Evangeliis
1594 3302 1610 3340 :
1641 3287 1748 3339 Aut
1782 3287 1944 3356 facile

356 3370 601 3425 arborem
642 3370 856 3437 bonum,
892 3383 944 3427 et
978 3372 1213 3442 fructum
1244 3374 1362 3443 ejus
1396 3375 1625 3441 bonum;
1657 3387 1751 3433 aut
1788 3379 1944 3435 arboo

358 3477 464 3515 rem
506 3461 794 3525 malam,et
841 3464 1078 3534 fructum
1123 3466 1240 3536 ejus
1290 3468 1493 3523 malum
1518 3469 1586 3524 “.
1629 3468 1784 3526 Sicut
1810 3487 1942 3543 ergo

357 3555 686 3624 generaliter
721 3557 778 3613 in
814 3558 1059 3616 Ecclesia
1107 3562 1307 3634 singuli
1347 3563 1553 3634 quique
1598 3565 1938 3622 credentium

357 3646 592 3703 diversa:
635 3649 867 3708 arbores
903 3652 1305 3725 intelliguntur,
1348 3653 1422 3709 ita
1454 3668 1509 3710 et
1531 3656 1587 3710 in
1613 3673 1944 3730 unaquaque

356 3735 540 3791 anima
583 3738 816 3795 diversa:
839 3741 1070 3799 virtutes
1098 3743 1337 3799 eﬁicacia
1363 3744 1484 3814 ejus
1520 3745 1750 3803 diversae
1779 3749 1944 3805 arbo-

355 3837 445 3879 res
475 3824 873 3897 intelliguntur.
932 3829 1031 3886 Est
1076 3847 1208 3903 ergo
1237 3837 1377 3891 etin
1414 3836 1599 3891 anima
1632 3838 1765 3893 ﬁcus
1794 3853 1943 3908 qua:—

353 3915 482 3972 dam
527 3934 649 3988 qua:
686 3921 937 3988 producit
965 3907 1188 3992 germen
1229 3942 1391 3983 suum
1430 3948 1442 3984 :
1475 3940 1558 3984 est
1577 3939 1634 3985 et
1662 3930 1791 3985 vitis
1812 3907 1943 4000 mue

354 4003 571 4072 ﬂoreat,
611 4016 666 4062 et
694 4007 887 4063 reddat
915 4011 1140 4067 odorem
1173 4030 1353 4071 suum.
1394 4017 1570 4087 Cujus
1597 4017 1724 4072 vitis
1749 4018 1941 4088 palmi-

354 4107 438 4153 tes
469 4106 666 4170 purgat
702 4099 863 4155 Pater
899 4102 1139 4160 caelestis
1162 4105 1425 4174 agricola,
1455 4117 1515 4163 nt
1539 4108 1778 4164 fructum
1808 4111 1936 4182 plu-

353 4189 559 4244 rituum
607 4190 856 4247 aﬁ'erant.
907 4192 1014 4249 Sed
1062 4195 1177 4251 haec
1222 4196 1350 4252 vitis
1387 4198 1564 4268 primo
1607 4216 1703 4272 per
1755 4203 1941 4259 odoris

353 4279 684 4336 suavitatem
732 4298 857 4352 quae
888 4299 955 4338 ex
992 4283 1126 4341 ﬂore
1166 4285 1430 4356 redditur,
1468 4290 1707 4346 laetiﬁcat
1736 4293 1939 4347 odora-

356 4376 473 4425 tum
506 4388 525 4439 ;
560 4373 862 4428 secundum
908 4390 1035 4430 eum
1071 4376 1165 4445 qui
1194 4377 1408 4435 dicebat
1440 4399 1454 4434 :
1484 4381 1747 4446 Quoniam
1775 4384 1939 4439 Cirri-

348 4466 432 4519 sti
456 4463 619 4519 bonus
654 4466 788 4520 odor
821 4483 1007 4521 sumus
1033 4466 1143 4524 Deo
1168 4470 1220 4525 in
1251 4472 1392 4526 onmi
1419 4471 1535 4526 loco
1556 4473 1623 4530 ".
1660 4474 1786 4533 Hau:
1809 4495 1940 4551 ergo

2044 3291 2188 3348 facta
2216 3297 2323 3355 est,
2347 3298 2509 3346 vocat
2536 3306 2687 3347 nunc
2715 3292 2784 3348 ad
2816 3308 2877 3349 se
2898 3292 3228 3362 Ecclesiam,
3259 3291 3500 3362 dicitque
3523 3291 3572 3345 ei
3613 3309 3629 3347 :

2043 3382 2312 3453 Exsurge,
2351 3390 2407 3437 et
2450 3382 2573 3437 veni
2604 3382 2673 3438 ad
2702 3399 2809 3449 me,
2846 3386 2977 3456 quia
3003 3387 3119 3459 jam
3146 3386 3323 3441 hiems
3345 3399 3468 3454 quae
3499 3383 3634 3440 sub-

2044 3473 2241 3531 mersit
2273 3474 2607 3542 incredulos,
2640 3483 2694 3531 et
2713 3491 2812 3533 vos
2844 3477 2901 3533 in
2936 3478 3247 3550 ignorantia
3279 3476 3631 3548 reprimebat,

2043 3565 2332 3622 abscessit.
2376 3563 2482 3621 Sed
2516 3576 2570 3621 et
2593 3568 2775 3637 pluvia
2806 3571 3148 3639 pertransiit,
3182 3569 3236 3625 id
3273 3564 3487 3639 estjam
3517 3583 3628 3623 non

2042 3655 2318 3712 mandabo
2348 3656 2610 3725 nubibus,
2640 3659 2922 3729 prophetis
2945 3660 3174 3725 scilicet,
3213 3667 3275 3714 ut
3298 3658 3489 3728 pluant
3510 3659 3631 3728 plu-

2041 3749 2187 3804 viam
2232 3747 2396 3802 Verbi
2439 3764 2604 3817 super
2633 3757 2840 3816 terras;
2888 3751 2984 3805 sed
3034 3750 3156 3820 ipsa
3201 3765 3307 3805 vox
3371 3750 3628 3817 turturis,

2040 3839 2150 3895 hoc
2175 3848 2261 3894 est
2299 3839 2414 3908 ipsa
2449 3839 2539 3892 Dei
2587 3839 2856 3908 sapientia
2888 3839 3145 3910 loquetur
3171 3841 3226 3895 in
3254 3839 3434 3907 terris,
3466 3848 3521 3895 et
3543 3840 3632 3903 (ιι-ρ

2040 3941 2132 3986 cet
2161 3949 2175 3985 :
2207 3928 2328 3999 Ipse
2373 3929 2464 4000 qui
2506 3929 2761 4000 loquebar
2802 3931 2994 3986 adsum
3017 3931 3085 3985 “.
3120 3928 3309 3988 Fl'ores
3336 3946 3467 4002 ergo
3504 3946 3659 4005 creo,

2043 4019 2288 4076 dentium
2351 4018 2679 4089 populorum
2707 4062 2723 4088 ,
2790 4028 2846 4076 et
2899 4019 3194 4076 orientium
3256 4018 3625 4076 Ecclesiarnm

2044 4121 2417 4184 apparuerunt
2448 4112 2503 4167 iu
2534 4121 2697 4167 terra.
2730 4110 2837 4169 Sed
2864 4120 2917 4167 et
2946 4115 3245 4182 putationis
3270 4122 3484 4183 tempus
3508 4112 3627 4184 (75)

2043 4220 2140 4277 per
2174 4204 2335 4260 ﬁdem
2374 4219 2510 4260 mea:
2540 4203 2816 4274 passionis
2846 4214 2902 4261 et
2936 4205 3357 4262 resurrectionis
3381 4205 3623 4261 advenit.

2040 4302 2412 4366 Amputantur
2448 4294 2594 4349 enim
2624 4304 2678 4350 et
2699 4305 3031 4351 exsecantur
3063 4297 3134 4351 ab
3167 4296 3481 4351 hominibus

2040 4398 2185 4455 cata,
2221 4403 2346 4443 cum
2399 4386 2454 4441 in
2489 4386 2764 4456 baptismo
2809 4387 3046 4442 donatur
3083 4386 3336 4443 remissio
3375 4396 3625 4457 peceato-

2042 4445 2189 4539 rum.
2224 4479 2340 4536 Vox
2389 4445 2607 4550 quidem
2639 4479 2902 4544 turturis,
2953 4487 3013 4534 ut
3057 4480 3320 4545 diximus,
3359 4445 3473 4550 j-am
3514 4445 3713 4713 non/I

2047 4591 2143 4646 per
2170 4574 2418 4629 diversos
2446 4571 2772 4642 prophetas,
2804 4572 2898 4628 sed
2930 4588 3025 4642 per
3055 4588 3118 4627 os
3144 4572 3317 4642 ipsius
3344 4572 3625 4654 sapientia:

2048 4665 2142 4713 Dei
2190 4664 2417 4713 auditur
2464 4663 2521 4713 in
2561 4663 2741 4713 terris.
2794 4662 2862 4713 Et
2916 4664 3148 4713 ﬁculnea
3179 4665 3466 4713 germinat-
3501 4680 3625 4713 num

352 4552 509 4610 initia
548 4555 810 4654 virtutum
846 4558 1039 4613 videns
1077 4574 1260 4654 sermo
1305 4561 1396 4617 Dei
1440 4564 1494 4618 in
1528 4565 1710 4623 anima
1735 4606 1753 4633 ,
1781 4584 1941 4628 vocat
1973 4557 2016 4614 ί)
2047 4591 2143 4646 per
2170 4574 2418 4629 diversos
2446 4571 2772 4642 prophetas,
2804 4572 2898 4628 sed
2930 4588 3025 4642 per
3055 4588 3118 4627 os
3144 4572 3317 4642 ipsius
3344 4572 3625 4654 sapientia:

354 4659 477 4701 tam
506 4646 577 4701 ad
612 4650 968 4718 semetipsum
990 4691 1006 4718 ,
1041 4660 1102 4706 ut
1140 4650 1362 4709 festinet
1393 4663 1449 4709 et
1478 4666 1636 4712 exeat
1661 4677 1675 4726 ;
1710 4673 1764 4715 et
1794 4663 1939 4735 abji-

351 4789 395 4823 “
429 4788 625 4860 Ephes.
681 4808 756 4860 tv,
808 4793 896 4850 M.

1009 4797 1052 4828 “
1071 4795 1262 4853 Matth.
1295 4816 1386 4868 xv,
1422 4802 1509 4857 l5.

353 4874 451 4929 LII,
473 4855 543 4916 '6.

394 4978 869 5070 “(ifill’rocppi’us
898 5000 971 5070 ex
997 4980 1230 5058 Origene
1263 5007 1276 5044 :
1309 4988 1493 5062 Τομῆς
1540 4992 1729 5065 καιρὸς
1767 4997 1795 5049 ὁ
1835 4998 1936 5070 τῆς

350 5053 462 5121 τῶν
474 5120 479 5121 ν
490 5053 760 5121 περιττῶν
788 5053 1118 5120 ἀποϐέσεωςῖ

425 5119 539 5191 (74)
567 5119 735 5204 Tunc.
770 5124 933 5204 etiam
968 5119 1162 5204 uocem,
1215 5135 1350 5204 etc;
1366 5127 1670 5204 Procopius
1714 5150 1779 5189 ex
1810 5133 1934 5191 Ori-

353 5204 498 5274 gene
529 5208 543 5223 '
786 5193 906 5274 τῆς·
936 5197 1244 5274 ζρυτόνος.
1281 5199 1476 5274 Ἢικαὶ
1498 5193 1757 5274 τρμγόνος
1789 5206 1936 5274 λέγει

353 5261 794 5350 ξῇςνᾲσιτορῤτήτευ
823 5266 916 5318 καὶ
930 5261 1219 5350 ’ἆχνῶςξτοὺ
1246 5269 1436 5350 σοφίας
1454 5287 1467 5299 ⁸
1502 5261 1800 5350 ςξίλὲρῃμῖιν
1828 5261 1935 5350 γξιρ

350 5329 418 5384 τὸ
438 5329 609 5394 ζῶονῖ
629 5329 714 5406 ’ἦέ
804 5335 958 5406 φωνὴ
975 5329 1246 5413 -ᾇχούεται
1276 5329 1387 5413 rei;
1410 5329 1489 5413 St}.
1515 5329 1802 5413 ’ἐπιίίήῗνον
1834 5329 1939 5399 cio:

353 5405 885 5484 μασπεριὲεςμὲνοις.
922 5405 1100 5484 «γοω-
1123 5410 1371 5462 turturis.
1397 5405 1726 5484 sicuti-ant
1765 5433 1783 5466 ι
1824 5427 1940 5469 tur~

350 5473 486 5547 turis
527 5473 714 5547 s_dic_i_t,
750 5490 963 5547 arcana:
989 5488 1039 5530 et
1083 5481 1278 5547 ignaue
1328 5481 1604 5547 sapientiae
1638 5498 1656 5536 :
1689 5493 1763 5537 est
1793 5486 1931 5538 enim

351 5540 554 5626 animal
570 5542 886 5626 solitudinis
918 5540 1138 5626 amans}
1170 5549 1325 5626 ,παλαις
1362 5540 1460 5603 vos:
1492 5552 1713 5606 auditur
1742 5556 1810 5610 iis
1841 5556 1930 5626 qui

349 5609 524 5683 adhuc
564 5620 825 5683 terrenum
860 5632 1046 5683 corpus
1089 5609 1265 5671 induti
1302 5630 1444 5673 sunt.

424 5680 536 5761 (75)
583 5681 770 5762 δαίμ
810 5680 1100 5762 putationis
1133 5697 1492 5762 tctnpus,ictc_.
1526 5689 1832 5762 Procopius
1860 5708 1930 5760 ex

351 5745 589 5833 ρι’ξιζςιιε
618 5771 629 5805 :
665 5745 833 5816 Οὖτοξ
866 5754 923 5833 δᾴ
957 5756 1156 5833 sort.ng
1188 5745 1287 5828 τῆς
1324 5745 1489 5833 dum;
1514 5745 1836 5832 “tragoedias,

349 5820 395 5885 ᾦ
419 5820 499 5874 δεῖ
534 5822 601 5877 τὰ
636 5823 924 5892 σωματικὰ
963 5825 1054 5878 τοῦ
1088 5820 1286 5898 νόμοι-ἱ,
1324 5830 1417 5883 καὶ
1443 5832 1540 5903 τῆς
1571 5820 1629 5886 é'v
1655 5836 1767 5899 τοῖς
1795 5820 1928 5906 r5320-

1622 4803 1670 4835 "
1701 4804 1721 4858 Ι
1751 4807 1879 4895 Cor.
1917 4828 2002 4882 ιιι,
2066 4810 2119 4868 6.

2045 4665 2143 4722 Dei
2190 4664 2417 4719 auditur
2464 4663 2521 4718 in
2561 4663 2741 4719 terris.
2794 4662 2862 4719 Et
2916 4664 3149 4720 ﬁculnea
3179 4665 3466 4737 germinat,
3501 4680 3625 4735 quae

3638 4734 3695 4766 μ]

2234 4808 2283 4842 ⁸⁸
2303 4806 2496 4865 Matth.
2526 4824 2624 4878 xu,
2651 4809 2742 4866 55.
2853 4808 2900 4843 ⁸⁸
2933 4807 2978 4865 ll
3003 4810 3133 4867 Cor.
3154 4827 3215 4880 ιι,
3243 4811 3332 4866 15.
3446 4810 3495 4843 ⁴⁶
3513 4809 3619 4867 lsa.

2042 4999 2238 5072 φήτᾳις
2269 4997 2942 5072 ἱσςτορίαςᾳπεριπεφυιιοτα
2968 4998 3077 5072 (rei;
3108 4997 3496 5072 meupa'ctuoi;
3521 5012 3619 5072 rte-

2044 5066 2415 5141 ῥιῖεέμγεσβαί,
2437 5066 2545 5141 grai
2565 5066 2745 5139 μεῖναι
2772 5069 2841 5141 τᾲ
2865 5069 3168 5141 κρείττοναῄ.
3205 5066 3412 5141 Καιρὸς
3438 5066 3494 5141 δὲ
3516 5068 3621 5120 πά·-

2033 5136 2117 5211 λιν
2146 5136 2242 5211 atat
2268 5138 2502 5211 ﬁgath
2523 5136 3210 5211 apapmudcwvﬁuxorriiq
3245 5136 3618 5211 Xdi_d€pé6€_tu;

2033 5209 2124 5297 διὰ
2172 5206 2417 5297 iure?
2442 5206 2903 5297 πελίχϊεγεῗάίσεςε
2935 5208 3057 5297 K31
3083 5206 3618 5297 3117939966113?)

2035 5279 2267 5360 νυμφξος
2294 5274 2376 5360 ὡς
2398 5279 2527 5360 περ)
2562 5274 2760 5360 ἑτέροις.
2784 5278 2933 5360 λέγει
2964 5274 3347 5360 ςεοῦιῖιτριέχόνρς
3365 5293 3379 5307 ⁸
3413 5274 3617 5360 prona:

2035 5295 2267 5360 vupuptog
2294 5295 2376 5360 ως
2398 5295 2527 5348 περι
2562 5295 2749 5350 ετερου
2790 5295 2933 5402 next
2964 5295 3058 5331 του
3089 5295 3379 5349 τρυγονοςυ
3417 5295 3611 5329 πολλα·

2034 5366 2131 5430 Χ9υ
2153 5349 2261 5430 γὰρ
2286 5365 2444 5403 τουτο
2462 5350 2561 5430 τῆς
2573 5348 2798 5430 Γραφῆς
2820 5349 2846 5401 ἔ
2911 5364 2940 5412 ς
2961 5348 3129 5430 aestv.
3161 5347 3309 5430 Illud
3323 5355 3507 5430 autem
3531 5353 3611 5430 est

2034 5416 2435 5490 eius'adoentus
2469 5416 2713 5488 tentpus,’
2745 5416 2801 5474 in
2824 5436 2926 5490 quo
2968 5418 3097 5490 legis
3133 5435 3197 5472 ac
3229 5416 3469 5470 historia:
3494 5429 3614 5483 qua:

2036 5489 2094 5544 in
2143 5489 2407 5559 prophetis
2439 5496 2518 5543 est
2545 5504 2793 5558 corporea
2824 5489 3179 5559 quw°adnata
3193 5497 3363 5559 _sunt,
3409 5499 3615 5559 necesse

2036 5567 2115 5614 est
2143 5554 2491 5622 'cir'cumcidi,
2544 5568 2593 5612 et
2635 5554 2853 5612 'manere
2898 5557 3137 5611 meliora.
3191 5554 3412 5625 Tempus
3450 5555 3614 5625 etiam

2038 5644 2222 5682 rursus
2253 5639 2330 5683 est
2367 5627 2708 5682 exscindendi
2732 5636 2959 5696 peccata
2970 5641 3258 5696 eorumque
3287 5624 3609 5679 remissionis

2036 5714 2128 5767 per
2152 5697 2422 5753 lavacrum
2462 5695 2889 5767 regenerationis.
2929 5694 3284 5767 Nec_rnireris
3311 5698 3356 5750 si
3391 5710 3607 5767 sponsus

2037 5762 2173 5822 uelut
2197 5769 2261 5821 de
2284 5768 2391 5821 alio
2421 5783 2484 5837 ac
2513 5762 2716 5819 turture
2738 5764 2993 5835 loquitur.
3036 5765 3127 5822 Sic
3150 5767 3285 5823 enim
3310 5762 3503 5837 swp‘ius
3525 5762 3599 5819 Io-

2036 5838 2125 5907 qui
2148 5838 2411 5892 consuevit
2446 5835 2746 5905 Scriptura.
