4130 6484
429 418 535 475 εει

431 543 621 611 potest
658 531 716 587 in
746 526 1026 585 fructibus
1060 519 1238 579 sancti
1267 516 1508 587 Spiritus
1540 509 1737 578 accipi,
1763 504 1859 576 qui
1894 514 2047 611 nunc
2072 504 2115 558 Α

437 590 681 701 primum
708 621 1034 692 aperiuntur
1055 623 1110 669 et
1138 612 1598 667 demonstrantur
1625 597 1885 655 Ecclesiae
1919 612 1933 647 :
1967 590 2051 692 vel

439 681 613 777 etiam
650 717 706 770 in
745 681 940 768 littera
995 707 1133 778 legis
1164 718 1293 774 qua:
1331 707 1461 753 ante
1505 696 1801 749 adventum
1846 681 2055 740 Christi

443 815 634 867 clausa
684 813 896 862 eratet
940 776 1263 859 constricta,
1319 801 1377 848 et
1426 790 1751 843 indumento
1812 776 2052 848 quodam

447 899 821 971 intelligentiae
868 891 1109 949 carnalis
1158 887 1399 939 obtecta.
1464 878 1542 931 Ex
1598 870 1891 944 pra-sentia
1928 881 2058 918 vero

449 959 656 1064 ejusrt
696 992 933 1045 adventu
987 981 1264 1054 prolatum
1304 983 1391 1028 est
1430 987 1494 1025 ex
1545 984 1606 1022 ea
1639 979 1859 1035 germen
1897 959 2061 1029 spiri-

450 1053 581 1143 talis
610 1081 1010 1153 intelligentiae,
1057 1085 1112 1129 et
1157 1083 1356 1128 sensus
1381 1064 1573 1118 viridis
1601 1071 1657 1114 et
1682 1054 1971 1123 vitalisqui
2005 1053 2059 1105 in

452 1192 520 1234 ea
551 1147 844 1245 tegebatur
878 1166 1137 1239 apparuit
1174 1181 1188 1216 :
1230 1168 1290 1213 ut
1334 1152 1579 1211 Ecclesia
1611 1166 1734 1221 qua;
1776 1147 2063 1216 tegebatur

457 1287 489 1324 a
516 1269 741 1323 Christo
773 1266 828 1318 iu
873 1262 1106 1316 ficulnea
1130 1298 1143 1319 ,
1179 1253 1231 1307 id
1264 1258 1348 1305 est
1383 1248 1437 1301 in
1473 1248 1589 1314 lege
1616 1282 1632 1305 ,
1658 1257 1768 1296 non
1796 1245 2062 1308 appareat

459 1361 639 1423 arida,
663 1371 768 1411 nec
798 1352 1143 1408 occidentem
1174 1345 1412 1398 litteram
1442 1335 1621 1407 sequi,
1651 1332 1747 1389 sed
1777 1330 2064 1385 ﬂorentem

463 1463 523 1507 et
559 1449 936 1503 vivificantem
968 1438 1251 1509 spiritum.

542 1560 653 1616 Sed
683 1567 738 1611 et
772 1555 913 1609 vites
942 1552 1144 1607 ﬂorere
1174 1548 1463 1608 dicuntur,
1508 1550 1563 1597 et
1598 1539 1815 1594 dedisse
1845 1535 2068 1590 odorem

472 1666 662 1709 suum.
720 1646 967 1700 Possunt
1009 1640 1230 1710 quidem
1279 1643 1333 1690 et
1393 1633 1621 1688 diversa:
1657 1626 1913 1681 Ecclesiae
1949 1638 2072 1693 qua!

473 1757 574 1813 per
599 1737 791 1792 orbem
827 1744 989 1788 terra
1029 1730 1318 1787 habentur,
1352 1726 1486 1778 vites
1519 1721 1625 1775 dici
1657 1718 1938 1780 ﬂorentes,
1979 1722 2073 1767 aut

1491 391 1822 453 OlllCENlS
1862 387 1927 443 IN
1968 370 2330 440 CANTICUM
2369 362 2645 423 CANTIC.
3628 348 3727 397 1118

2145 487 2313 555 hujus
2364 478 2650 552 praesentis
2691 473 2814 527 vita!
2871 466 3137 540 procellas
3167 475 3220 519 et
3270 462 3517 517 turbines
3551 474 3731 514 nonu-

2154 550 2321 635 ua—ns.
2362 550 2565 642 quibus
2616 566 2858 621 humana
2910 560 3021 612 vita
3075 554 3431 611 tentationum
3488 550 3736 621 procellis

2160 668 2420 738 agitatur.
2462 656 2706 714 Transiit
2729 668 2859 725 ergo
2889 650 3066 705 hiems
3101 648 3200 703 ista
3225 661 3349 701 eum
3374 643 3569 713 pluviis
3598 643 3735 707 suis,

2157 736 2291 815 abiit
2321 755 2446 812 sibi.
2509 751 2625 806 Sibi
2656 744 3038 816 unusquisque
3070 740 3177 810 egit
3206 739 3259 793 in
3301 738 3403 792 hac
3437 736 3542 789 vita
3578 748 3741 788 omne

2156 849 2303 921 quod
2342 846 2467 914 egit.
2508 839 2846 909 Principium
2895 850 3028 890 vero
3078 828 3565 901 repromissionum
3596 826 3742 880 futu-

2161 958 2345 996 rarurn
2383 937 2566 991 ﬂores.
2593 930 2843 986 Securitu
2890 927 2955 981 ad
2997 925 3232 979 radicem
3274 918 3487 975 arboris
3510 917 3740 987 positam

2161 1033 2215 1088 in
2251 1024 2787 1086 consummationem
2820 1017 3027 1083 saacull,
3050 1025 3110 1070 ut
3150 1012 3365 1068 excidat
3401 1024 3618 1064 onmem
3651 1023 3743 1061 ar-

2161 1125 2348 1179 borem
2379 1135 2487 1174 non
2515 1116 2801 1171 facientem
2851 1111 3091 1165 fructum
3122 1107 3349 1166 bonum,
3382 1112 3595 1171 tempus
3639 1115 3745 1169 pu-

2164 1207 2389 1263 tationis
2422 1203 2682 1272 intcllige.
2738 1197 2942 1253 Vocem
2980 1208 3111 1249 vero
3134 1191 3385 1256 turturis,
3416 1204 3538 1259 quze.
3566 1188 3621 1241 in
3657 1188 3749 1241 lit-

2168 1300 2298 1354 teris
2350 1291 2799 1365 repromissionis
2862 1289 3103 1352 auditur,
3156 1298 3320 1354 quam
3363 1281 3632 1336 mansueti
3692 1280 3745 1333 in

2169 1388 2492 1442 hmreditate
2541 1382 2864 1452 suscipient,
2918 1375 3123 1433 Christi
3181 1388 3471 1444 personam
3502 1370 3642 1425 facie
3682 1369 3748 1424 ad

2169 1478 2388 1541 faciem,
2439 1485 2492 1531 et
2528 1491 2637 1529 non
2665 1474 2777 1544 jam
2811 1487 2907 1542 per
2959 1469 3238 1539 speculum
3295 1473 3349 1519 et
3383 1464 3435 1517 in
3466 1463 3752 1531 aenigmate

2171 1568 2418 1625 docentis
2459 1568 2679 1621 adverte
2738 1566 2804 1620 ".
2863 1562 3121 1617 Fieulnea
3169 1573 3299 1613 vero
3353 1571 3475 1627 qua
3529 1570 3751 1625 germen

2174 1676 2334 1715 suum
2408 1657 2695 1729 producit,
2757 1654 2924 1709 totius
2984 1648 3420 1720 congregationis
3478 1645 3751 1715 juslorum

2175 1750 2388 1805 fructus
2415 1749 2696 1803 habeatur.
2750 1747 2874 1799 lstze
2904 1757 3033 1797 vero
3054 1749 3112 1797 et
3143 1748 3344 1795 sanctae
3369 1747 3423 1793 et
3451 1738 3620 1793 beata
3651 1752 3753 1791 an-

476 1807 677 1887 ;‘inw'
729 1827 897 1882 Vinea
936 1826 1076 1878 enim
1128 1820 1339 1874 Domni
1385 1815 1620 1911 sagaci?
1672 1811 1857 1911 (gamus
1903 1807 2073 1909 bra?!
2104 1829 2147 1888 Β
2177 1841 2359 1911 ευιίςξιε
2386 1840 2634 1903 virtutes,
2687 1836 2889 1905 quibus
2941 1833 3097 1887 electi
3128 1831 3333 1901 quique
3382 1837 3437 1883 et
3498 1829 3642 1883 beati
3685 1842 3754 1883 ex

481 1933 586 1984 est,
619 1928 669 1974 et
697 1918 886 1972 domus
927 1913 1074 1967 Juda
1112 1911 1307 1965 dilecta
1330 1906 1534 1963 novella
1569 1905 1637 1957 ⁸⁷.
1678 1902 1799 1957 Istae
1833 1915 1965 1970 ergo
1995 1898 2078 1951 vi-

486 2030 539 2067 n.
559 2028 606 2066 a3
633 2025 757 2064 cum
785 2007 964 2078 primo
992 2003 1262 2059 accedunt
1284 2000 1353 2055 ad
1380 1999 1540 2054 fidem
1565 1994 1759 2050 ﬂorere
1781 1993 2074 2058 dicuntur;

488 2119 618 2156 cum
651 2115 780 2155 vero
807 2114 904 2168 per
936 2096 1254 2166 religionem
1282 2108 1510 2163 cperum
1553 2101 1780 2148 suorum
1811 2084 2079 2140 suavitate

490 2194 855 2255 adornantur,
896 2188 1119 2244 odorem
1156 2199 1317 2239 suum
1363 2182 1580 2238 dedisse
1627 2180 1919 2240 dicuntur;
1966 2184 2077 2225 non

490 2285 616 2341 sine
646 2298 812 2337 causa
837 2290 969 2351 puto
995 2279 1140 2348 quod
1165 2293 1274 2332 non
1306 2274 1526 2339 dixerit,
1544 2271 1765 2327 odorem
1790 2266 2076 2326 dederunt,

494 2376 590 2431 sed
629 2375 854 2429 odorem
893 2387 1054 2427 suum
1089 2389 1102 2425 :
1142 2378 1201 2425 ut
1228 2366 1539 2425 ostenderet
1571 2364 1750 2419 inesse
1777 2359 2079 2426 unicuique

495 2466 694 2520 animae
732 2464 838 2517 vim
871 2460 1254 2533 possibilitatis
1280 2468 1333 2513 et
1360 2455 1574 2513 arbitrii
1612 2454 1938 2514 libertatem,
1971 2464 2078 2520 qua

497 2556 669 2625 possit
692 2569 852 2626 agere
869 2567 1033 2608 omne
1049 2552 1194 2623 quod
1219 2550 1421 2605 bonum
1439 2556 1543 2604 est.
1571 2545 1677 2600 Sed
1703 2544 1832 2614 quia
1860 2542 1964 2597 hoc
1980 2556 2081 2595 na-

497 2656 632 2701 tura:
664 2648 867 2701 bonum
894 2642 1358 2716 praevaricationis
1393 2638 1686 2695 occasione
1738 2635 2077 2704 decerptum,

495 2740 582 2791 vel
612 2738 677 2792 ad
717 2736 1095 2807 ignominiam,
1126 2735 1212 2789 vel
1241 2732 1523 2786 lasciviam
1567 2728 1751 2784 fuerat
1796 2724 2078 2791 inﬂexum,

498 2827 592 2882 ubi
628 2843 723 2896 per
756 2826 988 2897 gratiam
1014 2831 1320 2892 reparatur,
1359 2830 1414 2875 et
1447 2835 1542 2889 per
1573 2818 1879 2872 doctrinam
1915 2812 2081 2870 Verbi

504 2917 597 2974 Dei
628 2919 951 2979 restituitur,
1012 2915 1236 2969 odorem
1284 2911 1460 2966 reddit
1509 2909 1627 2964 sine
1679 2906 1848 2962 dubio
1905 2905 2080 2970 illum,

502 3027 665 3083 quem
708 3011 914 3080 primus
959 3007 1211 3064 conditor
1264 3003 1409 3059 Deus
1459 3001 1749 3064 indiderat,
1805 2998 1900 3053 sed
1958 3011 2087 3066 pec—

2176 1931 2578 1987 resurrectione
2625 1928 3004 1991 sociabunt-1r,
3050 1923 3144 1993 qui
3197 1929 3357 1976 erunt
3385 1921 3531 1976 sicut
3577 1917 3767 1991 angeli

2179 2021 2295 2087 Dei,
2332 2022 2463 2090 ipsa:
2517 2027 2646 2074 sunt
2674 2019 2813 2071 vites
2840 2025 2895 2070 et
2938 2014 3193 2069 ﬂorentes
3245 2013 3440 2073 vineae,
3466 2026 3588 2080 qua:
3617 2009 3759 2065 odo—

2176 2127 2291 2165 rem
2327 2125 2488 2165 suum
2546 2107 2846 2176 unicuique
2900 2105 3117 2167 animae,
3163 2109 3217 2155 et
3263 2100 3492 2171 gratiam
3519 2114 3685 2169 quam
3724 2114 3771 2154 ευ

2177 2199 2476 2255 Conditore
2513 2196 2759 2266 suscepit
2783 2195 2960 2265 prius,
2990 2202 3043 2247 ct
3071 2205 3217 2246 nunc
3266 2190 3462 2244 iterum
3492 2189 3756 2259 perditam

2179 2289 2543 2359 recuperavit,
2578 2286 2915 2356 impertiant,
2947 2283 3321 2351 suavitateque
3350 2279 3597 2335 celestis
3615 2280 3755 2333 odo-

2179 2380 2258 2435 ris
2287 2379 2510 2434 fetorem
2531 2378 2748 2432 tandem
2778 2375 3001 2444 abjecta:
3043 2374 3113 2429 ab
3153 2373 3235 2428 eis
3267 2370 3615 2426 mortalitatis
3640 2385 3760 2425 cora

2182 2471 2565 2540 ruptionisque
2591 2467 2887 2537 depellunt.

2257 2560 2413 2617 Vers.
2454 2560 2541 2625 13,
2586 2558 2671 2613 14.
2714 2557 2901 2628 Surge,
2933 2565 2984 2611 et
3025 2557 3158 2622 veni,
3215 2557 3460 2625 proxima
3506 2572 3641 2619 mea,
3666 2570 3763 2609 co-

2181 2650 2362 2704 lumba
2407 2665 2544 2713 mea,
2586 2649 2639 2702 in
2677 2646 2868 2701 aelami
2906 2645 3022 2699 ibus
3055 2655 3217 2713 petrae
3258 2646 3420 2714 juxta
3440 2643 3763 2713 promurale.

2185 2741 2411 2792 Ostende
2434 2738 2564 2791 mihi
2595 2738 2785 2807 faciem
2819 2745 2988 2799 tuam,
3019 2744 3068 2789 et
3099 2737 3342 2788 auditam
3376 2735 3462 2805 [ac
3503 2734 3634 2788 mihi
3672 2750 3767 2788 ao-

2184 2845 2293 2882 cem
2322 2837 2489 2893 tuam,
2524 2829 2776 2896 quoniam
2800 2841 2899 2880 eoa:
2937 2838 3030 2879 tua
3068 2827 3246 2881 suavia
3277 2838 3375 2893 est,
3405 2836 3455 2880 et
3489 2827 3651 2896 facies
3674 2833 3767 2880 tua

2184 2920 2446 2990 speciosa.
2506 2919 2818 2974 Secundum
2877 2918 3138 2987 propositi
3196 2918 3462 2973 dramatis
3514 2916 3765 2973 ordinem

2188 3027 2446 3080 sponsus,
2477 3012 2570 3077 qui
2628 3010 2834 3066 saliens
2867 3023 3033 3076 super
3062 3016 3279 3061 montes
3301 3016 3356 3061 et
3379 3008 3636 3060 exsiliens
3677 3021 3777 3060 su-

504 3106 609 3160 θθῑῖ
639 3102 752 3175 89
784 3100 948 3167 cui!“
979 3100 1342 3155 δυὺῑΐδκοηίο
1387 3094 1623 3149 missum-
1668 3101 1849 3147 θυῖε-ειη
1873 3097 1928 3145 ει
1952 3089 2087 3143 Viles
2117 3164 2152 3175 _
2187 3117 2286 3172 per
2310 3102 2478 3157 colles
2501 3101 2566 3157 ad
2597 3114 2857 3170 sponsam
2890 3105 3138 3160 venerat,
3182 3097 3521 3166 prospiciens
3547 3112 3689 3158 eam,
3718 3104 3779 3151 et

504 3196 589 3249 Vri
616 3196 786 3248 vineae
843 3191 1068 3261 intelligi
1121 3190 1346 3244 virtutes
1383 3186 1634 3242 cmlestes
1689 3194 1744 3238 et
1802 3180 2080 3252 angelicae,

2193 3194 2411 3248 intuens
2459 3208 2549 3261 per
2604 3191 2905 3250 fenestras,
2955 3185 3197 3243 secundo
3220 3187 3334 3256 jam
3392 3188 3511 3241 loco
3544 3187 3676 3241 dicit
3704 3187 3773 3240 ad

504 3300 628 3352 quae
675 3282 991 3337 hominibus
1035 3279 1341 3349 largiuntur
1394 3276 1618 3331 odorem
1663 3288 1847 3336 suum,
1895 3270 1948 3325 id
2008 3277 2092 3323 est
2191 3298 2358 3339 eam:
2397 3281 2583 3352 surge,
2610 3280 2747 3345 una,
2782 3278 3029 3347 ρνοπεηω
3069 3291 3206 3343 mea,
3240 3277 3476 3345 ,πάθεα
3498 3293 3634 3342 mea,
3681 3292 3777 3329 ω,

504 3375 774 3431 (.octrinz’e
803 3382 859 3429 et
890 3371 1254 3428 institutionis
1308 3370 1536 3433 bonum,
1591 3381 1700 3436 quo
1731 3365 2008 3421 instruunt
2039 3369 2094 3415 et

508 3468 768 3528 imbuant
789 3465 1025 3533 animas,
1078 3466 1251 3521 donec
1288 3463 1357 3519 ad
1407 3460 1798 3533 perfectionem
1848 3455 2090 3517 veniant,

508 3570 564 3616 et
596 3560 860 3628 incipiant
891 3572 1118 3627 capaces
1148 3554 1264 3610 fieri
1293 3553 1410 3609 Dei.
1445 3552 1597 3608 Sicut
1622 3559 1674 3604 et
1700 3547 1994 3619 Apostolus
2026 3544 2095 3599 ad

512 3651 769 3707 lleln'asos
797 3650 1041 3705 scribens
1066 3648 1197 3704 dicit
1227 3664 1242 3702 :
1277 3645 1466 3700 Nonne
1492 3658 1669 3696 omnes
1712 3649 1833 3694 sunt
1860 3638 2096 3691 ministe-

511 3743 676 3798 riales
707 3743 924 3812 spiritus
952 3742 1005 3795 in
1036 3738 1388 3793 ministerium
1428 3737 1581 3790 missi
1606 3740 1819 3804 propter
1840 3746 1949 3794 eos,
2004 3729 2095 3799 qui

512 3834 872 3889 luereditatem
900 3833 1116 3903 capiunt
1160 3830 1352 3885 salutis
1376 3828 1460 3882 “i
1499 3825 1564 3881 Et
1601 3826 1725 3880 ideo
1747 3823 2006 3878 dicuntur
2026 3820 2095 3875 ab

513 3928 647 3997 ipsis
666 3927 823 3998 quasi
851 3925 1086 3996 primum
1116 3922 1303 3977 ﬂorem
1332 3930 1387 3976 et
1422 3919 1645 3974 odorem
1672 3916 1941 3971 bonorum
1968 3926 2096 3981 ope-

514 4036 636 4073 rum
672 4033 864 4087 capere
901 4016 1154 4070 homines
1184 4031 1197 4067 :
1249 4013 1398 4081 ipsos
1457 4024 1589 4063 vero
1619 4006 1832 4062 fructus
1880 4005 2008 4058 vitis
2031 4003 2099 4056 ab

515 4127 583 4165 eo
606 4123 845 4179 sperare,
896 4107 988 4177 qui
1035 4105 1215 4160 dixit:
1278 4102 1401 4156 Non
1441 4101 1616 4155 bibam
1658 4099 1721 4151 de
1772 4096 2102 4167 generatione

517 4205 641 4257 vitis
692 4200 870 4270 hujus,
923 4199 1085 4252 donec
1129 4196 1305 4249 bibant
1350 4192 1487 4248 illud
1534 4189 1797 4246 vobiscum
1826 4202 2017 4241 novum
2045 4186 2102 4239 in

520 4313 677 4368 regno
707 4295 888 4350 Patris
914 4295 1016 4348 mei
1051 4294 1118 4346 ".
1156 4289 1237 4344 Illi
1286 4303 1417 4361 ergo
1449 4284 1673 4358 perfecti
1703 4284 1868 4339 ﬂores
1899 4290 1954 4335 et
1989 4279 2105 4335 fru-

520 4401 642 4444 ctus
676 4389 745 4443 ab
768 4389 890 4457 ipso
914 4385 1165 4456 sperandi
1197 4391 1363 4437 sunt:
1398 4379 1552 4434 initia
1573 4391 1703 4431 vero
1725 4385 1798 4439 et,
1831 4382 1892 4428 ut
1916 4374 1988 4427 ita
2023 4372 2106 4427 di-

2194 3376 2375 3430 lumba
2430 3390 2568 3428 mea.
2625 3371 2783 3427 Nunc
2816 3384 2947 3424 vero
2985 3368 3135 3423 addit
3165 3369 3328 3423 etiam
3380 3369 3483 3424 hoc
3509 3380 3566 3424 ut
3591 3378 3777 3424 osten-

2195 3466 2349 3521 deret
2369 3467 2419 3519 ei
2457 3465 2637 3520 locum
2667 3464 2732 3518 ad
2789 3477 2951 3533 quem
3000 3460 3186 3514 venire
3231 3461 3447 3525 debeat,
3500 3460 3777 3530 quilocrs

2197 3559 2300 3613 sub
2327 3557 2634 3612 velamento
2664 3565 2718 3610 et
2758 3552 2995 3624 tegmine
3026 3551 3146 3605 saxi
3187 3552 3258 3606 sit
3290 3551 3522 3621 positus.
3555 3550 3638 3605 Sit
3679 3566 3781 3605 au-

2199 3658 2305 3705 tem
2340 3651 2480 3705 idem
2510 3650 2665 3703 locus
2692 3662 2801 3701 non
2840 3654 2950 3699 tam
2978 3645 3132 3713 juxta
3171 3659 3411 3708 murum,
3436 3632 3600 3713 quam
3624 3643 3779 3714 juxta

2197 3741 2514 3811 promurale
2568 3739 2868 3809 quoddam.
2936 3735 3257 3791 Promurale
3320 3744 3498 3790 autem
3557 3735 3778 3800 dicitur,

2198 3847 2323 3887 cum
2364 3843 2518 3887 extra
2543 3845 2732 3885 muros
2760 3829 2856 3900 qui
2896 3828 3144 3883 ambiunt
3186 3827 3480 3893 civitatem,
3507 3827 3649 3881 alios
3676 3826 3782 3880 du-

2197 3925 2344 3979 citur
2402 3938 2615 3983 murus.
2667 3929 2721 3975 et
2764 3928 2850 3975 est
2906 3934 3099 3974 murus
3153 3927 3279 3972 ante
3340 3933 3579 3971 murum.
3639 3915 3779 3969 'l‘nnt

2199 4014 2394 4071 deinde
2426 4014 2580 4084 quasi
2619 4013 2663 4067 si
2698 4011 3015 4067 reverentia:
3051 4025 3216 4064 causa
3250 4010 3364 4079 ipsa
3397 4023 3599 4078 sponsa
3630 4007 3783 4062 obte-

2202 4117 2287 4163 cta
2312 4108 2384 4163 sit
2406 4117 2459 4162 et
2483 4106 2680 4170 velata,
2719 4105 2852 4175 petit
2883 4104 2999 4173 ipse
3046 4116 3307 4174 sponsus,
3342 4109 3404 4155 ut
3437 4101 3658 4155 veniens
3712 4100 3783 4154 ad

2206 4200 2360 4255 illum
2395 4198 2579 4251 loeum
2603 4211 2766 4265 quem
2814 4210 2977 4265 supra
3010 4192 3274 4257 ostendit,
3309 4199 3496 4260 utpote
3523 4190 3783 4245 secretio-

2205 4307 2345 4357 rem,
2374 4289 2447 4345 ihi
2476 4289 2523 4343 ei
2555 4288 2711 4357 quasi
2747 4287 2950 4356 rejecto
2999 4286 3267 4340 velamine
3300 4283 3554 4339 ostendat
3590 4280 3782 4336 faciem

2206 4397 2383 4438 suam.
2413 4379 2477 4435 Et
2503 4380 2629 4449 quia
2659 4394 2756 4449 pro
2797 4377 2971 4431 multa
2999 4376 3302 4430 reverentia
3334 4382 3535 4430 taceret
3562 4388 3788 4444 sponsa,

522 4495 668 4543 cant,
694 4476 1013 4547 proﬁciendi
1045 4474 1288 4530 suavitas
1318 4478 1496 4543 potest
1531 4484 1559 4523 a
1589 4465 1906 4523 caelestibus
1930 4464 2102 4518 virtu-
2135 4496 2179 4552 Β
2206 4472 2479 4529 desiderat
2508 4484 2746 4538 sponsus
2796 4466 3091 4536 aliquando
3113 4465 3276 4519 etiam
3310 4478 3498 4519 νουθηι
3523 4463 3647 4533 ejus
3683 4475 3786 4515 au.

524 4571 671 4624 tibus
701 4567 1025 4633 ministrari,
1060 4564 1145 4619 vel
1199 4571 1346 4618 certe
1377 4577 1474 4632 per
1503 4574 1600 4614 eos
1628 4558 1721 4627 qui
1745 4556 2017 4621 dicebant,
2046 4563 2104 4609 ut

524 4677 690 4731 supra
741 4658 1004 4724 diximus,
1036 4656 1284 4728 quoniam
1330 4652 1532 4709 Christi
1568 4652 1732 4703 bonus
1764 4647 1896 4702 odor
1923 4662 2104 4700 sumus

440 4787 465 4831 ες
526 4755 635 4809 Deo
668 4754 723 4806 in
746 4754 888 4807 omni
913 4751 1027 4805 loco
1056 4750 1124 4804 '°.
1154 4747 1261 4804 Sed
1290 4757 1343 4802 et
1373 4746 1481 4801 alio
1505 4746 1667 4800 modo
1692 4758 1986 4814 possumus
2010 4741 2105 4795 ad-

460 4832 465 4903 Ῐ
527 4849 638 4901 huc
671 4845 973 4915 intelligere
1002 4846 1117 4898 haec
1158 4857 1282 4913 quas
1326 4840 1598 4895 habentur
1624 4837 1676 4891 in
1709 4835 1984 4899 manibus,
2046 4844 2107 4887 ut

437 4936 464 4999 T‘:
526 4939 778 4992 dicamus
808 4936 973 4990 veluti
1002 4934 1339 5006 prephetiam
1386 4930 1679 5002 quamdam
1706 4927 1878 4983 videri
1906 4926 1972 4981 ad
1998 4924 2104 4979 Ec—

526 5032 754 5087 Cit'Sillnl
786 5029 1008 5096 factam,
1044 5044 1139 5098 per
1159 5041 1322 5098 quam
1357 5032 1581 5080 vocetur
1621 5022 1688 5077 ad
1725 5019 2107 5090 repromissio-

432 5152 467 5205 ’ς
529 5143 630 5181 nes
661 5125 895 5191 futuras,
923 5132 981 5178 ut
1011 5123 1168 5192 quasi
1193 5128 1316 5189 post
1359 5116 1891 5173 consummationem
1923 5111 2107 5168 saeculi

527 5233 654 5271 eum
687 5224 901 5286 tempus
946 5212 1364 5269 resurrectionis
1427 5208 1705 5265 advenerit
1754 5207 1968 5261 dicatur
2009 5202 2058 5257 ei
2095 5220 2107 5254 :

530 5309 793 5380 Exsurge.
823 5306 891 5361 Et
922 5306 1050 5376 quia
1082 5319 1263 5361 sermo
1320 5303 1408 5358 hic
1459 5302 1641 5356 statim
1679 5314 1818 5367 Opus
1869 5308 2116 5350 resurre-

532 5400 735 5454 etiuuis
763 5397 1035 5468 designat,
1069 5404 1331 5465 tanquam
1370 5407 1433 5446 ex
1468 5388 1870 5468 resurrectione
1916 5383 2119 5439 clarior

533 5500 587 5545 et
614 5460 948 5561 splendidior
988 5460 1200 5553 effecta,
1252 5484 1513 5541 invitatur
1543 5483 1609 5537 ad
1672 5460 1920 5548 regbum,
1955 5484 2010 5531 et
2037 5474 2121 5529 di-

533 5582 678 5635 citur
717 5582 814 5637 ei:
873 5580 1023 5647 Veni,
1086 5580 1329 5651 proxima
1377 5592 1513 5636 mea,
1536 5571 1774 5642 speciosa
1822 5584 1972 5631 mea,
2030 5582 2120 5619 co-

532 5672 717 5727 lumba
749 5690 885 5742 mea,
914 5674 1038 5744 quia
1071 5673 1231 5726 (tionis
1273 5668 1508 5724 transiit.
1537 5665 1779 5719 lliemctu
1810 5659 1927 5715 sine
1953 5658 2120 5713 dubio

612 5869 655 5901 ⁸⁷
679 5867 783 5925 lsa.
816 5884 885 5935 ν,
919 5867 968 5921 7.
1071 5864 1111 5896 ⁸⁸
1142 5862 1302 5919 llebr.
1344 5876 1381 5926 ι,
1423 5859 1505 5915 ll.

1585 5857 1625 5889 "’
1652 5853 1842 5911 Matth.
1909 5866 2051 5921 xxvi,
2079 5847 2171 5904 i9.

2206 4566 2344 4631 dire,
2380 4572 2431 4618 et
2465 4560 2722 4615 delectari
2781 4558 2834 4611 in
2868 4557 3050 4612 verbis
3080 4556 3220 4626 ejus,
3254 4565 3305 4611 et
3343 4555 3496 4620 dicit,
3535 4562 3597 4608 ut
3624 4552 3786 4607 audi-

2206 4664 2316 4709 tam
2351 4652 2452 4708 sibi
2492 4649 2654 4703 faciat
2698 4661 2886 4700 vocem
2932 4659 3106 4700 suam.
3164 4642 3388 4697 Videtur
3430 4649 3609 4695 tamen
3643 4638 3790 4709 quod

2210 4760 2318 4799 non
2343 4742 2390 4796 ei
2423 4738 2639 4810 penitus
2674 4734 2951 4805 incognita
2987 4732 3056 4787 sit
3087 4731 3252 4787 facies
3274 4730 3413 4801 ejus,
3441 4743 3618 4798 neque
3642 4724 3794 4781 vocis

2209 4835 2330 4905 ejus
2354 4833 2579 4903 ignarus
2611 4827 2701 4889 sit,
2739 4824 2832 4880 sed
2887 4822 3015 4893 quia
3071 4819 3440 4877 intercesserit
3485 4815 3711 4887 aliquid,
3736 4814 3794 4867 in

2210 4943 2322 4996 quo
2357 4940 2456 4979 nec
2489 4921 2682 4975 faciem
2718 4917 2838 4986 ejus
2891 4915 3106 4981 viderit,
3164 4928 3265 4968 nec
3308 4926 3496 4967 vocem
3539 4906 3796 4963 audierit.

2208 4993 2316 5071 Istc
2346 5014 2419 5067 sit
2448 5006 2708 5080 propositi
2737 5004 3001 5060 dramatis
3054 5011 3251 5057 textus.
3281 4999 3381 5054 Cui
3414 5007 3469 5053 et
3503 4998 3608 5051 hoc
3639 4993 3796 5048 addi-

2214 5116 2323 5168 tur,
2355 5102 2500 5172 quod
2532 5098 2675 5153 veris
2699 5105 2913 5165 tempus
2944 5092 3029 5164 agi
3082 5091 3353 5155 videatur,
3380 5104 3504 5144 cum
3535 5095 3589 5140 et
3630 5084 3795 5139 ﬂores

2216 5191 2539 5264 apparuisse
2597 5192 2971 5241 memorantur
3029 5182 3082 5235 in
3142 5191 3308 5243 terra,
3342 5187 3395 5232 et
3438 5192 3539 5231 vox
3572 5173 3800 5229 tnrturis

2220 5298 2536 5358 personare,
2579 5290 2632 5335 et
2661 5293 2879 5351 germen
2913 5275 3138 5330 arbores
3187 5271 3529 5341 produxisse.
3567 5266 3800 5332 Propter

2224 5380 2329 5433 hoc
2374 5375 2519 5431 velut
2574 5377 2884 5441 opportuno
2935 5376 3175 5436 tempore
3234 5362 3484 5434 progredi
3541 5365 3802 5431 provocat

2224 5483 2505 5539 sponsam,
2533 5466 2655 5534 quae
2698 5462 2819 5518 sine
2853 5458 3021 5513 dubio
3052 5457 3287 5511 hiemant
3342 5464 3509 5508 totam
3543 5449 3809 5507 intrado-

2227 5577 2349 5616 tuus
2388 5560 2622 5614 claustra
2646 5552 2925 5610 resederit.
2956 5550 3059 5603 Sed
3083 5550 3196 5603 hare
3221 5548 3424 5601 nullam
3455 5545 3589 5599 mihi
3616 5544 3809 5597 viden-

2228 5664 2317 5710 tur
2343 5653 2630 5723 (quantum
2672 5646 2738 5701 ad
2792 5640 3109 5697 historicam
3161 5638 3527 5694 narrationem
3554 5632 3806 5708 pertinet)

2732 5834 2814 5889 l5.

2251 5845 2296 5878 '°
2343 5843 2385 5897 ll
2435 5841 2561 5898 Cor.
2606 5853 2665 5904 ιι,
2732 5834 2814 5889 lii.
2894 5834 2936 5866 ³¹
2984 5830 3005 5885 ι
3064 5830 3191 5885 Cor.
3257 5844 3376 5891 xm,
3432 5827 3516 5881 l2.
