4130 6446
357 456 459 513 189

1692 449 1892 504 LIBER
1923 448 2275 516 QUARTUS.

3515 455 3616 511 180

358 574 645 628 utilitatem
679 566 929 625 conferre
961 566 1287 637 legentibus,
1316 578 1409 623 aut
1448 567 1689 636 aliquam
1744 569 1935 623 saltem
1966 573 2014 632 Α
2049 568 2262 624 Domini
2286 571 2701 641 contempletur.
2755 570 2945 627 Merito
2975 582 3154 630 autem
3203 576 3374 630 velam
3414 592 3445 629 ιι
3473 576 3612 630 istud

359 662 693 719 narrationis
724 660 898 731 ipsius
945 674 1163 714 servare
1213 660 1680 729 consequentiam,
1708 660 1851 714 sicut
1880 662 1935 713 in

358 756 571 813 caeteris
599 752 900 821 Scriptura:
949 749 1195 805 historiis
1248 750 1578 806 invenimus.
1645 750 1799 807 Unde
1842 768 1938 807 ne-

359 862 511 903 cesse
539 854 625 900 est
673 850 871 899 cuncta
919 841 987 897 ad
1055 840 1357 912 spiritalem
1392 840 1691 897 transferre
1732 842 1935 897 intelli-

358 936 627 1009 gentiam.

429 1027 615 1082 Primo
638 1041 768 1097 ergo
801 1022 1044 1093 intellige
1091 1022 1225 1078 mihi
1258 1021 1454 1077 animae
1518 1021 1775 1084 hiemem,
1809 1038 1934 1077 cum

360 1120 543 1175 adhuc
586 1117 903 1188 passionum
965 1114 1223 1169 fluctibus
1273 1113 1529 1184 jactatur,
1583 1122 1637 1167 et
1682 1113 1935 1166 vitiorum

359 1211 631 1280 procellis,
662 1224 723 1263 ac
752 1208 907 1263 duris
960 1204 1321 1275 malignorum
1378 1206 1668 1274 spirituum
1717 1204 1937 1259 flatibus

361 1302 698 1354 verberatur.
730 1299 788 1351 In
815 1298 901 1352 his
932 1297 1162 1366 positam
1202 1309 1308 1349 non
1338 1294 1586 1349 hortatur
1611 1310 1729 1349 eam
1757 1309 1939 1348 sermo

370 1392 462 1446 Dei
505 1390 651 1446 foras
678 1389 847 1455 exire,
901 1389 995 1444 sed
1053 1387 1195 1441 intra
1244 1387 1593 1458 semetipsam
1656 1387 1856 1455 colligi,
1887 1395 1939 1441 et

367 1483 514 1537 uuiri
560 1481 819 1551 undique,
869 1489 1032 1550 atque
1095 1480 1308 1549 contegi
1356 1488 1543 1534 contra
1602 1479 1939 1549 perniciosos

366 1574 726 1642 malignorum
759 1571 1045 1641 spirituum
1103 1569 1283 1625 ﬂatus.
1322 1567 1463 1624 Nulli
1503 1577 1631 1622 tunc
1663 1568 1715 1621 in
1738 1566 1939 1621 divinis

364 1662 558 1717 litteris
584 1663 892 1717 studiorum
922 1660 1085 1716 llores
1118 1661 1260 1730 apud
1305 1675 1449 1723 eam,
1481 1674 1581 1713 nec
1627 1658 1941 1728 prolundio-

358 1755 438 1810 ris
458 1754 739 1823 sapientiae
763 1763 996 1819 secreta,
1027 1760 1082 1806 et
1134 1751 1415 1807 recondita
1470 1750 1727 1819 mysteria
1782 1748 1938 1819 quasi

357 1863 455 1917 per
489 1862 676 1901 vocem
705 1846 936 1900 turturis
978 1850 1255 1897 resonant.
1315 1840 1420 1895 Sed
1450 1854 1627 1910 neque
1676 1840 1937 1893 odoratus

355 1907 478 2004 ejus
507 1938 696 2007 gratiae
726 1934 931 2004 aliquid
953 1933 1111 2003 quasi
1161 1947 1228 1986 ex
1275 1932 1445 1987 vinea:
1474 1907 1701 1987 ﬂoribus
1725 1931 1935 2000 recipit,
1971 1907 2011 1961 Β

358 2043 538 2097 neque
565 2028 715 2082 visus
738 2026 861 2095 ejus
886 2033 1143 2093 tanquam
1178 2023 1232 2076 in
1283 2022 1529 2078 ﬁculnea:
1558 2020 1802 2093 germine
1839 2021 1938 2075 de-

359 2120 608 2184 lectatur,
635 2115 731 2173 sed
754 2115 951 2173 suliicit
977 2124 1035 2170 ut
1060 2115 1113 2169 in
1140 2114 1552 2185 tempestatibus
1580 2112 1939 2167 tentationum'

361 2225 390 2263 a
426 2209 582 2277 lapsu
634 2205 843 2276 peccati
885 2212 998 2259 tuta
1029 2220 1093 2259 ac
1144 2205 1356 2259 munita
1404 2211 1734 2274 permaneat.
1780 2203 1936 2270 Quod

358 2299 404 2353 si
437 2295 736 2350 obtinuerit
765 2301 822 2347 ut
879 2292 1044 2347 illaesa
1078 2292 1353 2362 perduret,
1410 2290 1584 2345 hiems
1632 2290 1681 2344 ei
1717 2289 1935 2351 transit,

359 2395 414 2440 ει
445 2384 592 2438 venit
616 2382 663 2437 ei
701 2398 814 2437 ver.
842 2380 954 2452 90
977 2379 1084 2435 Ver
1125 2395 1363 2450 namque
1400 2379 1450 2433 ei
1494 2392 1597 2445 est,
1623 2394 1746 2433 cum
1778 2379 1937 2448 quies

357 2480 544 2533 animo
568 2476 747 2542 datur,
780 2474 1147 2546 tranquillitas
1179 2474 1368 2529 menti.
1396 2471 1551 2527 Tune
1579 2474 1645 2528 ad
1677 2489 1797 2528 eam
1828 2474 1937 2546 (7(3)

357 2570 505 2625 venit
531 2567 769 2622 Verbum
804 2566 919 2630 Dei,
951 2577 1081 2621 tunc
1111 2581 1230 2620 eam
1281 2574 1437 2620 vocat
1461 2566 1528 2619 ad
1558 2581 1618 2620 se
1654 2574 1708 2621 et
1761 2567 1942 2621 horta-

368 2673 455 2714 tur
490 2666 548 2712 ut
580 2664 760 2719 exeat,
791 2669 900 2708 non
924 2653 1102 2708 solum
1153 2660 1305 2706 extra
1358 2651 1605 2716 domum,
1655 2653 1749 2706 sed
1784 2660 1937 2707 extra

365 2753 643 2807 civitatem
678 2769 692 2804 :
727 2748 779 2801 id
806 2759 1024 2803 estnon
1060 2746 1239 2800 solum
1278 2754 1432 2799 extra
1462 2743 1647 2799 carnis
1669 2743 1801 2799 vitia
1824 2745 1941 2800 elli-

363 2846 561 2905 ciatur,
590 2841 682 2896 sed
710 2850 863 2893 extra
892 2852 1053 2892 omne
1080 2837 1343 2907 quidquid
1379 2851 1697 2904 corporeum
1726 2846 1780 2891 et
1808 2838 1937 2891 visi-

357 2935 466 2990 bile
508 2932 817 2987 continetur
860 2930 913 2983 in
964 2929 1188 2983 mundo.
1245 2926 1489 2997 Namque
1543 2929 1841 2998 ﬁguraliter
1883 2929 1940 2984 in

359 3026 479 3094 lege
504 3023 775 3078 civitatem
804 3021 918 3091 jam
947 3020 1000 3074 in
1029 3019 1404 3090 superioribus
1450 3017 1727 3075 evidenter
1755 3029 1936 3076 osten-

358 3119 560 3173 dituus.

433 3211 706 3265 Evocatur
730 3222 861 3277 ergo
890 3206 1071 3261 anima
1120 3215 1271 3262 extra
1303 3223 1545 3273 murum,
1569 3216 1622 3263 et
1664 3222 1841 3276 usque
1869 3206 1932 3261 ad

368 3300 679 3371 promurale
710 3297 1048 3367 perdueitur,
1077 3313 1201 3351 cum
1231 3299 1495 3368 abjiciens
1520 3308 1573 3353 et
1618 3301 1936 3368 relinquens

353 3405 418 3444 ea
446 3403 570 3459 quae
594 3387 847 3441 videntur
876 3393 929 3439 et
955 3385 1274 3455 temporalia
1305 3396 1452 3453 sunt,
1482 3387 1756 3441 contendit
1784 3387 1851 3441 ad
1872 3402 1935 3441 ea

358 3498 478 3552 qua:
503 3496 607 3536 non
649 3480 917 3545 videntur,
961 3487 1014 3533 et
1060 3487 1258 3534 aeterna
1291 3488 1438 3535 sunt.
1471 3479 1784 3535 Ostenditur
1808 3496 1938 3551 ergo

361 3576 410 3630 ei
447 3576 549 3628 iter
582 3573 723 3629 istud
756 3573 858 3629 sub
889 3571 1157 3626 velamine
1187 3580 1350 3642 petra:
1370 3573 1664 3643 agendum,
1694 3589 1803 3629 non
1834 3574 1939 3629 sub

358 3683 483 3722 aere
511 3666 678 3732 nudo,
712 3680 888 3734 neque
917 3672 979 3719 ut
1011 3663 1249 3733 patiatur
1278 3664 1411 3719 solis
1452 3664 1697 3731 ardores,
1739 3681 1806 3720 ne
1837 3666 1940 3720 ite-

358 3774 481 3817 ιιιιιι
513 3758 664 3814 fusca
697 3759 808 3824 liat,
839 3774 906 3811 ne
937 3757 1131 3812 iterum
1176 3758 1342 3825 dicat,
1368 3758 1605 3827 despexit
1635 3775 1716 3813 me
1735 3759 1816 3813 sol
1845 3761 1893 3793 "
1919 3780 1934 3816 :

355 3861 640 3921 propterea
670 3850 771 3904 sub
804 3849 1071 3904 velamine
1102 3857 1266 3919 petra:
1295 3852 1408 3920 agit
1431 3852 1535 3906 hoc
1556 3851 1679 3906 iter.
1703 3850 1818 3907 Hoc
1841 3867 1940 3906 au-

357 3950 467 3996 tem
498 3941 673 4011 ipsum
707 3940 949 3994 velamen
1004 3954 1111 3993 non
1143 3939 1257 3993 vult
1293 3955 1359 3994 ex
1392 3940 1675 3994 frondibus
1694 3955 1815 3996 esse
1844 3949 1938 3996 aut

358 4031 565 4094 linteis,
597 4038 693 4083 aut
744 4029 995 4099 pellibus,
1025 4027 1117 4082 sed
1152 4038 1358 4096 petram
1388 4029 1504 4082 vult
1535 4029 1583 4083 ei
1627 4044 1749 4084 esse
1789 4029 1937 4083 vela-

352 4137 503 4181 men,
533 4120 584 4175 id
612 4131 695 4175 est
727 4121 880 4173 lirma
907 4128 961 4172 et
998 4117 1173 4172 solida
1208 4118 1411 4173 Christi
1445 4118 1725 4188 dogmata.
1761 4118 1943 4190 Ipsum

353 4227 592 4282 namque
640 4226 762 4266 esse
826 4220 1034 4279 petram
1091 4208 1296 4264 Paulus
1346 4204 1666 4279 pronuntiat
1715 4210 1942 4266 dicens:

354 4303 518 4359 Petra
556 4314 732 4357 autem
761 4311 874 4356 erat
913 4300 1161 4356 Christus
1190 4300 1256 4355 ⁸³.
1293 4299 1497 4356 Christi
1541 4317 1674 4372 ergo
1700 4301 1946 4356 doctrina

352 4404 410 4451 et
445 4396 546 4450 ﬁde
579 4395 627 4450 si
654 4395 945 4464 obtegatur
968 4395 1149 4447 anima
1183 4405 1236 4447 ct
1264 4394 1495 4459 veletur,
1534 4403 1649 4448 tuto
1673 4404 1847 4464 potest
1878 4395 1944 4450 ad

352 4483 487 4541 illud
515 4486 799 4557 pervenire
834 4495 1129 4551 secretum,
1161 4485 1249 4540 ubi
1282 4485 1518 4540 revelata
1554 4484 1690 4540 facie
1718 4487 1944 4556 gloriam

422 4626 471 4658 "
510 4623 667 4678 Cant.
712 4639 751 4688 ι,
798 4624 849 4677 6.
928 4623 974 4654 ⁸³
1014 4621 1032 4675 1
1078 4623 1204 4677 Cor.
1272 4641 1337 4687 x,
1391 4624 1456 4678 4.

1562 4625 1609 4657 ⁸⁵
1647 4624 1809 4681 Prov.
1863 4644 2005 4694 xxx,
2046 4628 2149 4693 18,
2214 4626 2298 4681 l9.

354 4691 399 4726 "
424 4694 593 4749 Exod.
628 4709 823 4757 χχχιιι,
848 4693 942 4758 22,
976 4693 1066 4748 25.
1142 4695 1187 4726 ³⁸
1233 4691 1390 4749 Joan.
1424 4711 1499 4751 v1.
1575 4695 1621 4729 ”
1648 4695 1806 4752 Joau.
1858 4715 1898 4762 1,
1943 4691 2030 4753 14.

2041 668 2208 729 petra:
2232 669 2406 715 tutum
2440 663 2703 727 creditur,
2740 664 2868 733 quia
2892 675 2946 720 et
2980 663 3238 720 Salomon
3270 667 3336 722 de
3384 683 3445 722 ea
3485 667 3616 722 dicit

2040 752 2094 807 in
2118 753 2453 818 Proverbiis,
2484 757 2629 826 quod
2682 757 2906 828 vestigia
2935 761 3203 827 serpentis
3249 775 3353 814 non
3387 769 3614 828 possunt

2037 846 2371 915 deprehendi
2406 863 2571 917 super
2605 859 2835 919 petram.
2874 848 2965 906 Sic
2997 852 3140 906 enim
3187 852 3303 906 ait:
3341 850 3466 904 Tria
3492 861 3613 905 sunt

2037 954 2156 1007 qua:
2208 938 2532 1006 impossibile
2588 948 2665 994 est
2718 942 2848 995 mihi
2887 941 3214 1012 intelligere,
3264 953 3313 997 et
3364 952 3613 1010 quartum

2040 1028 2181 1098 quod
2211 1029 2416 1098 ignoro,
2450 1030 2667 1099 vestigia
2716 1032 2910 1101 aquila:
2939 1033 3199 1097 volantis,
3240 1044 3290 1088 et
3332 1036 3470 1088 riam
3507 1049 3615 1088 ser-

2037 1121 2209 1189 pentis
2230 1135 2388 1190 super
2414 1131 2636 1190 petram,
2692 1131 2742 1175 et
2783 1123 2997 1177 semitas
3042 1128 3188 1180 prauis
3224 1127 3277 1179 in
3314 1127 3518 1197 pelago,
3560 1132 3612 1177 et

2040 1213 2149 1266 uias
2172 1214 2274 1267 viri
2300 1212 2355 1266 in
2370 1212 2645 1281 juventute
2671 1213 2737 1269 ".
2769 1213 3046 1285 Serpentis
3090 1231 3240 1286 ergo,
3271 1217 3426 1273 idest
3457 1217 3611 1287 signa

2040 1302 2221 1370 aliqua
2260 1304 2490 1372 peccati,
2535 1303 2587 1357 in
2629 1304 2730 1358 hac
2758 1314 2907 1374 petra
2936 1323 3057 1376 quae
3094 1317 3176 1363 est
3203 1308 3476 1371 Christus,
3531 1309 3613 1361 in-

2036 1392 2211 1445 veniri
2244 1406 2352 1445 non
2408 1402 2661 1461 possunt,
2694 1394 2822 1464 quia
2877 1396 3027 1450 solus
3066 1404 3150 1451 est
3177 1398 3269 1465 qui
3330 1408 3611 1465 peccatum

2040 1498 2146 1536 non
2176 1481 2325 1537 fecit.
2366 1481 2540 1553 Hujus
2564 1499 2696 1555 ergo
2739 1495 2904 1553 petra:
2948 1502 3080 1541 vero
3113 1487 3380 1542 velamine
3431 1488 3613 1541 auium

2039 1582 2155 1628 tuto
2179 1575 2423 1643 pervenit
2449 1576 2515 1629 ad
2548 1578 2915 1645 promuralem
2947 1579 3147 1643 locum,
3184 1579 3234 1632 id
3272 1587 3356 1634 est
3377 1579 3442 1632 ad
3479 1593 3609 1633 cou-

2039 1665 2411 1735 tcmplandum
2441 1666 2803 1737 incorporalia
2831 1678 2885 1724 et
2931 1677 3155 1726 aeterna.
3188 1670 3261 1726 De
3290 1671 3392 1726 hac
3425 1671 3615 1725 eadem

2040 1765 2191 1826 petra
2221 1756 2324 1809 alia
2370 1756 2521 1810 verbi
2582 1757 2763 1826 specie
2798 1758 2961 1814 Davud
2997 1762 3051 1814 in
3081 1776 3247 1814 xxxix
3289 1762 3500 1831 psalmo
3530 1763 3618 1814 di-

2039 1846 2115 1901 cit
2150 1864 2164 1901 :
2200 1845 2271 1899 Et
2303 1847 2490 1899 statuit
2525 1862 2687 1915 supra
2707 1857 2911 1917 petram
2938 1850 3089 1918 pedes
3113 1866 3274 1915 nzeos,
3322 1859 3373 1903 et
3420 1851 3616 1904 direxit

2040 1953 2246 2008 gressus
2277 1953 2415 1991 meos
2434 1938 2501 1990 ".
2526 1934 2635 1990 Nec
2662 1938 2871 1995 mireris
2899 1941 2943 1994 si
2966 1940 3107 2009 apud
3139 1940 3304 1995 David
3330 1952 3479 2010 petra
3503 1942 3618 1995 luce

2038 2029 2196 2097 quasi
2235 2028 2646 2086 fundamentum
2677 2040 2731 2086 ct
2757 2031 2975 2101 crepido
3003 2041 3086 2087 est
3118 2032 3311 2086 animae
3337 2048 3430 2103 per
3449 2047 3614 2102 quam

2038 2121 2213 2190 pergit
2239 2121 2303 2175 ad
2337 2120 2525 2187 Deum,
2557 2132 2610 2177 et
2664 2123 2805 2192 apud
2854 2122 3203 2177 Salomonem
3247 2125 3490 2177 velamen
3530 2130 3617 2177 est

2038 2211 2234 2265 anima:
2293 2212 2358 2265 ad
2405 2213 2630 2282 mystica
2687 2212 2968 2281 sapientia:
3032 2223 3237 2268 secreta
3301 2214 3616 2270 tondentis:

2039 2316 2161 2355 cum
2194 2310 2248 2355 et
2283 2303 2396 2372 ipse
2421 2303 2673 2358 Christus
2730 2318 2876 2358 nunc
2920 2306 3007 2359 via
3047 2305 3280 2368 dicatur,
3328 2320 3421 2374 per
3456 2319 3616 2368 quam

2038 2393 2324 2449 credentes
2380 2393 2659 2461 incedunt,
2713 2412 2859 2452 nunc
2890 2398 3053 2451 etiam
3107 2412 3433 2467 przeeursor,
3476 2398 3618 2452 sicut

2039 2483 2113 2536 ait
2134 2481 2377 2540 Paulus:
2430 2483 2495 2539 In
2538 2487 2674 2555 quod
2707 2503 3003 2556 prtecursor
3056 2489 3293 2541 introivit
3338 2504 3431 2557 pro
3469 2488 3617 2541 nobis
3662 2496 3675 2507 '

2037 2572 2194 2628 Iesus
2216 2575 2284 2631 ⁸⁸.
2320 2574 2511 2629 Simile
2545 2587 2627 2631 est
2656 2585 2711 2631 et
2736 2577 2866 2631 illud
2893 2578 3037 2647 quod
3080 2594 3175 2647 per
3220 2578 3619 2650 Moysemdici-

2041 2676 2130 2722 tur
2157 2682 2187 2721 a
2214 2666 2323 2721 Deo
2351 2686 2365 2723 :
2395 2666 2525 2721 Ecce
2551 2671 2701 2737 posui
2723 2680 2770 2722 te
2790 2670 2844 2723 in
2864 2668 3122 2738 foramine
3142 2679 3322 2738 pctrw,
3349 2681 3398 2723 et
3422 2670 3619 2725 videbis

2041 2761 2333 2829 posteriora
2363 2777 2475 2813 mea
2496 2761 2563 2813 ⁸⁷.
2591 2759 2758 2829 Igitur
2781 2770 2929 2829 petra
2960 2761 3062 2815 ista
3079 2775 3201 2829 qua!
3224 2761 3476 2814 Christus
3506 2770 3613 2824 est,

2042 2863 2150 2901 non
2182 2857 2260 2901 est
2295 2862 2358 2901 ex
2389 2847 2538 2901 omni
2568 2855 2720 2916 parte
2747 2848 2954 2910 clausa,
3009 2848 3101 2900 sed
3136 2846 3298 2900 habet
3351 2846 3616 2900 foramen.

2040 2936 2309 2993 Foramen
2347 2953 2476 2991 vero
2501 2945 2582 2991 est
2606 2947 2800 3006 petra',
2831 2938 2921 3006 qui
2973 2935 3175 2990 revelat
3196 2945 3246 2989 et
3280 2935 3622 2989 innotescere

2041 3033 2169 3086 facit
2203 3030 2519 3085 hominibus
2576 3029 2768 3085 Deum.
2801 3028 2971 3083 Nemo
3014 3044 3142 3099 ergo
3190 3027 3337 3082 videt
3372 3027 3615 3091 Patrem,

2041 3125 2146 3180 nisi
2178 3123 2349 3177 Filius
2378 3122 2465 3187 ⁸⁸ς
2527 3135 2688 3176 ιιειιιο
2720 3136 2850 3192 ergo
2907 3120 3050 3174 videt
3086 3127 3358 3188 postrema
3396 3116 3509 3183 Dei,
3566 3116 3620 3171 id

2039 3223 2122 3270 est
2148 3230 2267 3284 quze
2293 3215 2345 3268 in
2377 3211 2667 3283 postremis
2700 3210 3036 3280 temporibus
3079 3209 3235 3272 liunt,
3265 3207 3370 3262 nisi
3409 3206 3621 3278 positus

2041 3310 2096 3363 in
2132 3306 2405 3362 foramine
2457 3313 2642 3375 petrae,
2694 3304 2901 3358 scilicet
2934 3318 3059 3357 cum
3090 3315 3154 3354 ca
3183 3300 3405 3355 Christo
3462 3314 3616 3354 reve-

2038 3401 2184 3454 lante
2217 3398 2485 3453 didicerit.
2550 3395 2613 3449 Et
2662 3394 2751 3449 hic
2781 3409 2912 3464 ergo
2957 3392 3063 3447 sub
3123 3392 3391 3447 velamine
3448 3400 3620 3461 petra:

2040 3492 2278 3547 animam
2316 3488 2618 3559 proximam
2651 3488 2754 3542 sibi
2795 3487 3044 3542 effectam
3076 3485 3271 3539 invitat
3303 3499 3486 3540 sermo
3517 3482 3616 3538 Dei

2040 3583 2107 3637 ad
2135 3580 2499 3651 promtu-atem
2543 3578 2747 3641 locum,
2797 3577 2942 3631 sicut
2994 3591 3160 3645 supra
3200 3576 3316 3645 jam
3352 3576 3617 3642 diximus,

2042 3671 2108 3727 ad
2136 3670 2550 3738 contemplanda
2604 3685 2667 3725 ea
2707 3684 2828 3738 qua:
2862 3684 2968 3721 non
3023 3668 3293 3729 videntur,
3326 3676 3383 3721 et
3412 3676 3618 3721 aeterna

2044 3771 2195 3824 sunt,
2239 3771 2292 3814 et
2345 3762 2417 3814 ibi
2461 3760 2591 3814 dicit
2635 3760 2700 3813 ad
2757 3773 2920 3812 eam:
2978 3756 3205 3811 Ostende
3262 3755 3390 3808 nti/ti
3428 3755 3619 3824 faciem

2046 3862 2191 3906 tuam
2226 3866 2244 3905 :
2288 3848 2527 3920 perfecto
2574 3859 2633 3903 ut
2681 3847 2880 3913 videat,
2912 3848 2958 3901 si
2991 3862 3096 3900 non
3128 3845 3331 3914 aliquid
3374 3846 3426 3899 in
3470 3845 3618 3900 vultu

2044 3942 2163 4013 ejus
2193 3941 2391 3996 veteris
2418 3939 2596 3995 adhuc
2625 3938 2908 3994 velamiuis
2938 3938 3155 4002 habeat,
3208 3938 3300 3991 sed
3329 3938 3502 4005 possit
3527 3938 3614 3990 iu-

2044 4031 2269 4102 trepidis
2295 4030 2574 4085 obtutibus
2602 4029 2829 4100 gloriam
2857 4027 3070 4082 Domini
3106 4027 3395 4097 speculari,
3421 4036 3478 4081 ut
3500 4028 3615 4082 hare

2044 4122 2160 4192 ipsa
2186 4122 2330 4176 dicat
2360 4139 2374 4175 :
2410 4118 2475 4174 Et
2503 4120 2727 4174 vidimus
2757 4118 2983 4188 gloriam
3010 4116 3123 4186 ejus
3159 4126 3411 4187 tanquam
3436 4118 3619 4187 unige-

2046 4215 2147 4266 niti
2173 4229 2205 4266 a
2246 4211 2430 4276 Patre,
2458 4210 2672 4280 plenum
2720 4210 2909 4280 gratia:
2948 4217 2999 4263 et
3037 4209 3273 4262 veritatis
3323 4208 3389 4261 ⁸⁸.
3426 4205 3530 4262 Sed
3562 4215 3617 4260 ct

2041 4318 2166 4357 eum
2202 4302 2367 4370 digna
2403 4299 2585 4365 fuerit,
2642 4306 2702 4352 ut
2756 4298 2823 4351 de
2874 4298 2991 4366 ipsa
3034 4296 3246 4350 dicatur
3296 4295 3437 4349 sicut
3473 4295 3623 4347 etde

2044 4394 2226 4464 Moyse
2257 4393 2458 4446 dictum
2487 4397 2592 4451 est,
2619 4389 2745 4458 quia
2774 4387 2985 4458 Moyses
3006 4387 3405 4453 loquebatur,et
3440 4384 3628 4438 1)(ιωί-

2047 4500 2153 4540 nus
2172 4483 2536 4554 respondebat
2561 4482 2636 4548 ei,
2664 4491 2793 4537 tunc
2822 4481 3126 4550 completur
3152 4479 3203 4532 in
3229 4493 3294 4532 ea
3319 4477 3463 4547 quod
3494 4477 3569 4531 ait
3594 4490 3612 4531 :

2408 4624 2454 4655 ⁸⁸
2502 4620 2648 4678 Psal.
2692 4637 2887 4690 xxxix,
2940 4619 2993 4674 5.
3106 4618 3152 4650 ⁸⁸
3184 4615 3347 4673 Hebr.
3394 4635 3468 4686 vi,
3523 4615 3624 4671 20.

428 4811 536 4881 (76)
558 4810 702 4895 Tant:
723 4811 791 4895 ad
807 4828 944 4895 eam,
969 4820 1077 4895 etp;
1099 4811 1500 4895 Procopiusﬁex
1525 4814 1761 4895 Drigene
1782 4817 1940 4895 :‘Bod-

2048 4816 2236 4895 τικῷγ,
2261 4814 2406 4895 ἀρχῇ
2509 4812 2619 4895 τῶι(
2640 4812 2966 4895 ἁσῳμάτῳν.
3010 4808 3145 4895 γαπ.
3160 4825 3419 4895 sponsam
3438 4821 3622 4895 super-

354 4881 628 4955 Ismarii»)
659 4881 836 4955 ψυχὴν
871 4882 1177 4955 ᾧπερϐἦνίαι
1209 4881 1565 4955 τὰάἱσοητά.
1610 4881 1695 4949 Ὦς
1725 4888 1817 4940 ἐπὶ
1842 4890 1942 4942 πό-

354 4951 568 5033 λεῳς-δὲ
587 4950 776 5033 ζτεῖχτές
794 4950 905 5033 ﬁxed.
934 4950 1301 5033 προςξίχισμα
1327 4954 1429 5033 τὸν.
1452 4950 1707 5033 alam-,on
1735 4958 1939 5033 xdcpov

357 5022 532 5099 καᾉεῖ.
574 5022 663 5099 Δεῖ
685 5016 783 5073 ὂῦν
798 5028 900 5099 ςτὴν
933 5016 1012 5092 τῷ
1208 5016 1642 5099 natatos/ﬂoorich
1665 5016 1853 5099 ψυχὴ-ἱ
1876 5032 1935 5082 ἐν

592 5091 693 5168 τῇς
719 5086 949 5168 ,πέτρας
983 5086 1064 5168 ’ρύ
1118 5086 1279 5162 μὸνον
1296 5086 1549 5168 ξέξωττοῦ
1593 5086 1819 5168 relique.
1835 5099 1935 5168 τῆς

357 5159 586 5233 πόλεῷς,
610 5159 744 5213 ἀλλὰ
800 5159 899 5233 κὰ).
931 5160 1027 5214 τοῦ
1060 5159 1519 5233 προτξιχίσματος
1557 5159 1832 5233 γενέὰθαί·

357 5230 913 5307 ξτλῃσίογ-γεγομένην
963 5230 1473 5307 ἀναιιξκοιλύμμζὲνιιι
1520 5230 1795 5307 προσώπῳ
1838 5230 1935 5307 etv

356 5300 511 5368 δόξαν
565 5300 770 5375 Κυρξοὺ
824 5300 1301 5375 κὰτρπτρζζεσθαιζ
1328 5300 1685 5375 ’πείθομένην
1736 5300 1814 5375 τῷ
1843 5300 1935 5360 λέ-

356 5360 525 5445 10-in-
550 5360 731 5445 Δεξξόν
766 5387 856 5445 pot
894 5370 992 5445 ιεὴν
1208 5360 1326 5428 σού.
1360 5360 1681 5445 λἘπιδυμέῖ
1733 5360 1796 5430 δέ
1841 5378 1935 5431 καὶ

356 5440 742 5515 διᾳξεγορένης
770 5440 1035 5515 laniarat
1072 5440 1180 5515 ξεὴν
1235 5443 1418 5515 (poith
1452 5444 1548 5515 Ad);
1590 5440 1781 5515 ἧδείαν
1815 5446 1937 5501 θαυε

366 5509 571 5592 μάζιον.
595 5509 958 5592 [ipost-alliam:
982 5509 1217 5592 ξέβσέιιν
1236 5509 1257 5576 ,⁷
1280 5509 1418 5592 ,ᾇπέρ
1450 5509 1673 5592 Ἦςξαῒόις
1701 5516 1940 5592 περιτει-

394 5578 953 5654 οςηόνομάζει-λέγών·
984 5578 1166 5654 ρήσει
1214 5578 1411 5654 τεῖχοᾷζ·
1451 5584 1548 5654 κα)
1576 5578 1930 5654 περίτέιχος.

383 5647 617 5728 "sedisset.
668 5647 845 5728 '50le
866 5690 883 5714 ,
941 5647 1062 5728 16v;
1106 5647 1463 5728 gmpgsiiui)v_
1490 5647 1839 5728 aestatem;
1870 5647 1933 5728 69

360 5718 521 5792 μᾴνον
552 5718 610 5792 ξιξ
638 5718 715 5789 τῷ
746 5718 914 5792 τειχει.
942 5718 1214 5792 γενέσθαι,
1239 5723 1394 5792 ὅπερ
1411 5721 1549 5775 εἶναι
1571 5723 1662 5792 τὸν
1690 5718 1824 5792 περι
1838 5722 1932 5778 τοῦ

357 5786 522 5871 {stipati
552 5786 965 5871 M‘fov.vople,
995 5790 1143 5871 ante
1163 5793 1256 5845 καὶ
1305 5786 1539 5871 ὲὶξόμενει
1579 5791 1675 5871 τοξ
1725 5786 1934 5865 «posse

717 5859 731 5877 ο

360 5838 638 5930 χίξματοςῖ
701 5859 774 5922 ὡς
806 5838 965 5928 διό-ξος
1000 5859 1097 5931 μέν
1130 5863 1245 5916 ἐστι
1277 5838 1581 5928 τεῗεξταῖος
1609 5861 1714 5918 τῶν
1749 5838 1933 5937 σιιυμα-

2047 4889 2195 4958 gredi
2224 4880 2531 4941 vsens'ilvilia.
2584 4884 2661 4936 Ac
2698 4880 2970 4958 siautem
3001 4880 3065 4934 de
3097 4881 3321 4958 civitate.
3349 4881 3618 4958 loquatur,

2048 4949 2257 5011 inurum
2307 4965 2358 5009 et
2407 4953 2737 5008 antemurale
2797 4952 3049 5006 mundum
3106 4949 3403 5004 sensibilem
3445 4957 3617 5003 coeat.

2051 5028 2203 5105 pellet
2238 5027 2415 5096 itaque
2467 5025 2667 5105 animo,
2721 5039 2838 5105 qua:
2871 5037 2992 5075 cum
3041 5018 3206 5075 Verbo
3248 5020 3619 5105 commercium

2043 5098 2293 5151 habitura
2330 5086 2414 5149 est
2467 5095 2523 5148 in
2561 5086 2818 5147 uelamine
2860 5101 3042 5161 patrm,
3093 5106 3193 5144 non
3252 5086 3423 5161 solum
3459 5096 3618 5161 extra

2043 5183 2254 5221 murum
2283 5165 2536 5229 civitatis,
2566 5163 2655 5217 sed
2690 5156 3027 5217 etiam'extra
3074 5159 3429 5229 antemurale_
3451 5156 3615 5229 exire,

2042 5247 2102 5290 ut
2133 5237 2350 5306 propius
2410 5226 2656 5306 accedens
2690 5233 2927 5306 revelata
2966 5232 3106 5306 faeie
3131 5231 3356 5306 gloriam
3401 5226 3616 5306 Domini

2042 5294 2183 5360 velut
2204 5294 2258 5359 in
2284 5305 2494 5374 speculo
2525 5313 2855 5374 contgueatur,
2874 5294 3115 5374 obediens
3131 5294 3339 5374 dicenti
3354 5313 3380 5374 ί
3392 5294 3619 5349 Ostende

2045 5378 2176 5429 mihi
2202 5367 2392 5445 faciem
2419 5385 2589 5445 tuam.
2618 5372 2774 5445 Cupit
2803 5367 2920 5426 vero
2949 5373 3111 5445 etiam
3152 5367 3407 5445 loquentis
3438 5380 3616 5445 uocent

2045 5434 2254 5512 aitdire,
2282 5462 2437 5516 quam
2467 5444 2528 5516 ob
2556 5434 2884 5516 dulcedinem
2921 5434 3239 5516 admiratur.
3274 5434 3617 5516 AntentAurale

2044 5525 2219 5585 autem
2241 5505 2348 5581 'es't,
2388 5513 2525 5585 quod
2550 5511 2728 5585 Isaias
2759 5507 3165 5585 circummurale
3196 5516 3362 5585 uocat;
3384 5505 3563 5585 dieens
3592 5518 3613 5558 :

2049 5603 2067 5636 ι
2095 5584 2263 5639 Ponet
2290 5576 2501 5637 murum
2524 5593 2574 5636 et
2601 5578 3061 5635 circummurale.)
3114 5576 3234 5630 Vult
3267 5578 3451 5645 igitur,
3475 5583 3530 5627 ut
3580 5591 3616 5629 α

2045 5653 2406 5724 corporalibus
2428 5654 2639 5724 exiens,
2669 5666 2773 5724 non
2810 5648 2982 5724 solum
3040 5648 3096 5699 in
3133 5662 3284 5699 muro
3331 5645 3611 5724 consistat,

2041 5716 2191 5794 quem
2218 5735 2343 5794 puto
2389 5737 2498 5775 esse
2537 5721 2665 5789 legis
2706 5719 3021 5794 doctrinam,
3056 5731 3229 5769 rerum
3272 5716 3429 5769 etiam
3456 5729 3615 5793 prope

2042 5787 2389 5852 antemurulc,
2422 5787 2711 5844 extremam
2760 5787 3000 5841 videlicet
3048 5801 3415 5856 roejwreorum
3456 5788 3613 5842 ratio-

2043 5879 2157 5917 ncm
2186 5873 2234 5916 et
2260 5864 2682 5932 incorporearum
2718 5858 2950 5914 initium.
