4130 6428
543 411 639 468 Nil

1633 399 1960 454 ()itIGICNlS
2004 397 2064 449 IN
2105 395 2465 451 CANTICUM
2506 396 2774 449 (IANIIC.

3704 395 3806 447 1112

545 528 799 582 Auditum
833 526 919 595 [ac
973 525 1100 577 mihi
1134 537 1304 577 vocem
1357 530 1526 573 tuam.
1562 520 1758 588 Ingens
1816 533 1947 570 vero
2009 517 2129 568 laus
2159 519 2203 574 Α
2305 513 2457 568 Nunc
2497 516 2658 568 etiam
2707 515 2988 570 videamus
3029 516 3304 586 quomodo
3357 516 3469 570 haec
3514 531 3541 567 a
3587 514 3807 572 Christo

542 618 667 684 ejus
707 616 1012 671 ostenditur
1046 615 1097 667 in
1129 629 1196 668 eo
1221 611 1368 682 quod
1419 611 1662 665 dicitur:
1707 609 1818 662 Vox
1864 619 1956 660 tua
1998 625 2126 661 sua-

539 711 639 764 vis.
669 709 757 761 Sic
784 707 927 759 enim
965 705 1405 774 sapientissimus
1447 701 1706 771 propheta
1764 700 1928 752 David
1973 701 2122 752 diee-

546 802 633 854 bat
669 817 681 850 :
715 797 902 850 Suavis
949 797 1020 847 sit
1070 797 1120 848 si
1168 794 1466 862 disputatio
1505 810 1624 846 nica
1683 793 1750 846 “.
1816 792 2012 844 Suavis
2041 799 2126 845 est

542 906 642 942 vox
681 889 878 942 anima:
907 903 1033 941 cum
1081 887 1306 940 verbum
1343 885 1435 939 Dei
1467 885 1612 954 quod
1674 884 1939 952 loquitur,
1999 897 2123 936 cum

539 979 642 1031 lide
664 988 719 1030 et
751 978 1098 1047 dogmatibus
1128 977 1375 1031 veritatis
1403 975 1648 1045 exponit,
1688 990 1813 1028 cmn
1839 975 2127 1042 dispensa-

539 1063 712 1115 tiones
746 1062 836 1116 Dei
885 1072 940 1117 et
983 1064 1194 1132 judicia
1249 1064 1373 1132 ejus
1404 1064 1682 1133 explanat.
1743 1061 1800 1116 Si
1858 1079 1986 1115 vero
2031 1072 2126 1117 ant

542 1154 972 1222 stultiloquium,
1008 1165 1105 1209 aut
1153 1156 1484 1221 scurrilitas,
1537 1165 1630 1208 aut
1677 1155 1890 1208 vanitas
1935 1154 2002 1208 de
2030 1170 2126 1208 ore

539 1244 661 1312 ejus
691 1245 1018 1314 procedunt,
1075 1254 1171 1298 aut
1198 1246 1421 1299 verbum
1455 1246 1718 1309 otiosum,
1747 1244 1814 1298 dc
1859 1261 1969 1312 quo
2001 1246 2125 1298 red-

536 1335 718 1388 denda
756 1336 829 1388 sit
861 1335 1002 1388 ratio
1039 1335 1090 1388 in
1119 1336 1208 1390 die
1239 1335 1453 1404 judicii,
1479 1335 1722 1388 insuavis
1748 1345 1802 1390 et
1827 1336 2120 1402 injucunda

536 1440 643 1477 vox
674 1424 782 1478 ista
808 1433 913 1480 est.
947 1425 1026 1477 Ab
1062 1424 1163 1478 hac
1199 1439 1328 1478 voce
1357 1423 1611 1477 Christus
1656 1423 1849 1475 avertit
1875 1423 2120 1476 auditum

537 1529 723 1571 auusn.
772 1513 837 1570 Et
884 1515 1008 1569 ideo
1056 1532 1287 1584 qnaaque
1339 1514 1576 1584 perfecta
1627 1514 1807 1567 anima
1856 1515 2009 1582 ponit
2037 1513 2122 1567 ori

541 1621 645 1661 suo
669 1607 1001 1673 custodiam,
1031 1618 1084 1663 et
1106 1608 1305 1663 ostium
1333 1607 1760 1661 circumstantia:
1796 1605 1953 1660 labiis
1981 1606 2121 1671 suis,

541 1706 599 1750 ut
632 1696 792 1752 talem
825 1712 1039 1766 semper
1094 1711 1404 1752 sermonem
1435 1695 1675 1765 proferat
1719 1697 1811 1765 qui
1849 1697 1960 1750 sale
1986 1712 2119 1751 con-

538 1789 688 1844 ditus
713 1789 806 1844 det
831 1790 1062 1860 gratiam
1097 1789 1468 1851 audientibus,
1517 1798 1572 1841 ct
1615 1789 1760 1842 dicat
1785 1790 1852 1844 de
1888 1805 1953 1843 ea
1989 1789 2120 1842 Ver-

534 1882 666 1936 bum
698 1882 814 1946 Dei,
843 1884 967 1952 quia
1000 1898 1097 1936 vos:
1141 1891 1233 1935 tua
1263 1882 1462 1934 suavis.
1499 1880 1604 1934 Sed
1635 1891 1682 1934 ct
1710 1883 1874 1950 facies
1903 1892 2016 1944 tua,
2045 1883 2121 1937 in-

531 1975 674 2042 quit,
728 1975 984 2042 speciosa.
1031 1974 1090 2027 Si
1144 1973 1418 2043 intelligas
1468 1972 1617 2026 illam
1682 1973 1874 2028 faciem
1919 1975 1987 2029 de
2011 1992 2119 2045 qua

535 2062 739 2118 Paulus
765 2064 937 2118 dicit:
975 2062 1090 2117 Nos
1138 2073 1314 2117 autem
1359 2079 1537 2116 omnes
1591 2065 1822 2117 revelata
1864 2066 2002 2134 {acie
2038 2067 2117 2132 ⁸¹;

536 2162 593 2208 et
617 2155 744 2207 item
771 2169 897 2210 cum
930 2155 1059 2208 dicit
1093 2174 1106 2209 :
1142 2153 1289 2208 Tum:
1328 2165 1504 2209 autem
1551 2157 1688 2225 facie
1725 2159 1794 2210 ad
1825 2159 2016 2228 faciem
2037 2161 2117 2227 ⁶³;

541 2257 675 2302 tunc
713 2247 924 2302 videbis
951 2263 1073 2316 quae
1101 2247 1170 2302 sit
1197 2248 1394 2303 animae
1447 2247 1615 2303 facies
1642 2267 1764 2319 quae
1793 2252 2041 2307 laudetur
2089 2269 2120 2308 a

537 2336 716 2391 Verbo
740 2335 834 2390 Dei
861 2347 915 2390 et
949 2337 1196 2406 speciosa
1223 2352 1346 2392 esse
1370 2337 1604 2392 dicatur.
1640 2339 1730 2393 Illa
1789 2341 1907 2394 sine
1954 2343 2121 2396 dubio

483 2429 657 2498 'qutc
726 2429 968 2499 quotidie
1024 2438 1316 2484 renovatur
1372 2431 1439 2484 ad
1501 2431 1796 2500 imaginem
1855 2431 1974 2500 ejus
2025 2435 2119 2502 qui

531 2521 633 2590 91
669 2521 874 2574 creavit
913 2534 1223 2590 eam,'qu'.e
1265 2537 1368 2574 non
1411 2522 1572 2576 habet
1609 2523 1661 2576 in
1711 2537 1770 2577 se
1813 2525 2107 2586 maculam,

529 2624 621 2668 aut
644 2627 854 2683 rugam,
887 2621 981 2666 aut
1008 2612 1213 2682 aliquid
1247 2611 1585 2682 hujusmodi,
1613 2613 1708 2669 sed
1737 2624 1818 2670 est
1848 2623 2036 2670 sancta
2066 2625 2120 2670 et

529 2702 908 2768 immaculata;
940 2702 1156 2771 qualem
1197 2710 1254 2755 et
1290 2703 1406 2772 ipse
1443 2704 1546 2757 sibi
1590 2704 1840 2758 exhibuit
1866 2704 2119 2761 Christus

530 2791 827 2848 Ecclesium
855 2830 872 2856 ,
921 2793 1137 2847 animas
1180 2792 1391 2848 scilicet
1436 2809 1558 2862 quae
1606 2794 1675 2849 ad
1727 2795 2117 2864 perfectionem

531 2892 817 2950 venerunt,
851 2899 975 2953 quae
1003 2898 1200 2937 onmes
1235 2884 1401 2938 simul
1435 2885 1675 2940 efﬁciunt
1706 2901 1906 2955 corpus
1936 2887 2120 2943 Eccle-

524 2971 642 3027 siae.
677 2973 832 3039 Quod
863 2989 1063 3042 corpus
1095 2973 1284 3043 utique
1316 2975 1606 3044 pulchrum
1634 2976 1907 3030 videbitur
1936 2989 1991 3032 et
2024 2980 2120 3032 de-

527 3078 740 3130 corum,
771 3064 818 3119 si
851 3064 1049 3119 anima:
1076 3079 1146 3120 ex
1185 3067 1386 3134 quibus
1415 3082 1615 3136 corpus
1640 3067 1771 3122 illud
1801 3068 2028 3123 eﬁicitur
2063 3070 2120 3124 in

2153 1855 2191 1911 Il

2229 607 2294 659 al
2328 605 2621 659 Ecclesium
2653 606 2886 670 dicatur,
2939 623 3060 676 qua:
3105 617 3187 661 est
3235 608 3479 678 proxima
3515 608 3561 659 ei
3591 617 3644 662 et
3682 624 3805 675 spe-

2225 700 2394 752 ciosa.
2433 697 2695 767 Speriosa
2730 710 2910 752 autem
2945 700 3074 752 nn!li
3113 699 3202 752 alii
3250 699 3352 751 nisi
3396 699 3496 752 soli
3531 699 3651 766 ipsi.
3698 699 3808 755 Iloc

2227 790 2371 842 enim
2402 790 2670 858 signiﬁcat
2697 806 2819 842 cum
2854 791 3007 852 dicit,
3050 791 3283 856 speciosa
3318 807 3451 841 mea.
3492 788 3639 842 Ilanc
3678 807 3808 859 ergo

2223 883 2518 937 exsuscitat
2554 883 2824 944 (Ihristus,
2856 894 2908 935 et
2942 883 3040 951 ipsi
3084 881 3430 948 Evangelium
3465 882 3809 933 resurrectio-

2227 975 2311 1028 nis
2338 975 2646 1038 annuntiat,
2677 984 2729 1026 et
2753 974 2872 1025 ideo
2898 973 3023 1026 dicit
3057 992 3070 1026 :
3111 971 3363 1041 Exsurge,
3401 972 3534 1032 veni,
3564 972 3808 1038 proxima

2227 1083 2362 1126 mea,
2393 1065 2628 1133 speciosa
2660 1080 2794 1117 mea.
2836 1062 2974 1128 Quia
3009 1074 3188 1116 autem
3228 1062 3375 1116 dedit
3417 1072 3470 1116 et
3509 1063 3554 1116 ei
3601 1078 3808 1130 pennas

2229 1156 2514 1221 columbte,
2557 1165 2909 1225 posteaquam
2939 1153 3199 1206 dortnhit
3227 1155 3278 1205 in
3315 1154 3493 1206 medio
3524 1155 3752 1206 sortium
3792 1173 3803 1207 :

2227 1247 2404 1301 media
2430 1259 2613 1300 autem
2648 1247 2784 1300 inter
2816 1247 2953 1300 duas
2984 1245 3294 1298 vocationes
3321 1245 3538 1297 Israelis
3567 1243 3807 1298 Et-elesia

2225 1349 2416 1392 vocata
2462 1347 2565 1400 est,
2596 1339 2723 1407 quia
2753 1339 2928 1407 primo
2961 1338 3121 1392 Israel
3155 1347 3377 1390 vocatus
3412 1344 3513 1397 est,
3550 1346 3663 1404 post
3695 1337 3808 1390 ha-c

2226 1429 2315 1482 ubi
2370 1431 2484 1499 ipse
2528 1429 2754 1483 offendit
2805 1439 2857 1481 et
2903 1429 3139 1491 Cecidit,
3189 1437 3378 1481 vocata
3432 1437 3514 1479 est
3568 1427 3807 1481 I‘Ieclesia

2224 1521 2497 1591 gentium;
2532 1536 2656 1575 cum
2693 1532 2873 1574 autem
2919 1521 3197 1589 plenitudo
3234 1521 3472 1588 gentium
3520 1520 3810 1584 intro’erit,

2225 1623 2336 1668 tum
2373 1614 2571 1667 iterum
2603 1613 2782 1667 omnis
2823 1612 2989 1667 Israel
3023 1621 3244 1666 vocatus
3291 1611 3588 1663 salvabitnr
3617 1610 3700 1674 “;
3753 1612 3804 1664 in

2224 1703 2407 1757 medio
2440 1717 2569 1772 ergo
2603 1702 2798 1756 barum
2839 1701 3074 1755 duarum
3125 1700 3354 1754 sortium
3387 1699 3587 1752 dormit
3623 1699 3806 1754 Eccle-

2223 1794 2324 1848 sia.
2371 1794 2434 1848 Et
2465 1803 2687 1864 propter
2716 1793 2821 1846 hoc
2859 1792 3008 1846 dedit
3049 1791 3096 1846 ei
3138 1808 3332 1860 pennas
3368 1792 3619 1843 columbw
3654 1792 3806 1844 dear-

2221 1889 2460 1950 geutatas
2491 1921 2506 1944 ,
2557 1881 2705 1950 quod
2755 1880 3028 1950 signiﬁcat
3079 1879 3432 1932 rationabiles
3485 1892 3690 1947 pennas
3749 1881 3804 1934 in

2220 1971 2394 2026 sancti
2425 1970 2660 2040 Spiritus
2699 1971 2879 2026 donis.
2920 1970 2987 2024 Et
3021 1972 3315 2040 posteriora
3357 1972 3502 2023 dorsi
3538 1972 3678 2040 ejus,
3723 1973 3804 2025 vel

2221 2060 2274 2113 in
2307 2062 2574 2114 viriditate
2605 2062 2725 2114 auri
2763 2062 2805 2091 "
2831 2103 2846 2128 ,
2876 2070 2934 2114 ut
2964 2061 3183 2130 quidatn
3220 2062 3404 2129 legunt
3427 2100 3440 2121 ,
3477 2063 3593 2124 vel,
3627 2072 3681 2115 ut
3715 2062 3806 2115 alii

2221 2155 2484 2220 scriptum
2532 2151 2773 2214 habent,
2809 2152 2862 2203 in
2906 2151 3108 2220 pallore
3146 2152 3287 2203 auri.
3320 2150 3473 2216 Quod
3515 2152 3804 2204 ostendere

2222 2252 2421 2310 potest,
2466 2244 2594 2312 quia
2631 2242 2903 2313 posterior
2951 2243 3037 2296 illa
3089 2244 3299 2296 vocatio
3329 2259 3492 2312 quam
3539 2260 3602 2297 ex
3643 2242 3806 2298 Israel

2223 2331 2459 2387 futuram
2507 2334 2638 2388 dicit
2684 2334 3014 2403 Apostolus,
3059 2350 3165 2387 non
3211 2334 3311 2388 etit
3357 2334 3408 2386 in
3459 2335 3807 2389 observantia

2222 2424 2377 2493 legis,
2413 2425 2505 2478 sed
2539 2427 2589 2480 in
2634 2425 2968 2495 pretiositale
2996 2426 3138 2478 ﬁdei.
3184 2425 3314 2477 Auri
3359 2443 3592 2495 namque
3621 2428 3808 2480 viridi-

2221 2516 2346 2569 tatis
2375 2515 2511 2586 gerit
2557 2517 2828 2585 speciem,
2867 2516 2999 2570 ﬁdes
3033 2517 3323 2570 virtutilms
3356 2519 3577 2572 florens.
3627 2518 3812 2573 I‘otest

2218 2616 2399 2659 autem
2445 2607 2551 2660 dici
2586 2608 2637 2660 in
2681 2607 2863 2660 medio
2901 2622 3090 2659 earum
3137 2608 3368 2662 sortium
3419 2607 3687 2673 dormire,
3724 2608 3816 2662 vel

2218 2698 2499 2767 quiescere
2532 2697 2800 2759 Ecclesia,
2840 2697 2895 2751 in
2942 2698 3120 2752 medio
3173 2698 3405 2752 duorum
3449 2708 3808 2752 testamento-

2221 2804 2376 2853 rum;
2413 2799 2466 2842 et
2506 2804 2695 2857 pennae
2723 2789 2843 2858 ejus
2870 2789 3234 2858 deargentatte
3267 2805 3334 2844 ex
3363 2791 3616 2845 sensibus
3647 2791 3804 2859 legis.

2220 2883 2430 2936 Aurum
2478 2879 2531 2933 in
2579 2882 2977 2949 posterioribus
3009 2883 3158 2936 dorsi
3189 2882 3329 2950 ejus,
3371 2882 3593 2953 intelligi
3640 2899 3810 2936 evan-

2220 2971 2376 3041 gelici
2409 2973 2658 3026 muneris
2687 2975 2889 3027 donum
2929 2982 3126 3043 potest.
3165 2973 3242 3025 Ad
3281 2973 3421 3025 hanc
3459 2989 3586 3042 ergo
3625 2973 3812 3028 Eccle-

2224 3063 2362 3117 siam
2413 3063 2546 3116 dicit
2586 3062 2838 3117 Christus
2880 3082 2892 3116 :
2937 3062 3069 3116 Veni
3095 3103 3110 3128 ,
3171 3071 3227 3115 tu
3261 3062 3510 3115 columba
3548 3079 3666 3116 mea
3693 3104 3708 3128 ,
3755 3076 3812 3119 et

522 3157 675 3212 otnni
707 3156 1059 3226 perfectionis
1094 3160 1290 3215 decore
1323 3160 1745 3230 permanserint.
1788 3160 1942 3216 Sicut
1969 3163 2116 3217 enim
2145 3185 2187 3241 ρ
2223 3155 2379 3218 νϐιιί,
2425 3155 2478 3210 in
2519 3157 2860 3225 operimento
2895 3166 3091 3227 ψευδῆ
3137 3157 3344 3211 docens
3385 3172 3503 3209 eam
3537 3168 3594 3210 υι
3621 3168 3812 3227 operta

528 3263 658 3300 cum
699 3249 883 3302 anima
933 3249 987 3302 in
1037 3249 1318 3306 iracundia
1361 3260 1480 3317 est,
1524 3252 1801 3306 turbatum
1851 3260 1904 3308 et
1940 3253 2115 3309 ferum

529 3337 710 3392 reddit
742 3338 991 3407 corporis
1023 3340 1269 3407 vultum;
1298 3357 1424 3396 cum
1459 3357 1589 3396 vero
1613 3343 1667 3396 in
1700 3344 2118 3400 mansuetudine

523 3437 581 3482 et
606 3428 998 3497 tranquillitate
1025 3431 1286 3498 persistit,
1320 3433 1591 3502 placidum
1619 3434 1921 3504 mitemque
1944 3435 2120 3491 reddit

531 3527 814 3586 aspectum
841 3537 854 3572 :
882 3520 956 3575 ita
986 3520 1241 3577 Ecclesiae
1268 3523 1436 3580 facies
1462 3539 1562 3594 pro
1591 3525 1888 3581 virtutibus
1913 3536 1967 3582 et
1998 3542 2118 3582 mo-

529 3609 688 3665 ribus
739 3611 1074 3667 credentium
1103 3653 1119 3678 ,
1171 3623 1264 3670 aut
1303 3615 1501 3671 decora
1547 3617 1972 3685 pronuntiatur,
2023 3629 2120 3674 aut

524 3700 740 3768 turpis,
788 3703 1085 3758 secundum
1122 3705 1264 3774 quod
1305 3715 1358 3760 et
1389 3708 1656 3777 scriptum
1697 3708 1926 3775 legimus
1965 3728 1977 3763 :
2025 3709 2119 3765 Ve-

525 3786 745 3854 stigium
774 3790 947 3844 cordis
998 3791 1050 3844 in
1085 3792 1268 3856 battis,
1315 3794 1490 3847 vultus
1533 3795 1722 3849 hilaris
1772 3797 1835 3850 “.
1879 3796 1945 3851 Et
1984 3799 2114 3852 item

521 3876 651 3930 alibi
690 3895 705 3931 :
734 3875 924 3934 Cordis
975 3881 1084 3935 laeti
1117 3883 1281 3951 facies
1315 3885 1532 3952 ﬂorida,
1565 3886 1620 3939 in
1670 3888 1904 3942 tristitiis
1941 3899 2117 3943 autem

523 3969 685 4034 positi
726 3981 940 4025 m¢stus
979 3982 1060 4026 est
1107 3974 1282 4027 vultus
1333 3975 1399 4030 “.
1440 3976 1549 4030 Cor
1587 3993 1716 4046 ergo
1759 3978 1938 4032 laetum
1985 3989 2072 4036 est
2098 4023 2115 4049 ,

529 4074 658 4112 cum
705 4059 868 4115 habet
913 4063 966 4116 in
1001 4079 1062 4118 se
1100 4065 1354 4134 spiritum
1388 4064 1481 4119 Dei
1513 4084 1526 4119 :
1557 4067 1722 4136 cujus
1765 4069 1974 4138 primus
2003 4069 2119 4125 fru-

523 4162 648 4206 etus
691 4152 932 4209 Charitas
979 4163 1085 4220 est,
1137 4157 1413 4211 secundus
1458 4158 1718 4225 gaudium
1761 4174 1866 4213 ess.
1916 4159 1994 4214 Ex
2035 4162 2121 4217 his

524 4251 657 4308 puto
687 4243 952 4312 quosdam
1007 4247 1288 4315 sapientes
1338 4247 1519 4301 sazculi
1567 4252 1936 4319 assumpsisse
1970 4252 2116 4306 illam

523 4334 855 4389 sententiam
897 4351 1022 4406 quae
1048 4337 1200 4404 dicit,
1244 4338 1373 4408 quia
1408 4339 1561 4395 solus
1593 4341 1811 4410 sapiens
1838 4344 2118 4411 speciosus

524 4434 632 4488 est,
663 4428 841 4482 omnis
864 4438 1045 4482 autem
1068 4446 1304 4498 nequam
1336 4433 1509 4500 turpis
1538 4442 1640 4487 est.
1678 4431 1937 4501 Superest
1959 4435 2118 4490 nobis

2222 3244 2426 3311 veniat,
2457 3261 2525 3300 ne
2570 3245 2700 3316 quid
2729 3246 2970 3315 patiatur
2996 3247 3064 3301 ab
3096 3247 3505 3301 incursantibus
3536 3265 3657 3301 eam
3687 3261 3809 3302 ten-

2221 3337 2554 3403 tationibus,
2607 3339 2700 3393 sed
2745 3339 2848 3392 sub
2887 3338 3079 3392 umbra
3126 3348 3292 3408 petrae
3333 3338 3548 3392 incedat
3593 3340 3819 3396 obtecto

2219 3428 2405 3484 dicens
2445 3446 2461 3484 :
2497 3428 2730 3498 Spiritus
2772 3430 2945 3484 vultus
2999 3431 3166 3483 nostri
3230 3429 3472 3485 Christus
3521 3431 3817 3499 Dominus,

2220 3521 2309 3573 cui
2336 3521 2570 3574 diximus
2601 3537 2618 3575 :
2652 3519 2718 3574 In
2748 3521 2934 3575 umbra
2977 3525 3088 3591 ejus
3117 3523 3343 3576 vivemus
3375 3523 3427 3575 in
3458 3523 3698 3593 gentibus
3734 3520 3808 3575 ⁸⁸.

2220 3610 2448 3668 Obiecta
2491 3625 2670 3669 autem
2709 3614 2907 3668 incedit
2933 3625 2986 3669 et
3022 3613 3303 3683 adoperta,
3353 3614 3482 3684 quia
3513 3615 3674 3668 debet
3702 3629 3802 3683 po-

2223 3711 2468 3756 testatem
2513 3703 2710 3758 habere
2737 3719 2899 3772 super
2923 3714 3102 3773 caput,
3137 3714 3353 3773 propter
3388 3705 3626 3773 angelos.
3668 3703 3808 3758 Cum

2223 3797 2405 3849 autem
2445 3798 2654 3849 venerit
2682 3797 2748 3851 ad
2780 3797 3141 3866 promuralem
3177 3797 3380 3859 locum,
3418 3796 3468 3849 id
3505 3805 3588 3848 est
3619 3796 3683 3848 ad
3721 3796 3806 3847 fu-

2220 3886 2326 3940 turi
2365 3888 2548 3942 smculi
2591 3897 2818 3953 statum,
2851 3889 2923 3942 ibi
2952 3889 3016 3942 ad
3046 3905 3164 3942 eam
3197 3888 3329 3942 dicit
3362 3906 3376 3942 :
3418 3887 3646 3941 Ostende
3680 3888 3811 3940 milii

2220 3979 2410 4047 facient
2441 3990 2584 4033 tuam
2603 4019 2616 4043 ,
2643 3991 2692 4033 et
2722 3981 2959 4033 auditam
2989 3981 3076 4050 [ac
3103 3981 3231 4033 ;..ilti
3266 3998 3435 4034 vocem
3469 3990 3649 4046 tuam,
3676 3983 3809 4049 quia

2220 4085 2319 4122 vox
2358 4079 2449 4122 tua
2475 4071 2650 4124 suavis
2689 4080 2785 4124 est.
2818 4071 3074 4124 Auditum
3103 4071 3218 4125 vult
3253 4071 3370 4124 ﬁeri
3400 4087 3587 4125 vocem
3613 4069 3802 4125 Eccle-

2221 4161 2316 4218 sia:
2351 4177 2484 4226 sum,
2520 4163 2648 4232 quia
2677 4163 2774 4232 qui
2805 4180 2929 4218 eum
2963 4162 3254 4218 confessus
3290 4162 3451 4217 fuerit
3485 4178 3669 4217 coram
3711 4163 3810 4216 ho-

2223 4252 2484 4316 minibus,
2517 4262 2571 4306 et
2617 4254 2730 4323 ipse
2758 4255 3104 4309 conﬁtebitur
3133 4270 3257 4308 eum
3300 4271 3484 4308 coram
3518 4253 3674 4308 I‘atrc
3705 4267 3810 4307 suo

2219 4344 2311 4412 qui
2350 4344 2405 4398 in
2438 4345 2590 4400 cadis
2619 4354 2721 4399 est.
2763 4344 2902 4410 Quia
2947 4361 3045 4398 vox
3087 4355 3179 4398 tua
3223 4347 3398 4398 suavis
3434 4357 3528 4398 est.
3574 4345 3638 4398 Et
3682 4346 3806 4414 quis

2220 4451 2326 4489 non
2357 4435 2552 4490 fatetur
2583 4453 2806 4492 suavem
2837 4452 3020 4490 vocem
3052 4435 3304 4491 Ecclesia:
3333 4439 3612 4492 catholicze
3646 4439 3805 4491 ﬁdem

524 4524 586 4568 ut
619 4515 822 4586 aliquid
851 4518 1092 4588 apertius
1123 4521 1285 4574 etiam
1317 4523 1384 4576 de
1423 4524 1644 4578 nomine
1667 4526 2004 4594 promuralis
2031 4527 2114 4582 di-
2149 4523 2192 4578 Ι)
2218 4543 2404 4581 veram
2455 4529 2768 4582 conﬁtentis
2795 4568 2809 4592 ,
2858 4529 3138 4582 insuavem
3185 4544 3314 4583 vero
3363 4539 3415 4582 et
3453 4529 3804 4598 injucundam

525 4621 737 4661 cantus.
772 4607 962 4674 Quod,
996 4608 1137 4664 sicut
1167 4626 1332 4680 supra
1361 4613 1633 4682 diximus,
1662 4617 1865 4672 indicat
1891 4636 2110 4674 murum

523 4711 648 4771 esse
686 4707 811 4754 ante
851 4715 1105 4768 murum,
1143 4703 1288 4772 quod
1318 4705 1483 4759 etiam
1532 4708 1586 4760 in
1629 4707 1763 4764 Isaia
1798 4711 1913 4778 .hoc
1949 4713 2113 4767 modo

525 4787 726 4843 dicitur
760 4807 774 4844 :
809 4790 954 4846 Pone
1002 4809 1213 4846 murum
1255 4805 1305 4848 et
1351 4797 1494 4851 circa
1545 4816 1757 4854 murum
1809 4803 1876 4856 ⁸⁵.
1923 4802 2112 4859 Murus

525 4881 926 4952 munimentum
957 4886 1194 4943 civitatis
1236 4898 1340 4946 est.
1389 4891 1545 4947 Alius
1591 4909 1720 4949 vero
1765 4911 1958 4951 murus
1989 4907 2114 4949 ante

526 4986 768 5041 murum,
796 4975 880 5030 vel
908 4976 1054 5032 circa
1087 4993 1328 5049 murum,
1361 4983 1569 5052 majora
1601 4993 1656 5040 et
1687 4985 1950 5041 validiora
1987 5002 2112 5040 mn-

523 5065 768 5122 nimenta
799 5067 1064 5140 designat.
1110 5071 1217 5127 Per
1251 5074 1396 5143 quod
1428 5076 1771 5142 ostenditur,
1813 5079 1942 5148 quia
1983 5093 2114 5133 evo-

526 5170 660 5212 cans
691 5172 873 5212 sermo
902 5159 997 5214 Dei
1047 5163 1285 5217 animam
1325 5174 1379 5220 et
1415 5165 1655 5221 educens
1679 5182 1800 5221 eam
1831 5184 1860 5222 a
1910 5184 2109 5238 corpoo

524 5247 734 5303 ralibus
762 5251 996 5320 negotiis
1037 5262 1093 5308 et
1137 5256 1419 5323 corporeis
1451 5257 1728 5324 sensibus,
1760 5259 1958 5314 docere
1990 5275 2112 5314 eam

527 5339 595 5393 de
622 5337 794 5395 futuri
823 5344 1008 5398 saeculi
1051 5347 1328 5414 mysteriis
1367 5347 1537 5417 cupit,
1588 5358 1643 5402 et
1691 5351 1816 5404 inde
1844 5352 1892 5405 ei
1928 5353 2112 5406 muni-

527 5440 709 5484 menta
737 5435 1083 5502 conquirere,
1118 5445 1176 5489 ut
1205 5451 1300 5507 spe
1332 5437 1644 5492 futurorum
1681 5443 1889 5495 munita
1923 5452 1976 5496 et
2007 5444 2113 5498 cir-

529 5523 781 5576 cumdata
815 5525 868 5578 in
904 5527 1054 5580 nullo
1085 5527 1258 5595 possit
1290 5529 1372 5584 vel
1407 5530 1677 5586 illecebris
1709 5533 1872 5602 vinci,
1901 5538 1979 5590 vel
2015 5539 2110 5592 tri-

532 5609 900 5669 bulationibus
934 5616 1171 5688 fatigari.

601 5723 644 5754 ⁶⁰
674 5723 815 5780 Psal.
872 5744 980 5790 CIV,
1022 5730 1112 5786 5i.

1187 5732 1228 5761 ⁵¹
1269 5731 1455 5788 lICor.
1480 5751 1561 5797 Μ,
1589 5735 1669 5789 18.

535 5809 683 5863 xxvi,
719 5796 768 5847 1.

871 5799 912 5829 ⁶⁸
940 5799 1098 5855 Itoni.
1135 5817 1208 5866 si,
1236 5802 1324 5864 25,
1352 5805 1441 5859 ‘26.
1536 5808 1573 5838 ⁶τ
1610 5806 1749 5863 Psal.
1788 5825 1973 5864 vanv.
2007 5811 2083 5864 15.

1785 5738 1825 5767 ⁶²
1855 5736 1870 5790 I
1903 5739 2024 5791 Cor.
2066 5757 2184 5800 ειη,
2229 5742 2306 5793 12.

2218 4634 2340 4673 esse
2375 4621 2754 4674 ha'rcticorum
2786 4636 2994 4685 vocem,
3042 4621 3132 4688 qui
3177 4636 3282 4674 non
3321 4622 3572 4691 dogmata
3607 4623 3796 4675 verita-

2220 4711 2312 4776 tis,
2365 4711 2458 4765 scd
2513 4711 2880 4779 blasphemias
2930 4711 2982 4764 in
3023 4709 3228 4775 Deum,
3273 4722 3326 4765 et
3360 4714 3696 4781 iniquitatem
3745 4715 3801 4767 in

2215 4803 2490 4856 excelsum
2517 4803 2850 4871 loquuntur?
2878 4801 2967 4856 Sic
2995 4814 3047 4857 et
3079 4802 3243 4858 facies
3278 4803 3533 4859 Ecclesiae
3557 4806 3803 4874 speciosa

2214 4903 2299 4947 est
2340 4910 2354 4946 :
2399 4893 2777 4947 haereticorum
2823 4907 2951 4946 vero
2982 4893 3158 4962 turpis
3182 4903 3234 4947 et
3265 4891 3444 4958 fmda;
3486 4895 3531 4948 si
3568 4894 3689 4962 quis
3720 4904 3804 4948 est

2215 4993 2398 5038 tamen
2428 4985 2520 5054 qui
2560 4986 2695 5040 bene
2725 4985 2932 5038 noverit
2956 4985 3416 5054 pulchritudinem
3458 4987 3642 5041 vultus
3677 5003 3804 5055 pro-

2218 5075 2370 5140 bare,
2404 5076 2456 5128 id
2485 5086 2568 5130 est
2599 5078 2644 5130 si
2668 5076 2792 5145 quis
2820 5076 3082 5145 spiritalis
3119 5086 3203 5130 est
3235 5080 3327 5146 qui
3358 5078 3459 5131 scit
3484 5078 3804 5131 examinare

2217 5169 2423 5221 omnia.
2471 5166 2604 5222 Nam
2637 5169 2778 5237 apud
2817 5169 3096 5237 imperitos
3142 5178 3196 5222 et
3243 5168 3505 5224 animales
3551 5168 3828 5240 homines

2219 5257 2532 5329 pulchriora
2602 5259 2853 5313 videntur
2907 5259 3175 5312 mendacii
3243 5259 3580 5328 sophismata
3633 5274 3800 5327 quam

2219 5351 2472 5418 dogmata
2511 5351 2777 5403 veritatis.
2831 5349 3130 5405 Possumus
3160 5359 3341 5404 autem
3383 5350 3559 5404 adhuc
3584 5350 3651 5403 de
3681 5350 3801 5402 loco

2216 5439 2512 5508 promurali
2540 5441 2704 5492 etiam
2743 5439 2845 5493 hoc
2879 5439 3098 5504 addere,
3125 5440 3268 5508 quod
3305 5440 3614 5508 pt'omuralc
3645 5440 3801 5494 siittts

2218 5534 2286 5586 sit
2318 5530 2511 5597 Patris,
2557 5533 2607 5584 in
2650 5547 2760 5600 quo
2795 5531 3004 5599 positus
3045 5531 3356 5599 unigenitus
3385 5530 3554 5584 Filius
3580 5539 3804 5586 enarrat

2217 5625 2398 5677 omnia
2429 5635 2481 5677 et
2519 5625 2770 5677 enuntiat
2805 5623 3061 5677 Ecclesia:
3103 5638 3212 5677 sua:
3245 5637 3580 5692 quaecunque
3623 5624 3673 5675 in
3714 5638 3800 5676 sc-

3614 5741 3657 5771 “
3690 5738 3798 5794 Isa.

2171 5813 2212 5840 fil
2246 5811 2319 5863 'l'l.
