4130 6428
277 363 382 421 193

1594 345 1793 401 LIBER
1831 344 2188 415 QUARTUS.

275 471 441 539 cretis
475 487 530 535 et
570 479 622 534 in
660 473 998 535 absconditis
1036 471 1213 527 Patris
1244 469 1453 525 sinibus
1484 468 1852 523 continentur.
1888 473 1931 528 Α
1962 466 2171 521 minnm
2215 481 2348 521 cura
2386 464 2711 530 mandatur,
2761 472 2821 520 ut
2866 478 2994 520 cum
3032 464 3353 534 deceptores
3383 467 3545 538 quasi

277 572 434 630 Unde
464 580 518 627 ct
544 571 766 642 quidam
789 568 859 622 ab
885 581 951 622 eo
976 564 1201 621 edoctus
1226 562 1439 617 (licebat
1464 580 1476 616 :
1514 560 1680 615 Deum
1707 576 1855 613 nemo

274 662 410 719 vidit
443 676 695 731 unquam.
742 656 1053 727 Unigenitus
1076 653 1169 707 Dei
1197 652 1395 716 Filius,
1428 652 1519 722 qui
1548 660 1625 703 est
1653 652 1707 703 in
1736 650 1856 702 sinu

281 754 481 818 Patris,
512 756 621 821 ipse
663 749 930 806 enarravit
953 748 1020 803 ".
1059 746 1190 800 Illuc
1217 759 1347 815 ergo
1375 750 1566 798 evocat
1596 755 1852 811 sponsam

276 862 433 902 suam
464 845 752 909 Christus,
805 850 859 897 et
887 849 949 896 ut
987 840 1054 897 de
1100 837 1357 893 omnibus
1398 851 1519 891 eam
1555 849 1678 904 quae
1710 833 1853 903 apud

276 936 489 993 Patrem
532 936 832 1000 habentur,
884 933 1109 987 edoceat
1159 938 1215 983 et
1261 926 1409 983 dicat
1444 945 1456 981 :
1490 925 1630 991 Quia
1676 926 1855 977 omnia

274 1030 418 1086 vobis
448 1038 572 1082 nota
599 1027 699 1096 feci
725 1040 842 1095 qua:
874 1023 1054 1077 audivi
1087 1038 1119 1075 a
1147 1020 1309 1074 Patre
1341 1035 1452 1073 meo
1482 1019 1551 1083 7°;
1581 1026 1633 1072 et
1666 1026 1726 1072 ut
1754 1017 1854 1071 ite-

276 1135 401 1175 rum
449 1119 593 1172 dicat
622 1134 635 1170 :
663 1114 828 1169 Pater
848 1154 865 1182 ,
892 1112 1009 1168 volo
1038 1121 1096 1166 ut
1122 1110 1213 1165 ubi
1244 1126 1335 1180 ego
1369 1124 1521 1177 sum,
1558 1107 1671 1162 illic
1699 1108 1768 1162 sit
1803 1116 1852 1161 et

276 1213 515 1267 minister
540 1225 684 1263 meus
712 1208 780 1261 ".
1500 1217 1507 1222 ·

347 1301 502 1357 Vers.
539 1300 626 1354 15.
654 1298 840 1366 Capite
866 1295 1014 1351 nobis
1036 1293 1213 1363 vulpes
1236 1291 1459 1363 pusillas
1493 1292 1852 1347 exterminan-

277 1406 353 1449 trs
391 1396 599 1456 vineas,
653 1400 702 1445 et
747 1391 910 1444 viuere
954 1398 1150 1442 ιιοεινω
1196 1386 1478 1456 ﬂorebunt.
1536 1384 1849 1439 Secundum

279 1482 543 1537 dramatis
581 1481 823 1535 ordinem
863 1488 1070 1535 mutata
1111 1486 1197 1533 est
1238 1490 1491 1546 persona,
1546 1490 1654 1528 non
1704 1474 1850 1529 enim

274 1576 386 1644 iam
417 1574 482 1629 ad
522 1588 799 1645 sponsam,
834 1571 929 1628 sed
970 1570 1037 1626 ad
1078 1568 1294 1626 sodales
1327 1568 1440 1638 (Π)
1464 1568 1574 1639 92
1608 1566 1853 1636 loquitur

275 1680 540 1735 sponsus,
582 1673 633 1719 et
671 1664 805 1734 ipsis
839 1663 1007 1731 dicit;
1053 1671 1113 1716 ut
1147 1661 1367 1731 capiant
1401 1661 1589 1729 vulpes
1620 1657 1851 1727 pusillas

272 1768 395 1824 qua:
426 1752 754 1808 insidiantur
779 1752 976 1818 vincis,
1046 1751 1136 1806 ubi
1158 1750 1393 1820 primum
1425 1762 1646 1818 germen
1673 1756 1851 1802 osten-

270 1844 481 1912 derint,
523 1861 624 1901 nec
658 1845 846 1902 sinunt
887 1859 983 1898 eas
1032 1843 1316 1913 pervenire
1354 1841 1423 1895 ad
1462 1840 1670 1895 ﬂorem.
1716 1837 1849 1909 Capi

264 1951 402 2008 ergo
425 1952 520 1992 eas
544 1935 817 2006 praecepit,
840 1933 1000 1990 saluti
1028 1941 1083 1987 et
1107 1931 1325 1987 utilitati
1346 1930 1640 1988 consulens
1666 1928 1851 1984 vinea-

273 2043 418 2082 rum.
462 2026 572 2081 Sed
629 2026 766 2091 haec,
807 2033 868 2080 ut
913 2024 1213 2094 coepimus,
1246 2022 1475 2094 spiritali
1509 2022 1851 2092 expositione

267 2115 611 2173 discutienda
656 2123 802 2171 sunt.
843 2114 909 2171 Et
946 2123 1080 2186 puto
1122 2113 1267 2185 quod
1313 2113 1358 2169 si
1407 2114 1474 2170 de
1520 2113 1702 2168 anima
1734 2112 1850 2168 [nec

270 2224 394 2279 quae
428 2223 488 2264 se
512 2206 691 2263 Verbo
718 2205 812 2262 Dei
844 2207 1144 2277 coniungit,
1183 2206 1455 2270 advertas,
1487 2205 1679 2276 vulpes
1708 2220 1846 2260 con-

268 2300 451 2354 trarire
504 2304 800 2369 potestates
844 2307 900 2354 et
945 2299 1201 2369 nequitia:
1256 2297 1565 2354 daemonum
1616 2297 1846 2367 intelligi

264 2392 528 2456 debeant,
569 2405 666 2462 per
691 2389 1051 2462 cogitationes
1095 2405 1292 2461 pravas
1339 2399 1394 2445 et
1431 2389 1845 2461 intelligentiam

267 2496 577 2553 perversam
602 2483 1032 2538 exterminantes
1061 2482 1117 2535 in
1146 2481 1329 2536 anima
1363 2482 1623 2535 virtutum
1655 2480 1844 2535 ﬂorem

262 2577 321 2622 et
357 2567 590 2622 fructum
637 2569 759 2623 lidei
794 2569 1142 2639 perimentcs.
1192 2568 1443 2624 Provisio
1488 2568 1652 2638 igitur
1683 2566 1847 2622 Verbi

266 2657 361 2713 Dei
397 2660 491 2730 qui
519 2667 604 2714 est
635 2658 896 2714 Dominus
919 2660 1205 2725 virtutum,
1243 2658 1468 2712 mandat
1489 2658 1698 2729 angelis
1728 2658 1847 2714 suis

264 2747 359 2818 qui
389 2749 456 2802 ad
489 2747 853 2802 ministerium
881 2746 1038 2801 missi
1062 2755 1209 2811 sunt,
1242 2754 1465 2818 propter
1488 2761 1584 2802 eos
1615 2747 1710 2817 qui
1736 2748 1847 2802 hae-

266 2841 552 2895 rrditatesn
578 2840 802 2909 capiunt
828 2839 1047 2903 salutis,
1075 2849 1135 2894 ιιι
1165 2841 1384 2911 capiant
1411 2855 1481 2895 ex
1516 2854 1847 2911 unaquaque

262 2930 451 2987 anima
480 2932 790 3001 huiusmodi
822 2932 1179 3003 cogitationes
1204 2947 1236 2987 a
1265 2931 1605 2988 daemonibus
1633 2931 1847 2987 immis-

264 3038 382 3090 sas,
415 3033 474 3078 ut
510 3023 738 3091 abiectis
778 3024 857 3079 eis
903 3024 1118 3094 possint
1145 3023 1341 3091 _ﬂorem
1381 3024 1599 3079 virtutis
1629 3024 1842 3079 aﬂ‘erre.

264 3114 494 3184 Capiant
532 3122 713 3168 autem
755 3114 1113 3185 cngitationcs
1142 3116 1312 3171 maias
1345 3115 1399 3169 in
1433 3130 1519 3180 eo,
1552 3131 1688 3180 cum
1715 3131 1845 3186 διιεά

260 3214 459 3277 gerunt
490 3206 658 3260 menti
691 3221 797 3262 non
824 3221 947 3261 esse
976 3220 1071 3262 eas
1104 3222 1138 3262 ιι
1173 3205 1305 3269 Deo,
1345 3206 1439 3263 sed
1464 3222 1585 3261 esse
1617 3222 1647 3261 a
1680 3207 1841 3261 mali-

262 3314 373 3368 gno
398 3298 617 3367 spiritu,
642 3307 695 3353 et
720 3298 857 3352 dant
888 3298 1083 3352 animm
1110 3299 1495 3374 discretionem
1526 3300 1840 3370 spirituum,

264 3400 325 3444 ut
360 3388 623 3459 intelligat
652 3404 776 3458 quae
815 3390 888 3445 sit
924 3390 1181 3460 cogitatio
1218 3391 1516 3446 secundum
1557 3390 1750 3458 Deum,
1788 3401 1844 3447 et

262 3496 387 3553 quae
407 3483 481 3538 sit
507 3497 572 3536 ex
602 3482 838 3537 diabolo.
869 3478 940 3535 Ut
962 3490 1140 3536 autem
1170 3482 1315 3536 scias
1334 3496 1456 3537 esse
1483 3482 1843 3552 cogitationes

261 3589 402 3644 quas
448 3575 689 3630 immittit
728 3573 986 3630 diabolus
1026 3573 1080 3627 in
1135 3588 1232 3629 cor
1273 3574 1582 3641 hominum,
1630 3575 1755 3630 vide
1783 3575 1838 3629 in

264 3664 553 3737 Evangelio
576 3666 720 3736 quod
757 3666 1020 3736 scriptum
1046 3673 1134 3719 est
1166 3681 1178 3718 :
1208 3663 1341 3718 Cum
1376 3673 1552 3718 autem
1586 3664 1841 3717 immisis-

260 3767 363 3824 set,
400 3758 598 3829 inquit,
631 3757 871 3813 diabolus
909 3758 966 3812 in
1006 3773 1097 3811 cor
1120 3755 1278 3811 Iuda:
1315 3755 1594 3810 lseariotis
1629 3766 1686 3810 ut
1730 3765 1841 3810 tra-

259 3856 410 3906 deret
453 3867 572 3905 eum
626 3852 687 3904 τ’.
745 3849 884 3905 Sunt
932 3866 1062 3920 ergo
1118 3848 1431 3918 huiusmodi
1482 3847 1841 3919 cogitationes

256 3959 389 4015 qua
430 3959 463 3998 a
502 3943 843 3998 daemonibus
888 3942 1210 4013 injiciuntur
1253 3942 1307 3995 in
1350 3940 1608 3995 cordibus
1665 3938 1841 3993 homi-

260 4052 417 4092 num.
474 4034 578 4089 Sed
616 4036 744 4105 quia
784 4049 891 4089 non
934 4035 1089 4088 deest:
1118 4032 1301 4086 divina
1345 4030 1728 4096 Providentia,
1777 4044 1847 4085 ne

260 4130 405 4186 forte
442 4144 539 4199 per
583 4127 896 4198 lminsmodi
928 4126 1390 4195 importunitatem
1432 4126 1743 4179 turbaretur
1784 4123 1847 4177 li-

260 4224 446 4278 bertas
495 4218 709 4274 arbitrii
739 4256 755 4279 ,
797 4225 852 4272 et
898 4232 1006 4272 non
1050 4225 1194 4272 esset
1227 4216 1376 4286 iusta
1422 4230 1590 4269 causa
1631 4213 1845 4283 iudicii,

1961 562 2149 630 vulpes
2189 560 2471 615 incursare
2501 559 2767 630 eruperint
2813 554 3115 625 hominem,
3147 555 3384 613 dexteris
3414 572 3542 612 eum

1956 651 2179 706 auxiliis
2234 651 2543 706 sublevent.
2598 650 2665 704 Et
2709 650 2832 703 ideo
2874 648 3076 703 dicitur
3114 666 3129 702 :
3162 647 3348 718 Capite
3392 649 3542 703 nobis

1956 743 2133 812 vulpes
2167 743 2410 813 pusillas.
2459 741 2842 813 Competenter
2880 749 3017 797 sane
3057 755 3182 796 cum
3228 741 3407 796 adhuc
3441 755 3543 811 pu-

1956 834 2093 889 sillae
2127 840 2277 898 sunt,
2314 832 2434 903 capi
2469 847 2566 888 eas
2595 834 2815 888 mandat
2851 840 2906 887 et
2946 830 3353 902 comprehendi.
3395 829 3538 886 Dunt

1954 922 2104 977 enim
2152 922 2413 992 cogitatio
2463 921 2623 976 mala'
2653 921 2707 974 in
2761 920 2934 974 initiis
2980 929 3097 987 est,
3153 919 3311 975 facile
3361 928 3542 990 potest

1956 1013 2120 1084 abiici
2159 1027 2190 1067 a
2225 1012 2406 1067 corde.
2449 1009 2586 1065 Nam
2625 1012 2672 1066 si
2707 1009 3020 1081 lreqrtcnter
3053 1010 3307 1075 iteretur,
3352 1018 3407 1063 ct
3443 1009 3536 1064 diu

1955 1111 2296 1175 permaneat,
2337 1101 2556 1158 adducit
2593 1102 2832 1156 animam
2865 1100 2983 1156 sine
3009 1100 3177 1155 dubio
3204 1102 3270 1155 ad
3305 1116 3541 1156 consert-

1954 1209 2078 1249 sum
2103 1211 2120 1259 ;
2159 1203 2213 1249 et
2242 1200 2367 1263 lwst
2402 1206 2730 1249 consensum
2757 1191 2901 1246 intra
2927 1204 3025 1246 cor
3052 1206 3216 1246 suum
3244 1190 3541 1246 conﬁrma-

1953 1294 2107 1347 tum,
2147 1292 2356 1339 certum
2399 1292 2479 1339 est
2511 1283 2639 1354 quia
2676 1283 2743 1338 ad
2787 1282 2994 1353 peccati
3031 1281 3217 1336 tendat
3256 1281 3535 1336 allectum.

1963 1376 2103 1432 Dum
2127 1392 2259 1448 ergo
2311 1374 2366 1431 in
2399 1374 2567 1430 initiis
2590 1382 2699 1440 est,
2736 1380 2795 1428 ct
2837 1372 3035 1443 pusilla
3070 1379 3179 1436 est,
3225 1371 3347 1440 capi
3377 1370 3542 1426 debet

1953 1476 2007 1524 ct
2035 1467 2220 1538 abjici,
2257 1482 2324 1522 ne
2357 1467 2403 1522 si
2431 1466 2617 1522 adulta
2646 1463 2812 1520 fuerit
2837 1479 2892 1520 et
2914 1465 3233 1527 inveterata,
3268 1462 3384 1533 iam
3422 1475 3537 1516 non

1954 1559 2129 1631 possit
2175 1557 2391 1629 expelli.
2436 1557 2681 1627 Denique
2721 1564 2777 1611 et
2812 1553 2980 1610 Judas
3008 1555 3226 1609 initium
3270 1553 3398 1608 mali
3439 1553 3539 1607 ha-

1955 1652 2075 1707 huit
2112 1652 2165 1704 in
2195 1664 2382 1705 amore
2409 1648 2676 1719 pecunias,
2708 1656 2765 1703 et
2791 1648 2909 1703 haec
2945 1646 3049 1702 iuit
3088 1646 3164 1700 illi
3199 1645 3389 1715 vulpes
3428 1660 3535 1715 pu-

1953 1742 2098 1797 silla.
2151 1741 2257 1797 Sed
2304 1749 2362 1796 et
2400 1741 2470 1795 ab
2509 1740 2613 1794 hac
2657 1754 2782 1795 cum
2829 1738 3037 1794 videret
3082 1737 3350 1794 Dominus
3382 1735 3538 1792 Iuda:

1949 1833 2190 1888 animam
2228 1833 2385 1902 quasi
2422 1830 2702 1886 ﬂorentem
2741 1829 2959 1885 vineam
2994 1828 3138 1895 laedi,
3181 1843 3377 1898 capere
3412 1842 3535 1882 eam

1950 1924 2175 1990 volens,
2232 1932 2287 1979 et
2336 1924 2571 1995 abiicere
2608 1938 2677 1979 ex
2712 1936 2822 1988 eo,
2870 1919 3151 1976 commisit
3192 1919 3243 1974 ei
3288 1918 3537 1989 pet:an

1951 2015 2198 2081 loculos,
2246 2026 2308 2070 ut
2350 2014 2641 2085 possidens
2681 2013 2827 2084 quod
2866 2012 3117 2078 amabat,
3163 2027 3194 2066 a
3240 2001 3537 2079 cupiditate

1949 2114 2207 2163 cessaret.
2266 2106 2371 2162 Sed
2399 2106 2489 2162 ille
2513 2114 2699 2178 utpote
2723 2105 2930 2160 habens
2960 2103 3047 2160 sui
3076 2101 3286 2157 arbitrii
3312 2101 3537 2156 liberta-

1948 2208 2081 2264 tem,
2125 2213 2235 2254 non
2260 2207 2345 2254 est
2370 2200 2653 2269 amplexus
2692 2195 2887 2252 medici
2923 2193 3284 2265 sapientiam,
3323 2192 3420 2248 sui
3445 2194 3533 2248 iu-

1948 2291 2115 2347 dulsit
2147 2291 2499 2361 semetipsum
2531 2290 2607 2345 illi
2645 2289 2820 2360 magis
2861 2286 3094 2343 consilio
3120 2301 3231 2356 quo
3270 2284 3536 2341 extermi-

1949 2382 2183 2438 nabatur
2217 2383 2400 2438 anima
2427 2396 2551 2448 sua,
2587 2395 2751 2452 quam
2776 2392 2888 2449 quo
2912 2377 3229 2434 sanabatur.

2018 2494 2076 2550 Si
2114 2510 2242 2551 vero
2280 2496 2398 2551 haec
2426 2495 2493 2550 de
2529 2493 2747 2549 Christo
2772 2500 2829 2547 et
2864 2490 3108 2545 Ecclesia
3138 2488 3532 2559 intelligamus,

1949 2601 2133 2642 sermo
2184 2586 2454 2641 videbitur
2509 2584 2577 2639 ad
2619 2582 2877 2638 Ecclesiae
2926 2580 3178 2636 doctores
3223 2579 3383 2648 dirigi
3411 2618 3429 2643 ,
3481 2587 3536 2633 et

1949 2677 2199 2732 mandari
2232 2676 2312 2732 eis
2343 2676 2412 2732 de
2470 2674 2719 2745 captione
2762 2673 3006 2742 vulpium
3050 2669 3533 2727 exterminantium

1948 2767 2155 2824 vineas.
2189 2766 2393 2836 Vulpes
2422 2774 2602 2821 autem
2643 2778 2930 2835 perversos
2959 2762 3211 2817 doctores
3249 2758 3537 2838 haeretico-

1946 2873 2069 2914 rum
2103 2858 2417 2928 dogmatum
2446 2869 2739 2925 possumus
2772 2852 3092 2923 intelligere,
3127 2850 3224 2921 qui
3247 2865 3343 2920 per
3371 2865 3538 2920 argu-

1946 2956 2255 3003 mentorum
2312 2946 2663 3002 calliditatem
2716 2943 2983 2999 seducunt
3041 2944 3208 2997 corda
3272 2941 3537 2996 innocen-

1952 3039 2111 3103 tium,
2145 3048 2198 3093 et
2232 3039 2450 3092 vineam
2491 3035 2706 3091 Domini
2738 3034 3107 3091 exterminant
3142 3049 3213 3088 ne
3251 3032 3442 3088 ﬂoreat
3480 3034 3534 3087 in

1873 3144 1915 3203 ο
1951 3131 2055 3187 ﬁde
2090 3138 2261 3186 recta.
2288 3128 2461 3184 Datur
2482 3142 2615 3197 ergo
2643 3135 2971 3197 praeceptum
3002 3123 3317 3181 doctoribus
3351 3122 3539 3178 catho-

1947 3222 2107 3289 licis,
2154 3228 2215 3276 ut
2248 3220 2378 3275 dum
2426 3218 2607 3275 adhuc
2642 3217 2852 3288 pusillae
2887 3226 3015 3271 sunt
3056 3215 3173 3271 istae
3207 3214 3426 3284 vulpes,
3480 3219 3536 3267 ct

1949 3312 2191 3370 nondum
2230 3314 2418 3383 plures
2468 3311 2688 3366 animas
2744 3309 3117 3379 decepernnt,
3168 3306 3263 3362 sed
3318 3306 3535 3362 initium

1946 3406 2115 3461 habet
2148 3419 2321 3475 prava
2348 3402 2618 3466 doctrina,
2660 3416 2888 3471 arguere
2921 3401 3021 3454 hos
3056 3406 3110 3453 et
3145 3396 3421 3452 refrenare
3450 3394 3537 3450 l'e-

1944 3495 2172 3561 stinent,
2203 3501 2259 3548 et
2282 3490 2449 3549 verbo
2489 3492 2737 3547 veritatis
2774 3489 3209 3545 contradicentes
3234 3488 3537 3553 revincere,

1946 3595 2001 3643 et
2025 3601 2220 3657 capere
2245 3583 2348 3638 hos
2376 3583 2774 3639 assertionibus
2799 3580 2962 3634 veris.
3004 3579 3068 3634 Si
3103 3578 3251 3634 enim
3278 3592 3540 3648 permam

1941 3678 2113 3734 serint
2138 3678 2193 3731 in
2236 3675 2561 3747 principiis,
2602 3681 2660 3727 et
2708 3669 3069 3732 indulserint,
3122 3682 3304 3722 sermo
3340 3682 3535 3721 eorum

1940 3767 2086 3819 sicut
2136 3777 2334 3817 cancer
2375 3761 2580 3830 serpit,
2632 3766 2686 3814 et
2728 3759 2821 3812 tiet
2878 3755 3237 3821 insanabilis;
3281 3764 3342 3808 ut
3378 3754 3537 3809 multi

1942 3854 2294 3909 inveniantur
2338 3851 2431 3921 qui
2479 3849 2692 3920 decepti
2740 3848 2810 3902 ah
2853 3848 2937 3902 eis
2978 3862 3221 3917 pugnare
3270 3846 3383 3916 iam
3436 3861 3535 3913 pro

1944 3944 2081 4014 ipsis
2120 3943 2404 4013 incipiant,
2437 3949 2493 3996 et
2519 3939 2812 3996 defendere
2844 3936 3080 4007 suscepti
3107 3936 3311 3991 err0ris
3344 3944 3535 3991 aucto—

1951 4052 2059 4093 res.
2103 4036 2198 4092 Sic
2231 4050 2363 4105 ergo
2392 4034 2621 4105 pusillas
2647 4034 2870 4105 dignum
2904 4041 2988 4088 est
3020 4031 3209 4101 vulpes
3236 4046 3455 4102 capere,
3481 4038 3536 4085 et

1944 4129 2135 4183 dolosa
2198 4127 2578 4183 haereticorum
2644 4126 2985 4195 sophismata
3042 4123 3095 4178 in
3155 4122 3292 4194 ipsis
3346 4124 3533 4179 statim

1946 4217 2117 4273 initiis
2180 4217 2330 4273 veris
2390 4216 2790 4272 assertionibus
2853 4213 3159 4270 confutare.
3222 4211 3296 4268 Ut
3351 4222 3535 4268 autem

261 4314 470 4368 ideirco
502 4309 752 4381 benignis
792 4309 998 4381 angelis
1037 4317 1090 4364 ct
1124 4308 1319 4364 aruicis
1351 4306 1712 4377 potestatibus
1755 4305 1847 4362 ho-
1949 4309 2242 4377 ntriusque
2268 4307 2631 4377 expositionis
2671 4314 2875 4361 nostra:
2920 4305 3225 4361 evidentior
3268 4304 3537 4361 clarescat

258 4431 310 4463 "
351 4428 507 4484 .ioan.
542 4442 579 4493 ι,
618 4426 705 4481 18.
786 4424 1018 4481 "'Joan.
1052 4441 1138 4491 xv,
1174 4424 1258 4479 15.

1335 4424 1379 4455 ’¹
1411 4422 1573 4478 Joan.
1614 4438 1760 4489 χιιι,
1780 4423 1873 4491 ει,
1892 4432 1946 4478 et
1970 4439 2068 4491 ιιι,
2096 4423 2186 4478 26.
2268 4424 2314 4455 τ’
2343 4420 2503 4477 Joan.
2532 4437 2651 4487 xm,
2682 4421 2739 4476 Ξ.

334 4571 449 4642 (Ti)
491 4569 596 4624 Sed
631 4570 700 4642 ad
722 4569 953 4636 sodales,
983 4579 1090 4642 etc.
1130 4568 1431 4642 Procopius
1457 4588 1521 4625 ex
1564 4569 1795 4642 Origene
1821 4590 1834 4626 :
1870 4575 1917 4635 D
1943 4572 2130 4626 altricis
2154 4571 2414 4642 loquitur,
2444 4572 2556 4642 sive
2580 4570 2805 4642 angelis,
2831 4571 2941 4642 sire
2967 4570 3095 4642 viris
3124 4571 3346 4634 sanctis,
3377 4580 3535 4642 quot-

262 4639 448 4713 Ταῦτά
474 4643 586 4713 τοῖς
611 4640 785 4713 φίλοις
812 4642 845 4713 9
876 4640 1106 4713 ννιξφίφς
1129 4642 1245 4713 ἢτοι
1277 4639 1599 4713 aream
1636 4639 1840 4713 ἀνδρά-

1948 4652 2074 4713 quot
2104 4639 2508 4713 sunt‘AEcclesite
2537 4641 2801 4713 magistri.
2839 4639 2991 4713 Quod
3030 4649 3206 4713 autem
3239 4642 3317 4693 ita
3341 4639 3537 4710 prteri-

923 4711 937 4731 θ

265 4727 350 4764 σιν
391 4710 748 4794 ἁγιίοιςζιόσρι
778 4709 878 4794 τῇς
923 4709 1241 4794 Tinxit-quia;
1286 4709 1618 4794 armamini:
1675 4709 1845 4794 ’Υιτξρ

263 4782 542 4864 σωτηρίας
582 4779 639 4832 δὲ
665 4779 773 4832 τῶν
804 4779 1139 4901 ﬁgure).va
1185 4783 1219 4852 ἡ
1251 4783 1570 4870 προτροπὴ..⁸
1596 4782 1703 4845 ἵνα,
1733 4779 1844 4867 τᾶιῦ

263 4866 596 4933 πανουργων¹
621 4848 840 4933 συλλαῆ
870 4851 1144 4933 aventi.wa
1175 4851 1475 4931 ouvdpswv,
1515 4870 1571 4930 at
1604 4851 1846 4933 ξιαφεὶεέ-

267 4936 420 4994 ρουσι
444 4919 541 4991 λιτὴν
572 4919 748 5042 ιῗῗχὴν
780 4919 883 4989 τῆς
911 4919 1191 4989 ἐκφύσεως
1205 4919 1323 5001 ἰξοῦ
1342 4920 1576 5043 καῖποῦ,
1606 4919 1846 5002 δυνηοῷ-

267 5005 354 5044 σιν
378 4991 434 5043 αἱ
458 4989 605 5059 ἄμπο
639 5005 691 5059 ot
711 4989 981 5059 προκόψαι
1005 4989 1113 5043 ἀπὸ
1136 5006 1232 5042 του
1255 5007 1403 5059 κυπρ
1428 4992 1540 5055 ζειν
1567 4990 1727 5059 μέχρι
1748 5006 1845 5059 της

265 5005 356 5070 σιξ
378 5005 434 5043 αι
458 5005 688 5070 auersum
711 5005 981 5061 προκοψαι
1005 5005 1113 5043 am
1136 5006 1232 5042 του
1255 5005 1540 5072 κυπριςειν
1567 5005 1727 5073 μεχρι
1748 5006 1843 5060 της

262 5077 359 5134 τοι)
383 5058 971 5134 δᾳριτουᾳτεζειῴσεως,
1001 5060 1107 5134 ὑπὸ
1124 5060 1219 5112 τοῦ
1248 5060 1380 5134 Deos
1407 5074 1843 5134 γεωργουμεναιο

262 5128 356 5202 (“ita
381 5130 440 5184 δὲ
458 5128 528 5183 ’τὸ
554 5129 899 5202 ᾳύτξξούσιᾳν
928 5130 1220 5202 δυνάμεναι
1252 5128 1472 5202 ἐνέγκω.
1511 5128 1720 5202 ιὶαρπόν
1757 5149 1842 5202 re,

264 5200 362 5271 usti
392 5201 588 5271 pulp?!
610 5200 757 5271 τάχα
789 5200 882 5253 καὶ
929 5199 1208 5271 ἄνθρὼπρι
1251 5200 1533 5264 ἀλώπεκες
1577 5199 1745 5271 ἠινες.
1774 5200 1844 5254 δι’

263 5270 572 5353 ιτεροδόξου
588 5269 926 5353 ⁸δρι.ξι.ι5ἰτ¹;ιγιτρ¹ς
953 5269 1329 5353 ὲμποδίζονῖες
1365 5274 1477 5353 rei}?
1518 5269 1846 5353 ςξρξαμὲνοις

263 5339 484 5462 κρέξξιν
515 5339 725 5404 καλῶς)
757 5339 850 5404 οὓς
878 5340 956 5392 ἔτι
989 5339 1220 5412 μικροὺς
1251 5341 1408 5405 ὄντας
1443 5339 1688 5410 βούκεταὶ
1724 5340 1848 5392 συλ-

266 5409 377 5462 λτιω
413 5426 559 5462 ηναι.
615 5412 746 5462 πρὶν
798 5410 892 5462 ἐπὶ
939 5409 1104 5462 πλέον
1157 5410 1414 5462 ἀσεϐείας
1472 5412 1843 5462 ποοκὸπτωσι.

266 5409 559 5482 λὴςρθῆναι,
615 5412 746 5482 πρὶν
798 5410 892 5482 sui.
939 5409 1107 5482 πλέοῆ
1157 5410 1414 5482 ἀσεϐείας
1445 5409 1843 5482 inponor-nutat.

265 5478 460 5559 Μέγας
493 5479 612 5559 ¹γὰρ⁸
640 5478 865 5559 ἆλώςξηξ
898 5480 1475 5559 χενόμεγοςηὴείγοις
1512 5478 1847 5559 nexuve-Law-

264 5567 387 5613 τοςο
419 5549 524 5602 ὑπὸ
548 5548 706 5619 μόνου
742 5550 799 5602 δὲ
820 5548 927 5603 ’τοῦ
959 5548 1195 5621 νυμφίου
1228 5548 1534 5621 θηρεύεται.
1579 5548 1845 5671 Ἀἕχόμεη

268 5637 351 5671 vat
381 5620 491 5671 γὰο
522 5621 762 5671 ἐνεργεῖν
791 5619 862 5671 τὰ
887 5618 1127 5671 γείοονα.
1165 5620 1257 5671 καὶ
1292 5623 1402 5671 τοῖς
1432 5618 1602 5671 φίλοις
1672 5619 1845 5671 νάλω-

268 5637 351 5673 νοι
522 5618 762 5707 ὲνίρζεῖν
791 5619 862 5705 θεὰ
887 5618 1144 5707 'xslpo‘va,‘
1165 5620 1257 5672 καὶ
1274 5618 1402 5707 ἐέρῖς
1432 5618 1621 5707 (pilare.
1635 5618 1845 5702 ᾲνάλω-

1950 4710 2049 4782 pit,
2076 4728 2171 4780 pro
2198 4711 2471 4782 vinearum
2501 4719 2578 4764 est
2608 4710 2992 4782 incolumitate,
3019 4721 3074 4762 ut
3105 4711 3269 4779 vafris
3300 4727 3539 4782 compre-

1948 4780 2124 4836 hensis
2166 4780 2537 4851 potestatibus,
2572 4795 2704 4851 quae
2744 4781 2961 4833 initium
3004 4790 3220 4833 exortus
3262 4780 3538 4850 fructuum

1946 4850 2288 4919 emoliuntur,
2321 4852 2449 4905 vites
2475 4868 2510 4904 α
2538 4850 2761 4919 ﬂoribus
2787 4851 2858 4903 ad
2893 4851 3099 4918 fructus
3122 4854 3539 4906 consummatio-

1948 4917 2065 4976 nem
2098 4923 2203 4975 Deo
2230 4920 2433 4975 cultore
2459 4917 2714 4989 proﬁcere
2738 4917 2964 4989 possint,
2991 4936 3054 4973 ac
3083 4930 3297 4989 propter
3320 4921 3537 4976 arbitrii

1945 4990 2241 5045 libertatem
2284 4991 2518 5059 fructum
2558 4990 2695 5059 ferre
2735 5001 2951 5059 queant,
2992 4990 3083 5043 vel.
3104 5006 3206 5044 non
3242 4992 3400 5059 ferre.
3446 4989 3537 5045 Vel

1946 5061 2083 5130 forte
2115 5062 2276 5114 etiam
2302 5062 2536 5115 homines
2566 5059 2741 5128 vulpes
2765 5061 3011 5129 quwdam
3041 5070 3184 5121 sunt,
3229 5063 3322 5131 qui
3366 5060 3536 5115 hare-

1945 5135 2050 5185 lica
2095 5132 2296 5184 astutia
2325 5133 2392 5185 iis
2425 5131 2797 5199 impedimento
2838 5140 2964 5183 sunt
3000 5131 3094 5200 qui
3142 5141 3278 5185 recte
3322 5145 3534 5185 currere

1946 5202 2228 5269 incipiunt.
2274 5200 2398 5254 Vult
2424 5211 2602 5254 autem
2626 5200 2802 5269 vulpes
2829 5201 2946 5270 capi
2972 5201 3147 5253 adhuc
3170 5201 3417 5267 pusillas,
3439 5216 3533 5252 an-

1953 5281 2161 5340 tequam
2210 5271 2461 5340 majorem
2509 5271 2564 5322 in
2615 5271 2830 5324 modum
2879 5270 3149 5337 impietate
3192 5271 3525 5340 profecerim.

1962 5338 2153 5410 vulpes
2192 5338 2334 5394 enim
2365 5341 2453 5394 ubi
2484 5341 2739 5410 grandior
2775 5343 3019 5406 evaserit,
3064 5341 3134 5393 ab
3168 5342 3243 5394 eis
3272 5338 3388 5408 rapi
3426 5352 3534 5394 non

1951 5419 2160 5480 potest;
2191 5411 2281 5463 sed
2317 5411 2464 5463 solus
2502 5425 2725 5479 sponsus
2758 5418 2946 5463 venatu
2976 5426 3163 5478 capere
3193 5425 3313 5463 eum
3346 5412 3534 5480 iussit.

1957 5480 2092 5560 Dum
2124 5482 2263 5534 enim
2291 5481 2553 5563 deteriora
2585 5480 2758 5563 [atere
2789 5480 3071 5561 incipiunt,
3108 5480 3265 5563 eti'qm
3300 5480 3539 5560 ademi-

1951 5552 2026 5603 cis
2057 5560 2276 5620 possunt
2305 5550 2440 5618 capi.
2488 5547 2627 5603 Dicit
2675 5565 2790 5603 vero
2837 5547 2999 5620 etiam
3051 5547 3538 5620 pusillasuvineas.

1951 5617 2213 5674 Adversus
2264 5617 2403 5672 enim
2441 5636 2552 5683 eos,
2588 5634 2705 5689 quae
2754 5618 2981 5685 majores
3015 5625 3158 5685 sunt,
3192 5617 3327 5673 nihil
3359 5618 3543 5691 vulpes

267 5707 372 5760 τοι.
396 5688 565 5760 λέγει
589 5688 633 5742 δ’
656 5689 722 5760 ἂν
747 5690 840 5743 καὶ
874 5688 1100 5760 μικροὺς
1121 5690 1476 5760 ἀμπελῶνας
1507 5690 1566 5741 οὐ
1593 5688 1846 5742 δύνανται

1954 5691 2130 5744 moliri
2161 5698 2400 5759 possunt.

270 5759 380 5831 γὰρ
428 5759 571 5815 κατὰ
624 5759 734 5814 τῶν
790 5758 1038 5827 μεγάλων
1085 5758 1385 5823 ἀλώπεκες.
1446 5759 1572 5813 Ηιτε
1627 5774 1849 5828 sponsus

3443 349 3546 406 l9!
3622 342 3626 346 “
