4130 6432
627 333 732 387 105

1664 324 2016 382 οιιιδιῖΝεδ
2050 322 2115 378 IN
2157 319 2517 379 CANTICUM
2554 320 2831 377 CANTIC.

3799 328 3903 385 196

629 451 892 520 assertio,
939 466 1332 523 cougregemus
1358 465 1422 503 ex
1459 448 1662 504 divinis
1694 446 2068 502 voluminibus
2096 448 2203 500 sie-
2239 448 2282 504 Α
2315 453 2635 513 argumenta
2698 443 2937 497 carnalis
2980 453 3031 497 et
3084 452 3314 499 terrena;
3365 444 3647 515 sapientiae
3689 445 3904 501 conlin-

632 547 723 599 ubi
777 545 1031 599 animalis
1093 544 1255 610 hujus
1301 541 1505 594 mentio
1555 539 1694 593 facta
1751 550 1853 593 est.
1903 537 2214 591 Invenimus

630 652 762 707 ergo
801 636 855 689 in
889 634 1228 703 sexagesimo
1271 633 1511 687 secundo
1573 633 1786 702 psalmo
1812 631 1881 685 de
1917 629 2099 697 impiis
2140 628 2211 682 ita

629 730 736 782 dici
771 746 784 781 :
823 725 935 795 Ipsi
963 742 1078 779 vero
1108 727 1161 777 in
1195 741 1386 778 vanum
1406 725 1725 793 quaesierunt
1758 725 1991 776 animant
2022 739 2212 784 meam,

628 819 919 873 introibant
957 819 1013 870 in
1050 817 1306 886 inferiora
1353 824 1541 878 terrae,
1598 816 1877 869 tradentur
1920 816 1975 867 in
2026 829 2213 866 manus

626 909 814 979 gladii,
850 920 1026 978 partes
1060 907 1293 977 vulpium
1323 917 1477 961 erunt
1503 907 1569 961 ⁷³.
1616 906 1722 961 Sed
1754 915 1809 960 et
1838 906 1890 960 in
1919 904 2215 971 Evangelio

631 1003 926 1059 secundum
982 1000 1297 1055 Matthteum
1338 998 1589 1054 Salvator
1618 999 1684 1053 ad
1727 998 1974 1052 Scribam
2004 998 2097 1065 qui
2127 997 2214 1050 di-

628 1095 782 1149 ccbat
818 1094 867 1148 ei
898 1112 911 1147 :
952 1092 1208 1163 Magister
1228 1134 1242 1158 ,
1273 1108 1463 1162 sequar
1495 1100 1543 1145 te
1568 1107 1875 1161 quocunque
1917 1091 2039 1143 ieris
2060 1129 2075 1151 ,
2124 1106 2213 1142 rc-

626 1185 845 1254 spondit
877 1204 891 1239 :
936 1183 1124 1253 Vulpes
1169 1183 1345 1253 foveas
1392 1182 1579 1236 habent
1621 1192 1670 1235 et
1704 1182 1938 1235 volucres
1976 1180 2093 1233 caeli
2132 1181 2214 1233 ni-

626 1278 722 1332 dos
762 1279 854 1332 ubi
899 1279 1248 1348 requiescant,
1285 1273 1462 1328 Filius
1514 1288 1688 1328 autem
1717 1275 1946 1327 hominis
1974 1290 2077 1326 non
2121 1276 2213 1326 Ita-

629 1369 844 1423 bet’ubi
891 1377 1049 1437 caput
1091 1384 1245 1421 suunt
1287 1368 1499 1420 reclinet
1537 1366 1605 1419 ".
1648 1365 1909 1419 Similiter
1944 1366 2135 1417 autem'
2160 1371 2215 1416 et

631 1459 686 1514 in
723 1458 1017 1529 Evangelio
1044 1458 1342 1513 secundum
1387 1457 1587 1513 Lucam
1618 1456 1684 1511 ad
1711 1471 1808 1510 eos
1837 1455 1928 1524 qui
1956 1455 2214 1509 dixerunt

632 1550 909 1605 Domino:
946 1550 1072 1615 Eri,
1117 1559 1164 1604 et
1208 1550 1337 1604 vade
1378 1549 1520 1614 Itinc,
1572 1549 1698 1619 quia
1744 1546 1975 1601 Herodes
2020 1546 2129 1600 vult
2166 1556 2215 1601 te

631 1644 884 1709 occidere,
917 1643 1197 1713 respondit
1221 1641 1378 1697 Iesus
1409 1659 1423 1695 :
1456 1640 1654 1695 Euntes
1686 1641 1847 1694 dicite
1867 1638 2009 1708 vulpi
2041 1639 2165 1692 Ituic
2194 1655 2213 1693 :

632 1732 768 1787 Ecce
800 1749 892 1803 ego
931 1733 1087 1802 ejicio
1133 1732 1392 1787 daemonia
1442 1741 1492 1786 et
1528 1731 1783 1786 sanitates
1814 1729 2030 1800 perficio
2057 1727 2214 1783 hodie

2316 545 2469 604 gant,
2508 536 2561 588 iu
2596 533 2854 587 inferiora
2884 544 3040 588 tcrr.e
3077 536 3337 590 dicuntur
3369 536 3577 605 ingredi
3603 553 3617 591 :
3646 536 3729 589 vel
3752 549 3902 594 certo

2314 625 2442 694 quia
2480 625 2703 691 gravius
2736 623 3082 692 delinquunt,
3119 626 3212 694 qui
3248 637 3460 679 terrena
3493 626 3710 692 docent,
3732 642 3896 696 quam

2315 718 2406 786 qui
2435 718 2505 769 ita
2535 717 2744 777 vivunt,
2795 718 2874 771 eis
2908 717 3091 770 futura
3148 733 3307 786 pmua
3354 717 3517 771 etiam
3543 717 3760 787 gravior
3793 718 3901 772 im-

2316 809 2485 862 minet
2532 827 2545 863 :
2602 808 2877 878 iidemque
2923 810 3022 878 ipsi
3082 811 3134 863 in
3180 824 3376 864 manus
3426 810 3589 879 gladii
3650 811 3898 866 tradendi

2317 903 2749 971 pr0phctantur,
2805 901 2954 957 illius
3007 902 3259 957 fortassis
3317 900 3552 958 flammei
3600 910 3657 958 et
3709 918 3896 957 versa-

2316 994 2450 1047 tilis.

2385 1086 2673 1151 Quomodo
2701 1094 2886 1140 autem
2933 1094 2988 1139 et
3042 1095 3225 1156 partes
3250 1086 3492 1156 vulpium
3529 1086 3683 1150 flant,
3711 1086 3901 1141 videa-

2315 1193 2458 1231 mus.
2492 1176 2686 1233 Omnis
2711 1179 2892 1231 anima
2943 1187 3038 1231 aut
3088 1193 3215 1247 pars
3256 1190 3341 1235 est
3388 1177 3506 1240 Dei.
3538 1187 3632 1232 aut
3661 1193 3786 1247 pars
3815 1189 3900 1233 est

2314 1267 2694 1336 cujuscunque
2729 1268 2823 1337 qui
2848 1268 3059 1338 accepit
3093 1278 3414 1337 potestatem
3437 1283 3600 1337 super
3627 1268 3895 1322 homines.

2315 1355 2449 1411 Nam
2475 1374 2595 1410 cum
2619 1358 2877 1413 divideret
2927 1359 3233 1413 Altissimus
3260 1370 3433 1430 gentes
3456 1399 3472 1422 ,
3506 1368 3554 1413 et
3582 1359 3902 1428 dispergeret

2315 1448 2457 1517 ﬁlios
2491 1447 2686 1513 Adam,
2716 1450 2908 1501 statuit
2939 1449 3069 1518 ﬁnes
3101 1450 3336 1518 gentium
3389 1449 3676 1504 secundum
3719 1465 3903 1503 nume-

2317 1556 2435 1592 rum
2456 1538 2765 1609 angelorum
2809 1538 2929 1601 Dei,
2954 1553 3002 1594 et
3039 1540 3185 1609 facta
3220 1550 3298 1594 est
3331 1541 3506 1610 portio
3559 1539 3774 1593 Domini
3801 1539 3905 1594 Ja-

2316 1629 2494 1682 cob".
2532 1629 2668 1683 Cum
2719 1644 2851 1699 ergo
2898 1638 3113 1684 constet
3169 1644 3613 1699 unamquamque
3659 1631 3902 1687 animam

2318 1731 2413 1774 aut
2441 1719 2493 1773 in
2524 1728 2678 1790 parte
2710 1719 2828 1785 Dei,
2862 1729 2957 1774 aut
2991 1720 3045 1775 in
3085 1728 3237 1790 parte
3277 1736 3398 1775 esse
3417 1721 3644 1778 alterius
3675 1721 3907 1790 cujusli-

628 1835 675 1878 et
704 1827 959 1893 crastina,
995 1827 1122 1880 etin
1154 1826 1241 1880 die
1271 1825 1428 1880 tertia
1457 1822 1863 1879 consummabor
1884 1824 1951 1875 ⁷⁸.
1987 1822 2043 1875 In
2075 1821 2212 1876 libro

2318 1810 2426 1876 bet,
2456 1811 2718 1881 quoniam
2741 1812 2959 1881 quidem
3004 1828 3100 1882 per
3146 1812 3357 1867 arbitrii
3387 1812 3688 1867 libertatem
3718 1815 3903 1883 possi-

625 1932 842 1988 quoque
862 1917 1143 1983 Iudicum,
1168 1917 1402 1974 Samson
1428 1934 1553 1974 cum
1579 1932 1721 1973 uxor
1740 1933 1863 1988 qua:
1886 1924 2006 1971 erat
2032 1931 2097 1969 es
2127 1930 2214 1986 ge.

627 2027 755 2067 uere
785 2010 1198 2065 Philistinorum
1230 2011 1279 2064 ei
1310 2009 1506 2065 fuisset
1528 2009 1733 2075 ablata,
1779 2008 1855 2063 ait
1897 2008 1963 2063 ad
2003 2014 2211 2076 patrem

626 2105 745 2173 ejus
776 2123 789 2159 :
820 2102 1076 2157 lnnocens
1105 2119 1223 2157 sum
1253 2119 1345 2174 ego
1371 2102 1469 2156 hac
1493 2103 1601 2157 vice
1632 2102 1696 2155 ab
1723 2101 2017 2172 Allophylis
2038 2144 2051 2167 ,
2090 2101 2215 2171 quia

630 2195 821 2265 faciam
853 2195 1121 2249 vobiscum
1155 2195 1318 2248 mala.
1361 2193 1425 2247 Et
1468 2194 1601 2247 abiit
1639 2192 1887 2260 Samson,
1922 2203 1971 2247 et
2013 2194 2214 2263 accepit

631 2297 890 2342 trecentas
922 2286 1117 2357 vulpes,
1157 2296 1206 2340 et
1244 2287 1443 2355 accepit
1480 2286 1772 2355 lampades,
1796 2296 1841 2339 et
1871 2285 2058 2355 ligavit
2085 2301 2215 2339 cnu-

630 2380 755 2431 dam
781 2379 849 2431 ad
879 2378 1125 2442 caudam,
1156 2385 1206 2431 et
1226 2377 1400 2446 posuit
1430 2377 1729 2447 lampadem
1748 2392 1908 2429 unum
1928 2374 2213 2429 interduas

627 2467 738 2538 93
765 2467 965 2521 caudas
1000 2466 1254 2536 vulpium,
1294 2476 1342 2519 et
1371 2467 1610 2520 accendit
1647 2467 1817 2536 ignem
1851 2465 1906 2519 in
1944 2464 2211 2533 lantpadi-

626 2569 744 2624 tous,
769 2568 818 2612 et
842 2558 1016 2611 emisit
1058 2574 1146 2611 eas
1168 2573 1260 2626 per
1281 2574 1469 2612 messes
1503 2557 1930 2625 Allopltylornm,
1956 2565 2006 2610 et
2035 2556 2213 2609 incen-

624 2650 703 2704 dit
740 2666 916 2704 omnes
942 2665 1134 2704 messes
1166 2665 1347 2703 eorum
1381 2657 1431 2702 et
1454 2648 1682 2715 stipulas
1718 2663 1921 2715 eorum,
1957 2657 2005 2702 et
2036 2648 2214 2701 cineas

622 2758 804 2795 eorum
825 2743 893 2804 ⁷⁸,
918 2751 972 2797 ct
997 2741 1194 2795 oliveta
1222 2756 1437 2795 eorum.
1464 2739 1657 2794 Adhuc
1677 2750 1857 2794 autem
1887 2740 1940 2793 in
1970 2740 2211 2795 secundo

624 2831 768 2887 libro
791 2830 1001 2896 Estlrm,
1032 2832 1123 2886 ubi
1145 2829 1350 2886 Tobias
1372 2830 1713 2886 Amnionites
1744 2832 2021 2901 impedivit
2074 2829 2210 2886 aedi-

631 2923 939 2976 ficationem
989 2938 1179 2977 eozum
1231 2923 1325 2991 qui
1358 2922 1424 2976 de
1458 2922 1766 2991 captivitate
1806 2921 2099 2984 redierant,
2151 2928 2212 2975 ut

629 3014 962 3069 aliticarcnt
984 3013 1243 3082 templum
1273 3022 1326 3067 et
1354 3028 1593 3076 murum,
1646 3012 1720 3067 ait
1747 3013 1813 3067 ad
1841 3011 2156 3081 Allophylos
2190 3030 2206 3066 :

634 3104 890 3175 Nunquid
936 3105 1030 3159 isti
1075 3103 1451 3173 sacriﬁcabunt
1487 3114 1579 3158 aut
1631 3105 2209 3158 romeduntimmalata
2235 3137 2282 3198 ε

629 3198 685 3250 in
712 3196 810 3249 hoc
867 3196 1025 3250 loco?
1055 3194 1246 3249 Nonne
1275 3196 1563 3250 ascendunt
1617 3196 1814 3266 vulpes,
1856 3206 1906 3251 et
1940 3197 2211 3252 destruent

631 3303 840 3341 inurunt
876 3291 1111 3357 ipsorum
1140 3304 1290 3359 quem
1313 3303 1378 3341 ea:
1412 3288 1680 3357 lapidibus
1710 3289 1977 3358 a’di/icant
2003 3288 2089 3342 "7

701 3378 830 3436 Haec
858 3388 987 3436 sunt
1012 3380 1228 3435 interim
1267 3395 1391 3450 qua:
1417 3380 1482 3435 ad
1515 3396 1757 3451 praesens
1783 3380 1945 3436 nobis
1969 3396 2037 3436 ex
2068 3378 2218 3436 Scri-

632 3469 810 3538 pturis
838 3470 1040 3525 divinis
1062 3485 1355 3525 occurrere
1413 3481 1733 3541 potuerunt,
1770 3471 1823 3525 in
1854 3471 2057 3540 quibus
2097 3470 2220 3526 aui-

631 3563 790 3618 malis
822 3563 987 3633 hujus
1017 3563 1279 3617 memoria
1329 3562 1468 3619 facta
1506 3572 1611 3629 est,
1642 3573 1702 3618 ιιι
1752 3578 1819 3617 ex
1877 3563 1962 3618 his
1994 3563 2216 3633 sapiens

628 3655 862 3724 quisque
906 3655 1081 3710 lector
1121 3656 1417 3726 prudenter
1463 3656 1637 3725 possit
1667 3654 1962 3724 conjicere,
1999 3653 2045 3709 si
2093 3660 2219 3723 apta

627 3746 709 3800 usi
741 3762 936 3802 sumus
974 3748 1317 3818 expositione
1382 3748 1437 3803 in
1486 3748 1573 3802 his
1602 3762 1726 3816 qua:
1773 3745 2051 3815 proposita
2089 3752 2222 3800 sunt

626 3840 807 3904 nobis,
838 3839 905 3894 ad
944 3840 1348 3909 esplauandum
1384 3838 1437 3893 id
1489 3840 1636 3910 quod
1665 3838 1780 3893 ait:
1838 3836 2028 3907 Capite
2063 3836 2215 3891 nobis

625 3934 802 4003 culpes
826 3933 1069 4003 pusillas.
1137 3931 1201 3987 Et
1229 3931 1484 4002 quamvis
1531 3945 1824 4000 operosum
1877 3931 1949 3984 sit
2000 3928 2216 3999 singula

627 4040 751 4094 qua:
799 4024 1030 4093 exempli
1064 4037 1230 4078 causa
1260 4021 1666 4089 assumpsimus
1686 4021 2002 4092 explanare,
2030 4030 2212 4075 tamen

625 4130 748 4186 qua:
783 4116 1104 4185 poterimus,
1128 4113 1365 4169 breviter
1392 4114 1794 4183 contingemus.
1846 4111 1911 4167 Et
1941 4113 2118 4183 primo
2149 4112 2218 4167 de

623 4208 963 4279 sexagesimo
985 4206 1227 4262 secundo
1242 4205 1456 4277 psalmo
1483 4204 1787 4273 videamus,
1814 4205 1904 4260 tibi
1933 4221 2058 4261 cum
2080 4204 2215 4275 justi

627 4300 868 4352 animam
928 4308 1386 4369 persequerentur
1432 4295 1607 4366 impii,
1664 4296 1753 4351 ille
1808 4297 2075 4367 psallebat
2129 4297 2213 4351 di-

624 4408 799 4447 cens:
845 4390 960 4462 Ipsi
1028 4401 1206 4445 autem
1255 4393 1312 4446 in
1345 4407 1538 4445 vanum
1590 4392 1907 4462 quaesierunt
1972 4391 2210 4445 animam

2319 1903 2427 1957 bile
2451 1912 2536 1958 est
2564 1919 3012 1975 unumquemque
3043 1920 3109 1959 ex
3167 1913 3320 1975 parte
3373 1904 3600 1960 alterius
3648 1907 3905 1972 transire,

2320 1995 2401 2049 vel
2434 1995 2501 2050 ad
2537 2007 2745 2066 partem
2795 1995 2891 2052 Dei
2924 1999 2969 2053 si
3000 1997 3196 2053 melius
3235 1998 3354 2067 ipso
3394 2009 3621 2069 juvante
3658 1998 3903 2069 elegerit,

2321 2087 2400 2142 vel
2426 2087 2471 2141 si
2503 2087 2738 2157 nequius
2768 2087 2834 2142 ad
2867 2089 3175 2143 dmmonum
3201 2090 3529 2159 portionem,
3550 2092 3677 2147 hinc
3708 2093 3905 2148 horum

2318 2179 2526 2232 mentio
2565 2178 2796 2233 habetur
2826 2179 2879 2233 in
2910 2180 3121 2250 psalmo
3151 2200 3167 2235 :
3205 2180 3310 2248 Qui
3336 2182 3389 2236 in
3440 2198 3640 2238 vanum
3671 2185 3909 2254 quaesie-

2320 2281 2449 2325 runt
2477 2270 2716 2325 animam
2739 2272 2900 2342 justi,
2927 2282 3108 2342 partes
3153 2283 3315 2331 erunt
3342 2275 3611 2345 vulpium,
3664 2277 3830 2332 veluti
3858 2277 3905 2332 si

2316 2365 2526 2419 diceret
2586 2374 2640 2419 et
2681 2365 3043 2435 pessimorum
3096 2374 3151 2422 et
3197 2367 3660 2437 nequissimoram
3707 2367 3909 2423 daemo-

2318 2473 2449 2512 num
2486 2469 2670 2527 partes
2702 2467 2903 2513 erunt:
2940 2469 3001 2514 ut
3051 2475 3392 2532 unaquaeque
3448 2462 3686 2531 maligna
3734 2463 3908 2517 virtus

2314 2559 2371 2604 et
2396 2551 2607 2616 dolosa,
2643 2566 2738 2621 per
2792 2567 2957 2621 quam
2982 2553 3327 2623 deceptiones
3356 2563 3411 2610 et
3472 2553 3693 2610 fraudes
3755 2554 3913 2611 falsa

2315 2643 2565 2698 scientia
2601 2644 2924 2699 introducta
2967 2654 3121 2709 sunt,
3158 2647 3456 2718 ﬁguraliter
3494 2647 3687 2717 vulpes
3716 2646 3913 2717 appeto

2314 2734 2529 2799 lentur;
2562 2743 2616 2790 et
2643 2736 2696 2791 lii
2729 2737 2824 2808 qui
2879 2737 2933 2791 iu
2982 2737 3130 2793 hunc
3156 2753 3401 2795 errorem
3447 2740 3816 2805 deducuntur,
3849 2745 3915 2795 at

2314 2826 2508 2881 nolunt
2539 2828 2891 2896 acquiescere
2948 2829 3097 2883 sanis
3140 2830 3490 2886 sermonibus
3542 2829 3754 2885 Domini
3796 2845 3914 2885 no-

2312 2916 2410 2970 stri
2440 2915 2571 2971 Jesu
2605 2916 2834 2983 Christi,
2880 2926 2935 2972 et
2967 2917 3231 2973 doctrinm
3277 2934 3403 2990 quae
3455 2920 3757 2975 secundum
3786 2918 3914 2990 pic-

2313 3015 2480 3063 tatem
2512 3017 2621 3072 est,
2663 3010 2758 3065 sed
2814 3008 2991 3078 decipi
3030 3024 3089 3064 se
3128 3012 3415 3080 patiuntur
3468 3027 3499 3065 a
3550 3012 3773 3079 talibus,
3815 3011 3914 3070 isti

2314 3101 2509 3158 talium
2542 3112 2727 3172 partes
2750 3104 2994 3173 vulpium
3025 3103 3174 3165 fient,
3220 3112 3276 3158 et
3305 3102 3612 3157 introibant
3650 3117 3777 3158 cum
3823 3105 3910 3161 eis

2322 3194 2376 3249 in
2412 3194 2671 3250 inferiora
2703 3204 2882 3252 terra.
2906 3197 3013 3268 Ipsi
3043 3205 3244 3254 suntet
3265 3197 3340 3250 illi
3376 3196 3430 3251 in
3485 3196 3684 3266 quibus
3710 3213 3913 3254 secun-

2318 3285 2451 3341 dum
2482 3284 2837 3356 Evangelium
2871 3288 3061 3358 vulpes
3108 3290 3227 3342 ista
3259 3301 3401 3357 quas
3434 3301 3597 3357 supra
3633 3302 3914 3342 memora-

2321 3378 2527 3444 vimus,
2557 3377 2743 3434 foveas
2779 3379 2984 3435 habere
3006 3380 3284 3447 dicuntur,
3312 3381 3365 3435 in
3397 3380 3598 3450 quibus
3616 3379 3655 3434 F
3661 3380 3788 3436 ilius
3816 3381 3913 3436 lio-

2323 3468 2494 3524 miuis
2522 3484 2632 3523 non
2661 3469 2824 3524 habet
2855 3471 2944 3524 ubi
2967 3478 3132 3539 caput
3154 3485 3315 3525 suum
3353 3471 3597 3526 reclinet.
3635 3470 3908 3527 Herodem

2322 3576 2543 3630 quoque
2568 3562 2785 3634 vulpem
2839 3562 3178 3617 nominatum
3223 3578 3322 3634 pro
3371 3564 3551 3619 fallaci
3610 3564 3912 3622 calliditate

2322 3650 2655 3705 credi-udum
2691 3660 2792 3705 est.
2819 3648 2954 3705 Nam
2998 3652 3065 3707 de
3094 3650 3326 3707 Samson
3366 3652 3459 3721 qui
3484 3661 3754 3707 trecentas
3784 3652 3908 3707 vul-

2322 3758 2421 3814 pes
2452 3742 2685 3813 cepisse,
2715 3752 2772 3797 et
2827 3743 3117 3814 colligasse
3156 3759 3251 3815 per
3290 3745 3516 3810 caudas,
3545 3753 3710 3815 atque
3740 3747 3909 3801 inter-

2318 3836 2523 3907 jecisxe
2551 3835 2831 3905 lampades
2862 3836 3118 3892 ardentes
3151 3837 3205 3890 in
3258 3837 3441 3891 medio
3477 3838 3800 3905 caudarum,
3829 3849 3912 3895 at-

2321 3943 2429 3998 que
2463 3927 2759 3981 iniunxisse
2791 3942 2885 3996 per
2921 3942 3132 3982 messes
3173 3925 3607 3998 Allaphylorum,
3639 3937 3695 3983 et
3718 3929 3910 3987 inccn-

2320 4021 2471 4075 disse
2498 4037 2592 4075 eas
2614 4037 2737 4075 cum
2766 4021 2986 4091 stipulis
3029 4030 3084 4075 et
3127 4020 3345 4075 olivetis
3375 4020 3660 4091 vineisque
3693 4038 3907 4077 memo-

2320 4122 2495 4175 ratur,
2524 4115 2679 4168 \altle
2712 4114 2848 4168 mihi
2883 4112 3119 4168 difﬁcilis
3150 4112 3343 4168 formai
3387 4113 3553 4183 hujus
3589 4114 3671 4167 vel
3717 4114 3908 4185 ﬁgurae

2319 4207 2533 4262 videtur
2558 4208 2890 4276 explanatio.
2924 4206 3227 4263 Tentemus
3285 4215 3467 4261 tamen
3509 4206 3690 4277 aliqua
3719 4223 3785 4262 ex
3817 4208 3908 4264 bis

2322 4302 2542 4373 pulsare
2572 4316 2671 4371 pro
2732 4301 2966 4365 viribus,
3028 4309 3084 4355 et
3128 4315 3419 4370 ponamus,
3445 4301 3588 4355 sicut
3635 4303 3910 4372 expositio

2317 4392 2588 4448 nostrain
2624 4391 3002 4462 superioribus
3035 4393 3298 4457 continet,
3350 4393 3539 4463 vulpes
3589 4409 3709 4450 esse
3752 4393 3906 4450 falla-

624 4500 816 4551 meam,
866 4484 1161 4537 introibant
1208 4484 1263 4537 in
1305 4482 1563 4553 inferiora
1587 4492 1759 4549 terra,
1817 4482 2095 4537 tradentur
2154 4482 2207 4536 in
2244 4479 2287 4533 Ι)
2318 4501 2411 4540 ces
2444 4497 2844 4553 perversosque
2875 4483 3151 4538 doctores.
3202 4482 3313 4539 llos
3377 4483 3610 4541 Samson
3660 4489 3753 4557 qui
3791 4490 3906 4545 veri

624 4590 811 4630 manus
840 4575 1031 4646 gladii,
1062 4584 1237 4644 partes
1267 4574 1504 4645 vulpium
1558 4584 1712 4629 erunt
1740 4575 1803 4631 ⁷⁸.
1854 4573 1912 4629 In
1955 4590 2065 4645 quo
2097 4574 2208 4630 uti-

622 4680 730 4734 que
757 4664 1063 4720 ostenditur
1098 4663 1244 4735 quod
1275 4665 1429 4719 vanis
1453 4673 1506 4719 et
1543 4665 1799 4720 inanibus
1844 4665 2023 4720 verbis
2055 4663 2209 4735 pravi

622 4760 876 4812 doctores
901 4756 1148 4827 decipere
1178 4757 1421 4813 volentes
1469 4758 1711 4812 animam
1764 4757 1924 4827 justi,
1976 4757 2208 4812 introire

621 4849 881 4904 dicuntur
910 4849 966 4902 iu
997 4847 1257 4903 inferiora
1302 4857 1478 4916 terrae,
1510 4859 1711 4905 terram
1747 4857 1935 4917 utpote
1987 4848 2209 4918 sapien-

620 4949 723 5007 tes,
745 4949 799 4995 et
826 4941 893 4996 de
920 4952 1062 4996 terra
1127 4941 1432 5012 loquentes,
1469 4951 1635 5012 atque
1668 4941 1720 4995 in
1769 4939 2031 4993 inferiora
2059 4939 2202 5008 ejus,

620 5033 672 5087 id
706 5041 791 5088 est
826 5032 880 5088 in
937 5014 1265 5104 profdndum
1321 5034 1569 5091 stultitia:
1592 5031 2009 5087 descendentes.
2060 5028 2202 5083 Puto

617 5125 764 5179 enim
821 5127 968 5197 quod
1029 5127 1083 5181 hi
1153 5127 1246 5197 qui
1305 5126 1600 5182 carnalizer
1660 5123 1871 5186 vivunt,
1928 5121 2057 5191 quia
2099 5121 2202 5175 sibi

622 5219 755 5288 ipsis
781 5219 1157 5274 tantummodo
1178 5228 1399 5285 uocent,
1424 5228 1568 5273 terra
1606 5228 1728 5269 esse
1755 5224 1810 5269 et
1836 5216 1890 5269 in
1926 5224 2072 5270 terra
2105 5215 2205 5269 ba-

619 5310 791 5366 hitare
820 5310 1096 5367 dicuntur.
1128 5309 1191 5364 lli
1223 5326 1353 5365 vero
1383 5308 1478 5377 qui
1525 5306 1760 5361 terrenis
1794 5315 1849 5361 et
1889 5307 2199 5363 carnalibus

620 5403 871 5458 sensibus
902 5401 1216 5472 Seripturas
1252 5398 1582 5467 intelligunt,
1606 5405 1661 5450 et
1692 5396 1828 5452 alios
1856 5398 1926 5452 ita
1954 5398 2201 5453 docendo

619 5493 914 5565 decipiunt,
953 5510 1053 5564 pro
1100 5506 1167 5546 eo
1218 5490 1340 5560 ipso
1370 5488 1519 5559 quod
1560 5488 1803 5558 argutias
1846 5489 2111 5559 quasdam
2147 5500 2201 5545 et

693 5676 738 5707 ’³
762 5675 903 5731 Psal.
940 5692 1073 5735 uti,
1109 5674 1194 5741 10,
1225 5677 1309 5732 ll.
1354 5676 1402 5708 "
1434 5676 1621 5733 Matth.
1661 5696 1780 5746 vin,
1812 5681 1897 5742 l9,
1936 5682 2025 5737 20.

623 5757 698 5806 tv,
727 5746 781 5801 3.
851 5750 895 5778 ⁷³
950 5747 1095 5802 Psal.
1127 5763 1260 5815 LXII,
1294 5749 1383 5815 10,
1424 5751 1505 5804 ll.
1582 5750 1627 5785 "
1658 5750 1816 5806 Deut.
1866 5769 2039 5820 xxvii,
2068 5752 2121 5818 8,
2156 5755 2209 5808 9.

2140 5684 2184 5714 '”‘
2212 5681 2344 5737 Luc.
2383 5699 2501 5745 xm,
2534 5684 2621 5747 δι,
2650 5683 2736 5738 3:2.

2311 4583 2369 4628 et
2402 4572 2579 4627 fidelis
2619 4572 2913 4643 imaginem
2968 4582 3112 4628 tenet
3168 4576 3429 4644 doctoris,
3476 4578 3697 4648 capiens
3737 4580 3907 4634 verbo

2313 4666 2585 4731 veritatis,
2619 4669 2850 4723 caudam
2882 4668 2949 4723 ad
2995 4669 3225 4723 caudam
3276 4673 3515 4744 colliget,
3575 4673 3625 4727 id
3676 4683 3761 4728 est
3811 4673 3905 4727 ad-

2312 4767 2600 4815 versantes
2626 4760 2756 4826 sibi,
2802 4770 2856 4815 et
2891 4761 3107 4816 diversa
3160 4777 3191 4815 a
3235 4778 3294 4818 se
3340 4763 3572 4819 invicem
3605 4767 3906 4821 sentientes

2312 4851 2678 4921 docentesqne
2701 4851 2971 4919 confutet,
3006 4862 3170 4925 atque
3201 4871 3264 4910 cx
3297 4854 3539 4924 ipsorum
3566 4857 3747 4910 verbis
3775 4872 3907 4925 pro-

2313 4940 2614 5011 positiones
2646 4944 3103 5015 collectionesqne
3159 4947 3455 5017 accipiens,
3500 4947 3552 5001 in
3585 4948 3907 5019 Allopltylo-

2315 5048 2438 5087 rum
2473 5044 2705 5103 segetem
2733 5035 2910 5104 ignem
2935 5036 3313 5094 conclusionis
3338 5040 3573 5101 emittat,
3607 5048 3660 5092 et
3682 5053 3745 5092 ex
3772 5054 3904 5108 pro-

2310 5123 2445 5193 priis
2483 5138 2671 5179 eorum
2697 5127 3038 5195 argumentis
3059 5142 3251 5181 omnes
3273 5143 3462 5181 eorum
3493 5127 3703 5183 fructus
3733 5139 3904 5198 atque

2314 5214 2501 5269 vincas
2538 5223 2592 5269 et
2636 5216 2833 5269 oliveta
2899 5216 3152 5285 pessima:
3202 5218 3569 5287 generationis
3619 5219 3901 5276 incendat.

2311 5304 2417 5361 Sed
2448 5315 2503 5361 et
2555 5307 2670 5378 ipse
2720 5325 2983 5364 numerus
3019 5319 3387 5364 trecentarum
3434 5313 3679 5381 vulpium
3711 5329 3835 5383 qu
3865 5330 3900 5370 a

2309 5398 2621 5467 semetipsis
2669 5398 2901 5453 diversa:
2930 5408 2985 5453 et
3018 5399 3366 5456 dissonantes
3399 5412 3575 5467 erant,
3624 5405 3899 5473 triplicem

2308 5490 2538 5544 formam
2571 5490 2816 5544 indicant
2867 5501 3242 5561 peccatorum.
3300 5492 3475 5548 Omne
3509 5496 3653 5549 enim
3702 5512 3903 5567 pecca-

2856 5679 3090 5738 7“.ludic.
3124 5697 3217 5746 xv,
3245 5682 3298 5747 '5,
3322 5683 3453 5746 4,5.
3569 5684 3609 5713 τ’
3655 5682 3696 5737 ιι
3731 5681 3900 5742 Esdl'.
