4130 6428
357 339 455 396 l9?

1458 335 1823 393 EKCERPTA
1863 337 2320 398 PROCOPIANA.

3509 354 3612 408 193

354 466 466 512 tum
503 463 597 509 aut
650 455 702 508 in
759 453 920 514 facto,
977 462 1069 505 aut
1107 451 1157 504 in
1209 451 1394 514 verbo,
1428 462 1520 505 aut
1569 453 1622 504 in
1659 467 1926 505 consensu
1961 455 2004 512 Α
2033 456 2241 509 οῖοῑθνὶε
2292 456 2530 512 inimicis
2586 456 2878 512 virtutibus
2908 468 2991 512 est
3037 460 3246 531 vulpes,
3282 477 3402 531 qua:
3432 477 3609 520 exter.

355 549 555 600 utentis
593 545 914 599 admittitur.
957 542 1151 597 Verum
1190 559 1254 596 ue
1286 542 1413 596 illud
1449 543 1666 612 quidem
1695 545 1838 612 quod
1877 543 1928 597 in

351 640 594 696 secundo
647 639 782 692 libro
826 636 1015 691 Esdra:
1071 636 1332 706 scriptum
1389 635 1679 707 diximus,_
1715 635 1931 703 penitus

351 727 710 784 Omittcndum
741 735 859 780 est:
888 725 977 780 ubi
1001 741 1122 780 cum
1147 724 1540 778 :edilicarentur
1575 723 1770 778 Sancta
1805 740 1921 779 san-

354 827 591 882 ctorum,
626 819 674 872 id
708 828 792 872 est
818 833 942 872 cum
990 816 1121 871 ﬁdes
1145 815 1349 870 Christi
1382 825 1435 870 et
1475 826 1784 870 sanctorum
1812 816 1930 883 ejus

358 910 614 981 mysteria
672 909 1058 970 conderentur,
1119 907 1325 960 inimici
1374 906 1651 970 veritatis,
1701 907 1930 974 lideiqnc

354 1000 632 1064 contrarii,
662 999 752 1068 qui
781 1007 908 1051 sunt
937 997 1210 1066 sapientes
1254 995 1417 1064 lmjus
1453 996 1656 1060 saeculi,
1690 997 1929 1048 videntes

354 1094 558 1161 absque
617 1101 731 1146 artc
765 1089 1118 1162 grammatica
1171 1097 1224 1140 et
1280 1087 1470 1157 peritia
1530 1088 1924 1158 philosophica,

354 1200 682 1253 consurgere
743 1196 930 1236 murus
988 1178 1285 1250 Evangelii,
1335 1181 1481 1235 velut
1519 1197 1642 1235 cum
1677 1182 1928 1236 irrisione

352 1277 586 1348 quadam
612 1278 800 1331 dicunt
823 1274 1076 1345 perfacile
1101 1279 1202 1329 hoc
1227 1290 1384 1344 posse
1407 1275 1612 1330 destrui
1632 1275 1928 1327 calliditate

354 1383 673 1422 sermonum
729 1383 822 1437 per
862 1375 1072 1422 astutas
1104 1365 1346 1421 fallacias
1380 1377 1430 1420 et
1473 1375 1789 1437 argumenta
1815 1365 1930 1418 dia-

355 1459 570 1513 lectica.
608 1457 730 1513 l-lzec
768 1459 979 1512 interim
1024 1468 1287 1527 quantum
1345 1457 1583 1512 brevitas
1615 1457 1788 1526 potuit
1818 1456 1926 1524 pati

355 1551 422 1606 de
451 1551 745 1620 assumptis
796 1549 1057 1618 exemplis
1103 1548 1246 1602 dicta
1297 1547 1584 1602 sulliciant.
1635 1545 1788 1601 Nunc
1813 1546 1926 1616 jam

351 1643 417 1696 ad
451 1642 788 1712 propositum
821 1649 1173 1696 revertamur.

423 1732 648 1789 Videtur
679 1750 809 1804 ergo
843 1735 896 1787 in
930 1732 1154 1786 Cantico
1200 1731 1537 1785 canticorum
1596 1738 1924 1799 praeceptum

348 1827 464 1881 dari
501 1829 570 1882 ab
601 1843 806 1896 sponso
843 1825 1034 1879 amicis
1063 1823 1165 1878 sibi
1192 1822 1504 1885 virtutibus,
1536 1832 1594 1875 ut
1623 1822 1840 1890 capiant
1872 1831 1924 1874 et

347 1928 580 1988 arguant
610 1919 916 1972 contrarias
939 1925 1256 1986 potestates,
1281 1931 1402 1984 qua:
1429 1915 1760 1969 insidiantur
1806 1913 1924 1966 ani-

348 2011 544 2062 mabus
576 2008 884 2070 hominum,
917 2023 984 2061 ne
1043 2007 1403 2062 extet-minent
1430 2022 1617 2060 eorum
1678 2005 1829 2059 initia
1867 2004 1926 2058 fi-

347 2099 454 2163 dei,
487 2096 782 2168 ﬂoremque
815 2098 1074 2153 virtutum
1101 2099 1203 2153 sub
1224 2099 1403 2169 specie
1435 2107 1658 2153 secreta:
1689 2098 1800 2170 94
1823 2101 1924 2154 ali--

346 2192 504 2260 cujus
535 2199 590 2244 et
637 2192 857 2245 occulta:
906 2191 1204 2260 sapientiae,
1252 2207 1374 2260 quae
1429 2191 1586 2261 quasi
1643 2193 1829 2261 vulpes
1867 2195 1919 2247 in

347 2281 539 2347 foveis,
569 2282 639 2334 ita
674 2282 726 2335 in
761 2282 844 2336 his
872 2282 1185 2337 hominibus
1210 2285 1301 2352 qui
1340 2283 1664 2351 semetipsos
1714 2285 1777 2337 ad
1807 2285 1921 2338 hac

345 2373 598 2427 sectanda
630 2375 982 2443 praebuerint,
1015 2374 1360 2432 delitescunt.
1427 2374 1488 2428 Et
1540 2391 1650 2444 quo
1707 2375 1921 2431 facilius

343 2465 615 2520 confutari
647 2468 862 2536 possint
894 2478 946 2521 et
1002 2468 1178 2538 argui,
1220 2469 1348 2521 dum
1381 2483 1560 2537 parvae
1592 2468 1701 2521 sint
1732 2469 1920 2538 vulpes

344 2555 494 2626 ipsae,
548 2565 603 2610 et
652 2555 803 2610 initia
849 2557 1050 2610 habent
1077 2557 1325 2625 pessima:
1375 2557 1768 2626 persuasionis,
1799 2559 1920 2627 capi

338 2647 614 2717 jnhentur.
641 2645 776 2700 Nam
795 2647 840 2701 si
867 2647 1007 2701 forte
1041 2647 1330 2712 creverint,
1357 2656 1409 2700 ct
1448 2647 1683 2716 majores
1722 2647 1922 2702 fuerint

344 2734 532 2803 vulpes
559 2734 780 2798 cll'ectae,
830 2735 944 2803 jam
997 2745 1270 2804 nequeant
1317 2735 1385 2789 ab
1442 2737 1683 2790 inimicis
1710 2738 1916 2806 sponsi,

341 2827 435 2880 sed
490 2825 558 2878 ab
607 2825 724 2894 ipso
784 2823 1031 2880 fortassis
1070 2841 1272 2896 sponso
1320 2825 1436 2880 solo
1475 2826 1590 2894 capi
1641 2835 1917 2895 poterunt.

344 2915 449 2970 Sed
477 2925 530 2969 et
553 2916 724 2969 sancti
759 2916 962 2985 quique
994 2916 1242 2971 doctores
1271 2924 1324 2970 et
1357 2917 1601 2987 magistri
1641 2917 1914 2984 Ecclesiae,

342 3007 484 3060 sicut
511 3017 837 3074 acceperunt
886 3016 1204 3076 potestatem
1231 3009 1478 3062 caleaudi
1505 3023 1669 3076 super
1694 3024 1916 3078 serpen-

2037 539 2207 594 minat
2233 541 2418 595 vineas
2451 543 2724 608 florentes,
2786 561 3013 614 qumque
3051 563 3174 602 cum
3210 550 3388 605 adhuc
3443 567 3607 621 parva

2033 641 2135 694 cst,
2174 632 2292 700 capi
2320 633 2561 702 juhetur,
2611 635 2753 690 sicut
2801 649 2854 691 et
2889 637 2940 691 in
2979 641 3277 694 centesimo
3328 643 3608 710 trigesimo

2033 722 2264 790 septimo
2289 726 2496 792 psalmo
2554 726 2745 782 beatus
2795 729 3013 792 dicitur,
3051 732 3140 800 qui
3172 741 3314 788 tenet
3346 744 3399 788 et
3435 735 3609 791 allidit

2033 815 2286 881 parvulos
2319 815 2604 887 Babylonis
2635 819 2699 872 ad
2733 831 2940 889 petram
2972 823 3037 880 ⁸ο.
3076 839 3174 878 nec
3198 827 3456 894 permittit
3483 844 3607 882 scn-

2033 920 2152 958 sum
2203 905 2559 976 Babylonium
2601 924 2849 965 crescere
2879 912 2930 965 in
2987 918 3280 985 semetipso
3311 929 3362 971 et
3398 920 3604 985 augeri,

2031 999 2126 1052 sed
2160 1014 2282 1052 cum
2334 1009 2415 1053 est
2447 1000 2499 1054 in
2556 1001 2726 1056 initiis
2782 1004 2954 1058 allidit
2987 1022 3132 1074 eum,
3161 1019 3214 1061 et
3246 1017 3390 1064 tenet
3419 1013 3483 1064 ad
3513 1027 3606 1080 pe-

2031 1096 2212 1142 tram:
2251 1097 2381 1144 tunc
2431 1091 2573 1144 enim
2626 1091 2782 1148 facile
2807 1096 3108 1164 perimitur.
3152 1098 3242 1154 Sic
3291 1117 3419 1172 ergo
3473 1104 3608 1156 ordo

2029 1180 2425 1247 explanationis
2456 1193 2736 1248 percurrat
2769 1201 2781 1237 :
2822 1184 3004 1254 Capite
3046 1188 3220 1253 vulpes
3269 1191 3414 1244 nobis
3439 1193 3606 1260 pusil-

2032 1266 2132 1330 las,
2169 1283 2284 1334 qua?
2315 1269 2489 1336 vulpes
2521 1273 2874 1326 exterminant
2923 1276 3099 1330 vineas
3138 1279 3403 1346 florentes.
3447 1282 3604 1348 Quod

2031 1367 2208 1410 autem
2238 1360 2366 1413 dicit
2401 1362 2570 1428 nobis,
2598 1363 2699 1417 huc
2723 1373 2825 1431 est,
2878 1367 3010 1421 mihi
3043 1385 3242 1437 sponso
3267 1380 3320 1425 et
3351 1388 3564 1440 sponsa:
3590 1392 3604 1428 :

2028 1448 2113 1502 vel
2143 1459 2287 1503 certe
2320 1451 2449 1504 mihi
2478 1461 2530 1506 et
2557 1454 2708 1509 vobis
2730 1457 2822 1526 qui
2856 1459 2986 1514 estis
3021 1461 3235 1515 sodales
3263 1463 3389 1518 mei.
3417 1462 3604 1518 Potest

2030 1546 2210 1591 autem
2264 1550 2315 1592 et
2350 1540 2420 1593 ita
2469 1543 2637 1612 accipi
2674 1562 2687 1597 :
2726 1544 2912 1611 Capite
2960 1549 3106 1604 nobis
3148 1551 3319 1621 vulpes
3349 1568 3368 1604 :
3399 1563 3452 1606 et
3482 1561 3608 1624 post

2029 1627 2429 1682 distinctionem
2455 1630 2581 1696 dici,
2615 1636 2837 1701 pusillas
2862 1642 3271 1698 exterminantes
3311 1644 3511 1709 vineas,
3547 1653 3607 1698 ut

2026 1904 2143 1956 nari
2177 1919 2377 1972 posse:
2412 1907 2461 1960 id
2489 1917 2572 1962 est
2605 1924 2780 1977 parvae
2829 1927 3059 1982 qumque
3113 1917 3329 1983 animae,
3367 1929 3420 1974 et
3451 1921 3605 1974 initia

2025 1994 2307 2063 habentes,
2343 2013 2448 2052 non
2487 1999 2652 2055 (irrita:
2682 2011 2735 2055 et
2781 2005 3020 2060 robusta:
3051 2006 3168 2061 laedi
3204 2025 3360 2078 posse
3394 2026 3423 2064 a
3477 2027 3607 2066 con-

2024 2091 2206 2143 trariis
2238 2094 2616 2158 potestatibus.
2660 2094 2812 2149 Sicut
2865 2097 2916 2150 in
2946 2097 3237 2169 Evangelio
3265 2102 3506 2158 dicitur:
3545 2102 3605 2157 Si

2021 2180 2138 2248 quis
2161 2182 2600 2236 scandalizarerit
2636 2201 2796 2238 unum
2831 2187 2895 2240 de
2927 2189 3141 2256 pusillis
3169 2191 3285 2243 istis
3316 2191 3382 2245 °'.
3420 2191 3473 2244 In
3497 2209 3608 2261 quo

2023 2273 2348 2337 ostenditur,
2385 2275 2511 2342 quia
2547 2277 2906 2331 scandalizari
2944 2295 3053 2334 non
3091 2291 3268 2350 potest
3298 2285 3519 2352 grandis
3551 2293 3607 2340 et

2023 2364 2282 2430 perfecta,
2315 2366 2405 2418 sed
2437 2367 2628 2434 pusilla
2654 2376 2706 2421 et
2737 2368 2888 2422 rudis
2919 2369 3122 2435 anima,
3146 2373 3287 2426 sicut
3319 2373 3371 2426 in
3397 2377 3606 2443 psalmo

2021 2451 2261 2506 dicitur:
2313 2453 2435 2508 Pax
2476 2458 2644 2509 multa
2697 2457 3040 2526 diligentibus
3094 2476 3280 2514 nomen
3337 2472 3503 2529 tuum,
3556 2472 3607 2518 et

2021 2561 2125 2598 non
2157 2556 2232 2600 est
2272 2546 2380 2601 illis
2440 2548 2756 2601 scandalum
2808 2549 2880 2604 ⁸³.
2943 2548 3119 2604 Simili
3175 2568 3305 2622 ergo
3352 2555 3606 2623 exemplo

2021 2645 2201 2707 potest
2232 2640 2426 2703 videri,
2450 2640 2596 2709 quod
2638 2640 2833 2709 pusilla
2867 2657 3095 2710 quaeque
3123 2643 3304 2708 vinea,
3331 2644 3603 2714 incipiens

2019 2729 2269 2784 videlicet
2301 2731 2506 2795 anima,
2565 2732 2737 2800 possit
2765 2746 2794 2784 a
2825 2733 3098 2800 vulpibus,
3133 2733 3185 2786 id
3218 2742 3301 2787 est
3347 2737 3604 2807 malignis

2021 2821 2466 2890 cogitationibus,
2502 2822 2584 2875 vel
2618 2823 2802 2890 pravis
2825 2823 3142 2878 doctoribus
3175 2824 3315 2891 laedi,
3366 2826 3604 2895 perfecta

2021 2928 2151 2967 vero
2184 2923 2238 2968 et
2273 2914 2450 2967 valida
2482 2928 2590 2966 nou
2627 2915 2821 2982 possit.
2859 2912 2966 2968 Sed
2992 2914 3036 2968 si
3068 2915 3354 2985 capiantur
3379 2936 3410 2972 a
3440 2919 3602 2975 bonis

2020 3005 2340 3058 doctoribus
2370 3004 2560 3072 vulpes
2598 3004 2736 3067 ista,
2797 3013 2852 3057 et
2893 3004 3222 3074 abjiciantur
3273 3023 3338 3062 ex
3396 3009 3607 3078 anima,

341 3105 420 3152 tes
448 3105 499 3150 et
529 3097 864 3165 scorpiones,
930 3098 1003 3150 ita
1062 3098 1336 3166 accipiunt
1388 3106 1710 3166 potestatem
1742 3099 1905 3151 etiam
1939 3121 1983 3182 ο
2019 3105 2151 3152 tunc
2197 3096 2445 3165 proficiet
2495 3095 2550 3149 in
2598 3094 2926 3162 virtutibus,
2976 3105 3030 3151 et
3092 3096 3304 3154 ﬂorebit
3358 3099 3412 3155 iu
3471 3099 3598 3158 llde.

338 3188 586 3257 capiendi
623 3189 831 3258 vulpes.
883 3187 973 3242 Sic
1012 3189 1156 3242 enim
1178 3191 1302 3244 data
1331 3202 1414 3245 est
1439 3197 1678 3259 potestas
1700 3189 1780 3244 eis
1814 3205 1906 3244 su-

338 3295 435 3350 per
465 3295 679 3334 omnem
714 3281 966 3334 virtutem
1020 3281 1246 3335 inimici.
1311 3279 1430 3336 Una
1483 3282 1602 3336 sine
1644 3282 1810 3336 dubio
1842 3297 1907 3335 ex

2015 3191 2206 3245 Amen.

354 3459 3566 3496 ___________________________________________________

1693 3633 2245 3761 SERIES

510 3886 1553 3981 PROCOPIANORUM
1631 3831 2548 3978 EX'CEBPTOBUM
2623 3887 2788 3976 EX
2860 3883 3404 3978 ORIGENE

939 4104 1080 4216 1N
1162 4098 1908 4214 CANTICUM

985 4477 1141 4530 ΚΕΦ.
1181 4475 1256 4530 B'.

2013 4096 3005 4212 CANTICORUM.

2675 4469 2828 4526 CAP.
2881 4470 2946 4525 Π.

421 4569 758 4640 aeseptem
811 4586 930 4638 μου
988 4568 1140 4638 ἐμοὶ,
1176 4565 1338 4638 κάγὼ
1384 4567 1564 4639 αὐτῷ.
1610 4569 1674 4621 Ἦ
1723 4567 1908 4640 νύμφη

2089 4562 2249 4619 Vers.
2284 4563 2368 4618 16.
2402 4563 2697 4617 Fraternas
2722 4581 2865 4617 meus
2889 4565 3037 4631 milii,
3064 4575 3114 4618 et
3148 4582 3241 4636 ego
3270 4567 3336 4622 ei.
3387 4567 3599 4639 Sponsa

339 4661 476 4733 πρὸς
509 4662 632 4723 τοὺς
663 4660 912 4730 ἑταίρους
943 4658 1036 4711 τοῦ
1067 4659 1305 4730 νυμφίου
1337 4659 1522 4730 φησὶν,
1557 4659 1631 4721 ὡς
1659 4659 1916 4728 οὐδεμίαν

336 4752 533 4823 ἔχουσα
564 4751 698 4823 πρὸς
723 4752 846 4814 τοὺς
882 4749 1174 4814 ἀλώπεκας
1209 4750 1511 4803 κοινωνίαν.
1562 4749 1917 4819 Ἐκοινώνησε

337 4847 446 4914 γὰρ
473 4845 622 4914 ἡμῖν,
663 4843 849 4913 φησὶν,
912 4843 1142 4912 αἵματος
1190 4842 1285 4894 καὶ
1345 4841 1568 4912 σαρκὸς,
1619 4842 1712 4893 καὶ
1756 4843 1918 4912 ἡμεῖς

338 4935 487 5004 αὐτῷ
513 4934 613 5003 τῆς
639 4932 962 5004 ἀφθαρσίας.

423 5027 848 5091 Ἀπόστρεψον,
910 5022 1219 5092 όμοιώθητι
1273 5022 1376 5086 σὺ,
1438 5022 1724 5090 ἁδεᾹφιδέ
1773 5042 1914 5092 μου,

337 5116 598 5185 δορκάδι.
647 5116 728 5168 Τὰ
777 5116 1019 5186 πρότερα
1065 5115 1200 5186 πρὸς
1248 5113 1348 5177 τὰς
1402 5113 1649 5178 νεάνιδας
1699 5111 1915 5186 εἷπε.νή

337 5210 543 5280 νύμφη·
580 5209 641 5261 τὸ
670 5207 724 5261 δὲ
758 5206 854 5260 νῦν
897 5207 1033 5277 πρὸς
1063 5206 1153 5259 τὸν
1197 5205 1448 5276 νυμφίον·
1487 5203 1626 5257 ὥστε
1652 5206 1732 5276 τῷ
1775 5223 1918 5278 παρ-

337 5301 449 5354 όντι
496 5299 670 5370 καιρῷ
708 5297 1082 5370 ἀρμὰετουσαν
1113 5295 1399 5349 ἀναλαϐεῖν
1430 5295 1742 5367 ὁμοιότητα,
1783 5298 1917 5367 πρὸς

339 5390 439 5460 μὲν
472 5390 560 5440 τὸν
588 5389 854 5460 δόρκωνα“
882 5386 969 5440 διὰ
993 5386 1056 5439 τὸ
1079 5385 1405 5456 διορατικὸν,
1456 5385 1591 5456 πρὸς
1622 5385 1678 5438 δὲ
1727 5386 1917 5456 νεϐρὸν

337 5479 548 5547 ἐλάφων
583 5478 648 5530 δι’
675 5478 980 5548 ἀφανισμὸν
1010 5475 1104 5529 τοῦ
1133 5475 1241 5528 τῶν
1281 5475 1457 5543 ὄφεων
1488 5475 1694 5542 γένους.
1730 5474 1914 5528 Ταῦτα

336 5567 394 5622 δὲ
419 5569 561 5620 ποιεῖ
592 5569 648 5620 ὲν
693 5569 807 5630 τοῖς
841 5566 994 5638 ὄρεσι
1037 5563 1146 5618 τῶν
1179 5562 1553 5634 κοιλωμάτων,
1624 5560 1915 5632 Ἀπόστρε-

2019 4655 2262 4725 loquitur
2287 4657 2354 4710 ad
2383 4656 2596 4710 sodales
2625 4656 2834 4724 sponsi,
2869 4657 3068 4726 quippe
3098 4674 3220 4726 quae
3257 4661 3465 4715 nullum
3504 4663 3603 4715 ha.

2019 4746 2141 4800 beat
2167 4763 2290 4801 cum
2316 4747 2567 4816 vulpibus
2594 4749 3004 4802 commercium.
3029 4747 3428 4805 Commcrcium
3453 4753 3598 4806 enim

2021 4838 2306 4892 nobiscum
2333 4839 2517 4892 carnis
2541 4846 2593 4891 et
2627 4838 2912 4908 sanguinis
2958 4839 3100 4904 iniit,
3133 4848 3188 4894 et
3221 4857 3319 4896 nos
3349 4857 3474 4896 cum
3507 4843 3600 4897 illo

2023 4930 2468 4999 incorruptionis.

2094 5019 2246 5076 Vers.
2279 5021 2366 5074 17.
2391 5020 2681 5084 Revertere,
2724 5020 2915 5074 similis
2968 5021 3180 5090 eﬂicere,
3223 5022 3458 5090 fraterne
3500 5023 3598 5088 uti,

2024 5127 2246 5179 capreae.
2289 5109 2586 5180 Superiora
2618 5110 2756 5164 dixit
2789 5125 2994 5178 sponsa
3025 5111 3090 5164 ad
3138 5112 3596 5174 adolescentulos,

2024 5201 2309 5270 praesentia
2341 5215 2468 5255 vero
2515 5202 2580 5255 ad
2619 5215 2912 5270 sponsam;
2967 5203 3039 5255 ita
3077 5211 3138 5255 ut
3178 5203 3429 5271 praesenti
3464 5213 3599 5256 tem-

2023 5295 2139 5360 pori
2178 5299 2566 5362 congruentem
2591 5301 2838 5346 assumat
2882 5292 3317 5355 similitudinem,
3350 5307 3474 5344 cum
3507 5308 3600 5346 ca-

2022 5397 2149 5450 prea
2183 5383 2424 5452 quidem,
2459 5382 2530 5437 ob
2561 5382 2709 5436 visus
2761 5398 3026 5446 acumen;
3058 5397 3181 5436 cum
3238 5381 3464 5435 hinnulo
3495 5397 3595 5436 au-

2024 5484 2130 5528 tem
2165 5489 2471 5540 cervorum,
2526 5474 2674 5545 quod
2736 5483 3016 5544 serpentes
3068 5473 3374 5527 interficiat.
3421 5473 3602 5544 Atque

2021 5563 2072 5616 id
2113 5572 2337 5633 prmstat
2391 5579 2556 5634 super
2609 5574 2822 5618 montes
2866 5563 3186 5628 cavitatum,
3221 5561 3454 5619 dicens:
3489 5563 3596 5621 Re-

407 5730 452 5762 “
480 5729 621 5784 Psal.
657 5745 900 5800 cxxxvu,
930 5730 982 5785 9.
1058 5729 1100 5763 ⁸⁸
1132 5728 1322 5786 Mat.h.
1357 5746 1511 5798 xvm,
1537 5730 1588 5784 6.
1663 5728 1708 5762 "
1740 5726 1883 5784 Psal.
1926 5744 2072 5799 CXIX,
2104 5729 2228 5786 165.
