4130 6424
557 351 666 410 190

1718 344 2065 401 ORIGENES
2106 342 2171 397 IN
2208 345 2567 403 CANTICUM
2601 346 2875 403 CANTIC.

3735 352 3842 405 quo

557 482 775 531 vertere
797 490 827 529 a
863 472 956 528 Dei
982 472 1177 539 forma,
1214 472 1266 525 in
1296 486 1402 540 qua
1438 485 1519 536 es,
1553 477 1719 540 atque
1754 470 1869 523 haec
1900 484 2137 531 assume,

2249 467 2375 537 ψον,
2412 468 2671 537 λέγουσα,
2702 470 2762 522 ἐκ
2795 467 2889 523 τοῦ
2918 471 2975 521 ἐν
3024 471 3205 539 μορεῇ
3253 468 3517 538 ὑπάρχειν
3559 468 3714 521 Θεοῦ·
3749 470 3843 524 καὶ

557 579 780 641 propter
804 576 951 621 tuam
986 581 1111 635 erga
1157 578 1243 616 me
1282 560 1626 616 dilectionem
1662 560 1727 613 ad
1773 560 2023 614 homines
2057 573 2149 614 ve-

560 663 739 726 niens,
769 674 1001 730 quorum
1026 659 1206 728 plures
1243 669 1353 725 pra:
1381 670 1482 707 sua
1539 652 1807 723 pravitate
1841 652 1894 705 in
1941 652 2149 707 cavita-

559 754 708 808 tibus
740 759 1044 805 morantur.
1102 748 1277 802 Porro
1336 755 1553 800 montes
1613 746 1916 799 cavitatum
1968 745 2150 813 justos

559 849 737 905 vocat,
765 840 924 894 malis
953 838 1288 909 superiores.
1347 833 1650 889 Revertens
1700 835 1884 904 itaque
1920 835 2146 889 verbum

557 931 737 987 simile
772 930 1036 996 redditur,
1100 930 1156 984 in
1196 927 1284 983 his
1312 928 1533 999 quidem
1573 927 1667 998 qui
1698 926 2147 998 contemplationi

559 1026 901 1091 incumbunt,
936 1040 1187 1095 capreae;
1220 1024 1276 1077 in
1314 1024 1383 1079 iis
1409 1038 1538 1077 vero
1570 1023 1665 1094 qui
1712 1023 1888 1093 magis
1928 1024 2149 1078 student

557 1118 784 1183 actioni,
817 1127 869 1173 et
898 1118 1144 1172 interitui
1166 1114 1608 1170 adversariarum
1640 1124 1994 1184 potestatum,
2019 1115 2144 1168 hin-

557 1210 1027 1264 nuloeervornm.
1075 1206 1212 1263 Illud
1246 1216 1450 1272 autem,
1513 1206 1593 1260 vel
1636 1208 1879 1274 hinnulo,
1927 1208 2146 1277 disjun-

555 1303 760 1356 clivum
798 1311 901 1356 est.
930 1300 1238 1356 Theodotio
1283 1308 1467 1355 autem
1502 1300 1892 1369 interpretatus
1917 1309 2022 1366 est,
2055 1318 2148 1355 su-

556 1409 650 1463 per
687 1404 891 1447 montes
926 1393 1282 1448 incensurum.
1314 1391 1547 1448 Perinde
1578 1402 1760 1448 autem
1790 1393 1956 1449 etiam
1997 1393 2149 1449 dica-

557 1493 668 1549 tur,
695 1494 967 1552 revertere,
991 1500 1186 1555 nempe
1213 1500 1243 1539 a
1270 1482 1495 1539 Judzeis.

1208 1577 1364 1634 CAP.
1406 1577 1496 1634 111.

632 1669 743 1740 95
763 1670 919 1726 Vers.
946 1670 992 1724 I.
1015 1668 1079 1724 In
1097 1670 1260 1725 cubili
1278 1686 1389 1724 meo
1412 1671 1467 1723 in
1486 1671 1752 1726 noctibus.
1777 1668 1852 1727 De
1870 1672 2147 1745 mysteriis

559 1763 776 1818 loeutus
836 1779 958 1833 quae
988 1764 1206 1833 nuptias
1232 1762 1585 1828 antecedunt,
1640 1781 1790 1821 nunc
1818 1765 1997 1836 ipsum
2053 1782 2148 1836 per

557 1863 771 1909 noctem
799 1856 864 1910 ad
899 1856 1077 1909 cubile
1111 1856 1328 1921 invitat,
1360 1856 1489 1926 quia
1512 1857 1630 1911 vult
1655 1858 2003 1913 arcaniorum
2031 1858 2144 1913 ﬁeri

554 1944 829 2014 particeps
879 1951 933 2000 et
973 1945 1287 2026 perfectiori
1326 1949 1516 2019 requie
1562 1948 1693 2004 frui.
1729 1948 1843 2005 Hoc
1889 1950 2035 2006 enim
2070 1952 2146 2006 Ie-

552 2038 737 2093 ctulus
785 2038 1083 2105 signiﬁcat.
1144 2038 1281 2095 Illud
1340 2050 1524 2097 autem
1584 2044 1640 2096 in
1680 2054 1847 2107 nocte,
1883 2043 1990 2100 hoc
2040 2053 2143 2108 est,

554 2127 756 2199 quietis
783 2136 1049 2199 tempore,
1112 2144 1177 2184 ac
1228 2131 1418 2199 procul
1464 2132 1534 2187 ab
1578 2147 1771 2187 eorum
1824 2144 2143 2203 conspectu,

553 2221 647 2292 qui
673 2221 801 2275 talia
837 2222 1087 2277 contueri
1140 2238 1249 2279 non
1282 2234 1535 2294 possunt.
1589 2224 1824 2281 Necesse
1857 2235 2038 2282 autem
2062 2236 2148 2282 est

555 2311 793 2366 animam
824 2328 978 2383 prius
1012 2314 1357 2369 vulneratam
1410 2329 1534 2372 esse
1562 2316 1829 2373 charitate
1878 2316 2019 2387 ejus,
2052 2319 2146 2389 qui

552 2404 609 2458 in
633 2405 797 2459 cubili
836 2403 995 2460 Verbi
1024 2406 1196 2461 divini
1220 2407 1421 2463 altiora
1452 2410 1669 2479 quaerit.
1702 2406 1996 2480 Exspectat
2019 2426 2148 2467 vero

552 2495 920 2563 desideratus,
953 2500 1135 2569 quoad
1164 2498 1489 2556 desiderans
1516 2501 1633 2570 ipsa
1666 2511 1878 2573 surgat,
1913 2512 1969 2556 ut
1990 2517 2147 2557 amo-

549 2587 630 2642 ris
665 2588 771 2642 vim
802 2604 1031 2661 augens,
1061 2592 1236 2648 multa
1296 2591 1657 2665 inquisitione
1718 2592 1900 2660 lessre,
1932 2610 1991 2650 se
2023 2604 2142 2650 tau-

549 2680 675 2737 dem
706 2692 1017 2752 opportune
1057 2685 1417 2756 conspicuum
1452 2686 1712 2756 praebeat.
1748 2685 1846 2742 Ubi
1879 2687 2026 2743 enim
2057 2686 2143 2741 di—

551 2779 711 2827 xerat
737 2789 751 2825 :
783 2770 850 2825 In
880 2773 1044 2829 cubili
1068 2791 1180 2828 meo
1226 2778 1283 2828 in
1320 2775 1561 2829 noctibus
1591 2776 1808 2847 quwsivi
1835 2792 1988 2845 quem
2013 2775 2142 2828 dili-

554 2860 635 2934 git
672 2861 854 2915 anima
896 2879 1033 2928 mea,
1070 2872 1162 2920 et:
1205 2864 1439 2929 Quasivi
1470 2880 1611 2934 eum,
1676 2873 1726 2918 et
1789 2881 1892 2919 non
1929 2867 2138 2930 inveni;

554 2955 840 3025 subiungit
881 2957 1049 3025 (vers.
1073 2957 1130 3026 2)
1160 2976 1179 3012 z
1233 2956 1532 3030 Essurgam
1556 2969 1605 3012 et
1656 2958 1908 3013 circuibo.
1945 2957 2139 3029 Supini

551 3043 722 3117 igitur
773 3047 945 3102 animi
1000 3048 1289 3117 segnitiem
1324 3049 1695 3121 deponentes,
1752 3065 2137 3122 exsurgamus,

2254 561 2490 617 ἀνάλαδε
2533 561 2727 622 ταῦτα,
2753 562 2839 616 διὰ
2893 562 2991 632 τὴν
3018 562 3239 633 ἀγάπην
3269 563 3366 632 τὴν
3414 562 3550 632 πρὸς
3595 561 3694 633 ἐμὲ
3729 562 3843 620 τοῖς

2252 653 2562 726 ἀνθρώποις
2591 652 2896 723 ἐπιδημῶν,
2930 646 3004 705 ὧν
3030 653 3080 705 οί
3111 651 3326 715 πλείοης
3369 652 3456 705 διὰ
3504 653 3602 723 τὴν
3635 656 3835 708 κακίαν

2250 750 2309 802 ἐν
2344 746 2644 818 κοιλώμασι
2682 745 3071 815 διατρίϐουσιν.
3106 747 3246 818 Ὅρη
3304 745 3361 798 δὲ
3397 745 3757 815 κοιλωμάτων
3786 748 3837 802 οί

2250 839 2357 893 τῶν
2384 839 2567 892 κακῶν
2618 838 3049 909 ὑπερανέχοντες
3079 837 3300 890 δίκαιοι.
3341 837 3717 908 Ἀποστρέιῖνας
3745 835 3839 893 οὖν

2247 929 2276 982 ὁ
2302 928 2456 998 λόγος
2482 926 2785 998 ὁμοιοῦται,
2818 929 2875 980 ἐν
2904 927 3003 997 μὲν
3032 930 3145 990 τοῖς
3186 927 3567 997 ἀνακειμένοις
3610 932 3677 1000 τῇ
3706 929 3837 984 θεω-

2254 1020 2345 1091 ρία
2370 1020 2620 1091 δόρκωνι,
2651 1020 2707 1071 ἐν
2735 1019 2794 1073 δὲ
2816 1020 2931 1082 τοῖς
2956 1019 3429 1090 πρακτικωτέροις
3463 1019 3556 1071 καὶ
3589 1018 3842 1093 καθαιρε-

2249 1115 2424 1174 τικοῖς
2444 1111 2553 1165 τῶν
2596 1111 2992 1183 ἀντικειμένων
3039 1110 3326 1182 δυνάμεων
3374 1112 3590 1181 ἐλάφων
3637 1112 3838 1186 νεσριῖι.

2247 1203 2322 1257 Τὸ
2353 1202 2433 1266 δὲ,
2465 1203 2503 1271 ἦ
2529 1201 2734 1273 νεϐρῷ,
2777 1201 3323 1273 παραδιαζευκτικόν.
3372 1202 3432 1255 ’0
3455 1203 3512 1256 δὲ
3543 1202 3841 1259 Θεοδοτίων

2249 1291 2423 1349 εἶπεν·
2488 1295 2621 1349 Ἐπί
2689 1297 2763 1350 τὰ
2815 1296 2924 1364 ὄρη
2978 1295 3381 1367 θυμιαμάτων.
3436 1295 3601 1349 οὐδὲν
3641 1293 3838 1369 ἥττον’

2246 1388 2358 1443 Καὶ
2399 1388 2790 1457 ἀπέστιχες-ον
2814 1389 2920 1442 ἀπὸ
2947 1389 3054 1442 τῶν
3092 1388 3382 1473 Ἰουδαίων.

2918 1576 3073 1630 ΚΕΦ.
3118 1576 3189 1628 Γ’.

2333 1666 2456 1719 Ἐπί
2504 1665 2621 1734 τὴν
2652 1668 2863 1735 κοίτην
2887 1686 3009 1737 μου
3043 1667 3113 1722 ἐν
3155 1667 3355 1733 νυξίν.
3388 1668 3525 1738 Περὶ
3574 1666 3681 1721 τῶν
3729 1668 3838 1741 πρὸ

2250 1758 2343 1813 τοῦ
2372 1759 2551 1831 γάμου
2586 1761 2903 1832 μυστηρίων
2932 1763 3122 1825 εἰπὼν,
3155 1762 3250 1815 νῦν
3298 1761 3460 1814 αὑτὸν
3504 1760 3593 1814 διὰ
3641 1761 3834 1824 νυκτὸς

2248 1849 2341 1902 ἐπὶ
2376 1849 2473 1919 τὴν
2499 1848 2686 1921 κοίτην
2737 1850 2914 1915 καλεῖ,
2968 1850 3080 1904 τῶν
3135 1850 3593 1923 ἀπορρητοτέρων
3632 1849 3834 1904 ἐθέλων

2246 1943 2524 1994 κοινωνεῖν
2563 1943 2655 1994 καὶ
2703 1942 2803 2013 τῆς
2849 1940 3192 2013 τελειοτέρας
3243 1943 3531 2011 μετασχεῖν
3586 1939 3834 1994 ἀναπαύ-

2247 2050 2404 2096 σεως.
2451 2032 2622 2086 Τοῦτο
2647 2034 2753 2106 γὰρ
2780 2035 2813 2105 ἡ
2862 2034 3050 2105 κοίτη.
3081 2035 3156 2087 Τὸ
3200 2033 3257 2087 δὲ
3298 2035 3368 2088 ἐν
3396 2032 3588 2095 νυκτί,
3616 2034 3671 2088 ἐν
3694 2036 3832 2104 ﬁrmo

2243 2125 2368 2196 χίας
2390 2125 2588 2198 καιρῷ,
2616 2127 2711 2180 καὶ
2736 2127 2925 2201 πόρρω
2946 2128 3044 2199 τῆς
3071 2127 3246 2198 ὅψεως
3269 2126 3376 2181 τῶν
3422 2127 3496 2199 μὴ
3523 2127 3589 2181 τὰ
3610 2126 3836 2182 τοιαῦτα

2246 2221 2474 2291 θεωρεῖν
2516 2219 2849 2291 δυναμένων.
2879 2222 2971 2273 Δεῖ
2993 2221 3050 2273 δὲ
3077 2222 3266 2294 ἀγάπῃ
3311 2221 3409 2293 τὴν
3431 2220 3606 2292 ψυχὴν
3634 2236 3835 2292 προτε-

2244 2312 2489 2385 τρῶσθαι
2534 2310 2630 2364 τοῦ
2683 2311 2777 2364 ἐπὶ
2821 2312 2921 2384 τὴν
2946 2311 3131 2382 κοίτην
3156 2311 3446 2383 ζητοῦντος
3470 2313 3539 2365 τὰ
3567 2311 3659 2366 τοῦ
3685 2311 3834 2365 θείου

2249 2407 2427 2475 Λόγου
2459 2405 2752 2477 βαθύτερα.
2778 2404 3069 2477 Περιμένει
3091 2405 3147 2457 δὲ
3179 2406 3280 2475 τῆς
3310 2404 3579 2475 ποθούσης
3606 2405 3838 2458 ἀναστα-

2246 2514 2331 2552 σιν
2376 2501 2404 2553 ὁ
2431 2497 2786 2569 ποθούμενος,
2814 2496 2890 2561 ὼς
2917 2496 2983 2550 ἂν
3029 2498 3307 2562 ἐπιτείνας
3354 2498 3444 2552 τὸν
3487 2498 3663 2569 ἔρωτα
3690 2497 3837 2551 κατὰ

2243 2589 2435 2664 καιρὸν
2467 2590 2659 2643 ἑαυτὸν
2688 2590 3008 2659 ἐμφανίσειε
3038 2591 3103 2661 τῇ
3151 2591 3403 2662 καμούσῃ
3451 2588 3678 2643 πλεῖστα
3703 2589 3837 2662 περὶ

2240 2685 2340 2755 τὴν
2389 2683 2616 2755 ζήτησιν
2665 2682 2766 2752 τὴν
2821 2679 3008 2735 αὐτοῦ.
3057 2680 3303 2735 Είποῦσα
3347 2680 3478 2752 γὰρ,
3526 2681 3642 2745 ὅτι,
3705 2680 3837 2734 Ἐπὶ

2241 2777 2452 2844 κοίτην
2487 2794 2608 2846 μου
2656 2774 2727 2827 ἐν
2756 2772 2935 2838 νυξὶν
2990 2771 3248 2841 ἐῷὶτησα
3295 2772 3367 2826 ὃν
3422 2770 3741 2842 ἠγάπησεν
3791 2774 3836 2844 ἡ

2241 2867 2413 2938 ψυχή
2433 2884 2573 2937 μουο
2603 2868 2698 2920 καὶ
2730 2867 2833 2929 ὅτι,
2880 2865 3167 2936 Έζὴτησα
3196 2867 3403 2931 αὐτὸν,
3441 2866 3537 2920 καί
3573 2867 3687 2935 οὐχ
3726 2860 3835 2923 εὗ·-

2234 2978 2370 3030 ρον,
2434 2960 2650 3028 ἐπάγει·
2721 2958 3155 3028 Ἀναστήσομαι
3202 2958 3303 3027 δὴ,
3367 2958 3465 3012 καὶ
3516 2958 3834 3015 κυκλώσω.

2242 3051 2452 3106 Οὐκοῦν
2479 3049 2790 3122 ὑπτιασμδν
2847 3050 2941 3105 καὶ
2987 3051 3087 3119 τὴν
3123 3049 3439 3120 κατὰμυσιν
3480 3048 3835 3120 ἀποθέμενοι,

550 3148 809 3209 parentes
830 3140 902 3206 ei,
927 3141 1020 3210 qui
1046 3140 1179 3196 dicit
1209 3158 1223 3196 :
1258 3141 1501 3214 Exsurge
1540 3142 1630 3214 qui
1665 3143 1866 3197 dormis
1898 3143 1963 3199 ".
1991 3142 2126 3199 Citi-

2243 3141 2616 3213 διαναστῶμεν
2663 3142 2976 3211 πειθόμενοι
3033 3141 3110 3211 τῷ
3141 3141 3354 3210 λέγοντι
3377 3157 3389 3168 ·
3421 3141 3644 3210 Ἔγειρε
3673 3138 3750 3212 δὴ
3796 3145 3839 3199 ό

551 3241 746 3287 tas-est
804 3231 1044 3287 mundus
1086 3233 1400 3301 universus,
1436 3250 1598 3304 quem
1644 3234 1878 3290 circuire
1915 3250 2137 3290 necesse

2243 3235 2570 3289 καθεύδων.
2617 3236 2779 3300 Ὅλος
2823 3234 2883 3287 δέ
2927 3237 2957 3289 ὁ
3011 3234 3213 3306 κόσμος
3260 3236 3293 3305 i;
3330 3233 3504 3298 πόλις,
3555 3234 3612 3288 ὃν
3663 3234 3835 3288 ἐκπε-

549 3334 638 3379 est
687 3323 832 3380 illius
884 3323 1345 3393 contemplatione
1377 3338 1501 3379 eum
1543 3323 1637 3394 qui
1686 3333 1935 3378 versatur
1965 3323 2017 3378 in
2048 3340 2139 3379 sa-

551 3413 773 3477 pientia:
799 3414 1066 3470 doctrinis
1097 3415 1240 3485 (haec
1272 3413 1419 3469 enim
1450 3413 1554 3468 fori
1590 3414 1857 3468 rationem
1892 3414 2137 3485 habent),

552 3509 698 3562 unde
724 3508 1005 3578 quidpiam
1050 3507 1182 3563 utile
1225 3507 1353 3563 licet
1406 3507 1688 3577 accipere;
1723 3508 1817 3563 sed
1851 3516 1905 3562 et
1938 3508 1989 3562 in
2018 3508 2136 3577 pla-

550 3597 672 3653 teis.
703 3596 983 3669 Sapientia
1020 3598 1165 3654 enim
1219 3600 1273 3653 in
1306 3600 1533 3654 exitibus
1576 3602 1808 3667 canitur,
1857 3601 1913 3653 in
1942 3600 2136 3671 plateis

546 3703 666 3742 vero
690 3688 872 3756 palam
923 3688 1162 3758 loquitur
1189 3688 1256 3743 “.
1284 3685 1551 3744 iubemur
1593 3691 1759 3745 etiam
1794 3706 1895 3746 nos
1920 3692 1976 3745 in
2004 3689 2139 3744 lati-

544 3781 729 3836 tudine
758 3782 933 3835 cordis
956 3782 1001 3813 "
1029 3780 1201 3836 nostri
1229 3781 1489 3836 scribere.
1516 3780 1653 3836 Cum
1690 3791 1872 3837 autem
1924 3782 2134 3852 majora

545 3883 838 3945 quaereret,
869 3890 1035 3944 quam
1082 3890 1185 3946 pro
1210 3873 1318 3931 lori
1366 3888 1429 3929 ac
1476 3874 1776 3944 platearum
1811 3875 2024 3931 ratione
2057 3875 2135 3931 ait

546 3980 607 4021 se
637 3981 744 4021 non
796 3967 1093 4022 invenisse.
1131 3965 1293 4021 Vadit
1325 3976 1505 4021 tamen
1537 3977 1596 4020 ut
1624 3968 1886 4034 inveniat,
1918 3968 2132 4023 inveni-

548 4064 746 4126 turque
775 4056 844 4110 ab
873 4056 941 4111 iis
979 4056 1073 4125 qui
1122 4057 1439 4112 custodiunt
1470 4064 1528 4110 et
1560 4058 1907 4113 circumeunt
1942 4060 2135 4113 civita-

549 4156 678 4203 tem.
713 4146 833 4203 Sint
857 4163 989 4203 vero
1027 4148 1101 4202 illi
1152 4148 1606 4204 administratorii
1656 4148 1886 4219 spiritus
1928 4150 1995 4201 ⁸⁸.
2031 4148 2135 4203 Isti

544 4250 668 4298 sunt
708 4258 836 4312 quos
873 4242 1018 4295 misit
1052 4240 1311 4296 Dominus
1334 4243 1559 4296 circuire
1588 4252 1786 4296 terram
1819 4242 1888 4308 ⁸⁷,
1915 4259 1980 4298 ex
2011 4244 2134 4314 qui-

544 4334 650 4390 bus
670 4336 736 4389 de
764 4334 1075 4391 desiderato
1131 4336 1467 4391 sciscitatur.
1505 4332 1709 4390 Verum
1758 4351 1869 4390 non
1926 4336 2132 4406 scripta

545 4435 632 4482 est
665 4442 853 4481 eorum
887 4428 1194 4499 responsio.
1246 4428 1525 4483 Docemur
1576 4444 1728 4493 vero,
1774 4429 1822 4485 si
1873 4429 2128 4485 dilectum

2244 3326 2480 3399 ριελθεῖν
2504 3327 2584 3381 δεῖ
2603 3330 2670 3399 τῇ
2706 3328 2835 3400 περὶ
2859 3326 3025 3381 αὐτοῦ
3054 3327 3278 3398 θεωρία,
3308 3327 3599 3397 γενόμενον
3622 3328 3681 3380 ἐν
3707 3329 3835 3393 ταῖς

2238 3422 2438 3490 σοφαῖς
2484 3418 2854 3484 διδασκαλίαις
2896 3413 3076 3490 (αὗται
3102 3417 3210 3489 γὰρ
3243 3419 3302 3470 ai
3329 3418 3578 3491 ἀγοραί)·
3606 3418 3729 3472 ὅθεν
3774 3434 3835 3473 τι

2241 3513 2507 3586 χρήσιμόν
2538 3517 2655 3568 ἐστι
2701 3513 2906 3566 λαΰεῖν·
2958 3512 3095 3567 ἀλλὰ
3143 3510 3238 3565 καὶ
3266 3512 3325 3563 ἐν
3350 3514 3473 3575 ταῖς
3519 3510 3830 3573 πλατείαις·

2238 3607 2432 3675 Σοφία
2458 3606 2567 3676 γὰρ
2599 3606 2669 3659 ἐν
2696 3605 2930 3671 ἐξόδοις
2972 3603 3261 3674 ὑμνεῖται,
3293 3603 3366 3657 ἐν
3400 3602 3464 3656 δὲ
3519 3603 3836 3671 πλατείαις

2239 3699 2584 3765 παρουσίαν
2634 3697 2784 3766 ἄγει.
2831 3694 3259 3767 Κεκελεύσμεθα
3281 3694 3339 3747 δὲ
3384 3693 3479 3748 καὶ
3505 3695 3667 3764 ἡμεῖς
3701 3692 3833 3746 Ἐπὶ

2239 3787 2305 3841 τὸ
2340 3788 2570 3855 πλάτος
2604 3787 2713 3856 τῆς
2765 3787 3012 3856 καρδίας
3050 3786 3206 3858 ἡμῶν
3231 3786 3461 3858 γράψαι.
3505 3783 3747 3849 Μείζονα
3769 3783 3829 3837 δὲ

2237 3880 2478 3955 ζητοῦσα
2504 3883 2537 3953 ἢ
2567 3883 2688 3937 κατ’
2715 3881 2925 3954 ἀγορὰς
2954 3881 3049 3935 καὶ
3077 3879 3359 3942 πλατείας,
3413 3878 3489 3950 μὴ
3535 3878 3829 3950 εὑρηκέναι

2238 3976 2395 4049 φησί.
2426 3974 2577 4045 Πλὴν
2620 3974 2796 4028 ὁδεύει
2844 3973 3007 4027 πάλιν
3058 3974 3151 4026 ἐπὶ
3193 3973 3295 4043 τὴν
3318 3970 3533 4044 εὕρεσιν
3579 3970 3830 4041 εὑρισκο-

2243 4071 2379 4140 μένη
2404 4068 2513 4122 ὑπὸ
2537 4067 2647 4120 τῶν
2666 4067 2982 4141 τηρούντων
3016 4066 3115 4137 τὴν
3167 4065 3343 4130 πόλιν,
3370 4064 3465 4117 καὶ
3486 4061 3828 4117 κυκλούντων

2238 4160 2430 4232 αὐτήν.
2491 4156 2616 4213 Εἶεν
2664 4159 2734 4213 ἂν
2776 4158 2847 4214 τὰ
2895 4158 3244 4230 λειτουργικὰ
3302 4156 3607 4227 πνεύματα·
3649 4149 3827 4210 Οὗτοί

2237 4255 2398 4306 εἰσιν
2428 4251 2536 4318 οὓς
2560 4251 2881 4306 ἀπέστειλε
2895 4254 3111 4319 Κύριος
3135 4247 3514 4317 περιοδεῦσαι
3545 4246 3659 4315 τὴν
3685 4244 3820 4316 γῆν·

2238 4339 2313 4399 ὧν
2336 4345 2399 4417 δὴ
2426 4346 2554 4417 περὶ
2580 4344 2674 4398 τοῦ
2722 4344 3062 4414 ποθουμένου
3094 4342 3439 4396 πυνθάνεται.
3468 4341 3582 4394 Οὐκ
3629 4338 3826 4408 ἀναγέ-

2237 4454 2478 4508 γραπται
2505 4437 2562 4490 δέ
2587 4438 2621 4507 ἠ
2649 4434 2857 4489 τούτων
2906 4433 3222 4505 ἀπόκρισις.
3264 4431 3638 4503 Διδασκόμεθα
3662 4430 3741 4496 δὲ,
3774 4430 3824 4482 εί

544 4533 741 4576 sumus
770 4520 1067 4585 inventuri,
1113 4529 1175 4575 ut
1227 4520 1511 4591 paululum
1545 4520 1678 4591 quid
1704 4522 2127 4592 circumeamus,

2241 4527 2532 4600 μέλλοιμεν
2556 4528 2738 4600 εὑρεῖν
2766 4526 2857 4579 τὸν
2903 4524 3256 4595 ποθούμενον,
3287 4525 3466 4594 ὀλίγον
3510 4542 3563 4578 τι
3610 4521 3827 4593 περιελο

544 4627 611 4669 ac
643 4611 842 4666 talibus
899 4611 1154 4667 meliores
1192 4611 1494 4665 ediciamur
1545 4613 1773 4683 angelis,
1817 4615 1883 4671 de
1923 4617 2125 4687 quibus

543 4700 696 4772 loqui
733 4701 946 4757 videtur
975 4700 1167 4757 Petrus
1198 4702 1253 4756 in
1277 4702 1541 4773 Epistola,
1577 4703 1708 4761 dum
1738 4709 2121 4767 excellentiam

541 4808 738 4851 eorum
762 4808 884 4864 qum.
910 4792 1168 4864 perlectis
1197 4794 1438 4865 reposita
1502 4806 1634 4852 sunt
1692 4797 1959 4868 docendo,
2006 4802 2124 4857 ait:

544 4881 612 4937 In
642 4900 758 4954 quae
809 4885 1113 4939 desiderant
1142 4884 1317 4955 angeli
1370 4889 1663 4958 prospicere
1706 4889 1771 4946 ⁸⁸.
1812 4888 2124 4962 Optandum

542 4985 750 5042 autem,
779 4986 842 5033 ut
883 4977 1157 5034 modicum
1189 4979 1319 5050 quid
1354 4995 1455 5037 nos
1483 4981 1617 5038 tales
1637 4986 2011 5056 praeter-gredi,
2064 4997 2126 5042 ut

544 5066 889 5126 desideratus
915 5071 1248 5138 inveniatur,
1298 5081 1353 5129 ct
1396 5072 1652 5131 inventus
1679 5084 1950 5144 teneatur,
2009 5088 2127 5134 ten-

540 5168 743 5232 tuique
813 5172 995 5218 mente
1045 5163 1391 5235 intelligatur.
1473 5164 1699 5223 Frustra
1760 5168 1907 5223 enim
1983 5177 2131 5224 tene-

540 5259 719 5316 retur,
760 5252 806 5307 si
862 5268 974 5307 non
1028 5254 1252 5311 assidua
1312 5257 1665 5315 meditatione
1713 5267 2013 5316 teneretur.
2050 5260 2130 5317 ld-

537 5342 690 5400 circo
730 5347 808 5400 ait
845 5346 1011 5415 (vers.
1039 5347 1094 5422 4)
1130 5368 1144 5404 :
1189 5348 1311 5405 Non
1359 5352 1543 5407 dimisi
1582 5370 1724 5418 eum,
1767 5356 2125 5414 donecintro-

534 5434 674 5490 duxi
706 5454 823 5492 eum
848 5439 904 5494 in
933 5441 1148 5495 domum
1178 5444 1365 5496 matris
1392 5460 1540 5510 mea,
1570 5453 1632 5499 ut
1664 5456 1790 5516 post
1837 5462 2122 5506 excessum

542 5526 617 5580 ab
645 5527 899 5586 humanis
925 5548 1032 5589 una
1064 5548 1191 5595 cum
1227 5531 1323 5588 illo
1377 5534 1615 5591 introeat
1660 5538 1716 5592 in
1770 5540 1994 5597 domum
2027 5559 2123 5599 su-

547 5631 727 5684 perna:
754 5618 1079 5691 Jerusalem,
1112 5626 1166 5680 in
1201 5641 1367 5695 quam
1394 5626 1751 5686 introducunt
1772 5638 2120 5691 communio-

550 5811 570 5851 ι
615 5730 889 5853 ιῗῖίέῃίιρε.
921 5752 974 5802 v,
1012 5738 1102 5792 M.
1213 5739 1260 5771 “
1308 5738 1470 5798 Prov.
1516 5759 1556 5811 ι,
1602 5744 1694 5799 9.0.

1810 5748 1854 5781 ⁸³
1877 5748 2079 5810 Jercm.
2116 5770 2254 5824 xvn,
2286 5753 2339 5808 l.

2239 4622 2373 4686 θεῖν,
2400 4622 2496 4674 καὶ
2521 4618 2802 4692 κρείττους
2850 4616 3103 4685 γενέσθαι
3128 4617 3235 4671 τῶν
3258 4616 3512 4671 τοιούτων
3550 4612 3824 4683 ἀγγέλων,

2238 4711 2367 4782 περὶ
2389 4704 2465 4765 ὧν
2487 4710 2664 4764 ἔοικεν
2691 4710 2751 4761 ἐν
2776 4706 3032 4779 ἐπιστολῇ
3058 4707 3237 4777 λέγειν
3258 4710 3287 4760 ὁ
3310 4708 3534 4780 Πέτρος,
3557 4706 3824 4760 διδάσκω-θ

2236 4804 2337 4875 τὴν
2392 4801 2669 4875 ὑπεροχὴν
2716 4798 2825 4854 τῶν
2866 4801 2978 4864 τοῖς
3005 4799 3231 4865 τελείοις
3266 4800 3669 4872 ἀποκειμένων·
3719 4800 3821 4864 Είς

2242 4897 2281 4950 ἁ
2337 4894 2739 4965 ἐπιθυμοῦσιν
2782 4891 3023 4962 ἄγγελοι
3081 4893 3452 4961 παρακύψαι.
3517 4890 3822 4962 ’Δγαπητδν

2235 4989 2294 5042 δὲ
2322 4987 2497 5061 βραχύ
2520 5004 2573 5041 τι
2596 4988 2722 5051 τοὺς
2768 4986 3043 5050 τοιούτους
3097 4988 3481 5059 παρενεγκεῖν,
3532 4984 3598 5038 ἵν’
3621 4980 3819 5056 εὑρεθῇ

2231 5081 2297 5135 τὸ
2329 5078 2662 5150 ποθούμενον
2718 5080 2811 5134 καὶ
2855 5078 3075 5151 εὑρεθὲν
3119 5077 3390 5151 κρατηθῇ,
3420 5076 3515 5132 καὶ
3551 5074 3821 5148 κρατηθὲν

2236 5171 2423 5243 νοηθῇο
2470 5171 2730 5241 ἀνόνητος
2770 5170 2948 5242 γὰρὴ
2993 5170 3279 5242 κράτησις,
3322 5172 3371 5222 εἰ
3422 5169 3497 5240 μὴ
3542 5168 3603 5221 τὸ
3632 5165 3822 5237 νοηθὲν

2237 5263 2465 5336 συνεχὴς
2495 5264 2694 5336 μελέτη
2751 5266 3064 5337 κρατήσειε.
3107 5262 3200 5317 Διό
3237 5279 3420 5334 φησιν·
3462 5263 3583 5315 Οὐκ
3615 5258 3823 5329 ἀφῆκα

2232 5360 2439 5425 αὺτὸν,
2468 5360 2579 5426 ἕως
2602 5355 2674 5416 οὗ
2697 5359 3024 5430 εἰσήγαγον
3045 5358 3236 5412 αὐτὸν
3263 5359 3350 5425 είς
3376 5356 3481 5409 τὸν
3511 5352 3682 5409 οἷκον
3703 5369 3821 5424 μη-

2231 5455 2372 5521 τρός
2403 5472 2543 5523 μου,
2572 5454 2659 5508 ἵνα
2695 5453 2790 5507 καὶ
2817 5452 2954 5524 μετὰ
2978 5452 3075 5522 τὴν
3100 5450 3351 5506 ἐντεῦθεν
3387 5448 3565 5517 ἔξοδον
3590 5445 3821 5501 εἰσέλθοι

2232 5546 2331 5598 σὺν
2353 5544 2499 5615 αύτῷ
2522 5547 2603 5608 είς
2651 5546 2741 5600 τὸν
2782 5540 2931 5598 οἶκον
2972 5544 3071 5613 τῆς
3118 5544 3229 5596 ἄνω
3275 5540 3648 5613 Ἰερουσαλήμ·
3687 5536 3822 5593 ἔνθα

2232 5641 2441 5707 εἰσάγει
2455 5639 2525 5690 τὰ
2554 5637 2836 5703 κοινότερα
2862 5637 2970 5691 τῶν
3011 5636 3103 5690 τοῦ
3129 5638 3303 5706 Λόγου
3327 5634 3721 5707 θεωρημάτων·
3746 5628 3817 5684 τὰ

2445 5753 2497 5793 ³·
2525 5751 2689 5807 Hebr.
2738 5766 2777 5821 ι,
2821 5754 2908 5822 14,
3009 5753 3051 5785 ⁸⁷
3084 5751 3249 5808 Zach.
3294 5749 3449 5819 1,10.
3563 5751 3610 5783 ⁵⁸
3636 5747 3812 5805 ιϐοτ.
