4130 6424
313 360 411 417 20!

1516 355 1887 414 'EXCERPTA
1927 357 2384 419 PROCOPIANA.

3469 373 3576 430 ΞΜ

314 478 372 529 δὲ
402 475 816 550 ἀπορρητότερα
837 474 915 538 είς
937 473 1004 528 τὰ
1030 475 1248 547 ταμιεῖα
1279 473 1376 546 τῆς
1400 475 1769 548 συλλαϐούσης
1793 475 1888 547 τὴν

1996 493 2084 534 res
2118 479 2280 536 Verbi
2313 479 2833 553 contemplationes;
2884 497 3008 554 quae
3041 497 3170 539 vero
3202 496 3331 544 sunt
3356 486 3572 544 abstru-

315 569 554 639 νύμφην.
585 569 646 620 Ἦ
678 567 815 638 αὐτὴ
842 567 897 619 δὲ
928 569 1111 639 μήτηρ
1131 566 1226 620 καὶ
1251 565 1588 619 συλλαϐοῦσα
1615 566 1888 636 δηλοῦται,

314 661 403 716 διὰ
427 661 486 714 τὸ
511 661 570 713 ὲν
590 662 656 730 τῇ
685 657 940 730 συλλήψει
981 658 1082 729 τὴν
1128 656 1304 728 ἀρχὴν
1349 657 1448 726 τῆς
1475 657 1791 721 συστάσεως
1816 655 1892 710 εἷ-

315 771 424 808 ναι·
457 754 647 824 μήτηρ
675 751 732 805 δὲ
783 750 1052 820 λεγομένη
1094 750 1238 821 ,μετὰ
1289 748 1390 820 τὴν
1451 749 1752 820 μόρφωσιν,
1797 749 1892 802 καὶ

314 846 415 917 τὴν
438 843 532 899 τοῦ
570 841 964 914 συλληφθέντος
983 840 1279 894 τελείωσιν.

390 938 489 1005 Τίς
518 936 671 1002 αὕτη
705 936 742 1003 ὴ
770 930 1213 997 ἀναϐαίνουσα;
1238 930 1393 1003 Καλὴ
1422 929 1542 984 λίαν
1594 930 1628 1000 ἡ
1657 926 1888 982 ἀναϐαί-

317 1043 482 1080 νουσα
515 1021 614 1096 βίῳ
662 1024 757 1077 ml.
802 1021 945 1093 λόγῳ
974 1021 1142 1093 ψυχή’
1181 1021 1425 1091 φυγοῦσα
1455 1018 1522 1073 τὰ
1574 1017 1730 1090 παρὰ
1776 1021 1890 1083 τοῖς

318 1118 528 1181 πολλοῖς
555 1116 952 1187 ἁμαρτήματα,
978 1113 1166 1185 ὥσπερ
1199 1114 1266 1180 ἐξ
1289 1109 1512 1181 ἐρήμου
1524 1111 1738 1182 λέγεται
1759 1114 1891 1168 ἀνα-

316 1212 545 1266 ϐαίνειν.
569 1211 643 1264 Τὸ
662 1208 719 1263 δὲ
743 1208 836 1263 τὸν
877 1209 1083 1263 δίκαιον
1120 1205 1256 1263 εἶναι
1301 1207 1538 1280 Χριστοῦ
1561 1208 1789 1262 εὐωδίαν
1830 1208 1889 1260 ἐν

318 1303 482 1358 παντὶ
510 1303 658 1374 τόπῳ
697 1303 810 1366 τοῖς
852 1298 1198 1372 σωζομένοις,
1247 1299 1620 1372 τεθυμιαμένη
1666 1302 1886 1353 νοεῖται.

320 1393 721 1466 Παραπλησίως
768 1391 879 1464 γὰρ
946 1391 1126 1463 ἔχουσι
1187 1391 1394 1446 καπνὸν
1445 1391 1574 1460 ἡδὺν
1639 1389 1888 1460 ἀναπέμ-

321 1503 516 1541 πουσιν
538 1487 893 1558 εὐφραίνοντα
912 1484 1010 1550 τὰς
1030 1485 1138 1540 τῶν
1164 1484 1576 1558 μακαριζόντων
1590 1479 1884 1544 ἀναπνοὰς.

1999 568 2144 623 siora
2177 586 2358 636 sensa,
2388 571 2440 624 in
2467 573 2586 641 ejus
2607 573 2875 627 inducunt
2912 574 3225 631 cubiculum
3252 594 3374 648 qua:
3405 595 3570 649 sporn-

2000 672 2119 712 sam
2155 663 2420 732 concepit.
2483 662 2684 718 Eadem
2737 672 2919 718 autem
2963 675 3137 721 mater
3187 670 3568 728 ostendituret

1995 767 2118 821 quae
2152 754 2425 822 concepit,
2457 755 2584 824 quia
2637 757 2691 810 in
2735 759 3092 829 conceptione
3131 762 3344 818 initium
3381 767 3567 821 subsi-

1993 844 2205 898 stentia:
2235 854 2337 899 est.
2370 845 2541 900 Mater
2586 863 2716 904 vero
2749 861 3094 920 nuncupatur
3121 861 3244 923 post
3288 852 3568 910 formatio-

1995 946 2140 994 nem,
2170 941 2228 988 et
2244 945 2520 1004 conceptae
2549 936 2625 990 rei
2656 936 3066 1006 perfectionem.

2069 1023 2226 1080 Vers.
2260 1025 2313 1080 6.
2350 1025 2484 1092 Qua:
2522 1037 2597 1082 est
2627 1029 2732 1082 ista
2768 1046 2886 1100 qua
2943 1032 3410 1091 ascendit?Valde
3450 1037 3570 1106 pul-

1993 1116 2124 1170 chra
2151 1116 2266 1186 96
2293 1127 2376 1172 est
2432 1117 2615 1172 anima
2653 1134 2775 1188 quae
2823 1124 2932 1175 vita
2977 1131 3033 1176 et
3059 1123 3271 1178 ratione
3301 1127 3566 1187 ascendit.

1995 1215 2215 1274 peccata
2267 1205 2467 1271 vitans,
2521 1207 2722 1276 quibus
2772 1207 3012 1280 plerique
3054 1211 3303 1268 homines
3344 1213 3566 1269 obnoxii

1996 1304 2142 1350 sunt.
2178 1295 2386 1352 Dicitur
2406 1307 2588 1353 autem
2611 1300 2909 1355 ascendere
2933 1317 2963 1355 e
2985 1301 3210 1355 deserto.
3241 1301 3398 1368 Quod
3435 1320 3569 1359 vero

1990 1386 2196 1456 justus,
2249 1389 2450 1446 Christi
2485 1391 2663 1446 bonus
2715 1392 2854 1446 odor
2885 1393 2957 1448 sit
3005 1394 3156 1447 omni
3203 1393 3325 1450 loco
3380 1395 3447 1450 iis
3473 1397 3566 1465 qui

1994 1478 2128 1532 salvi
2161 1477 2297 1533 ﬁttnt
2317 1481 2383 1547 ",
2411 1480 2589 1536 snfﬁtu
2623 1482 2800 1537 alllata
2837 1483 3174 1556 intelligitur.
3193 1483 3392 1540 Eadem
3420 1487 3568 1541 enim

321 1594 458 1649 pene
508 1579 715 1634 ratione
763 1593 821 1634 se
865 1577 1084 1645 habent,
1130 1592 1195 1633 ac
1246 1577 1292 1632 si
1349 1591 1571 1631 suavem
1604 1572 1738 1628 fumi
1769 1583 2023 1640 vaporem
2055 1568 2381 1636 emitterent,
2438 1587 2627 1626 eorum
2681 1575 2773 1642 qui
2822 1573 2964 1629 beati
3007 1575 3394 1644 praedicantur,
3429 1577 3567 1631 olfa-

317 1683 466 1727 ctum
507 1678 863 1727 recreantem.

957 1762 1116 1815 ΚΕΦ.
1160 1763 1232 1816 A'.

2628 1751 2780 1805 CAP.
2839 1751 2928 1809 IV.

389 1855 643 1916 Ἄπασαι
687 1853 1137 1922 διδινμεὺουσαι.
1186 1849 1286 1904 Διὰ
1326 1851 1387 1904 τὸ
1426 1849 1602 1904 διττὸν
1641 1849 1741 1921 τῆς
1768 1851 1888 1921 νοή-

2071 1845 2218 1899 Vers.
2281 1842 2336 1896 2.
2378 1841 2569 1896 Omnes
2598 1842 2841 1913 gemellos
2891 1843 3098 1896 edentes
3163 1845 3321 1914 fetus.
3349 1846 3432 1902 0b
3461 1849 3563 1902 du-

317 1963 475 2010 σεως,
501 1947 600 2017 τῆς
629 1961 688 1997 τε
720 1943 893 2015 ῥητῆς
918 1942 1013 1996 καὶ
1035 1941 1134 2011 τῆς
1159 1941 1554 2012 πνευματικῆς.

402 2126 495 2192 Ὦς
552 2125 847 2194 σπαρτῶν
888 2125 1172 2180 κόκκινον
1235 2124 1408 2194 χείλη
1467 2138 1604 2179 σου.
1665 2123 1886 2193 Ἤγουν·

320 2220 501 2272 Ἔστω
526 2218 614 2272 διὰ
659 2218 888 2289 πυρὸςὴ
919 2218 1010 2272 τοῦ
1040 2217 1200 2287 λόγου
1243 2217 1586 2289 παρασκευὴ,
1637 2217 1714 2281 ὡς
1767 2234 1894 2289 κερ-

314 2311 474 2382 δῆσαι
513 2309 604 2364 τὸν
646 2310 919 2382 ἀκροατὴν
970 2309 1264 2381 δυναμένη.
1301 2311 1373 2364 Ἦ
1423 2310 1518 2363 καὶ
1568 2310 1630 2363 τὸ
1674 2309 1892 2380 ἔναιμον

315 2403 410 2456 καὶ
438 2400 666 2465 ζωτικὸν
709 2400 859 2472 δηλοῖ
903 2402 1012 2456 τῶν
1040 2401 1128 2456 διὰ
1155 2401 1246 2456 τοῦ
1278 2401 1492 2472 χείλους
1527 2401 1774 2467 ἐξιόντων
1802 2404 1894 2473 ῥη-

316 2492 524 2562 μάτων,
548 2491 708 2545 οίονεὶ
753 2491 1106 2563 βαπτομένων
1139 2493 1200 2546 ὲν
1239 2494 1306 2564 τῇ
1359 2491 1586 2563 ἀληθινῇ
1611 2491 1766 2546 πόσει
1797 2491 1890 2546 τοῦ

313 2585 546 2656 αἵματος
575 2583 832 2656 Χριστοῦ.

396 2675 596 2741 Ἐκτὸς
623 2674 733 2742 τῆς
763 2673 1116 2741 σιαιπήσεὼς
1151 2687 1287 2728 σου.
1325 2673 1656 2746 Προστίοησι
1687 2673 1764 2746 τῷ
1795 2675 1892 2746 τῆς

315 2765 670 2838 σωφροσύνης
697 2765 904 2836 ἐπαίνῳ
955 2765 1045 2818 τὸν
1079 2764 1189 2818 ἀπὸ
1211 2765 1310 2837 τῆς
1336 2766 1568 2836 σιωπῆς,
1592 2765 1892 2837 ἐπισταμέ-

314 2874 414 2928 νης
439 2856 540 2925 τῆς
571 2853 789 2926 νύμφης
820 2855 1045 2925 καιροὺς
1086 2855 1276 2919 λαλιᾶς
1296 2856 1505 2928 ὡραίας
1531 2857 1626 2909 καὶ
1648 2858 1892 2910 ἐπαινουσ

317 2947 485 3017 μένης
517 2946 697 3016 σιγῆς.
741 2945 851 2999 Καὶ
901 2945 1023 2998 ἐπεὶ
1073 2943 1290 3010 πιστὸς
1310 2943 1470 3013 πνοῇ
1489 2948 1732 3016 κρύπτει
1751 2943 1892 3014 πρά-

320 3053 533 3107 γματα,
556 3037 651 3090 καὶ
673 3036 705 3106 ἡ
748 3035 931 3107 νύμφη
969 3037 1027 3090 ὲν
1055 3035 1132 3107 τῷ
1161 3035 1314 3106 βάθει
1340 3035 1570 3107 κρύπτει
1590 3036 1658 3090 τὰ
1683 3037 1890 3109 θεωρή-

315 3142 480 3196 ματα,
520 3126 649 3190 τοὺς
671 3126 837 3179 οἱονεὶ
883 3125 1115 3191 κόκκους
1144 3128 1244 3198 τῆς
1269 3129 1418 3198 ῥοᾶς·
1451 3127 1680 3182 ἕκαστον
1728 3129 1786 3182 ὲν
1809 3127 1887 3198 τῷ
1913 3167 1956 3225 C

313 3215 432 3287 ίδίῳ
461 3217 699 3288 τάγματι
745 3218 1322 3289 σεσωματοποιημένον
1353 3221 1411 3272 ὲν
1451 3217 1528 3290 τῷ
1551 3219 1880 3290 ἡγεμονικῷ·

310 3305 391 3358 διὸ
421 3307 716 3378 ἐπήγαγεν
758 3307 962 3375 Ἐκτὸς
993 3307 1104 3376 τῆς
1133 3310 1488 3378 σιωπήσεώς
1523 3326 1660 3376 σου,
1710 3311 1885 3383 δηλῶν

309 3397 380 3450 τὰ
402 3395 732 3467 σιωπώμενα
757 3398 1022 3470 δόγματα,
1047 3399 1122 3464 ὼς
1159 3399 1390 3464 κόκκους
1423 3403 1552 3472 ῥοᾶς
1579 3401 1683 3456 ὑπὸ
1713 3401 1775 3456 τδ
1799 3401 1886 3456 λέ-

314 3501 488 3554 πυρον
510 3485 697 3556 αὐτῆς.

393 3573 449 3626 '0
508 3575 969 3646 ᾠκοδομημένος
1022 3581 1110 3645 εἷς
1169 3580 1464 3636 Θαλπιὼθ.
1521 3581 1749 3645 ’Λκύλας
1800 3581 1882 3650 τὸ,

312 3663 606 3730 Θαλπιὼθ,
639 3666 922 3734 ἐπάλξεις
945 3668 1258 3723 ὲκδέδωκεψ
1283 3671 1311 3723 ὁ
1342 3670 1398 3724 δὲ
1417 3670 1880 3742 Σύμμαχος,ῧψη⁶

307 3746 354 3822 ᾧ
396 3755 678 3810 ἀκολουθεῖ
725 3757 817 3812 τὸν
877 3759 1018 3831 ὑπὲρ
1059 3758 1158 3824 τὰς
1204 3761 1458 3828 ἐπάλξεις
1511 3761 1720 3833 πύργον
1746 3758 1884 3817 εἶναι

307 3846 410 3916 τὴν
452 3846 666 3916 σοφίαν,
723 3843 792 3920 ἦς
848 3850 1050 3920 ὁμοίως
1103 3851 1368 3922 ἡρτηνται
1427 3853 1627 3920 θυρεοὶ
1671 3853 1768 3924 μὲν
1816 3854 1885 3907 τὰ

311 3939 721 4009 πεπιστευμένα
749 3941 1016 4012 δόγματα,
1060 3943 1203 4014 άπερ
1241 3938 1393 3996 εἶπεν
1430 3943 1624 4006 ἑνικῶς
1668 3945 1697 3995 ὸ
1729 3945 1886 3998 Ἀπό-

312 4031 521 4095 στολος,
553 4031 768 4098 θυρεὸν
794 4033 1072 4100 πίστεωςο
1098 4035 1349 4101 ,βολίδες
1370 4036 1427 4089 δὲ
1446 4035 1563 4089 τῶν
1589 4036 1881 4103 δυνατῶν,

305 4123 358 4174 oi
407 4121 645 4186 δυνατῶς
692 4122 1090 4194 ἀνατρέποντες
1121 4125 1268 4193 λόγοι
1319 4125 1425 4178 τῶν
1475 4127 1732 4180 ἐναντίων
1787 4128 1886 4198 τῆς

306 4211 569 4283 ἀληθείας
615 4212 712 4284 τὴν
758 4211 1109 4285 πιθανότητα.
1155 4215 1300 4268 Ἀντὶ
1359 4215 1416 4268 δὲ
1460 4213 1554 4270 τοῦ
1580 4212 1883 4283 ἐπάλξεις,

306 4302 562 4370 ἐντολὰς
581 4303 874 4357 ἐκδέδωκεν
906 4305 939 4375 ἡ
967 4305 1191 4377 πέμπτη
1211 4305 1440 4373 ἔκδοσις,
1470 4307 1561 4362 τὸν
1597 4308 1722 4366 νοῦν
1753 4310 1887 4380 μᾶλ-

307 4391 464 4463 λονῆ
510 4391 609 4463 τὴν
640 4392 784 4458 λέξιν
820 4393 1218 4466 ἐρμηνεύουσα.
1263 4396 1355 4467 Μὴ
1401 4399 1887 4470 προαποκειμένων

1991 1937 2185 2007 plicem
2220 1934 2466 1990 videlicet
2516 1933 2946 2004 intelligentiam,
2994 1935 3277 1990 litteraletn
3315 1946 3370 1992 et
3406 1939 3567 2007 spiri-

1993 2027 2175 2082 talem.

2064 2117 2219 2174 Vcrs.
2279 2117 2334 2172 5.
2395 2115 2547 2172 Sicut
2597 2115 2868 2186 funiculus
2924 2117 3195 2171 coccinea:
3240 2117 3386 2172 labia
3445 2127 3558 2174 tua.

1991 2208 2162 2274 Quasi
2198 2208 2384 2263 dicat:
2417 2211 2502 2266 Sit
2531 2205 2801 2260 sermonis
2838 2213 3113 2260 structura
3160 2206 3271 2276 igni
3310 2222 3561 2271 accensa,

1994 2310 2052 2354 ut
2077 2298 2380 2354 auditorem
2408 2298 2581 2368 possit
2618 2296 2842 2352 lucrari.
2871 2294 2967 2350 Vel
3013 2296 3177 2350 etiam
3210 2298 3318 2352 vim
3350 2300 3568 2368 sangui-

1993 2405 2150 2444 neam
2183 2398 2346 2460 atque
2374 2389 2589 2444 vitalem
2653 2387 2928 2458 signiﬁcat
2956 2388 3248 2442 verborum
3280 2404 3346 2444 ex
3407 2390 3566 2444 labiis

1993 2480 2431 2551 procedentium,
2457 2494 2579 2548 quae
2613 2478 2780 2532 veluti
2823 2477 2989 2532 tincta
3019 2486 3150 2534 sunt
3197 2479 3252 2534 in
3280 2496 3409 2536 vero
3438 2497 3557 2538 san-

1993 2572 2175 2642 guinis
2205 2571 2407 2626 Christi
2437 2580 2590 2640 pom.
2985 2613 2988 2616 .

2065 2660 2236 2730 Extra
2261 2661 2677 2714 taciturnitatem
2711 2667 2878 2712 luant.
2911 2656 2992 2710 Ad
3031 2658 3297 2714 castitatis
3327 2659 3563 2727 laudem,

1993 2754 2146 2809 addit
2169 2769 2288 2808 eam
2322 2768 2444 2823 quae
2491 2767 2555 2806 ex
2591 2751 2807 2806 silentio
2858 2750 3054 2814 oritur,
3109 2751 3253 2820 quod
3313 2753 3567 2808 videlicet

1991 2856 2195 2913 sponsa
2225 2850 2438 2910 tempus
2461 2839 2637 2894 festivi
2668 2838 2938 2894 sermonis
2989 2852 3052 2892 ac
3094 2838 3381 2895 laudabilis
3407 2841 3569 2895 silen-

1991 2935 2048 2989 tii
2081 2931 2308 2987 noverit.
2341 2933 2408 2985 Et
2427 2930 2683 3001 quoniam
2707 2929 2880 2998 ﬁdelis
2907 2930 3042 2998 ﬂatu
3075 2931 3346 2985 abscondit
3382 2948 3460 2985 res
3493 2933 3564 2998 ’⁸,

1990 3023 2153 3078 etiam
2184 3035 2384 3092 sponsa
2421 3021 2476 3074 in
2527 3019 2798 3089 profundo
2828 3019 3118 3076 abscondit
3150 3023 3565 3092 contemplatio-

1994 3131 2112 3181 nes,
2138 3128 2260 3186 qua:
2289 3112 2400 3168 sint
2425 3111 2592 3168 veluti
2616 3126 2784 3181 grana
2813 3111 2940 3165 mali
2968 3109 3150 3180 punici
3179 3129 3192 3165 :
3219 3114 3566 3182 unumquod—

1988 3223 2095 3278 que
2122 3221 2224 3264 suo
2256 3207 2446 3262 ordine
2474 3204 2527 3259 in
2578 3217 2749 3258 unum
2775 3217 2976 3273 corpus
3013 3202 3288 3258 redactum
3323 3202 3376 3257 in
3411 3219 3551 3260 men-

1991 3300 2064 3356 tis
2122 3315 2269 3357 arce.
2324 3297 2528 3354 Idcirco
2575 3295 2884 3366 subjunxit,
2929 3303 3082 3348 extra
3139 3296 3559 3348 taciturnitatem

1989 3399 2157 3458 tuam,
2187 3391 2502 3463 significans
2530 3404 2593 3444 ea
2615 3388 2889 3458 dogmata,
2913 3402 3036 3457 qua:
3061 3386 3277 3442 silentio
3305 3403 3562 3457 premun-

1990 3489 2098 3544 tur,
2129 3481 2277 3535 velut
2308 3496 2475 3550 grana
2500 3478 2625 3533 mali
2656 3477 2837 3547 punici
2867 3477 3147 3547 adoperta.

2060 3571 2219 3627 Vers.
2249 3573 2304 3626 4.
2345 3571 2477 3636 Qua:
2507 3570 2776 3633 wdiﬁcata
2818 3579 2894 3622 est
2931 3569 2985 3621 in
3039 3567 3340 3630 Tltalpiotlt.
3367 3569 3560 3637 Aquila

1987 3677 2173 3716 vocem
2233 3661 2536 3732 Tltalpioth,
2590 3658 2984 3729 propugnacula
3021 3657 3405 3726 interpretatus
3441 3668 3559 3726 est;

1988 3752 2351 3825 Symmachus
2398 3765 2570 3815 vero,
2631 3749 2963 3802 altitudines.
3024 3746 3160 3801 llinc
3206 3751 3561 3816 consequitur

1987 3843 2182 3900 turrim
2221 3858 2386 3913 super
2412 3839 2815 3912 propugnacula
2840 3839 3183 3903 aediﬁcatam,
3212 3851 3331 3890 esse
3351 3838 3570 3906 sapien-

1988 3937 2142 3999 tiam,
2176 3950 2241 3989 ex
2272 3949 2381 4004 qua
2413 3933 2619 4003 pariter
2667 3931 2922 4002 pendent,
2961 3929 3129 3999 clypci
3169 3929 3412 4000 quidem,
3443 3945 3561 3983 cre-

1987 4024 2101 4080 dita
2134 4023 2384 4078 videlicet
2409 4023 2684 4093 dogmata,
2723 4036 2846 4092 qua;
2894 4020 3188 4090 Apostolus
3211 4019 3562 4090 singulariter

1987 4127 2196 4175 scutum
2235 4117 2360 4187 ﬁdei
2389 4114 2679 4187 appellavit
2727 4115 2810 4181 ⁹¹;
2859 4112 3043 4182 jacula
3074 4127 3203 4166 vero
3248 4113 3560 4181 potentium,

1989 4213 2026 4267 ii
2054 4212 2313 4265 nimirum
2347 4223 2628 4264 sermones
2649 4207 2740 4276 qui
2769 4205 3170 4260 adversantium
3207 4205 3422 4258 veritati
3454 4220 3563 4258 ser-

1987 4317 2212 4358 monum
2241 4299 2675 4370 probabilitatem
2726 4304 2974 4366 potenter
3001 4303 3269 4349 evertunt.
3303 4293 3408 4348 Pro
3436 4310 3562 4364 pro—

1987 4393 2286 4466 pugnacula
2311 4393 2499 4462 quinta
2551 4389 2718 4445 editio
2754 4389 2985 4443 reddidit
3035 4387 3308 4450 mandata,
3339 4401 3561 4440 sensum

309 4481 419 4553 γὰρ
448 4482 695 4553 ἐντολῶν,
719 4486 1136 4558 οἰκοδομηθῆναι
1189 4487 1287 4559 τὴν
1324 4487 1495 4561 ψευδῆ
1535 4491 1735 4560 γνῶσιν
1765 4492 1886 4545 ἀδύ-

1990 4489 2170 4558 potius
2187 4501 2349 4556 quam
2382 4483 2674 4540 dictionem
2705 4481 3075 4550 interpretata.
3105 4477 3215 4533 Nisi
3238 4480 3382 4533 enim
3410 4479 3563 4548 prius

308 4589 488 4628 νατον.

384 4755 493 4809 Δύο
520 4757 742 4824 pacto!
772 4772 889 4813 σου
938 4759 1018 4826 ὡς
1045 4760 1153 4815 δύο
1188 4762 1404 4830 νεϐροί.
1445 4761 1519 4815 Τὸ
1557 4763 1880 4834 ἡγεμονικὸν

307 4846 386 4909 ὡς
432 4847 524 4900 ἐπὶ
557 4848 773 4921 νύμφης
815 4851 1028 4919 μαστοί·
1060 4852 1196 4924 ὅπερ
1226 4853 1374 4906 ἐστὶν
1405 4852 1878 4924 ὀξυδερκέστατον.

307 4940 510 5012 Διόπερ
543 4941 731 4996 εἴκασε
757 4943 850 4996 δύο
899 4943 1109 5016 νε6ροῖς
1152 4945 1413 5017 δορκάδος
1463 4945 1783 5017 νεμομένοις
1824 4949 1884 5001 ὲν

307 5031 532 5102 ὡραίοις
556 5032 741 5097 τόποις
787 5035 880 5088 καὶ
906 5035 1151 5101 εὐώδεσι,
1199 5036 1480 5107 σημαίνων
1521 5037 1592 5091 τά
1636 5055 1695 5091 τε
1716 5037 1884 5110 νοητὰ

310 5123 404 5176 καὶ⁵
445 5123 697 5194 αἰσθητά.
752 5125 996 5196 Νεϐρυὺς
1041 5125 1120 5191 δὲ,
1159 5127 1349 5200 ἐπειδὴ
1402 5128 1496 5181 νῦν
1545 5128 1614 5180 ἐκ
1659 5127 1882 5196 μέρους

309 5209 697 5282 γινώσκομεν,
733 5214 859 5268 ὅταν
909 5215 968 5269 δὲ
1014 5215 1076 5268 τὸ
1116 5215 1270 5279 τέλος
1302 5215 1450 5288 ἔλθῃ,
1499 5215 1881 5288 καταργοῦμεν

310 5300 410 5370 τὴν
450 5304 766 5376 νηπιότητα·
818 5306 947 5359 ὅταν
975 5309 1003 5359 ό
1043 5305 1260 5360 καύσων
1295 5305 1388 5360 τοῦ
1451 5309 1712 5380 παρόντος
1764 5308 1882 5380 βίου

309 5393 608 5464 παύσηται,
639 5397 734 5449 καὶ
792 5397 980 5469 καιρὸς
1007 5398 1104 5468 τῆς
1147 5396 1464 5468 ἀναψύξεως
1497 5401 1712 5471 ἐπιστῇ,
1760 5399 1882 5453 λυο-

311 5487 482 5558 μένης
509 5487 603 5540 καὶ
628 5489 727 5561 τῆς
757 5491 946 5554 σκιᾶς·
977 5490 1104 5546 σκιὰ
1132 5491 1240 5563 γάρ
1275 5494 1422 5546 ἐστιν
1463 5493 1493 5545 ό
1526 5491 1716 5564 παρὼν
1744 5491 1878 5562 βίος.

1987 4580 2224 4650 reposita
2285 4575 2539 4631 mandata
2599 4573 2728 4641 sint,
2786 4571 2904 4627 ﬁeri
2938 4587 3046 4626 non
3097 4581 3277 4642 potest
3326 4579 3388 4626 ut
3434 4586 3560 4625 vera

1989 4671 2212 4728 scicntia
2245 4676 2574 4724 cxstruatur.

2061 4762 2216 4818 Vers.
2248 4762 2301 4816 5.
2357 4759 2471 4812 Duo
2504 4758 2660 4812 ubera
2724 4765 2818 4811 tua
2861 4757 2997 4811 sicut
3023 4755 3128 4808 duo
3155 4753 3385 4812 hinnuli.
3413 4752 3564 4808 Mens

1988 4864 2072 4910 est
2097 4851 2556 4924 quemadmodum
2614 4849 2668 4903 in
2728 4862 2930 4918 sponsa
2995 4847 3212 4902 ubera:
3275 4847 3328 4899 id
3365 4857 3450 4902 est
3477 4849 3559 4903 vis

1989 4941 2478 5016 perspicacissima.
2505 4939 2711 4994 Idcirco
2732 4939 3054 4994 assimilavit
3079 4938 3293 4992 duobus
3321 4938 3562 4992 hinnulis

1989 5048 2220 5104 capreae,
2252 5031 2344 5102 qui
2378 5039 2672 5100 pascantur
2704 5029 2759 5081 in
2787 5027 2920 5083 locis
2948 5026 3156 5081 floridis
3191 5034 3246 5081 et
3289 5024 3566 5080 suavefra-

1989 5125 2293 5198 grantibus,
2345 5121 2660 5193 signiﬁcans
2695 5129 2807 5175 tum
2862 5134 2925 5173 ea
2967 5132 3089 5188 quae
3134 5126 3317 5172 mente
3368 5117 3564 5170 intelli-

1989 5228 2211 5289 guntur,
2233 5225 2346 5270 tum
2377 5230 2499 5284 qua:
2527 5228 2692 5269 sensu
2720 5211 3114 5282 percipiuntur.
3138 5207 3406 5263 llinnulos
3433 5222 3562 5260 vero

1989 5310 2296 5381 appellavit,
2327 5306 2454 5378 quia
2478 5321 2624 5361 nunc
2668 5320 2733 5359 ea:
2760 5312 2911 5373 parte
2949 5301 3308 5371 cognoscimus
3338 5299 3405 5352 θ’.
3424 5297 3560 5351 Cum

1991 5405 2172 5454 autem
2205 5397 2329 5451 ﬁnis
2357 5396 2590 5461 venerit,
2624 5403 2756 5448 tunc
2802 5391 3087 5447 infantiam
3129 5387 3515 5444 evacuabimus
3542 5427 3559 5444 .

1990 5489 2211 5562 quando
2241 5489 2364 5544 vita:
2389 5487 2672 5559 prasentis
2702 5493 2867 5541 aestus
2898 5481 3216 5548 cessaverit,
3242 5495 3306 5534 ac
3335 5477 3556 5548 refrige-

390 5766 423 5800 "
449 5767 496 5824 ll
526 5767 648 5827 Cor.
675 5787 735 5830 ιι.
772 5773 859 5829 t5.
935 5775 980 5806 '°
1011 5773 1172 5829 Prov.
1201 5791 1277 5840 xi,
1313 5775 1398 5828 15.
1474 5773 1518 5806 ⁹ι
1557 5771 1754 5844 Ephes.
1785 5787 1862 5841 vt,
1895 5771 1984 5828 16.
2060 5771 2105 5804 ’³
2130 5770 2151 5826 ι
2179 5769 2305 5826 Cor.
2341 5785 2458 5836 χιιι,
2481 5768 2532 5824 9.

626 5865 900 5928 Ρηιιοι..
944 5866 1063 5930 Gtt.
1108 5867 1160 5929 Χ
1175 5866 1285 5932 111.

353 5944 402 5954 -
