4130 6432
392 424 500 478 ίίθὲἶ

1600 417 1914 476 ΕΧΕΕῐὶΡἸ
1927 419 1969 471 .-\
2012 414 2468 472 PROCOPMNA.

3547 424 3653 480 206

395 540 820 611 πεφυτευμένον.
891 541 1086 611 Ἡμεῖς
1136 539 1191 592 δὲ
1253 540 1477 611 δένδρα,
1544 514 1816 609 εῖπερδὴ
1889 535 1973 587 καὶ

2086 532 2314 586 arbores
2344 544 2557 594 sumus,
2589 528 2632 585 si
2663 531 2822 585 modo
2849 532 3010 586 etiam
3034 532 3215 590 cibum
3242 534 3313 600 ei,
3346 535 3651 594 animarum

396 634 558 705 ⁴ἡμεῖς
589 633 637 686 ot
664 633 762 705 τὴν
790 633 997 705 τροφὴν
1021 632 1172 703 αὐτῷ
1201 631 1566 703 προτιθέντες,
1599 630 1700 701 τὴν
1728 628 1838 681 τῶν
1868 626 1973 696 ψυ-

395 721 509 792 χῶν
530 720 690 794 ἡμῶν
722 722 1013 793 σωτηρίαν,
1040 721 1183 775 κατὰ
1203 721 1264 774 τό
1282 737 1295 751 ’
1342 720 1517 789 Ἐμὸν
1544 718 1756 788 ,βρῶμά
1781 717 1972 783 ἐστιν,

404 813 498 869 ἵνα
532 811 681 867 ποιῶ
713 812 779 867 τὸ
819 812 1045 883 θέλημα
1087 812 1192 868 τοῦ
1226 814 1457 879 Πατρός
1477 829 1616 881 μου.
1653 808 1878 883 Καρπὸς
1916 808 1973 861 δὲ

396 909 556 981 ἡμῶν
594 911 627 979 ἡ
665 906 997 980 προαίρεσις.
1032 906 1189 959 Ἐπεί
1225 906 1281 959 δὲ
1309 905 1410 959 οὐκ
1440 905 1585 958 ἔστιν
1629 904 1776 976 ἡμᾶς
1799 903 1974 966 ἄλλως

398 1000 773 1072 ἀναληφθῆναι
802 1000 938 1073 πρὸς
970 1001 1060 1053 τὸν
1096 999 1377 1069 Ὕψιστον,
1411 1000 1459 1052 εί
1491 998 1565 1069 μὴ
1591 998 1726 1068 πρὸς
1750 997 1811 1050 τὸ
1842 995 1973 1067 χθα-

402 1090 710 1164 μαλώτερον
740 1089 1042 1161 ἐπικλιθείη
1084 1094 1116 1145 ό
1154 1088 1592 1160 ἀναλαμϐάνων
1622 1087 1828 1157 πραεῖς
1860 1089 1973 1140 Κύ-

390 1197 542 1250 ριος,
589 1179 856 1243 εύκτικῶς
895 1180 991 1233 τό·
1028 1179 1347 1247 Καταϐήτω
1370 1220 1385 1244 ,
1434 1178 1622 1251 φησὶν,
1670 1177 1974 1232 ἐπιδεικνυ-

401 1272 538 1344 μένη
603 1271 682 1343 τῷ
744 1270 862 1341 Θεῷ
923 1269 1033 1325 τῶν
1089 1272 1189 1342 τῆς
1247 1270 1450 1343 ἀρετῆς
1502 1266 1819 1341 ἀκροδρύων
1874 1265 1973 1336 τὴν

393 1363 676 1437 εὐφορίαν.

471 1454 751 1519 Ἀνοιξόν
772 1472 896 1524 μοι,
938 1452 1174 1523 ἀδελφή
1210 1470 1349 1522 μου.
1413 1446 1755 1520 Ἀναγκαίως
1804 1449 1837 1517 ή
1879 1446 1972 1500 τοῦ

389 1566 488 1617 μοι
532 1547 812 1620 προσθήκη
850 1547 947 1601 τοῦ
979 1547 1244 1613 ἄνοιξον.
1274 1548 1430 1600 Ἔστι
1464 1544 1573 1615 γὰρ
1604 1542 1699 1596 καὶ⁵
1739 1541 1975 1594 ἀντικει-

396 1641 585 1709 μέναις
619 1638 911 1711 δυνάμεσιν
955 1640 1183 1705 ἀνοῖξαι.
1229 1640 1317 1703 Ὠς
1359 1638 1487 1708 περὶ
1524 1634 1763 1705 ὀχληρᾶς
1788 1632 1843 1684 δὲ
1875 1630 1975 1699 τῆς

391 1733 585 1804 δρόσου
610 1732 786 1801 λέγειν
812 1734 981 1797 δοκεῖ,
1008 1733 1083 1795 ὡς
1109 1732 1204 1785 καὶ
1234 1730 1363 1800 περὶ
1393 1728 1500 1781 τῶν
1528 1728 1627 1796 τῆς
1658 1723 1850 1785 νυκτὸς
1875 1720 1975 1789 ψε-

391 1823 569 1878 κάδων
589 1839 601 1855 ’
636 1823 953 1876 ἀνάπαυλαν
976 1822 1086 1892 γὰρ
1115 1821 1289 1873 ἔοικεν
1317 1820 1424 1873 ἀπὸ
1448 1818 1653 1872 τούτων
1679 1814 1973 1883 ἐπιζητεῖν.

2079 632 2388 677 nostrarmn
2448 625 2678 678 salutem
2712 664 2725 687 ,
2788 640 3125 695 apponamus
3162 668 3175 692 ,
3230 626 3385 696 juxta
3437 630 3569 684 illud
3628 649 3648 684 τ

2080 712 2234 768 Meus
2279 717 2425 768 cibus
2458 726 2531 770 est
2572 725 2631 770 ut
2665 717 2864 786 faciam
2896 717 3210 772 voluntatem
3250 718 3431 775 Patris
3462 723 3563 775 mei
3581 722 3649 777 ⁸⁸.

2077 806 2313 862 Fructus
2348 817 2531 863 autem
2574 820 2759 866 noster
2786 810 3039 864 voluntas
3066 817 3170 865 est.
3202 810 3342 877 Quia
3372 827 3502 866 vero
3533 811 3650 868 ﬁeri

2074 913 2182 952 non
2213 898 2327 969 98
2355 908 2551 968 potest,
2590 909 2645 956 ut
2688 917 2785 958 nos
2818 901 2977 958 aliter
3007 902 3075 957 ad
3108 902 3452 958 Altissimum
3491 917 3652 960 assu-

2074 1002 2295 1041 mamur
2327 1003 2491 1058 quam
2541 990 2587 1044 si
2641 989 2708 1045 ad
2754 989 3103 1045 humiliorem
3138 997 3347 1045 statum
3376 991 3525 1059 ipse,
3562 989 3651 1059 qui

2072 1088 2376 1134 mansuetos
2418 1081 2663 1150 suscipit,
2714 1080 2971 1134 Dominus
3032 1080 3322 1136 inclinetur
3340 1082 3408 1148 θ’,
3448 1081 3652 1137 idcirco

2076 1171 2304 1240 supplex
2347 1179 2471 1226 orat
2497 1173 2685 1229 dicens
2723 1191 2737 1226 :
2780 1172 3095 1240 Descendat,
3125 1189 3321 1244 nempe
3359 1172 3654 1230 ostendens

2076 1259 2187 1316 Deo
2217 1263 2434 1319 virtutis
2468 1280 2671 1319 nucum
2700 1265 3022 1321 ubertatem.

2147 1444 2304 1503 Vers.
2327 1448 2383 1502 ‘2.
2429 1449 2590 1519 Aperi
2632 1451 2782 1520 mihi,
2812 1468 2964 1508 soror
2986 1468 3120 1506 mea.
3162 1449 3483 1507 Necessario
3517 1448 3650 1505 illud

2076 1537 2207 1590 mihi
2254 1539 2451 1609 adjecit
2511 1541 2578 1595 ad
2628 1558 2819 1600 vocem
2869 1546 3035 1614 aperi.
3090 1542 3371 1615 Contingit
3411 1542 3555 1598 enim
3593 1552 3653 1599 ut

2076 1629 2241 1683 etiam
2275 1630 2604 1686 adversariis
2630 1636 2993 1703 potestatibus
3028 1637 3329 1706 aperiatur.
3363 1636 3648 1707 Tanquam

2079 1724 2261 1771 autem
2304 1717 2374 1771 de
2423 1733 2485 1772 re
2540 1720 2789 1789 molesta,
2824 1724 2891 1777 de
2930 1738 3055 1778 rore
3106 1725 3255 1795 loqui
3298 1726 3535 1791 vidi-tur,
3573 1726 3649 1779 uti

2080 1810 2242 1864 etiam
2287 1809 2356 1864 de
2394 1809 2561 1881 guttis
2595 1810 2775 1868 noctis
2814 1831 2828 1868 :
2871 1828 2997 1867 nam
3028 1815 3096 1868 ah
3126 1817 3205 1870 eis
3231 1817 3472 1886 requiem
3507 1817 3651 1871 vide-

405 1912 699 1965 Ἀκόλουθα
737 1912 917 1963 ταῦτα
942 1886 1340 1979 τοῖς-πρώτοις.
1384 1907 1537 1961 Μετᾶ
1571 1906 1682 1978 γὰρ
1712 1905 1812 1979 τὴν
1841 1906 1972 1959 ἀνά-

2077 1909 2166 1955 tur
2213 1902 2510 1972 inquirere.
2565 1901 2705 1957 Sunt
2737 1903 2852 1959 haec
2878 1906 3071 1975 primis
3108 1914 3471 1961 consentanea
3524 1905 3652 1961 Post

394 2019 587 2055 στασιν
632 2000 847 2071 εἰσῆλθε
877 1999 984 2053 τῶν
1010 1999 1191 2071 θυρῶν
1215 1998 1642 2069 κεκλεισμένων,
1691 1996 1788 2050 καὶ
1819 1994 1973 2049 καλεῖ

394 2089 487 2143 τὸν
527 2089 750 2159 Θωμᾶν,
797 2089 891 2145 καὶ
942 2089 1011 2142 δι’
1048 2085 1217 2142 αὐτοῦ
1268 2088 1447 2141 πᾶσαν
1491 2085 1721 2140 ἄπιστον
1771 2083 1969 2156 ψυχὴν,

397 2178 608 2242 ἀνοῖξαι
644 2179 741 2249 τὴν
775 2178 910 2232 ἰδίαν
943 2178 1170 2250 καρδίαν
1204 2176 1295 2230 καὶ
1343 2178 1440 2249 τὴν
1480 2177 1578 2248 τῆς
1624 2176 1973 2239 ἀναστάσεως

394 2270 642 2341 χωρῆσαι
696 2269 1098 2341 πληροφορίαν’
1144 2269 1300 2322 καλεῖ
1343 2268 1399 2321 δὲ
1438 2266 1601 2322 αὑτὸν
1649 2267 1862 2321 τελείαν
1902 2268 1975 2320 εἱ-

392 2358 594 2412 πόντα·
645 2356 708 2411 ’0
748 2360 965 2426 Κύριός
986 2376 1105 2429 μου
1126 2359 1224 2412 καί
1249 2361 1283 2412 ὁ
1309 2361 1455 2425 Θεός
1486 2358 1641 2428 pou!
1683 2358 1749 2411 Ἦ
1779 2358 1973 2431 δρόσος

387 2451 445 2503 δὲ
477 2451 629 2522 δηλοῖ
655 2450 756 2522 τὴν
785 2450 922 2506 κατά
947 2451 1037 2505 τὸν
1062 2450 1259 2523 ὄρθρον
1285 2450 1602 2515 ἀνάστασιν,
1636 2450 1725 2504 ὅτε
1761 2450 1972 2505 κάτεισι

388 2542 599 2613 δρόσος.

470 2636 597 2689 Ἐπὶ
646 2635 850 2705 χεῖρας
887 2636 998 2689 τοῦ
1038 2637 1316 2705 κλείθρου
1354 2634 1570 2705 ἤνοιξα
1598 2634 1732 2705 ἐγώ.
1779 2634 1973 2689 Ἥνίκα

388 2724 624 2796 ἔφθασεν
666 2729 699 2799 ὴ
727 2726 914 2800 νύμφη
940 2727 1001 2781 τὸ
1030 2728 1279 2799 κλεῖθρον
1299 2768 1312 2794 ,
1343 2726 1486 2781 ὥστε
1515 2728 1613 2799 τὴν
1644 2726 1819 2798 ψυχὴν
1844 2728 1976 2780 ἁνα-

388 2820 620 2874 πετάσαι
660 2820 738 2891 τῷ
777 2819 942 2890 λόγῳ,
979 2821 1098 2874 τότε
1137 2821 1305 2891 μόνην
1341 2820 1440 2891 τὴν
1473 2822 1663 2891 χεῖρα,
1700 2821 1792 2874 καὶ
1820 2818 1973 2882 τινὰς

388 2910 583 2963 ἑαυτοῦ
619 2911 800 2977 δείξας
846 2910 1075 2981 πράξεις
1115 2908 1512 2981 παρελήλυθεν,
1538 2910 1614 2973 ὡς
1658 2909 1885 2981 μηδέπω
1912 2910 1972 2963 τὺ

390 3002 550 3056 πλέον
599 3003 679 3066 εἰς
719 3003 848 3056 θέαν
891 3000 1177 3072 χωρούσης
1226 3000 1324 3072 τῆς
1360 2994 1599 3071 νύμφης,
1636 3001 1755 3072 ἅμα
1784 3001 1843 3055 δὲ
1876 3001 1972 3054 καὶ

388 3093 655 3165 ᾠκονόμει
687 3094 849 3148 πλέον
878 3096 1047 3166 αὐτῆς
1090 3095 1355 3148 ἐπιτεῖναι
1401 3094 1492 3147 τὸν
1526 3093 1723 3165 ἔρωτα.
1789 3094 1973 3166 Ἐξερ-

389 3203 543 3257 χεται
582 3188 676 3240 καὶ
708 3186 937 3258 ὲκδημεῖ
965 3185 1059 3240 τοῦ
1096 3185 1349 3258 σώματος
1375 3188 1408 3259 ἡ
1439 3187 1607 3260 ψυχὴν
1634 3186 1723 3242 διὰ
1751 3187 1843 3241 τὸν
1872 3184 1967 3241 τοῦ
1992 3218 2049 3281 α

389 3276 620 3349 νυμφίου
652 3276 809 3348 λόγον
838 3277 1036 3349 ἔχουσα
1069 3280 1126 3332 ὲν
1155 3277 1371 3349 οὐρανῷ
1399 3278 1724 3351 πολίτευμα.

469 3462 765 3532 Ἐζιξτησα
792 3463 1000 3531 αὐτὸν,
1027 3463 1124 3516 καὶ
1164 3464 1277 3533 οὐχ
1308 3457 1510 3532 εὗρον.
1536 3462 1838 3536 Συνεχῶςὴ
1863 3463 1968 3533 ψυ-

389 3554 457 3626 χὴ
489 3555 581 3609 τὸν
612 3556 845 3626 νυμφίον
872 3555 1044 3625 Λόγον
1071 3554 1345 3625 ἐπιζητεῖο
1383 3557 1476 3609 καὶ
1511 3555 1768 3628 εὑροῦσα,
1807 3555 1969 3610 πάλιν

388 3646 595 3719 ἑτέροις
643 3647 926 3720 ἀποροῦσα
969 3648 1149 3716 ζητεῖ’
1194 3649 1411 3702 κάκεῖνο
1448 3647 1773 3721 θεωρήσασα
1814 3645 1972 3702 ποθεῖ

387 3736 486 3808 τὴν
518 3739 720 3810 ἐτέρων
752 3738 1123 3808 ἀποκάλυψινο
1178 3739 1271 3793 καὶ
1307 3738 1547 3810 τυχοῦσα
1586 3739 1791 3793 τούτων
1818 3778 1833 3803 ,
1880 3737 1969 3791 ἐπ’

389 3827 569 3892 ἄλλοις
606 3826 824 3898 εὔχεται
853 3828 945 3883 τὸν
970 3828 1202 3900 νυμφίον
1232 3829 1538 3901 ἐπιδημεῖν.

470 4012 817 4083 ’Λὸελεριὸός
858 4032 977 4083 μου
1022 4016 1246 4081 λευκὸς
1295 4015 1391 4069 καὶ
1447 4015 1692 4083 πυρρός.
1740 4014 1967 4079 Λευκὸς,

390 4106 576 4178 ἐπειδὴ
604 4108 634 4159 ὁ
685 4106 819 4171 Θεὸς
847 4107 1131 4179 ἀληθινός·
1170 4107 1379 4180 πυρῤὸς
1422 4107 1479 4162 δὲ
1507 4106 1596 4161 διὰ
1638 4106 1701 4161 τὸ
1738 4100 1879 4180 αἷμα
1908 4106 1971 4160 τὸ

390 4196 530 4268 ὑπὲρ
559 4197 659 4267 τῆς
696 4197 1027 4268 Ἐκκλησίας
1054 4197 1235 4268 χυθὲν.

458 4289 794 4358 Βόστρυχοι
838 4290 1025 4344 αὑτοῦ
1054 4289 1278 4343 ἐλάται.
1323 4290 1386 4344 Οἱ
1429 4289 1712 4363 βόστρυχοι
1750 4288 1841 4344 διὰ
1869 4289 1970 4361 τὴν

387 4380 701 4452 πυκνότητα
725 4381 1161 4454 παραδάλλονται
1184 4384 1304 4445 ταῖς
1319 4380 1427 4435 τῶν
1457 4381 1713 4450 φοινίκων
1730 4380 1967 4445 ἐλάταις,

386 4470 455 4536 ἂς
476 4489 639 4541 φασιν
656 4472 777 4525 ἀντὶ
809 4473 1121 4545 σπέρματος
1141 4468 1279 4527 εἶναι
1299 4475 1420 4536 ταῖς
1445 4471 1684 4544 θηλείαις
1715 4472 1963 4543 φοίνιξιν,

2073 1995 2529 2050 resurrectionem
2586 1996 2732 2051 enim
2785 1996 3008 2052 intravit
3054 1998 3243 2068 januis
3297 1998 3543 2064 clausis,
3598 2008 3653 2052 ct

2073 2083 2338 2140 Thomam
2368 2095 2529 2143 vocat
2552 2130 2568 2157 ,
2596 2104 2662 2145 ac
2695 2105 2789 2162 per
2815 2106 2941 2145 eum
2980 2090 3252 2146 inﬁdelem
3282 2105 3498 2144 omnem
3531 2090 3651 2145 ani-

2071 2190 2239 2240 mam,
2270 2187 2326 2232 ut
2347 2193 2443 2233 cor
2468 2195 2629 2236 suum
2658 2185 2903 2251 aperiat,
2936 2192 3194 2253 certaque
3233 2184 3647 2239 resurrectionis

2071 2277 2392 2335 argumenta
2439 2269 2640 2340 capiat.
2689 2270 2860 2327 Vocat
2897 2280 3075 2327 autem
3124 2288 3250 2327 eum
3291 2274 3381 2343 qui
3413 2271 3648 2342 perfecta

2073 2357 2422 2416 confessione
2457 2361 2591 2418 dicit
2634 2381 2649 2418 :
2698 2362 2955 2419 Dominus
2994 2381 3140 2418 meus
3181 2373 3229 2419 et
3264 2362 3403 2419 Deus
3435 2381 3580 2421 meus
3606 2366 3644 2419 ¹.

2073 2444 2185 2502 Ros
2229 2464 2359 2507 vero
2407 2452 2679 2522 signiﬁcat
2728 2457 3188 2511 resurrectionem
3236 2471 3358 2525 qua:
3404 2456 3649 2512 diluculo

2072 2532 2216 2594 facta
2247 2551 2349 2609 est,
2381 2558 2492 2613 quo
2530 2553 2773 2615 tempore
2807 2561 2901 2601 res
2929 2547 3152 2602 decidit.

2145 2630 2304 2688 Vers.
2355 2633 2411 2691 6.
2470 2635 2641 2705 Super
2690 2654 2878 2692 manus
2934 2638 3107 2707 pesuli
3156 2640 3339 2709 aperui
3384 2655 3497 2709 ego.
3545 2636 3648 2693 Ubi

2075 2736 2277 2792 sponsa
2312 2724 2377 2779 ad
2410 2728 2661 2796 pesulum
2689 2738 2931 2797 venerat,
2959 2739 3020 2785 ut
3051 2732 3286 2786 animam
3322 2729 3494 2784 Verbo
3520 2745 3649 2799 ape-

2074 2812 2227 2881 riret,
2260 2823 2389 2871 tunc
2427 2817 2559 2873 illud
2592 2833 2813 2874 manum
2855 2821 3118 2877 duntaxat
3142 2838 3206 2877 ac
3235 2820 3496 2893 quasdam
3519 2835 3649 2877 suas

2074 2908 2321 2965 actiones
2349 2922 2682 2981 monstrans,
2714 2915 3105 2984 pertransibat,
3138 2917 3338 2987 quippe
3365 2931 3486 2987 quae
3516 2932 3650 2972 non-

2072 3000 2201 3055 dum
2234 3002 2494 3072 majorem
2524 3004 2643 3074 ejus
2674 3016 2952 3076 aspectum
3000 3023 3195 3080 capere
3222 3015 3426 3078 posset.
3473 3006 3647 3062 Simul

2072 3092 2235 3147 etiam
2274 3094 2326 3148 id
2355 3095 2569 3165 agebat,
2626 3106 2689 3151 ut
2730 3098 2878 3154 illius
2908 3114 3151 3155 amorem
3185 3100 3358 3172 magis
3385 3100 3651 3154 accendea

2072 3192 2174 3239 ret.
2204 3182 2494 3255 Egreditur
2522 3192 2686 3259 atque
2709 3189 3085 3259 peregrinatur
3113 3204 3144 3245 a
3178 3206 3409 3261 corpore
3441 3190 3647 3261 anima,

2071 3293 2194 3348 qua:
2232 3293 2327 3349 per
2361 3280 2547 3350 sponsi
2582 3294 2891 3337 sermonem
2920 3283 3391 3340 conversationem
3423 3284 3479 3338 in
3507 3286 3648 3342 caelo

2072 3369 2239 3427 habet
2270 3374 2311 3425 ’.

2144 3464 2379 3530 Quwsivi
2427 3481 2567 3533 eum,
2590 3473 2642 3520 et
2681 3483 2786 3521 non
2822 3464 3017 3522 inveni.
3050 3467 3282 3524 Assidue
3307 3467 3489 3524 anima
3515 3467 3650 3524 Ver-

2070 3556 2199 3610 hum
2237 3571 2498 3626 sponsum
2532 3557 2786 3628 inquirit,
2822 3573 2995 3629 eoque
3029 3558 3271 3623 invento,
3303 3575 3495 3615 rursus
3527 3561 3650 3617 aliis

2071 3648 2235 3703 dubia
2263 3650 2659 3718 quaestionibus
2687 3649 2912 3719 quaerit;
2949 3658 3003 3705 et
3031 3664 3154 3704 cum
3187 3650 3320 3704 illud
3352 3665 3651 3720 conspexe-

2071 3737 2164 3803 rit,
2199 3739 2307 3793 alia
2340 3740 2442 3795 sibi
2479 3740 2630 3809 cupit
2660 3738 3032 3805 manifestari,
3068 3746 3232 3808 atque
3269 3739 3462 3794 horum
3494 3754 3649 3796 com-

2071 3842 2172 3897 pos
2228 3828 2441 3896 cﬂ‘ecta,
2487 3830 2541 3884 in
2592 3829 2827 3885 aliorum
2874 3828 3106 3900 gratiam
3139 3830 3325 3899 sponsi
3355 3831 3649 3887 adventum

2071 3920 2216 3977 votis
2259 3923 2525 3992 exposcit.

2146 4009 2300 4068 Vers.
2326 4013 2414 4069 10.
2440 4011 2733 4069 Fraternas
2765 4030 2908 4070 meus
2936 4013 3193 4069 candidus
3222 4022 3274 4068 et
3300 4014 3643 4069 rubicundus.

2071 4102 2351 4161 Candidus
2384 4106 2512 4176 quia
2543 4122 2703 4163 verus
2742 4106 2883 4164 Deus
2915 4114 3017 4175 est,
3049 4107 3390 4164 rubicundus
3421 4107 3492 4162 ob
3521 4121 3649 4164 san-

2070 4197 2289 4268 guinem
2313 4214 2409 4268 pro
2440 4197 2684 4255 Ecclesia
2714 4197 2971 4256 eﬂusum.

2142 4287 2298 4343 Vers.
2337 4288 2425 4343 11.
2466 4287 2714 4343 Cincinni
2749 4288 2861 4357 ejus
2887 4287 3060 4343 elataz.
3087 4287 3340 4344 Cincinni
3367 4288 3437 4344 oh
3466 4288 3649 4345 densi-

2073 4386 2237 4432 tatem
2314 4378 2619 4448 palmarum
2658 4378 2816 4434 elatis
2865 4388 3283 4448 comparantur,
3329 4394 3470 4449 quas
3496 4380 3652 4436 aiunt

2071 4471 2272 4541 palmis
2301 4470 2522 4528 feminis
2558 4472 2679 4526 loco
2710 4470 2935 4526 seminis
2967 4486 3108 4538 csse,
3142 4482 3203 4526 ut
3229 4471 3469 4529 fructum
3500 4489 3655 4530 escu-

386 4561 528 4617 ὥστε
557 4565 772 4636 καρπὸν
815 4565 1001 4636 φέρειν
1038 4564 1297 4636 ἐδώδιμον
1317 4582 1330 4596 ο
1364 4565 1452 4619 διὰ
1476 4565 1532 4619 δὲ
1564 4565 1663 4637 τὴν
1691 4565 1967 4637 βαθύτητα

2075 4564 2281 4618 lentum
2327 4560 2523 4617 ferant.
2554 4561 2636 4618 0b
2667 4562 2831 4617 altam
2868 4578 2998 4618 vero
3026 4565 3301 4618 rationum
3329 4606 3344 4632 ,
3381 4564 3447 4619 ad
3478 4565 3650 4621 instar

387 4654 498 4707 τῶν
538 4655 731 4728 ὥσπερ
781 4657 1094 4726 ὲκφυέντων
1140 4656 1260 4709 ἀντὶ
1306 4656 1507 4727 τριχῶν
1544 4655 1821 4728 λογισμῶν
1875 4656 1971 4727 μὲ-

387 4746 547 4811 λανες
582 4748 882 4811 ὲπαινετῶς
910 4746 1302 4818 ὀνομάζονται,
1337 4746 1416 4818 τῷ
1441 4746 1535 4800 τοῦ
1568 4748 1803 4818 νυμφίου
1832 4765 1970 4819 συμ-

388 4837 714 4911 ϐαλλόμεναι
767 4838 985 4892 κάλλει⁸
1036 4836 1109 4890 Τὸ
1151 4837 1207 4891 δὲ
1263 4837 1343 4903 ὡς
1400 4836 1585 4905 κόραξ
1627 4836 1726 4909 οὑχ
1783 4836 1970 4901 ἁπλῶς

386 4928 541 5004 οἶμαι
579 4931 755 4986 διὰτὸ
797 4931 1025 5002 χρῶμα,
1075 4927 1340 5000 σύμϐολον
1386 4926 1445 4982 δὲ
1495 4928 1602 4983 τῶν
1650 4927 1968 4999 βαθυτάτων

385 5020 527 5079 εἶναι
558 5026 653 5079 καὶ
693 5021 1136 5095 πεπληρωμένων
1168 5020 1484 5075 σκοτεινοῦ
1518 5020 1739 5088 ὕδατος
1767 5020 1839 5075 ἐν
1869 5037 1968 5075 ’νε-

384 5117 601 5189 φέλαις
624 5116 815 5185 ἀέρων
837 5132 851 5146 ο
895 5114 1026 5186 περὶ
1057 5106 1131 5166 ὧν
1154 5108 1306 5166 εἶπεν
1328 5112 1357 5164 ὁ
1399 5111 1518 5165 Ἰὼϐ
1541 5129 1556 5144 θ
1594 5114 1690 5179 Τίς
1718 5112 1786 5166 δὲ
1810 5114 1971 5181 ἢτοι-

382 5224 543 5278 ιιιισε
579 5210 787 5277 κόρακι
823 5205 1057 5276 βοράν;
1087 5204 1346 5260 Νεοσσοὶ
1369 5204 1436 5258 δὲ
1455 5205 1642 5260 αὑτοῦ
1674 5205 1825 5274 πρὸς
1850 5207 1969 5261 Κύ-

378 5317 518 5367 ριον
552 5299 966 5369 κεκράξονται.
1026 5296 1319 5368 Ἦτοίμασε
1344 5296 1452 5368 γὰρ
1495 5298 1607 5360 τοῖς
1653 5296 1969 5369 βαθυτέροις

387 5391 477 5444 τὸν
500 5389 627 5445 νοῦν
657 5391 857 5462 πολλὴν
881 5388 1087 5461 τροφὴν
1114 5389 1142 5443 ὁ
1175 5388 1308 5451 Θεός
1326 5404 1340 5418 ο
1367 5381 1442 5441 ὧν
1469 5388 1519 5441 οἱ
1553 5387 1789 5459 μαθηταὶ
1811 5406 1965 5443 νεοσ-

388 5486 492 5551 σοὶ,
515 5485 697 5556 εὐχαῖς
715 5483 1085 5556 σχολάζοντες,
1111 5482 1248 5552 πρὸς
1259 5480 1461 5551 Κύριον
1479 5479 1808 5552 κεκράγασι,
1834 5481 1970 5536 πλα-

384 5575 618 5647 νώμενοι
660 5558 756 5631 καῖ
788 5575 1081 5647 ζητοῦντες
1117 5575 1188 5629 τὰ
1225 5576 1339 5637 τοῖς
1373 5573 1844 5644 ὲπαπορουμένοις
1876 5574 1969 5627 ὑπ’

386 5666 567 5722 αὐτῶν
592 5669 735 5721 σῖτα.

457 5788 505 5819 ’⁸
530 5785 686 5840 Joan.
730 5802 805 5854 Iv,
834 5786 925 5841 54.

388 5873 621 5927 nm",
652 5857 743 5913 41.

1029 5788 1073 5820 "
1096 5786 1241 5843 Psal.
1284 5802 1467 5854 cum,
1501 5786 1557 5843 6.

1662 5787 1679 5820 ¹
1704 5784 1862 5843 Joan.
1910 5801 2006 5853 xx,
2038 5784 2130 5839 28.

2071 4655 2304 4710 crinium
2333 4655 2725 4720 enascentium,
2756 4655 3227 4725 profunditatem,
3248 4657 3429 4713 laudis
3470 4658 3651 4728 specie

2072 4747 2213 4818 nigri
2244 4746 2604 4817 appellantur,
2640 4747 2686 4801 si
2718 4763 2841 4803 cum
2872 4749 3061 4816 sponsi
3090 4748 3495 4818 pulchritudine
3514 4765 3650 4804 eon-

2071 4837 2337 4893 ferantur.
2369 4837 2527 4905 Quod
2553 4853 2681 4893 vero
2706 4837 2909 4894 dicitur
2936 4848 3188 4910 tanquam
3212 4855 3418 4904 corvus,
3448 4854 3556 4895 non
3579 4840 3651 4895 oh

2072 4929 2310 4985 colorem
2353 4927 2699 4983 solummodo
2729 4928 2935 4982 dictum
2970 4927 3245 4995 existimo,
3280 4943 3467 4983 verum
3502 4943 3650 5000 sym-

2070 5022 2256 5077 bolum
2272 5034 2391 5077 esse
2408 5020 2795 5075 altissimorum
2810 5019 3200 5090 plenorumque
3224 5020 3494 5075 tenebrosa
3511 5037 3651 5090 aqua

2069 5114 2124 5167 in
2163 5111 2389 5166 nubibus
2427 5113 2565 5167 aeris
2602 5111 2655 5178 ³;
2707 5112 2773 5176 de
2804 5112 3003 5182 quibus
3030 5109 3291 5168 dixitJob
3323 5131 3337 5168 :
3377 5112 3510 5177 Quis
3534 5127 3650 5165 vero

2067 5207 2392 5277 pra’parao.’t
2432 5221 2583 5259 corvo
2631 5205 2849 5259 escam?
2887 5204 3035 5259 Pulli
3070 5218 3247 5262 autem
3280 5208 3397 5276 ejus
3428 5205 3498 5258 ad
3534 5204 3648 5258 Do-

2069 5299 2271 5351 minum
2324 5294 2703 5350 clamabunt".
2752 5293 3085 5367 Praeparavit
3132 5294 3278 5351 enim
3328 5296 3473 5350 Deus
3518 5293 3647 5361 illis,

2075 5389 2168 5457 qui
2213 5387 2395 5443 altiori
2436 5396 2617 5442 mente
2658 5394 2786 5441 sunt
2824 5385 3054 5456 praediti,
3106 5387 3380 5456 copiosam
3412 5396 3593 5440 escam
3632 5404 3647 5441 :

2076 5494 2312 5551 quorum
2344 5478 2476 5548 pulli
2510 5477 2728 5548 (nempe
2770 5476 3043 5546 discipuli)
3075 5474 3329 5545 precibus
3367 5482 3648 5543 vacantes,

2075 5573 2143 5627 ad
2191 5571 2482 5627 Dominum
2521 5568 2914 5629 clamaverunt,
2967 5572 3212 5619 errantes
3241 5577 3306 5619 ac
3346 5574 3649 5633 quaerentes

2076 5680 2200 5736 quae
2223 5664 2276 5719 in
2305 5662 2488 5719 dubiis
2522 5658 2632 5714 illis
2660 5657 2797 5713 locis
2822 5654 3095 5711 frumenta
3119 5655 3326 5711 insunt.

3476 5766 3501 5799 ⁸
3523 5765 3627 5825 Job

2240 5784 2261 5815 ¹
2289 5781 2525 5851 Philipp.
2543 5778 2731 5850 "1,20.
2846 5775 2866 5807 ³
2893 5772 3038 5832 Psal.
3083 5782 3231 5854 xm",
3279 5769 3372 5827 11.
