4130 6440
465 386 568 440 207

467 593 703 648 maxilla:
729 591 1058 661 intelligendi
1093 600 1242 653 sunt,
1275 591 1366 658 qui
1397 588 1489 642 Dei
1510 590 1674 641 Verbo
1689 598 1742 641 et
1772 589 1896 642 cibo
1929 586 2042 656 spi-

466 684 610 738 ritali
657 682 965 736 ministrant
1007 699 1019 732 :

465 774 856 844 plenitudinem
902 773 1170 826 bonorum
1212 785 1440 840 operum
1497 777 1661 838 atque
1702 781 2038 832 Sermonum,

466 867 673 921 similes
706 867 815 920 sint
864 864 1064 934 phialis
1092 863 1389 928 aromatis;
1446 862 1516 914 oh
1559 860 1863 914 radicatam
1916 872 2044 912 vero

466 960 518 1012 in
566 957 699 1027 ipsis
748 956 958 1010 varium
1007 955 1060 1009 iu
1105 954 1255 1008 omni
1308 955 1593 1024 scriptura:
1644 952 2044 1022 compositione

464 1063 794 1113 sermonem,
852 1045 1272 1116 unguentarium
1309 1061 1525 1115 semper
1581 1045 1890 1113 producunt
1928 1042 2042 1096 fru-

462 1151 630 1194 ctum.

533 1229 687 1286 Vers.
723 1231 810 1286 14.
851 1227 1039 1284 Venter
1057 1229 1170 1298 ejus
1203 1229 1344 1297 pixis
1371 1228 1619 1282 eburnea.
1658 1224 1819 1282 Verbi
1849 1235 2041 1280 venter

463 1334 590 1380 sunt
613 1325 703 1395 qui
734 1325 1116 1395 mysteriorum
1144 1333 1272 1378 sunt
1300 1337 1549 1392 capaces,
1577 1319 1671 1392 qui
1697 1320 1901 1376 scilicet
1930 1335 2040 1390 pra:

461 1418 694 1472 cavitate
727 1416 1078 1485 suscipiendo
1112 1425 1274 1480 sunt;
1314 1415 1456 1484 pixis
1497 1429 1626 1467 vero
1667 1412 1761 1483 qui
1802 1413 1868 1466 ad
1903 1426 2040 1466 con-

468 1509 792 1566 servandum
830 1516 962 1563 sunt
995 1507 1198 1562 idonei.
1236 1505 1319 1561 0b
1351 1507 1697 1576 splendorem
1729 1519 1793 1559 ac
1819 1503 2042 1558 clarita-

463 1611 596 1667 tem,
641 1600 880 1654 eburnea:
939 1613 1134 1652 nomen
1192 1598 1510 1666 aljunctum
1559 1604 1661 1649 est.
1723 1593 2039 1648 Istiusmodi

463 1689 630 1758 igitur
673 1700 860 1740 venter
908 1685 1048 1756 pixis
1090 1687 1350 1751 eburnea,
1398 1685 1689 1755 impositus
1741 1694 1826 1738 est
1876 1683 2038 1752 lapidi

1493 379 1838 438 ORIGENES
1879 379 1941 434 ΙΝ
1981 378 2331 437 CAN'I‘ICUII
2379 382 2655 442 CANTIC.

543 501 677 557 V’ers
722 500 804 556 I3.
843 499 1082 567 Maxilla'
1106 498 1219 567 ejus
1244 507 1297 550 ut
1315 497 1508 567 phiala!
1534 497 1811 550 aromatis.
1836 494 2038 549 Christi
2073 497 2117 552 Α

3622 385 3730 438 2:78

2217 499 2499 567 Σιαγόνες
2538 498 2727 552 αὑτοῦ
2754 499 2834 564 ὡς
2867 499 3073 568 φιάλαι
3107 498 3214 554 τοῦ
3242 497 3568 568 ἀρώματος.
3608 499 3728 553 Σια-

2148 587 2308 654 γόνας
2343 588 2611 658 Χριστοῦ,
2657 589 2781 652 τοὺς
2813 589 3264 660 διακονουμένους
3293 591 3436 660 λόγῳ
3471 591 3607 643 Θεοῦ
3633 593 3726 644 καὶ

1071 680 1165 748 qui
1215 679 1436 748 quidem
1472 677 1542 730 ob
1586 676 1895 745 fragrantize
1932 674 2036 744 99

2145 682 2318 750 τροφῇ
2362 684 2704 752 πνευματικῇ
2745 682 2994 753 νοητέον·
3028 681 3114 736 διὰ
3152 683 3252 752 μὲν
3283 683 3381 754 τὴν
3413 683 3726 754 πληρότητα

2145 769 2244 840 τῆς
2287 771 2513 834 εὐωδίας
2554 770 2662 824 τῶν
2705 770 2885 824 καλῶν
2924 771 3102 840 Εργων
3153 772 3246 825 καὶ
3276 772 3449 840 λόγων
3481 774 3726 836 ἐοικότας

2146 861 2367 931 φιάλαις
2418 862 2511 916 τοῦ
2557 862 2885 934 ἀρώματοςο
2947 863 3036 916 διὰ
3086 863 3143 918 δὲ
3179 865 3240 918 τὸ
3269 865 3634 938 ὲῤῥιζωμένον
3668 869 3727 920 ἐν

2145 954 2336 1018 αὐταῖς
2372 955 2617 1008 ποικίλον
2649 955 2708 1008 ὲν
2739 955 2892 1027 πάσῃ
2919 955 3167 1009 συνθέσει
3203 957 3420 1030 γραφῆς
3457 959 3614 1028 λόγον
3639 960 3729 1013 ἀεὶ

2146 1045 2628 1117 καρποφοροῦντας
2665 1047 2983 1119 μυρεψικόν.

2214 1231 2426 1286 Κοιλία
2468 1230 2654 1285 αὐτοῦ
2685 1229 2907 1296 πυξίον
2937 1231 3350 1301 ἐλεφάντινον.
3389 1232 3583 1285 Κοιλία
3607 1232 3727 1287 ἐστὶ

2143 1320 2238 1374 τοῦ
2266 1321 2439 1390 Λόγου
2464 1321 2514 1374 οί
2544 1322 2841 1392 χωρητικοὶ
2863 1321 2971 1374 τῶν
3005 1323 3341 1394 μυστηρίων,
3376 1324 3654 1377 τουτέστιν
3675 1325 3724 1378 ei

2143 1415 2313 1468 κοῖλοι
2354 1414 2493 1486 πρὸς
2547 1413 2815 1484 ὑποδοχήν
2840 1431 2854 1444 ο
2905 1413 3094 1480 πυξίον
3133 1417 3182 1468 ol
3224 1416 3360 1486 πρὸς
3407 1415 3726 1488 διατήρησιν

2144 1506 2458 1578 ἐπιτήδειοι.
2486 1504 2642 1559 Κατά
2677 1506 2737 1559 τὸ
2778 1506 3027 1578 λαμπρὸν
3063 1507 3156 1560 καὶ
3192 1508 3379 1575 σαφὲς,
3412 1507 3723 1576 ἐλεφάντι-

2143 1615 2254 1652 νον
2295 1594 2431 1651 εἶναι
2472 1597 2705 1667 λέγεται.
2752 1598 2817 1651 Ἦ
2865 1597 2921 1651 δὲ
2963 1598 3186 1670 τοιαύτη
3228 1599 3403 1652 κοιλία
3437 1599 3499 1652 τὸ
3535 1599 3724 1664 πυξίον

2141 1690 2203 1743 τὸ
2239 1689 2583 1759 ἐλεφάντινον
2627 1689 2954 1759 ἐπιϐέϐληκε
2993 1689 3126 1760 λίθῳ
3167 1690 3476 1761 σαπφείρῳ,
3505 1691 3563 1753 ὃς
3608 1692 3722 1743 ἐστι

462 1779 742 1848 sapphiro,
781 1777 874 1846 qui
923 1786 1004 1831 est
1039 1777 1310 1832 Christus.
1346 1775 1628 1846 Quotquot
1675 1775 1843 1846 igitur
1875 1774 2035 1829 Verbi

2145 1782 2398 1853 Χριστός.
2433 1782 2586 1835 Ὅσοι
2624 1777 2718 1835 οὖν
2743 1783 2849 1835 εἰσι
2875 1780 3051 1834 κοιλία
3079 1780 3174 1833 τοῦ
3208 1782 3406 1848 Λόγου,
3440 1775 3584 1834 οὗτοι
3615 1781 3724 1833 ἀπὸ

459 1880 648 1923 venter
675 1878 822 1931 sunt,
855 1883 884 1921 a
919 1868 1116 1921 timore
1149 1867 1361 1922 Domini
1395 1868 1448 1921 in
1478 1877 1631 1922 utero
1656 1867 1952 1936 accnpiunt,
1983 1875 2035 1922 et

2139 1873 2231 1926 τοῦ
2256 1871 2422 1941 φόϐου
2450 1872 2655 1944 Κυρίου
2681 1875 2737 1925 tv
2756 1871 2958 1944 γαστρὶ
2985 1871 3343 1942 λαμϐάνουσι,
3365 1871 3458 1924 καὶ
3480 1871 3722 1923 τίκτουσι

462 1965 676 2033 pariunt
711 1960 962 2030 spiritum
990 1961 1181 2015 salutis
1211 1959 1254 2016 ⁸.
1282 1960 1491 2015 Idcirco
1519 1961 1684 2014 etiam
1715 1969 1902 2013 venter
1933 1959 2036 2013 ho-

2139 1963 2358 2035 πνεῦμα
2402 1964 2692 2035 σωτηρίας.
2723 1963 2823 2016 Διά
2866 1963 3026 2017 τοῦτο
3068 1963 3164 2018 καὶ
3200 1965 3234 2034 ή
3278 1962 3454 2017 κοιλία
3491 1962 3592 2033 τῆς
3624 1961 3722 2014 θυ-

459 2057 578 2110 stiae
617 2055 669 2108 in
714 2053 957 2108 Levitico
991 2053 1252 2117 abluitur,
1289 2063 1346 2109 ut
1389 2053 1525 2107 nihil
1582 2053 1781 2107 habeat
1831 2061 2038 2107 sterco-

571 2149 591 2178 ε

463 2165 541 2202 Ila
598 2190 614 2201 .

536 2240 765 2295 Pulchra
825 2257 918 2304 es,
986 2239 1231 2310 proxima
1289 2255 1442 2303 mea,
1500 2248 1556 2291 ut
1621 2235 2034 2306 beneplacentia.

458 2328 677 2396 Quanto
703 2329 768 2383 ad
802 2345 1064 2400 sponsum
1092 2327 1319 2398 propius
1347 2325 1575 2385 accedit.
1610 2333 1766 2377 tanto
1797 2320 2037 2376 meliori-

461 2426 563 2478 bus
592 2423 793 2478 similis
821 2421 1154 2492 perhibetur.
1189 2418 1299 2473 Illis
1343 2417 1488 2470 enim
1531 2414 1759 2468 vocibus
1812 2411 2036 2482 pulchra

452 2524 502 2570 et
529 2516 719 2568 decora
745 2531 819 2577 es,
848 2513 1113 2582 proxima,
1145 2508 1340 2580 adjecit
1368 2526 1381 2562 :
1417 2508 1551 2562 sicut
1580 2503 1898 2558 Jerusalem.
1930 2502 2034 2558 Sed

453 2618 509 2663 et
535 2606 828 2679 perfectam
858 2604 1179 2668 Ecclesiam,
1215 2601 1510 2657 terribllem
1539 2597 1690 2663 dicit,
1715 2596 1880 2651 modo
1907 2595 2036 2667 qui-

453 2701 577 2756 dem
630 2699 958 2755 adversariis
1010 2695 1372 2767 potestatibus
1417 2706 1539 2761 quae
1567 2690 1622 2744 in
1664 2688 2034 2761 pulchritudi-

456 2809 579 2848 nem
633 2793 816 2847 vultus
869 2789 990 2859 ejus
1040 2787 1324 2843 oculorum
1377 2784 1548 2838 aciem
1608 2781 1889 2836 intendere
1940 2796 2036 2834 ne-

454 2894 698 2956 queunt;
733 2883 895 2938 modo
928 2895 1057 2935 vero
1083 2880 1248 2934 etiam
1283 2877 1352 2930 iis
1395 2890 1516 2946 quae
1559 2881 1687 2930 sunt
1727 2871 1842 2942 ipsa
1891 2870 2034 2926 infe-

456 2979 650 3042 iziores,
685 2987 738 3030 et
786 2972 1056 3030 ordinatis
1087 2972 1141 3025 in
1198 2969 1455 3022 universo
1489 2967 1592 3020 hoc
1620 2963 2035 3020 constitutioni-

456 3072 559 3124 bus
598 3068 804 3122 similes
831 3065 1126 3120 exsistunt.
1170 3060 1534 3133 Symmachus
1562 3073 1693 3112 vero
1745 3056 1932 3120 vertit,
1977 3064 2034 3108 ut

455 3161 593 3214 acies
627 3158 899 3211 ordinata.
925 3153 1102 3207 Pavor
1130 3153 1274 3206 enim
1307 3160 1438 3206 sunt
1465 3158 1524 3204 ut
1546 3149 1692 3204 acies
1721 3157 2029 3203 castrorum

453 3267 576 3322 quae
613 3250 861 3306 hostibus
895 3255 1156 3302 terrorem
1194 3243 1464 3313 iujiciuut.

1092 3335 1246 3390 CAP.
1300 3333 1390 3389 VI.

527 3433 684 3488 Vcrs.
718 3433 774 3485 4.
804 3429 1028 3484 .ObrerIe
1059 3427 1237 3482 oculos
1265 3437 1380 3481 tuos
1417 3437 1604 3481 contra
1658 3441 1756 3478 me.
1790 3420 2031 3478 Ecclesia

452 3526 658 3584 Christi
683 3525 937 3579 decorem
964 3530 1016 3576 et
1039 3519 1509 3592 pulchritudinem
1540 3516 1795 3588 inspicit:
1832 3515 2034 3586 quippe

453 3632 579 3687 qua:
605 3614 800 3684 majori
841 3612 1084 3683 profectu
1121 3613 1172 3667 id
1210 3619 1462 3666 assecuta
1493 3608 1564 3664 sit
1597 3618 1655 3662 ut
1682 3607 1804 3677 ejus
1836 3603 2034 3659 divini-

455 3717 620 3763 tatem
646 3705 948 3776 intelligere
979 3703 1174 3774 possit,
1213 3700 1515 3756 secundum
1545 3698 1690 3767 quod
1725 3694 1910 3750 omnia
1939 3708 2033 3762 per

453 3802 633 3871 ipsum
688 3798 827 3853 facta
879 3805 1028 3852 sunt.
1076 3794 1385 3850 Delectatus
1412 3799 1593 3846 autem
1637 3788 1727 3842 illa
1763 3788 1812 3839 vi
1845 3785 2033 3841 oculo-

452 3906 597 3956 rum,
629 3891 745 3945 sive
783 3887 1058 3953 Ecclesize,
1090 3886 1204 3940 sive
1239 3885 1436 3938 anima:
1471 3879 1632 3935 Verbi
1663 3893 1899 3950 sponsa),
1946 3893 2033 3930 ra-

455 3981 806 4036 tionabilibus
837 3978 1030 4048 pennis
1063 3975 1124 4030 ad
1163 3975 1395 4030 sublime
1423 3973 1571 4032 iubet
1614 3969 1836 4031 reverti,
1874 3976 1933 4021 ut
1963 3967 2030 4020 ad

450 4069 806 4142 perfectionis
855 4066 1063 4137 apicem
1114 4064 1318 4128 veniat,
1346 4065 1580 4133 ipsaque
1623 4062 1770 4115 hunc
1810 4061 2032 4115 evolan-

455 4175 561 4217 tem
593 4159 898 4230 cunspiciat
942 4173 1042 4212 nec
1074 4155 1308 4226 amplius
1341 4155 1514 4225 ipsius
1556 4168 1721 4207 causa
1751 4168 1810 4206 se
1837 4153 2032 4206 demit-

453 4264 677 4319 tentem,
695 4263 749 4308 et
786 4253 965 4307 dicere
994 4250 1166 4322 possit
1191 4267 1203 4302 :
1241 4247 1358 4300 Etsi
1383 4245 1716 4316 cognovimus
1745 4245 2030 4298 secundum

451 4361 665 4398 carnem
702 4343 994 4401 Clu-istum,
1025 4340 1115 4394 sed
1145 4355 1286 4392 nunc
1307 4337 1418 4405 iam
1451 4352 1551 4388 non
1577 4335 1813 4390 norimus
1842 4333 1883 4387 '.
1911 4331 2029 4388 Una

452 4437 618 4504 igitur
666 4444 844 4488 tecum
887 4433 1213 4501 proliciente
1258 4428 1502 4491 aseendi,
1545 4427 1648 4480 hoc
1689 4434 1941 4480 assecuta
1972 4434 2032 4480 ut

2141 2053 2260 2117 σίας
2292 2055 2349 2108 ὲν
2379 2051 2456 2124 τῷ
2499 2053 2767 2124 Λευῖτικῷ
2814 2052 3093 2119 πλύνεται,
3127 2053 3204 2117 ὡς
3242 2052 3410 2125 μηδὲν
3458 2053 3602 2124 ἔχειν
3634 2069 3724 2105 κο-

2140 2145 2374 2216 πρῶδες.

2209 2232 2378 2301 Καλὴ
2394 2229 2467 2298 εἴ,
2491 2234 2527 2302 ἠ
2551 2234 2819 2302 πλησίον
2839 2252 2982 2304 μου,
3004 2234 3084 2300 ὡς
3101 2233 3365 2288 εὐδοκία.
3387 2235 3550 2287 Ὅσον
3578 2232 3721 2304 πληοο

2141 2325 2256 2379 σίον
2292 2324 2500 2394 γίνεται
2543 2324 2637 2377 τοῦ
2681 2325 2946 2395 νυμφίου,
2988 2324 3295 2396 κρείττοσιν
3340 2322 3719 2388 ἀπεικάζεται.

2139 2411 2231 2484 Τῷ
2260 2411 2391 2484 γὰρ,
2420 2411 2598 2480 καλὴ,
2626 2413 2726 2467 καί
2750 2413 2955 2482 ὡραία,
2975 2413 3073 2467 καί
3106 2413 3396 2481 πλησίον,
3414 2413 3721 2484 προσέθηκε

2137 2501 2219 2567 τὸ,
2265 2501 2348 2568 ὡς
2403 2501 2806 2573 Ἰερουσαλήμ.
2862 2502 2973 2557 Καὶ
3023 2500 3475 2574 καταπληκτικὴν
3520 2502 3577 2556 δὲ
3624 2503 3722 2573 τὴν

2136 2594 2560 2667 τετελειωμένην
2590 2595 2753 2666 φησὶν
2804 2595 3163 2666 Ἐκκλησίαν·
3198 2594 3274 2665 πὴ
3311 2595 3410 2666 μὲν
3437 2597 3556 2659 ταῖς
3583 2596 3724 2648 ἀντι-

2137 2686 2419 2757 κειμέναις
2462 2687 2780 2759 δυνάμεσιν,
2814 2687 2876 2740 ού
2925 2685 3250 2758 δυναμέναις
3293 2687 3618 2752 ὲνατενίζειν
3645 2687 3726 2759 τῷ

2140 2777 2327 2830 κάλλει
2358 2776 2452 2831 τοῦ
2483 2779 2774 2851 προσώπου
2805 2779 3003 2850 αύτῆςο
3031 2779 3107 2850 πὴ
3131 2778 3187 2832 δὲ
3203 2780 3297 2833 καὶ
3312 2781 3432 2841 ταῖς
3462 2778 3721 2832 ὑποδεεσ-

2137 2869 2323 2939 τέραις
2383 2870 2554 2941 αὐτῆς
2609 2871 2870 2935 ὲοικυίαις
2923 2873 3042 2935 ταῖς
3107 2871 3469 2942 τεταγμέναις
3535 2872 3594 2924 ὲν
3644 2869 3723 2941 τῷ

2140 2961 2304 3015 παντὶ
2351 2962 2770 3017 καταστάσεσιν.
2819 2963 2880 3017 '0
2905 2962 2960 3016 δὲ
2988 2963 3304 3034 Σύμμαχος,
3336 2964 3416 3030 ὡς
3447 2965 3722 3034 τεταγμέ-

2137 3067 2237 3105 ναι
2265 3049 2647 3119 παρατάξεις.
2675 3051 2895 3123 Θάμϐος
2921 3051 3031 3122 γάρ
3047 3054 3184 3105 εἰσιν
3205 3052 3280 3115 ὡς
3299 3053 3554 3124 τάγματα
3581 3071 3723 3127 παρ-

2139 3141 2385 3210 εμϐολῶν
2426 3143 2554 3207 τοὺς
2581 3142 2870 3214 πολεμίους
2911 3141 3299 3214 ἐκπλήττοντα.

2781 3327 2939 3382 xeo.
2993 3329 3084 3395 qv.

2228 3419 2633 3489 Ἀπόστρεψον
2682 3421 2824 3488 τοὺς
2879 3423 3225 3492 ὀφθαλμούς
3267 3438 3384 3476 σου
3434 3421 3726 3477 ἀπέναντι

2136 3527 2279 3580 μου.
2338 3511 2401 3563 Ἦ
2463 3511 2761 3583 Ἐκκλησία
2810 3515 2876 3584 τῇ
2929 3513 3222 3585 ὼραιότητι
3270 3513 3366 3566 καὶ
3413 3513 3491 3584 τῷ
3537 3514 3724 3569 κάλλει

2141 3602 2304 3672 ἐνορᾷ
2345 3601 2440 3654 τοῦ
2472 3602 2731 3674 Χριστοῦ,
2769 3603 3042 3675 δυναμένη
3088 3607 3155 3674 τῇ
3216 3604 3420 3658 πλείονι
3471 3611 3720 3678 προκοπῇ

2142 3697 2425 3749 κατανοεῖν
2454 3694 2620 3748 αὐτοῦ
2654 3695 2750 3767 τὴν
2786 3695 3036 3767 θεότητα,
3072 3696 3206 3748 καθὸ
3241 3699 3417 3750 πάντα
3450 3697 3520 3750 δι’
3553 3699 3721 3752 αὐτοῦ

2142 3787 2379 3857 ἐγένετο.
2417 3788 2858 3858 Εύφραινόμενος
2897 3789 2953 3841 δὲ
2985 3788 3079 3842 ἐπὶ
3117 3791 3182 3860 τῇ
3214 3789 3443 3860 δυνάμει
3471 3790 3582 3844 τῶν
3625 3793 3722 3860 ὀφ-

2141 3877 2364 3950 θαλμῶν
2391 3877 2491 3948 τῆς
2522 3876 2635 3931 εττε
2676 3878 3002 3949 Ἐκκλησίας
3026 3878 3138 3932 εἴτε
3171 3878 3390 3950 νύμφης
3419 3879 3512 3932 τοῦ
3546 3881 3721 3948 Λόγου

2139 3973 2340 4043 ψυχῆς,
2387 3974 2609 4044 πτεροῖς
2657 3971 2826 4043 αὐτὴν
2874 3971 3112 4041 λογικοῖς
3164 3971 3583 4042 ἀποστραφῆναι
3632 3990 3722 4025 κε..

2139 4064 2286 4117 λεύει
2315 4064 2451 4135 πρὸς
2491 4063 2550 4116 τὸ
2586 4063 2883 4135 μετέωρον,
2912 4064 2987 4128 ὼς
3017 4063 3082 4118 ἂν
3109 4065 3198 4118 ἐπ’
3239 4064 3408 4136 ἄκρον
3442 4064 3588 4117 ἔλθοι
3620 4064 3722 4134 τῆς

2140 4156 2475 4226 τελειότητος
2497 4171 2510 4184 ·
2546 4155 2622 4219 ὡς
2665 4156 2731 4209 ἃν
2774 4157 3002 4228 κάκείνη
3045 4156 3220 4229 βλέπῃ
3255 4158 3443 4211 τοῦτον
3479 4159 3723 4230 ἐπτερω-

2144 4249 2327 4320 μένον,
2366 4248 2460 4300 καὶ
2503 4247 2699 4318 μηκέτι
2742 4248 3244 4318 συγκαταϐαίνοντα
3289 4248 3355 4301 δι’
3392 4247 3582 4320 αὐτὴν,
3628 4247 3723 4301 καὶ

2140 4340 2364 4412 δύνηται
2407 4339 2622 4408 λέγειν’
2671 4342 2743 4394 El
2794 4341 2895 4396 καί
2935 4339 3278 4410 ἐγνώκαμεν
3326 4341 3476 4395 κατὰ
3525 4339 3722 4407 σάρκα

2140 4430 2420 4501 Χριστὸν,
2468 4430 2630 4486 ἀλλὰ
2679 4430 2798 4485 νῦν
2839 4431 3037 4485 οὐκέτι
3078 4430 3467 4502 γινώσκομεν.
3520 4434 3597 4504 Τῇ
3652 4435 3720 4503 σῇ

453 4524 633 4594 possis
665 4523 932 4592 aspicere,
967 4530 1022 4576 et
1049 4535 1156 4575 non
1187 4520 1424 4588 amplius
1469 4531 1532 4572 ea
1565 4531 1702 4587 quae
1741 4515 2029 4586 dispensa-

2140 4523 2317 4578 τοίνυν
2362 4522 2660 4592 συνανέϐην
2702 4524 2976 4594 προκοπῇ,
3030 4523 3184 4594 φησὶ,
3242 4523 3573 4596 χωρησάσης
3623 4525 3718 4577 τοῦ

456 4613 625 4667 tionis
657 4620 786 4667 sunt
811 4611 863 4664 in
897 4627 1060 4665 carne
1095 4623 1361 4678 quaerere.

525 4703 970 4774 Capillameutum
1021 4712 1168 4754 tuum
1215 4710 1272 4754 ut
1325 4715 1503 4771 greges
1549 4714 1855 4769 caprarum.
1907 4697 2032 4754 Haec

454 4794 654 4847 iterum
711 4805 929 4862 sponsae
977 4791 1122 4844 dicta
1172 4799 1321 4855 sunt,
1369 4789 1544 4860 prius,
1597 4790 1856 4855 arbitror,
1905 4805 2031 4844 eum

454 4893 726 4954 quatenus
747 4883 922 4947 licuit,
956 4882 1230 4952 apparuit,
1256 4881 1386 4936 dum
1427 4881 1480 4934 in
1506 4883 1608 4936 hac
1642 4882 1751 4935 vita
1786 4897 2032 4937 versare-

453 4987 564 5043 tur,
595 4976 836 5030 secundo
860 4983 1038 5029 autem
1074 4975 1164 5029 ubi
1189 4973 1306 5044 jam
1342 4972 1408 5027 ad
1441 4973 1830 5043 perfectionem
1865 4989 2033 5028 vene-

452 5080 557 5124 rat.
593 5068 936 5137 Quapropter
966 5069 1128 5121 etiam
1178 5081 1325 5121 nunc
1375 5066 1752 5120 tantummodo
1794 5065 2036 5120 insinua-

453 5163 529 5215 vit
553 5180 567 5215 :
594 5159 785 5214 Dentes
804 5160 888 5212 lui
911 5159 1042 5212 sicut
1073 5174 1248 5228 greges
1277 5168 1567 5212 tonsuram.
1585 5156 1750 5213 Juxta
1777 5159 2032 5229 Aquilam

451 5268 635 5309 autem
691 5260 746 5308 et
807 5250 1247 5322 Symmachum:
1299 5249 1491 5304 Dentes
1541 5251 1618 5304 tui
1674 5251 1809 5304 sicut
1855 5267 2033 5321 greges

453 5345 650 5408 ovium,
685 5341 766 5397 vcl
813 5357 1094 5412 aquarum.
1140 5338 1483 5410 Dccebatque
1514 5341 1630 5396 haec
1670 5340 1778 5396 dici
1813 5342 1881 5396 de
1904 5357 2034 5410 per-

453 5433 707 5497 fectione.
747 5441 806 5486 ut
840 5433 911 5487 sit
945 5431 1096 5496 illud,
1134 5449 1164 5485 a
1195 5431 1407 5484 lavacro
1440 5447 1546 5486 non
1576 5432 1785 5501 priore,
1823 5434 1916 5488 sed
1948 5447 2034 5487 se-

455 5524 655 5578 cundo.
686 5521 1020 5578 Gemmantes
1065 5539 1193 5577 vero
1238 5539 1299 5578 ea
1349 5523 1577 5577 forsitan
1621 5525 1851 5589 ratione,
1885 5525 2031 5594 quod

456 5623 570 5668 tum
597 5630 784 5670 earum
830 5632 1012 5670 rerum
1047 5616 1208 5686 100
1255 5631 1375 5686 qua:
1410 5624 1591 5669 mente
1629 5614 2030 5684 intelliguntur,

529 5795 551 5828 ⁸
586 5794 685 5852 Isa.
723 5815 867 5870 xxvi,
904 5802 988 5856 l8.
1075 5803 1094 5832 ‘
1127 5802 1302 5858 Levit.
1331 5805 1562 5873 VIII,2I.

1642 5807 1660 5835 ⁷
1690 5805 1736 5860 ιι
1767 5805 1894 5862 Cor.
1925 5822 1977 5878 v,
2015 5808 2095 5863 l6.

2139 4613 2330 4687 ὲνορᾷν
2356 4611 2454 4667 καί
2483 4611 2679 4684 μηκέτι
2710 4611 3021 4683 περαιτέρω
3042 4612 3142 4682 τῆς
3171 4613 3483 4684 οἰκονομίας
3516 4613 3716 4685 ζητεῖν.

2211 4703 2478 4774 Τρίχωμά
2505 4719 2622 4758 σου
2644 4702 2725 4768 ὡς
2748 4701 2957 4772 ἀγέλαι
2979 4701 3096 4756 τῶν
3115 4705 3318 4772 αἰγῶν.
3350 4705 3578 4778 Εἴρηται
3602 4704 3722 4757 δεύ-

2134 4814 2293 4868 τερον
2339 4794 2513 4850 ταῦτα
2557 4796 2624 4865 τῇ
2668 4791 2892 4868 νύμφῃ·
2935 4793 3218 4867 πρότερον,
3248 4793 3423 4867 οἶμαι,
3465 4799 3531 4868 τῇ
3582 4797 3719 4867 αὐτῇ

2135 4887 2366 4962 φανείσῃ
2387 4886 2528 4939 κατὰ
2555 4885 2616 4938 τὸ
2640 4885 3008 4957 ἐνδεχόμενον,
3043 4888 3204 4958 ἡνίκα
3230 4889 3288 4940 ὲν
3321 4887 3399 4959 τῷ
3421 4889 3522 4960 βίῳ
3549 4887 3722 4959 τούτῳ

2134 4979 2401 5049 ἐτύγχανε
2420 4995 2434 5007 ·
2459 4976 2734 5048 δεύτερον,
2769 4977 2931 5030 ὁπότε
2950 4972 3117 5048 ἦλθεν
3140 4979 3234 5032 ἐπὶ
3261 4978 3359 5051 τὴν
3386 4979 3716 5052 τελειότητα.

2132 5071 2224 5124 Διὸ
2261 5071 2360 5124 καὶ
2405 5067 2500 5122 νῦν
2555 5068 2715 5139 μόνον
2769 5065 3104 5141 παρῃνίξατο
3129 5083 3144 5099 ⁸
3191 5067 3434 5134 ὀδόντες
3474 5085 3590 5123 σου
3641 5069 3720 5134 ὡς

2131 5161 2339 5232 ἀγέλαι
2368 5159 2488 5214 τῶν
2526 5158 2922 5229 κεκαρμένων·
2957 5159 3100 5214 κατὰ
3135 5158 3192 5212 δὲ
3232 5159 3325 5213 τὸν
3367 5159 3595 5214 Ἀκύλαν
3628 5163 3721 5213 καὶ

2130 5253 2461 5323 Σύμμαχον·
2509 5251 2783 5317 ὀδόντες
2823 5267 2942 5304 σου
2981 5249 3062 5316 ὡς
3089 5249 3301 5320 ἀγέλαι
3343 5251 3460 5304 τῶν
3501 5251 3719 5320 προϐά-

2131 5345 2308 5415 τωνῆ
2345 5343 2462 5397 τῶν
2505 5342 2808 5413 ἁμνὰδων.
2839 5343 2950 5395 Καὶ
2989 5341 3228 5414 ἔπρεπεν
3259 5343 3511 5415 εἰρῆσθαι
3550 5343 3721 5398 ταῦτα

2142 5436 2234 5490 ἐπὶ
2263 5437 2360 5507 τῆς
2391 5435 2747 5506 τελειότητος,
2780 5433 2856 5498 ὡς
2884 5429 3022 5488 εἶναι
3051 5434 3132 5500 τὸ,
3162 5435 3282 5490 ἀπὸ
3306 5435 3413 5490 τοῦ
3437 5435 3719 5504 λουτροῦ,

2140 5529 2320 5582 οὐκέτι
2359 5528 2648 5600 προτέρου,
2685 5526 2821 5580 ἀλλὰ
2845 5525 2943 5580 τοῦ
2981 5526 3258 5598 δευτέρου.
3288 5527 3720 5597 Διδυμεύουσαι

2138 5619 2193 5672 δὲ
2226 5620 2364 5691 τάχα
2394 5620 2469 5685 ὡς
2496 5619 2828 5692 τρεφόμεναι
2857 5620 2924 5690 τῇ
2969 5617 3080 5672 τῶν
3117 5617 3322 5690 νοητῶν
3364 5618 3458 5674 καὶ
3496 5618 3602 5674 τῶν
3636 5620 3722 5673 αί-
