4130 6450
421 358 528 415 209

1614 353 1750 411 EXC
1759 352 1985 410 ERP'I‘A
2023 349 2482 408 PROCOPIANA.

3564 354 3669 412 210

425 477 638 546 σθητῶν
669 475 890 547 θεωρίᾳ,
924 475 1017 529 καὶ
1048 473 1125 539 ὡς
1169 472 1303 546 μηδὲ
1336 470 1466 545 μίαν
1494 472 1686 542 ἄγονον
1715 472 1817 543 τῆς
1865 471 1979 542 περῖ

2097 477 2212 524 tum
2246 484 2436 525 earum
2473 484 2594 539 qua:
2642 483 2807 524 sensu
2856 477 3174 537 noscuntur,
3206 471 3668 540 conuemplationo

424 567 731 623 οὑτινοσοῦν
767 565 929 637 λόγου
958 566 1186 639 τροφῆς.

493 750 597 806 Καὶ
622 748 911 815 νεάνιδες,
932 741 1022 803 ὧν
1042 750 1153 803 οὐκ
1181 745 1354 802 ἔστιν
1371 746 1635 815 ἀριθμός.
1660 745 1725 799 Al
1753 744 1994 809 νεάνιδες

423 840 655 915 ἀριθμὸν
685 841 785 894 οὐκ
822 839 1056 911 ἔχουσιν,
1088 841 1148 893 οὐ
1184 838 1263 910 τῷ
1295 837 1370 910 μὴ
1399 836 1726 892 ύποπίπτειν
1750 837 1992 909 ἀριθμῷ,

422 933 558 989 ἀλλά
583 934 660 1005 τῷ
677 934 753 1005 μὴ
773 933 929 1001 ἀξίας
956 933 1125 997 αύτάς
1150 929 1288 987 εἶναι
1312 930 1698 1004 ἀριθμηθῆναι.
1719 931 1829 985 Καὶ
1853 933 1993 1001 τάχα

422 1030 518 1099 τῆς
548 1028 715 1099 αὐτῆς
740 1025 979 1090 διανοίας
1005 1024 1187 1096 ἔχεται
1215 1026 1282 1095 τῇ
1310 1023 1542 1078 ἐνταῦθα
1568 1023 1796 1096 διαφορᾷ
1818 1024 1993 1077 νεανί-

415 1117 522 1173 δων
567 1116 676 1171 τῶν
705 1114 1148 1186 κοινωνουμένων
1188 1111 1295 1166 ὑπὸ
1326 1110 1561 1184 Χριστοῦ
1596 1112 1691 1166 καὶ
1725 1110 1789 1165 τά
1843 1110 1993 1183 παρά

416 1208 494 1280 τῷ
535 1207 841 1278 ’Λπυστόλῳ
878 1206 1147 1277 λεγόμενα
1190 1203 1342 1275 (περὶ
1386 1203 1736 1265 ἀναστάσεως
1779 1201 1990 1271 νεκρῶν

417 1298 606 1369 λέγω,)
637 1297 893 1370 τάγματα
925 1296 1186 1367 φάσκοντι
1205 1312 1220 1326 ’
1265 1294 1504 1363 Ἐπειδὴ
1530 1293 1643 1364 γὰρ
1669 1293 1744 1347 δι’
1766 1289 1989 1360 ἀνθρώ-

418 1409 533 1447 που
558 1393 837 1461 θάνατος,
865 1390 1044 1447 παιδί
1058 1388 1371 1459 ἀνθρώπου
1386 1388 1725 1453 ἀνάστασις
1739 1384 1988 1454 νεκρῶν.

419 1485 652 1553 Ὠσπερ
685 1483 797 1553 γὰρ
819 1482 890 1537 ὲν
921 1480 1000 1547 τῷ
1033 1479 1205 1550 Ἀδὰμ
1226 1479 1448 1544 πάντες
1468 1475 1989 1543 ἀποθνήσκουσιν,

412 1575 604 1639 οὕτως
621 1571 719 1627 καὶ
740 1572 810 1626 ἐν
831 1568 913 1637 τῷ
934 1568 1166 1639 Χριστῷ
1184 1567 1407 1633 πάντες
1426 1564 1986 1632 ζωοποιηθήσονταιο

412 1666 671 1731 ἕκαστος
696 1663 768 1718 ἐν
792 1662 873 1729 τῷ
911 1662 1037 1729 ἰδίῳ
1070 1660 1341 1730 τάγματι.
1384 1659 1445 1711 '0
1469 1658 1579 1729 γὰρ
1609 1658 1842 1712 ἑκάστου
1879 1656 1992 1728 βίος

413 1757 509 1812 καὶ
539 1756 696 1826 λόγος
728 1757 822 1811 καὶ
848 1754 1087 1817 διάθεσις
1136 1752 1349 1821 ποιήσει
1376 1748 1738 1822 προκριθῆναι
1763 1750 1992 1804 ἕκαστον

414 1846 537 1901 κατ’
551 1846 709 1912 ἀξίαν
735 1844 794 1898 ἐν
814 1860 922 1897 τινι
948 1842 1056 1897 τῶν
1078 1840 1355 1918 νεανίδῳν.

486 2025 582 2096 Μὴ
609 2022 864 2095 θαύμαζε
901 2025 949 2078 εί
981 2024 1010 2076 6
1035 2024 1267 2095 νυμφίος
1294 2018 1361 2095 ἦν
1387 2023 1525 2094 ἔχων
1552 2023 1721 2094 καλὴν
1752 2023 1987 2094 νύμφην,

422 2115 518 2169 καὶ
560 2114 703 2186 τάχα
749 2114 1010 2187 δευτέραν
1054 2115 1149 2170 καὶ
1187 2115 1377 2186 τρίτην
1419 2116 1513 2170 καὶ
1556 2114 1825 2178 πλείονας.
1867 2116 1991 2168 Ἐὰν

418 2208 620 2281 νοήσῃς
643 2206 808 2262 αὐτοῦ
852 2208 944 2262 καὶ
984 2207 1083 2273 τὰς
1116 2206 1350 2278 νύμφας,
1379 2208 1439 2260 οὐ
1488 2205 1774 2281 φοὸηθησῃ
1812 2207 1990 2276 λέγειν

415 2300 524 2354 ἀπὸ
550 2298 644 2353 τοῦ
669 2302 976 2371 ’ᾼσματοςο
1007 2298 1330 2377 Ὲξῄκοντιὶ
1351 2301 1474 2354 εἱσι
1490 2300 1860 2365 βασίλισσαι
1887 2300 1987 2353 καί

414 2390 780 2462 ὀγδοήκοντα
796 2391 1104 2447 παλλακαὶ
1121 2390 1414 2458 νεάνιδες,
1427 2384 1516 2446 ὧν
1524 2395 1635 2448 οὐκ
1651 2392 1822 2447 ἐστιν
1838 2393 1989 2461 ἀριθ-

326 2534 333 2541 .
406 2485 542 2553 μός.
577 2485 697 2541 Μία
725 2485 791 2543 δέ
837 2485 970 2540 ἐστι
1010 2485 1331 2556 περιστερὰ
1361 2503 1502 2555 μου.
1551 2486 1723 2554 Λόγος
1763 2487 1910 2540 ἐστὶν
1958 2488 1989 2540 6

409 2575 640 2645 νυμφίος
660 2592 674 2606 ·
702 2575 919 2645 λογικὸν
940 2577 1076 2642 ζῶον
1097 2579 1133 2648 ἡ
1159 2577 1368 2647 νύμφη,
1394 2578 1489 2631 ἐὰν
1508 2578 1679 2649 νοήσῃ
1701 2577 1871 2649 ψυχὴ,
1893 2579 1987 2631 καὶ

410 2662 550 2736 λάϐῃ
576 2665 608 2717 6
640 2665 873 2736 νυμφίος
900 2665 997 2737 τὴν
1024 2666 1263 2737 νύμφην.
1310 2666 1448 2720 Ἀλλ’
1482 2668 1603 2721 ἐπεί
1642 2669 1790 2721 ἐστιν
1816 2670 1845 2721 6
1881 2667 1986 2721 A6-

410 2774 503 2825 γος
535 2750 691 2822 οὗτος
718 2760 779 2812 οὐ
827 2761 928 2831 μιᾷ
961 2759 1106 2831 ψυχῇ
1151 2759 1447 2824 κοινωνῶν,
1486 2760 1621 2814 ἀλλά
1653 2760 1862 2814 πλείοσι
1892 2761 1986 2814 καὶ⁵

408 2848 685 2922 διαφόροις
707 2853 843 2923 τιμῇ
878 2868 959 2915 τις
987 2851 1241 2923 βασιλικῇ
1264 2852 1359 2906 καὶ
1391 2850 1741 2924 διαφερούσῃ,
1769 2851 1984 2920 λέγεται

407 2940 608 2995 τελεία
635 2939 972 3010 περιστερά.
997 2942 1131 3006 Ταῖς
1154 2942 1212 2996 δὲ
1244 2942 1544 3013 βασιλικαῖς
1580 2943 1697 3014 μὲν,
1727 2942 1984 2996 ὑποδεεσ-

407 3030 594 3102 τέραις
645 3031 725 3099 δὲ,
754 3030 844 3087 διὰ
881 3033 1039 3088 τοῦτο
1079 3033 1343 3105 ἐξήκοντα
1389 3033 1727 3105 βασίλισσαιο
1768 3036 1981 3108 ἑτέραις

2098 570 2426 632 pascantur,
2474 572 2528 617 et
2580 564 2722 631 quod
2767 564 2911 617 nulla
2953 566 3025 619 sit
3061 581 3183 634 qua:
3226 567 3293 620 de
3335 582 3665 637 t‘luocunque

2098 670 2348 711 sermone
2375 656 2559 710 cibum
2592 674 2701 710 non
2731 656 2888 712 ferat.

2169 745 2323 801 Vers.
2359 747 2409 801 7.
2438 748 2507 801 Et
2545 749 2969 817 adolescentulus,
2996 766 3217 821 quarum
3250 767 3349 803 non
3376 762 3450 805 est
3476 766 3662 804 nume-

2096 854 2206 892 rus.
2226 839 2659 895 Adolescentnhe
2685 857 2972 896 numerum
3001 858 3107 896 non
3140 841 3358 906 habent,
3381 858 3487 896 non
3516 842 3666 910 quod

2094 932 2198 986 sub
2231 946 2460 986 numero
2490 949 2595 986 non
2626 934 2845 998 cadant,
2875 934 2968 988 sed
3003 933 3146 1003 quod
3181 949 3289 988 non
3325 935 3458 989 satis
3485 933 3662 1002 digna:

2094 1027 2202 1083 sint
2252 1043 2486 1099 quarum
2542 1044 2802 1085 numerus
2848 1028 3079 1084 ineatur.
3118 1029 3180 1083 Et
3226 1028 3367 1083 forte
3408 1027 3657 1082 eumdem

2091 1135 2254 1190 quem
2304 1120 2831 1176 adolescentularum
2878 1136 3000 1191 qua:
3033 1136 3063 1174 a
3092 1121 3312 1176 Christo
3356 1120 3661 1175 communi-

2092 1222 2306 1275 cantur,
2334 1211 2650 1277 discrimen,
2681 1226 2905 1267 sensum
2942 1210 3143 1265 habent
3172 1212 3335 1266 etiam
3365 1210 3440 1265 illi
3473 1210 3565 1279 qui
3590 1210 3660 1264 ab

2092 1299 2350 1368 Apostolo
2399 1309 2900 1357 commemorantur
2955 1299 3371 1355 resurrectionis
3416 1307 3662 1352 mos-tuo-

2092 1404 2211 1442 rum
2244 1388 2484 1454 ordines,
2522 1388 2606 1443 his
2641 1389 2820 1444 verhis
2849 1407 2863 1444 :
2889 1388 3155 1454 Quoniam
3182 1389 3395 1459 quidem
3422 1404 3514 1457 per
3564 1388 3663 1440 ho-

2092 1480 2284 1533 minem
2307 1495 2469 1543 mors,
2503 1489 2552 1535 et
2573 1496 2664 1549 per
2688 1480 2948 1533 hominem
2975 1479 3282 1534 resurrectio
3307 1487 3655 1531 mortuorum.

2093 1572 2241 1626 Sicut
2292 1572 2431 1626 enim
2484 1573 2540 1626 in
2592 1573 2762 1627 Adam
2812 1586 2987 1627 omnes
3033 1575 3350 1638 moriuntur,
3381 1574 3459 1626 ita
3512 1582 3561 1626 et
3602 1572 3658 1623 in

2093 1662 2304 1720 Christo
2341 1680 2518 1718 omnes
2558 1665 2982 1734 viviﬁcabuntur.
3037 1664 3400 1737 Unusquisque
3454 1665 3509 1718 in
3562 1679 3659 1717 suo

2093 1754 2278 1809 ordine
2296 1754 2344 1824 ,⁸.
2386 1752 2829 1823 Uniuscujusque
2859 1756 3003 1810 enim
3038 1755 3148 1810 vita
3169 1763 3223 1810 et
3251 1769 3433 1811 sermo
3457 1754 3658 1809 animi-

2095 1861 2202 1916 que
2230 1844 2446 1901 all‘ectio
2474 1845 2578 1900 hoc
2602 1845 2959 1915 praestabunt,
2983 1856 3043 1899 ut
3062 1845 3292 1915 quisque
3320 1860 3419 1914 pro
3447 1843 3660 1898 meritis

2094 1938 2148 1993 in
2176 1937 2414 2007 quadam
2441 1936 2860 2008 juvencularum
2897 1934 3071 1991 classe
3105 1932 3445 2004 prml'eratur.

2164 2031 2284 2086 Noli
2338 2030 2521 2085 mirari
2570 2028 2715 2099 quod
2769 2042 3005 2099 sponsus
3068 2024 3348 2095 pulchram
3401 2035 3658 2091 sponsam

2091 2125 2311 2186 haheat,
2344 2138 2409 2177 ac
2448 2120 2678 2177 forsitan
2726 2119 2973 2182 alteram,
3009 2117 3332 2186 tertiamque
3377 2124 3432 2169 ct
3479 2113 3662 2183 plures

2091 2212 2248 2267 alias.
2284 2210 2341 2266 Si
2378 2210 2541 2265 etiam
2568 2209 2711 2265 illius
2740 2222 2976 2280 sponsas
3002 2203 3346 2277 cogitaveris,
3378 2218 3484 2257 non
3513 2218 3661 2257 vere-

2089 2303 2236 2359 beris
2266 2319 2332 2357 ex
2369 2301 2594 2357 Cantico
2637 2301 2819 2357 dicere
2850 2318 2864 2355 :
2894 2298 3186 2370 Sexaginta
3221 2305 3343 2351 sunt
3366 2296 3581 2365 regiam,
3607 2303 3661 2347 et

2088 2395 2353 2465 octoginta
2384 2394 2702 2460 concubina,
2733 2402 2783 2447 ct
2822 2389 3247 2455 adolescentulo,
3281 2404 3503 2459 quarum
3553 2402 3656 2439 non

2087 2495 2164 2541 est
2206 2502 2474 2540 numerus.
2512 2483 2628 2539 Una
2653 2493 2729 2538 est
2759 2482 3001 2537 columba
3034 2497 3169 2535 mea.
3207 2479 3442 2533 Verbum
3485 2492 3648 2547 spon-

2086 2594 2183 2634 sus
2209 2586 2318 2643 est,
2366 2566 2688 2632 rationabile
2719 2574 2921 2629 animal
2965 2588 3189 2644 sponsa,
3240 2572 3286 2627 si
3334 2569 3661 2625 intellexerit

2090 2670 2295 2737 anima,
2319 2676 2374 2724 et
2401 2684 2639 2740 sponsus
2675 2667 2945 2736 acceperit
2969 2679 3249 2736 sponsam.
3282 2662 3440 2728 Quod
3473 2670 3661 2715 tamen

2089 2760 2325 2817 Verbum
2372 2760 2514 2815 istud
2544 2775 2652 2814 non
2701 2758 2793 2813 uni
2824 2758 3039 2821 animae,
3076 2756 3169 2812 sed
3199 2754 3447 2826 pluribus
3485 2762 3541 2807 et
3572 2753 3659 2805 di-

2084 2854 2260 2910 versis
2306 2851 2691 2915 communicet,
2728 2866 2836 2905 una
2881 2849 3129 2920 quasdam
3162 2848 3368 2902 honore
3413 2846 3562 2914 regio
3602 2854 3658 2898 et

2083 2942 2410 3016 przecellenti
2471 2942 2701 3012 perfecta
2752 2939 2994 2995 columba
3046 2946 3415 3008 nuncupatur.
3470 2934 3654 3007 Regiis

2083 3051 2235 3103 vero,
2264 3034 2615 3091 inferioribus
2642 3042 2845 3096 tamen,
2872 3047 2995 3102 qua:
3030 3030 3234 3086 idcirco
3262 3030 3541 3100 sexaginta
3571 3045 3654 3082 re-

406 3122 478 3208 at,
504 3122 704 3195 ψυχαῖς
753 3128 1000 3179 κοινωνεῖ
1043 3126 1590 3198 παιδαγωγουμέναις
1637 3128 1789 3200 φόϐῳ
1821 3129 1977 3184 Θεοῦ.

2084 3129 2225 3201 gina:
2266 3135 2414 3192 sunt,
2445 3126 2676 3197 aliisque
2704 3126 2993 3182 animabus
3036 3125 3407 3180 communicat
3429 3139 3551 3194 qua:
3585 3124 3653 3177 li-

408 3205 575 3265 Λῦταί
604 3213 743 3267 εἰσιν
775 3214 832 3268 al
866 3214 1210 3280 παλλακίδες.
1242 3216 1362 3269 Εἰσί
1390 3234 1535 3282 τινες
1565 3217 1659 3271 καὶ
1688 3218 1843 3273 ἄλλαι
1879 3219 1981 3291 ψυ-

409 3304 501 3373 χαὶ
521 3304 908 3378 ὑποδεέστεραι
933 3307 1154 3363 ἔλαττον
1183 3307 1349 3377 φόϐον
1380 3308 1601 3380 ἔχουσαι
1622 3326 1639 3343 ο
1662 3305 1824 3367 αὗταί
1843 3314 1981 3368 εἰσιν

407 3397 463 3449 αἱ
505 3396 765 3463 νεάνιδες,
796 3392 872 3453 ὧν
903 3399 1005 3454 οὐκ
1036 3398 1184 3453 ἐστιν
1217 3399 1471 3471 ἀριθμός.
1519 3403 1578 3457 ’0
1618 3403 1848 3474 νυμφίος
1870 3404 1980 3458 τοί-

405 3506 522 3553 νυν,
549 3490 628 3561 τῷ
661 3492 755 3547 καὶ
790 3492 977 3547 ἐνθάδε
1010 3493 1180 3557 καλὰς
1221 3495 1317 3548 καὶ⁸
1342 3493 1645 3566 δυναμένας
1671 3496 1819 3568 αὐτῷ
1842 3492 1980 3551 εἶναι

406 3578 500 3630 καὶ
532 3580 841 3647 κοινωνοὺς,
885 3581 1107 3654 ἐξῆλθεν
1129 3581 1238 3638 ἀπὺ
1279 3582 1371 3638 τοῦ
1411 3585 1617 3639 παστοῦ
1654 3586 1978 3659 ἐπουρανίου

406 3670 677 3724 κοινωνῶν
734 3672 985 3742 ἀγγέλοις
1040 3674 1136 3729 καὶ
1189 3675 1576 3749 ἀρχαγγέλοιςο
1619 3678 1822 3743 αἵτινές
1871 3681 1977 3734 εισι

404 3761 614 3835 νύμφαι
643 3763 739 3819 τοῦ
768 3765 973 3838 Λόγουο
1010 3768 1103 3823 καὶ
1127 3766 1307 3841 θρόνοι
1333 3769 1431 3825 καὶ
1453 3769 1791 3842 κυριότητες.

472 3948 577 4013 Εις
595 3945 795 4016 κῆπον
818 3951 1044 4019 καρύας
1064 3952 1341 4023 κατέϐην.
1365 3954 1524 4008 Κατά
1547 3972 1599 4008 τι
1629 3956 1978 4027 παράδειγμα

401 4039 450 4091 oi
477 4037 674 4094 δίκαιοι
700 4040 901 4111 καρύαι
923 4042 1052 4106 εἰσὶ,
1079 4043 1336 4116 φέροντες
1360 4044 1573 4117 καρπὸν
1600 4046 1689 4101 διὰ
1720 4047 1820 4120 τὴν
1842 4049 1976 4121 πρὸς

398 4127 534 4185 Θεὸν
576 4131 873 4204 θεραπείαν
918 4134 1210 4204 ίερατικδν,
1245 4134 1334 4191 διά
1376 4136 1437 4191 τὸ
1477 4138 1639 4211 ἕρκος
1673 4139 1818 4211 ἔχειν
1846 4142 1975 4215 περὶ

401 4222 570 4277 αὑτά’
618 4223 648 4277 δ
695 4224 879 4297 μέντοι
911 4226 1106 4299 πικρὸν
1152 4228 1248 4283 καὶ
1277 4228 1540 4300 χολῶδες,
1584 4230 1776 4304 ἕτερον
1811 4233 1869 4287 δέ
1911 4252 1974 4290 τε

401 4313 653 4387 σκληρόν.
688 4317 778 4371 Ἐν
796 4319 911 4383 τοῖς
931 4318 989 4373 δὲ
1011 4319 1320 4392 περιέχεται
1343 4322 1372 4375 6
1391 4320 1485 4375 τοῦ
1507 4323 1718 4377 δικαίου
1740 4326 1972 4396 καρπὸς,

397 4404 485 4459 διά
523 4406 586 4461 τὺ
632 4409 831 4480 πικρὸν
872 4410 969 4465 καὶ
998 4410 1233 4484 σκληρὸν
1275 4412 1386 4467 τῶν
1426 4416 1769 4487 πειρασμῶν.
1812 4419 1974 4475 Ἀλλά

400 4496 493 4549 καὶ
525 4498 860 4570 χειμάρρους
904 4501 935 4555 6
975 4503 1279 4575 πειρασμδς
1316 4504 1526 4575 λέγοιτο
1558 4507 1699 4563 κατὰ
1726 4508 1808 4574 τὸ,
1838 4512 1969 4565 Χει-

392 4585 663 4657 ιιάῤῥουν
685 4589 934 4661 διῆλθεν
963 4594 1002 4663 ή
1035 4595 1206 4665 ψυχὴ
1234 4596 1420 4665 ἡμῶν.
1459 4599 1761 4673 Ἦόουλήθη
1791 4602 1971 4659 τοίνυν

398 4677 431 4746 ἡ
461 4677 669 4751 νύμφη,
705 4680 989 4737 καταϐᾶσα
1020 4685 1100 4747 είς
1129 4684 1221 4739 τὸν
1252 4686 1429 4757 κῆπον
1451 4688 1554 4758 τῆς
1586 4690 1816 4762 καρύας,
1844 4710 1968 4746 του-

397 4765 577 4822 τέστιν
605 4769 914 4823 ἐκπεσοῦσα
931 4772 1024 4826 τοῦ
1053 4774 1382 4845 παραδείσου
1405 4777 1541 4849 πρὸς
1554 4778 1651 4851 τὴν
1672 4781 1969 4853 ἐπίμοχθον

395 4856 598 4929 ταύτην
629 4858 795 4931 ζωὴν,
828 4860 957 4915 ίδεῖν
1000 4864 1300 4936 παράδοξόν
1341 4884 1394 4922 τι
1429 4869 1678 4941 γέννημα
1722 4871 1816 4926 τοῦ
1859 4891 1969 4945 χει-

400 4948 575 5018 μῶνος
602 4950 815 5022 ῥέοντος
835 4951 1037 5028 λαϐροῦ
1066 4957 1332 5029 ποταμοῦ.
1362 4960 1431 5012 Ἦ
1461 4961 1603 5016 κατά
1636 4963 1963 5037 Σύμμαχονο

394 5040 621 5108 Ιίατέϐη
655 5045 1015 5114 καταμαθεῖν
1039 5049 1091 5102 εί
1121 5048 1159 5117 ἡ
1184 5047 1421 5121 φάραγξ
1442 5052 1549 5108 τοῦ
1565 5054 1711 5119 ,βίου
1735 5055 1969 5126 ὀπώρας

394 5129 540 5199 ἔχει,
590 5132 754 5188 ἀλλὰ
805 5135 905 5189 καὶ
959 5135 1110 5192 ἰδεῖν
1165 5140 1218 5193 el
1268 5139 1538 5210 ἤνθησεν
1586 5145 1625 5213 ή
1676 5144 1964 5216 ἄμπελος,

292 5288 295 5289 ν
394 5223 731 5293 διαφυγοῦσα
768 5226 863 5281 τὸν
899 5230 1161 5301 χειμῶνα,
1193 5232 1288 5287 καὶ
1338 5232 1399 5287 τδ
1439 5233 1538 5307 ἔαρ
1574 5237 1827 5306 φθάσασα
1874 5239 1967 5293 τὸν

401 5312 588 5386 καιρὸν
631 5316 727 5371 τοῦ
760 5319 951 5389 Πάσχα
1002 5321 1098 5375 καὶ
1148 5322 1246 5392 τῆς
1290 5322 1398 5376 τῶν
1449 5323 1700 5397 Ἀζύμων
1749 5328 1963 5400 ἑορτῆς.

404 5402 535 5459 Τότε
565 5404 676 5479 γὰρ
704 5407 849 5478 φιλεῖ
867 5409 1049 5463 ἀνθεῖν
1077 5412 1135 5463 ἐν
1154 5414 1220 5483 τῇ
1258 5412 1486 5487 Ἰουδαίᾳ
1516 5417 1550 5488 ἡ
1573 5416 1844 5487 ἄμπελος·
1873 5420 1966 5473 καὶ

400 5497 451 5550 εί
481 5496 761 5575 ἤνθησαν
792 5503 853 5554 al
883 5502 1044 5570 ῥοαὶ,
1086 5497 1161 5558 ὧν
1197 5505 1225 5556 ὀ
1263 5506 1474 5577 καρπὸς
1502 5507 1668 5573 πολὺς
1697 5509 1791 5564 καὶ
1820 5511 1972 5580 τάξει

403 5590 861 5663 περιειλημμένος
890 5595 996 5649 ὑπὸ
1027 5595 1121 5671 τοῦ
1159 5596 1375 5662 λέπους,
1405 5591 1449 5667 ᾧ
1480 5599 1757 5672 ὡμοίωται
1786 5602 1844 5657 τὸ
1866 5604 1967 5676 μῆ-

466 5764 531 5822 ‘l
568 5766 695 5823 Cor.
734 5782 827 5835 xv,
855 5766 945 5822 2i.
1022 5770 1042 5802 ’
1072 5768 1215 5827 Psal.
1251 5787 1446 5843 cxxtn,
1472 5773 1523 5830 5.

2084 3236 2237 3278 more
2277 3219 2371 3276 Dei
2396 3220 2740 3277 erudiuntur.
2771 3217 2865 3276 lite
2893 3228 3022 3275 sunt
3066 3219 3403 3276 concubinae.
3432 3216 3572 3272 Sunt
3599 3224 3654 3269 ιιι

2081 3314 2330 3385 quaedam
2391 3313 2476 3369 bis
2546 3312 2833 3370 inferiores
2890 3313 3108 3377 animm,
3176 3311 3377 3367 minori
3443 3310 3654 3367 scilicet

2082 3406 2277 3462 timore
2325 3404 2579 3475 praedita}.
2611 3403 2707 3460 Hae
2744 3411 2873 3460 sunt
2916 3402 3222 3473 juveneulm
3259 3417 3493 3473 quarum
3542 3418 3651 3455 non

2079 3507 2164 3553 est
2192 3513 2473 3554 numerus.
2519 3495 2766 3568 Sponsus
2792 3496 2978 3567 igitur,
3011 3497 3137 3566 quia
3188 3503 3242 3549 et
3289 3495 3341 3549 in
3390 3495 3494 3549 hac
3543 3494 3651 3548 vita

2078 3588 2325 3658 pulchrae
2370 3599 2539 3653 sunt,
2595 3596 2934 3657 possuntque
2982 3586 3145 3640 etiam
3184 3584 3307 3654 ejus
3356 3598 3480 3639 esse
3520 3597 3650 3636 eon-

2080 3690 2278 3745 sortes,
2307 3680 2441 3736 exiit
2490 3695 2521 3735 c
2566 3678 2771 3733 caelesti
2818 3678 3057 3732 thalamo
3103 3683 3164 3730 ut
3207 3690 3331 3729 eum
3363 3672 3568 3741 angelis
3598 3682 3651 3726 et

2080 3771 2420 3840 archangelis
2440 3769 2905 3826 communicaret:
2934 3784 3057 3839 qua:
3077 3773 3207 3822 sunt
3220 3763 3382 3820 Verbi
3410 3779 3647 3834 sponsae.

2082 3862 2380 3933 thronique
2407 3871 2460 3917 et
2486 3860 2905 3916 dominationes.

2057 3945 2064 3952 ’
2151 3952 2307 4009 Vers.
2348 3954 2431 4010 l0.
2478 3952 2547 4007 In
2594 3953 2805 4005 hortum
2841 3950 2992 4005 nucis
3035 3949 3299 4004 descendi.
3343 3946 3484 4002 Justi
3512 3964 3649 4018 qua-

2076 4046 2201 4102 dam
2230 4044 2585 4101 similitudine
2614 4057 2781 4098 nuces
2814 4052 2962 4106 sunt,
3002 4039 3074 4096 ob
3104 4038 3197 4095 Dei
3227 4039 3435 4095 cultum
3469 4037 3649 4093 l'ercn-

2075 4148 2158 4195 tes
2197 4136 2586 4195 sacerdotalem
2634 4133 2894 4197 fructum,
2928 4148 2993 4188 ea
3040 4132 3249 4188 scilicet
3280 4131 3508 4193 ratione,
3540 4146 3651 4199 qua

2075 4239 2331 4301 putamen
2353 4228 2763 4299 circumiectum
2784 4227 2986 4282 habent
3007 4243 3021 4279 :
3039 4225 3233 4293 duplex
3253 4222 3384 4277 illud
3401 4220 3645 4292 quidem,

2076 4322 2306 4376 alterum
2349 4321 2528 4375 acerbi
2576 4318 2859 4388 amarique
2899 4327 3119 4388 gustus,
3158 4315 3388 4368 alterum
3422 4314 3644 4367 durum.

2075 4412 2132 4468 In
2157 4413 2242 4470 his
2264 4421 2443 4467 autem
2463 4411 2595 4482 justi
2625 4410 2834 4467 fruetus
2859 4409 3171 4466 continetur
3200 4415 3417 4477 propter
3444 4404 3648 4461 accrbi~

2004 4490 2239 4561 l)tatem
2286 4514 2340 4561 et
2391 4505 2685 4560 duritatem
2737 4501 3116 4558 tentationum.
3173 4498 3279 4555 Sed
3327 4508 3382 4554 et
3432 4507 3649 4553 torrens

2075 4596 2304 4653 tentatio
2331 4595 2438 4650 dici
2467 4604 2651 4665 queat,
2674 4594 2827 4664 juxta
2853 4593 2982 4648 illud
3014 4611 3027 4647 :
3062 4590 3364 4646 Torrentem
3383 4602 3647 4660 pertrans-

2075 4690 2169 4745 ivit
2215 4689 2395 4743 anima
2437 4696 2622 4742 nostra
2666 4689 2710 4742 ’.
2763 4684 2991 4742 Volebat
3036 4685 3220 4755 itaque
3266 4700 3490 4754 sponsa,
3519 4701 3646 4739 τινα

2074 4782 2130 4837 in
2182 4782 2401 4837 hortum
2435 4781 2593 4836 nucis
2638 4777 3030 4840 descendisset,
3060 4777 3168 4832 hoc
3193 4786 3279 4832 est
3320 4793 3352 4831 e
3391 4777 3648 4845 paradiso

2074 4873 2129 4929 in
2156 4888 2521 4928 aerumnosam
2556 4871 2697 4925 hanc
2724 4871 2891 4924 vitam
2919 4868 3308 4931 descendisset,
3336 4866 3644 4921 inauditum

2072 4967 2349 5038 quoddam
2385 4967 2634 5037 genimen
2661 4961 2844 5018 videre
2868 4961 3070 5016 ﬂuento
3101 4975 3197 5030 per
3234 4959 3463 5015 hiemem
3498 4960 3646 5029 largo

2072 5059 2259 5115 ﬂuvio.
2280 5059 2388 5113 Aut
2406 5058 2561 5127 juxta
2585 5052 2975 5128 Symmachum
3007 5071 3018 5107 :
3051 5052 3303 5107 Descendi
3334 5061 3389 5103 ut
3415 5050 3641 5105 viderent

2073 5167 2197 5205 nunt
2221 5148 2476 5205 convallis
2517 5150 2639 5204 vita:
2660 5163 2815 5217 poma
2856 5148 3085 5212 haberet,
3112 5145 3204 5200 sed
3241 5155 3289 5199 et
3317 5153 3373 5197 ut
3416 5144 3642 5197 viderem

2071 5259 2198 5295 num
2257 5242 2379 5296 vitis
2446 5241 2753 5310 ﬂoruisset,
2809 5237 3004 5291 hiemis
3069 5236 3248 5289 soluta
3321 5231 3639 5293 laboribus,

2073 5331 2227 5402 ιοι
2260 5346 2326 5385 ac
2377 5343 2598 5384 vernam
2653 5336 2809 5380 nacta
2853 5332 3246 5393 tempestatem,
3279 5320 3500 5373 Pasclne
3541 5321 3641 5373 sei-

2069 5424 2197 5477 licet
2260 5431 2474 5491 tempus
2534 5436 2597 5474 ac
2658 5416 3017 5473 solemnitatis
3065 5417 3413 5485 Azymorum.
3486 5407 3642 5464 Tunc

2068 5516 2213 5572 enim
2279 5515 2332 5569 in
2390 5513 2573 5568 Judzea
2637 5510 2760 5564 vitis
2814 5508 2951 5563 solet
3001 5504 3213 5559 ﬂorere.
3273 5500 3418 5554 Num
3475 5501 3639 5556 etiam

2072 5609 2372 5677 ﬂoruissent
2422 5604 2563 5659 mala
2605 5600 2818 5671 punica,
2862 5611 3093 5666 quorum
3134 5593 3388 5663 copiosus
3429 5591 3642 5647 fructus
