4130 6430
458 316 560 371 211

1509 314 1853 375 ORIGENES
1883 315 1952 372 ΙΝ
1990 317 2346 377 CANTICUM
2386 319 2659 377 CANTIC.

3614 319 3723 376 2i“!

460 442 626 504 atque
669 433 865 490 ordine
907 436 1151 508 digestus
1202 436 1305 494 sub
1335 436 1541 492 cortice
1588 437 1921 500 continetur,
1952 437 2040 492 cui

2147 438 2237 492 λον
2277 440 2375 510 τῆς
2411 438 2647 511 νύμφης.
2699 439 2852 494 Ἐκεῖ
2892 438 2993 504 δὲ,
3044 438 3200 511 φησὶ,
3234 438 3405 493 δώσω
3436 453 3535 493 σοι
3575 437 3722 504 τοὺς

458 527 776 583 assimilatas
801 536 930 584 sunt
962 544 1112 599 gente
1142 543 1378 599 sponsae.
1418 526 1525 594 Ibi,
1560 528 1758 599 inquit,
1782 528 1919 585 dabo
1942 527 2039 583 tibi

2144 532 2411 599 μαστούς
2469 548 2588 599 μου
2614 569 2629 595 ,
2700 530 2944 584 τουτέστι
3013 529 3075 583 τὸ
3146 528 3488 599 ἡγεμονικόν.

458 619 622 674 ubera
678 637 835 686 mea;
882 631 1119 675 mentem
1170 620 1442 675 videlicet.
1494 620 1698 677 Verum
1751 640 1855 676 non
1900 624 2039 679 novit

460 712 643 764 citima
671 729 804 765 mea.
844 710 1056 767 Feiellit
1084 711 1533 781 promissionem,
1564 729 1691 767 cum
1724 713 1859 769 nihil
1902 729 1933 768 a
1981 730 2040 769 se

460 800 637 856 facere
660 810 866 870 posset.
896 800 1015 858 Non
1047 811 1226 858 tamen
1262 804 1318 858 in
1349 804 1457 859 illis
1490 806 1679 860 relicta
1712 822 1857 862 sum.
1880 807 2040 863 Pater

459 891 603 944 enim
644 889 919 958 Naasson,
948 894 1202 964 princeps
1234 896 1422 964 populi
1456 898 1563 951 mei
1601 897 1905 952 Amiuadab
1947 916 2041 969 po-

457 983 563 1036 suit
612 999 691 1037 me
734 984 836 1037 sibi
876 999 986 1041 esse
1019 1002 1229 1041 currus.
1253 986 1427 1043 Porro
1452 985 1722 1057 Naasson,
1756 990 1801 1045 si
1842 1006 2039 1047 nomen

460 1077 851 1145 interpreteris,
868 1078 1215 1150 serpentinus
1229 1088 1316 1136 est
1332 1080 1586 1150 princeps
1603 1082 1785 1150 populi
1802 1098 2038 1152 sponsae.

458 1165 762 1222 Aminadab
795 1176 979 1224 autem
1014 1170 1102 1225 hic
1134 1179 1238 1234 est,
1266 1171 1361 1240 qui
1397 1170 1452 1224 in
1503 1170 1644 1225 libro
1678 1169 2039 1226 Numerorum

460 1266 612 1326 pater
637 1269 724 1314 est
753 1259 1015 1331 principis
1053 1260 1229 1317 tribus
1285 1258 1424 1317 Juda
1467 1258 1715 1316 Naasson
1763 1260 1829 1326 ¹⁰,
1860 1262 1953 1328 qui
1984 1261 2038 1314 in

457 1348 663 1403 tihristi
695 1357 881 1420 typum
912 1350 1177 1418 sumitur;
1208 1350 1338 1420 quia
1370 1350 1509 1405 sicut
1548 1351 1756 1421 Moyses
1784 1350 2039 1404 exultavit

458 1447 747 1507 serpentem
775 1442 830 1494 in
852 1441 1056 1496 deserto
1092 1442 1157 1509 1‘,
1185 1442 1266 1497 sic
1290 1441 1489 1511 inquit,
1517 1458 1703 1496 currus
1742 1458 1823 1495 me
1864 1442 2039 1511 posuit

460 1530 587 1598 sibi,
610 1533 770 1603 quasi
803 1534 992 1605 auriga
1018 1549 1167 1590 meas
1194 1549 1389 1605 regens
1409 1533 1788 1605 cogitationes.

1211 1623 1272 1678 P.
1317 1623 1429 1678 νυ.

1211 1623 1272 1678 Ρ.
1414 1662 1429 1678 .

531 1710 689 1769 Vcrs.
710 1714 759 1768 l.
779 1713 990 1770 Hoduli
1015 1624 1275 1785 Ῑεηιῗιῖιηι
1294 1623 1506 1772 trgum
1521 1714 1718 1770 similes
1742 1714 2036 1785 torquibus.

3581 527 3720 579 Ἀλλ’

2140 622 2430 691 ἠγνόησε,
2481 622 2663 694 φησὶν,
2698 623 2736 690 ri
2770 621 2941 692 ψυχή
2986 640 3126 691 μου,
3162 623 3256 675 καὶ
3296 622 3396 693 τὴν
3430 621 3723 691 ὑπόσχεσιν

2145 714 2426 783 ἔψευσται,
2482 714 2558 785 μὴ
2586 712 2859 784 δυναμένη
2890 713 2983 783 ἀφ’
3024 712 3223 782 ἑαυτῆς
3258 729 3311 765 τι
3354 715 3558 765 ποιεῖν·
3605 710 3723 765 ἀλλ’

2141 807 2203 860 ού
2245 806 2569 877 κατελείφθη
2605 807 2663 860 ὲν
2691 805 2920 869 τούτοις.
2964 806 3020 858 '0
3050 805 3158 876 γὰρ
3190 804 3372 875 πατὴρ
3402 802 3499 856 τοῦ
3544 803 3726 856 Ναασ-

2145 898 2255 953 σὼν
2288 900 2318 951 ὁ
2346 898 2529 970 ἄρχων
2561 896 2652 951 τοῦ
2681 897 2809 951 λαοῦ
2843 913 2944 968 μου
2972 896 3282 967 Ἀμιναδάϐ
3302 895 3470 949 ἔθετό
3489 911 3565 963 με
3584 894 3723 947 ἐαυ-

2146 990 2228 1055 τῷ
2256 988 2675 1059 εἶναιᾶρματα.
2711 989 2981 1044 Ναασσὼν
3013 990 3069 1043 δὲ
3100 989 3335 1060 ὀφιώδης
3364 988 3724 1062 ἑρμηνεύεται

2143 1085 2172 1136 ὁ
2205 1084 2390 1155 ἄρχων
2420 1083 2516 1137 τοῦ
2554 1082 2685 1137 λαοῦ
2715 1082 2814 1153 τῆς
2858 1082 3096 1153 νύμφης.
3145 1081 3440 1152 Ἀμιναδὲιὸ
3483 1082 3539 1135 δὲ
3571 1074 3725 1144 οὗτος

2144 1177 2173 1229 ὁ
2207 1178 2266 1228 ἐν
2313 1176 2591 1247 Ἀριθμοῖς
2616 1175 2795 1247 πατὴρ
2816 1174 2913 1228 τοῦ
2939 1175 3195 1246 ἄρχοντος
3221 1174 3320 1244 τῆς
3348 1172 3521 1242 φυλῆς
3558 1170 3727 1226 ’ἰούδα

2147 1267 2442 1334 Νοασσὼν,
2484 1269 2546 1333 ὃς
2581 1268 3057 1339 μεταλαμϐάνεται
3088 1270 3168 1332 εἰς
3205 1266 3297 1320 τὸν
3330 1265 3598 1338 Χριστὸν’
3635 1264 3725 1318 διὰ

2141 1359 2203 1411 τὸ
2229 1359 2426 1426 καθὼς
2454 1358 2718 1428 Μωῦσῆς
2748 1361 2958 1428 ὕψωσε
2988 1359 3097 1414 τὸν
3135 1358 3273 1428 ὄφιν
3303 1358 3373 1411 ἐν
3400 1356 3475 1426 τῇ
3506 1356 3724 1425 ἐρήμῳ»

2146 1452 2339 1517 οὓτως,
2378 1454 2579 1524 φησιν,
2626 1451 2856 1522 ἅρματά
2894 1467 2973 1522 με
3025 1451 3192 1507 ἔθετο
3231 1449 3442 1517 ἐαυτῷ,
3494 1448 3725 1521 ἡνιοχῶν

2146 1561 2248 1615 μου
2276 1545 2404 1609 τοὺς
2419 1544 2731 1616 λογισμούς.

2801 1636 2960 1690 ΚΕΦ.
3002 1637 3072 1691 Z'.

2226 1730 2456 1801 Ῥυθμοί
2481 1728 2687 1800 μηρῶν
2705 1742 2823 1782 σου
2856 1728 3043 1798 ὅμοιοι
3087 1728 3415 1797 όρμίσκοις.
3446 1725 3725 1798 Πολλαχοῦ

461 1800 617 1871 Saepe
655 1802 939 1873 Scriptura
985 1804 1191 1861 femora
1238 1814 1470 1875 usurpat
1512 1819 1612 1876 pro
1661 1806 2035 1875 generatione.

2144 1824 2327 1878 τάττει
2353 1792 2497 1887 τοὺς.
2519 1792 2726 1893 μηροὺς
2758 1822 2850 1875 ἐπὶ
2881 1792 2981 1890 τῆς
3009 1792 3283 1890 γενησεως
3317 1820 3351 1889 η
3374 1792 3590 1890 Ϋραφή.

460 1891 743 1964 Signiﬁcat
762 1894 946 1966 itaque
974 1895 1079 1952 boc
1106 1896 1227 1953 loco
1256 1911 1472 1965 sponsa:
1500 1895 1951 1964 compositionem
1975 1910 2040 1951 ac

456 1985 881 2041 concinnitatem
910 1988 965 2041 in
992 1986 1113 2043 loco
1139 1987 1534 2058 generationis,
1569 1986 1801 2042 similem
1829 1988 2040 2058 torqui-

457 2078 562 2131 bus
587 2077 788 2132 virtute
824 2078 1168 2135 fabrefactis.

530 2165 685 2222 Vers.
717 2166 772 2220 2.
801 2165 1093 2221 Umbitictts
1119 2177 1241 2221 tuus
1269 2177 1444 2221 crater
1470 2166 1764 2222 tornatilis.
1798 2166 1881 2222 Ad
1919 2182 2042 2222 um—

458 2254 706 2321 bilicum,
743 2265 1010 2313 craterem
1061 2256 1333 2322 videlicet,
1379 2256 1573 2311 invitat
1619 2257 1919 2328 sapientia,
1951 2256 2039 2311 di-

457 2362 589 2403 cens
620 2367 635 2402 :
678 2347 883 2416 Venite,
915 2349 1077 2405 bibite
1097 2350 1275 2404 sinum
1295 2350 1436 2421 quod
1471 2351 1658 2404 miscui
1686 2350 1829 2405 vobis
1850 2351 1916 2416 ¹³,
1959 2349 2040 2405 εἰ·-

457 2439 788 2511 gniﬁcatque
820 2450 1008 2511 potum
1040 2442 1363 2512 spiritalem,
1392 2451 1447 2497 et
1476 2442 1684 2498 addidit
1711 2461 1726 2497 :
1752 2451 1802 2497 et
1824 2458 2038 2498 acervus

457 2531 734 2599 frumenti,
765 2541 824 2587 ut
852 2532 1153 2603 spiritalem
1177 2534 1361 2590 cibum
1380 2533 1734 2606 signiﬁcaret.
1765 2534 1878 2591 Vox
1893 2536 2040 2592 enim

456 2623 691 2695 θημονία
723 2638 821 2695 pro
836 2641 904 2680 eo
930 2634 1017 2682 est
1045 2642 1110 2684 ac
1140 2628 1187 2683 si
1217 2627 1363 2684 dicat
1393 2645 1407 2683 :
1437 2630 1706 2684 virtutum
1743 2629 2037 2687 multarum

457 2717 712 2771 cumulus
742 2717 796 2770 in
833 2733 1001 2773 unum
1033 2721 1325 2776 concordia
1360 2721 1722 2790 compositus.

531 2803 687 2861 Vers.
717 2806 773 2859 2.
820 2806 1057 2862 Vallatus
1081 2810 1133 2862 iu
1163 2810 1313 2864 (iliis.
1340 2808 1478 2864 Lilia
1508 2810 1711 2866 fuerint
1737 2814 1923 2882 gratiae
1943 2812 2039 2869 Dei

459 2895 621 2951 liores
651 2912 791 2966 quos
817 2913 847 2953 e
880 2899 1066 2954 medio
1099 2900 1384 2969 spinarum
1408 2900 1594 2957 saaculi
1623 2902 1860 2972 Collegit.

2141 1918 2227 1971 λοῖ
2254 1917 2432 1970 τοίνυν
2460 1914 2694 1969 ἐνταῦθα
2724 1915 2821 1985 τῆς
2846 1913 3065 1984 νύμφης
3098 1911 3159 1963 τὸ
3182 1910 3515 1981 τεταγμένον
3554 1910 3611 1962 ὲν
3645 1908 3725 1980 τῷ

2143 2010 2242 2081 τῆς
2271 2007 2538 2078 γενέσεως
2560 2006 2767 2078 χωρίῳ,
2803 2007 2900 2060 καὶ
2931 2004 3227 2076 εὔρυθμον,
3254 2004 3435 2075 ὅμοιον
3460 2019 3723 2074 περιτρα-

2140 2098 2349 2171 χηλίοις
2380 2094 2910 2167 κατεσκευασμένοις
2933 2096 3000 2164 τῇ
3034 2093 3226 2164 ἀρετῇ.

2225 2189 2528 2259 Ὀμφαλός
2567 2202 2683 2241 σου
2724 2184 2950 2254 κρατὴρ
2979 2184 3277 2252 τορευτός.
3327 2180 3451 2234 Ἐπὶ
3487 2179 3579 2233 τὸν
3616 2179 3722 2250 ὀμ-

2144 2283 2312 2354 φαλὸν
2342 2282 2400 2335 δὲ
2426 2280 2519 2335 τὸν
2551 2279 2805 2352 κρατῆρα
2847 2278 2882 2349 ἡ
2924 2277 3087 2343 σοφία
3135 2274 3419 2344 συγκαλεῖ,
3452 2272 3720 2342 λέγουσι’

2141 2373 2341 2439 Δεῦτε,
2381 2373 2545 2427 πίετε
2576 2366 2764 2435 οἶνον,
2802 2368 2875 2423 ὃν
2902 2366 3197 2436 κεκέρακα
3231 2366 3404 2437 ὑμῖν·
3443 2365 3537 2418 καὶ
3576 2364 3725 2435 δηλοῖ

2139 2464 2203 2518 τὸ
2233 2461 2602 2533 πνευματικὸν
2629 2461 2809 2532 πόμαο
2847 2459 2942 2514 καὶ
2969 2459 3276 2530 προσέθηκε
3295 2473 3308 2487 ⁸
3342 2455 3443 2512 καὶ
3471 2458 3739 2524 θημωνιὰ

2140 2555 2337 2621 σίτου,
2374 2554 2461 2608 ἵνα
2504 2553 2605 2626 τὴν
2658 2550 3031 2623 πνευματικὴν
3072 2550 3277 2620 τροφὴν
3333 2546 3608 2620 σημαίνῃ·
3661 2549 3724 2600 τὸ

2140 2646 2250 2719 γὰρ
2294 2643 2559 2717 θημωνιὰ
2593 2643 2715 2698 ἀντὶ
2754 2642 2849 2697 τοῦ
2899 2640 3189 2711 συναγωγὴ
3237 2638 3450 2711 ἀρετῶν
3472 2638 3723 2710 πλήθους

2140 2741 2222 2804 εἰς
2241 2739 2300 2793 ἓν
2325 2741 2393 2810 τῇ
2423 2736 2656 2810 ἁρμονίᾳ
2689 2733 3111 2807 συντεταγμένη.
3144 2730 3147 2735 ’

2211 2827 2606 2898 Πεερραγμένη
2638 2828 2709 2881 ἐν
2739 2828 2990 2896 κρίνοις.
3020 2826 3198 2897 Κρίνα
3225 2824 3269 2877 δ’
3302 2823 3368 2879 ἂν
3406 2822 3493 2896 εἴη
3524 2822 3592 2878 τα
3625 2822 3720 2879 ἄν·

2142 2922 2211 2994 θη
2241 2920 2343 2991 τῆς
2373 2920 2595 2991 χάριτος
2624 2917 2718 2972 τοῦ
2750 2916 2909 2983 Θεοῦ,
2955 2917 2994 2972 ἃ.
3036 2917 3352 2983 συνελέξατο
3397 2916 3506 2970 ἀ.τώ
3557 2921 3724 2988 μέσου

2140 3013 2251 3069 τῶν
2282 3010 2377 3066 τοῦ
2413 3010 2531 3080 βίου
2561 3008 2837 3064 ἀκανθῶν.

529 3073 687 3133 Vers.
721 3076 777 3132 4.
810 3074 1020 3132 Collum
1053 3085 1201 3132 tuum
1237 3078 1373 3133 sicut
1417 3081 1578 3135 turris
1616 3079 1863 3135 eburnea.
1894 3080 2035 3138 Tur-

2218 3073 2524 3172 Ἰράχηίιός
2556 3114 2672 3155 σου
2704 3100 2785 3167 ὡς
2808 3101 3037 3169 πύργος
3064 3098 3476 3168 ἐλεφάντινος.
3518 3100 3725 3171 Πύργοι

457 3184 547 3224 res
579 3169 833 3239 appellati
866 3178 1015 3236 sunt,
1060 3171 1153 3240 qui
1196 3180 1349 3242 grata
1388 3187 1593 3241 sponsu
1627 3172 1853 3239 faciunt,
1910 3190 2035 3245 spe-

465 3260 643 3316 culam
674 3261 935 3316 habentes
965 3260 1477 3330 contemplatricem
1509 3262 1771 3331 animam,
1807 3279 1837 3318 e
1871 3264 2042 3319 subli-

465 3356 540 3410 mi
575 3367 770 3411 cuneta
801 3354 1196 3426 dispicientem.
1225 3353 1537 3410 Eburneum
1570 3370 1698 3409 vero
1724 3356 1793 3411 ob
1822 3356 2042 3411 clarita-

465 3458 572 3502 tcm
617 3464 683 3503 ac
716 3448 1027 3503 la-vitatem.
1062 3444 1209 3500 Nihil
1251 3444 1399 3500 enim
1448 3445 1505 3500 in
1546 3447 1687 3502 collo
1718 3463 1934 3513 sponsa:
1974 3464 2041 3504 ex

460 3539 576 3593 vitii
611 3538 730 3593 labe
759 3546 845 3592 cst
872 3552 1148 3607 asperum.
1177 3535 1535 3608 Nequaquam
1564 3553 1696 3594 vero
1716 3540 1782 3594 de
1812 3541 2043 3597 mortuis

459 3633 638 3687 dixit:
675 3631 783 3697 Qui
821 3641 1116 3701 pascuntur
1158 3632 1298 3687 inter
1328 3632 1465 3687 lilia.
1521 3632 1846 3704 Superiores
1894 3635 2041 3689 enim

460 3725 612 3788 liliis,
659 3739 782 3794 qua:
828 3732 960 3777 sunt
1005 3723 1060 3777 in
1110 3723 1292 3780 medio
1337 3724 1660 3795 spinarum,
1726 3735 2038 3783 evaserunt.

461 3819 588 3874 Vult
614 3830 793 3874 autem
825 3819 988 3873 etiam
1017 3834 1119 3875 nos
1148 3818 1355 3874 sciendi
1394 3819 1623 3889 cupidos
1660 3819 1899 3874 animam
1947 3820 2043 3873 ba-

462 3915 589 3969 berc
620 3912 918 3966 multorum
955 3911 1263 3981 sapientum
1305 3910 1497 3977 ﬁliam,
1545 3920 1711 3981 atque
1741 3910 1951 3965 versari
1987 3911 2040 3964 in

464 4006 760 4059 nmltarum
793 4004 1208 4071 disciplinarum
1240 4002 1764 4064 introductionibus,
1793 4017 1931 4070 quas
1950 4000 2038 4068 ja-

462 4116 596 4153 nuas
632 4100 867 4154 vocavit.
898 4096 1094 4158 Tanta,
1125 4097 1321 4166 inquit,
1350 4095 1649 4164 magistris,
1677 4094 1770 4163 qui
1802 4108 1970 4162 penes
1994 4103 2044 4146 te

463 4199 612 4257 sunt,
649 4190 889 4261 suppetit
923 4187 1167 4246 scientiae
1198 4186 1392 4257 gratia,
1433 4195 1492 4240 ut
1526 4200 1635 4239 non
1675 4184 1854 4239 solum
1882 4183 1919 4237 ii
1949 4181 2043 4251 qui

460 4283 603 4353 apud
651 4290 705 4337 te
749 4291 900 4345 sunt,
951 4296 1144 4337 eorum
1193 4280 1448 4333 fruantur
1498 4275 1806 4346 disciplina,
1853 4289 2041 4329 verum

460 4375 624 4429 etiam
671 4375 916 4428 extranei
954 4373 1092 4442 jam,
1126 4381 1182 4427 et
1213 4371 1309 4441 qui
1351 4371 1515 4439 longe
1543 4366 1738 4423 remoti
1772 4377 1922 4430 sunt,
1973 4366 2044 4422 ab

460 4465 541 4519 cis
570 4465 922 4519 commodum
955 4462 1212 4518 referant.

531 4553 690 4611 Vers.
726 4555 780 4609 4.
813 4553 995 4609 Nasus
1027 4562 1151 4606 tuus
1184 4553 1322 4607 sicut
1355 4552 1523 4605 turris
1550 4549 1762 4604 Libani.
1801 4546 1903 4615 Qui
1933 4547 2044 4618 spi-

463 4647 731 4703 rationcm
762 4648 1022 4701 mundam
1070 4647 1255 4708 habet,
1286 4660 1353 4700 ac
1380 4660 1475 4714 per
1507 4642 1680 4697 divini
1715 4640 1878 4697 Verbi
1918 4657 2044 4697 seu-

462 4756 584 4793 sum
616 4754 838 4793 currere
884 4745 1061 4808 potest
1089 4737 1142 4790 in
1172 4735 1396 4792 odorem
1427 4743 1833 4805 unguentorum
1883 4733 2042 4803 102

459 4831 604 4898 ejus,
639 4830 788 4885 uaris
827 4836 910 4885 est
938 4843 1105 4883 sensu
1141 4826 1364 4897 praedita
1393 4823 1707 4895 l‘ragrantiae
1742 4824 2039 4894 spiritalis,

460 4916 748 4986 speculans
807 4932 871 4973 ac
926 4914 1226 4985 dispiciens
1279 4928 1412 4969 num
1474 4914 1688 4969 illustre
1746 4912 2041 4983 quodpiam

460 5011 656 5081 dogma
686 5009 739 5061 in
762 5007 1015 5078 gentibus
1038 5016 1257 5062 exstare
1281 5006 1552 5062 videatur.
1575 5002 1710 5058 Nam
1742 5003 2042 5083 Damascus

458 5103 701 5174 gentium
755 5102 926 5172 ﬁgura
969 5109 1071 5154 est.
1120 5099 1253 5169 Ejus
1307 5108 1488 5155 autem
1538 5098 1687 5168 quod
1727 5099 1937 5154 illustre
1976 5115 2043 5154 ac

462 5196 782 5264 praeclarum
826 5202 931 5259 est,
971 5193 1120 5247 frons
1149 5191 1456 5262 symbolum
1500 5192 1658 5262 gerit.
1690 5188 1934 5246 Libanus
1973 5191 2041 5246 ad

461 5288 633 5342 altare
662 5285 757 5340 Dei
787 5283 1050 5349 refertur;
1075 5283 1362 5338 Carmelus
1386 5297 1536 5349 vero,
1568 5282 1614 5337 si
1643 5296 1841 5336 nomen
1875 5282 2041 5336 inter-

460 5378 707 5447 preteris,
739 5376 943 5446 agnitio
982 5382 1066 5430 est
1112 5372 1556 5427 circumcisionis.
1604 5371 1901 5442 Cognoscit
1943 5386 2041 5426 au-

460 5473 566 5519 tem
612 5467 1125 5529 eireumcisionem,
1174 5462 1429 5534 quicum
1486 5463 1686 5518 liducia
1733 5472 1910 5532 potest
1952 5462 2040 5516 di-

461 5572 585 5610 cere
609 5575 622 5611 :
656 5556 770 5611 Nos
798 5576 980 5613 sumus
1015 5558 1349 5613 circumcisio
1377 5556 1439 5610 ’³.
1471 5555 1515 5608 Λ
1544 5556 1720 5625 capite
1746 5569 1875 5609 vero
1897 5554 2041 5624 quod

463 5646 810 5702 rstChristus
832 5651 1035 5719 agnitio
1050 5647 1554 5719 Contigitspiritalis
1582 5645 2041 5702 circumcisionis.

538 5742 579 5769 ¹⁰
607 5736 767 5794 Num.
805 5757 843 5807 ι,
869 5742 918 5795 '7.
999 5745 1038 5775 ¹¹
1064 5744 1219 5797 Joan.
1258 5760 1338 5804 ut,
1370 5743 1453 5798 Η.
1537 5744 1578 5775 ⁸³
1609 5741 1767 5797 Prov.
1805 5757 1881 5807 Ix,
1921 5741 1971 5794 5.

2140 3197 2199 3251 δὲ
2242 3195 2549 3267 ἐκλήθησαν
2591 3193 2643 3246 οἱ
2672 3190 2744 3246 τὰ
2786 3190 2995 3262 ἀρεστὰ
3038 3190 3117 3260 τῷ
3161 3191 3381 3261 νυμφίῳ
3407 3191 3724 3254 ποιοῦντες,

2142 3287 2534 3359 σκοπευτὴριον
2564 3284 2781 3355 ἔχοντες
2807 3281 2906 3354 τὴν
2941 3281 3276 3353 θεωρητικὴν
3308 3280 3507 3351 ψυχὴν,
3541 3282 3607 3333 ἐκ
3629 3298 3728 3350 με-

2140 3379 2346 3452 τεώρου
2379 3374 2754 3431 σκοπεύουσαν
2786 3372 3021 3429 ἅπαντα.
3069 3372 3445 3440 Ἐλεφάντινον
3467 3370 3524 3422 δὲ
3555 3370 3642 3422 διὰ
3664 3370 3726 3423 τὸ

2140 3470 2391 3543 λαμπρὸν
2434 3469 2531 3522 καὶ
2559 3467 2734 3522 λεῖονο
2766 3465 2918 3520 οὐδὲν
2947 3464 3057 3536 γὰρ
3083 3462 3192 3519 ἀπὸ
3225 3463 3425 3527 κακίας
3455 3463 3629 3535 τραχὺ
3665 3463 3725 3515 ὲν

2140 3561 2221 3633 τῷ
2246 3561 2345 3632 τῆς
2376 3558 2596 3631 νύμφης
2618 3557 2893 3630 τραχήλῳ.
2917 3555 3116 3610 Οὐκέτι
3145 3555 3201 3608 δὲ
3231 3554 3360 3625 περὶ
3382 3554 3489 3608 τῶν
3510 3553 3726 3625 νεκρῶν

2142 3649 2327 3706 εἶπεν
2359 3652 2425 3704 Oi
2447 3650 2763 3719 νεμόμενοι
2788 3647 2860 3701 ἐν
2888 3646 3115 3715 κρίνοις
3137 3662 3149 3675 ·
3178 3645 3435 3717 ὑπεράνω
3464 3645 3572 3715 γὰρ
3603 3646 3723 3712 ἐγε-

2140 3745 2388 3814 γόνεισαν
2421 3742 2641 3814 κρίνων,
2675 3739 2783 3795 τῶν
2814 3741 2873 3793 ὲν
2908 3738 3058 3809 μέσῳ
3082 3737 3352 3793 ἀκανθῶν.
3385 3736 3642 3790 Βούλεται
3665 3734 3726 3789 δὲ

2140 3837 2289 3908 ἡμᾶς
2320 3834 2412 3888 καὶ⁸
2447 3830 2763 3903 φιλομαθεῖς
2794 3831 2953 3895 ὄντας
2986 3830 3194 3883 πολλῶν
3230 3828 3374 3900 ἔχειν
3415 3827 3513 3898 τὴν
3546 3826 3724 3897 ψυχὴν

2143 3926 2418 3997 θυγατέρα
2452 3923 2652 3993 σοφῶν,
2681 3923 2776 3976 καὶ
2808 3924 2869 3976 ἐν
2899 3923 3228 3990 εἰσαγωγαῖς
3261 3919 3514 3988 γενέσθαι
3542 3918 3721 3990 μαθη-

2146 4019 2330 4089 μάτων
2364 4014 2594 4078 πολλῶν,
2627 4012 2693 4077 ἃς
2725 4011 2959 4090 ἐκάλεσε.
2987 4013 3206 4078 πύλας.
3238 4010 3529 4075 Τοσοῦτον,
3566 4009 3722 4079 φησι,

2143 4108 2396 4178 γνώσεως
2424 4111 2536 4170 τοῖς
2567 4107 2626 4159 ὲν
2661 4104 2745 4157 σοὶ
2777 4104 3116 4168 διδασκάλοις
3144 4104 3392 4175 περίεστι
3422 4102 3582 4173 χάρις
3602 4141 3617 4166 ,
3648 4100 3725 4164 ὡς

2147 4198 2223 4270 μὴ
2261 4197 2420 4268 μόνον
2452 4198 2577 4259 τοὺς
2610 4196 2763 4268 παρὰ
2796 4197 2878 4250 σοὶ
2914 4194 3210 4249 ἀπολαύειν
3241 4192 3421 4247 αὐτῶν
3447 4192 3550 4261 τῆς
3591 4206 3725 4243 παι-

2144 4287 2398 4353 δεύσεως,
2443 4287 2558 4340 ἀλλ’
2590 4287 2690 4359 ἤδη
2725 4287 2820 4342 καὶ
2854 4286 2903 4339 oi
2938 4284 3139 4354 ἔξωθεν
3174 4285 3272 4356 τῆς
3303 4285 3398 4338 καὶ
3442 4280 3725 4354 πόρρωθεν

2148 4379 2329 4434 αὐτῶν
2362 4378 2655 4434 ἀπολαύειν
2682 4377 2967 4448 ὡφελείας.

2222 4545 2281 4596 Μ
2286 4538 2469 4610 υκτήρ
2496 4556 2613 4595 σου
2644 4540 2725 4607 ὡς
2754 4540 2978 4609 πύργος
3005 4536 3112 4592 τοῦ
3143 4536 3420 4592 Λιϐάνου.
3463 4534 3524 4588 '0
3550 4534 3605 4588 δὲ
3630 4551 3727 4587 κα·-

2151 4633 2328 4705 θαρὰν
2356 4632 2494 4703 ἔχων
2518 4631 2614 4702 τὴν
2640 4630 2899 4703 διαπνοὴν
2928 4631 3021 4683 καὶ
3053 4629 3144 4683 διὰ
3175 4628 3274 4698 τῆς
3301 4625 3606 4697 αἰσθήσεως
3630 4623 3725 4678 τοῦ

2150 4724 2296 4778 θείου
2344 4724 2518 4792 Λόγου
2561 4722 2855 4793 δυνάμενος
2880 4720 3055 4774 ὀπίσω
3088 4718 3253 4773 αὐτοῦ
3297 4720 3376 4782 εἰς
3414 4716 3587 4788 ὀσμὴν
3622 4715 3725 4787 μύ-

2152 4835 2260 4890 ρων
2288 4816 2393 4871 τῶν
2425 4816 2591 4871 αὐτοῦ
2622 4815 2870 4886 δραμεῖν,
2908 4814 3123 4885 μυκτήρ
3158 4812 3306 4864 ἐστιν
3338 4809 3726 4880 αἰσθανόμενος

2149 4909 2379 4974 εὐωδίας
2423 4905 2829 4978 πνευματικῆς*
2869 4901 3172 4963 σκοπεύων,
3208 4900 3261 4953 εί
3293 4916 3344 4952 τι
3372 4899 3630 4969 ἐπιφανὲς
3668 4900 3728 4950 ὲν

2152 5001 2328 5055 ἔθνεσι
2376 4999 2554 5069 δόγμα
2599 4997 2762 5049 δοκεῖ.
2800 4992 3094 5066 Δαμασκὸς
3138 4991 3247 5062 γὰρ
3288 4990 3355 5045 τὰ
3397 4987 3526 5060 ἔθνη
3557 4989 3725 5061 παρί-

2152 5111 2339 5166 στησιο
2388 5092 2482 5146 τοῦ
2521 5091 2577 5145 δὲ
2628 5089 2922 5159 ἐπιφανοῦς
2969 5086 3063 5140 καὶ
3109 5083 3275 5139 καλοῦ
3328 5083 3384 5137 τὸ
3440 5082 3728 5153 πρόσωπον

2153 5188 2447 5259 σύμϐολον·
2498 5187 2527 5238 ὁ
2574 5183 2629 5236 δὲ
2676 5183 2907 5245 Λίϐανος
2958 5179 3292 5250 ἀναφέρεται
3324 5177 3416 5229 ἐπὶ
3448 5174 3507 5227 τὺ
3543 5173 3730 5226 θυσια-

2150 5279 2370 5350 στήριον
2399 5276 2494 5330 τοῦ
2526 5272 2681 5328 Θεοῦ.
2701 5273 2758 5326 ’0
2783 5272 2841 5327 δὲ
2868 5269 3165 5341 Κάρμηλος
3197 5268 3522 5336 ἐπίγνωσις
3571 5278 3729 5332 περι-

2148 5367 2334 5439 τομῆς
2365 5364 2743 5439 ἑρμηνεύεται.
2792 5360 3053 5416 Γινώσκει
3097 5359 3154 5412 δὲ
3183 5356 3483 5430 περιτομὴν
3524 5361 3552 5409 ό
3591 5353 3731 5425 μετὰ

2147 5460 2458 5532 παρρησίας
2485 5456 2668 5524 λέγειν
2699 5452 2997 5523 δυνάμενος
3015 5468 3028 5480 ·
3079 5448 3267 5519 Ἡμεῖς
3294 5448 3481 5517 ἐσμεν
3506 5448 3543 5515 ἡ
3574 5461 3731 5512 περι-

2146 5547 2316 5618 τομή.
2369 5547 2501 5599 ’Λπὸ
2532 5546 2590 5599 δὲ
2627 5544 2725 5615 τῆς
2757 5540 3000 5611 κεφαλῆς
3032 5539 3126 5593 τοῦ
3161 5538 3397 5611 Χριστοῦ
3430 5537 3729 5607 ἐπίγνωσις

2148 5637 2521 5709 πνευματικῆς
2555 5633 2785 5706 ἐγενήθη
2822 5631 3139 5704 περιτομῆς.

2054 5739 2095 5769 ’³
2132 5734 2326 5803 Philip.
2368 5750 2451 5799 ιιι,
2476 5732 2527 5786 5.
