4130 6432
350 404 457 459 213

1530 378 1756 440 EXCER
1766 382 1902 437 PTA
1941 378 2404 437 PROCOPIANA.

3509 379 3632 433 ξιι-

428 515 491 570 Τί
522 511 819 582 ὠραιώθης
850 508 946 562 καί
997 506 1054 561 τί
1077 505 1359 573 sidcis-One.
1406 502 1527 554 Ἔτι
1561 499 1735 554 ταῦτά
1763 514 1927 569 φησιν

2102 497 2257 551 Vers.
2300 494 2354 548 6.
2387 493 2562 559 Quam
2602 492 2821 560 pulchra
2846 499 2897 547 et
2931 509 3088 564 quam
3133 496 3307 549 suavis
3354 494 3503 559 facta
3530 513 3608 550 es.

347 610 376 657 ὁ
414 604 646 674 νυμφίος
681 597 1087 669 ἀποθαυμάζων
1130 594 1298 663 αὐτῆς
1328 592 1428 664 τὴν
1466 591 1561 644 ἐπὶ
1591 591 1653 643 τὸ
1684 591 1931 661 κρεῖττον

352 693 679 766 μεταϐολήν.
719 691 809 754 Ὧς
840 689 947 761 γὰρ
977 690 1011 757 ἡ
1042 686 1152 740 τῶν
1189 684 1468 754 στοιχείων
1510 681 1776 753 εὐκρασία
1823 697 1925 733 σω-

353 787 537 856 μάτων
567 782 757 851 ὑγείαν
791 781 1028 851 ἐμποιεῖ,
1063 776 1235 838 οὕτως
1267 778 1333 828 ὲκ
1353 773 1461 827 τῶν
1493 773 1679 844 ὁρμῶν
1709 773 1804 825 καὶ
1835 772 1930 825 ὲκ-

348 876 591 929 ωιύσεων
623 872 780 942 ὑγεία
809 888 926 933 πως
964 868 1060 922 καὶ
1087 867 1281 930 κάλλος
1316 864 1619 934 ἐπιγίνεται
1662 866 1729 934 τῇ
1759 862 1926 934 ψυχῇ.

361 971 449 1032 Ὠς
481 968 558 1035 δὲ,
583 964 784 1037 αἰσχρά
820 980 905 1027 τις
947 958 1082 1016 οὖσα
1115 960 1202 1013 διὰ
1236 957 1490 1027 κακίανὴ
1524 956 1729 1026 νύμφη,
1769 954 1928 1025 μετέ-

349 1062 512 1115 εαλεν
537 1061 618 1123 είς
647 1058 850 1129 ἀρετῆς
878 1054 1207 1127 ὡραιότητα,
1228 1050 1421 1120 οὕτως,
1434 1043 1567 1102 οὖσα
1600 1046 1791 1118 πικρὰ,
1831 1045 1927 1113 γέ-

349 1169 506 1220 γονεν
553 1149 742 1221 ἡδίστη
790 1164 851 1201 τε
902 1144 1052 1216 αὑτῷ
1094 1143 1188 1197 καὶ
1233 1142 1479 1210 γλυκεῖα.
1526 1136 1667 1209 Φησὶ
1712 1136 1926 1199 τοίνυν,

350 1249 536 1319 ὥσπερ
566 1250 651 1301 ’ὲν
697 1247 818 1308 ταῖς
873 1242 1211 1313 σωματικαῖς
1264 1238 1497 1310 τρυφαῖς
1546 1234 1581 1305 ἡ
1631 1230 1930 1301 πολυτελὴς

348 1340 550 1413 εὐωχία
602 1337 987 1411 περιπόθητος,
1040 1334 1184 1388 οὕτω
1234 1335 1346 1396 τοῖς
1400 1330 1501 1403 τὴν
1553 1325 1929 1398 πνευματικὴν

348 1431 591 1504 τρυφῶσι
622 1428 835 1501 τρυφὴν
865 1430 897 1499 ἡ
941 1425 1150 1499 ἀγάπη.
1188 1423 1301 1495 Τῆς
1333 1424 1392 1478 δέ
1436 1439 1554 1477 σου
1582 1416 1930 1489 ἀντωνυμίας

352 1523 606 1597 κειμένης
649 1521 799 1593 παρὰ
824 1524 937 1585 τοῖς
968 1518 1170 1582 ἄλλοις,
1199 1517 1350 1585 λέγοι
1380 1515 1469 1578 ἂν,
1497 1514 1577 1584 Τῇ
1610 1512 1800 1583 ἀγάπῃ
1839 1511 1927 1561 ὲν-

347 1619 556 1689 τρυφᾷς
585 1614 744 1669 πλέον
775 1614 885 1669 τῶν
918 1612 1094 1667 ἄλλων
1117 1609 1214 1664 τοῦ
1246 1608 1555 1679 πνεύματος
1578 1604 1828 1677 καρπῶν,
1852 1602 1929 1666 ὡς

345 1709 521 1762 πάντα
566 1708 631 1761 δι’
672 1707 841 1776 αὐτὴν
877 1703 1103 1765 στένειν,
1144 1700 1325 1753 πάντα
1357 1696 1671 1766 ὑπομένειν.
1717 1693 1930 1762 ’Ὠσπερ

339 1795 397 1850 δὲ
427 1796 697 1867 σωμάτων
740 1794 858 1848 ἐστὶ
897 1790 1072 1863 βραχὺ
1111 1807 1164 1841 τι
1201 1789 1294 1840 καὶ
1337 1786 1603 1857 μεγέθους
1631 1782 1927 1853 ὑστεροῦν,

340 1888 515 1951 οὕτως
542 1889 638 1940 καὶ
665 1886 845 1955 ψυχῆς
876 1881 1155 1948 ἀναλόγως
1186 1874 1267 1943 οἷς
1292 1878 1703 1949 διαπράττεται.

2033 588 2226 644 Adhuc
2255 601 2492 657 sponsus
2520 585 2635 640 haec
2658 585 2922 655 loquitur,
2958 585 3236 642 admirans
3269 588 3388 656 ejus
3415 586 3469 641 in
3499 605 3615 641 me-

2033 682 2141 736 lius
2187 679 2569 734 mutationem.
2614 676 3086 743 Quemadmodum
3131 679 3276 734 enim
3311 680 3610 734 elemento~

2031 787 2156 827 rum
2190 771 2331 825 bona
2361 768 2672 839 temperies,
2701 783 2992 838 corporum
3034 770 3328 824 sanitatem
3359 775 3609 836 praestat;

2034 863 2116 919 sic
2140 878 2204 917 ex
2240 860 2668 930 appetitionihus
2693 875 2758 915 ac
2779 860 3218 915 emanationibus
3249 859 3456 912 sanitas
3475 874 3612 927 qno-
3715 859 3721 866 '

2030 952 2327 1009 dummodo
2358 966 2424 1005 ac
2456 948 2809 1020 pulchritudo
2840 949 3040 1003 anima:
3070 947 3296 1002 accedit.
3325 945 3500 999 Sicuti
3524 960 3614 997 an-

2030 1053 2139 1099 tem
2186 1044 2368 1098 anima
2403 1056 2526 1112 qua
2567 1056 2635 1095 ex
2681 1040 2941 1095 vitiorum
2991 1038 3114 1092 labe
3160 1037 3334 1107 turpis
3376 1044 3521 1100 erat,
3558 1036 3612 1087 iu

2032 1133 2248 1190 virtutis
2280 1131 2742 1204 pulchritudinem
2777 1139 2987 1186 mutata
3021 1128 3238 1183 transiit
3266 1145 3279 1181 :
3313 1127 3393 1181 sic
3426 1140 3613 1179 amara

2031 1241 2156 1282 cum
2203 1233 2372 1291 esset,
2421 1223 2745 1279 dulcissima
2777 1223 2827 1277 ei
2859 1229 2916 1277 et
2953 1219 3280 1276 suavissima
3330 1216 3474 1271 facta
3506 1222 3609 1268 est.

1950 1330 1958 1338 ·
2030 1318 2121 1371 Ait
2146 1318 2350 1386 itaque,
2370 1316 2827 1387 quemadmodum
2856 1315 2996 1369 inter
3015 1312 3330 1382 corporales
3362 1307 3608 1370 delicias,

2031 1409 2165 1464 lauti
2205 1409 2440 1464 convivii
2488 1408 2660 1477 epulae
2691 1407 2847 1462 valde
2892 1403 3288 1461 desiderabiles
3333 1408 3494 1462 sunt,
3531 1397 3613 1451 sic

2031 1505 2099 1559 iis
2122 1503 2216 1572 qui
2248 1501 2587 1571 spiritalibus
2613 1501 2869 1554 fruuntur
2897 1498 3127 1561 deliciis,
3156 1495 3417 1553 charitas.
3455 1491 3610 1558 Quod

2032 1604 2215 1649 autem
2243 1592 2383 1661 apud
2412 1593 2548 1644 alios
2583 1591 2903 1658 interpretes
2933 1602 3233 1657 pronomen
3254 1595 3347 1639 tua
3371 1584 3608 1652 positum
3677 1616 3682 1622 ο

2033 1687 2132 1750 sit,
2168 1684 2348 1737 dicere
2388 1682 2592 1751 possit,
2627 1696 2737 1749 pra:
2782 1680 3007 1748 reliquis
3054 1679 3280 1748 spiritus
3308 1676 3607 1736 fructibus.

2033 1776 2298 1831 charilate
2327 1772 2500 1842 magis
2530 1770 2822 1835 deliciaris,
2848 1771 3053 1838 quippe
3081 1784 3203 1838 qua:
3221 1776 3438 1838 propter
3460 1764 3607 1820 illam

1954 1854 2001 1912 Β
2028 1868 2213 1923 omnia
2236 1866 2487 1927 sufferas,
2505 1864 2689 1916 omnia
2715 1863 3006 1916 sustineas.
3027 1860 3497 1925 Quemadmodum
3513 1872 3612 1911 au-

343 1990 453 2033 tem
480 1950 535 2031 in
556 1950 879 2046 corporibus
908 1974 1070 2028 breve
1082 1971 1339 2041 quiddam
1372 1980 1458 2027 est
1489 1979 1652 2041 atque
1667 1985 1696 2024 a
1718 1968 1867 2038 jusla
1885 1962 2028 2019 mole
2044 1959 2324 2025 deﬁciens,
2344 1959 2423 2012 sic
2436 1956 2561 2010 etin
2584 1954 2762 2008 anima
2779 1967 2875 2023 pro
2889 1968 3076 2007 eorum
3094 1967 3212 2020 quae
3230 1950 3607 2020 geritratiorw.

421 2070 530 2123 Καὶ
563 2072 617 2122 ol
653 2068 878 2138 μαστοί
918 2081 1037 2122 σου
1078 2065 1203 2132 τοῖς
1236 2067 1553 2135 βότρυσιν.
1605 2066 1812 2133 Ἦγουν
1854 2060 1924 2115 τὰ

348 2159 598 2229 κοήματά
644 2175 759 2222 σου,
796 2157 980 2228 φησὶν,
1032 2156 1279 2231 τρόφιμα
1326 2173 1385 2210 τε
1425 2155 1520 2209 καὶ
1560 2154 1784 2225 πότιμα,
1830 2152 1925 2207 καὶ

347 2249 599 2320 οὐδαμῶς
629 2248 1020 2321 όμφακίζοντα.

423 2339 810 2410 Ἀναϐήσομαι
840 2341 936 2394 ἐπὶ
968 2340 1049 2407 τῷ
1075 2342 1318 2411 φοίνικι.
1360 2340 1776 2396 Ἀπεικασθεῖσα
1806 2339 1924 2410 φοί-

346 2450 476 2494 νικι,
512 2432 726 2502 φοίνικα
758 2432 851 2485 τὸν
878 2432 1110 2503 νυμφίον
1144 2433 1320 2496 καλεῖ,
1353 2433 1417 2486 τὸ
1448 2432 1582 2502 ὕψος
1607 2432 1704 2486 καὶ
1737 2432 1801 2485 τὸ
1833 2430 1929 2502 μὲ-

346 2523 503 2590 γεθος
534 2524 629 2577 τοῦ
671 2525 844 2593 Λόγου
877 2525 1146 2595 νοήσασα·
1182 2525 1266 2593 ἐφ’
1299 2523 1336 2577 ἃ
1367 2524 1462 2577 καὶ
1505 2524 1732 2594 ἡλπισεν
1771 2522 1927 2577 ἀνελ-

347 2617 458 2672 θεῖν
482 2615 575 2668 ἐπὶ
602 2616 742 2669 τέλει
772 2614 882 2668 τῶν
922 2613 1231 2687 ’ᾼσμάτων,
1250 2614 1340 2666 ὅτε
1362 2613 1541 2666 τελεία
1567 2613 1715 2666 ἐστὶν
1743 2602 1851 2684 ἡνύ
1860 2631 1928 2683 μ-

346 2726 443 2779 φη,
486 2708 574 2760 ὅτε
619 2706 715 2760 καὶ
754 2706 1104 2777 ἀντιλήψεται
1136 2705 1246 2758 τῶν
1293 2704 1385 2759 τοῦ
1425 2706 1660 2774 νυμφίου
1709 2706 1931 2776 μαστῶν

344 2799 647 2870 δηλούντων
686 2796 756 2850 τὰ
796 2797 1087 2868 ὑψώματα.
1131 2798 1222 2851 Διὸ
1258 2797 1354 2852 καὶ
1393 2797 1637 2867 ἀμπέλου
1673 2797 1926 2868 βότρυσιν

346 2888 757 2953 ἀπεικάζονται,
796 2890 924 2961 περὶ
954 2884 1023 2961 ἧς
1046 2886 1199 2942 εἶπεν
1225 2892 1253 2943 ὁ
1292 2890 1517 2961 Σωτήρ*
1567 2887 1709 2957 Ἐγώ
1733 2890 1850 2959 ειμι
1884 2889 1924 2958 ἡ

346 2983 612 3051 ἄμπελος
648 2983 685 3050 ἢ
720 2980 1000 3048 ἀληθινή.
1035 2981 1114 3035 Τά
1144 2981 1200 3034 δὲ
1231 2983 1295 3035 ὲκ
1326 2981 1435 3034 τῶν
1472 2981 1563 3035 τοῦ
1598 2980 1758 3050 λόγου
1791 2999 1927 3052 κρυ-

347 3072 498 3125 πτῶν
548 3073 976 3143 ἐκπορευόμενα,
1027 3072 1122 3143 τὴν
1167 3074 1259 3125 τὸν
1307 3072 1512 3142 ἀγαθὸν
1562 3074 1752 3127 τοῦτον
1782 3068 1925 3127 οἶνον

346 3164 628 3237 χωροῦσαν
651 3163 742 3218 ἐπὶ
770 3164 1022 3217 τοσοῦτον
1050 3162 1217 3216 ἰθύνει
1241 3181 1301 3216 τε
1329 3165 1422 3216 καὶ
1455 3164 1759 3233 εὐφραίνει,
1783 3163 1923 3217 ὥστε

2103 2055 2259 2110 Vers.
2313 2051 2364 2105 7.
2399 2050 2468 2104 Et
2497 2048 2655 2103 ubera
2687 2058 2778 2101 tua
2812 2047 2998 2100 bom's.
3038 2044 3210 2100 Sensa
3258 2052 3368 2105 tua,
3399 2041 3607 2112 inquit,

2030 2146 2150 2202 esui
2185 2153 2349 2213 atque
2375 2141 2526 2212 potui
2556 2148 2681 2210 apta
2717 2138 2851 2191 nihil
2889 2137 3011 2193 vitis
3043 2136 3254 2190 acerba:
3288 2135 3510 2189 habent.

2102 2323 2253 2378 Vera.
2301 2321 2356 2376 8.
2411 2318 2781 2374 Asceudamiu
2823 2316 3078 2387 palmam.
3126 2313 3437 2377 Assimilata
3485 2312 3608 2381 pal-

2031 2430 2154 2483 mas,
2204 2413 2751 2484 palmamsponsum
2800 2417 2978 2472 vocat,
3048 2406 3207 2462 Verbi
3265 2405 3605 2471 altitudinem

2028 2522 2094 2563 ac
2142 2503 2572 2576 magnitudinem
2625 2501 2972 2570 intelligens,
3028 2516 3139 2568 quo
3196 2507 3250 2552 et
3300 2513 3359 2552 se
3422 2513 3609 2553 ascen-

2029 2612 2214 2656 suram
2269 2597 2509 2667 speravit
2539 2594 2595 2649 in
2637 2595 2744 2647 line
2785 2593 3158 2657 Canticorum,
3184 2590 3402 2659 quando
3430 2589 3607 2658 perfe~

2029 2705 2115 2748 cta
2148 2700 2232 2746 est
2268 2703 2495 2760 sponsa,
2536 2686 2759 2755 quando
2790 2684 2956 2738 etiam
3011 2696 3236 2750 compos
3295 2679 3477 2734 futura
3526 2688 3610 2733 est

2032 2785 2264 2839 uberum
2312 2779 2524 2849 sponsi,
2568 2778 2770 2847 quibus
2814 2775 3168 2830 celsitudines
3216 2771 3362 2826 illius
3401 2771 3607 2841 signiti-

2033 2880 2247 2927 cantur.
2282 2869 2410 2924 Ideo
2438 2868 2818 2923 assimilautur
2847 2864 3020 2919 botris
3062 2879 3199 2930 uvze,
3234 2862 3301 2917 de
3336 2877 3443 2932 qua
3474 2861 3607 2917 dicit

2034 2964 2282 3019 Salvator
2330 2981 2343 3016 :
2387 2961 2497 3031 Ego
2544 2976 2663 3015 sum
2705 2960 2827 3012 ritis
2869 2974 2992 3012 vera
3031 2957 3093 3011 “.
3139 2957 3271 3023 Qua:
3316 2964 3497 3011 autem
3536 2972 3604 3011 ea

2030 3055 2180 3111 verbi
2210 3052 2441 3108 occultis
2475 3051 2794 3121 procedunt,
2826 3064 2946 3104 eam
2980 3062 3103 3117 qua;
3143 3047 3270 3101 boui
3303 3047 3468 3116 hujus
3493 3047 3601 3101 viui

2032 3161 2200 3218 capax
2252 3146 2343 3211 sit,
2377 3146 2457 3200 sic
2504 3142 2751 3212 dirigunt
2799 3157 2863 3196 ac
2914 3141 3217 3206 laetiiicant,
3270 3147 3332 3192 ut
3382 3139 3604 3207 quando

347 3228 527 3323 λέγειν
553 3256 639 3308 ὅτε
663 3254 760 3323 δεῖ,
798 3254 893 3307 καὶ
922 3250 1002 3317 οἷς
1026 3253 1126 3316 δεῖ,
1167 3255 1262 3306 καὶ
1293 3255 1417 3307 ὅσον
1448 3228 1546 3307 δεῖ.
1564 3228 1658 3308 -Τά
1687 3257 1786 3326 μὲν
1816 3254 1924 3325 γὰρ

2028 3243 2243 3307 Oportet
2266 3245 2322 3289 et
2347 3235 2548 3305 quibus
2578 3239 2814 3303 oportet,
2847 3242 2903 3286 ct
2938 3239 3204 3301 quantum
3237 3237 3482 3299 oportet,
3524 3228 3605 3281 lo-

348 3346 499 3417 χεί).η
529 3346 619 3399 τὸν
646 3346 820 3415 λόγον,
856 3348 904 3399 oi
933 3346 990 3399 δὲ
1021 3346 1232 3409 ὀδόντες
1266 3345 1363 3417 τὴν
1393 3345 1686 3417 ἐχεμυθίαν
1726 3346 1923 3416 ἐμφαί-

347 3455 516 3501 νουσι,
559 3438 701 3491 κατὰ
734 3438 815 3490 τόο
874 3435 959 3502 Τῷ
1005 3436 1258 3506 στόματί
1284 3450 1401 3490 σου
1443 3441 1704 3505 ποίησον
1737 3440 1925 3506 θύραν

347 3527 444 3582 καὶ
468 3528 723 3598 μοχλὸν,
757 3526 855 3581 καὶ
880 3527 1005 3593 τοῖς
1035 3529 1239 3596 λόγοις
1264 3541 1381 3581 σου
1405 3526 1629 3596 μέτρον
1655 3529 1751 3581 καὶ
1778 3544 1926 3583 στα-

348 3624 508 3691 θμόν.
563 3622 683 3675 Τῶν
724 3622 782 3675 δὲ
819 3619 1076 3674 τοιούτων
1116 3619 1175 3672 οὐ
1219 3617 1379 3689 μόνον
1428 3619 1647 3690 ἀσφαλῆ
1697 3619 1766 3673 τὰ
1800 3621 1927 3692 νοή-

351 3731 516 3784 ματα,
546 3713 681 3767 ἀλλά
721 3713 815 3767 καὶ
849 3714 917 3768 τὰ
951 3704 1103 3785 χείλη
1141 3711 1392 3784 αἰσθήσει
1430 3711 1658 3765 δέδεται.
1686 3707 1843 3776 Divo;
1869 3712 1927 3765 δὲ

347 3804 551 3872 ἀγαθὸς
565 3807 593 3858 ό
614 3805 675 3870 ἐξ
693 3802 898 3874 ἀγαθοῦ
916 3801 1193 3875 θησαυροῦ
1208 3800 1437 3872 καρδίας
1458 3800 1924 3872 προσφερόμενος.

436 3894 576 3965 Ἐγὼ
625 3895 703 3967 τῷ
754 3893 1056 3964 ἀδελφιδῷ
1097 3910 1237 3963 μου,
1283 3891 1383 3948 καί
1430 3892 1522 3945 ἐπ’
1561 3891 1668 3961 ἐμὲ
1713 3892 1755 3958 ἠ
1797 3892 1927 3944 ἐπι-

347 3988 581 4058 στροφὴ
614 3988 821 4042 αὐτοῦ.
857 3984 1249 4057 Τελειωθείσης
1276 3987 1305 4037 ὁ
1347 3984 1525 4052 λόγος,
1553 3983 1636 4036 ὅτι
1674 3981 1927 4053 μηδαμοῦ

350 4082 661 4153 παντοδαπῆ
679 4082 980 4135 ἀνάπαυσιν
1006 4080 1227 4150 εὑρήσει
1251 4078 1357 4133 ὑπὸ
1376 4076 1567 4130 ἑαυτὸν
1593 4073 1928 4147 ἐπιστρέψας

346 4175 424 4240 ὡς
460 4178 589 4246 παρ’
612 4177 637 4227 ὲ
645 4173 755 4247 μοί.
1418 4238 1429 4246 θ

434 4264 629 4330 Ἐλθὲ,
667 4264 953 4335 ἀΰελφιδέ
979 4281 1121 4334 μου.
1156 4261 1296 4334 Περὶ
1334 4258 1442 4312 τῶν
1466 4257 1926 4330 ὑποδεεστέρωνή

347 4354 535 4427 νύμφη
566 4354 902 4427 παρακαλεῖ,
934 4353 1009 4418 ὡς
1037 4354 1104 4405 ἐκ
1133 4350 1243 4404 τῶν
1281 4347 1575 4402 ἐνδοτάτων
1608 4347 1701 4400 καὶ
1745 4363 1925 4418 μακαα

352 4447 484 4519 ρίων
510 4447 824 4518 διατριϐῶν,
851 4449 931 4511 εἰς
962 4447 1063 4517 τὴν
1090 4444 1296 4499 τούτων
1334 4441 1639 4512 ἐπισκοπὴν
1668 4437 1925 4504 ἐξελθεῖν.

348 4534 507 4595 Οὗτοι
549 4540 661 4612 γὰρ
704 4539 873 4612 ἀγρὸς
924 4539 1019 4594 καὶ
1063 4538 1278 4611 κῶμαι,
1335 4537 1430 4592 καὶ
1465 4532 1785 4608 ἀμπελῶνες
1832 4532 1928 4587 καὶ
1956 4580 2007 4640 D

992 4721 1151 4775 ΚΕΦ.
1191 4720 1274 4775 Η’.

421 4813 704 4884 Εὑροῦσὰ
728 4829 801 4869 σε
824 4814 960 4879 ἐξω,
981 4811 1221 4883 φιλήσω
1244 4826 1338 4867 σε.
1367 4812 1574 4881 Ἥγουν
1600 4808 1705 4879 ἔξω
1732 4810 1929 4883 Ἰερου-

350 4905 553 4978 σαλὴμ,
584 4907 719 4959 ὅπου
749 4906 911 4959 ὲσταυ
919 4904 1088 4976 ρώθη.

426 4998 676 5066 "amerca
731 4995 911 5066 ὑμᾶς,
955 4993 1277 5065 θυγατέρες
1341 4990 1747 5067 Ἰερουσαλήμ.
1788 4989 1928 5061 Ἤδη

346 5089 602 5162 δεύτερον
635 5087 901 5160 ὥρκισεν,
936 5086 1052 5141 ἀλλ’
1087 5082 1473 5155 άμφιϐαλοῦσα
1508 5080 1818 5154 προσετίθει
1864 5081 1927 5133 τὸ

347 5180 486 5236 ἑὰνν
522 5180 617 5234 νῦν
652 5180 710 5233 δὲ
743 5179 818 5243 ὡς
848 5176 1105 5242 διδάξασα
1136 5176 1196 5229 τὸ
1227 5170 1364 5239 εἶδος
1394 5175 1492 5246 τῆς
1525 5172 1796 5244 ὲγέρσεως
1831 5171 1927 5225 καὶ

348 5275 448 5344 τῆς
481 5270 814 5343 ὲξεγέρσεως
841 5272 935 5325 καὶ
968 5271 1068 5341 τῆς
1110 5268 1334 5339 ἀγάπης
1362 5266 1527 5321 οἱονεὶ
1563 5265 1889 5337 παρίστησιν
1909 5279 1922 5292 ·

348 5368 476 5419 Ὅτι
507 5365 746 5438 ὁρκοῦσα
776 5364 920 5434 ὑμᾶς
952 5361 1094 5417 κατά
1125 5360 1292 5416 τῶνδε
1314 5359 1528 5431 ὥρκισα
1556 5357 1609 5411 τί
1641 5356 1890 5428 ὲγείρητε
1911 5393 1925 5421 ,

346 5455 445 5510 καὶ
474 5455 527 5507 τί
559 5453 890 5526 ὲξεγείρητε.
938 5511 944 5518 ,

425 5546 537 5613 Θές
578 5565 657 5616 με
703 5548 785 5613 ὠς
837 5543 1140 5615 σφραγίδα
1183 5542 1283 5596 ἐπὶ
1332 5539 1448 5609 τὴν
1498 5537 1751 5608 καρδίαν
1786 5554 1925 5593 σου.

347 5634 726 5705 ὶΙρατρὲπεται
760 5632 927 5702 αὐτὴν
954 5633 984 5685 ὁ
1021 5631 1252 5701 νυμφίος
1281 5631 1388 5684 πᾶν
1410 5629 1589 5700 νόημα
1612 5626 1707 5682 καὶ
1730 5627 1930 5701 πρᾶξιν

429 5836 469 5867 ιδ
495 5832 650 5888 .loan.
683 5850 770 5901 xv,
820 5835 865 5889 ⁸.
906 5834 945 5865 ’⁵
987 5831 1152 5889 Eccli.
1194 5848 1387 5900 xxvm,
1425 5831 1516 5901 ‘29.

2024 3339 2243 3398 quatur.
2275 3327 2442 3382 Labia
2476 3325 2622 3381 enim
2666 3336 2996 3387 sermonem,
3036 3323 3229 3378 dentes
3261 3319 3602 3391 prudentiam

2026 3421 2331 3491 designant,
2380 3419 2537 3488 juxta
2571 3418 2748 3473 illud:
2805 3416 2901 3472 Ori
2956 3425 3044 3468 tuo
3080 3415 3167 3483 {ac
3199 3414 3397 3469 ostium
3429 3422 3479 3466 et
3519 3424 3605 3465 oe-

2026 3521 2178 3577 ctem,
2208 3521 2258 3566 et
2286 3512 2451 3566 verbis
2478 3511 2582 3564 luis
2617 3509 2936 3578 {nomadum
2960 3517 3011 3561 et
3034 3516 3288 3561 stateram
3315 3504 3376 3558 ¹⁵.
3398 3502 3603 3558 Eorum

2026 3612 2207 3658 autem
2240 3604 2332 3673 qui
2377 3603 2512 3657 tales
2534 3610 2707 3667 sunt,
2731 3616 2836 3654 non
2874 3599 3051 3653 solum
3082 3612 3243 3653 sensa
3287 3604 3399 3649 tuta
3433 3604 3563 3649 sunt
3586 3634 3600 3655 ,

2026 3710 2217 3749 verum
2252 3696 2415 3748 etiam
2461 3694 2602 3748 labia
2646 3707 2812 3747 sensu
2852 3691 3126 3745 devincta.
3158 3687 3370 3741 Bonum
3414 3687 3602 3741 vinum

2026 3796 2132 3850 est,
2160 3787 2306 3855 quod
2338 3801 2402 3839 ex
2432 3786 2577 3839 bono
2601 3784 2789 3839 cordis
2813 3784 3070 3835 thesauro
3097 3777 3394 3848 profertur.

2101 3876 2259 3932 Vers.
2296 3876 2383 3929 10.
2420 3874 2534 3944 Ego
2564 3874 2802 3942 fraterno
2834 3889 2968 3935 meo,
2999 3883 3049 3925 et
3082 3886 3240 3939 super
3276 3886 3355 3922 me
3382 3884 3602 3923 corruera-

2029 3970 2108 4023 sio
2130 3970 2263 4039 ejus.
2294 3967 2429 4037 Ejus
2474 3982 2655 4023 sermo
2692 3975 2777 4021 est
2816 3979 2940 4035 quae
2982 3963 3365 4033 perfectionem
3410 3962 3602 4030 adepta

2030 4061 2139 4116 sit:
2188 4077 2455 4130 nusquam
2511 4058 2784 4125 videlicet,
2845 4071 3176 4127 quocunque
3229 4064 3288 4109 se
3344 4053 3601 4115 verterit,

2031 4166 2261 4222 prorsus
2296 4152 2563 4221 requiem,
2593 4150 2669 4204 uti
2703 4150 2754 4202 in
2787 4164 2894 4212 me,
2920 4147 3240 4200 inventurus
3269 4152 3372 4198 est.

2103 4240 2259 4313 103
2279 4240 2430 4296 Vers.
2451 4240 2537 4295 11.
2574 4238 2722 4303 Veni,
2750 4237 3087 4307 fraternemi.
3119 4233 3224 4289 Pro
3255 4230 3600 4288 inferioribus

2029 4330 2280 4386 obsecrat
2311 4345 2533 4400 sponsa,
2564 4338 2622 4382 ut
2656 4344 2720 4381 ex
2747 4326 3102 4396 peuitissimis
3128 4325 3405 4391 beatisque
3433 4323 3601 4378 moris

2024 4424 2097 4481 ad
2134 4437 2324 4479 eorum
2372 4420 2766 4490 inspectionem
2796 4426 2975 4471 exeat.
3012 4415 3074 4468 lli
3107 4417 3250 4469 enim
3283 4431 3411 4486 ager
3446 4424 3597 4480 sunt,

2032 4523 2088 4570 et
2107 4514 2350 4581 castella,
2377 4521 2431 4568 et
2459 4513 2649 4578 vineas,
2681 4520 2843 4580 atque
2869 4508 3261 4578 malogranata.

2654 4692 2809 4753 CAP.
2850 4692 2983 4756 νηί.

2104 4792 2257 4848 Vers.
2293 4792 2342 4848 ι.
2382 4788 2650 4845 luveniens
2683 4799 2730 4842 te
2757 4789 2910 4857 foris,
2944 4785 3221 4840 osculabar
3247 4795 3313 4838 re.
3344 4779 3603 4837 Videlicet

1956 4886 1963 4887 ί
2032 4895 2183 4942 extra
2211 4883 2535 4948 Jerusalem,
2563 4882 2654 4936 ubi
2678 4879 2971 4935 cruciﬁxus
2996 4888 3097 4932 est.

2103 4978 2258 5035 Vers.
2306 4979 2358 5037 4.
2388 4975 2649 5059 4djuravi
2694 4990 2802 5041 vos,
2842 4973 2969 5043 ﬁlia:
2995 4969 3314 5027 Jerusalem.
3347 4967 3465 5022 Jam
3502 4967 3603 5021 ite-

2033 5087 2156 5128 rum
2190 5069 2486 5140 adjuravit,
2521 5069 2617 5126 sed
2655 5066 2821 5125 dubia
2869 5065 2915 5119 si
2964 5064 3197 5133 adjecit;
3225 5075 3371 5116 nunc
3419 5068 3598 5114 autem

2033 5164 2181 5218 velut
2203 5161 2470 5225 docendo,
2504 5174 2675 5229 genus
2719 5155 3095 5212 suscitationis
3134 5163 3188 5208 et
3229 5150 3605 5206 cxsuscitatio—

2034 5256 2121 5312 nis
2173 5269 2243 5310 ac
2295 5253 2577 5309 charitatis
2626 5251 2864 5315 ostendit
2908 5266 2921 5302 :
2977 5246 3103 5316 quia
3146 5242 3448 5316 adjurando
3499 5253 3597 5292 \os

2035 5365 2130 5418 per
2159 5348 2274 5403 haec
2311 5346 2578 5418 adjuravi,
2612 5343 2745 5415 quid
2788 5342 3094 5407 suscitctis,
3121 5348 3177 5395 et
3199 5336 3330 5405 quid
3358 5330 3603 5388 exsusci-

2035 5440 2178 5495 telis.

2108 5528 2264 5585 Vers.
2297 5525 2351 5584 6.
2382 5527 2525 5582 Pone
2549 5542 2630 5583 me
2665 5534 2721 5578 ut
2753 5518 3086 5591 signaculum
3127 5528 3282 5583 super
3312 5528 3402 5567 cor
3432 5519 3601 5568 tuum.

2035 5620 2295 5678 Hortatur
2320 5635 2442 5676 eam
2469 5631 2728 5688 sponsus,
2761 5622 2816 5668 ut
2841 5622 3073 5679 omnem
3102 5603 3267 5661 animi
3309 5603 3604 5673 cogitatum
