4130 6436
452 365 559 425 2H
1880 358 1943 413 IN
1990 359 2045 415 IS

2148 358 2246 414 lM.
3603 356 3709 416 218

459 483 515 536 in
540 495 658 551 cap2
680 493 735 551 vi
762 475 932 551 [sane
952 474 1089 530 citat
1116 474 1288 551 locum
1313 490 1342 529 e
1369 482 1510 535 tome
1541 481 1722 551 octauo
1766 473 1853 527 ubi
1882 474 2090 551 dicebat
2120 473 2396 551 Origenes,
2420 472 2486 551 _si
2517 469 2916 551 Scripturarum
2961 488 3233 551 sacrarum
3268 479 3440 551 textus
3480 471 3710 528 Hebrai-

456 568 550 607 ctts
574 541 830 604 a'ludteis
857 546 1084 615 falsatus
1105 544 1323 615 fuisset,
1341 561 1607 615 nunquam
1642 544 1884 615 futurum
1911 545 2099 613 fuisse,
2138 553 2194 615 ut
2222 541 2239 593 ἆ
2279 541 2531 615 Dominus
2560 550 2608 594 et
2639 542 2864 615 apostoli
2890 542 2978 611 qui
3006 551 3194 597 cetera
3221 543 3445 615 crimina
3479 557 3708 613 arguunt

460 623 515 675 in
547 616 748 675 Scribis
775 626 824 671 et
857 610 1173 678 Pharisazis,
1205 614 1268 668 de
1298 610 1402 667 hoc
1440 610 1659 667 crimine
1695 613 1832 682 quod
1862 610 1976 666 erat
2004 614 2297 667 maximum
2337 611 2686 664 reticuissem.
2709 627 2739 682 ρ
2776 610 3025 682 Observat
3053 621 3309 682 prmterea
3358 610 3708 682 Hieronymus

460 691 552 747 lib.
581 705 598 744 ι
625 688 681 742 in
716 686 972 742 Ruﬁnum
1004 685 1325 740 tricesimum
1368 692 1565 737 tomum
1593 678 1813 738 desiisse
1840 684 2191 753 explicatione
2218 697 2380 752 quam
2406 682 2664 735 didicerat
2693 678 2944 752 Origenes
2971 680 3036 734 ab
3079 679 3246 734 Huilo
3276 678 3586 736 Iudaeorum
3609 700 3708 753 pa-

463 759 720 818 triarcha.

533 829 735 883 Prteter
760 829 913 882 hosce
942 835 1131 890 tomos,
1162 823 1467 893 ferebantur
1506 832 1663 893 (etate
1705 819 2037 893 Hieronymi,
2088 820 2298 893 utipse
2336 820 2412 893 ait
2441 818 2654 893 prwfat.
2693 830 2984 893 comment.
3020 820 3077 874 in
3108 818 3332 893 Isaiam,
3366 838 3391 893 Δσ
3417 829 3465 893 et
3494 822 3590 875 alii
3612 822 3708 875 sub

463 899 668 953 nomine
695 898 811 966 ejus
842 897 907 950 de
939 888 1137 966 visione
1162 888 1574 964 quadrupedum
1608 892 1713 944 duo
1743 891 1811 944 ad
1839 888 2064 946 Gr'utam
2107 888 2231 966 libri
2263 891 2353 960 qui
2373 888 2779 966 pseudogrpphi
2807 890 3156 966 putabantur,
3181 899 3231 944 et
3274 890 3458 959 viginti
3485 892 3711 961 quinque

463 958 792 1031 homiliw,'et
824 965 1218 1025 adnotationes,
1242 958 1643 1033 quas'excerpta
1678 977 1956 1031 possumus
1986 958 2283 1031 appellare.
2309 977 2334 1033 ιΔ
2360 958 2605 1033 ιὸρνὶρά
2633 958 2858 1013 Graiam
2889 961 3176 1033 perierunt,
3226 958 3443 1013 necnon
3465 958 3711 1033 excerpta

459 1054 553 1093 seu
579 1027 802 1092 scholia.
834 1034 1106 1105 Eiviginti
1135 1027 1361 1105 quinque
1402 1027 1962 1105 liontiliis_supersunt
1999 1027 2368 1105 tantummodo
2411 1027 2966 1105 Latinenopeniguas
3011 1031 3386 1105 interpretatus
3411 1039 3488 1085 est
3528 1027 3711 1083 beatus

464 1106 840 1176 Hieronymus.
877 1097 1525 1176 ObservatpRuﬁ'nustlib.
1569 1118 1607 1156 ιι
1650 1100 1708 1176 in
1745 1097 2533 1176 Hieronynt_ttm).interpretein
2568 1099 2739 1176 nimia
2783 1097 3027 1176 libertate
3053 1097 3207 1176 usum
3236 1098 3420 1169 fuisse,
3456 1108 3612 1176 atque
3647 1115 3713 1152 ea:

464 1167 704 1232 omnibus
733 1174 1000 1229 erroribus
1025 1174 1212 1244 quibus
1232 1167 1537 1244 scatebunt,
1556 1188 1642 1226 eos
1674 1167 2049 1244 duntaxat'qui
2074 1167 2349 1244 catholica;
2383 1168 2446 1221 de
2479 1167 2751 1244 _Trinitate
2788 1168 2916 1244 ﬁdei
2948 1167 3394 1244 adversabantur,
3412 1167 3711 1244 sustulisse,

462 1255 553 1300 aut
577 1246 646 1299 ad
667 1236 1053 1299 clementiorem
1084 1259 1291 1297 sensum
1316 1236 1632 1313 quibusdam
1656 1240 1855 1313 additis
1872 1280 1886 1298 .
1914 1236 2235 1313 quibusdam
2261 1238 2519 1313 detractis
2551 1236 2836 1313 revocasse.
2863 1236 2938 1313 In
2959 1239 3256 1313 exemplum
3287 1237 3507 1292 adducit
3534 1237 3710 1313 lacum

461 1332 526 1370 ex
559 1314 779 1368 homilia
808 1315 1004 1384 prima,
1033 1312 1124 1367 ubi
1157 1306 1437 1383 postquam
1483 1313 1634 1384 uertit
1676 1306 2035 1384 Hieronginus
2058 1325 2077 1363 :
2111 1306 2273 1384 εόυε
2314 1318 2460 1384 sunt_
2480 1309 2585 1384 ista
2623 1310 2728 1384 duo
2762 1308 3069 1384 seraphim?
3100 1306 3357 1362 Dominus
3376 1324 3529 1384 meus
3553 1306 3713 1384 {esus

464 1384 706 1441 Christus
755 1376 819 1437 et'
851 1381 1084 1452 Spiritus
1130 1376 1365 1446 sanctus,
1401 1402 1420 1434 ι
1474 1383 1539 1436 de
1589 1396 1686 1434 suo
1731 1376 1941 1452 addidit
1988 1393 2006 1430 :
2040 1397 2059 1429 ι
2100 1376 2182 1431 Ne
2218 1387 2369 1447 putes
2418 1376 2696 1434 Trinitatis
2736 1378 2992 1452 dissidere
3034 1388 3301 1445 naturam,
3337 1378 3388 1452 si
3441 1378 3712 1452 nominum

463 1446 955 1523 seruanturroﬁiciu.
985 1471 1004 1504 ι
1041 1449 1107 1506 1η
1134 1452 1216 1507 his
1240 1453 1474 1507 homiliis
1497 1468 1558 1504 ac
1580 1450 1872 1523 prtcsertim
1895 1457 2162 1523 quartaft
2194 1446 2341 1523 serta
2380 1464 2667 1523 sermonem
2700 1448 2768 1523 ad
2798 1449 3189 1523 catechumenos
3206 1458 3255 1523 et
3277 1449 3347 1523 ad
3361 1448 3608 1523 populum
3625 1446 3713 1499 di-

464 1525 587 1593 rigit
608 1540 628 1578 :
658 1515 1001 1578 unde'nullus
1031 1523 1310 1576 dubitandi
1351 1523 1495 1593 locus
1529 1515 1609 1593 est
1630 1520 1759 1593 quin
1778 1515 1926 1593 cera}
1967 1515 2204 1593 humility
2239 1517 2366 1593 sint,
2404 1518 2526 1593 licet
2557 1518 2913 1593 constrictiori
2953 1529 3002 1572 et
3044 1518 3336 1593 obscuriori
3361 1515 3714 1593 enuntientur

465 1584 627 1663 siglo,
650 1608 811 1663 quam
836 1593 1394 1663 uulgogexprimuntur
1419 1590 1542 1644 alia:
1572 1584 1815 1658 Origenis
1841 1586 2094 1663 homilire.
2123 1584 2288 1663 ana
2312 1588 2619 1663 imperfecta
2640 1597 2739 1651 est,
2770 1587 2918 1663 eique
2945 1590 3465 1663 perperamjnsertus
3491 1596 3568 1640 est
3588 1587 3712 1654 ﬁnis

465 1654 698 1716 ho'milias
724 1677 876 1717 nonte
899 1654 955 1714 in
979 1654 1289 1715 Jerémiam.
1324 1658 1441 1723 Quo
1466 1654 1694 1728 tempore
1720 1657 2082 1728 pronuntiata:
2113 1655 2338 1724 fuerint.
2371 1654 2642 1728 incertum
2654 1666 2755 1728 est.
2782 1654 2849 1709 Id
2879 1654 3046 1711 unum
3069 1658 3236 1713 statui
3268 1664 3436 1728 potest
3478 1672 3715 1727 pronun-

468 1732 631 1786 tiatus
665 1732 833 1801 fuisse
854 1730 918 1784 ab
954 1729 1179 1800 Origene
1206 1728 1528 1798 presbytero.
1561 1725 1700 1795 Ergo
1722 1724 2058 1780 collocanda
2077 1734 2343 1794 suntpost
2366 1740 2562 1778 annum
2582 1724 2711 1779 223.

461 1903 2282 1945 α------ι------------‹-

1184 2062 1299 2123 EX
1348 2060 1592 2122 LlBRO
1651 2057 1908 2121 PRIMO
1965 2057 2347 2121 ORIGENIS
2407 2058 2656 2121 SUPER
2690 2058 2997 2122 ISAIAM.

540 2375 695 2447 105
714 2374 824 2448 (78)
838 2372 2047 2445 SicutdicitApostolusquoniamwmulatores
2078 2374 2121 2435 Α
2147 2371 2234 2428 bis
2263 2386 2407 2427 unus
2446 2380 2534 2427 est
2577 2371 2718 2427 Deus
2754 2368 2914 2427 Pater
2945 2386 3013 2427 ex
3057 2340 3168 2442 quo
3198 2373 3382 2428 omnia
3406 2412 3422 2440 ,
3464 2389 3606 2428 unus
3635 2382 3721 2430 est

464 2470 590 2523 estis
613 2468 898 2538 spirituum
922 2465 968 2500 ²⁰
1001 2482 1019 2523 :
1047 2465 1191 2522 sicut
1214 2481 1340 2522 cum
1373 2482 1515 2521 unus
1546 2465 1616 2521 sit
1647 2465 1868 2537 spiritus
1900 2464 2037 2520 tanti
2141 2477 2274 2534 ergo
2308 2477 2471 2519 verus
2500 2460 2645 2519 Deus
2669 2462 2797 2532 qui,
2824 2472 2885 2517 ut
2913 2464 2985 2517 ita
3015 2462 3280 2529 dixerim,
3325 2472 3612 2534 przestator
3634 2473 3720 2520 est

464 2575 559 2629 per
585 2557 832 2630 singulos
861 2557 1118 2613 dicuntur
1151 2556 1390 2627 Spiritus
1443 2555 1646 2621 sancti,
1679 2554 1869 2626 quanti
1909 2562 2040 2611 sunt

467 2651 520 2706 hi
566 2650 661 2721 qui
712 2649 916 2706 habent
947 2648 1001 2703 in
1043 2663 1102 2703 se
1146 2647 1410 2718 Spiritum
1446 2657 1696 2702 sanctum
1730 2647 1848 2702 :ita
1885 2657 1940 2703 et
1970 2647 2039 2703 de

463 2740 687 2795 Christo
715 2738 1007 2795 dicendum
1039 2746 1143 2794 est.
1192 2737 1276 2793 Ab
1309 2752 1421 2791 uno
1453 2736 1596 2791 enim
1627 2736 1848 2793 Christo
1883 2737 2037 2792 multi

466 2832 602 2888 liunt
645 2831 887 2896 Christi,
936 2831 1003 2886 de
1056 2830 1259 2901 quibus
1309 2828 1586 2900 Scriptura
1638 2829 1807 2885 dicit:
1864 2828 2045 2886 Nolite

466 2933 679 2995 tangere
718 2923 941 2977 christos
990 2938 1130 2976 meos
1154 2962 1172 2989 ,
1220 2931 1268 2976 et
1304 2922 1359 2976 in
1399 2922 1663 2992 prophetis
1710 2922 1836 2977 meis
1882 2921 2043 2982 nolite

466 3015 833 3085 malignari".
864 3011 955 3069 Sic
981 3021 1037 3068 et
1067 3013 1137 3068 ab
1169 3027 1278 3067 uno
1306 3012 1418 3067 Deo
1461 3012 1614 3067 multi
1641 3008 1716 3066 dii
1762 3010 2044 3079 dicuntur,

465 3121 656 3163 omnes
687 3105 894 3162 scilicet
930 3103 986 3160 hi
1027 3106 1082 3159 in
1116 3104 1318 3176 quibus
1363 3103 1573 3159 habitat
1604 3102 1789 3171 Deus;
1834 3103 1928 3160 sed
1957 3118 2051 3159 no-

463 3326 523 3348 ε.

2144 2555 2363 2611 deitatis
2390 2595 2406 2619 ,
2453 2562 2508 2608 et
2553 2569 2697 2608 unus
2737 2553 2994 2608 Christus
3043 2552 3218 2607 iactor
3262 2554 3627 2621 christorum,
3664 2563 3719 2609 ct

2146 2663 2291 2704 unus
2342 2644 2583 2715 Spiritus
2643 2654 2865 2699 sanctus
2911 2643 3004 2715 qui
3063 2659 3163 2713 per
3212 2645 3456 2714 singulas
3507 2645 3720 2701 animas

2145 2744 2458 2793 sanctorum
2498 2733 2630 2789 facit
2661 2719 2924 2803 Spiritum
2971 2741 3244 2788 sanctum.
3297 2732 3550 2789 Christus
3592 2751 3721 2789 vero

2146 2827 2290 2884 sicut
2334 2842 2431 2898 per
2477 2826 2584 2881 hoc
2617 2827 2764 2895 quod
2791 2824 3046 2880 Christus
3075 2834 3156 2879 est
3204 2823 3333 2879 facit
3356 2824 3613 2890 christos,
3645 2825 3719 2879 ita

2145 2927 2201 2973 et
2242 2933 2336 2989 per
2383 2917 2487 2972 hoc
2518 2916 2665 2988 quod
2700 2926 2783 2972 est
2832 2915 3002 2972 Filius
3054 2916 3145 2970 Dei
3186 2925 3240 2971 et
3278 2916 3422 2972 ﬁlius
3466 2916 3720 2986 proprius

2146 3019 2202 3067 et
2234 3009 2582 3081 unigenitus,
2610 3023 2802 3064 omnes
2833 3024 2928 3063 eos
2960 3007 3053 3079 qui
3082 3007 3390 3080 percipiunt
3423 3007 3494 3064 ab
3514 3024 3580 3065 eo
3609 3008 3720 3078 Spi-

2148 3105 2313 3160 ritum
2341 3101 2674 3174 ad0ptionis,
2707 3101 2846 3159 ﬁlios
2874 3101 2969 3158 Dei
3000 3100 3153 3158 facit.

1031 3469 1082 3530 E
1128 3464 1510 3530 VICESIMO
1546 3464 1882 3527 OCTAVO
1949 3463 2187 3526 ΗΒΒο
2248 3465 2621 3527 ORIGENIS
2680 3465 2762 3526 ΙΝ
2827 3463 3138 3527 ISAIAM.

566 3601 642 3658 De
681 3599 775 3657 illo
817 3597 1056 3670 capitulo
1108 3597 1165 3654 in
1208 3611 1322 3668 quo
1371 3593 1615 3652 dicitur:
1664 3592 2139 3650 Resuscitabuntur
2175 3593 2410 3657 mortui,
2439 3601 2489 3647 et
2528 3600 2797 3662 resurgent
2836 3591 2891 3645 hi
2924 3591 3017 3661 qui
3054 3591 3109 3645 in
3139 3592 3394 3661 sepulcris
3417 3591 3621 3646 sunt".

540 3825 655 3900 (79)
693 3825 886 3884 Melius
924 3842 1054 3899 ergo
1083 3836 1168 3883 est
1192 3826 1373 3882 dicere
1413 3823 1560 3896 quod
1600 3836 1794 3879 omnes
1821 3825 2039 3894 quidem
2073 3838 2114 3894 Β
2143 3831 2331 3897 partes
2362 3819 2571 3891 possit,
2604 3816 2658 3872 id
2689 3823 2808 3883 est,
2857 3815 2910 3868 in
2938 3827 3035 3868 eos
3067 3811 3161 3883 qui
3205 3811 3447 3868 salvandi
3478 3820 3607 3866 sunt
3627 3812 3723 3883 ju-

471 3935 839 3992 rcsurgemus,
862 3927 923 3974 ut
950 3927 1006 3975 et
1030 3918 1181 3990 impii
1216 3917 1436 3973 veniant
1462 3916 1518 3971 in
1551 3916 1704 3971 illum
1739 3917 1916 3971 locum
1948 3917 2041 3973 ubi

470 4011 627 4067 ﬂetus
657 4020 742 4067 est
770 4021 824 4067 et
854 4011 1059 4067 stridor
1080 4010 1325 4066 dentium
1349 4048 1364 4073 ,
1396 4015 1451 4063 et
1478 4008 1570 4063 ubi
1615 4007 1750 4078 justi
1783 4007 2046 4078 recipient

473 4104 851 4175 unusquisque
879 4103 933 4157 in
964 4117 1066 4158 suo
1098 4101 1291 4158 ordine
1321 4099 1624 4157 secundum
1655 4100 1908 4155 meritum
1952 4099 2045 4156 bo-

472 4210 667 4250 norum
718 4202 996 4267 gestorum
1051 4208 1277 4250 suorum
1307 4233 1325 4259 ,
1368 4206 1494 4248 cum
1561 4191 2045 4249 transformabitur

473 4302 673 4357 corpus
695 4285 1021 4342 humilitatis
1045 4300 1257 4349 eorum,
1297 4293 1356 4338 ut
1385 4283 1457 4340 sit
1484 4282 1768 4340 eonforme
1798 4284 2045 4355 corporis

472 4378 655 4449 gloria:
704 4377 945 4447 Christi;
997 4376 1144 4449 quod
1195 4376 1524 4434 seminatum
1571 4375 1791 4446 quidem
1837 4389 1923 4432 est
1989 4376 2044 4431 in

472 4470 853 4541 corruptione,
905 4480 1093 4542 surget
1126 4485 1256 4526 vero
1304 4469 1359 4524 in
1404 4468 1853 4540 incorruptione;
1899 4467 2046 4540 quod

472 4559 802 4617 seminatum
830 4570 916 4619 est
939 4561 996 4618 in
1026 4560 1346 4634 ignominia,
1367 4570 1553 4632 surget
1575 4559 1630 4614 in
1662 4561 1869 4631 gloria;
1899 4561 2046 4632 quod

473 4651 800 4709 scminatum
831 4663 914 4710 est
944 4654 999 4709 in
1030 4653 1366 4719 infirmitate,
1400 4660 1587 4724 surget
1618 4653 1676 4708 in
1709 4653 1930 4721 virtute,
1962 4669 2051 4710 re-

474 4743 830 4800 surrectionis
861 4744 1074 4801 scilicet
1117 4752 1394 4813 tempore;
1442 4752 1497 4798 et
1533 4743 1680 4814 quod
1714 4742 2047 4799 seminatum

474 4843 560 4891 est
581 4850 782 4906 corpus
809 4835 1065 4900 animale,
1082 4844 1265 4907 surget
1292 4845 1474 4891 autem
1501 4849 1702 4906 corpus
1721 4835 1965 4906 spiritale
1977 4836 2045 4889 ".

476 4923 627 4980 Licet
648 4941 778 4998 ergo
807 4941 1002 4983 omnes
1032 4935 1337 4997 resurgant,
1370 4934 1426 4982 et
1458 4927 1841 4995 unusquisque
1867 4925 1921 4980 in
1945 4939 2049 4982 suo

473 5016 666 5094 ordine
695 5025 963 5090 resurgat,
995 5018 1451 5074 considerandum
1492 5026 1577 5073 est
1618 5025 1799 5073 tamen
1830 5025 2051 5088 prepter

473 5109 626 5167 illum
655 5127 966 5168 sermonem
990 5111 1218 5168 Joannis
1241 5153 1257 5177 ,
1286 5125 1448 5181 quem
1482 5108 1922 5166 in'Revelatione
1952 5125 2050 5165 sua

2145 3925 2263 3972 stos
2284 3952 2301 3980 ,
2352 3923 2407 3967 et
2447 3926 2544 3966 eos
2579 3908 2672 3980 qui
2705 3903 2987 3962 cruciandi
3017 3912 3145 3959 sunt
3173 3911 3521 3974 peccatores;
3557 3913 3616 3959 ut
3653 3905 3727 3959 sit

2149 4024 2255 4066 una
2280 4006 2500 4079 quidem
2529 4003 2822 4067 bonorum,
2851 4012 2973 4070 quae
3000 3995 3202 4052 dicitur
3236 3998 3447 4067 prima;
3473 3996 3561 4050 illa
3593 4011 3727 4051 vero

2146 4115 2270 4171 quae
2295 4106 2382 4154 est
2405 4095 2755 4158 miserormn,
2786 4088 3026 4145 secunda
3060 4085 3308 4154 dicatur;
3336 4093 3388 4141 el
3425 4086 3571 4141 illam
3601 4086 3724 4156 quil

2146 4192 2270 4248 dem
2320 4189 2374 4243 in
2409 4185 2664 4242 omnibus
2705 4197 2827 4237 esse
2854 4194 3050 4252 puram
3071 4219 3088 4246 ,
3116 4178 3381 4243 hilarem,
3416 4179 3582 4233 totius
3607 4178 3724 4248 ple—

2147 4297 2272 4337 nam
2294 4278 2532 4344 laatitire;
2565 4276 2714 4330 illam
2742 4285 2871 4327 vero
2900 4272 3127 4326 alteram
3155 4278 3320 4325 totam
3350 4269 3561 4324 tristem
3587 4310 3602 4335 ,
3637 4279 3723 4324 to-

2148 4382 2261 4429 tam
2296 4369 2552 4427 tnmroris
2584 4368 2822 4439 plenam,
2861 4371 2916 4420 et
2946 4363 3160 4419 actibus
3185 4377 3250 4417 ac
3275 4360 3383 4414 vita
3409 4374 3599 4415 eorum
3643 4358 3733 4413 di-

2148 4480 2308 4535 gnam
2341 4462 2435 4533 qui
2462 4461 2515 4515 in
2551 4457 2807 4529 przesenti
2833 4457 2945 4512 vita
2979 4455 3075 4511 Dei
3107 4453 3366 4510 mandata
3390 4462 3731 4521 contempse-

2150 4563 2313 4621 runt,
2361 4561 2417 4609 et
2459 4549 2653 4623 iudicii
2701 4549 2824 4618 ejus
2870 4548 3065 4605 timore
3116 4546 3359 4618 neglecto
3403 4543 3730 4612 semetipsos

2149 4649 2491 4705 tradiderunt
2534 4647 2589 4701 in
2636 4645 3006 4716 operationem
3052 4641 3221 4697 totius
3267 4638 3626 4694 immunditia:
3673 4644 3731 4690 et

2152 4740 2414 4805 avaritiae,
2443 4754 2543 4793 nec
2572 4752 2631 4793 se
2665 4751 2971 4806 pra-parare
3002 4733 3183 4790 conati
3210 4741 3360 4796 sunt,
3394 4738 3454 4785 ut
3476 4729 3737 4784 resistere

2151 4829 2468 4888 adversario
2494 4836 2718 4900 possunt
2741 4827 3007 4883 adversus
3035 4826 3340 4881 contrarias
3364 4831 3526 4892 atque
3554 4820 3737 4876 inimi-

2152 4940 2246 4982 cas
2294 4924 2538 4978 humano
2601 4918 2788 4992 generi
2841 4927 3158 4989 potestates.
3219 4914 3477 4986 Sepulcra
3544 4918 3732 4967 autem

2152 5027 2497 5075 mortuorum
2530 5016 2583 5069 in
2612 5013 2717 5069 hoc
2741 5013 2865 5068 loco
2896 5013 3040 5068 sicut
3074 5021 3129 5065 et
3159 5010 3213 5065 in
3254 5007 3442 5063 multis
3488 5004 3610 5059 aliis
3638 5017 3737 5057 sco

2153 5108 2393 5165 cundum
2447 5106 2738 5162 certiorem
2796 5101 3093 5172 Scriptura:
3151 5115 3372 5156 sensum
3419 5093 3735 5162 accirietnla

474 5202 607 5258 dicit
646 5219 661 5256 :
710 5201 909 5258 Beatus
956 5204 1048 5275 qui
1100 5201 1254 5258 habet
1306 5171 1515 5273 partem
1564 5202 1621 5255 in
1673 5202 2050 5256 resurrectione
2076 5171 2122 5231 δ
2155 5206 2321 5262 sunt,
2354 5211 2465 5252 non
2497 5194 2675 5250 solum
2707 5207 2768 5247 ea
2798 5171 3012 5261 quaead
3042 5189 3434 5259 dcpositiouem
3464 5184 3729 5275 humano-

475 5297 669 5367 prima,
696 5297 751 5351 in
775 5297 871 5350 hoc
902 5295 1132 5351 secunda
1168 5311 1309 5349 mors
1335 5311 1437 5349 non
1475 5294 1629 5349 habet
1655 5303 1964 5364 potestatem
1980 5293 2048 5360 ";

477 5403 545 5444 ne
572 5388 710 5445 forte
739 5388 908 5444 dividi
957 5388 1140 5461 oninis
1190 5386 1610 5443 resurrectionis
1655 5386 1792 5441 ratio
1826 5385 1879 5439 in
1912 5385 2052 5440 duas

2157 5306 2279 5346 rum
2332 5302 2624 5358 corporum
2669 5286 2923 5340 videntur
2971 5297 3093 5359 esse
3141 5286 3490 5338 constructa,
3544 5272 3628 5325 vel
3676 5273 3733 5325 in

2157 5385 2308 5440 saxis
2333 5382 2542 5445 excisa,
2591 5387 2684 5433 aut
2716 5378 2771 5432 in
2801 5387 2944 5432 terra
2976 5373 3221 5437 defossa,
3253 5370 3347 5426 sed
3373 5365 3553 5421 mauis
3580 5365 3739 5418 locus

548 5508 594 5539 “
622 5507 794 5563 lCor.
826 5524 939 5573 xiv,
976 5508 1060 5563 l2.
1135 5510 1178 5541 “
1205 5507 1351 5564 Psal.
1380 5523 1489 5576 ειν,
1516 5507 1604 5563 i5.
1681 5507 1727 5539 η
1766 5503 1872 5561 lsa.
1904 5519 2053 5573 xxvn,
2095 5503 2177 5559 I9.
2255 5504 2301 5536 ³³
2342 5501 2514 5558 lCor.
2553 5515 2621 5554 xv
2648 5539 2662 5564 ,
2700 5495 2772 5551 42
2798 5496 2888 5551 ﬂ.
2964 5490 3011 5523 "
3036 5488 3209 5557 Apoc.
3250 5503 3316 5542 xx
3340 5523 3356 5550 ,
3384 5483 3440 5536 6ο

549 5687 663 5771 (_'_i.8)
703 5687 891 5771 Exstat
935 5689 1108 5771 hocce
1133 5688 1497 5771 hagmcntum
1524 5689 1579 5747 in
1612 5687 1863 5760 Apologia
1894 5686 2054 5743 Pam-

479 5757 612 5830 phili
652 5757 908 5833 martyris
939 5774 1033 5829 pro
1066 5757 1313 5832 Origene.

2233 5680 2628 5806 (79}‘llahctur
2665 5677 2835 5729 hocce
2887 5670 3251 5744 fragmentum
3278 5668 3331 5719 in
3362 5659 3549 5720 eadem
3600 5657 3740 5726 Ape-

2233 5754 2298 5806 iia
2375 5747 2600 5806 amultili
2627 5742 2880 5806 martyris
2907 5752 3004 5806 pro
3039 5734 3286 5806 Origene.

2159 5734 2315 5825 log‘id
2333 5734 2600 5820 i‘atnphili
2627 5742 2880 5812 martyris
2907 5752 3004 5809 pro
3039 5734 3286 5807 Origene.
