4130 6428
448 342 553 400 219

1933 340 2262 399 ORIGENIS

3612 351 3722 407 €20

450 461 506 517 in
552 475 882 532 quocunque
908 460 992 516 vel
1021 461 1292 531 integrum
1323 458 1624 514 humanum
1676 473 1878 530 corpus
1900 499 1915 523 ,
1944 461 2032 515 vel
2060 469 2106 524 Α
2133 471 2236 519 est.
2284 464 2350 518 Et
2404 466 2699 537 intcrjectis
2746 466 3105 536 quibusdam:
3133 465 3271 523 Cum
3328 482 3460 539 ergo
3514 467 3717 524 Paulus

451 570 517 606 ex
548 561 701 623 parte
728 554 909 623 aliqua
942 552 1109 622 jacet,
1138 551 1353 607 etiamsi
1386 551 1598 606 accidat
1628 560 1685 605 ut
1718 568 1887 606 unum
1917 567 2036 607 cor-

450 660 553 713 pus
589 660 685 714 per
711 646 828 699 loca
863 645 1029 698 multa
1063 643 1371 711 dispersum
1416 644 1522 709 sit,
1568 644 1866 699 absurdum
1923 661 2032 700 non

446 737 555 791 erit
587 738 771 791 omnia
803 753 864 790 ca
898 737 1016 791 loca
1047 737 1098 788 in
1128 736 1330 805 quibus
1376 750 1505 804 pars
1550 736 1736 807 aliqua
1783 738 2032 806 corporis

441 831 606 900 jacet,
650 832 896 899 sepulcra
931 830 1178 900 corporis
1210 830 1331 901 ejus
1362 829 1492 884 dici.
1527 827 1586 882 Si
1610 830 1756 883 enim
1802 846 1908 884 non
1952 829 2029 885 ita

444 922 779 990 accipiamus
824 937 1108 993 resurgere
1172 922 1241 977 de
1286 921 1557 989 sepulcris
1608 921 1726 977 suis
1785 931 2031 979 mortuos

441 1012 625 1066 divina
675 1014 904 1078 virtute,
972 1014 1065 1083 qui
1138 1029 1483 1085 nequaquam
1542 1025 1669 1069 sunt
1738 1015 2031 1083 sepultura:

442 1101 706 1169 mandati,
733 1119 909 1173 neque
943 1102 997 1158 in
1032 1104 1301 1173 sepulcris
1331 1106 1599 1174 depositi,
1637 1105 1730 1159 sed
1755 1105 1870 1158 sive
1896 1120 2031 1159 nau-

440 1194 663 1263 fragiis,
693 1195 809 1249 sive
842 1197 896 1249 iu
922 1196 1157 1252 desertis
1189 1197 1468 1267 aliquibus
1502 1196 1744 1253 defuncti
1774 1206 1906 1252 sunt
1946 1198 2027 1253 lo-

437 1287 550 1348 cis,
602 1289 674 1341 ita
709 1296 769 1341 ut
797 1290 1094 1357 sepulturae
1128 1289 1379 1343 mandari
1408 1306 1513 1344 non
1544 1290 1855 1360 potuerint,
1891 1306 2021 1344 num

440 1379 770 1434 videbuntur
819 1380 1168 1435 aununn-rari
1217 1381 1356 1435 inter
1393 1396 1487 1435 eos
1531 1381 1623 1451 qui
1656 1382 1723 1435 de
1758 1381 2022 1450 sepulcris

442 1470 805 1527 resuscitandi
834 1473 1116 1527 dicuntur?
1137 1472 1290 1539 Quod
1316 1473 1505 1542 utique
1538 1472 1692 1527 valde
1721 1472 2021 1530 absurdqu

2139 556 2349 622 scribit,
2379 558 2524 627 quod
2560 558 2698 613 sicut
2727 558 2883 613 stella
2917 576 2949 612 α
2983 556 3138 613 stella
3187 558 3365 629 difert
3418 561 3474 613 in
3512 560 3701 629 gloria,

2136 648 2214 701 ita
2259 650 2359 703 erit
2401 658 2453 703 et
2499 650 2811 705 resurrectio
2858 660 3222 715 mortuorum;
3250 659 3306 705 et
3351 650 3497 720 quod
3531 651 3713 705 dicit:

2137 738 2450 795 Seminatur
2479 743 2534 795 in
2569 744 2924 812 corruptione,
2952 753 3128 811 surget
3154 743 3208 795 in
3236 742 3626 811 incorruptione
3642 744 3719 801 ’λγ

2135 840 2189 886 et
2221 842 2414 887 caetera
2445 832 2758 903 hujusmodi
2796 831 3085 887 manifeste
3112 831 3225 886 hare
3255 833 3321 887 de
3346 832 3462 888 solo
3484 848 3713 903 corpore

2136 922 2346 977 scribit.
2368 921 2481 976 Non
2503 922 2649 978 enim
2666 922 2848 977 anima
2866 922 3133 978 seminata
3154 931 3238 979 est
3266 923 3318 977 in
3338 924 3713 994 corruptione,

2134 1016 2230 1063 aut
2259 1011 2312 1063 in
2355 1010 2702 1076 infirmitate,
2737 1020 2832 1064 aut
2860 1012 2912 1065 in
2945 1012 3262 1080 ignominia.
3309 1011 3553 1081 Denique
3591 1013 3701 1068 evi-

2132 1100 2323 1154 denter
2371 1100 2617 1170 adiungit
2659 1101 2746 1156 his
2792 1102 3049 1156 omnibus
3097 1111 3153 1156 et
3196 1103 3367 1157 dicit:
3405 1101 3711 1187 Seminatur

2132 1206 2320 1260 corpus
2356 1192 2587 1246 animale
2609 1193 2654 1223 ¹⁶
2680 1208 2699 1246 :
2730 1201 2789 1247 ut
2819 1209 2886 1247 ne
2919 1192 3043 1262 quis
3078 1202 3292 1262 putaret
3318 1193 3555 1247 animam
3586 1209 3708 1247 csse

2130 1297 2253 1351 quze
2304 1286 2609 1339 seminatur
2638 1286 2691 1339 in
2724 1287 3103 1356 corruptione,
3138 1287 3222 1341 vel
3278 1286 3331 1341 in
3374 1286 3703 1356 ignominia,

2129 1375 2212 1429 vel
2245 1376 2295 1429 in
2329 1376 2661 1431 infirmitate.

464 1644 3667 1669 mm

1747 1820 2423 1934 ORIGENIS

1056 2050 1627 2144 ΗΟΜΙΙιΙλἘ
1710 2057 1832 2145 ΙΝ
1903 2055 2468 2149 VISIONES
2526 2042 3068 2146 [SAL/Em").

923 2392 1085 2465 ιοθ
1124 2391 1402 2450 HOMILIA
1441 2395 1482 2451 1.

431 2496 680 2579 Vtsml.
726 2499 795 2555 Et
838 2502 1040 2579 [aetum
1089 2516 1164 2579 est
1213 2508 1267 2560 in
1309 2525 1449 2563 anno
1491 2525 1596 2579 quo
1642 2520 1883 2566 mortuus
1937 2521 2013 2567 est

502 2569 665 2652 Ozias
697 2588 815 2638 rex,
839 2569 965 2628 'vidi
996 2574 1283 2630 Dominum
1327 2569 1593 2634 sedentem
1636 2598 1792 2652 super
1822 2583 2013 2636 solium

497 2643 782 2697 excelsum.

505 2746 557 2803 l.
576 2749 829 2816 Quandiu
847 2752 1011 2809 Ozias
1040 2771 1133 2809 rex
1156 2756 1311 2822 vixit,
1331 2774 1437 2811 non
1460 2761 1636 2829 potuit
1652 2764 1913 2821 visionem
1933 2764 2015 2820 vi-

426 2836 554 2891 dere
584 2839 756 2894 Isaias
791 2844 1074 2913 propheta.
1118 2842 1250 2899 Erat
1277 2848 1423 2901 enim
1466 2848 1630 2905 Ozias
1662 2863 1933 2922 peccator.
1959 2866 2013 2910 et

425 2924 653 2983 faciens
690 2932 989 3001 malignum
1051 2943 1176 2988 ante
1229 2948 1581 3006 conspectum
1637 2939 1889 3009 Domini,
1958 2953 2012 2998 et

427 3030 595 3083 agens
625 3021 887 3076 adversus
921 3022 1253 3078 voluntatem
1290 3026 1488 3081 divina:
1523 3028 1677 3099 legis.
1730 3031 2011 3101 ingressus

424 3116 511 3162 est
541 3110 799 3179 templum
834 3122 887 3165 ct
917 3111 1116 3168 Sancta
1170 3125 1484 3170 sanctorum
1507 3162 1520 3185 ,
1553 3131 1605 3174 et
1634 3125 1703 3177 ob
1729 3123 1832 3178 hoc
1864 3125 2008 3194 lepra

422 3197 680 3267 perfusus
726 3202 779 3255 in
822 3201 1006 3256 fronte
1040 3214 1155 3270 est,
1190 3206 1261 3260 ita
1298 3215 1357 3260 ut
1407 3207 1552 3264 foras
1586 3212 1700 3280 (81)
1733 3214 2008 3271 civitatem

426 3290 631 3345 vadens
678 3292 818 3346 inter
866 3294 1182 3349 immundos
1217 3309 1646 3368 computaretur.
1686 3302 1872 3359 Talem
1906 3308 2008 3377 igi-

425 3385 514 3429 tur
569 3378 867 3447 principem
919 3382 1116 3439 anima:
1163 3395 1375 3454 oportet
1425 3392 1595 3456 mori,
1647 3402 1708 3449 ut
1742 3395 2007 3453 visionem

425 3465 523 3520 Dei
558 3468 742 3521 videre
773 3471 1069 3539 possimus.
1101 3473 1287 3547 Neque
1319 3480 1463 3533 enim
1502 3481 1705 3539 frustra
1742 3487 2004 3558 scriptum

420 3566 509 3611 est
553 3559 707 3629 (cap.
735 3577 819 3629 v1,
851 3577 995 3621 vers.
1032 3566 1093 3634 Ι)
1132 3583 1151 3621 :
1190 3567 1252 3621 Et
1297 3570 1500 3639 factum
1541 3576 1699 3629 estin
1728 3594 1867 3633 anno
1903 3597 2007 3652 quo

422 3663 662 3706 mortuus
699 3665 777 3709 est
826 3655 987 3712 Ozias
1033 3676 1158 3728 rex,
1210 3661 1320 3716 uidi
1358 3661 1664 3723 Dominum.
1701 3666 2007 3743 Unicuique

421 3752 668 3800 nostrum
695 3747 826 3802 vivit
854 3747 1016 3807 Ozias
1044 3752 1158 3807 sive
1178 3751 1413 3822 Pharao,
1440 3763 1494 3809 et
1522 3772 1628 3810 non
1661 3761 2003 3830 suspiramus
2033 3745 2075 3801 δ

424 3832 673 3906 Algyptia
711 3854 876 3908 opera
911 3839 1192 3899 facientes.
1240 3841 1296 3897 Si
1345 3852 1529 3899 autem
1586 3848 1837 3915 moritur,
1875 3861 2006 3907 tunc

418 3930 779 3996 susplramus,
815 3940 876 3986 ut
906 3932 960 3986 in
994 3933 1180 3988 Exodo
1206 3934 1468 4005 scriptum
1498 3944 1602 3989 est.
1645 3936 1703 3991 Si
1736 3938 1896 3997 Ozias
1923 3943 2004 3997 vi—

420 4019 533 4081 vit,
566 4035 673 4073 non
727 4022 973 4077 videmus
1005 4024 1231 4094 gloriam
1270 4025 1358 4079 Dei
1387 4044 1401 4092 ;
1434 4027 1479 4081 si
1514 4038 1692 4083 autem
1745 4036 2001 4101 moritur,

419 4115 551 4161 tunc
583 4108 829 4166 videmus
855 4112 1038 4166 statim
1067 4122 1127 4167 ut
1154 4114 1386 4168 moritur
1424 4117 1585 4171 Uzias
1618 4120 1847 4191 gloriam
1881 4122 1998 4188 Dei,

419 4209 628 4256 tantum
672 4202 778 4259 hoc
822 4204 893 4261 sit
923 4214 981 4260 ut
1019 4216 1208 4277 regnet
1254 4209 1309 4263 in
1346 4210 1505 4264 nobis
1537 4227 1717 4271 sermo
1757 4216 1879 4285 ejus
1907 4220 1999 4289 qui

416 4290 595 4347 dixit:
636 4292 749 4364 Ego
785 4307 963 4349 autem
1006 4300 1325 4354 constitutus
1359 4316 1479 4353 sum
1524 4318 1616 4355 rex
1663 4304 1726 4357 ab
1772 4309 1915 4376 eo",
1949 4319 2004 4365 et

416 4397 524 4435 non
561 4394 749 4452 regnet
776 4387 876 4443 ira.
914 4387 1010 4442 Est
1056 4390 1275 4456 quidem
1324 4404 1378 4448 et
1426 4398 1634 4466 peccati
1686 4414 1801 4453 rex.
1852 4399 2000 4469 Apo-

415 4473 590 4528 stolus
621 4474 693 4529 ita
726 4478 927 4544 sciens,
961 4479 1075 4533 ait:
1124 4479 1246 4536 Non
1276 4500 1397 4553 ergo
1436 4498 1609 4556 regnet
1641 4498 1913 4557 peccatum
1944 4487 2000 4542 in

415 4566 633 4619 mortali
677 4581 845 4622 vestro
892 4587 1107 4640 corpore
1125 4573 1189 4625 ’⁸.
1226 4572 1550 4635 Miserabilis
1590 4580 1677 4634 ille
1712 4581 1877 4635 homo
1909 4583 1996 4636 cui

414 4667 699 4724 peccatum
733 4672 943 4731 regnat,
977 4666 1068 4733 qui
1102 4664 1193 4719 tali
1228 4681 1286 4720 se
1327 4669 1492 4723 tradit
1521 4672 1655 4743 regi,
1688 4671 1997 4742 despiciens

416 4764 643 4817 regnum
686 4751 805 4817 Dei,
851 4763 905 4808 ct
946 4756 1241 4825 subjiciens
1282 4776 1341 4816 se
1385 4761 1670 4829 voluptati.
1703 4761 1996 4834 Propterea

414 4840 710 4909 voluptatis
738 4856 971 4909 amator,
1013 4865 1120 4905 non
1153 4860 1238 4905 est
1265 4863 1481 4909 amator
1521 4852 1635 4909 Dei.
1687 4854 1757 4909 Et
1800 4871 1996 4912 secun-

412 4930 543 4986 dum
592 4934 910 5001 Apostolum
946 4939 1014 4997 de
1052 4943 1379 5011 quibusdam
1427 4946 1627 5001 dicitur
1678 4966 1692 5003 :
1741 4949 1993 5006 Amantcs

413 5024 733 5093 voluptatem
757 5032 921 5100 magis
946 5049 1101 5101 quam
1130 5034 1376 5090 Deum".
1409 5037 1474 5093 Et
1501 5040 1718 5111 quidem
1753 5042 1990 5114 idipsum

410 5131 521 5183 non
549 5117 617 5172 de
649 5118 733 5174 his
764 5119 966 5176 dictum
1003 5134 1080 5179 est
1105 5167 1120 5190 ,
1153 5127 1245 5195 qui
1279 5129 1508 5184 omnino
1556 5141 1686 5187 sunt
1725 5134 1988 5204 infideles,

409 5211 505 5266 sed
552 5211 620 5266 de
667 5211 754 5268 his
785 5230 877 5282 qui
911 5216 1242 5273 mtrinsecus
1286 5231 1717 5291 commorantur,
1749 5225 1993 5296 volupta-

482 5365 530 5446 Ἰ
566 5364 586 5420 ι
631 5365 759 5424 (ζον,
797 5384 898 5446 ἓν,
1106 5373 1185 5446 Δ²⁸
1221 5373 1349 5446 ibid.
1401 5374 1489 5429 44.
1597 5378 1642 5409 ’⁷
1672 5377 1816 5434 Psal.
1850 5397 1909 5446 ιι,
1941 5379 1996 5436 6.

409 5432 447 5463 ³³
489 5433 626 5491 Dan.
662 5454 759 5504 vn,
792 5441 845 5497 9.
887 5432 895 5437 ’
923 5441 965 5473 ³³
1003 5440 1139 5497 ]υ‹·Ι.
1173 5458 1255 5510 ut,
1280 5445 1335 5511 2,
1363 5445 1450 5500 l2.
1543 5448 1586 5479 ³³
1618 5432 1781 5504 Micli.
1806 5432 1955 5516 λζ’ἒςέ

452 5624 460 5632 _
485 5555 600 5635 (8.0)
625 5556 846 5638 Collata:
876 5571 1003 5638 sunt
1033 5564 1113 5638 lue
1142 5565 1379 5638 homilim
1407 5583 1529 5638 cum
1563 5579 1799 5637 quatuor
1826 5588 1983 5638 mss.,

410 5631 709 5703 nimirum:
739 5631 761 5680 l
797 5633 1125 5706 cathoglralis
1154 5636 1397 5691 ecclesiae
1427 5631 1796 5706 Ebroiceusis,
1823 5643 1844 5694 1
1874 5631 1984 5696 Ma;

408 5701 566 5770 ωηε-
595 5702 902 5770 ιιιυμιςιειοιήἰ
941 5701 1311 5769 'l'uronensis,
1374 5707 1396 5759 1
1443 5701 1979 5765 (θιΙιυιιηιΙίέοςςΙυς

412 5763 506 5817 size
550 5763 927 5824 Lautdnm-usis
953 5813 965 5835 ,
1005 5775 1025 5825 l
1065 5763 1385 5831 abbatiu‘IS.
1417 5777 1555 5832 Petri
1588 5780 1654 5834 de
1687 5763 1987 5837 Scliucai'te

2054 2404 2097 2460 Β
2125 2411 2227 2456 tem
2247 2401 2416 2472 magis
2435 2416 2593 2471 quam
2614 2398 2778 2453 Deum
2805 2405 3065 2462 amantes,
3087 2396 3178 2467 qui
3207 2394 3396 2449 habent
3425 2395 3704 2466 ﬁguratio-

2117 2512 2229 2550 nem
2246 2496 2481 2565 pietatis,
2499 2493 2548 2547 vi
2556 2502 2744 2546 rtutcm
2766 2500 2940 2543 autem
2957 2489 3069 2558 ejus
3083 2498 3326 2559 negantes
3348 2491 3413 2543 '°.
3430 2490 3549 2545 lla'c
3566 2505 3698 2560 pro-

2116 2596 2235 2657 pter
2266 2597 2496 2639 mortem
2548 2584 2691 2655 regis
2723 2582 2902 2647 Oziaz,
2944 2589 3063 2651 post
3093 2581 3250 2651 cujus
3293 2582 3567 2636 interitum
3613 2579 3699 2634 vi-

2113 2678 2260 2734 disse
2294 2693 2353 2732 se
2384 2678 2462 2731 ait
2494 2676 2772 2730 visionem.
2799 2679 3081 2747 propheta.
3117 2672 3250 2740 Qua:
3277 2683 3360 2727 est
3399 2683 3578 2728 autem
3611 2672 3695 2726 vi-

2113 2769 2239 2823 sio?
2296 2767 2417 2821 Vidi
2462 2767 2743 2821 Dominum
2789 2768 3048 2823 sedentem
3099 2784 3255 2837 super
3299 2767 3543 2819 thronum
3600 2779 3695 2818 ea:-

2113 2859 2309 2913 celsum
2331 2869 2381 2911 et
2410 2858 2690 2925 eleuatum,
2718 2867 2822 2913 etc.
2860 2858 2978 2913 Non
3006 2859 3185 2914 omnis
3213 2860 3304 2929 qui
3332 2858 3476 2911 videt
3499 2856 3691 2919 Deum,

2113 2949 2259 3004 videt
2305 2965 2428 3003 eum
2472 2951 2752 3005 sedentem
2799 2966 2963 3021 super
3012 2951 3270 3004 thronum
3312 2948 3586 3004 excelsum
3636 2956 3690 3001 et

2112 3039 2379 3094 clevatum
2399 3080 2413 3094 .
2451 3040 2576 3095 Scio
2609 3041 2774 3095 alium
2805 3040 3124 3111 prophetam
3154 3040 3352 3094 vidisse
3377 3040 3689 3098 Dominum,

2111 3142 2165 3187 ct
2214 3132 2415 3188 vidisse
2446 3148 2573 3188 eum
2605 3148 2768 3203 super
2798 3133 3055 3187 thronum
3093 3132 3367 3187 sedentem
3395 3172 3411 3195 ,
3447 3132 3540 3186 sed
3577 3146 3686 3185 non

2111 3224 2420 3289 excelsum,
2468 3242 2643 3297 neque
2683 3228 2973 3281 clevatum.
3030 3224 3313 3280 Disserens
3359 3224 3685 3292 scripturam

2112 3312 2322 3381 Daniel,
2354 3315 2485 3370 dicit
2517 3331 2530 3367 :
2574 3314 2773 3369 Throni
2803 3314 2965 3384 positi
2989 3325 3108 3367 sunt
3135 3313 3201 3379 ³¹,
3236 3319 3290 3367 et
3321 3328 3428 3365 non
3460 3321 3578 3366 erat
3603 3326 3691 3365 ex-

2109 3405 2289 3463 celsus
2318 3406 2408 3462 ille
2437 3409 2689 3463 thronus.
2733 3406 2798 3461 Et
2827 3426 2840 3461 :
2889 3406 3099 3461 Veniam
3127 3447 3143 3473 ,
3176 3413 3231 3458 ut
3260 3405 3468 3458 sedeam
3499 3404 3568 3456 ad
3592 3401 3688 3471 ju-

2109 3499 2396 3553 dicandum
2423 3498 2677 3568 populum
2715 3501 2770 3553 in
2793 3499 2930 3553 valle
2963 3497 3222 3566 Josaphat
3248 3496 3314 3551 ³¹.
3348 3495 3487 3566 Ergo
3516 3495 3602 3550 hic
3632 3495 3687 3560 in

2106 3592 2248 3646 valle
2277 3593 2447 3657 sedit,
2494 3601 2548 3647 et
2601 3592 2655 3646 in
2681 3593 2822 3647 valle
2851 3607 2975 3647 eum
3004 3591 3349 3659 iudicaturus
3377 3598 3491 3651 est,
3522 3604 3685 3657 quem

2109 3691 2193 3738 est
2239 3683 2721 3739 condemnaturus.
2772 3683 2933 3737 Aliud
2978 3690 3161 3737 autem
3211 3692 3293 3735 est
3328 3682 3509 3735 videre
3558 3694 3686 3732 eum

2107 3774 2388 3831 sedentem
2423 3789 2588 3844 super
2622 3775 2879 3829 thronum
2910 3772 3185 3831 excelsum
3221 3780 3275 3825 et
3302 3771 3589 3824 elevation.
3622 3767 3689 3821 Et

2106 3866 2160 3920 in
2195 3864 2418 3921 Michaaa
2442 3865 2716 3934 egreditur
2745 3863 2889 3936 (ὃὲ),
2933 3873 2987 3919 et
3028 3862 3308 3917 descendit
3354 3860 3495 3915 Dens
3515 3861 3579 3913 ³³.
3624 3859 3686 3913 Et

2107 3968 2166 4013 ut
2209 3957 2393 4013 videat
2441 3956 2771 4023 Sodomam,
2818 3956 3121 4012 descendit.
3174 3954 3533 4016 Descendens,
3576 3953 3681 4016 ait,

2105 4048 2284 4102 videbo
2328 4050 2375 4103 si
2419 4048 2704 4104 secundum
2751 4047 3033 4103 clamorem
3072 4064 3251 4101 eorum
3294 4047 3576 4100 venientem
3615 4045 3688 4096 ad

2105 4155 2186 4193 me
2215 4140 2783 4194 consummaverunt“.
2822 4139 2987 4210 Igitur
3036 4138 3179 4193 Deus
3229 4136 3523 4207 aliquando
3560 4151 3684 4190 sur-

2104 4246 2224 4286 sum
2252 4272 2266 4297 ,
2296 4232 2589 4302 aliquando
2621 4234 2873 4288 deorsum
2918 4233 3076 4303 juxta
3121 4230 3437 4301 dignitatem
3467 4229 3684 4282 videtur

2104 4323 2471 4391 negotiorum.
2509 4322 2627 4378 Vidi
2657 4342 2778 4395 ergo
2806 4325 3111 4388 Dominum,
3146 4321 3311 4376 Isaias
3344 4323 3458 4386 ait,
3499 4322 3683 4374 seden-

2104 4417 2206 4459 tem
2233 4424 2389 4478 super
2413 4409 2659 4464 thronum
2692 4413 2957 4465 excelsum
2998 4420 3047 4463 et
3093 4410 3371 4464 eleuatum.
3420 4409 3479 4463 Si
3523 4408 3681 4463 video

2103 4494 2271 4551 Deum
2306 4499 2357 4553 in
2392 4500 2477 4555 bis
2520 4502 2611 4570 qui
2644 4502 2733 4556 hic
2763 4511 2892 4556 sunt
2923 4511 3239 4572 regnantem
3261 4541 3275 4565 ,
3307 4517 3417 4556 non
3444 4516 3570 4555 eum
3600 4498 3681 4553 vi—

2101 4587 2204 4643 deo
2233 4606 2398 4661 super
2437 4592 2691 4649 thronum
2731 4594 3010 4648 excelsum
3063 4604 3115 4650 et
3164 4595 3455 4649 elcvatum.
3510 4592 3567 4647 Si
3599 4592 3681 4646 vi-

2099 4681 2199 4737 deo
2246 4699 2374 4737 cum
2420 4694 2737 4755 regnantem
2779 4686 3095 4742 coelestibus
3146 4686 3471 4752 virtutibus,
3521 4683 3679 4739 video

2097 4786 2222 4827 eum
2264 4774 2541 4829 sedentem
2593 4792 2759 4847 super
2799 4779 3055 4832 thronum
3096 4778 3373 4833 excelsum
3418 4787 3470 4831 et
3499 4777 3677 4832 eleva-

2100 4873 2235 4919 tum.
2288 4866 2427 4932 Quid
2466 4877 2551 4923 est
2596 4868 2742 4938 quod
2796 4870 2928 4924 dicit
2975 4870 3290 4925 etelestibus
3335 4869 3681 4925 virtutibus?

2098 4953 2301 5011 Throni
2323 5000 2337 5023 ,
2373 4958 2797 5025 dominationes,
2833 4962 3193 5032 principatus,
3221 4971 3535 5031 potestates,
3568 4960 3679 5013 vir-

2099 5053 2243 5101 tutes
2268 5048 2516 5107 caelestes
2546 5059 2696 5105 sunt.
2749 5048 2814 5106 Et
2848 5051 2892 5105 si
2920 5051 3078 5106 video
3105 5066 3254 5114 eum,
3284 5050 3562 5121 quomodo
3597 5048 3677 5105 eis

2098 5150 2288 5210 regnet
2316 5141 2368 5194 in
2400 5142 2589 5207 verbo,
2619 5142 2727 5197 vidi
2756 5143 3041 5198 Dominum
3065 5145 3327 5198 sedentem
3351 5160 3507 5213 super
3530 5145 3676 5199 thro—

2101 5245 2225 5283 num
2258 5232 2520 5286 excelsum
2553 5245 2601 5286 et
2633 5239 2911 5289 eleuatum.
2939 5234 3007 5288 Et
3042 5234 3196 5306 plena
3217 5246 3331 5291 erat
3354 5236 3541 5290 domus
3564 5234 3678 5307 glo-

2095 5384 2322 5466 "illum.
2356 5403 2429 5452 vi,
2464 5389 2548 5466 [2.
2654 5389 2701 5422 ¹⁹
2734 5391 2773 5444 ιι
2798 5388 2940 5446 Tim.
2974 5406 3058 5458 ιιι,
3084 5392 3138 5447 4.
3236 5390 3282 5424 ³⁸
3321 5390 3454 5447 ibido
3520 5406 3676 5466 δθειτιο

2034 5454 2081 5485 ³⁵
2120 5454 2258 5511 Gen.
2291 5474 2445 5523 xvm,
2477 5459 2567 5513 21.

2089 5578 2298 5635 ordinis
2321 5580 2877 5637 Przemonstratensis.

2167 5650 2278 5722 (8i)
2320 5651 2472 5722 Mss"
2512 5654 2676 5722 foras.
2714 5654 2867 5708 Libb.
2900 5654 3054 5717 cdit.,
3082 5662 3253 5707 extra.

2167 5720 2280 5790 (8‘2)
2324 5721 2473 5789 3155.,
2508 5720 2793 5793 egreditur.
2824 5722 2978 5779 Lihb.
3007 5724 3162 5820 edit:
3194 5723 3457 5796 egredere.
