4130 6436
354 372 454 428 221

1632 373 1701 430 ΙΝ
1738 368 1973 428 ISAIAM
2008 368 2291 425 HOMILIA
2324 367 2366 425 l.

3510 369 3619 425 93?.

359 509 444 545 rm
472 491 605 560 ejus.
646 480 873 545 Sursum
906 504 1125 561 quoque
1164 491 1405 547 elevatus
1435 502 1520 548 est
1551 493 1784 549 thronus
1808 494 1929 563 ejus
1959 494 2004 549 Α
2034 498 2196 545 tatem
2232 490 2374 560 ejus,
2406 498 2461 544 et
2494 488 2802 545 clamabant
2830 486 2974 542 aliud
3023 489 3089 542 ad
3116 486 3269 541 aliud
3300 486 3615 543 assistentia

361 585 625 654 plenaque
653 591 737 637 est
770 583 967 637 domus
992 583 1161 653 gloria
1192 584 1332 653 ejus.
1365 583 1482 640 Non
1517 587 1774 651 arbitror,
1809 585 1939 654 quia

360 676 514 745 l-lena
538 683 622 728 est
645 674 844 729 domus
878 675 1046 744 gloria
1082 675 1204 744 ejus
1226 716 1240 740 ,
1275 677 1391 730 haec
1416 691 1540 745 qum
1573 678 1626 730 in
1662 685 1804 730 terra
1833 685 1936 731 est.

358 768 570 821 Domini
599 781 675 821 est
706 780 848 820 terra
892 777 939 820 et
973 768 1243 836 plenitudo
1293 768 1406 837 ejus
1426 769 1491 820 ⁸⁸.
1538 768 1936 823 Plenitudinem

355 868 544 914 autem
573 859 759 930 gloriae
788 857 879 912 Dei
908 874 1015 911 non
1048 859 1296 914 invenies
1326 861 1380 914 in
1412 861 1665 931 praesenti
1706 879 1719 915 :
1757 861 1850 917 sed
1889 859 1935 914 si

356 949 481 1018 quis
527 949 875 1003 aediﬁcaverit
933 951 1191 1019 templum
1244 950 1387 1015 Deo,
1443 952 1716 1008 videbitur
1765 951 1937 1022 gloria

362 1041 474 1105 Dei,
503 1051 557 1094 et
585 1040 630 1094 si
666 1050 847 1095 servat
876 1041 978 1095 hoc
1009 1043 1154 1110 quod
1184 1043 1390 1097 dictum
1421 1052 1525 1109 cst,
1553 1044 1711 1113 plena
1740 1044 1939 1097 domus

358 1132 574 1186 videtur
616 1133 793 1202 gloria
846 1132 963 1187 Dei.
1016 1131 1212 1188 Nescio
1260 1142 1440 1188 autem
1494 1151 1559 1189 an
1611 1137 1689 1189 sic
1739 1134 1938 1188 domus

358 1225 527 1294 gloria
556 1223 914 1291 compleatur.
944 1222 1007 1278 Et
1041 1224 1094 1278 in
1126 1223 1371 1280 Levitico
1395 1236 1661 1296 quantum
1695 1226 1763 1280 ad
1799 1242 1937 1296 pra:-

357 1330 481 1369 St‘nS
527 1313 761 1381 pertinet
814 1312 1115 1381 negotium,
1158 1313 1271 1369 Deo
1315 1315 1609 1385 largiente,
1651 1316 1848 1385 legitur
1885 1316 1937 1369 in

357 1406 582 1459 collecta
634 1421 758 1474 quae
810 1406 1096 1475 sequitur,
1157 1406 1288 1476 quia
1346 1409 1608 1477 praecepit
1672 1408 1939 1462 Dominus

358 1499 602 1569 qmedam
656 1497 770 1550 lieri
814 1509 871 1551 ut
915 1498 1162 1552 videatur
1202 1497 1421 1552 Domini
1452 1500 1642 1568 gloria.
1696 1497 1805 1554 Nec
1838 1513 1942 1552 nn-

359 1606 519 1658 quam
565 1589 844 1657 apparebit
873 1589 1050 1655 gloria
1084 1587 1178 1642 Dei
1204 1630 1219 1653 ,
1261 1589 1306 1642 si
1347 1604 1456 1642 non
1488 1591 1607 1644 haec
1637 1591 1790 1644 liam.
1835 1591 1939 1645 (10'-

354 1681 671 1751 gnoscimus
699 1690 879 1734 autem
907 1680 997 1733 illa
1031 1680 1155 1732 cum
1184 1680 1323 1733 lecta
1360 1678 1584 1732 fuerint.

424 1771 480 1825 Ξ.
500 1769 729 1825 \'crs.2.
757 1768 822 1822 Et
840 1770 1108 1837 seraphin:
1134 1768 1349 1821 stabant
1373 1769 1425 1821 in
1451 1769 1678 1822 circuitu
1701 1768 1942 1836 cjus,sea:

357 1861 457 1914 alte
486 1861 601 1922 uni,
629 1869 677 1912 et
712 1875 802 1912 sca;
833 1859 934 1911 alte
966 1857 1144 1910 alteri.
1192 1857 1307 1912 Duo
1346 1858 1501 1912 video
1539 1859 1809 1928 seraphin)
1846 1875 1860 1910 :
1889 1869 1942 1913 ct

359 1946 793 2012 unumquodque
821 1959 1011 1998 eorum
1047 1945 1099 1998 in
1126 1947 1420 2016 semetipso
1443 1948 1649 2003 habens
1682 1965 1774 2004 sex
1804 1949 1937 2003 alas.

362 2036 570 2087 Drindc
592 2034 880 2102 dispositio
902 2035 1134 2090 alarum.
1166 2037 1232 2092 Et
1257 2039 1468 2094 duabus
1491 2042 1706 2109 quidem
1734 2043 1836 2096 alis
1859 2054 1944 2096 ve-

364 2124 550 2179 tabant
579 2123 794 2190 faciem,
827 2143 933 2182 non
969 2130 1269 2198 pr0priam,
1300 2133 1392 2186 sed
1437 2132 1564 2199 Βιὶς
1595 2134 1809 2188 duabus
1839 2133 1941 2188 alis

370 2215 618 2269 volabant
639 2216 821 2284 pedes.
847 2234 953 2271 non
980 2223 1248 2289 proprios,
1272 2223 1364 2277 sed
1388 2222 1502 2287 Dei;
1521 2224 1734 2279 duabus
1756 2233 1939 2279 autem

362 2307 463 2361 alis
498 2307 768 2362 volabant.
801 2308 962 2365 Juxta
1001 2313 1145 2379 quod
1178 2313 1442 2382 scriptqu
1485 2316 1641 2384 107
1681 2326 1782 2378 est,
1810 2332 1943 2373 con-

362 2398 588 2452 trarium
621 2401 721 2453 sibi
747 2402 976 2458 videtur.
997 2402 1052 2457 Si
1072 2405 1511 2469 stabant,volare
1529 2424 1635 2461 non
1664 2418 1936 2476 poterant.

360 2486 633 2556 Scriptum
670 2505 798 2542 vero
824 2501 935 2545 est:
968 2490 1368 2561 Seraphimduo
1394 2495 1610 2547 stabant
1636 2496 1690 2547 in
1714 2496 1942 2550 circuitu

356 2580 491 2648 ejus,
514 2596 608 2634 sea:
642 2581 744 2636 alte
766 2568 855 2635 uni
883 2593 928 2635 et
952 2598 1042 2637 sex
1067 2583 1170 2637 alte
1193 2583 1352 2637 alteri
1376 2599 1393 2638 :
1418 2592 1467 2638 et
1493 2584 1701 2640 duabus
1730 2587 1940 2655 quidem

359 2672 599 2726 uelabant
627 2666 839 2740 (aciem,
862 2686 910 2728 et
942 2674 1145 2729 duabus
1176 2676 1419 2730 uelabant
1449 2676 1626 2746 pedes,
1650 2688 1700 2731 et
1735 2680 1942 2734 duabus

360 2763 625 2829 t-olubant,
647 2775 694 2818 et
725 2764 1028 2819 clamabant
1055 2765 1192 2819 alter
1217 2768 1286 2821 atl
1317 2768 1566 2822 alterum.
1595 2768 1794 2823 Verum
1830 2771 1945 2825 haec

358 2854 634 2922 seraphin:
685 2871 805 2923 quae
849 2856 996 2911 circa
1042 2856 1212 2913 Deum
1256 2869 1404 2925 sunt,
1439 2877 1559 2929 quae
1604 2861 1718 2915 sola
1755 2863 1945 2932 cogni-

360 2947 507 3000 tione
557 2946 792 3002 dicunt:
824 2946 1073 3013 Sanctus,
1125 2960 1363 3014 sanctus,
1416 2965 1670 3020 sanctus,
1727 2966 1944 3023 propter

361 3041 467 3094 hoc
500 3050 720 3095 servant
752 3043 1075 3112 mysterium
1102 3042 1408 3105 Trinitatis.
1434 3045 1560 3114 quia
1586 3055 1638 3100 ct
1670 3046 1783 3115 ipsa
1812 3057 1942 3101 sunt

358 3142 571 3188 sancta.
607 3132 701 3188 llis
744 3134 889 3187 enim
948 3134 1001 3188 in
1044 3135 1302 3190 omnibus
1347 3151 1468 3206 qua:
1518 3150 1665 3201 sunt,
1699 3139 1941 3193 sanctius

367 3224 501 3277 nihil
533 3234 637 3279 est.
671 3223 738 3277 Et
770 3241 878 3279 non
928 3226 1119 3280 leviter
1146 3226 1337 3281 dicunt
1379 3228 1516 3282 alter
1548 3229 1614 3282 ad
1656 3230 1886 3285 alterum
1927 3248 1939 3284 :

360 3315 615 3378 Sanctus,
654 3328 891 3381 srmctus,
925 3326 1164 3385 senatus,
1208 3319 1302 3373 sed
1351 3321 1643 3374 salutarent
1690 3324 1946 3377 omnibus

358 3408 764 3463 confessionem
814 3409 1054 3463 clamore
1105 3412 1479 3478 pronuntiant.
1509 3411 1657 3476 Quae
1682 3427 1808 3467 sunt
1836 3413 1943 3468 ista

359 3500 473 3553 duo
517 3500 830 3569 seraphim?
877 3499 1142 3555 Dominus
1194 3517 1349 3557 meus
1389 3500 1550 3557 Jesus
1600 3512 1656 3557 et
1706 3501 1946 3572 Spiritus

359 3598 591 3645 sanctus
618 3590 753 3660 (85).
786 3588 897 3646 Nec
924 3601 1082 3661 putes
1105 3590 1389 3647 Trinitatis
1415 3593 1683 3649 dissidere
1715 3595 1829 3665 (84)
1859 3612 1949 3652 na-

359 3695 566 3749 turam,
610 3682 657 3737 si
709 3682 994 3739 nominum
1053 3694 1342 3740 servantur
1388 3685 1585 3741 ofﬁcia.
1617 3684 1949 3756 Operiebant

358 3775 558 3830 faciem
593 3772 708 3828 Dei.
743 3773 1034 3829 Exordium
1067 3776 1212 3830 enim
1237 3775 1330 3831 Dei
1360 3776 1605 3848 ignotum
1638 3785 1741 3833 est.
1768 3777 1873 3833 Sed
1895 3786 1950 3831 et

359 3869 549 3939 pedes.
569 3865 937 3922 Novissimum
958 3867 1103 3921 etum
1125 3868 1269 3936 quod
1288 3867 1353 3922 in
1379 3867 1488 3924 Deo
1511 3878 1702 3923 nostro
1730 3878 1944 3923 estnon

357 3961 859 4030 comprehenditur.
911 3958 1039 4014 Sola
1079 3961 1227 4014 enim
1282 3960 1459 4016 media
1503 3961 1776 4015 videntur.
1803 3962 1949 4015 Ante

358 4054 468 4106 ista
503 4067 626 4121 quae
660 4051 884 4117 fuerint,
920 4051 1136 4117 nescio;
1165 4066 1233 4105 ex
1273 4051 1338 4105 iis
1368 4067 1490 4121 qua:
1527 4061 1679 4116 sunt,
1705 4051 1948 4120 intelligo

360 4142 556 4198 Deum.
581 4142 715 4198 Post
736 4143 841 4197 ista
869 4156 992 4211 quae
1018 4141 1201 4196 futura
1229 4151 1377 4206 sunt,
1405 4144 1564 4212 juxta
1588 4144 1733 4214 quod
1763 4142 1948 4200 futura

356 4245 511 4302 sunt,
549 4237 757 4291 nescio.
803 4235 935 4301 Quis
976 4235 1337 4306 pronuntiavit
1371 4237 1469 4290 ei?
1502 4236 1643 4292 dixit
1671 4237 1945 4293 Ecclesia-

356 4344 498 4388 stes.
556 4332 897 4387 Annuntiate
945 4332 1079 4385 mihi
1131 4332 1315 4401 priora
1369 4340 1424 4386 et
1474 4333 1772 4388 novissima
1823 4349 1949 4403 qua:

354 4432 541 4488 erunt,
581 4433 636 4479 et
685 4425 869 4480 dicam
913 4423 1174 4494 quoniam
1207 4424 1282 4479 dii
1316 4423 1466 4480 estis.
1503 4424 1643 4480 Hinc
1684 4434 1739 4481 et
1778 4424 1947 4480 Isaias

2043 580 2178 644 Deo,
2226 590 2394 651 atque
2446 580 2679 635 dicentia
2729 597 2740 632 :
2793 578 3044 640 Sanctus,
3096 590 3333 641 sanctus,
3377 588 3615 632 sanctus.

2042 671 2199 726 Stant
2226 674 2390 741 igitur
2416 681 2472 726 et
2502 682 2810 732 moventur,
2836 678 2981 725 stant
3009 685 3131 724 cum
3170 669 3301 733 Deo,
3334 678 3620 722 moventur

2038 763 2467 817 demonstrantia
2505 762 2694 816 Donni.
2725 762 2970 831 intelligo
2996 761 3141 815 enim
3180 760 3312 828 quia
3334 761 3511 813 velant
3535 759 3617 812 fa—

2038 856 2199 920 ciem,
2230 855 2410 909 velant
2437 856 2622 923 pedes,
2650 868 2758 907 non
2804 861 3091 908 moventur
3120 867 3242 922 quae
3266 851 3439 904 velata
3468 858 3618 913 sunt,

2040 961 2147 1000 non
2177 947 2429 1001 velantur
2463 961 2585 1014 qtue
2617 945 2823 1009 volant,
2851 954 2905 997 et
2933 928 3124 998 dicunt
3154 944 3321 1004 (vers.
3351 942 3406 1010 5)
3439 956 3455 993 :
3485 939 3622 995 Satt-

2038 1049 2175 1104 ctus,
2207 1048 2447 1102 sanctus,
2478 1046 2694 1091 sanctus
2730 1036 2981 1089 Dominus
3017 1034 3156 1089 Deus
3185 1033 3439 1093 Sabaoth,
3465 1032 3622 1100 plena

2037 1141 2113 1184 est
2144 1132 2314 1184 cuiuis
2338 1141 2479 1183 terra
2507 1130 2679 1199 gloria
2709 1130 2846 1199 ejus.
2878 1128 3094 1183 Domini
3127 1128 3233 1180 mei
3259 1123 3386 1181 Jcsu
3416 1124 3622 1178 Christi

2041 1220 2326 1272 nuntiatur
2374 1219 2664 1281 adventus,
2691 1233 2836 1273 nunc
2882 1219 3067 1285 itaque
3116 1216 3275 1284 plena
3316 1223 3399 1271 est
3441 1214 3624 1268 ontnis

2042 1317 2185 1362 terra
2239 1310 2409 1375 gloria
2461 1309 2601 1378 ejus.
2634 1309 2744 1363 Aut
2769 1317 2917 1364 certe
2957 1307 3189 1361 necdum
3212 1305 3372 1374 plena
3395 1312 3496 1365 est.
3530 1303 3623 1357 sed

2040 1400 2284 1453 futurum
2322 1410 2383 1456 ut
2428 1401 2740 1471 impleatur,
2782 1416 2907 1456 cum
2954 1400 3166 1468 expleta
3216 1398 3377 1453 fuerit
3423 1396 3622 1456 oratio,

2042 1505 2150 1558 qua
2197 1489 2412 1547 Patrem
2461 1508 2562 1546 nos
2608 1493 2725 1561 ipse
2778 1492 3039 1548 Dominus
3077 1491 3244 1561 jussit
3277 1504 3455 1543 orare.
3473 1486 3624 1542 ‘Cum

2045 1581 2347 1644 oraret-itis,
2379 1583 2655 1650 inquiens,
2685 1584 2845 1638 dicite
2884 1599 2904 1636 :
2946 1584 3110 1637 Pater
3143 1591 3321 1637 noster
3355 1582 3447 1651 qui
3473 1597 3527 1633 es
3569 1581 3624 1633 in

2045 1672 2213 1739 ca’lis,
2248 1675 2613 1741 saneti/icetur
2656 1691 2841 1729 nomen
2893 1685 3060 1728 tuum.
3101 1674 3359 1727 Adveniat
3411 1687 3624 1742 regnum

2048 1773 2219 1817 tuum.
2254 1762 2380 1816 Fiat
2408 1765 2653 1818 uoluntas
2687 1775 2778 1818 tua
2808 1767 2945 1819 sicut
2975 1766 3030 1818 in
3065 1765 3192 1819 caelo
3219 1775 3268 1819 et
3302 1767 3357 1818 in
3388 1774 3529 1817 terra
3555 1763 3623 1816 ³⁷.

1973 1836 2017 1896 Β
2042 1854 2237 1910 Adhuc
2260 1856 2312 1910 in
2344 1856 2485 1910 coelo
2509 1856 2764 1910 voluntas
2787 1866 2874 1911 est
2901 1854 3101 1921 Patris,
3127 1856 3182 1909 in
3211 1856 3371 1909 terris
3396 1855 3625 1909 necdum

2041 1948 2301 2001 voluntas
2327 1947 2447 2017 ejus
2472 1947 2686 2017 expleta
2711 1956 2812 2013 cst,
2841 1955 2900 2000 ut
2930 1948 3045 2016 ipse
3065 1945 3393 2014 .lesusjuxta
3418 1944 3631 2011 dispen-

2042 2038 2314 2093 sationem
2365 2038 2548 2093 carnis
2594 2053 2761 2109 quam
2810 2038 3084 2103 induerat,
3115 2038 3194 2091 ait
3245 2053 3259 2092 :
3308 2034 3466 2089 Dedit
3500 2034 3629 2087 mihi

2041 2129 2340 2184 uniuersam
2363 2138 2698 2199 potestatem,
2719 2139 2775 2183 ut
2800 2130 2857 2183 in
2880 2129 3008 2184 caelo
3032 2139 3080 2184 ct
3117 2130 3173 2183 in
3206 2137 3347 2181 terra
3376 2127 3441 2180 ³⁸.
3470 2123 3625 2179 Nun-

2040 2221 2175 2290 quid
2218 2230 2544 2291 potestatcm
2587 2237 2693 2275 non
2744 2222 2968 2276 haberet
2994 2222 3105 2292 (85)
3159 2221 3212 2275 in
3264 2229 3409 2275 terra
3458 2218 3507 2273 is
3535 2217 3627 2287 qui

2041 2312 2275 2367 habebat
2319 2312 2372 2365 in
2415 2311 2604 2366 ctelis?
2637 2321 2692 2366 et
2731 2312 2935 2381 aliquid
2977 2312 3043 2367 de
3086 2310 3290 2365 mundo
3333 2307 3627 2376 acciperet,

2038 2405 2137 2474 qui
2168 2405 2220 2458 in
2256 2419 2356 2459 sua
2389 2404 2650 2459 venerat?
2684 2403 2787 2459 Sed
2822 2415 2880 2458 ut
2928 2404 2997 2458 ita
3047 2404 3359 2459 crederetur
3393 2399 3534 2454 Dens
3574 2400 3631 2453 in

2044 2504 2213 2561 terra,
2254 2497 2529 2566 quomodo
2560 2496 2886 2551 credebatur
2929 2495 2984 2549 in
3039 2495 3198 2559 coelo,
3245 2507 3378 2562 ergo
3422 2490 3630 2558 accepit

2044 2598 2376 2659 patestatem
2408 2589 2572 2642 homo
2598 2587 2880 2651 Christus,
2909 2600 3073 2654 quain
3107 2594 3233 2638 ante
3259 2597 3363 2638 non
3400 2579 3634 2643 habuit,

2043 2693 2094 2734 ct
2124 2693 2296 2747 usque
2317 2678 2383 2733 ad
2406 2691 2649 2746 praesens
2672 2676 2902 2730 necdum
2931 2674 3096 2729 habet
3122 2673 3173 2724 in
3204 2681 3347 2727 terra
3382 2669 3631 2723 omnium

2049 2777 2394 2838 potestatem.
2427 2769 2488 2820 In
2537 2767 2624 2821 his
2659 2766 2858 2835 quippe
2883 2764 2974 2834 qui
3003 2773 3248 2830 peccant,
3284 2761 3512 2814 necdum
3546 2773 3630 2812 re-

2046 2870 2197 2932 gnat,
2246 2861 2340 2916 sed
2388 2859 2611 2929 quando
2651 2859 2701 2913 ei
2752 2859 2882 2913 data
2910 2864 3075 2913 estet
3121 2855 3316 2910 horum
3369 2860 3629 2921 potestas,

2044 2970 2169 3009 cum
2221 2955 2271 3009 ei
2325 2953 2544 3009 subdita
2593 2950 2796 3008 iuerint
2841 2949 3047 3014 omnia,
3095 2959 3224 3005 tunc
3271 2945 3632 3015 complebitur

2046 3054 2307 3115 potestas,
2354 3053 2410 3100 et
2457 3043 2876 3115 perambulabit
2911 3041 3211 3110 subjiciens
3266 3039 3369 3094 sibi
3418 3036 3623 3091 inania.

2047 3138 2285 3204 Quidam
2331 3148 2513 3192 autem
2566 3135 2800 3191 necdum
2850 3135 3038 3190 volunt
3086 3131 3281 3201 subjici
3335 3130 3407 3195 ei,
3438 3143 3629 3184 verum

2046 3231 2228 3284 adhuc
2264 3230 2504 3284 inimicis
2545 3226 2665 3299 ejus
2711 3226 3096 3297 subjiciuntur.
3127 3222 3238 3279 Nos
3270 3236 3433 3292 porro
3481 3220 3632 3276 dica-

2049 3339 2170 3379 mus
2198 3341 2213 3378 :
2254 3321 2444 3377 Nonne
2480 3322 2584 3375 Deo
2608 3320 2846 3391 subjecta
2883 3320 2983 3374 erit
3009 3319 3191 3372 anima
3229 3332 3343 3371 mea
3367 3314 3447 3385 '9'?
3473 3312 3630 3384 Apud

2052 3417 2220 3472 Deum
2247 3415 2395 3470 enim
2425 3414 2669 3470 salutare
2697 3426 2900 3468 meum.

2118 3509 2171 3564 5.
2208 3506 2361 3563 Vers.
2390 3507 2448 3574 2,
2484 3508 2538 3572 5,
2570 3507 2624 3561 4.
2671 3504 2740 3558 Ει
2779 3503 2985 3558 duabus
3013 3503 3281 3566 volabant,
3325 3510 3374 3554 et
3421 3497 3631 3553 dicebat

2048 3600 2186 3654 alter
2215 3601 2284 3653 ad
2316 3599 2585 3657 alterum:
2617 3597 2869 3659 Sanctus,
2900 3605 3140 3656 sanctus,
3177 3601 3395 3645 satietas
3438 3589 3625 3643 Domi-

2049 3709 2148 3747 nus
2176 3691 2317 3745 Deus
2349 3689 2606 3751 Sabaoth,
2640 3688 2795 3756 plena
2819 3697 2896 3740 est
2926 3686 3098 3738 onmis
3124 3693 3263 3735 terra
3294 3680 3466 3750 gloria
3492 3678 3629 3748 ejus.

2050 3783 2121 3838 Et
2142 3782 2401 3840 eleuatum
2426 3787 2504 3833 est
2534 3778 2937 3845 superliminare
2965 3793 2994 3827 a
3027 3790 3144 3827 voce
3168 3789 3271 3841 qua
3304 3769 3635 3833 clamabant,

2051 3890 2184 3931 voce
2208 3873 2336 3928 Jcsu
2360 3869 2567 3927 Christi
2587 3879 2641 3923 et
2672 3884 2809 3922 voce.
2838 3866 3077 3935 Spiritus
3109 3863 3304 3918 sancti.
3339 3860 3394 3915 Si
3432 3861 3639 3929 aliquis

2051 3981 2083 4021 e
2116 3965 2276 4021 nobis
2306 3961 2659 4018 clamantium
2690 3957 2927 4013 audierit
2967 3971 3153 4011 vocem
3181 3953 3307 4008 Jesu
3343 3952 3547 4007 Christi
3577 3960 3635 4007 et

2053 4059 2291 4130 Spiritus
2318 4056 2516 4120 sancti,
2546 4054 2791 4110 elevatur
2819 4049 3259 4120 superliminarr,
3296 4055 3349 4100 ct
3377 4045 3541 4100 altius
3575 4044 3634 4097 lit

2049 4164 2213 4221 quam
2240 4164 2307 4204 eo
2341 4157 2585 4216 tempore
2631 4159 2757 4200 Cum
2804 4142 3072 4197 clevatum
3121 4148 3223 4202 est,
3274 4152 3508 4206 Ctunque
3549 4134 3632 4189 di-

2049 4249 2196 4295 ctum
2227 4246 2311 4293 est
2346 4257 2360 4293 :
2393 4236 2635 4291 Attolltte
2654 4244 2834 4304 portas
2860 4232 3121 4302 principes
3143 4239 3364 4286 vestras,
3386 4236 3436 4280 et
3459 4226 3631 4281 eleva-

2053 4332 2181 4386 mini
2208 4339 2374 4401 porta:
2407 4328 2706 4387 (eternales,
2736 4334 2785 4378 et
2817 4322 3057 4378 introibit
3093 4336 3184 4374 rex
3224 4319 3408 4390 gloria:
3431 4316 3498 4373 λθ.

2058 4475 2073 4491 ,
2120 4425 2175 4480 4.
2209 4421 2366 4478 Vcrs.
2396 4422 2451 4476 4.
2477 4419 2543 4474 Et
2569 4419 2756 4473 domus
2787 4414 3000 4485 impleta
3029 4424 3109 4471 est
3141 4413 3308 4482 fumo.
3336 4409 3415 4465 Ex
3439 4408 3641 4467 rcmi6~

355 4516 476 4569 ait:
515 4512 713 4568 Priora
759 4515 1075 4568 armuntiate
1120 4515 1291 4581 nobis,
1323 4523 1373 4569 et
1422 4530 1673 4584 ponemus
1712 4532 1806 4569 cor
1843 4533 1941 4569 no-
1976 4529 2019 4586 υ
2048 4516 2207 4573 sione
2250 4515 2391 4586 ignis
2441 4520 2638 4567 cuncta
2669 4511 2888 4578 impleta
2929 4516 3015 4562 est
3051 4506 3268 4561 domus.
3301 4502 3506 4557 Fumus
3533 4518 3633 4558 an-

356 4614 551 4669 stram,
584 4614 634 4657 et
667 4604 911 4669 sciemus,
943 4615 994 4658 et
1022 4605 1310 4659 novissima
1353 4622 1538 4660 eorum
1569 4622 1688 4676 qua:
1716 4616 1937 4662 ventura

356 4704 481 4751 sunt
519 4696 753 4749 indicate
795 4695 966 4752 nobis.
1012 4695 1146 4762 Qum
1182 4706 1400 4751 ventura
1442 4712 1588 4762 sunt,
1617 4700 1670 4751 in
1702 4698 1942 4768 futurum

354 4788 624 4853 nuntiate,
653 4796 704 4841 et
733 4787 971 4841 dicemus
1008 4789 1260 4857 quoniam
1282 4789 1360 4842 dii
1383 4790 1508 4843 estis
1537 4788 1601 4842 “.
1640 4789 1715 4842 Ex
1749 4804 1860 4859 quo
1895 4790 1941 4844 si

355 4879 485 4948 quis
511 4879 713 4934 dixerit
744 4879 1038 4949 praeterita,
1062 4888 1119 4934 et
1143 4881 1339 4949 poterit
1376 4880 1674 4934 novissima
1708 4881 1891 4935 dicere
1918 4898 1936 4936 :

356 4971 505 5026 Deus
522 4981 608 5027 est
630 4989 645 5027 :
674 4972 800 5042 quis
822 4987 953 5043 ergo
979 4981 1156 5042 potest
1180 4970 1361 5027 dicere
1391 4981 1585 5042 praeter
1622 4973 1895 5042 serapbim
1929 4991 1944 5027 :

357 5062 611 5129 Sanctus,
643 5078 883 5131 sanctus,
913 5066 1175 5120 sanctus?
1209 5065 1493 5134 Seraphim
1542 5075 1724 5121 autem
1774 5066 1948 5122 nuda-

357 5166 553 5212 vernnt
588 5157 882 5227 quamdam
929 5167 1137 5228 partem
1172 5155 1285 5220 Dei,
1323 5166 1382 5209 ut
1410 5157 1484 5210 ita
1510 5157 1711 5219 dicam,
1739 5160 1945 5214 medic-

2053 4615 2163 4661 tcm
2187 4619 2354 4674 vapor
2386 4604 2525 4675 ignis
2555 4611 2658 4657 est.
2694 4604 2859 4671 (vers.
2892 4600 2946 4672 5)
2979 4598 3047 4654 Et
3077 4599 3192 4652 dixi
3226 4616 3240 4656 :
3276 4596 3320 4652 0
3351 4596 3508 4651 miser
3538 4610 3645 4664 ego.

2049 4699 2299 4771 quoniam
2338 4705 2678 4766 compunctus
2712 4710 2853 4760 sum,
2895 4693 3023 4761 quia
3074 4706 3190 4746 cum
3240 4689 3343 4743 sim
3380 4688 3556 4751 homo,
3580 4693 3639 4739 et-

2049 4792 2325 4847 immunda
2356 4789 2504 4844 labia
2539 4787 2795 4843 habeam!
2826 4784 2943 4840 Non
2989 4798 3209 4853 possum
3235 4779 3437 4836 sentire
3461 4791 3640 4847 quare

2053 4885 2424 4940 bumiliaverit
2452 4883 2691 4952 scipsum
2728 4879 2918 4935 Isaias.
2945 4876 3146 4933 Verum
3172 4873 3306 4929 dicit
3342 4890 3356 4926 :
3386 4869 3634 4926 testimo—

2053 4978 2205 5032 nium
2239 4977 2384 5032 cnim
2411 4977 2509 5031 dat
2540 4974 2846 5044 Scriptura,
2879 4969 3009 5040 quia
3048 4968 3167 5038 ejus
3196 4964 3528 5021 mundantur
3558 4961 3636 5013 la-

2052 5071 2139 5126 bia
2163 5071 2233 5125 ab
2259 5086 2369 5125 uno
2400 5085 2464 5125 cx
2491 5067 2766 5137 serapbim
2791 5065 2883 5134 qui
2910 5063 3113 5118 missus
3137 5058 3307 5116 estad
3340 5052 3633 5109 auferenda

2050 5163 2170 5233 ejus
2212 5171 2456 5232 peccata.
2511 5159 2668 5217 Unus
2708 5166 2890 5214 autem
2938 5171 3006 5210 ex
3054 5150 3329 5221 seraphim
3370 5145 3635 5199 Dominus

430 5271 922 5361 stttl.xx1n,i.
999 5273 1173 5329 "lsa.
1235 5290 1345 5361 xta,
1396 5274 1489 5339 22,
1548 5275 1638 5329 25.
1716 5276 1760 5309 ³⁷
1792 5276 1980 5337 Matth.
2038 5284 2200 5350 v1,9,
2267 5283 2352 5337 10.
2431 5279 2687 5334 “Matth.
2725 5290 2921 5339 xxvnt,
2982 5272 3069 5328 l8.
3146 5270 3193 5303 ³⁵
3230 5267 3371 5321 Psal.
3433 5262 3631 5323 exn?"

357 5340 404 5373 “
426 5341 549 5397 Psnl
598 5360 760 5411 χχιιι,
789 5344 841 5398 7.

430 5483 542 5552 (85)
575 5484 706 5549 Quae
732 5495 854 5540 sunt
884 5486 987 5539 ista
1019 5484 1124 5539 duo
1164 5486 1472 5554 scraphim?
1508 5484 1764 5554 Dominus
1793 5503 1936 5541 meus

360 5552 511 5605 lesus
543 5567 588 5607 et
622 5555 856 5620 Spiritus
877 5566 1114 5625 sanctus.
1146 5552 1421 5609 Vide-not.
1450 5555 1515 5608 ad
1544 5565 1675 5607 tom.
1705 5553 1743 5621 l,
1762 5572 1816 5625 p.
1843 5558 1932 5611 (il.

362 5625 513 5685 Quod
547 5625 763 5678 additur
799 5644 813 5679 :
851 5624 961 5680 Nec
989 5636 1141 5695 putes
1176 5625 1458 5679 Trinitatis
1487 5626 1747 5680 dissidere
1774 5624 1935 5681 natu-

364 5705 496 5765 ram,
530 5695 573 5746 si
605 5696 873 5747 nominum
902 5708 1180 5765 servantur
1205 5697 1392 5765 officia,
1423 5697 1472 5748 id
1501 5697 1567 5747 dc
1596 5712 1698 5749 suo
1727 5698 1937 5750 addidit

364 5760 746 5834 Hieronymus,
770 5772 907 5822 teste
941 5764 1163 5835 Rulino,
1195 5760 1288 5824 lib.
1327 5782 1388 5821 ιι.
1419 5765 1670 5821 lnrcctie.
1717 5768 1769 5819 in
1803 5768 1924 5822 llie~

2050 5510 2345 5562 ronymum.
2579 5558 2589 5562 _
2667 5558 2676 5562 _
2939 5559 2946 5562 Α
3356 5534 3483 5562 ,ειμι

2486 5558 2710 5626 majoris
2737 5548 3054 5610 monasterii
3086 5545 3269 5600 Turon
3302 5579 3318 5605 ,
3351 5532 3624 5603 dissidere,

2045 5635 2178 5688 libb.
2211 5634 2367 5695 editi,
2407 5633 2666 5685 deserere.

2117 5682 2235 5772 (is-{il
2266 5682 2666 5767 liissqilntbcret
2692 5710 2710 5760 ;
2739 5693 2896 5757 edit.,
2928 5682 3102 5739 habet.
