4130 6426
497 343 607 398 ἳέδ
1966 334 2074 392 ORI

2180 334 2289 391 NIS
3660 327 3767 383 εει

503 480 662 521 meus
692 462 855 520 Iesus
881 462 1134 520 Christus
1160 471 1264 525 est,
1295 461 1388 531 qui
1424 458 1491 516 ad
1523 458 1822 516 auferenda
1858 468 2079 530 peccata
2112 462 2153 518 Α
2185 457 2568 528 prophetarum
2624 462 2953 511 convertens
3004 467 3094 519 se,
3149 466 3282 522 ego,
3345 449 3556 520 inquit,
3612 463 3764 504 eram

506 565 697 611 nostra
748 572 781 611 a
828 556 984 612 Patre
1029 557 1233 612 missus
1273 566 1378 619 est,
1405 565 1460 609 et
1484 553 1616 609 dicit
1652 571 1666 607 :
1703 552 1842 608 Ecce
1881 554 2083 607 abstuli
2188 550 2463 613 Christus,
2496 549 2588 618 qui
2631 545 2896 616 loquebar
2930 560 3024 615 per
3069 543 3380 613 prophetas.
3413 539 3552 603 Dixi,
3589 554 3765 609 neque

510 647 828 718 iniquitates
883 658 1028 714 tuas,
1057 658 1111 702 ct
1163 656 1384 717 peccata
1439 655 1531 700 tua
1587 645 2080 701 circununnndavi.

508 732 616 790 Nec
658 745 812 804 putes
862 747 1068 790 natura:
1095 737 1504 800 contumeliam,
1540 738 1584 790 si
1632 735 1801 791 Filius
1846 752 1875 788 a
1928 734 2086 789 Patre

508 826 760 881 mittitur.
806 827 1046 897 Denique
1079 838 1138 882 ut
1181 828 1442 882 unitatem
1479 828 1696 882 deitatis
1727 827 1781 881 in
1817 826 2083 882 Trinitate

508 932 831 989 cognoscas,
851 920 1002 974 solus
1027 920 1288 974 Christus
1318 920 1371 972 in
1402 920 1650 989 przesenti
1678 919 1909 974 lectione
1941 935 2084 973 nuitc

508 1018 727 1078 peccata
757 1009 1003 1073 dimittit,
1029 1023 1084 1065 et
1137 1019 1320 1064 tamen
1366 1019 1576 1064 certum
1603 1018 1688 1064 est
1737 1025 1768 1063 a
1817 1010 2084 1066 Trinitate

504 1109 726 1172 peccata
755 1100 980 1156 dimitti.
1015 1100 1121 1167 Qui
1154 1102 1300 1156 enim
1339 1102 1395 1156 in
1429 1116 1541 1155 uno
1570 1101 1880 1165 crediderit,
1911 1102 2082 1157 credit

504 1192 561 1247 in
588 1191 868 1247 omnibus.
897 1191 1184 1246 Deferatur
1205 1208 1338 1263 ergo
1369 1192 1500 1246 mihi
1538 1194 1604 1247 de
1641 1193 1838 1248 altario
1873 1194 2079 1249 cmlcsti

503 1280 721 1351 forceps
762 1289 824 1335 ut
854 1289 1043 1352 tangat
1068 1281 1211 1336 labia
1239 1297 1380 1337 mea.
1416 1282 1648 1352 Forceps
1678 1282 1893 1338 Domini
1928 1283 1973 1339 si
2000 1293 2080 1339 tc-

504 1373 627 1441 tigit
658 1371 800 1427 labia
826 1388 968 1437 mea,
1001 1374 1228 1427 mundat
1250 1389 1335 1429 ea.
1368 1372 1433 1429 Et
1465 1375 1511 1429 si
1542 1375 1883 1429 mandaverit
1913 1391 2000 1441 ea,
2024 1384 2081 1430 et

504 1463 910 1518 circumciderit
954 1481 985 1520 a
1039 1465 1205 1532 vitiis,
1235 1475 1297 1519 ut
1346 1481 1518 1535 nuper
1546 1466 1806 1533 diximus,
1836 1467 2076 1536 aperiam

505 1554 673 1608 verbo
705 1552 798 1608 Dei
823 1570 887 1610 os
920 1571 1124 1622 meum,
1158 1572 1256 1611 nec
1290 1557 1521 1612 ulterius
1554 1574 1736 1613 sermo
1764 1559 2079 1616 immundus

501 1644 648 1700 csiet
670 1661 734 1699 ex
763 1662 858 1702 ore
886 1663 1007 1703 meo
1037 1667 1051 1703 :
1079 1650 1204 1719 quia
1234 1667 1353 1703 cum
1381 1651 1483 1704 sint
1523 1649 1698 1715 homo,
1722 1659 1772 1704 et
1804 1651 2080 1706 immunda

502 1736 649 1792 labia
674 1739 914 1806 habeam,
951 1741 1005 1795 in
1041 1743 1213 1796 medio
1241 1759 1444 1813 quoque
1480 1743 1660 1812 populi
1688 1742 1963 1797 immunda
1992 1743 2076 1797 la-

500 1827 592 1881 bia
641 1829 882 1883 habentis
926 1831 1126 1885 habito.
1161 1832 1447 1902 Seraphin:
1493 1834 1641 1904 quod
1682 1835 1912 1890 missum
1954 1834 2077 1900 fuit,

503 1920 783 1976 muadavit
827 1922 972 1977 labia
1004 1924 1302 1994 propheta),
1333 1942 1442 1980 non
1473 1927 1757 1981 mundavit
1783 1938 1964 1982 autem
1999 1928 2079 1983 la-

504 2012 591 2067 bia
621 2014 822 2083 populi.
850 2014 1150 2072 Confessus
1176 2026 1261 2072 est
1290 2018 1438 2073 enim
1471 2018 1589 2089 ipse
1616 2019 1896 2073 immunda
1936 2020 2078 2075 labia

499 2118 561 2160 se
595 2103 756 2173 108
781 2104 1001 2169 habere,
1026 2115 1077 2160 et
1113 2106 1166 2160 in
1197 2106 1377 2161 medio
1408 2108 1592 2177 populi
1626 2108 1906 2164 immunda
1936 2110 2077 2165 labia

505 2194 757 2249 habentis
793 2195 1060 2249 habitare.
1108 2196 1211 2251 Sed
1245 2197 1348 2251 hoc
1381 2197 1528 2267 quod
1559 2199 1789 2252 missum
1824 2208 1907 2255 est
1929 2215 2078 2255 sera-

504 2285 677 2348 phim,
712 2300 820 2338 non
848 2285 1116 2355 judicavit
1152 2287 1347 2358 dignos
1398 2304 1522 2344 esse
1565 2289 1633 2344 de
1667 2291 1891 2360 populo,
1925 2300 1983 2346 ut
2025 2300 2079 2346 et

502 2375 721 2429 illorum
763 2376 904 2431 labia
947 2378 1292 2443 emendaret,
1334 2387 1390 2434 ct
1437 2380 1643 2437 idcirco
1685 2383 1865 2438 adhuc
1913 2383 2078 2453 impie

501 2480 691 2538 agunt,
725 2467 930 2525 idcirco
958 2470 1140 2527 adhuc
1168 2470 1401 2526 Domino
1434 2488 1556 2528 meo
1581 2472 1712 2529 Jesu
1741 2473 1961 2530 Christo
1989 2491 2078 2530 re-

500 2569 761 2630 pugnant,
818 2561 999 2617 adhuc
1045 2563 1094 2618 ei
1151 2563 1483 2619 maledicunt
1536 2565 1836 2623 immundis
1891 2568 2072 2626 labiis.

499 2649 612 2722 Ego
645 2661 824 2708 autem
857 2669 1071 2725 precor,
1120 2666 1181 2712 ut
1224 2656 1451 2713 veniens
1496 2660 1769 2730 seraphim
1818 2661 2078 2718 emundet

497 2745 641 2800 labia
674 2762 816 2802 mea.

568 2838 624 2892 5.
663 2838 732 2891 Et
764 2855 935 2909 regem
972 2839 1256 2895 Dominum
1284 2840 1519 2897 Sabaoth
1563 2843 1673 2899 ridi
1717 2845 1886 2900 oculis
1921 2847 2072 2902 meis.

495 2926 611 2983 Cur
638 2945 745 2983 non
772 2929 1020 2985 dicamus
1044 2932 1096 2986 in
1123 2935 1373 3001 praesenti
1404 2934 1748 2990 traditionem
1773 2939 2068 3007 quamdam

499 3016 810 3073 Iudaeorum
844 3021 1195 3077 verisimilem
1225 3024 1468 3094 quidem,
1500 3045 1601 3085 nec
1645 3039 1827 3086 tamen
1864 3046 2072 3095 veram,

2188 649 2244 694 tu
2296 638 2515 703 timeas,
2553 647 2607 691 et
2657 651 2803 691 nunc
2848 635 3081 690 mittitur
3130 631 3289 688 Jesus
3337 630 3609 685 Christus.
3643 629 3760 684 Non

2189 733 2471 787 mentitur.
2521 731 2800 786 Vobiscum
2841 748 2981 795 sum,
3017 732 3091 785 ait
3129 728 3407 793 Dominus,
3437 744 3615 782 omnes
3650 728 3760 781 dies

2189 841 2352 894 usque
2384 824 2453 877 ad
2490 823 2991 878 consummationem
3026 821 3209 876 strculi
3240 821 3304 874 “.
3332 819 3449 874 Non
3479 820 3759 874 mentitur.

2194 914 2295 969 Ubi
2329 915 2437 970 duo
2470 915 2546 969 cel
2585 925 2691 968 tres
2717 912 2922 967 collecti
2963 922 3084 967 sunt
3114 912 3165 964 in
3190 911 3401 965 nomine
3430 927 3563 977 meo,
3589 919 3639 964 et
3667 926 3761 981 ego

2186 1022 2302 1059 sum
2341 1006 2394 1059 in
2423 1006 2595 1059 medio
2620 1020 2802 1059 eorum
2838 1003 2905 1056 “.
2941 1001 3212 1069 Quoniam
3246 1001 3410 1072 igitur
3434 1011 3632 1072 priesto
3653 1013 3758 1068 est,

2186 1112 2242 1157 et
2273 1101 2486 1157 assistit
2517 1098 2678 1155 Jesus
2710 1098 2990 1161 Christus,
3018 1108 3073 1152 et
3101 1106 3324 1168 paratus
3349 1105 3511 1151 estet
3534 1096 3760 1165 praecin-

2186 1206 2310 1251 ctus
2341 1209 2589 1249 summus
2617 1192 2875 1248 sacerdos
2903 1192 3100 1246 olferre
3122 1191 3267 1245 Patri
3297 1190 3759 1259 interpellationes

2186 1297 2430 1354 nostras,
2467 1295 2755 1356 surgentes
2798 1301 2895 1355 per
2927 1286 3106 1355 ipsum
3141 1282 3406 1340 sacriﬁcia
3439 1278 3585 1337 Patri
3628 1281 3759 1336 olle-

2187 1396 2399 1435 ramus.
2440 1380 2563 1449 Ipse
2604 1377 2751 1433 enim
2797 1377 3112 1447 propitiatio
3142 1385 3226 1431 cst
3257 1390 3354 1445 pro
3387 1373 3622 1445 peccatis
3659 1389 3759 1429 no-

2185 1470 2339 1536 stris,
2361 1469 2450 1524 cui
2488 1477 2574 1524 est
2603 1467 2778 1540 gloria
2811 1476 2866 1523 et
2893 1467 3178 1537 imperium
3216 1465 3270 1519 in
3301 1464 3498 1520 saecula
3531 1464 3758 1521 sarculo-

2184 1580 2330 1619 rum.
2358 1565 2555 1620 Amen.

2778 1650 3062 1707 llOMILIA
3103 1649 3165 1706 ll.

2115 1794 2158 1850 Β
2184 1767 2259 1823 De
2283 1783 2350 1823 eo
2382 1768 2525 1838 quod
2557 1766 2820 1850 scriptum
2848 1775 2932 1850 est
2966 1783 2979 1819 :
3011 1742 3151 1850 [Ecce
3180 1766 3324 1850 rirgo
3358 1767 3412 1820 in
3447 1775 3594 1820 utero
3629 1781 3755 1820 con-

2653 1838 2831 1906 cipiet,
2856 1846 2961 1890 ctc.
3007 1835 3148 1906 (cap.
3183 1838 3302 1905 vlt).

2251 1931 2303 1985 1.
2341 1929 2616 1996 Quantum
2670 1927 2738 1982 ad
2799 1926 3005 1982 dictum
3034 1926 3245 1991 attinet,
3294 1925 3596 1979 verecundo
3628 1925 3758 1983 fecit

2179 2020 2362 2076 Achaz
2388 2038 2513 2077 cum
2539 2020 2589 2076 ei
2626 2017 2823 2076 fuisset
2849 2019 3198 2089 imperatum,
3220 2026 3281 2071 ut
3305 2026 3510 2086 peteret
3538 2018 3755 2089 signum

2181 2111 2234 2165 in
2265 2113 2598 2182 profundum
2629 2121 2726 2169 aut
2766 2111 2820 2166 in
2853 2110 3157 2172 excelsum,
3191 2116 3247 2162 et
3273 2108 3539 2163 rationem
3575 2111 3756 2166 reddi-

2178 2204 2258 2259 dit
2313 2221 2413 2260 cur
2463 2214 2648 2276 petere
2701 2202 2959 2258 noluerit.
3016 2199 3107 2255 Ait
3160 2201 3360 2271 quippe
3408 2200 3572 2271 (cap.
3637 2218 3753 2267 vn,

2180 2315 2324 2354 vers.
2360 2299 2487 2369 12):
2519 2297 2638 2352 Non
2664 2305 2860 2368 petam,
2884 2304 2934 2350 et
2958 2311 3063 2349 non
3093 2294 3302 2349 tentabo
3332 2293 3636 2351 Dominum.
3662 2295 3757 2351 Est

2179 2401 2359 2446 tamen
2390 2406 2554 2460 super
2573 2391 2676 2446 hoc
2698 2390 2866 2445 verbo
2893 2387 3165 2456 eulpatus,
3210 2396 3267 2441 et
3303 2387 3505 2442 dicitur
3529 2389 3597 2442 ad
3622 2405 3747 2443 cum

2181 2485 2348 2549 (vers.
2371 2482 2457 2552 l3)
2482 2498 2497 2536 :
2529 2482 2722 2536 Audite
2750 2497 2907 2544 nunc,
2937 2481 3127 2534 domus
3146 2478 3338 2533 David.
3370 2478 3624 2551 Nunquid
3642 2497 3754 2533 mo-

2181 2574 2360 2628 dicunt
2376 2572 2518 2628 vobis
2542 2589 2797 2643 prtessare
2815 2582 3079 2627 certamen
3093 2570 3410 2637 hominibus,
3426 2582 3474 2625 et
3495 2572 3754 2641 quomodo

2182 2664 2408 2721 Domino
2436 2665 2707 2736 prmtatis
2734 2662 3041 2718 certamen?
3069 2660 3274 2718 Deinde
3288 2644 3489 2719 dicittir
3518 2662 3633 2716 hac
3668 2677 3753 2717 re-

2176 2758 2473 2829 promissio
2507 2758 2680 2828 (vers.
2708 2756 2798 2828 M)
2837 2774 2851 2811 :
2882 2755 3011 2812 Ideo
3048 2755 3306 2812 Dominus
3350 2758 3459 2824 ipse
3486 2756 3632 2810 dabit
3662 2771 3754 2810 νου

2179 2850 2257 2902 bis
2286 2850 2517 2921 signum.
2558 2848 2693 2903 Ecce
2733 2850 2877 2920 uirgo
2906 2850 2963 2903 in
2998 2860 3150 2903 utero
3195 2850 3440 2921 accipiet,
3484 2858 3535 2903 et
3580 2848 3752 2918 pariet

2177 2939 2374 3009 lilium,
2404 2948 2453 2993 et
2493 2938 2699 2992 vocabis
2744 2953 2931 2991 nomen
2970 2936 3084 3003 eius
3126 2935 3464 2992 Emmanuel.
3499 2934 3623 2990 Haec
3657 2950 3752 2990 ex-

2177 3039 2472 3100 ponuntur,
2507 3039 2561 3085 et
2606 3031 2674 3085 de
2722 3028 2947 3099 reliquis
2990 3027 3319 3094 videbimus,
3364 3029 3666 3099 indigentes
3698 3036 3752 3082 et

498 3119 555 3167 et
596 3114 924 3170 solutionem
974 3117 1094 3187 cjns
1121 3133 1290 3187 quare
1331 3135 1441 3176 non
1493 3122 1881 3181 inveniamus?
1908 3124 2074 3179 Aiunt
2101 3128 2142 3186 C
2177 3124 2232 3178 in
2279 3122 2390 3177 illis
2439 3121 2613 3192 gratia
2667 3120 2763 3175 Dei
2813 3129 2875 3175 ut
2930 3117 3370 3176 manifestentur.
3417 3119 3645 3175 Jubctur
3693 3130 3753 3174 ιιι

501 3206 623 3261 ideo
667 3204 864 3263 Isaiam
914 3223 1035 3266 esse
1088 3220 1298 3267 sectum
1349 3231 1381 3270 a
1438 3217 1658 3287 populo,
1686 3215 1843 3286 quasi
1892 3216 2065 3286 legem

500 3300 961 3368 praevaricantem,
994 3310 1049 3356 et
1072 3311 1224 3358 extra
1271 3303 1583 3376 Scripturas
1630 3305 2070 3363 annuntiantem.

498 3391 782 3462 Scriptura
814 3393 956 3447 enim
986 3394 1119 3450 dicit
1152 3414 1166 3450 :
1214 3395 1385 3451 Nemo
1426 3398 1618 3452 ridebit
1659 3398 1850 3467 [aciem
1880 3414 2072 3465 meam,

498 3495 548 3540 ct
575 3490 706 3543 vicet
732 3487 797 3541 “.
830 3486 935 3544 Iste
977 3505 1104 3545 vero
1144 3489 1268 3545 ait:
1327 3489 1450 3544 Vidi
1484 3490 1767 3543 Dominum
1813 3489 2070 3547 Sabaoth.

498 3576 731 3650 Moyses,
782 3581 955 3647 aiunt,
1009 3595 1117 3635 non
1160 3579 1314 3644 vidit,
1340 3589 1395 3634 et
1428 3589 1482 3634 tu
1526 3579 1732 3636 vidisti.
1763 3581 1827 3635 Et
1856 3591 2075 3652 propter

500 3673 605 3727 hoc
625 3687 750 3727 eum
784 3681 1100 3739 secuerunt,
1131 3682 1185 3727 et
1213 3672 1715 3728 condemuaverunt
1740 3689 1866 3728 eum
1896 3684 1955 3729 ut
1977 3674 2075 3730 im-

499 3765 669 3835 pium.
699 3763 818 3821 Non
850 3766 995 3820 enim
1025 3766 1274 3821 sciebant
1306 3766 1432 3836 quia
1468 3765 1682 3823 duabus
1718 3768 1821 3824 alis
1856 3768 2072 3824 velave-

498 3866 628 3914 ruut
673 3855 867 3911 faciem
903 3855 998 3910 Dei
1031 3857 1326 3926 seraphim.
1374 3855 1495 3911 Vidi
1527 3856 1829 3923 Dominum,
1864 3861 1957 3916 sed
1990 3860 2072 3915 la-

495 3950 635 4004 ciem
669 3962 776 4001 non
804 3946 940 4000 vidit
972 3944 1162 4011 Isaias,
1193 3962 1294 4002 nec
1328 3946 1541 4018 Moyses
1569 3948 1723 4003 vidit.
1758 3948 2070 4006 Posteriora

497 4037 654 4099 vidit,
686 4045 747 4089 ut
784 4034 1051 4104 scriptum
1085 4042 1190 4099 est,
1224 4034 1460 4106 Moyses.
1515 4036 1902 4094 Verumtamen:
1938 4040 2074 4096 vidit

501 4126 816 4187 Dominum,
858 4125 960 4181 etsi
994 4124 1188 4180 faciem
1224 4125 1347 4196 ejus
1376 4141 1485 4181 non
1527 4128 1681 4183 vidit.
1710 4127 1778 4183 Et
1812 4130 1902 4185 hic
1942 4146 2074 4201 ergo

498 4218 655 4283 vidit,
690 4216 815 4271 licet
848 4215 1040 4273 faciem
1070 4232 1176 4271 non
1200 4216 1417 4272 viderit.
1456 4217 1594 4273 Male
1657 4218 1825 4291 igitur
1871 4225 2075 4278 conde-

499 4305 1179 4379 mnaveruntpropbetam.
1204 4308 1368 4375 (vers.
1395 4309 1443 4375 5,
1472 4312 1528 4382 li)
1571 4309 1635 4364 Et
1683 4327 1853 4380 regem
1885 4310 2071 4366 Domi-

2177 3223 2323 3284 petat
2368 3212 2608 3282 signum,
2636 3227 2743 3266 non
2772 3211 3113 3281 simpliciter,
3142 3210 3236 3265 sed
3266 3210 3368 3265 sibi
3403 3210 3527 3280 ipsi.
3558 3209 3753 3265 Sermo

2179 3304 2382 3375 quippe
2424 3303 2501 3358 ait
2539 3302 2706 3374 (vers.
2750 3302 2839 3370 ll)
2867 3320 2881 3357 :
2912 3300 3041 3356 Pete
3069 3300 3166 3355 tibi
3196 3303 3405 3371 signum
3447 3317 3479 3353 a
3522 3300 3751 3355 Domino

2176 3395 2286 3450 Deo
2316 3407 2409 3449 tuo
2439 3396 2493 3448 in
2537 3394 2861 3464 profundum
2888 3405 2983 3449 aut
3012 3396 3067 3450 in
3093 3393 3373 3449 excelsum.
3402 3391 3747 3460 Propositum

2173 3498 2260 3545 est
2301 3490 2517 3560 signum
2567 3487 2834 3545 Dominus
2894 3503 3053 3544 meus
3103 3485 3266 3542 Jesus
3317 3485 3590 3541 Christus.
3635 3482 3751 3541 Hoc

2174 3582 2320 3639 enim
2364 3590 2450 3637 est
2496 3581 2712 3651 signum
2767 3580 2913 3651 quod
2957 3579 3183 3651 iubetur
3207 3589 3265 3634 ut
3295 3579 3398 3635 sibi
3429 3580 3664 3650 postulet
3692 3581 3748 3635 in

2174 3670 2506 3744 profundum
2532 3679 2629 3725 aut
2657 3669 2711 3724 in
2737 3670 3039 3725 excelsum.
3065 3668 3123 3724 In
3150 3667 3480 3739 profundum
3504 3669 3746 3737 quidem,

2173 3762 2301 3832 quia
2350 3761 2446 3831 qui
2497 3759 2801 3824 descendit,
2846 3760 2961 3831 ipse
3009 3769 3113 3815 est.
3166 3760 3225 3813 In
3272 3758 3547 3814 excelsum
3598 3774 3746 3825 vero,

2172 3854 2302 3923 quia
2354 3851 2447 3922 qui
2504 3849 2754 3907 ascendit
2805 3865 2971 3921 super
3027 3864 3220 3904 omnes
3259 3848 3449 3913 ctelos,
3479 3848 3593 3918 ipse
3642 3857 3745 3903 est.

2172 3945 2304 4000 Mihi
2339 3953 2523 4001 autem
2557 3943 2663 3999 hoc
2683 3944 2900 4014 signum
2931 3942 3272 4012 propositum
3298 3939 3562 3995 Dominus
3586 3955 3743 3995 meus

2171 4036 2334 4092 Jesus
2366 4034 2623 4091 Christus
2660 4032 2714 4089 in
2748 4032 3080 4104 profundum
3106 4032 3244 4087 etin
3275 4030 3576 4096 excelsum,
3612 4030 3748 4085 nihil

2173 4125 2417 4195 prodest,
2451 4125 2499 4180 si
2532 4141 2639 4180 non
2676 4124 2810 4180 mihi
2856 4124 2951 4179 ﬁat
2994 4125 3317 4195 mysterium
3359 4122 3427 4177 de
3475 4120 3748 4191 profundo

2170 4228 2224 4271 et
2248 4218 2464 4273 excelso
2492 4217 2633 4287 ejus.
2668 4218 2805 4272 Cum
2833 4216 2980 4272 enim
3006 4231 3108 4286 ego
3141 4232 3398 4287 recepero
3427 4215 3745 4287 mysterium

2171 4309 2238 4365 de
2268 4309 2489 4364 Christo
2511 4307 2664 4373 Jesu,
2695 4310 2763 4364 de
2794 4308 3064 4379 profundo
3084 4316 3141 4362 et
3170 4308 3408 4372 excelso,
3438 4317 3569 4363 tunc
3600 4308 3746 4362 acci-

500 4414 626 4451 num
659 4398 894 4453 Sabaoth
934 4399 1040 4453 vidi
1079 4399 1247 4454 oculis
1285 4401 1436 4464 meis,
1464 4413 1513 4455 et
1555 4403 1749 4457 missus
1776 4412 1854 4457 est
1892 4404 1961 4457 ad
1990 4420 2071 4458 me
2103 4465 2137 4473 _
2173 4402 2316 4471 piam
2339 4402 2553 4473 signum
2581 4401 2884 4456 secundum
2907 4411 3239 4469 prreceptum
3267 4399 3504 4468 Domini,
3529 4409 3586 4455 et
3605 4400 3747 4455 diee-

499 4505 636 4544 unus
664 4489 730 4542 de
753 4491 1033 4560 seraphim.
1064 4489 1181 4544 Non
1219 4501 1306 4548 est
1342 4508 1485 4549 unus
1534 4494 1646 4565 (86)
1701 4493 1914 4549 Domini
1962 4495 2068 4551 mei
2102 4465 2148 4523 D
2174 4465 2262 4549 lur
2285 4465 2417 4548 mihi
2449 4493 2605 4563 quasi
2634 4492 2855 4546 habenti
2888 4465 2941 4545 in
2972 4465 3295 4561 memetipso
3323 4465 3657 4562 profundum
3689 4500 3746 4547 et

496 4577 626 4636 Jesu
666 4580 870 4637 Christi
921 4583 1185 4636 adventus
1221 4599 1330 4651 quo
1361 4583 1642 4640 descendit
1678 4586 1743 4640 ad
1773 4594 1947 4642 terras
1975 4605 1988 4642 :
2015 4597 2070 4643 ct

496 4673 565 4729 ad
587 4671 780 4728 Isaiam
806 4673 974 4737 venit,
1000 4682 1053 4728 et
1073 4673 1139 4727 ad
1169 4672 1387 4745 Moysen
1420 4677 1587 4741 venit,
1615 4689 1670 4732 et
1700 4680 1768 4733 ad
1802 4682 2065 4749 populant

495 4764 666 4829 venit,
705 4773 760 4819 et
805 4765 873 4819 ad
931 4780 1376 4835 unumquemque
1431 4768 1819 4836 prophetarum
1878 4771 2062 4838 venit;

496 4874 674 4929 neque
701 4867 757 4913 tu
788 4859 984 4913 timeas
1011 4876 1024 4912 :
1051 4858 1217 4912 etiam
1252 4860 1298 4914 si
1329 4859 1441 4929 jam
1489 4860 1630 4915 coelo
1678 4871 1933 4931 receptus
1960 4872 2065 4930 est,

497 4949 694 5003 iterum
719 4951 918 5007 veniet.
947 4950 1085 5017 Quia
1124 4959 1306 5005 autem
1339 4960 1392 5007 et
1430 4961 1555 5007 ante
1580 4953 1923 5024 praesentiam
1950 4971 2073 5011 car-

497 5043 676 5098 nalem
712 5043 778 5098 ad
834 5044 1084 5101 homines
1120 5047 1352 5112 venerit,
1399 5047 1578 5117 ipsum
1634 5049 1820 5120 accipe
1874 5059 2069 5106 testem

491 5133 904 5191 denuntiantem
933 5145 1096 5206 atque
1125 5138 1393 5193 dicentem
1425 5158 1440 5194 :
1476 5139 1835 5209 Hierusalem,
1869 5139 2070 5197 Hieru-

493 5225 681 5292 salem,
732 5241 850 5296 qua!
897 5227 1093 5281 occidis
1138 5227 1450 5297 prophetas,
1495 5240 1544 5285 et
1586 5230 1799 5300 lapidas
1845 5247 1932 5285 eos
1977 5231 2069 5301 qui

496 5319 644 5373 missi
663 5327 785 5372 sunt
817 5318 888 5371 ad
922 5329 987 5379 te,
1020 5321 1220 5389 quoties
1244 5320 1385 5375 uolui
1414 5321 1659 5392 colligere
1683 5322 1826 5392 ﬁlios
1857 5333 1975 5377 tuos
1997 5325 2065 5378 δ’.

495 5407 722 5473 Quoties
751 5409 919 5465 volui.
957 5409 1071 5466 Non
1100 5412 1252 5479 dicit,
1287 5428 1394 5468 non
1438 5412 1548 5467 vidi
1592 5422 1644 5467 te
1686 5412 1791 5468 nisi
1836 5413 1940 5468 isto
1968 5414 2064 5468 ad-

496 5508 661 5555 ventu
709 5518 723 5558 :
771 5500 868 5558 sed
907 5502 1069 5569 dicit,
1118 5503 1333 5574 quoties
1375 5504 1543 5559 volui.
1578 5502 1645 5559 Et
1691 5519 1786 5575 per
1822 5504 2069 5575 singulos

539 5611 611 5731 7“
643 5610 812 5668 Exod.
848 5630 1040 5683 ιιιιιιιι,
1072 5614 1163 5670 20.
1240 5616 1286 5648 ⁸³
1314 5614 1502 5672 Matth.
1538 5630 1694 5683 χχιιι,
1726 5613 1813 5670 37.

1922 5612 1969 5644 ⁸³
2007 5611 2201 5669 Matth.
2234 5626 2427 5678 xxvm,
2459 5609 2550 5664 20.

2169 4585 2446 4640 excelsum
2481 4603 2492 4638 :
2535 4581 2715 4652 Neque
2738 4581 2941 4635 dixeris
2970 4582 3026 4634 in
3048 4580 3207 4635 corde
3227 4590 3317 4635 tuo
3341 4597 3360 4635 :
3396 4581 3529 4647 Quis
3558 4598 3745 4637 ascen-

2168 4677 2249 4731 dit
2279 4677 2334 4730 in
2361 4674 2590 4729 calum?
2634 4671 2750 4726 Hoc
2774 4680 2852 4726 est
2883 4672 3156 4727 Christum
3185 4671 3461 4727 deducere.
3491 4673 3597 4727 Aut
3626 4675 3746 4745 quis

2168 4768 2438 4824 descendit
2476 4769 2528 4820 in
2556 4767 2844 4837 abyssum!
2880 4765 2992 4820 Hoc
3015 4774 3093 4821 est
3119 4764 3397 4821 Christum
3431 4782 3499 4822 ea:
3523 4768 3747 4823 mortuis

2170 4861 2430 4914 reducere.
2468 4857 2638 4913 Juxta
2676 4868 2752 4913 est
2780 4858 2993 4913 verbum
3036 4866 3192 4913 tuum
3237 4858 3533 4915 vehemens
3573 4860 3628 4913 in
3656 4875 3747 4914 ore

2175 4961 2292 5017 tuo,
2322 4952 2451 5006 etin
2477 4950 2633 5005 corde
2656 4959 2745 5005 tuo
2773 4950 2840 5004 “.
2865 4948 3187 5019 Prteeipitur
3213 4964 3345 5020 ergo
3373 4950 3535 5006 nobis
3562 4951 3746 5004 omni-

2173 5038 2300 5105 bus,
2334 5045 2394 5093 ut
2433 5046 2684 5109 petamus
2713 5037 2873 5094 nobis
2903 5039 3006 5093 hoc
3047 5037 3289 5108 signum,
3322 5047 3383 5093 ιιι
3429 5040 3588 5095 nobis
3617 5040 3750 5095 utile

2171 5128 2268 5185 ﬁat
2316 5130 2531 5200 signum
2561 5128 2708 5200 quod
2734 5128 2828 5185 dat
2862 5128 3126 5184 Dominus
3153 5127 3296 5187 Deus
3323 5130 3379 5184 in
3414 5130 3745 5200 profundum

2173 5230 2230 5277 et
2259 5221 2313 5275 in
2355 5220 2655 5276 excelsum.
2685 5220 2742 5276 Si
2776 5222 2900 5292 quis
2931 5231 3113 5278 autem
3147 5231 3232 5277 est
3262 5222 3355 5292 qui
3390 5222 3547 5286 sciat,
3579 5232 3634 5277 et
3663 5238 3749 5275 ra-

2175 5313 2422 5368 tionabili
2490 5313 2945 5382 contemplatione
2989 5323 3282 5384 cognoscat
3324 5314 3427 5369 hoc
3474 5313 3621 5383 quod
3665 5312 3748 5367 di—

2172 5418 2321 5463 ctum
2354 5416 2460 5472 est,
2495 5407 2550 5460 in
2587 5406 2907 5476 profundum
2936 5419 2983 5461 et
3011 5409 3065 5461 in
3092 5407 3377 5472 excelsum,
3404 5422 3514 5461 non
3544 5405 3749 5476 disiun-

2175 5503 2315 5557 ctive
2344 5515 2466 5555 esse
2488 5499 2716 5566 dictum,
2748 5500 3016 5570 signiﬁcat
3037 5502 3184 5557 enim
3223 5502 3327 5557 hoc
3360 5502 3503 5570 quod
3538 5512 3747 5554 utrum.

2653 5610 2697 5643 ⁸³
2728 5607 2916 5665 Matth.
2956 5626 3111 5675 xvm,
3146 5611 3229 5666 19.
3334 5614 3378 5644 ³⁵
3412 5610 3569 5667 llum.
3602 5626 3656 5675 ιι,
3687 5609 3745 5679 6,

576 5770 686 5841 (86)
723 5771 844 5827 Non
888 5785 963 5829 est
994 5793 1127 5832 unus
1157 5776 1368 5835 Domini
1411 5781 1509 5835 mei
1552 5776 1678 5836 Iesu
1719 5777 1921 5834 Christi
1970 5773 2245 5844 adventus,
2274 5782 2379 5832 etc.
2405 5772 2539 5833 Vide
2562 5774 2659 5831 lib.
2678 5789 2715 5830 ll
2734 5771 3069 5846 0rigenian.,
3096 5782 3289 5846 quam.
3314 5775 3369 5845 '5,
3388 5775 3616 5830 num.2.
