4130 6502
379 421 488 476 295

1628 419 1694 475 ΙΝ
1735 415 1968 472 ΙΒᾹΙΑΜ
2013 414 2298 470 HOMILIA
2343 414 2406 471 ll.

3549 427 3656 483 226

382 554 493 606 que.
529 537 718 608 possit.
753 536 878 592 Pete
910 539 1003 593 tibi
1040 539 1246 612 signum
1291 559 1322 594 a
1369 541 1592 594 Domino
1644 542 1698 592 in
1738 538 1966 608 pt'ofttnr
2000 541 2042 596 Λ
2074 535 2302 602 διίοιιῑε;
2343 549 2435 589 aut
2468 543 2612 589 certe
2643 550 2860 589 rursum
2895 537 3064 604 gratia
3097 537 3188 592 Dei
3218 554 3312 610 per
3341 556 3505 613 quem
3533 547 3651 601 vult

382 630 510 682 dum
545 639 594 682 et
635 631 688 682 in
725 631 1008 686 excelsum.
1041 632 1104 686 Et
1139 635 1191 686 in
1220 633 1584 702 promissione
1609 641 1789 685 autem
1825 629 1963 682 dixit

380 719 726 786 Apostolus:
776 723 836 776 Ut
892 738 1282 793 cognoscamus
1341 722 1466 791 quid
1521 721 1586 773 sit
1646 723 1967 791 profundum

381 821 429 863 et
481 813 775 875 excelsum,
828 827 875 868 et
919 816 1222 886 longitudo,
1270 823 1320 869 et
1367 815 1594 868 latitudo
1633 815 1698 868 ‘°.
1735 815 1800 868 Et
1834 815 1969 869 dixit

379 903 553 956 Achar.
577 921 596 958 :
617 905 735 959 Non
760 916 953 966 petam.
981 906 1299 961 lncredulus
1320 905 1440 960 fuit.
1462 905 1603 960 Dixit
1629 905 1772 959 enim
1799 924 1812 960 :
1838 905 1970 960 Pete

385 988 479 1042 tibi
518 988 640 1057 ipsi.
682 989 923 1060 Populus
952 1001 1134 1046 autem
1180 1007 1355 1061 usque
1386 992 1546 1046 hodie
1582 1008 1690 1046 non
1727 994 1857 1062 petit
1886 995 1963 1048 si-

384 1096 574 1150 gnum,
595 1081 1175 1150 prOptereanonhabet
1216 1083 1392 1150 illum,
1423 1093 1476 1138 et
1495 1085 1694 1154 praebet
1729 1083 1962 1140 Domino

383 1179 661 1224 certamen
698 1171 930 1240 populus
953 1172 1046 1241 qui
1087 1187 1196 1226 non
1227 1173 1418 1242 recipit
1449 1172 1739 1228 Dominum
1778 1191 1958 1230 meum

383 1260 570 1316 .lesum
596 1260 897 1316 Christum.
931 1261 1136 1318 Deinde
1169 1264 1271 1318 alia
1298 1265 1546 1336 sequitur
1565 1268 1816 1336 quaestio.
1852 1268 1962 1324 lsto

380 1351 527 1403 enim
557 1349 770 1405 dicente
807 1369 820 1404 :
853 1349 976 1404 Non
1009 1361 1204 1421 petam,
1228 1370 1389 1424 neque
1415 1357 1623 1410 tentabo
1650 1355 1958 1422 Dominum;

388 1439 608 1508 109a
621 1440 927 1495 testiinante
939 1442 1287 1497 tentationem
1301 1460 1423 1499 esse
1440 1446 1484 1499 si
1504 1455 1706 1515 peteret
1719 1447 1957 1517 signum,

389 1532 459 1583 ait
486 1550 498 1583 :
533 1530 728 1584 Audite
759 1547 915 1596 nunc,
951 1533 1137 1586 domus
1169 1533 1361 1589 David.
1388 1534 1645 1606 Nunquid
1676 1537 1817 1591 vobis
1847 1555 1959 1592 mo-

381 1621 554 1674 dicum
592 1630 669 1675 est
705 1631 960 1690 praestare
984 1633 1246 1676 certamen
1276 1625 1597 1692 hominibus,
1624 1635 1674 1680 et
1700 1631 1960 1697 quomodo

380 1715 607 1768 Domino
651 1719 918 1784 praestatis
969 1721 1277 1772 certamen?
1342 1717 1461 1773 Non
1508 1729 1729 1788 prastat
1776 1731 1958 1777 autem

375 1818 654 1862 certamen
691 1809 958 1875 Domino,
1007 1823 1184 1878 neque
1210 1810 1530 1866 hominibus
1559 1826 1681 1866 eum
1722 1813 1960 1868 arbitror

2069 627 2339 679 illuminet
2372 642 2492 688 nos,
2522 636 2709 679 utnon
2742 627 2882 679 ultra
2915 644 3253 696 quaeramus,
3289 634 3380 686 sed
3413 635 3648 702 qumstio

2069 725 2255 769 nostra
2287 716 2552 772 solvatur.
2612 714 2668 767 Si
2700 724 2879 768 autem
2919 724 3120 769 temere
3145 717 3210 768 ad
3241 733 3346 771 non
3375 719 3644 774 intellecta

2064 807 2502 876 prorumpimus,
2531 823 2632 861 nos
2659 807 2805 876 ipsos
2835 808 3206 861 causabimur.
3251 808 3383 874 Qua:
3413 821 3646 881 estergo

2064 897 2263 953 domus
2291 899 2500 953 David?
2539 897 2596 952 Si
2643 897 2808 953 David
2839 898 3093 954 Christus
3120 910 3224 964 est,
3252 910 3309 954 ut
3334 901 3645 971 frequenter

2063 989 2326 1057 probavi,
2362 989 2560 1043 domus
2592 988 2759 1042 David
2801 1004 2902 1043 nos
2930 1003 3126 1043 sumus
3156 987 3395 1045 Ecclesia
3429 989 3556 1058 Dei;
3590 1003 3645 1047 et

2061 1080 2260 1135 dicitur
2288 1079 2445 1134 nobis
2473 1080 2566 1150 qui
2594 1078 2835 1134 Ecclesia
2867 1095 3078 1141 sumus,
3105 1089 3162 1134 ut
3186 1096 3294 1135 non
3324 1091 3643 1152 praestemus

2061 1181 2336 1226 certamen
2375 1170 2487 1227 Deo
2517 1186 2680 1241 supra
2711 1170 2914 1226 dictum
2935 1211 2949 1237 ,
2981 1171 3073 1226 sed
3099 1172 3264 1227 dante
3291 1172 3522 1229 Domino
3558 1174 3640 1229 si-

2062 1277 2227 1331 gnum
2271 1262 2637 1332 suscipiamus
2667 1261 2820 1316 illud.
2886 1259 3078 1328 Nobis,
3117 1278 3225 1316 non
3252 1264 3439 1319 domui
3471 1264 3639 1320 David

2062 1350 2164 1405 ista
2193 1352 2472 1408 dicuntur.
2543 1351 2609 1407 Et
2635 1353 3010 1422 prophetatur,
3038 1353 3165 1423 quia
3198 1353 3244 1408 si
3276 1355 3402 1424 quis
3430 1367 3512 1410 est
3540 1357 3639 1410 do--

2062 1454 2186 1492 mus
2216 1438 2404 1504 David,
2433 1442 2653 1496 vocabit
2687 1457 2883 1496 nomen
2909 1443 3033 1512 ejus
3064 1441 3406 1499 Emmanuel.
3451 1444 3510 1499 ln
3539 1447 3636 1500 ad-

2059 1541 2224 1584 ventu
2273 1532 2417 1586 enim
2445 1532 2648 1588 Christi
2691 1535 2806 1589 sola
2839 1534 3080 1590 Ecclesia
3110 1545 3300 1590 nostra
3326 1535 3394 1590 de
3418 1535 3637 1592 Christo

2060 1621 2194 1674 dicit
2222 1639 2235 1668 :
2273 1621 2563 1676 Nobiscum
2594 1623 2756 1679 Deus.
2827 1623 2919 1680 His
2947 1640 3006 1679 ut
3032 1625 3179 1680 dedit
3203 1626 3375 1696 gratia
3409 1625 3501 1681 Dei
3533 1643 3632 1681 cx-

2062 1711 2318 1779 planatis,
2355 1713 2460 1765 alia
2491 1713 2604 1782 jam
2638 1729 2946 1781 qua-ramus
2973 1715 3278 1785 :enigmata.

2130 1800 2185 1855 2.
2229 1801 2382 1857 Vers.
2413 1804 2501 1858 l5.
2563 1805 2826 1875 Bntyrum
2861 1817 2908 1861 et
2939 1809 3040 1862 mel
3065 1809 3422 1865 manducabit.
3484 1811 3631 1879 Quo-

375 1903 640 1963 prazstare
672 1905 950 1949 certamen
996 1876 1110 1963 qui“
1135 1895 1271 1964 petit
1301 1895 1517 1966 signum
1546 1897 1598 1950 in
1624 1898 1950 1966 profundum
1990 1876 2030 1930 Β
2063 1895 2224 1949 modo
2264 1895 2517 1951 Christus
2551 1899 2906 1966 prophetatur
2945 1900 3198 1971 butyrum
3240 1910 3295 1955 et
3327 1905 3431 1956 mel
3479 1876 3620 1960 com-

376 1994 473 2039 aut
508 1985 564 2038 in
597 1985 896 2038 excelsum.
933 1982 1220 2038 Certamen
1249 1986 1448 2056 quippe
1477 1987 1568 2042 Dei
1597 1998 1700 2055 est,
1724 2004 1952 2059 quomo-

375 2077 450 2129 do
495 2075 668 2128 salvet
711 2074 1011 2129 hominem.
1064 2074 1182 2129 Non
1214 2086 1433 2146 priestat
1477 2079 1643 2149 igitur
1674 2092 1950 2136 certamen

383 2166 612 2220 Domino
635 2165 725 2234 qui
751 2166 992 2237 confugit
1021 2168 1086 2222 ad
1120 2171 1370 2224 salutem.
1420 2168 1522 2236 Qui
1561 2187 1688 2226 vero
1721 2172 1952 2228 Domino

378 2262 618 2307 certante
653 2263 710 2307 ut
746 2254 917 2309 salvet
945 2254 1243 2321 hominem,
1291 2255 1431 2326 fugit
1460 2274 1490 2312 a
1521 2260 1714 2327 salute,
1747 2270 1800 2316 et
1821 2277 1950 2332 pro—

372 2344 460 2396 cul
487 2345 688 2399 recedit
735 2360 765 2398 a
816 2345 1080 2414 Domino,
1132 2359 1353 2418 priestat
1386 2349 1618 2406 Domino
1649 2363 1948 2410 certamen.

373 2436 502 2490 Ideo
546 2438 692 2491 dabit
737 2438 994 2493 Dominus
1035 2441 1143 2509 ipse
1187 2443 1331 2496 vobis
1357 2443 1586 2514 signant.
1647 2444 1783 2500 Ecce
1805 2447 1950 2518 virgo

369 2529 424 2580 in
452 2537 600 2582 utero
627 2531 879 2596 accipiet,
917 2541 966 2586 et
995 2534 1166 2602 pariet
1192 2534 1365 2602 ﬁlium
1385 2575 1400 2599 ,
1444 2547 1493 2589 et
1524 2538 1732 2590 vocabis
1763 2555 1950 2593 nomen

365 2620 479 2686 ejus
544 2619 877 2676 Emmanuel.
958 2621 1174 2679 Veritas
1235 2627 1628 2694 exemplarium
1678 2629 1951 2698 propheta:

368 2711 530 2780 hujus
563 2712 714 2776 dicit,
763 2715 992 2768 vocabis.
1037 2714 1093 2768 lu
1128 2715 1381 2771 Matthzeo
1429 2733 1594 2786 porro
1643 2720 1850 2776 scimus
1874 2722 1950 2776 le-

363 2803 544 2856 ctitari
575 2820 588 2856 :
624 2802 693 2856 Et
726 2806 999 2859 vocabitur
1033 2807 1144 2877 (87)
1176 2824 1362 2862 nomen
1387 2809 1500 2877 ejus
1529 2808 1844 2865 Emmanuel
1877 2812 1946 2871 ⁸⁷.

361 2891 479 2948 Non
508 2908 804 2963 possumus
829 2896 1008 2952 dicere
1033 2937 1047 2961 ,
1080 2898 1207 2966 quia
1242 2907 1490 2968 oporteat
1527 2901 1708 2956 minus
1741 2903 1948 2974 aliquid

364 2982 545 3038 facere
593 2985 660 3039 de
707 2987 991 3055 pr0pheta.
1069 2987 1359 3054 Quomodo
1416 3005 1547 3044 vero
1594 2990 1945 3062 Evangelium

363 3075 502 3130 hanc
537 3075 697 3130 habet
738 3077 1106 3147 scripturam?
1159 3077 1354 3133 Utrum
1390 3079 1458 3134 ab
1489 3080 1675 3150 aliquo
1708 3098 1817 3136 non
1863 3085 1946 3137 in-

361 3166 631 3236 telligente
651 3206 666 3231 ,
707 3177 761 3222 ct
790 3169 856 3223 ad
894 3167 1134 3225 faciliora
1170 3180 1423 3226 currente
1443 3211 1457 3233 ,
1505 3174 1778 3241 quomodo
1804 3183 1857 3228 et
1886 3174 1940 3229 iu

359 3258 484 3313 aliis
517 3260 703 3314 multis
729 3260 928 3316 factum
960 3270 1079 3328 est;
1112 3279 1180 3316 an
1216 3262 1296 3317 sic
1325 3278 1355 3317 a
1384 3262 1673 3333 principio,
1705 3274 1762 3318 ut
1792 3265 1940 3320 dicat

360 3347 589 3404 forsitan
639 3350 838 3420 aliquis
883 3352 1085 3406 editum
1115 3366 1236 3406 esse
1280 3351 1662 3423 Evangelium;
1695 3355 1789 3424 qui
1822 3356 1939 3410 vult

359 3441 640 3496 deliberet.
683 3441 951 3511 Propheta
987 3444 1206 3513 quidem
1240 3443 1527 3500 manifeste
1554 3445 1734 3513 habet,
1759 3457 1810 3501 et
1842 3464 1935 3502 vo-

357 3534 504 3587 cabis
549 3551 736 3589 nomen
781 3536 894 3604 ejus
949 3535 1283 3590 Emmanuel.
1343 3535 1477 3592 Novi
1533 3539 1824 3608 quemdam
1878 3541 1934 3596 in

354 3626 581 3680 exordio
627 3627 1025 3697 scripturarum
1073 3627 1350 3699 Evangelii
1396 3630 1658 3699 legentem
1691 3649 1705 3686 :
1738 3631 1808 3685 Et
1839 3650 1933 3688 vo-

353 3717 497 3772 cabis
521 3735 706 3774 nomen
735 3719 847 3782 eius
878 3718 1214 3784 Emmanuel,
1245 3720 1452 3777 dixisse
1475 3721 1616 3776 intra
1646 3723 1886 3793 seipsum
1917 3745 1931 3781 :

351 3809 494 3877 Quid
541 3820 667 3878 est,
716 3812 972 3867 vocabis?
1010 3813 1145 3878 Quis
1173 3813 1425 3868 vocabit?
1459 3814 1662 3869 Achaz.
1705 3814 1769 3869 Et
1795 3832 1934 3884 quo-

354 3903 518 3956 modo
573 3903 752 3972 potuit
801 3903 985 3957 Achaz
1017 3904 1084 3958 de
1111 3904 1391 3960 Salvatore
1420 3905 1514 3975 qui
1545 3915 1667 3975 post
1709 3921 1934 3975 genera-

351 3995 528 4050 tiones
577 3996 776 4051 multas
817 3996 999 4061 venit,
1047 3997 1279 4052 audire:
1325 3995 1549 4050 Vocabis
1591 4013 1776 4051 nomen
1817 3997 1933 4068 ejus

351 4087 705 4151 Emmanuel;
764 4096 929 4157 atque
983 4087 1056 4142 ita
1107 4104 1207 4157 pro
1249 4103 1317 4143 eo
1359 4088 1506 4157 quod
1547 4097 1648 4155 est,
1701 4091 1929 4156 vocabis,

349 4179 673 4248 scripsisse,
710 4180 1003 4233 vocabitur.
1068 4179 1171 4233 Sed
1201 4178 1323 4232 vide
1347 4179 1474 4248 quia
1503 4194 1608 4234 non
1635 4179 1817 4236 Achaz
1845 4183 1930 4237 di-

347 4269 534 4323 citur:
578 4268 647 4324 Et
685 4270 891 4324 vocabis
933 4285 1115 4324 nomen
1146 4269 1258 4339 ejus
1295 4267 1608 4324 Emmanuel
1632 4311 1647 4335 ,
1682 4273 1775 4328 sed
1824 4274 1926 4328 do-

348 4362 462 4416 mui
512 4362 681 4417 David
724 4363 846 4418 vide
902 4363 1190 4418 manifeste
1230 4363 1435 4418 dictum
1474 4382 1488 4418 :
1528 4366 1722 4420 Audite
1763 4384 1923 4434 nunc,

345 4453 534 4508 domus
566 4455 735 4510 David
767 4471 786 4508 :
821 4455 1076 4527 Nunquid
1105 4456 1371 4509 modicum
1408 4456 1551 4511 vobis
1575 4467 1650 4511 est
1672 4471 1926 4527 praestare

344 4557 607 4602 certamen
635 4547 970 4614 hominibus,
1013 4560 1061 4604 et
1101 4555 1360 4619 quomodo
1394 4550 1617 4604 Domino
1653 4553 1922 4621 praestatis
1956 4563 2002 4622 ο
2029 4549 2089 4596 ιιι
2120 4541 2188 4594 de
2230 4538 2387 4593 mene
2440 4536 2722 4590 comedere
2772 4551 2876 4590 "0"
2923 4538 3126 4604 Possm
3174 4553 3186 4589 ³

343 4640 650 4694 certamen?
707 4640 835 4694 Ideo
880 4640 1030 4694 dabit
1069 4641 1326 4696 Dominus
1359 4642 1468 4712 ipse
1508 4643 1649 4696 vobis
1690 4645 1921 4714 signum.

347 4729 483 4784 Ecce
505 4733 649 4802 virgo
677 4731 734 4784 in
764 4742 912 4785 utero
945 4733 1219 4801 concipiet,
1254 4741 1302 4786 et
1334 4733 1502 4802 pariet
1529 4732 1724 4802 ﬁlium,
1755 4744 1803 4787 et
1836 4750 1924 4787 vo-

342 4824 490 4878 cabis
530 4841 716 4878 nomen
755 4825 868 4893 ejus
905 4823 1240 4879 Emmanuel.
1305 4824 1407 4880 Sed
1462 4824 1683 4894 quando
1737 4825 1924 4894 itaque

344 4929 452 4967 non
483 4913 836 4982 intelligimus
871 4914 974 4968 hoc
1006 4913 1152 4982 quod
1181 4913 1386 4968 dictum
1420 4923 1524 4979 est,
1559 4912 1694 4966 nihil
1737 4929 1802 4967 ex
1855 4927 1923 4967 eo

341 5005 526 5059 minus
559 5004 844 5069 faciamus,
889 5017 1064 5072 neque
1099 5003 1164 5056 ad
1196 5001 1440 5056 faciliora
1467 5017 1776 5065 curramus,
1821 5001 1914 5055 sed

339 5101 720 5164 exspectemus
768 5093 942 5148 donec
993 5091 1166 5161 gratia
1204 5089 1295 5145 Dei
1326 5090 1580 5159 subjiciat
1627 5089 1787 5145 nobis
1819 5105 1916 5160 per

342 5184 794 5240 illuminatiouem
849 5182 1091 5238 scientia:
1139 5181 1574 5251 explanationem
1611 5179 1724 5252 (88)
1759 5195 1912 5250 qua:-

410 5297 458 5329 ⁵⁸
486 5295 682 5364 Ephes.
728 5311 811 5362 Ill,
849 5296 937 5350 18.
1043 5295 1088 5328 ⁸⁷
1125 5293 1316 5348 Matth.
1359 5310 1399 5362 ι,
1428 5293 1520 5349 25.

341 5368 603 5433 nlvd'i.

410 5458 524 5530 (87)
565 5457 631 5512 In
659 5457 913 5530 Matutino
942 5448 1579 5530 porroscimuslecftitart
1607 5462 1624 5500 :
1666 5444 1734 5499 Et
1756 5462 1910 5530 voca-

339 5516 519 5600 bifur,’
532 5537 637 5583 etc.
679 5527 870 5600 Matth.
898 5516 952 5591 ιζ
981 5525 1073 5600 Ξξο,
1100 5523 1296 5600 legitur
1322 5519 1376 5572 in
1405 5517 1612 5600 Graecis
1629 5516 1907 5586 exempla-

337 5587 500 5654 ribus
519 5599 602 5652 vel
628 5587 946 5667 naléaouot,
962 5595 1042 5648 vel
1063 5587 1343 5667 ξιρὶῖἐσεις,
1373 5589 1456 5667 vel
1485 5587 1761 5667 na‘sécrevs,
1786 5601 1912 5667 [rus-

336 5653 504 5737 quam
528 5682 662 5740 vero
683 5653 1033 5740 κληθήσεὲαι,
1077 5662 1212 5740 l_linc
1233 5659 1610 5740 suspiclo'rhoe
1636 5657 1756 5740 loco
1785 5653 1910 5740 Hie-

339 5725 630 5810 ronymum
652 5725 1002 5810 interpretem
1016 5733 1270 5810 habuisse
1282 5725 1532 5810 vo'cabitis
1546 5742 1570 5810 ἑ
1589 5725 1747 5810 quod.
1757 5732 1879 5810 post
1891 5751 1910 5762 -

335 5823 400 5862 ea
431 5795 850 5866 ainanueusiuin
891 5802 1179 5858 oscitantia
1231 5808 1499 5855 mutatum
1546 5795 1708 5852 fuerit
1736 5795 1790 5848 in
1820 5809 1911 5847 vo-

1612 5293 1658 5325 ⁸⁸
1694 5291 1854 5348 Joan.
1885 5308 1939 5360 v,
1969 5293 2060 5350 59.

2060 1988 2318 2042 esturus?
2350 1987 2405 2042 Si
2432 1990 2534 2045 hoc
2561 1989 2725 2044 fuerit
2752 1990 3054 2060 expositum
3085 1991 3314 2047 Domino
3341 1994 3630 2057 tribuente,

2059 2094 2251 2134 rursus
2271 2095 2334 2134 ea
2359 2096 2480 2150 quae
2506 2090 2831 2150 sequuntur,
2851 2081 3012 2136 aliam
3037 2083 3196 2138 nobis
3219 2084 3464 2154 ingerent
3491 2101 3635 2155 quae-

2055 2173 2314 2227 stionem.
2374 2169 2704 2242 Utinamqne
2745 2187 2938 2228 omnes
2973 2173 3276 2229 faceremus
3306 2176 3435 2229 illud
3483 2177 3628 2246 quod

2053 2261 2312 2330 scriptum
2366 2271 2449 2316 est
2485 2278 2498 2314 :
2537 2259 2866 2316 Scrutamini
2906 2260 3212 2332 Scripturas
3246 2261 3310 2314 “'.
3366 2261 3528 2317 Plura
3564 2278 3629 2317 ex

2052 2349 2429 2418 corporalibus
2473 2349 2610 2404 cibis
2655 2352 2932 2405 nominata
2965 2361 3092 2407 sunt
3122 2352 3175 2406 in
3204 2351 3496 2422 Scriptnris
3531 2370 3629 2424 pro

2051 2440 2190 2495 escis
2219 2441 2577 2510 spiritalibus.
2623 2441 2790 2507 Quasi
2822 2444 2976 2498 modo
3004 2445 3116 2499 nati
3150 2447 3360 2515 parvuli
3391 2449 3624 2501 rationm

2051 2530 2152 2584 bile
2182 2539 2232 2585 et
2254 2532 2364 2586 sine
2394 2532 2516 2586 dolo
2544 2533 2627 2585 lac
2655 2533 2950 2588 desiderate
2981 2536 3047 2590 ‘9.
3093 2535 3234 2606 Ergo
3265 2547 3347 2592 cst
3376 2538 3495 2592 sine
3525 2539 3626 2592 du-

2052 2619 2142 2674 bio
2173 2620 2258 2675 lac
2288 2621 2640 2686 rationabile,
2673 2631 2726 2676 et
2759 2633 2970 2692 oportet
3016 2626 3172 2679 nobis
3203 2627 3509 2680 istiusmodi
3543 2629 3628 2682 lac

2051 2725 2312 2780 quzcrere.
2355 2709 2594 2768 Rursum
2632 2713 2685 2768 in
2709 2711 3019 2769 Proverbiis
3044 2716 3110 2770 de
3141 2716 3297 2772 melle
3324 2720 3583 2787 scriptum
3609 2737 3626 2776 :

2052 2800 2161 2855 Mel
2197 2803 2462 2856 inveniens
2500 2803 2709 2858 comede
2754 2807 2893 2875 quod
2921 2807 3139 2876 sufﬁcit,
3188 2823 3250 2861 ne
3278 2809 3416 2877 forte
3441 2811 3625 2879 plenus

2048 2909 2254 2947 evomas
2285 2895 2352 2949 ⁸ο.
2411 2892 2553 2950 Num
2581 2895 2791 2950 curavit
2825 2897 3060 2966 Spiritus
3111 2907 3336 2955 sanctus
3367 2901 3434 2955 de
3467 2903 3626 2958 melle

2047 2982 2154 3038 isto
2173 2983 2316 3052 quod
2345 2992 2534 3038 notum
2560 2995 2663 3048 est,
2684 3001 2752 3040 ne
2785 2987 2927 3040 forte
2950 2987 3069 3056 plus
3097 2990 3490 3046 comedamus?
3517 2990 3622 3047 Sed

2047 3075 2290 3130 sentiens
2321 3076 2510 3146 utique
2538 3075 2774 3146 Spiritus
2809 3089 3033 3135 sanctus
3077 3081 3182 3135 mel
3219 3081 3463 3151 spiritale
3495 3084 3571 3138 ait
3605 3104 3616 3140 :

2050 3164 2156 3220 Mel
2187 3167 2450 3222 inveniens
2481 3166 2689 3222 comede
2714 3168 2854 3236 quod
2875 3170 3082 3238 suﬁicit.
3126 3171 3264 3237 Quid
3289 3183 3466 3227 autem
3496 3190 3621 3228 sen-

2047 3259 2187 3315 tiens
2223 3259 2460 3330 Spiritus
2489 3269 2710 3315 sanctus
2745 3261 2997 3332 prmeepit
3027 3263 3206 3324 nobis.
3243 3274 3302 3317 ut
3326 3265 3370 3318 si
3408 3265 3621 3318 inveni-

2042 3368 2229 3410 remus
2259 3354 2396 3420 mel,
2434 3351 2725 3408 invenihile
2753 3356 2905 3410 estsi
2937 3356 3156 3426 quidem
3191 3357 3329 3424 mel,
3365 3360 3620 3414 comeda-

2040 3461 2165 3502 mus
2191 3445 2334 3516 quod
2369 3445 2608 3500 sullicit?
2641 3441 2803 3509 Vade,
2833 3445 2928 3511 ait,
2961 3447 3031 3500 ad
3059 3463 3230 3518 apem,
3253 3458 3301 3501 et
3325 3449 3466 3503 disce
3488 3466 3618 3519 quo-

2038 3538 2192 3590 modo
2241 3541 2510 3608 operatria:
2541 3551 2642 3596 est.
2703 3539 2770 3594 Et
2793 3539 3146 3593 inveniuntur
3179 3540 3457 3609 propheta).
3486 3557 3616 3610 apes

2037 3642 2179 3686 esse.
2223 3627 2460 3698 Fingunt
2497 3629 2765 3698 siquidem
2799 3644 2988 3690 ceras,
3023 3637 3077 3682 ct
3112 3629 3268 3682 mella
3296 3631 3612 3696 conficiunt,

2035 3724 2090 3770 et
2125 3715 2170 3770 si
2203 3718 2448 3772 audienti
2485 3718 2618 3776 mihi
2649 3717 2866 3786 expedit
2889 3717 3090 3776 dicere,
3124 3715 3230 3769 favi
3264 3731 3454 3770 eorum
3477 3718 3614 3771 scri-

2034 3817 2208 3876 plurte
2252 3817 2381 3861 sunt
2427 3823 2567 3876 quas
2611 3808 2968 3876 reliquerunt.
3038 3806 3102 3860 Et
3155 3807 3340 3861 volens
3388 3809 3507 3860 veni
3545 3808 3610 3860 ad

2038 3897 2390 3968 Scripturas,
2445 3910 2499 3953 et
2538 3898 2718 3952 inveni
2749 3899 2876 3952 mel.
2917 3897 3020 3952 Sed
3055 3897 3264 3950 comede
3299 3897 3434 3970 mel.
3459 3896 3523 3951 Et
3557 3901 3608 3954 in

2032 3988 2345 4045 Proverbiis
2375 4005 2568 4045 rursus
2591 3990 2790 4046 dicitur
2818 4009 2830 4044 :
2861 3989 3040 4044 Bonus
3071 3999 3145 4043 est
3177 3989 3314 4042 enim
3345 3989 3518 4058 fueris,
3551 4002 3608 4041 ut

2032 4082 2370 4139 indnlcentur
2402 4083 2580 4152 fauces
2609 4092 2715 4137 tua:
2738 4084 2804 4136 δι.
2856 4080 3096 4136 Putasne
3136 4077 3403 4135 hoc‘dicit
3431 4081 3607 4151 Spiri-

2032 4184 2120 4229 tus
2155 4182 2410 4238 sanctus,
2464 4174 2688 4228 comede
2723 4172 2826 4227 mel
2859 4173 3003 4243 quod
3039 4172 3092 4225 in
3120 4186 3221 4226 usu
3255 4180 3370 4237 est,
3402 4172 3606 4226 bonum

2029 4267 2176 4323 enim
2214 4267 2334 4321 est?
2373 4265 2485 4336 Ego
2510 4281 2616 4321 non
2641 4266 2816 4321 audeo
2845 4266 3027 4320 dicere
3051 4264 3180 4331 quia
3205 4263 3272 4317 de
3297 4264 3455 4316 melle
3483 4278 3608 4316 cor-

2027 4376 2196 4430 poreo
2231 4359 2360 4413 mihi
2388 4357 2668 4427 praecipiat
2701 4355 2940 4426 Spiritus
2966 4364 3212 4420 sanctus,
3247 4354 3457 4407 comede
3483 4355 3602 4408 mel.

2028 4451 2166 4505 Ecce
2188 4464 2294 4503 non
2327 4448 2501 4501 habeo
2525 4486 2540 4511 ,
2572 4453 2665 4498 aut
2705 4457 2850 4499 certe
2879 4454 3085 4498 natura:
3115 4443 3423 4513 hujusmodi
3457 4459 3600 4508 sum,

3174 4553 3187 4589 :
3237 4549 3343 4604 qua
3395 4535 3604 4590 ratione

2026 4631 2160 4685 mihi
2204 4629 2367 4693 dicit,
2401 4629 2624 4682 comede
2655 4626 2759 4682 mel
2781 4667 2796 4692 ,
2825 4635 2876 4679 et
2905 4627 3011 4680 noli
3063 4627 3349 4682 comedere
3382 4643 3599 4694 carnes,

2025 4720 2120 4776 sed
2154 4720 2401 4785 comede,
2456 4717 2552 4782 lili,
2593 4717 2720 4783 mel,
2765 4717 2967 4770 bonum
2995 4727 3076 4772 est
3102 4718 3266 4771 enim.
3323 4716 3378 4770 Si
3415 4719 3600 4774 videas

2025 4831 2154 4884 apes
2199 4812 2525 4883 prophetas,
2579 4819 2633 4865 et
2676 4825 2813 4879 opus
2853 4826 3042 4865 eorum
3093 4811 3249 4865 mella
3303 4811 3384 4865 vel
3421 4810 3597 4879 favos,

2024 4916 2154 4961 tunc
2186 4903 2394 4959 videbis
2428 4901 2705 4973 quomodo
2733 4917 2832 4972 pro
2862 4903 3125 4971 dignitate
3154 4902 3328 4957 sancti
3360 4901 3597 4973 Spiritus

2023 4997 2316 5066 intelligas,
2349 4994 2557 5048 comede
2584 4992 2705 5057 mel,
2731 4993 2834 5061 ﬁli,
2863 4992 3054 5045 bonum
3076 5001 3154 5045 est
3181 4993 3338 5048 enim.
3385 4992 3442 5048 Si
3474 4995 3596 5064 quis

2022 5087 2316 5142 meditatur
2358 5085 2575 5154 eloquia
2620 5083 2836 5149 divina,
2883 5091 2939 5138 et
2979 5084 3218 5138 nutritur
3247 5086 3594 5139 sermonibus

2021 5177 2454 5249 Seripturarum,
2485 5175 2721 5246 complet
2746 5175 3062 5231 mandatum
3093 5176 3338 5231 divinum
3371 5175 3592 5245 juhens,

2164 5291 2210 5324 δ’
2249 5291 2445 5348 lPetr.
2484 5306 2544 5357 ιι,
2583 5289 2639 5344 ‘2.
2739 5291 2785 5322 ⁸ο
2812 5289 2974 5346 Prov.
3003 5305 3132 5358 xxv,
3157 5289 3243 5343 16.
3347 5288 3391 5320 ⁵⁸
3430 5286 3588 5342 Prov~

2016 5448 2255 5524 cabitur._
2291 5448 2380 5505 Uti
2404 5449 2634 5524 Vulgata
2658 5449 2857 5524 l_._at_ina_
2878 5449 3040 5524 habet
3059 5448 3212 5524 Isaiae
3238 5460 3335 5508 vn,
3361 5445 3446 5524 1.4.
3471 5444 3592 5498 Ca:-

2018 5529 2193 5594 terum
2237 5521 2391 5594 juxta
2426 5521 2624 5594 linguae
2664 5518 2942 5594 llebraicaa
2969 5518 3328 5594 idiotismum,
3352 5518 3466 5594 sive
3489 5529 3589 5594 κατ

2015 5581 2268 5653 λέσουσι]
2320 5593 2436 5645 sive
2478 5581 2767 5648 κᾶλέσεις,
2811 5586 3053 5654 legatur,
3091 5581 3316 5654 perinde
3341 5589 3424 5635 est
3449 5596 3516 5636 ac
3542 5583 3588 5636 si

2016 5657 2704 5734 legereturxkqeijesfcaLJ
3283 5717 3294 5727 .
3377 5717 3412 5734 ﬂ

2087 5718 2202 5801 '(88)
2240 5718 2407 5796 Mss,
2430 5718 2904 5795 eaplanationemq
2931 5718 3089 5788 edit.,
3121 5718 3578 5777 illuminationem.
