4130 6424
528 376 629 429 ΞΕΠ

1980 370 2304 428 ORlGENlS

3671 392 3779 449 228

528 501 736 552 comede
762 497 885 564 mel,
914 496 1033 566 ﬁli;
1062 505 1114 551 et
1145 495 1346 549 faciens
1364 493 1503 563 quod
1527 493 1741 563 jussum
1769 502 1874 557 est,
1899 491 2104 561 potitur
2132 498 2174 552 Α
2208 494 2296 546 tia:
2342 503 2397 547 et
2450 495 2697 564 pietatis,
2751 498 2975 566 spiritus
3013 499 3225 556 timoris
3257 502 3488 560 Domini.
3549 504 3654 564 Ista
3690 525 3781 565 sa-

530 606 779 643 st-rmouc
802 589 894 659 qui
926 588 1191 657 sequitur,
1223 586 1411 638 bonum
1439 595 1514 638 est
1546 586 1704 638 enim.
1735 584 1873 650 Quia
1898 585 2102 639 bonum

528 689 614 733 est
657 679 759 731 hoc
794 678 934 741 mel,
972 677 1114 746 quod
1151 677 1204 729 in
1254 674 1551 745 Scripturis
1595 675 1885 728 invenitur.
1944 673 2101 740 Quod

528 781 707 824 autem
733 770 932 823 dicitur
965 789 978 823 :
1026 768 1167 822 Vade
1198 769 1271 822 ad
1298 786 1468 839 opem,
1510 768 1823 824 istiusmodi
1846 778 1949 823 est.
2007 768 2104 823 Est

526 862 773 931 quaedam
795 901 809 924 ,
855 872 915 915 ut
947 862 1017 914 ita
1054 860 1268 925 dicam,
1308 861 1426 930 apis
1471 877 1633 931 super
1669 876 1799 930 apes
1833 878 1847 913 :
1876 871 1929 913 ct
1960 874 2099 928 quo-

530 955 691 1007 modo
728 954 867 1008 inter
902 971 1032 1023 apes
1057 971 1148 1008 rex
1175 954 1395 1022 quidam
1419 961 1498 1007 est
1526 954 1616 1022 qui
1648 953 1959 1007 nominatur
1981 967 2103 1006 esse

528 1060 639 1109 rex,
661 1044 741 1098 sic
756 1043 1005 1114 princeps
1029 1045 1362 1113 apumllo
1384 1043 1645 1097 Dominus
1666 1053 1745 1097 est
1762 1041 2099 1097 JesusChri—

524 1147 661 1199 stus,
695 1136 762 1190 ad
792 1152 953 1205 quem
982 1136 1145 1189 mittit
1175 1152 1259 1190 me
1293 1134 1529 1205 Spiritus
1563 1145 1785 1189 sanctus
1821 1143 1879 1188 ut
1919 1150 2099 1189 come.

522 1230 645 1283 dam
680 1229 817 1295 mel,
845 1229 1052 1282 bonum
1081 1238 1157 1283 est
1189 1229 1333 1282 enim
1364 1270 1380 1295 ,
1415 1237 1468 1283 et
1502 1228 1656 1282 favus
1682 1227 1797 1296 ejus
1834 1235 1889 1280 ut
1920 1227 2097 1280 indul-

521 1333 712 1377 t-entur
745 1322 931 1376 fauces
967 1337 1117 1374 mea}.
1166 1318 1229 1374 Et
1259 1320 1398 1373 forte
1430 1319 1744 1373 subtiliores
1775 1320 1961 1372 litteric
1989 1317 2096 1371 favi

521 1422 716 1480 erunt,
753 1413 859 1466 mel
893 1428 1020 1465 vero
1049 1422 1132 1465 est
1172 1410 1263 1480 qui
1297 1411 1348 1464 in
1381 1410 1465 1464 his
1495 1419 1577 1463 cst
1609 1410 1932 1464 intellectus.
1994 1409 2099 1464 Iste

520 1519 686 1573 porro
711 1502 802 1573 qui
835 1515 919 1558 est
953 1512 1109 1556 natus
1135 1519 1200 1556 ex
1232 1502 1440 1570 virgine
1462 1499 1802 1567 Emmanuel,
1842 1502 2096 1571 butyrum

520 1604 573 1648 et
603 1594 709 1647 mel
744 1594 1056 1659 manducat,
1093 1603 1145 1648 et
1187 1592 1382 1661 quaerit
1408 1591 1476 1645 ab
1499 1607 1822 1660 unoquoque
1846 1603 2093 1646 nostrum

519 1683 775 1755 butyrum
816 1684 1165 1738 manducare.
1209 1682 1492 1749 Quomodo
1523 1698 1552 1735 a
1582 1682 1809 1752 singulis
1847 1692 2095 1737 nostrum

519 1776 771 1847 butyrum
804 1776 996 1845 qurerit
1022 1785 1074 1830 et
1097 1775 1223 1842 mel,
1262 1790 1443 1829 sermo
1471 1774 1735 1829 edocebit.
1790 1774 1965 1844 Opera
1994 1790 2093 1829 no-

515 1877 627 1922 stra
672 1867 887 1932 dulcia,
925 1882 1206 1921 sermones
1251 1866 1423 1921 nostri
1469 1866 1782 1921 suavissimi
1815 1876 1867 1921 et
1906 1868 2085 1931 utiles,

513 1960 671 2013 mella
695 1969 823 2013 sunt
847 1976 969 2029 qua:
993 1959 1283 2014 manducat
1312 1957 1673 2025 Emmanuel,
1710 1975 1830 2028 qutt-
1856 1960 2089 2015 mandu-

511 2062 600 2105 cat
630 2051 731 2106 iste
762 2051 857 2122 qui
891 2058 1053 2105 natus
1081 2051 1251 2105 estde
1279 2049 1510 2121 virgine.
1556 2047 1613 2104 Si
1651 2066 1781 2105 vero
1806 2066 2088 2107 sermones

515 2144 687 2196 uestri
720 2142 1083 2196 amaritudine
1114 2142 1256 2212 pleni
1283 2150 1431 2207 sunt,
1464 2140 1566 2207 ira,
1589 2141 1954 2205 animositate,
1977 2157 2087 2197 mo-

514 2234 692 2296 lestia,
746 2235 1098 2305 lurpiloquio,
1142 2234 1313 2299 vitiis,
1364 2233 1729 2299 contentione,
1770 2233 1914 2288 dedit
1940 2234 1992 2288 in
2024 2250 2087 2291 os

514 2347 695 2386 meum
742 2330 832 2398 fel,
866 2344 919 2386 et
949 2347 1056 2385 non
1093 2330 1327 2397 comedit
1361 2333 1427 2384 ab
1457 2329 1543 2385 his
1584 2331 1931 2385 sermonibus
1962 2329 2085 2385 Sal-

512 2432 692 2477 vator.
735 2422 994 2478 Comedct
1022 2430 1203 2476 autem
1236 2419 1486 2475 Salvator
1520 2420 1586 2475 de
1618 2421 1960 2475 sermonibus
1991 2419 2085 2490 qui

511 2524 642 2569 Sunt
690 2514 832 2584 apud
884 2506 1168 2579 homines,
1222 2512 1267 2568 si
1317 2510 1518 2566 fuerint
1560 2526 1841 2567 sermones
1890 2527 2081 2567 eorum

511 2606 635 2661 mel.
698 2605 1077 2674 Approbemus
1120 2605 1223 2658 hoc
1262 2604 1328 2658 de
1375 2601 1671 2673 Scripturis
1702 2620 1717 2658 :
1754 2601 1887 2657 Ecce
1911 2613 1991 2657 sto
2014 2604 2083 2657 ad

508 2699 721 2761 ostium,
749 2708 795 2751 et
823 2699 995 2766 pulso.
1039 2696 1099 2751 Si
1128 2698 1245 2768 quis
1283 2695 1545 2764 aperuerit
1574 2695 1702 2749 iui/ti
1730 2697 1925 2749 ostium
1947 2736 1962 2760 ,
1997 2698 2081 2750 in-

508 2793 723 2860 grediar
750 2788 819 2841 ad
842 2804 980 2851 eum,
1010 2798 1056 2841 et
1085 2786 1297 2840 rmnabo
1328 2802 1442 2839 cum
1471 2784 1564 2839 illo
1593 2797 1640 2839 ct
1665 2785 1754 2841 ille
1789 2803 1990 2840 uterum
2012 2787 2079 2841 ".

512 2880 675 2950 Igitur
704 2880 819 2949 ipse
853 2879 1135 2948 pollicetur
1168 2894 1226 2934 se
1252 2892 1313 2933 ex
1364 2877 1567 2932 nostris
1600 2887 1943 2932 cmnaturum
1979 2892 2082 2930 no-

510 2974 720 3027 biscum
751 2988 891 3027 esse.
954 2972 1172 3025 Certum
1219 2982 1301 3025 est
1342 2979 1523 3026 autent
1559 2971 1688 3040 quia
1730 2979 1784 3025 et
1821 2985 1919 3024 nos
1956 2983 2081 3023 cum

510 3066 601 3119 illo
630 3081 927 3130 cantamus,
953 3064 997 3118 si
1028 3078 1309 3119 emnemus
1334 3062 1507 3117 illum.
1549 3059 1853 3115 Comedens
1881 3060 2083 3129 quippe

2206 582 2405 652 pientia
2465 585 2666 651 patitur
2709 588 3061 655 opprobrium
3095 606 3125 643 a
3162 593 3346 647 multis
3374 595 3656 665 sapientiis
3689 600 3778 653 iu-

2205 674 2554 743 surgentibus
2606 676 2660 729 in
2707 693 2786 732 se.
2857 676 2961 733 Iste
2996 696 3158 736 verus
3208 682 3511 741 intellectus
3545 690 3780 746 sustinet

2204 761 2558 829 opprobrium
2602 765 2674 818 ab
2705 765 3069 823 iutellectibus
3101 769 3275 826 falsis.
3340 774 3489 829 istud
3520 792 3773 847 magnum

2202 853 2491 908 consilium
2515 857 2882 925 approbratur
2908 876 2939 914 ι
2969 862 3156 917 multis
3178 865 3423 923 consiliis
3449 882 3560 922 non
3590 869 3775 926 bonis.

2202 943 2308 999 ista
2333 948 2508 1002 virtus
2534 949 2877 1006 maledicitur
2906 968 2937 1007 a
2960 956 3219 1023 quadam,
3252 973 3376 1027 qua:
3413 975 3539 1014 eum
3568 976 3677 1017 non
3705 963 3781 1017 sit

2201 1038 2397 1103 virtus,
2436 1042 2762 1110 repromittit
2809 1060 2867 1099 se
2914 1060 3038 1102 esse
3071 1049 3347 1105 virtutem.
3414 1052 3519 1107 Ista
3545 1053 3774 1110 scientia

2202 1131 2406 1200 patitur
2437 1135 2786 1203 opprobrium
2817 1152 2846 1191 a
2876 1140 3112 1207 quadam
3158 1140 3279 1197 falsi
3328 1144 3566 1199 nominis
3595 1146 3779 1201 scien-

2200 1222 2272 1276 tia
2303 1237 2500 1277 nomen
2531 1238 2689 1278 suum
2730 1227 3087 1296 subripiente.
3133 1232 3240 1284 Ista
3278 1232 3449 1300 pietas
3474 1237 3777 1305 exprobra-

2200 1320 2285 1365 tur
2342 1313 2409 1367 ah
2430 1330 2514 1379 ea,
2550 1331 2668 1381 quae
2694 1333 2817 1370 eum
2851 1334 2909 1372 se
2939 1321 3087 1373 dicat
3116 1338 3235 1377 esse
3265 1324 3541 1393 pietatem,
3579 1328 3773 1399 impie-

2200 1413 2282 1459 tas
2312 1415 2413 1472 est,
2441 1416 2495 1460 et
2523 1408 2720 1478 impios
2746 1410 2983 1464 instruit.
3028 1411 3133 1467 Iste
3160 1415 3325 1470 timor
3348 1418 3552 1487 patitur
3570 1435 3775 1489 oppro-

2198 1498 2375 1551 brium
2427 1500 2495 1553 ab
2537 1514 2604 1553 eo
2639 1501 2731 1569 qui
2766 1510 2987 1569 putatur
3014 1520 3135 1559 esse
3182 1507 3366 1562 timor.
3440 1508 3590 1564 Multi
3622 1511 3768 1565 enim

2196 1590 2522 1658 pollicentur
2554 1589 2798 1644 divinum
2836 1601 3065 1657 metum,
3116 1596 3210 1650 sed
3252 1612 3360 1652 non
3390 1614 3515 1654 cum
3545 1600 3771 1656 scientia

2197 1693 2464 1737 metuunt.
2521 1682 2811 1749 Quomodo
2835 1699 2966 1754 ergo
2995 1686 3110 1740 ista:
3135 1697 3338 1757 septem
3372 1692 3654 1760 patiuntur
3680 1706 3777 1762 0p-

2196 1773 2481 1841 probrium
2544 1776 2975 1832 consideremus.
3038 1777 3173 1832 Vide
3214 1781 3539 1850 sapientiam
3583 1785 3771 1839 saeculi

2196 1863 2399 1934 hujus,
2449 1866 2572 1920 vide
2618 1867 2941 1935 sapientiam
2985 1870 3292 1941 principum
3338 1874 3527 1928 mundi
3582 1875 3769 1945 hujus,

2190 1955 2465 2023 quomodo
2484 1958 2816 2026 exprobrant
2835 1958 3159 2029 sapientiam
3181 1962 3386 2018 Christi
3417 1965 3543 2029 mei,
3562 1975 3616 2020 et
3635 1982 3770 2035 quo-

2190 2047 2354 2102 modo
2383 2050 2717 2119 exprobrant
2762 2054 3085 2123 sapientiam
3115 2053 3381 2111 Judaismi
3416 2058 3563 2121 veri,
3613 2059 3770 2129 juxta

2189 2152 2349 2206 quem
2381 2153 2480 2195 nos
2513 2140 2960 2197 circumcidimur
2993 2145 3334 2214 spiritaliter,
3366 2147 3455 2201 isti
3482 2164 3609 2202 vero
3638 2165 3773 2219 prie-

2189 2230 2465 2285 eiduntur.
2508 2229 2751 2303 lutellige
2782 2234 2964 2304 itaque
2991 2238 3265 2305 quomodo
3294 2240 3556 2308 sapientia
3585 2243 3767 2296 sreeuli

2190 2319 2354 2390 hujus
2403 2330 2457 2376 ct
2488 2323 2792 2393 principum
2840 2327 3024 2381 mundi
3080 2329 3239 2383 istius
3263 2371 3277 2396 ,
3316 2331 3646 2386 maledicunt
3674 2349 3765 2387 sa-

2188 2411 2433 2481 pientiae;
2462 2423 2514 2467 et
2540 2414 2609 2467 ob
2638 2415 2741 2470 hoc
2765 2419 3025 2486 qmeritur
3052 2419 3218 2475 homo
3245 2422 3337 2491 qui
3371 2438 3496 2477 cum
3534 2425 3651 2479 istis
3680 2440 3771 2479 se-

2189 2512 2333 2574 ptem
2386 2505 2727 2574 spiritalibus
2770 2508 2919 2563 velut
2961 2510 3280 2567 mulieribus
3324 2513 3428 2577 sit,
3471 2525 3527 2569 ut
3555 2514 3766 2572 auferat

2185 2609 2374 2650 earum
2402 2599 2780 2668 cpprobrium.
2819 2599 3045 2672 PrOprie
3074 2619 3219 2659 unus
3244 2613 3329 2661 est
3358 2609 3522 2663 homo
3550 2610 3643 2680 qui
3668 2627 3763 2663 an.

2187 2686 2326 2742 ferat
2360 2703 2548 2743 earum
2576 2693 2952 2761 opprobrium.
3009 2695 3144 2763 Quis
3168 2706 3251 2753 est
3287 2698 3387 2754 iste
3424 2700 3627 2757 homo?
3672 2699 3763 2755 Je-

2187 2794 2281 2833 sus
2309 2780 2403 2848 qui
2446 2781 2613 2835 exivit
2641 2782 2798 2851 juxta
2831 2800 3053 2841 carnem
3086 2787 3153 2843 de
3192 2789 3374 2843 radice
3403 2787 3556 2845 Jesse
3591 2790 3762 2859 factus

2184 2883 2249 2921 ea:
2277 2872 2472 2924 semine
2507 2870 2677 2925 David
2723 2876 3009 2929 secundum
3055 2894 3305 2942 carnem,
3352 2882 3760 2949 prardcstirtatus

2188 2958 2365 3015 Filius
2390 2960 2488 3015 Dei
2523 2962 2575 3015 in
2601 2965 2790 3017 virtute
2806 2965 2967 3034 juxta
2995 2969 3242 3037 spiritum
3261 2970 3670 3042 justiﬁcatiouis
3690 2974 3755 3025 ⁸³.

2187 3051 2331 3105 Exiit
2358 3052 2557 3123 quippe
2590 3056 2739 3125 virga
2768 3055 2878 3126 (89)
2905 3058 2972 3112 de
3007 3060 3187 3114 radice
3214 3051 3387 3117 Jesse.
3457 3062 3619 3134 Virga
3648 3080 3758 3119 non

506 3158 572 3213 de
617 3158 818 3211 nostris
867 3153 1025 3209 bonis
1074 3151 1437 3216 sermonibus,
1478 3140 1734 3221 operibus
1769 3158 1823 3206 et
1868 3150 2080 3204 intellc-
2108 3168 2153 3228 ε
2185 3156 2266 3197 CSt
2295 3143 2692 3212 prituogcuitus
2717 3147 2897 3201 omnis
2931 3158 3212 3213 creaturae,
3237 3151 3388 3223 virga
3415 3169 3521 3207 non
3551 3165 3635 3211 est
3662 3158 3755 3227 qui

503 3258 617 3313 ctu,
656 3248 890 3317 repascit
926 3262 1027 3300 nos
1055 3245 1170 3301 suis
1205 3243 1349 3299 escis
1375 3240 1736 3313 spiritalibus,
1776 3250 1830 3296 et
1856 3240 2077 3305 divinis,

500 3354 552 3401 et
586 3341 918 3395 melioribus.
961 3338 1261 3406 Propterea
1287 3333 1416 3404 quia
1443 3333 1661 3388 beatum
1688 3339 1772 3387 est
1800 3333 2080 3402 suscipere

504 3431 870 3497 Salvatorem,
904 3426 1109 3505 apertis
1135 3420 1295 3479 ostiis
1319 3421 1633 3494 principalis
1667 3421 1848 3478 cordis
1885 3425 2074 3490 nostri,

499 3537 868 3592 praeparemus
892 3517 942 3574 ei
973 3514 1168 3579 mella,
1205 3529 1258 3569 et
1302 3516 1520 3568 omnem
1570 3528 1783 3568 coenam
1816 3515 1967 3584 ejus;
2020 3526 2076 3572 ut

499 3616 613 3682 ipse
644 3627 744 3665 nos
776 3611 941 3665 ducat
969 3605 1035 3658 ad
1071 3620 1323 3677 magnam
1373 3619 1583 3658 cmnam
1616 3602 1792 3659 Patris
1827 3605 1877 3658 in
1908 3622 2076 3677 regna

498 3701 785 3762 (colorum,
823 3711 946 3765 qua:
976 3703 1059 3747 est
1093 3693 1144 3746 in
1177 3693 1396 3748 Christo
1425 3691 1574 3758 Jesu,
1601 3694 1687 3748 cui
1710 3703 1792 3749 est
1821 3695 1993 3766 gloria
2024 3704 2077 3750 ct

497 3792 784 3863 itnperium
816 3791 868 3843 in
902 3787 1098 3842 sarcula
1134 3787 1481 3841 sa‘eulorum.
1524 3787 1716 3841 Amen.

1080 3878 1364 3934 IlOlilLlA
1403 3878 1493 3933 lil.

812 3973 887 4026 De
916 3981 1107 4040 septem
1137 3972 1445 4024 mulieribus
1488 3971 1630 4042 (cap.
1663 3972 1757 4042 tv).

567 4066 619 4119 1.
679 4062 894 4132 Septem
943 4063 1199 4117 mulieres
1245 4062 1525 4132 patiuntur
1576 4063 1969 4132 opprobrium,
2020 4072 2075 4117 ct

491 4157 842 4211 ei.cumeunt
884 4163 1192 4227 qunerentcs
1244 4170 1367 4209 cum
1427 4153 1697 4224 recipere,
1754 4156 1845 4225 qui
1899 4155 2073 4224 possit

492 4247 710 4302 auferre
740 4247 1091 4317 opprobrium
1139 4261 1348 4300 carum.
1413 4241 1547 4315 ipsa}
1582 4256 1785 4315 septem
1817 4246 2071 4301 mulieres

497 4339 886 4408 repromittunt
916 4349 972 4392 ut
998 4353 1157 4391 suum
1187 4352 1381 4408 panem
1421 4337 1773 4404 manducent,
1825 4349 1877 4392 et
1907 4338 2071 4392 vesti-

488 4429 691 4484 mentis
715 4430 833 4484 suis
860 4430 1192 4498 operiantur.
1245 4427 1362 4481 Non
1398 4443 1617 4483 necesse
1645 4429 1843 4485 habent
1873 4444 2065 4500 panem

2187 3232 2239 3285 in
2283 3233 2553 3303 principio
2602 3245 2717 3290 erat
2767 3239 2907 3306 apud
2955 3237 3120 3293 Deum
3168 3239 3312 3295 Deus
3345 3240 3619 3307 Vebum,
3662 3248 3756 3300 sed

2182 3324 2332 3394 virga
2367 3324 2434 3379 de
2465 3327 2643 3381 radice
2676 3325 2851 3394 Jesse,
2905 3330 2996 3398 qui
3020 3330 3176 3399 juxta
3208 3345 3427 3386 carnem
3466 3343 3625 3389 natus
3650 3347 3754 3390 est.

2180 3414 2327 3470 Exiit
2357 3431 2486 3487 ergo
2519 3418 2667 3488 virga
2716 3420 2781 3473 de
2820 3421 3004 3476 radice
3050 3419 3223 3489 Jesse,
3276 3433 3329 3478 et
3353 3424 3453 3479 llos
3481 3425 3546 3479 de
3574 3426 3757 3480 radice

2180 3505 2301 3576 ejus
2347 3508 2592 3562 ascendit
2634 3509 2698 3561 “.
2763 3508 2899 3575 Quis
2943 3520 3027 3565 est
3073 3512 3173 3566 nos
3202 3520 3256 3567 et
3300 3529 3421 3583 qua
3450 3525 3532 3569 est
3563 3517 3759 3571 radix?

2179 3597 2359 3651 Ambo
2385 3599 2530 3651 enim
2564 3598 2618 3652 in
2650 3614 2818 3653 unum
2852 3602 3083 3670 idipsum
3118 3603 3419 3673 subjacent.
3486 3605 3753 3661 Dtil'eren-

2178 3689 2252 3743 tia
2283 3698 2463 3743 autem
2498 3700 2580 3745 est
2607 3692 2973 3762 negotiorum.
3013 3693 3144 3748 Nam
3179 3696 3224 3749 si
3252 3708 3506 3766 peccator
3536 3715 3616 3766 es,
3645 3716 3751 3752 non

2177 3789 2260 3835 cst
2292 3779 2389 3835 tibi
2422 3781 2519 3836 llos
2540 3823 2554 3846 ,
2589 3797 2765 3852 neque
2791 3785 2998 3839 videbis
3033 3785 3218 3841 liorem
3247 3788 3339 3858 qui
3364 3799 3447 3843 est
3467 3804 3533 3844 ex
3573 3790 3754 3843 radice

2175 3872 2350 3928 Jesse.
2418 3873 2603 3929 Veniet
2630 3875 2773 3929 enim
2801 3885 2850 3929 et
2879 3876 2943 3929 ad
2976 3886 3028 3932 te
3056 3878 3203 3950 virga
3224 3919 3239 3945 ,
3283 3882 3558 3950 quomodo
3584 3881 3749 3935 dimi-

2176 3966 2336 4034 pulus
2361 3964 2472 4036 (90)
2503 3967 2667 4037 virgtc
2692 3975 2745 4020 et
2769 3965 2916 4023 ﬂoris
2941 3968 3201 4038 loquitur.
3246 3970 3319 4025 De
3350 3972 3501 4042 virga
3531 3972 3747 4042 quidem

2175 4055 2306 4111 dicit
2334 4074 2346 4111 :
2387 4056 2528 4121 Quid
2561 4058 2741 4121 vultis,
2768 4058 2823 4109 in
2852 4058 2999 4128 virga
3025 4060 3225 4113 veniam
3251 4062 3319 4114 ad
3343 4062 3474 4116 vos?
3510 4061 3584 4116 De
3617 4062 3751 4117 ﬂare

2178 4165 2304 4202 vero
2348 4169 2361 4203 :
2398 4152 2479 4203 Αη
2530 4154 2581 4205 in
2609 4150 2873 4205 charitate
2918 4150 3013 4205 Dei
3057 4163 3107 4206 et
3147 4155 3334 4223 spiritu
3385 4156 3751 4209 mansuetudi-

2176 4241 2255 4293 nis
2288 4241 2376 4293 ‘5?
2405 4241 2549 4297 Exiit
2576 4259 2703 4312 ergo
2736 4244 2802 4298 de
2837 4243 3017 4296 radice
3046 4242 3197 4301 Jesse
3222 4246 3371 4316 virga
3397 4247 3675 4317 sapientia:
3696 4246 3744 4301 ei

2180 4335 2273 4404 qui
2307 4335 2589 4404 suppliciis
2640 4337 2914 4405 plectitur,
2948 4342 3098 4409 virga
3128 4342 3175 4393 ei
3209 4340 3303 4409 qui
3334 4341 3537 4410 indiget
3564 4340 3743 4395 incre-

2172 4426 2424 4497 patione,
2470 4429 2618 4495 virga
2667 4430 2715 4481 ei
2757 4431 2847 4498 qui
2898 4446 3120 4486 necesse
3162 4432 3322 4486 habet
3357 4442 3415 4487 ut
3448 4444 3740 4502 arguatur,

486 4520 610 4589 ejus
630 4560 646 4583 ,
682 4521 774 4573 scd
813 4536 1010 4573 nomen
1044 4519 1163 4587 ejus
1199 4519 1291 4589 qui
1332 4520 1683 4588 Opprohrium
1710 4537 1897 4575 carum
1936 4538 2065 4591 pos-
2098 4500 2144 4556 θ
2174 4522 2273 4573 llos
2304 4534 2432 4572 vero
2455 4518 2502 4571 ei
2534 4519 2626 4587 qui
2653 4518 2764 4588 jam
2792 4522 3037 4575 eruditus
3068 4532 3171 4586 est,
3193 4533 3249 4576 et
3282 4539 3387 4576 non
3416 4524 3617 4593 indiget
3642 4523 3744 4576 du-

486 4613 562 4665 sit
590 4610 825 4665 auferre.
866 4609 983 4663 Non
1011 4612 1250 4679 indigent
1274 4613 1613 4667 vestimentis
1639 4614 1879 4669 hominis
1902 4632 2064 4685 quem

486 4710 799 4755 assumunt.
841 4698 1062 4753 Meliora
1098 4699 1297 4753 habent
1328 4700 1650 4751 vestimenta
1690 4715 1853 4770 quam
1891 4709 2068 4769 potest

483 4792 569 4846 eis
598 4792 761 4845 homo
791 4800 1072 4861 prmstare.
1134 4790 1421 4845 Lautiores
1457 4790 1654 4845 habent
1694 4793 1865 4856 cibos,
1898 4810 2060 4862 quam

482 4882 729 4938 conditio
782 4893 959 4952 potest
1005 4883 1244 4936 humana
1288 4882 1496 4953 largiri.
1562 4881 1731 4951 Cujus
1777 4899 1906 4954 ergo
1953 4885 2062 4940 sint

481 4984 693 5044 septem
730 4977 1008 5040 mulieres,
1056 4983 1111 5029 et
1159 4974 1302 5043 quod
1336 4974 1405 5029 sit
1455 4973 1807 5044 opprobrium
1845 4989 2056 5041 earum,

483 5064 707 5136 dignum
737 5074 820 5119 est
846 5066 1214 5120 considerare.
1250 5064 1463 5135 Septem
1496 5064 1749 5120 mulieres
1774 5080 1882 5119 una
1909 5076 2055 5131 sunt,

485 5155 723 5225 Spiritus
770 5156 915 5210 enim
966 5156 1056 5209 Dei
1108 5166 1252 5210 sunt.
1314 5155 1379 5210 Et
1425 5165 1509 5210 est
1550 5155 1651 5209 ista
1683 5171 1821 5219 una,
1853 5168 2054 5226 septem

480 5256 629 5301 sunt.
673 5246 910 5319 Spiritus
936 5244 1079 5301 enim
1105 5245 1196 5300 Dei
1221 5256 1303 5300 est
1331 5247 1554 5316 spiritus
1589 5247 1866 5316 sapientia:
1887 5258 1939 5302 et
1970 5252 2054 5303 in-

485 5342 750 5408 tellectus,
780 5341 1002 5413 spiritus
1027 5338 1241 5394 consilii
1277 5348 1330 5393 et
1355 5338 1592 5402 virtutis,
1628 5338 1852 5408 spiritus
1879 5341 2054 5395 scien-

551 5533 596 5564 ⁸²
636 5533 805 5602 Apoc.
850 5547 934 5600 nt,
960 5529 1051 5585 20.
1127 5527 1176 5560 ⁸³
1214 5526 1373 5581 Rom.
1415 5541 1454 5591 ι,
1483 5526 1539 5593 3,
1564 5527 1618 5580 4.

554 5720 667 5789 (89)
717 5718 874 5786 Virga
905 5719 1255 5789 omittitur_i_n
1286 5717 1466 5781 editis,
1498 5715 1591 5771 sed
1614 5725 1789 5789 exstat
1823 5715 1875 5768 in
1909 5730 2040 5789 mss.

480 5786 681 5843 ibidem
730 5804 859 5843 mss.
894 5791 1136 5842 habent:
1183 5787 1340 5857 Virga
1376 5805 1475 5840 mm
1524 5797 1597 5839 est
1646 5786 2046 5856 primogenitus.

1696 5527 1741 5559 “
1781 5526 1887 5581 Isa.
1920 5543 1996 5594 ιι,
2038 5528 2085 5584 l.

2170 4625 2230 4663 ra
2265 4607 2625 4674 correctione,
2656 4608 2738 4661 vel
2766 4621 2911 4664 certe
2945 4625 3049 4664 non
3078 4612 3279 4679 indiget
3301 4614 3497 4681 pennis,
3530 4614 3622 4667 sed
3649 4628 3743 4666 va-

2168 4702 2299 4757 lenti
2323 4701 2437 4770 jam
2471 4699 2662 4755 ﬂorere
2698 4702 2965 4772 incipere,
3002 4713 3053 4758 et
3080 4704 3145 4758 ad
3176 4704 3472 4773 perfectum
3503 4704 3739 4760 fructum

2166 4792 2333 4847 exire.
2393 4790 2637 4845 Primum
2675 4792 2815 4844 enim
2848 4793 2947 4847 ﬂos
2991 4794 3332 4859 ostenditur,
3383 4795 3576 4849 deinde
3620 4804 3742 4864 post

2166 4883 2350 4938 ﬂorem
2397 4884 2544 4952 virga
2591 4884 2650 4937 fit
2688 4892 2738 4937 et
2780 4885 2844 4938 ad
2876 4884 3110 4939 fructum
3138 4888 3267 4940 exit.
3328 4883 3474 4939 Esiit
3497 4886 3646 4955 virga
3675 4885 3742 4938 du

2166 4976 2351 5030 radice
2376 4973 2552 5039 Jesse,
2603 4984 2656 5028 et
2687 4974 2786 5029 (los
2809 4976 2875 5030 de
2905 4977 3087 5031 radice
3118 4975 3236 5046 ejus
3265 4977 3542 5042 ascendet,
3572 4984 3624 5030 et
3652 4990 3740 5029 re-

2165 5068 2449 5135 quiescent
2474 5081 2639 5134 super
2666 5082 2789 5119 eum
2824 5074 3027 5135 septem
3061 5066 3340 5133 mulieres,
3379 5067 3603 5135 spiritus
3630 5064 3738 5117 Du-

2166 5156 2321 5219 mini,
2377 5154 2601 5223 spiritus
2655 5155 2937 5223 sapientia:
2979 5164 3036 5209 ct
3085 5155 3390 5210 intellectus
3436 5155 3741 5224 requiescet

2162 5262 2329 5315 super
2352 5260 2477 5298 eum
2510 5245 2577 5296 ⁵⁸.
2617 5245 2856 5314 Spiritus
2890 5246 3034 5301 enim
3070 5247 3350 5316 sapientia:
3381 5261 3489 5300 non
3521 5246 3739 5315 requie.-

2163 5340 2240 5392 vit
2274 5338 2326 5390 in
2364 5335 2579 5405 Moyse,
2631 5336 2857 5405 spiritus
2905 5340 3185 5407 sapientia:
3230 5354 3338 5393 non
3382 5338 3650 5409 requievit
3682 5337 3736 5391 in

2163 5529 2210 5561 ⁸⁸
2250 5524 2268 5579 l
2303 5524 2435 5579 Cor.
2479 5538 2553 5589 tv,
2588 5521 2678 5578 2|.
2756 5521 2803 5554 ⁸⁸
2838 5521 2944 5579 Isa.
2985 5537 3065 5590 xl,
3098 5524 3147 5588 t,
3181 5522 3236 5576 2.

2157 5713 2312 5767 Libh.
2341 5710 2469 5766 editi
2497 5727 2509 5764 :
2556 5708 2717 5779 Virga
2746 5709 2886 5761 enim
2910 5707 3309 5779 primogenitus.

2229 5784 2341 5854 (90)
2383 5781 2539 5847 Mss,
2570 5777 2909 5849 discipulus,
2932 5777 3098 5846 edit.,'
3125 5777 3420 5849 apostolus.
