4130 6434
401 372 506 426 229

403 496 532 546 .lvsu
563 491 731 553 Nave,
760 489 985 560 spiritus
1013 487 1295 558 sapientiae
1324 503 1428 541 non
1471 485 1740 554 requievit
1777 485 1830 537 in
1875 485 1988 539 siu-

406 587 546 652 gulis
575 586 984 654 prophetarum,
1009 582 1064 636 in
1100 581 1256 646 Isaia,
1290 581 1344 634 in
1375 577 1628 634 Jeremia.

483 679 526 746 1
539 679 580 746 1
593 678 694 745 12.
713 673 820 728 Nec
843 688 970 726 vero
985 671 1140 741 quasi
1156 671 1616 736 blaspheumutem
1634 681 1718 718 me
1735 663 1984 732 lapidctis

409 773 536 825 dum
565 769 724 823 velim
760 765 1062 832 gloriﬁcare
1085 761 1374 814 Dominum
1405 774 1584 812 meum
1613 755 1798 810 Jesum
1822 757 1983 810 Clu-in

409 874 553 918 stum
590 879 604 912 :
639 858 732 912 sed
763 855 1096 910 sustinentes
1129 851 1470 907 considerate
1499 848 1645 917 quml
1679 847 1899 908 dicitur,
1925 856 1982 902 et

416 953 660 1007 videbitis
693 951 820 1020 quia
852 949 906 1002 in
951 947 1101 1002 nullo
1145 958 1336 998 eorum
1383 940 1708 1010 requieverit
1738 938 1981 1008 spiritus,

412 1061 518 1100 non
551 1043 695 1113 quod
731 1043 798 1096 ad
841 1041 1048 1094 nullum
1085 1052 1273 1092 eorum
1306 1033 1548 1098 venerit,
1595 1030 1689 1086 sed
1731 1031 1877 1100 quod
1926 1031 1979 1084 in

413 1136 559 1190 nullo
586 1133 926 1204 requieverit.
961 1129 1124 1184 Venit
1152 1143 1316 1197 super
1340 1125 1598 1196 Moysem,
1631 1131 1684 1177 et
1711 1137 1816 1175 non
1863 1135 1982 1176 cre-

410 1228 544 1284 didit
568 1226 780 1297 Moyses
821 1233 940 1296 post
973 1223 1224 1292 spiritum
1271 1217 1545 1288 sapientiae
1583 1215 1675 1286 qui
1727 1213 1875 1269 venit
1902 1213 1982 1267 ad

410 1335 555 1375 cum.
592 1317 784 1372 Audite
835 1317 1003 1381 enim,
1049 1315 1144 1374 ait.
1181 1321 1513 1365 contumaces
1547 1325 1566 1362 :
1609 1305 1862 1376 Nunquid
1914 1319 1980 1358 ea:

408 1419 555 1480 petra
589 1409 692 1462 ista
717 1407 936 1462 educam
963 1406 1100 1458 vobis
1131 1420 1319 1474 aquam
1345 1404 1425 1460 57?
1455 1399 1616 1454 Vertit
1657 1413 1820 1467 super
1856 1411 1980 1449 om-

411 1518 506 1558 nes
530 1501 728 1567 justas,
757 1499 904 1554 venit
935 1506 989 1552 et
1013 1513 1174 1567 super
1203 1494 1418 1554 Isaiam;
1449 1493 1541 1564 sed
1569 1490 1698 1560 quid
1730 1489 1838 1544 ait?
1867 1487 1982 1541 lm-

409 1593 607 1646 munda
639 1591 780 1644 labia
806 1590 1034 1652 habens;
1075 1598 1123 1642 et
1166 1587 1220 1640 in
1257 1585 1428 1638 medio
1479 1581 1659 1652 populi
1703 1581 1980 1634 immunda

407 1685 554 1738 labia
581 1683 840 1746 habentis,
873 1698 964 1751 ego
993 1680 1170 1734 habito
1197 1679 1264 1732 ⁵⁸.
1298 1674 1456 1730 Venit
1487 1673 1712 1742 spiritus
1761 1673 1980 1740 sapien-

413 1777 500 1829 tia:
522 1774 803 1843 postillam
835 1771 1192 1838 forcipem,et
1223 1763 1584 1834 ignem,vcnit
1605 1762 1671 1815 ad
1703 1761 1981 1815 immunda

411 1863 554 1917 labia
590 1863 906 1924 habentem,
940 1857 1035 1912 sed
1061 1870 1168 1909 non
1201 1854 1480 1923 requievit.
1502 1851 1748 1906 Ministro
1769 1851 1985 1922 quidem

415 1963 482 2003 eo
539 1960 670 1998 usus
707 1955 824 2009 est,
871 1959 980 1997 non
1019 1949 1198 1995 autem
1237 1941 1520 2010 requievit.
1569 1939 1885 1995 Tribulatur
1918 1942 1984 1996 ad

415 2047 799 2102 quemcunque
834 2030 1042 2086 venerit
1073 2027 1366 2084 hominem.
1400 2027 1596 2083 Peecat
1625 2028 1770 2082 enim
1807 2028 1986 2084 omnis

422 2125 604 2189 homo,
644 2139 742 2178 nec
779 2132 860 2178 est
886 2123 1068 2194 justus
1109 2139 1274 2192 super
1301 2134 1494 2177 terram
1537 2121 1629 2192 qui
1677 2120 1840 2176 faciat
1887 2122 1984 2175 bo.

421 2231 572 2278 num,
599 2223 652 2269 et
683 2229 787 2267 nou
818 2226 1019 2283 peccet.
1048 2215 1216 2269 Nemo
1246 2215 1468 2268 mundus
1492 2234 1523 2269 a
1553 2215 1986 2286 sordibuspzeque

415 2305 464 2358 si
491 2321 594 2358 una
617 2304 702 2359 die
726 2306 795 2358 sit
827 2305 932 2360 vita
957 2306 1099 2375 ejus;
1117 2309 1378 2380 numerati
1404 2317 1578 2361 auten
1610 2323 1810 2360 menses
1847 2306 1982 2374 ejus.

415 2395 578 2464 Igitur
598 2411 760 2464 super
780 2397 986 2450 nullum
1007 2398 1314 2466 requiescit.
1334 2397 1636 2453 Possumus
1658 2410 1710 2453 et
1727 2399 1794 2452 de
1809 2399 1984 2452 Evan-

412 2485 550 2554 gelio
593 2485 844 2553 probare,
895 2487 1022 2556 quia
1064 2488 1208 2540 venit
1255 2489 1482 2557 spiritus
1531 2503 1696 2558 super
1742 2487 1980 2553 multos,

411 2589 460 2632 et.
491 2595 596 2633 non
631 2580 835 2632 mansit
863 2581 914 2632 in
963 2580 1062 2633 eis.
1101 2581 1241 2634 Ante
1287 2581 1568 2649 paululum
1610 2580 1810 2633 lectum
1851 2590 1933 2636 est
1967 2599 1980 2634 :

414 2668 532 2722 Non
557 2669 876 2738 permanebd
913 2671 1128 2740 spiritus
1157 2687 1300 2724 meus
1343 2671 1398 2723 in
1432 2670 1727 2723 hominibus
1767 2671 1883 2724 istis
1931 2672 1985 2724 in

410 2771 660 2815 trternum
691 2761 757 2814 ⁵⁸.
789 2759 907 2814 Non
944 2763 1036 2828 ait,
1074 2777 1182 2816 non
1213 2763 1336 2826 erit,
1369 2763 1484 2825 sed,
1513 2778 1616 2815 non
1637 2763 1980 2832 permanebit.

413 2851 592 2908 Unum
623 2853 754 2906 vidit
777 2851 1014 2907 Joannes
1045 2853 1219 2908 solum
1254 2854 1305 2906 in
1335 2868 1444 2922 quo
1475 2853 1790 2922 permansit,
1823 2863 1875 2908 et
1901 2854 1980 2908 si-

411 2957 574 3010 gnum
600 2943 700 2995 hoc
728 2952 844 2996 erat
877 2960 890 2995 :
915 2942 1084 3010 Super
1107 2959 1258 3012 quem
1281 2943 1473 2996 videris
1500 2940 1756 3011 Spiritum
1778 2943 1984 2996 descen-

411 3031 635 3092 dentem,
663 3037 712 3083 et
737 3041 1034 3082 manentem
1064 3031 1118 3083 in
1157 3047 1244 3094 eo,
1281 3032 1380 3084 iste
1428 3042 1506 3084 est
1555 3027 1728 3086 Filius
1773 3029 1870 3086 Dei
1913 3032 1976 3085 ⁸ο.

412 3117 737 3172 Miuistravit
765 3119 981 3188 quidem
1012 3120 1178 3173 verbo
1214 3117 1306 3174 Dei
1345 3119 1538 3187 Spiritu
1568 3121 1928 3176 descendente
1961 3139 1975 3174 :

411 3213 532 3276 post
566 3207 837 3261 modicum
871 3216 1074 3276 peccat,
1104 3217 1228 3278 post
1263 3209 1535 3262 nzodicum
1575 3211 1813 3264 otiosum
1857 3225 1982 3266 ver-

410 3299 538 3353 bum
570 3299 811 3368 loquitur
843 3317 856 3352 :
887 3299 1070 3354 nescio
1093 3308 1272 3354 autem
1301 3299 1346 3356 si
1373 3311 1426 3355 et
1465 3301 1582 3356 sine
1613 3311 1836 3371 peccato
1865 3319 1978 3356 ma.

413 3400 555 3446 neat.
586 3390 824 3447 Putasne
859 3403 1122 3461 praesente
1155 3391 1348 3462 spiritu
1382 3408 1607 3462 peccare
1639 3394 1982 3450 conceditur?

411 3483 586 3554 Super
617 3484 825 3538 nullum
855 3500 982 3556 ergo
1015 3484 1278 3554 requievit
1303 3484 1524 3553 spiritus
1549 3483 1642 3540 Dei
1679 3487 1977 3540 secundum

408 3577 552 3648 quod
584 3577 843 3646 scriptum
869 3587 951 3630 est
976 3595 989 3630 :
1023 3575 1169 3630 Exiit
1195 3577 1342 3646 virga
1361 3575 1425 3630 de
1453 3577 1631 3631 radice
1650 3576 1798 3632 Iesse
1819 3587 1866 3632 et
1881 3579 1978 3646 ﬂos

406 3671 473 3722 de
500 3668 677 3722 radice
697 3668 810 3738 ejus
845 3668 1102 3732 ascendit,
1129 3677 1177 3722 et
1207 3669 1482 3738 requiescit
1504 3685 1656 3736 super
1675 3685 1794 3722 eum
1823 3670 1982 3739 spiri-

410 3771 494 3814 tus
525 3759 638 3822 Dei,
671 3760 889 3830 spiritus
911 3761 1204 3829 sapientite,
1235 3761 1453 3828 spiritus
1479 3760 1796 3824 intellectus,
1821 3761 1980 3829 spiri-

407 3851 544 3904 ritus
571 3849 778 3903 consilii
808 3861 855 3902 et
883 3851 1088 3902 virtutis
1113 3851 1178 3903 δι.
1206 3847 1432 3918 Propter
1458 3850 1562 3903 hoc
1592 3851 1772 3918 magni
1802 3849 1983 3902 cousi—

409 3943 468 3996 lii
505 3951 586 3996 est
611 3943 856 4012 angelus,
892 3954 1113 4011 prepter
1141 3942 1246 3995 hoc
1276 3941 1524 4004 invaluit,
1551 3950 1606 3994 et
1644 3939 1982 3992 invalescens

407 4034 674 4099 ascendit,
705 4043 760 4087 et
789 4034 1058 4086 mirantur
1081 4048 1204 4088 eum
1241 4033 1468 4087 virtutes
1499 4030 1902 4094 ascendentem,
1929 4038 1982 4085 et

405 4126 597 4180 dicunt
625 4126 692 4181 de
725 4141 790 4180 eo
841 4143 854 4178 :
891 4123 993 4177 Iste
1019 4136 1098 4178 est
1128 4122 1392 4177 Dominus
1422 4121 1578 4176 fortis
1608 4133 1660 4176 et
1701 4129 1892 4192 potens
1923 4121 1980 4176 in

404 4215 612 4287 prazlio.
643 4214 723 4268 Ad
765 4215 908 4268 hunc
939 4228 1068 4283 ergo
1095 4211 1272 4268 dicam
1305 4213 1358 4266 in
1395 4212 1634 4268 ccelestia
1684 4213 1979 4267 ascenden-

404 4318 536 4370 tem,
565 4308 646 4360 vel
669 4305 736 4359 ad
761 4303 1128 4358 fortitudinem
1160 4303 1298 4372 ejus.
1323 4301 1392 4355 Et
1418 4304 1662 4372 requievit
1691 4317 1844 4371 super
1861 4318 1980 4356 eum

403 4399 626 4468 spiritus
659 4397 871 4451 consilii
919 4405 966 4448 et
1007 4395 1352 4465 fortitudinis.
1423 4391 1680 4462 fortitudo
1727 4410 1880 4460 mea,
1929 4401 1978 4447 et

1629 363 1691 418 IN
1734 363 1968 418 lS.\l.\M
2026 363 2312 420 HOMIIJA
2353 365 2444 421 IV.

3567 372 3673 425 950

2095 487 2409 554 pre/tendent
2429 497 2622 555 septem
2647 487 2890 542 mulieres
2919 503 3076 540 unum
3104 487 3365 542 hominem
3390 490 3619 544 dicentes
3649 507 3663 542 :

2096 577 2296 631 Panem
2320 585 2557 630 nostrum
2580 577 3040 644 manducabimns,
3065 588 3114 632 et
3131 581 3448 634 vestimentis
3470 583 3666 634 nostris

2087 676 2404 726 aperientur;
2436 669 2786 714 verumtamen
2817 677 3004 714 nomen
3029 674 3177 716 tuum
3211 665 3476 716 invocetur
3513 681 3668 728 super

2089 763 2180 801 nos
2211 749 2274 799 ⁸³.
2307 746 2461 802 Tunc
2493 749 2900 818 apprehendent
2927 761 2979 806 et
3015 767 3138 806 vere
3164 753 3422 807 tenebunt
3459 762 3664 822 septem

2087 837 2341 892 mulieres
2361 837 2638 892 hominem
2663 855 2832 892 unum
2856 839 3040 896 Jesnm
3066 842 3342 896 (Ilu'istum
3375 842 3666 899 Dominum

2087 938 2332 984 nostrum
2357 929 2511 998 juxta
2541 932 2684 1000 quoi
2711 931 3028 1003 intelligitur
3069 934 3266 998 homo,
3307 933 3464 1004 juxta
3506 937 3653 1005 quod

2087 1030 2246 1076 natus
2277 1030 2380 1086 est,
2405 1022 2560 1092 juxta
2595 1022 2740 1092 quod
2775 1037 2975 1092 corpus
3011 1025 3326 1094 assumpsit.
3363 1027 3665 1096 Apprelien-

2085 1111 2206 1165 dent
2241 1124 2434 1180 septem
2463 1113 2703 1168 mulieres
2735 1113 2996 1168 hominem
3025 1131 3206 1181 unum,
3245 1115 3477 1172 dicentes
3509 1132 3528 1172 :
3556 1116 3666 1172 Pa-

2087 1217 2201 1255 nem
2227 1213 2464 1256 nostrum
2485 1203 2938 1259 manducabimus.
2964 1204 3116 1260 Multi
3150 1207 3435 1262 ambulant
3482 1207 3629 1262 homi
3647 1239 3664 1249 -

2089 1309 2204 1360 nes,
2249 1301 2302 1348 et
2332 1294 2540 1347 nullum
2575 1297 2988 1364 apprchendunt
3023 1297 3311 1362 mulieres,
3359 1299 3542 1353 nullus
3585 1297 3669 1352 eis

2087 1385 2262 1454 placet
2293 1385 2476 1438 homo.
2510 1384 2626 1440 Non
2654 1388 2796 1441 enim
2839 1399 3057 1458 propter
3096 1389 3333 1458 inopiam
3377 1390 3663 1444 hominum

2087 1492 2258 1529 unum
2294 1476 2569 1530 hominem
2605 1481 3036 1548 apprehendunt,
3071 1497 3174 1535 non
3219 1493 3438 1552 propter
3469 1485 3664 1537 rarita«

2089 1573 2196 1620 tem
2223 1564 2458 1620 hominis
2486 1566 2698 1636 qualem
2729 1569 3014 1623 voluerunt
3043 1609 3057 1633 ,
3106 1571 3266 1624 talem
3306 1573 3660 1639 qtnesierunt;

2089 1669 2258 1706 unum
2291 1653 2463 1708 solum
2499 1667 2812 1722 repererunt
2857 1658 3130 1712 hominem
3167 1674 3326 1728 quem
3357 1661 3666 1730 apprehenu

2089 1749 2306 1810 derunt,
2331 1758 2389 1803 ut
2408 1749 2592 1804 dicant
2611 1753 2659 1804 ei
2689 1769 2703 1804 :
2728 1751 2927 1805 Panem
2949 1764 3185 1807 nostrum
3207 1756 3662 1814 mandat-abimus.

2019 1826 2064 1886 Β
2088 1849 2135 1893 et
2158 1839 2479 1894 vestimentis
2497 1843 2694 1894 nostris
2719 1843 3029 1909 aperientur.
3051 1842 3142 1896 Est
3164 1845 3382 1913 quidam
3401 1846 3504 1900 cib;
3529 1862 3555 1900 s
3575 1863 3667 1902 sa-

2084 1931 2318 2000 pientiae,
2341 1941 2424 1986 est
2443 1931 2666 2002 quidam
2688 1934 2844 1992 cibus
2860 1933 3110 1988 similiter
3141 1935 3444 1990 intellectus
3461 1947 3514 1990 et
3541 1937 3669 1992 reli—

2085 2037 2320 2092 quorum
2342 2023 2652 2092 spirituum.
2675 2023 2808 2092 Quis
2831 2036 2914 2080 est
2931 2025 3032 2078 iste
3047 2023 3232 2079 cibus?
3263 2023 3378 2080 Non
3407 2028 3569 2082 timeo
3591 2027 3666 2083 di-

2083 2131 2227 2182 cere,
2244 2115 2398 2170 cibus
2419 2115 2562 2172 alius
2577 2125 2661 2171 est
2679 2126 2830 2172 extra
2855 2118 3011 2178 istos.
3031 2115 3167 2172 forte
3181 2127 3494 2174 ntmeusest
3510 2121 3666 2174 cibus

2084 2222 2264 2261 sermo
2291 2206 2405 2274 Dei,
2431 2209 2524 2278 qui
2550 2210 2626 2263 ait
2649 2227 2662 2263 :
2697 2209 2808 2280 Ego
2839 2225 2955 2262 sum
2981 2210 3135 2279 panis
3159 2209 3329 2264 vivens
3351 2211 3440 2281 qui
3456 2211 3518 2266 de
3535 2213 3666 2266 cwlo

2083 2297 2344 2358 descendi,
2381 2306 2431 2350 et
2472 2299 2630 2350 vitam
2662 2297 2729 2350 do
2765 2296 2959 2350 mundo
2986 2296 3052 2362 δίς
3078 2295 3156 2351 sic
3187 2297 3469 2367 sapientiae
3505 2297 3662 2352 cibus

2085 2387 2201 2458 ipse
2227 2398 2397 2457 pater.
2423 2387 2648 2458 Propter
2663 2389 2767 2444 hoc
2786 2397 2870 2444 est
2897 2408 2915 2443 ξ
2944 2389 3086 2442 Meus
3105 2389 3250 2442 cibus
3275 2399 3372 2456 est,
3391 2400 3445 2444 ut
3468 2389 3660 2458 faciam

2083 2479 2398 2532 voluntatem
2438 2480 2551 2548 ejus
2591 2481 2681 2550 qui
2711 2497 2788 2533 me
2820 2481 3006 2543 misit,
3043 2491 3098 2532 ut
3135 2496 3489 2534 consummem
3533 2495 3664 2549 opus

2083 2571 2195 2638 ejus
2217 2571 2281 2620 (⁵³.
2308 2569 2414 2622 Nec
2437 2571 2736 2638 putandum
2759 2580 2844 2623 est
2870 2570 3052 2638 aliquo
3075 2569 3315 2640 indigere
3341 2570 3662 2640 sapientiam

2083 2673 2136 2715 ct
2159 2661 2509 2728 intellectum,
2529 2671 2860 2732 umerosque
2875 2661 3122 2731 spiritus,
3145 2661 3272 2731 quia
3297 2661 3460 2714 alium
3479 2661 3660 2716 cibum

2087 2753 2340 2816 habeant,
2375 2768 2498 2806 cum
2541 2751 2708 2806 totius
2747 2751 3168 2821 dispensationis
3198 2767 3338 2806 unus
3383 2751 3456 2807 sit
3507 2751 3665 2807 cibus

2085 2853 2279 2897 natura
2313 2843 2421 2898 Dei.
2459 2842 2663 2896 Panem
2692 2853 2929 2896 nostrum
2957 2843 3475 2916 manducabimus,“
3505 2843 3660 2897 vesti-

2081 2937 2274 2990 mentis
2314 2935 2512 2989 nostris
2549 2933 2861 3004 operiemur.
2897 2932 2991 2988 Est
3023 2934 3244 3004 quidam
3294 2945 3520 2990 ornatus
3566 2951 3660 2991 sa~

2081 3027 2298 3097 pientis:
2325 3041 2432 3095 quo
2465 3025 2772 3080 decoratur.
2799 3023 3000 3079 Ornata
3039 3036 3120 3078 est
3151 3040 3403 3080 sermone
3442 3026 3660 3097 sapien«

2083 3121 2175 3173 tia.
2216 3117 2454 3189 Singulae
2501 3119 2696 3173 harum
2750 3117 3036 3172 mulierum
3083 3119 3282 3172 habent
3316 3127 3656 3173 ornamenta.

2093 3208 2458 3264 Verumtamen
2482 3227 2669 3264 nomen
2695 3221 2844 3264 tuum
2871 3211 3140 3263 invocetur
3161 3225 3319 3278 super
3357 3225 3472 3276 nos,
3507 3209 3662 3279 aufer

2079 3301 2412 3374 opprobrium
2439 3311 2699 3356 nostrum.
2727 3301 2884 3368 Quod
2911 3311 2996 3356 est
3025 3317 3220 3356 nomen
3254 3301 3558 3371 sapientiae?
3578 3301 3662 3356 Je-

2079 3411 2194 3450 sus.
2249 3393 2390 3461 Quid
2439 3404 2524 3448 est
2563 3411 2576 3446 :
2614 3390 2894 3447 Invocetur
2931 3409 3119 3447 nomen
3157 3403 3305 3446 tuum
3342 3409 3500 3464 super
3537 3397 3662 3448 nos?

2080 3486 2192 3557 Ego
2231 3503 2350 3542 sum
2383 3485 2671 3554 sapientia,
2709 3485 2830 3540 volo
2861 3490 2954 3538 tuo
2987 3481 3206 3538 nomine
3234 3487 3414 3538 vocari
3459 3495 3518 3539 ut
3552 3503 3656 3556 ego

2080 3578 2346 3648 sapientia
2381 3563 2533 3630 dicar
2576 3575 2775 3640 Jesus,
2832 3584 2892 3629 ut
2935 3574 3240 3634 intellectus
3273 3583 3328 3628 et
3367 3575 3658 3632 consilium

2082 3683 2336 3736 magnum
2369 3675 2423 3720 et
2461 3665 2740 3732 fortitudo,
2777 3673 2831 3718 et
2867 3664 3096 3718 scientia
3131 3672 3186 3718 et
3205 3661 3380 3733 pietas
3416 3675 3470 3719 et
3495 3667 3662 3720 timor

2081 3757 2175 3810 Dei
2200 3755 2550 3810 nominentur
2575 3751 2756 3818 Jesus,
2783 3761 2844 3808 ut
2878 3752 3062 3806 omnia
3089 3751 3144 3805 in
3173 3751 3430 3808 omnibus
3461 3767 3658 3808 nomen

2083 3855 2236 3898 tuum
2275 3843 2385 3897 ﬁat.
2425 3841 2633 3896 Nomen
2668 3853 2816 3896 tuum
2847 3841 3116 3895 invocetur
3143 3859 3300 3912 super
3325 3859 3416 3897 nos
3439 3885 3456 3910 ,
3506 3845 3662 3914 aufer

2081 3935 2418 4006 opprobrium
2465 3944 2724 3988 nostrum.
2774 3931 2980 3988 Revera
3027 3933 3258 3990 abstulit
3306 3937 3658 4005 opprobrium

2078 4025 2258 4082 Jesus.
2288 4026 2494 4082 Idcirco
2537 4035 2840 4097 surgentes,
2887 4041 3110 4081 oremus
3157 4023 3326 4082 Deum
3373 4028 3468 4100 qui
3517 4029 3662 4086 lnmc

2081 4119 2231 4176 misit
2267 4117 2566 4186 hominem,
2599 4127 2654 4173 ut
2689 4127 2894 4190 septem
2924 4119 3214 4174 mulierum
3245 4120 3468 4189 spiritus
3495 4120 3548 4173 in
3587 4137 3656 4176 eo

2078 4213 2464 4282 requiesceret,
2493 4218 2552 4264 ut
2577 4218 2630 4264 et
2653 4211 2812 4265 nobis
2846 4211 2952 4264 iste
2986 4211 3152 4264 homo
3181 4211 3384 4264 tribuat
3405 4227 3658 4266 commu-

2079 4306 2297 4359 nionem
2329 4303 2524 4356 harum
2557 4301 2866 4366 mulierum;
2897 4307 2955 4354 nt
2980 4307 3321 4356 assumentes
3341 4316 3438 4356 eas
3466 4301 3662 4358 tianms

2079 4395 2372 4466 sapientes,
2405 4391 2762 4462 intclligentes
2793 4391 2848 4445 in
2886 4390 2995 4447 Deo
3019 4401 3072 4446 et
3097 4393 3412 4447 hominibus
3433 4433 3449 4459 ,
3486 4394 3661 4448 virtu-

400 4493 524 4544 luus
572 4507 687 4542 mea
729 4489 1004 4553 Dominus,
1045 4495 1094 4540 et
1133 4472 1304 4555 factus
1335 4495 1414 4540 est
1437 4484 1564 4538 mihi
1582 4485 1635 4537 in
1657 4483 1882 4537 salutem
1904 4485 1971 4537 θ’.
2008 4491 2051 4548 1)
2079 4487 2224 4542 tibus
2255 4487 2584 4542 adol-nantes
2613 4485 2852 4538 animam
2885 4492 3128 4539 nostram
3161 4485 3214 4538 in
3241 4484 3462 4541 Christo
3499 4483 3652 4553 Jesu,

403 4583 690 4652 llequievit
715 4595 843 4650 ergo
871 4595 1034 4648 super
1060 4593 1183 4634 eum
1217 4577 1440 4648 spiritus
1483 4575 1598 4639 Dei,
1631 4575 1858 4646 Spiritus
1894 4589 1984 4630 sa-

402 4675 622 4746 pientia:
645 4683 697 4727 et
730 4673 1056 4734 intellectus,
1097 4669 1323 4739 spiritus
1369 4669 1584 4724 consilii
1622 4679 1675 4724 et
1709 4667 1983 4722 fortitudi-

403 4767 512 4834 nis,
547 4766 770 4836 spiritus
807 4762 1082 4832 sapientiae
1107 4770 1162 4816 et
1187 4759 1438 4830 pietatis,
1469 4771 1523 4814 et
1569 4759 1813 4828 implevit
1853 4774 1978 4814 eum

400 4861 628 4930 spiritus
657 4858 867 4912 timoris
897 4853 1130 4909 Domini.

464 4957 517 5010 5.
538 4955 784 5008 Mulieres
799 4953 963 5020 igitur
975 4951 1277 5018 qttmrentes
1291 4962 1450 5017 quem
1466 4955 1770 5013 assumant,
1785 4961 1974 5017 appre-

401 5047 638 5102 hendent
672 5052 877 5113 septem
911 5057 1079 5096 unum
1115 5041 1414 5094 hominem.
1448 5037 1514 5092 Et
1543 5039 1647 5094 hoc
1668 5055 1735 5093 ex
1774 5039 1974 5108 priori-

401 5139 504 5194 bus
531 5137 746 5208 pendet,
768 5144 818 5190 et
841 5141 1053 5204 oportet
1081 5133 1256 5202 primo
1285 5144 1612 5200 cognoscere
1636 5130 1854 5200 quando
1885 5145 1972 5184 re-

397 5229 602 5300 cipiant
627 5237 832 5296 septem
849 5225 1105 5280 mulieres
1135 5237 1301 5277 unum
1322 5221 1622 5276 hominem.
1649 5221 1784 5276 Cum
1803 5221 1972 5278 fortes

401 5321 734 5377 Hierusalem
775 5317 1047 5373 humiliati
1076 5313 1308 5377 fuerint,
1344 5330 1468 5368 cum
1522 5313 1761 5368 lexerint
1802 5314 1972 5368 theca:

399 5430 586 5470 eorum
619 5422 936 5467 ornamenta
963 5408 1194 5463 ﬁliarum
1237 5407 1392 5472 Sion,
1423 5421 1548 5461 cum
1580 5405 1836 5460 derelicta
1863 5405 1972 5460 fuc-

401 5506 472 5558 rit
497 5505 585 5560 illa
623 5505 760 5569 sola,
786 5517 914 5558 cum
945 5501 1083 5556 elisa
1135 5497 1294 5552 fuerit
1327 5497 1394 5552 ad
1445 5507 1666 5564 terram,
1713 5505 1837 5550 tunc
1877 5511 1973 5566 ap-

495 5719 539 5750 "
569 5717 729 5772 Num.
763 5731 856 5778 xx,
895 5713 977 5768 10.
1073 5711 1121 5745 ⁸⁸
1148 5709 1254 5766 lsa.
1284 5725 1360 5774 vr,
1395 5709 1449 5764 5.
1555 5704 1760 5778 ‘A’Qen.
1796 5719 1871 5768 vt,
1897 5703 1951 5758 3.

401 5786 444 5816 ⁸³
476 5789 578 5844 lsa.
611 5805 681 5856 tv,
718 5789 766 5840 1.
845 5786 891 5818 ⁸⁸⁵
926 5783 1083 5838 Joan.
1108 5795 1180 5847 γι,
1207 5781 1268 5836 5i
1311 5789 1366 5835 et
1403 5779 1492 5834 55.

2077 4578 2166 4633 cui
2209 4585 2295 4634 est
2331 4577 2504 4650 gloria
2549 4586 2603 4631 et
2645 4575 2938 4646 imperium
2981 4575 3035 4630 in
3078 4587 3274 4632 swcuta
3309 4577 3654 4634 saeculorum.

2076 4670 2273 4723 Amen.

2661 4755 2945 4810 HOMILIA
2979 4755 3069 4816 IV,

2323 4849 2400 4904 De
2430 4851 2628 4907 visione
2659 4849 2754 4902 Dei
2772 4858 2819 4902 et
2848 4850 3110 4919 seraphin:
3143 4850 3285 4920 (cap.
3319 4849 3418 4920 vn).

2151 4943 2204 4996 l.
2233 4941 2574 5013 lmpossibile
2593 4951 2672 4996 est
2691 4941 2935 4996 invenire
2952 4941 3280 5011 principium
3299 4939 3412 4996 Dei.
3441 4937 3658 4998 Princi-

2080 5036 2228 5104 pimn
2249 5044 2401 5089 ortus
2421 5034 2512 5088 Dei
2533 5050 2798 5104 nusquam
2817 5032 3254 5102 comprelteudis.
3280 5031 3398 5088 Non
3423 5031 3548 5087 dico
3573 5043 3652 5099 tu,

2080 5127 2172 5182 sed
2197 5141 2370 5195 neque
2385 5126 2606 5195 aliquis,
2627 5109 2851 5196 nequc1
2863 5123 2965 5192 12
2981 5123 3126 5178 aliud
3149 5124 3445 5194 quidquam
3463 5137 3652 5176 eorum

2079 5231 2202 5286 qua:
2222 5217 2546 5270 subsistunt.
2566 5213 2726 5270 Solus
2743 5211 2988 5268 Salvator
3002 5225 3056 5269 et
3075 5213 3310 5282 Spiritus
3326 5221 3548 5266 sanctus
3561 5211 3654 5279 qui

2081 5325 2296 5378 semper
2319 5307 2542 5363 luerunt
2565 5323 2688 5362 cum
2705 5305 2836 5370 Deo,
2856 5306 3040 5360 vident
3059 5304 3248 5358 facient
3271 5304 3414 5371 ejus;
3440 5311 3494 5354 et
3518 5300 3656 5356 forte

2081 5401 2254 5471 anget:
2286 5400 2380 5470 qui
2429 5400 2614 5452 vident
2644 5397 2848 5467 jugiter
2880 5395 3073 5450 faciem
3109 5393 3287 5448 Patris
3335 5391 3428 5460 qui
3467 5398 3550 5444 cst
3597 5391 3651 5445 in

2077 5492 2254 5556 caelis,
2289 5491 2467 5544 vident
2499 5498 2554 5544 et
2583 5485 2849 5558 principia
2876 5485 3240 5554 negotiorum.
3269 5479 3359 5536 Sic
3385 5487 3567 5534 autem
3603 5491 3654 5536 et

2051 5703 2096 5734 ⁸ο
2121 5698 2277 5756 Joan.
2312 5713 2350 5765 ι,
2381 5695 2471 5760 ‘53,
2509 5693 2633 5748 '54.”
2677 5689 2723 5723 “
2755 5688 2862 5744 lsa.
2895 5701 2974 5754 st,
3020 5688 3074 5754 l,
3101 5687 3156 5742 2.
3235 5687 3282 5718 ⁸⁸
3321 5683 3427 5742 lsa.
3469 5693 3568 5750 xu,
3595 5682 3653 5740 Ξ.

1572 5776 1616 5809 ⁸⁸
1645 5775 1804 5830 .Ioan.
1847 5788 1918 5840 tv,
1965 5772 2057 5827 '54.
2759 5772 2762 5776 ’
