2065 3214
219 182 268 210 231

949 179 1112 209 ORIGEMS

1796 183 1849 212 (ἱζὲ

220 244 303 278 pedes
319 241 489 270 abscondunt
506 247 568 269 ante
583 242 705 269 homincs
719 242 867 277 scraphim.
886 242 1006 269 Novissi-
1024 248 1045 275 Α
1061 247 1135 274 sunt,
1152 251 1166 269 a
1184 242 1319 277 seraphin:
1337 241 1524 277 proplictatur,
1541 242 1604 277 quia
1628 242 1750 269 futurum
1765 244 1799 270 sit
1820 250 1848 271 ut

185 293 188 296 '
221 298 264 316 una
281 290 353 316 enim
367 295 396 317 ut
411 293 484 320 sunt,
503 297 556 315 non
575 289 663 314 valent
675 289 807 315 enarrari.
824 288 889 320 Quis
904 297 1009 315 urinan-

221 336 338 362 tiavitde
353 336 499 362 novissimis
521 335 561 361 ⁸⁵7
577 335 613 361 ait
632 335 783 370 Scriptura.
806 336 871 368 Qum
885 336 1010 363 videmus

222 382 262 415 (ιιι
274 386 362 408 tamen
378 381 558 412 concedatur,
576 382 639 415 quia
657 381 747 415 aliqua
771 382 905 415 videmus)
921 382 1008 408 Inedia

220 431 284 453 sunt
300 434 381 461 :qute
392 432 454 453 ante
469 427 598 454 mundum
617 427 729 460 fuerint,
754 428 923 462 ignoramus.
940 427 1009 455 Fue-

220 478 282 500 runt
294 481 377 509 porro
394 474 518 508 quaedam
533 479 595 501 ante
610 474 752 501 mundum.
766 474 831 507 Quae
853 479 914 509 post
929 483 1010 501 mun-

218 519 283 547 dum
300 523 426 546 secutura
443 519 507 552 sint,
525 519 557 546 ad
572 523 677 546 certum
693 527 746 546 non
767 520 1007 555 apprehendimus.

219 563 304 591 Erunt
318 569 408 592 autem
425 565 476 592 alia
491 570 551 600 post
565 565 708 592 mundum.
720 565 757 592 Ea
772 566 853 600 igitur
866 574 926 600 qua:
939 566 1009 593 seri-

218 616 262 646 pla
282 616 366 638 sunt:
383 610 415 638 In
427 611 558 646 principio
577 611 639 646 fecit
665 611 733 638 Deus
749 611 841 638 malum
857 616 881 638 et
899 616 1007 644 terram,

219 663 289 684 terra
301 662 389 683 autent
400 663 456 684 erat
467 657 606 684 invisibilis
620 662 644 684 et
661 657 844 692 incomposita,
861 663 884 684 et
899 657 1009 684 tenelvrw

217 709 292 730 erant
309 712 386 738 super
396 704 530 738 abyssum,
545 709 569 730 et
583 704 692 738 spiritus
709 703 756 730 Dei
774 704 908 738 ferebatur
930 713 1009 739 super

217 757 302 784 agnas
318 750 352 782 ⁸⁷,
363 749 613 783 apprehemluntur.
633 749 738 777 Munth
752 755 830 777 erant
847 758 924 784 aquae
938 750 1006 782 istm,

220 796 246 821 in
263 795 363 830 quibus
388 795 532 822 incubabat
554 796 666 830 spiritus
686 795 741 823 Dei.
765 795 816 822 Sed
842 802 868 822 et
891 797 1008 824 tenebrae

218 848 279 874 qua:
306 849 388 876 super
414 842 541 876 abyssum
568 847 665 874 erant,
692 849 745 868 nou
775 846 839 868 sunt
870 841 1007 876 ingeniue.

220 885 369 921 Utrumque
396 886 468 913 enim
492 895 523 913 ex
551 886 636 913 nihilo
661 891 782 913 creatum
807 891 858 914 est.
882 887 950 913 Audi
981 887 1006 913 in

218 931 285 958 Isaia
303 932 437 958 dicentem
455 931 598 958 Dominum
620 941 627 959 :
645 931 700 967 Ego
719 931 788 958 Dens
806 933 850 966 qui
872 933 1009 959 conurnxi
1027 921 1047 947 Β

217 977 311 1008 lucem,
327 982 351 1004 et
369 977 420 1011 feci
433 976 553 1003 tenebras
568 977 601 1004 ⁸⁸.
628 977 699 1003 Audi
713 977 874 1012 sapientiam
896 977 922 1004 in
939 976 1007 1004 Pro-

217 1020 318 1047 verbiis
343 1020 534 1054 praedicantem
562 1029 569 1047 ε
604 1021 671 1047 Ante
696 1029 785 1047 omnes
814 1021 922 1055 abysso:
944 1027 1008 1049 nata

218 1072 276 1090 sum
295 1064 327 1090 ".
345 1063 403 1091 Non
420 1069 500 1091 erant
519 1065 569 1092 ista
588 1064 705 1099 ingenita
717 1086 724 1097 ,
743 1065 789 1092 sed
813 1066 939 1100 quando,
968 1066 1007 1092 vel

217 1110 357 1144 quomodo
370 1115 432 1137 sunt
448 1115 522 1142 nata,
540 1111 643 1138 nescio.
662 1110 792 1138 Velantur
805 1112 877 1138 enim
899 1119 914 1138 a
932 1119 1008 1138 scra-

217 1156 292 1190 phim
307 1157 397 1190 priora
412 1164 524 1191 operum
541 1157 598 1190 Dei,
615 1157 641 1184 id
655 1163 696 1184 est
708 1157 792 1185 facies
809 1157 866 1191 Dei;
883 1158 1008 1185 similiter

216 1206 308 1228 autem
325 1207 351 1229 et
369 1202 461 1236 pedes.
487 1202 522 1229 Ea
540 1211 600 1238 qua:
623 1208 685 1238 post
707 1207 858 1231 extremum
876 1204 1006 1231 szeculum

218 1247 309 1273 l'ntura
325 1251 389 1274 sunt
402 1247 429 1274 in
445 1248 544 1275 saecula
560 1248 732 1279 saeculorum.
744 1249 807 1284 quis
822 1253 911 1284 potest
924 1257 1008 1285 expo-

218 1292 301 1319 nere?
321 1292 498 1320 Garrulorum
525 1299 567 1322 est
591 1294 732 1322 hominum
758 1296 854 1322 horum
882 1297 1005 1323 notitiam

216 1338 347 1372 polliceri.
362 1339 539 1367 nescientium
552 1341 614 1375 quia
632 1341 715 1368 homo
737 1349 768 1368 ea
795 1345 899 1369 tantum
916 1347 1007 1377 potest

215 1392 313 1419 capere
327 1393 387 1419 qiue
407 1385 493 1412 media
519 1391 592 1419 sunt,
606 1391 632 1413 et
651 1394 682 1413 ea
700 1395 760 1421 qua:
787 1392 848 1421 post
876 1389 1005 1416 mundum

217 1437 305 1463 usque
319 1430 351 1456 ad
368 1432 631 1458 consummationem
649 1432 675 1459 in
694 1432 799 1465 judicio
816 1437 880 1460 sunt
901 1433 1004 1464 futura.

215 1474 249 1501 de
264 1476 363 1510 pinnis,
375 1476 407 1502 de
422 1476 608 1504 retributione.
630 1477 662 1504 Et
677 1478 773 1505 horum
794 1487 904 1514 quoque
921 1481 1005 1507 multa

216 1520 349 1547 absconsa
366 1526 428 1548 sunt
442 1522 530 1554 nobis,
551 1526 579 1549 ut.
595 1527 706 1557 propter
731 1524 783 1551 hoc
800 1525 910 1558 quidem
937 1525 1005 1552 scri-

217 1570 291 1599 ptum
310 1566 345 1593 sit
359 1565 447 1601 (Vers.
463 1567 491 1602 2)
509 1577 515 1595 :
539 1567 647 1595 Duabus
671 1568 791 1596 velabanl
814 1570 919 1603 facient.
945 1570 1003 1597 Non

216 1611 304 1637 solum
318 1616 407 1639 autem
425 1613 560 1644 volabant.
577 1614 623 1641 sed
645 1618 672 1640 et
689 1615 888 1648 contegebant,
911 1614 936 1641 id
964 1619 1006 1642 est

216 1656 257 1682 sic
272 1657 405 1687 velabant,
430 1662 458 1684 ιιι
481 1666 529 1685 nec
552 1659 687 1685 modicum
713 1659 849 1685 videretur
872 1659 1004 1694 priorum,

215 1702 278 1728 dico
294 1707 382 1730 autem
401 1704 489 1735 faciei;
508 1712 596 1738 neque
613 1705 751 1738 paululum
765 1705 828 1738 quid
845 1712 1006 1739 agnoscere-

216 1753 262 1775 tur
276 1749 499 1778 noviSsimorum.
517 1748 568 1774 hoc
583 1753 623 1774 est
639 1749 735 1782 pedum
750 1748 820 1782 ejus.
842 1748 948 1775 Duabus
963 1757 1006 1776 vo-

217 1794 318 1821 labant.
336 1795 435 1828 Aperta
457 1798 521 1820 sunt
543 1794 629 1819 media
646 1795 678 1820 ad
696 1795 943 1828 contemplandum.
971 1795 1006 1822 Et

216 1839 368 1866 clamabant
390 1839 459 1865 alter
481 1838 516 1864 ad
537 1838 659 1866 alterum.
682 1838 741 1865 Non
758 1839 826 1866 alter
849 1839 881 1866 ad
901 1840 1004 1874 plures,

217 1886 264 1913 sed
284 1886 354 1913 alter
374 1884 408 1911 ad
433 1884 559 1912 alterum.
584 1885 685 1913 Audire
704 1887 777 1913 enim
793 1887 1003 1914 sanctitudinem

217 1930 264 1957 Dei
278 1938 339 1965 quae
352 1930 530 1957 annuntiatnr
543 1938 557 1956 a
576 1930 727 1964 Salvatorc,
744 1932 821 1966 juxta
846 1932 1003 1968 dignitatem

215 1976 255 2003 rei
269 1983 349 2002 nemo
363 1979 451 2009 potest
462 1976 514 2003 nisi
532 1976 650 2011 Spiritus
659 1982 781 2010 sanctus;
795 1978 932 2012 quomodo
944 1986 1005 2004 rura

216 2029 276 2048 sum
293 2021 447 2048 inhabitare
461 2021 668 2049 sanctimoniam
692 2022 737 2048 Dei
753 2031 813 2057 quae
827 2023 1004 2050 annuntiatnr

216 2074 231 2093 a
246 2065 346 2101 Spiritu
361 2070 467 2098 sancto,
483 2073 563 2093 nemo
579 2071 667 2101 potest
687 2067 739 2094 nisi
766 2069 841 2095 solus
867 2067 1002 2095 Salvator.

215 2112 257 2139 0b
280 2112 306 2138 id
332 2111 400 2138 alter
423 2111 456 2138 ad
478 2112 592 2139 alterum
610 2112 775 2145 clamabant,
792 2118 821 2141 et
846 2113 972 2140 dicebant
995 2121 1001 2139 :

214 2157 305 2192 (Vers.
321 2158 349 2193 5)
364 2156 486 2189 Sanctus,
502 2164 620 2191 sanctus,
634 2165 752 2185 sanctus.
766 2158 824 2186 Non
846 2158 886 2185 eis
903 2157 1003 2185 sullicit

214 2204 297 2230 semel
310 2204 428 2231 clamare
445 2213 451 2231 :
467 2204 592 2238 Sanctus,
608 2212 696 2240 neque
711 2205 763 2237 bis,
789 2205 835 2232 sed
852 2203 1000 2239 perfectum

1061 289 1215 315 universam
1233 293 1331 315 terram
1346 288 1430 322 gloria
1448 287 1493 314 Dei
1510 288 1561 314 mei
1582 288 1710 315 Christus
1728 289 1847 324 impleat.

1062 335 1089 362 In
1105 336 1232 362 omnibus
1246 335 1346 369 quippe
1360 336 1405 370 qui
1418 336 1623 362 conversatione
1637 343 1684 362 sua
1698 336 1849 370 gloriﬁcent

1062 382 1156 414 Deum,
1175 382 1260 416 gloria
1277 381 1324 408 Dei
1336 386 1389 412 est,
1404 386 1485 416 atque
1499 382 1533 408 ita
1547 381 1673 408 universa
1683 386 1753 409 terra
1768 383 1848 417 plena

1060 432 1103 455 est
1127 428 1211 462 gloria
1238 427 1295 454 Dei.
1317 427 1387 454 Olim
1407 434 1460 454 non
1485 428 1576 454 omnis
1593 431 1663 454 terra
1687 428 1765 462 plena
1789 434 1848 456 erat

1060 473 1146 508 gloria
1163 472 1219 506 Dei,
1238 473 1283 500 sed
1302 481 1372 500 unus
1385 473 1501 507 angulus
1515 477 1603 504 teme,
1616 473 1725 508 quando
1739 474 1848 501 diceba-

1060 524 1104 547 tur
1117 528 1123 546 :
1139 518 1224 546 Notus
1241 520 1267 545 in
1279 518 1374 546 Judwa
1386 518 1465 548 Deus.
1482 519 1508 544 in
1524 517 1609 545 Israel
1620 527 1742 553 magnum
1754 528 1847 546 nomen

1059 565 1116 599 ejus
1131 565 1164 592 ".
1178 564 1270 592 Gloria
1287 564 1352 597 Deo,
1369 564 1415 599 qui
1434 564 1509 591 misit
1524 563 1622 591 Filium
1635 572 1727 598 suum,
1740 569 1770 592 ut
1788 573 1846 593 om-

1060 611 1103 639 nis
1118 616 1189 638 terra
1204 611 1283 646 plena
1296 611 1370 638 ﬂeret
1380 611 1464 646 gloria
1483 618 1543 638 sua.
1562 609 1614 637 Sed
1629 610 1695 645 quid
1706 611 1753 638 tibi
1765 612 1847 646 prod-

1059 661 1116 689 est,
1130 656 1153 684 si
1175 660 1246 683 terra
1260 657 1337 691 plena
1353 656 1389 684 sit
1411 662 1521 692 propter
1539 656 1669 685 ecclesias
1693 656 1845 687 beatorum.

1060 702 1273 737 quiubicnnque
1289 708 1362 735 sunt,
1383 703 1468 738 gloria
1484 703 1529 730 Dei
1542 724 1549 736 ,
1574 708 1600 730 ιιι
1622 708 1711 730 autem
1732 710 1786 730 non
1809 703 1848 730 sis

1059 749 1196 783 particeps
1210 748 1302 783 glorise
1317 749 1492 783 plenitudinis
1507 748 1567 776 Dei?
1577 748 1608 775 Et
1626 754 1653 776 tu
1665 756 1730 784 ergo
1742 749 1846 780 labora,

1059 799 1086 820 et
1103 794 1129 821 in
1144 794 1249 822 cunctis
1263 794 1365 822 enitere
1379 799 1407 821 ut
1423 795 1461 821 sis
1477 795 1590 829 gloriam
1608 794 1653 821 Dei
1665 802 1801 829 quaerens.
1818 800 1847 822 ut.

1061 840 1192 867 inhabitet
1212 845 1239 867 et
1264 841 1383 867 inveniat
1404 841 1494 867 locum
1517 841 1542 867 itt
1562 845 1596 872 te,
1612 845 1639 867 et
1656 840 1706 867 ﬁas
1719 841 1799 868 etiam
1818 845 1845 868 tu

1061 893 1123 913 eum
1136 887 1209 914 omni
1226 891 1296 914 terra
1311 887 1336 913 in
1350 894 1403 921 qua
1420 892 1462 914 est
1476 887 1561 922 gloria
1582 887 1626 913 Dei
1644 887 1738 922 plena,
1761 888 1845 922 gloria

1059 932 1129 967 cjus.
1146 932 1288 965 Quomodo
1303 933 1331 959 lit
1347 940 1394 967 per
1415 933 1537 968 singulos
1562 937 1687 960 nostrum
1708 933 1847 968 plenitudo

1060 979 1153 1012 gloriae
1172 978 1231 1005 Dei?
1245 978 1273 1005 Si
1290 986 1350 1013 qua:
1366 978 1436 1006 facio
1448 998 1455 1011 .
1474 987 1535 1014 quae
1550 979 1646 1014 loquor
1657 1000 1665 1012 ,
1683 979 1709 1006 in
1732 979 1845 1014 gloriam

1061 1023 1106 1050 Dei
1128 1024 1203 1056 ﬁant,
1231 1024 1325 1058 plenus
1351 1032 1441 1052 sermo
1465 1033 1543 1052 meus
1566 1029 1592 1051 et
1611 1030 1688 1052 actus
1710 1025 1739 1052 lit
1761 1025 1844 1059 gloria

1059 1068 1118 1096 Dei.
1134 1068 1162 1096 Si
1178 1074 1205 1096 et
1215 1077 1371 1104 processus,
1390 1074 1416 1097 et
1433 1070 1572 1105 ingressus
1589 1078 1666 1097 meus
1686 1070 1712 1097 in
1732 1070 1844 1105 gloriam

1060 1114 1106 1141 Dei
1123 1119 1174 1147 cst,
1193 1116 1215 1142 si
1232 1115 1320 1147 cibus,
1337 1115 1359 1142 si
1376 1120 1455 1149 potus
1468 1122 1556 1148 meus,
1576 1115 1598 1142 si
1615 1116 1707 1143 omnia
1724 1124 1785 1151 qua:
1803 1115 1845 1143 fa-

1059 1160 1113 1192 cio,
1126 1160 1152 1187 in
1162 1161 1276 1195 gloriam
1291 1160 1336 1187 Dei
1352 1160 1430 1192 liam,
1442 1165 1470 1188 et
1484 1168 1534 1195 ego
1544 1161 1680 1196 particeps
1692 1168 1752 1188 sum
1766 1162 1846 1189 istius

1057 1206 1120 1233 dicti
1138 1215 1144 1233 :
1165 1206 1247 1232 Plena
1258 1211 1296 1233 est
1308 1210 1379 1233 terra
1390 1205 1477 1241 gloria
1497 1206 1564 1240 ejus.
1580 1205 1647 1233 Cum
1665 1214 1730 1242 ergo
1754 1207 1844 1233 omnia

1058 1252 1109 1280 ista
1125 1251 1375 1284 fccer0,'clevatum
1390 1255 1433 1279 est
1448 1252 1656 1287 superliminarc
1676 1260 1691 1279 a
1713 1260 1778 1280 voce
1803 1261 1845 1280 se-

1059 1299 1177 1334 rapbim,
1194 1307 1246 1334 qua
1270 1299 1431 1327 clamabant.
1452 1299 1564 1326 Beatum
1578 1303 1620 1326 est
1635 1299 1727 1334 itaque
1743 1306 1842 1326 unum-

1057 1353 1192 1381 quemque
1204 1350 1328 1373 nostrum
1342 1346 1378 1372 ita
1391 1345 1517 1372 laborare
1527 1349 1557 1371 ut
1568 1345 1703 1380 particeps
1713 1344 1758 1372 liat
1769 1345 1843 1377 ostii,

1056 1397 1083 1419 et
1098 1391 1316 1427 superliminaris
1331 1392 1412 1426 ostii,
1436 1391 1509 1427 quod
1520 1391 1597 1426 juxta
1617 1391 1783 1418 intellectum
1803 1395 1843 1418 est

1056 1438 1182 1466 Christus
1202 1437 1283 1465 Deus.
1303 1436 1396 1472 Neque
1423 1438 1496 1466 enim
1524 1437 1652 1465 indecens
1681 1437 1754 1464 dictu
1783 1444 1844 1463 reor

1057 1482 1156 1510 ostium
1177 1490 1286 1510 carnem
1298 1503 1305 1516 ,
1329 1488 1355 1510 et
1373 1483 1584 1518 super-liminare
1600 1482 1712 1510 verbum
1739 1490 1844 1510 nuneu-

1056 1528 1126 1562 pari.

1092 1572 1200 1600 5.Vers.
1218 1573 1245 1605 4,
1260 1573 1286 1600 5.
1316 1572 1450 1600 Elevatum
1473 1578 1511 1600 est
1528 1572 1728 1606 superliminare
1747 1581 1763 1599 τι
1785 1581 1844 1599 voce

1057 1626 1110 1653 qua
1130 1618 1291 1650 clamabant,
1308 1623 1332 1645 et
1345 1618 1438 1645 domus
1461 1618 1559 1653 repleta
1577 1622 1615 1644 est
1633 1618 1717 1652 fumo.
1742 1618 1843 1645 Fumus

1057 1664 1108 1693 iste
1125 1666 1227 1692 donum
1242 1671 1290 1693 est.
1303 1666 1335 1693 de
1348 1666 1433 1701 gloria
1447 1664 1504 1692 Dei.
1522 1664 1555 1691 Et
1567 1664 1624 1690 dixi
1636 1672 1645 1690 :
1659 1663 1681 1691 0
1694 1664 1773 1690 miser
1785 1671 1843 1697 ego,

1055 1712 1181 1744 quoniam
1199 1717 1369 1746 compunctus
1382 1711 1460 1738 sum!
1476 1711 1627 1744 Antequam
1652 1709 1743 1736 videas
1760 1709 1843 1735 visio-

1057 1765 1130 1790 nem,
1148 1765 1201 1784 non
1219 1757 1356 1784 conﬁteris
1368 1762 1393 1784 te
1404 1765 1465 1784 csse
1480 1756 1621 1788 miserum,
1638 1763 1655 1782 ο
1672 1754 1761 1782 Isaia?
1782 1754 1841 1781 Non

1057 1803 1095 1830 ait
1113 1812 1120 1829 :
1138 1802 1257 1837 quandiu
1270 1802 1337 1829 vixit
1355 1802 1444 1835 Osias,
1467 1809 1556 1836 neque
1572 1801 1599 1828 in
1619 1809 1729 1828 sensum
1751 1808 1841 1827 meum

1055 1849 1130 1876 venit
1145 1848 1209 1884 quia
1225 1848 1308 1876 miser
1325 1856 1424 1875 essem.
1448 1847 1551 1882 Incipio
1568 1852 1657 1874 autem
1679 1854 1760 1874 nosse
1777 1846 1841 1881 quia

1055 1896 1140 1922 miser
1156 1902 1228 1927 sum,
1244 1894 1355 1929 quando
1381 1894 1460 1921 video
1476 1894 1607 1921 visionem
1625 1893 1756 1921 moriente
1774 1893 1841 1920 mihi

1055 1940 1118 1968 Osia
1132 1948 1194 1975 rege
1206 1940 1324 1974 leproso,
1340 1943 1367 1966 et
1380 1939 1441 1966 dico
1461 1948 1467 1966 :
1485 1938 1507 1966 0
1519 1939 1598 1966 miser
1606 1939 1664 1974 ego!
1679 1938 1756 1966 Nunc
1773 1939 1841 1965 inci-

1055 1986 1100 2021 pio
1110 1990 1137 2013 et
1153 1993 1202 2020 ego
1219 1985 1344 2012 conﬁteri
1369 1984 1501 2016 Domino,
1518 1987 1545 2011 et
1560 1984 1650 2011 dicere
1670 1983 1703 2011 de
1726 1988 1840 2010 metuet-

1055 2031 1113 2065 ipso
1128 2040 1134 2058 :
1147 2029 1169 2058 O
1182 2030 1265 2058 miser
1278 2031 1343 2065 ego!
1361 2029 1504 2063 Quomodo
1517 2028 1601 2056 Isaias
1617 2029 1682 2056 dicit
1699 2037 1705 2056 :
1720 2028 1742 2056 0
1759 2029 1841 2056 miser

1054 2085 1114 2112 ego.
1129 2076 1254 2104 Proxime
1268 2082 1358 2104 autem
1375 2076 1437 2103 huic
1449 2080 1476 2103 et
1493 2075 1639 2110 Apostolus
1655 2075 1720 2103 dicit
1735 2084 1741 2101 :
1759 2074 1840 2101 Miser

1053 2131 1099 2158 ego
1115 2124 1202 2155 Immo,
1227 2123 1284 2157 quis
1306 2130 1344 2149 me
1362 2122 1483 2149 liberabit
1499 2122 1531 2148 de
1550 2129 1656 2155 corpore
1676 2120 1768 2147 martis
1789 2120 1839 2146 ltu-

1054 2170 1096 2201 ins
1111 2166 1271 2195 "meatum
1287 2172 1329 2196 est
1354 2176 1419 2203 ergo
1434 2173 1463 2194 ut
1478 2168 1608 2194 miserum
1629 2175 1671 2194 me
1691 2166 1785 2193 fatear.
1810 2165 1839 2192 Si

1055 2223 1097 2242 me
1120 2214 1309 2247 bumiliavero,
1324 2218 1351 2241 et
1373 2213 1508 2248 paenitens
1526 2220 1608 2247 super
1632 2211 1748 2246 peccatis
1772 2210 1840 2237 meis

214 2257 358 2276 numerum
389 2249 530 2277 Trinitatis
557 2254 721 2283 assumunt,
749 2254 778 2277 ut
799 2249 999 2276 multitudinem

1056 2260 1164 2293 ηυνξ-ιο,
1178 2259 1305 2286 exaudiet
1327 2267 1369 2286 me
1384 2258 1466 2291 Dens,
1483 2263 1510 2285 et
1529 2257 1604 2284 dabit
1624 2257 1689 2283 mihi
1713 2256 1840 2283 liberato-

213 2295 367 2323 sauctitatis
381 2295 556 2323 manifestent
569 2295 626 2328 Dei,
641 2303 702 2330 quae
719 2300 760 2322 est
775 2296 854 2322 trina;
867 2295 1000 2323 sanctita-

213 2343 249 2369 tis
263 2341 374 2376 repetita
389 2342 583 2372 communitas.
599 2341 729 2368 sanctitas
749 2340 849 2374 Patris,
869 2341 1001 2368 sanctitas

213 2388 345 2422 unigeniti
375 2387 455 2420 Filii,
486 2392 513 2415 et.
544 2387 660 2422 Spiritus
683 2387 780 2414 sancti.
806 2386 910 2413 Etenim
940 2395 1002 2413 san-

212 2433 331 2467 cti/imus
348 2438 372 2459 et
383 2434 545 2468 sanctiﬁcati
558 2440 590 2460 ea:
601 2441 652 2459 uno
663 2440 749 2459 omnes
761 2432 794 2459 ".
810 2432 861 2465 Qui
883 2432 1002 2459 sanctifi—

212 2484 255 2506 cat
271 2478 394 2505 Salvator
407 2483 458 2511 est,
480 2479 557 2513 juxta
572 2480 623 2506 hoc
643 2479 716 2514 quod
738 2478 819 2506 homo
839 2482 881 2505 est
905 2486 920 2505 a
946 2478 1001 2505 Deo

212 2524 292 2552 Patre
316 2524 453 2560 accipiens
473 2525 655 2552 sanctitatem.
670 2524 775 2557 Dicunt
794 2524 885 2559 itaque
906 2533 912 2551 :
929 2523 999 2551 San-

211 2580 280 2606 ctus,
292 2577 410 2605 sanctus,
424 2578 532 2599 sanctus
547 2571 673 2598 Dominus
683 2571 752 2599 Deus
767 2570 892 2598 Sabaoth.
912 2569 998 2597 Inter-

212 2625 334 2655 pretatur
346 2619 477 2651 Sabaoth,
493 2623 521 2646 nt
535 2617 631 2654 Aquila
645 2618 765 2650 tradidit,
782 2617 909 2644 Dominus
926 2617 999 2643 mili-

212 2668 322 2693 tiarnm.

246 2722 273 2748 2.
291 2721 374 2748 Plena
385 2726 422 2748 est
434 2721 519 2748 omnis
533 2725 602 2748 terra
613 2719 698 2755 gloria
707 2720 774 2754 ejus.
784 2718 853 2746 Olim
866 2718 944 2753 plena
955 2717 1000 2744 do-

213 2775 274 2795 mus
288 2772 346 2794 erat
363 2768 459 2802 gloria,
484 2775 556 2794 nunc
574 2774 639 2794 vero
658 2766 700 2793 bis
725 2765 771 2800 qui
792 2771 874 2798 super
897 2767 998 2790 terram

249 2824 271 2840 "
287 2823 336 2850 lsa.
354 2832 408 2855 xu,
425 2824 469 2850 26.
497 2824 518 2840 θ’
535 2822 632 2850 Genes.
649 2831 667 2855 ι,
683 2822 708 2856 l,
726 2821 753 2848 2.
792 2820 815 2836 ⁸⁸
832 2819 884 2847 Isa.
899 2826 959 2851 XLV,
975 2817 1002 2844 'l.

213 2859 235 2875 "
252 2858 330 2885 Rom.
360 2867 406 2892 vlt,
424 2858 468 2885 24.
507 2859 530 2874 ⁷³
547 2858 612 2886 ibid.
627 2857 672 2884 ‘25.

1053 2313 1120 2337 rem,
1133 2309 1160 2332 ct
1171 2304 1258 2332 dicam
1275 2314 1281 2331 :
1295 2303 1401 2331 Gratias
1414 2303 1468 2330 Deo
1477 2311 1522 2337 per
1532 2302 1622 2329 Iesum
1637 2301 1770 2328 Christum
1786 2301 1838 2327 Da-

1052 2351 1151 2377 minum
1166 2355 1285 2376 nostrum
1297 2349 1329 2375 "'.
1345 2348 1443 2376 Verum
1459 2356 1492 2375 ex
1503 2348 1584 2375 corde
1597 2347 1720 2374 dicamus
1737 2367 1743 2373 .
1760 2345 1840 2373 Miser

1052 2403 1103 2430 ego
1117 2403 1188 2422 sum.
1201 2394 1393 2429 Unusquisque
1414 2393 1491 2428 113
1505 2393 1661 2420 recordetur
1680 2400 1777 2419 causas
1789 2392 1840 2418 mi-

1053 2441 1187 2469 seriarum
1199 2448 1311 2467 snarum
1320 2445 1345 2467 ct
1358 2440 1466 2472 delicta,
1480 2443 1506 2466 et
1519 2439 1642 2466 dicamus
1653 2443 1794 2473 surgentes
1806 2437 1839 2464 ad

1054 2486 1217 2518 orationem,
1228 2492 1362 2511 memores
1372 2484 1480 2519 quidem
1490 2483 1568 2518 quasi
1576 2484 1735 2510 contitentes
1745 2503 1752 2515 ,
1764 2482 1839 2508 obliti

1054 2535 1144 2557 autem
1161 2530 1238 2564 quasi
1251 2530 1307 2564 jam
1324 2537 1377 2556 non
1394 2529 1534 2560 facientes,
1550 2532 1577 2555 et
1589 2528 1713 2555 dicamus
1732 2537 1738 2554 :
1757 2526 1839 2553 Miser

1053 2575 1233 2611 ega'quoniam
1247 2568 1416 2608 compuncius
1434 2581 1502 2600 sum.
1518 2572 1576 2599 Non
1601 2578 1641 2599 est
1660 2577 1839 2607 compunctus

1052 2626 1198 2655 antequam
1217 2619 1320 2646 videret
1334 2620 1478 2650 visionem,
1496 2623 1640 2654 antequam
1656 2618 1734 2645 Osias
1749 2625 1838 2643 more—

1053 2672 1127 2693 retur
1142 2674 1221 2694 :cnm
1239 2666 1334 2700 incipit
1347 2666 1532 2701 pamitentiam
1546 2672 1635 2700 agere,
1647 2664 1738 2691 statim
1751 2663 1817 2690 dicit
1831 2671 1838 2690 ;

1051 2713 1177 2747 quoniam
1196 2716 1365 2747 corripunctus
1385 2719 1454 2738 sum.
1480 2710 1508 2738 Si
1529 2711 1591 2745 quis
1616 2710 1674 2738 sine
1691 2717 1773 2737 sensu
1796 2713 1838 2736 est

1050 2758 1127 2792 juxta
1146 2758 1301 2785 interiorem
1317 2757 1469 2790 hominem,
1487 2764 1548 2783 cum
1567 2759 1692 2790 peccator
1704 2755 1758 2788 sit,
1782 2762 1835 2781 non

1042 2817 1063 2833 ευ
1079 2815 1159 2843 Prov.
1174 2822 1232 2849 vnI,
1246 2814 1290 2842 25.
1330 2815 1352 2830 ⁷ο
1368 2814 1433 2842 Ileb.
1453 2822 1482 2847 ιι,
1499 2814 1542 2841 ll.
1581 2813 1602 2828 ⁷¹
1621 2812 1692 2840 Psal.
1710 2820 1790 2843 Lxxv.
1809 2811 1825 2838 2
