4130 6436
358 423 464 481 255

1636 420 1708 475 1N
1747 417 1980 474 ISAIAM
2017 417 2297 472 HOMILIA
2336 418 2398 473 ν.

3529 419 3634 472 254

368 541 773 614 compungitur;
810 540 902 596 sed
931 542 1091 611 quasi
1126 541 1180 595 in
1215 541 1485 596 exteriora
1523 542 1770 596 membra
1823 542 1944 596 licet
1980 548 2022 602 Α
2124 541 2176 595 5.
2221 539 2286 595 Et
2323 540 2513 593 missus
2551 545 2627 590 est
2673 537 2740 590 ad
2784 555 2860 592 me
2912 554 3041 593 unus
3074 538 3135 592 de
3171 538 3458 608 seraphim,
3499 551 3544 590 et
3578 539 3632 591 in

368 635 633 690 adhibeas
675 635 957 689 stimulum
984 675 999 698 ,
1043 622 1152 687 non
1197 633 1361 688 sentit
1397 642 1676 687 mortuum
1723 649 1949 703 corpus,

371 727 562 784 eodem
611 728 772 781 modo
814 727 858 781 si
908 725 1168 780 adhibeas
1223 726 1497 794 peecatori
1555 725 1718 779 verba
1767 724 1952 778 divina

371 819 698 875 mortificata
730 834 824 888 per
856 825 1172 887 peccatum,
1220 825 1274 870 et
1310 831 1417 870 non
1466 817 1643 886 agenti
1682 817 1955 886 paeniten-

370 910 532 975 tiam,
557 923 732 978 neque
765 916 998 962 mmstus
1029 916 1133 972 est,
1165 921 1347 975 neque
1375 906 1622 974 paenitet,
1643 921 1818 975 neque
1851 906 1950 960 ha-

369 1004 458 1058 bet
499 1002 778 1057 tristitiam
809 1011 1126 1069 operantem
1171 997 1571 1054 coniessionem
1601 1039 1617 1063 ,
1673 1000 1952 1054 tristitiam

369 1111 491 1166 qua:
522 1094 821 1149 secundum
848 1093 1018 1148 Deum
1049 1101 1150 1146 est.
1188 1089 1247 1146 Si
1277 1091 1403 1161 quis
1427 1099 1609 1146 autem
1633 1091 1748 1144 vult
1779 1090 1955 1144 salva-

373 1187 440 1252 ri,
466 1194 520 1241 et
551 1185 782 1239 audierit
812 1200 1096 1239 sermones
1135 1183 1419 1253 arguentis
1452 1197 1531 1248 se,
1563 1190 1618 1236 et
1649 1182 1956 1250 corripien-

370 1278 459 1340 tis,
497 1277 676 1330 statim
719 1276 849 1330 dicit
897 1293 909 1329 :
939 1276 983 1328 0
1015 1275 1182 1329 miser
1211 1289 1330 1345 ego.
1367 1272 1480 1330 Nec
1511 1272 1709 1329 sulIiCit
1751 1274 1953 1338 dicere,

376 1371 532 1422 miser
553 1384 668 1437 ego;
699 1367 1078 1438 apponendum
1103 1379 1184 1422 est
1205 1367 1275 1429 ei,
1299 1368 1424 1437 quia
1450 1374 1792 1436 compunctus
1813 1379 1952 1419 sum.

376 1457 702 1527 Utinamque
764 1459 997 1526 amplius
1041 1459 1512 1528 compungamur!
1549 1456 1765 1523 Quanto
1807 1455 1953 1510 enim

378 1549 492 1617 plus
527 1549 979 1619 compungimur,
1028 1557 1179 1602 tanto
1227 1549 1351 1616 plus
1394 1547 1556 1602 nobis
1606 1555 1955 1616 peccatorum

372 1642 588 1696 vincula
621 1642 890 1695 laxantur.
922 1639 1148 1711 Propter
1174 1641 1279 1694 hoc
1309 1640 1500 1694 Achab
1531 1639 1621 1692 ille
1669 1655 1776 1692 non
1811 1638 1955 1691 tnui-

366 1743 487 1788 tum
543 1734 798 1789 utilitatis
840 1742 925 1787 est
967 1740 1337 1794 consecutus,
1384 1730 1514 1800 quia
1555 1744 1665 1784 non
1723 1729 1956 1783 multum

363 1831 731 1895 compunctus
760 1833 876 1888 est;
913 1822 1007 1875 sed
1040 1828 1403 1888 compunctus
1431 1820 1652 1889 quidem
1683 1830 1766 1874 est
1791 1818 1958 1874 semel

2058 651 2215 686 unum
2242 633 2354 702 ejus
2379 631 2599 685 habebat
2631 631 2926 696 carbonem,
2954 647 3102 700 quem
3130 641 3401 701 acceperat
3433 631 3631 700 forcipe

2055 729 2135 799 de_
2159 724 2343 778 altari.
2390 722 2508 776 Non
2558 737 2886 792 quocunque
2939 723 3252 792 simpliciter
3302 731 3358 776 et
3407 721 3633 776 fortuito

2055 813 2316 882 propheta
2360 814 2484 884 igne
2529 823 2813 883 purgatur,
2862 813 2955 868 sed
2983 813 3077 882 qui
3119 821 3203 867 est
3239 813 3305 868 de
3333 813 3488 867 altari
3515 811 3628 866 Dei.

2057 905 2112 958 Si
2147 913 2409 976 purgatus
2445 920 2554 958 non
2589 905 2758 960 fueris
2791 905 2982 960 altaris
3018 904 3161 974 igne,
3192 905 3392 958 residet
3420 903 3513 958 tibi
3543 903 3634 956 ille

2055 999 2121 1053 de
2159 1013 2268 1068 quo
2296 999 2501 1053 dictum
2537 1009 2619 1054 est
2646 1016 2658 1051 :
2689 998 2771 1053 Ite
2805 1015 2838 1052 a
2863 1015 2942 1052 me
2973 1000 3028 1052 in
3057 999 3227 1068 ignem
3261 1007 3514 1051 teternttm
3543 998 3632 1065 qui

2057 1103 2390 1162 prteparatus
2438 1102 2512 1145 est
2541 1091 2744 1144 Zabulo
2792 1100 2842 1144 et
2888 1091 3089 1160 angelis
3127 1091 3240 1159 ejus
3267 1091 3336 1146 ⁷³.
3379 1089 3500 1142 Non
3551 1098 3635 1141 est

2056 1184 2180 1239 talis
2215 1183 2357 1253 ignis
2385 1183 2452 1236 de
2481 1182 2661 1238 altari.
2693 1180 2896 1237 Omnes
2928 1182 3038 1251 igni
3073 1180 3320 1234 tradendi
3353 1187 3500 1243 sunt,
3538 1179 3632 1232 sed

2057 1291 2165 1330 non
2195 1285 2387 1332 omnes
2413 1277 2508 1331 uni
2542 1277 2674 1348 igni,
2709 1276 2847 1331 alios
2870 1275 2936 1330 de
2966 1274 3123 1330 altari
3162 1273 3303 1344 ignis
3333 1279 3633 1342 exspectat,

2058 1367 2198 1422 alios
2241 1368 2382 1436 ignis
2425 1369 2521 1439 qui
2563 1378 2900 1440 praeparatus
2939 1377 3024 1424 est
3069 1368 3278 1424 Zabulo
3329 1376 3383 1422 et
3425 1366 3635 1438 angelis

2057 1457 2196 1526 ejus.
2250 1457 2460 1528 Tangat
2512 1475 2641 1530 ergo
2686 1461 2830 1515 labia
2879 1461 3078 1515 mentis
3117 1469 3172 1515 et
3205 1461 3401 1514 animae
3437 1471 3636 1516 nostra:

2059 1561 2240 1600 sermo
2285 1549 2622 1617 corripiens,
2657 1559 2717 1604 ut
2761 1560 2814 1605 et
2853 1567 2954 1607 nos
2986 1552 3253 1618 dicamus,
3293 1560 3343 1605 et
3377 1553 3546 1622 tetigit
3578 1568 3634 1605 os

2062 1652 2254 1691 meum.
2302 1635 2357 1690 Si
2403 1639 2737 1695 mandavero
2768 1655 2831 1695 os
2870 1656 3075 1708 meum,
3109 1652 3166 1697 ut
3201 1643 3338 1696 nihil
3375 1644 3634 1711 otiosum,

2060 1728 2198 1782 nihil
2237 1726 2481 1795 fatuum,
2520 1731 2654 1784 nihil
2692 1740 2876 1802 turpe,
2909 1734 3044 1788 nihil
3080 1736 3311 1790 scurrile
3340 1737 3422 1805 (ut
3449 1736 3634 1790 omnia

2063 1818 2230 1872 semel
2265 1819 2587 1889 nominetn),
2627 1821 2764 1875 nihil
2799 1838 2990 1876 eorum
3029 1840 3152 1893 quae
3193 1826 3478 1882 interdicta
3510 1837 3639 1883 sunt

362 1892 606 1972 tantum.
642 1914 1009 1979 Quamobrem
1037 1913 1244 1966 dictum
1290 1920 1373 1966 est
1402 1930 1416 1966 :
1469 1911 1666 1965 Vidisti
1695 1912 1956 1981 quomodo
1986 1892 2030 1946 Β
2060 1910 2272 1979 loquar,
2293 1919 2422 1966 tunc
2445 1926 2740 1982 possumus
2762 1912 2964 1978 dicere,
2990 1892 3156 1984 tetigit
3174 1931 3230 1968 os
3259 1931 3446 1969 meum.
3467 1915 3640 1970 Porro

365 2013 710 2074 compunctus
735 2010 812 2056 est
833 2000 1012 2054 Achab
1043 2001 1112 2055 ⁷⁸.
1148 2000 1204 2056 Si
1234 2016 1366 2056 vero
1399 2004 1522 2072 quis
1556 2001 1679 2056 talis
1709 1999 1875 2055 fuerit
1899 2009 1958 2054 ut

372 2112 484 2150 non
520 2103 698 2149 cesset
722 2094 1034 2164 compungi,
1073 2095 1204 2149 dicit
1235 2094 1490 2150 similiter
1524 2077 1587 2149 ut
1606 2093 1904 2163 Apostolus
1939 2111 1952 2147 :

375 2187 500 2241 Non
537 2203 655 2240 sum
695 2186 884 2255 dignus
918 2187 1094 2239 vocari
1132 2186 1406 2255 apostolus
1445 2195 1660 2257 propter
1683 2186 1779 2239 hoc
1817 2187 1955 2255 quod

367 2289 670 2350 persecutus
705 2295 822 2332 sum
868 2276 1157 2332 Ecclesium
1188 2279 1287 2332 Dei
1323 2279 1391 2343 7‘;
1425 2288 1519 2334 et:
1565 2279 1700 2333 Mihi
1735 2279 1954 2334 minimo

365 2372 601 2426 omnium
623 2381 927 2424 sanctorum
960 2371 1086 2424 data
1110 2381 1184 2432 est
1212 2373 1318 2425 ista
1341 2374 1518 2442 gratia
1544 2373 1610 2440 ⁷⁶;
1650 2382 1703 2427 et
1741 2391 1754 2427 :
1791 2371 1957 2426 Fide-

363 2463 431 2517 lis
456 2463 596 2517 Deus
623 2464 749 2532 quia
777 2461 935 2517 Jesus
967 2462 1211 2517 Christus
1247 2465 1384 2518 venit
1436 2464 1490 2517 in
1521 2464 1660 2518 hunc
1700 2464 1956 2518 mundum

361 2566 658 2626 peccatores
683 2555 913 2620 salvare,
941 2571 1162 2625 quarunt
1188 2555 1392 2624 primus
1414 2570 1506 2624 ego
1531 2571 1648 2608 sum
1669 2555 1738 2610 '".
1766 2552 1956 2608 Vides-

366 2665 434 2703 ne
460 2648 590 2718 quia
618 2648 852 2701 tnultum
883 2655 1251 2716 compunctus
1276 2655 1380 2711 est,
1412 2654 1464 2700 et
1496 2660 1603 2700 non
1634 2646 1823 2710 semel,
1861 2646 1954 2700 sed

364 2757 578 2811 Semper
611 2739 880 2804 scribens,
909 2747 963 2792 et
993 2739 1224 2808 loquens
1249 2778 1262 2803 ,
1307 2745 1363 2792 et
1391 2752 1558 2806 agens
1593 2746 1954 2806 compunctus

363 2831 483 2887 est?
543 2830 829 2898 Quomodo
878 2841 934 2884 et
976 2828 1147 2883 Isaias
1213 2830 1266 2882 in
1320 2829 1576 2898 praesenti
1613 2866 1628 2893 ,
1677 2831 1780 2900 qui
1827 2833 1957 2885 dicit

365 2924 533 2992 (vers.
563 2925 619 2995 5)
655 2941 669 2978 :
701 2923 746 2978 0
788 2924 949 2977 miser
974 2939 1066 2994 ego
1093 2939 1232 2988 sum,
1264 2934 1603 2993 compunctus
1639 2939 1758 2977 sum
1777 2963 1794 2992 ,
1830 2941 1956 2991 quia

365 3033 486 3071 cum
515 3015 818 3082 simhomo,
847 3025 898 3070 et
926 3014 1202 3067 innatando
1225 3012 1371 3070 labia
1409 3017 1652 3084 habeam,
1680 3028 1733 3072 et
1764 3034 1821 3072 tn
1844 3033 1954 3072 me-

365 3109 456 3164 dio
481 3123 684 3180 quoque
709 3107 890 3178 populi
913 3109 1188 3163 immunda
1233 3109 1380 3162 labia
1420 3109 1660 3164 habentis
1703 3110 1950 3164 habitem.

366 3200 706 3256 Adnotemus
734 3208 788 3254 et
825 3199 973 3254 aliud
1009 3201 1268 3270 quiddam
1290 3242 1307 3268 ,
1348 3202 1478 3273 quia
1527 3210 1752 3271 peccata
1805 3203 1954 3257 Isaiae
1981 3223 2027 3286 ρ

366 3307 474 3347 non
509 3292 566 3346 in
617 3292 818 3359 factis,
867 3292 962 3348 sed
1009 3302 1220 3348 tantum
1262 3293 1317 3348 in
1369 3294 1718 3349 sermonibus
1770 3302 1945 3349 erant.

365 3380 594 3455 Propter
626 3384 770 3454 quod
802 3384 877 3439 ait
909 3403 922 3438 :
951 3384 1090 3450 Quia
1121 3401 1240 3438 cum
1265 3385 1417 3438 homo
1447 3386 1570 3450 sim,
1597 3395 1646 3440 et
1675 3385 1953 3440 immunda

363 3474 510 3528 labia
546 3475 784 3528 habeam.
825 3474 957 3529 Erat
989 3486 1170 3530 autem
1203 3485 1256 3531 et
1297 3476 1531 3548 populus
1562 3477 1843 3531 immunda
1874 3478 1953 3531 la-

368 3566 456 3620 bia
493 3567 718 3621 habens.
743 3565 859 3621 Non
899 3565 1082 3622 decuit
1113 3583 1240 3623 eum
1264 3582 1524 3623 accusare
1557 3569 1846 3638 populum,
1898 3576 1952 3622 et

366 3659 550 3716 dicere
570 3659 724 3730 plura
755 3668 974 3730 peccata
998 3657 1054 3714 in
1088 3674 1158 3716 eo
1189 3674 1313 3718 esse
1343 3677 1507 3732 quam
1540 3659 1948 3716 immundorum

365 3752 658 3810 labiorutu.

435 3843 489 3896 4.
537 3841 605 3894 Et
635 3827 804 3912 regem
840 3841 1125 3898 Dominum
1153 3842 1384 3899 Sabaoth
1436 3843 1546 3898 vidi
1589 3842 1758 3897 oculis
1795 3841 1945 3895 meis.

368 3935 428 3990 Si
463 3936 682 4005 quando
723 3935 790 3990 de
820 3934 930 3990 Deo
967 3937 1424 4007 cogitaverimus,
1473 3951 1601 3991 cum
1632 3935 1813 3988 adhuc
1852 3947 1946 3986 su-

370 4043 494 4083 mus
536 4037 872 4097 peccatores,
918 4039 974 4084 et
1021 4045 1122 4084 nos
1171 4029 1421 4082 dicamus
1471 4041 1594 4096 quae
1629 4040 1776 4080 nunc
1817 4023 1950 4080 dicit

366 4120 629 4192 preplteta
667 4119 834 4191 (vers.
864 4120 918 4191 6)
948 4136 961 4172 :
1019 4118 1087 4172 Et
1133 4121 1325 4171 missus
1367 4125 1446 4171 est
1483 4116 1551 4169 ad
1587 4132 1666 4170 me
1714 4131 1848 4170 unus
1885 4115 1950 4169 de

367 4211 652 4282 semp/tim.
690 4211 866 4277 Quam
908 4211 1086 4266 bonus
1119 4209 1293 4265 Deus!
1331 4208 1504 4276 Quia,
1539 4209 1750 4279 inquit,
1785 4207 1947 4263 audio

368 4307 715 4359 conﬁtentem
741 4302 958 4375 Isaiam;
989 4303 1127 4357 dixit
1154 4303 1300 4358 enim
1330 4319 1342 4354 :
1375 4301 1419 4358 Ο
1455 4303 1616 4355 miser
1641 4316 1769 4372 ego;
1805 4315 1944 4371 quo-

369 4397 515 4450 niam
563 4397 728 4451 audio
780 4397 1157 4465 poeuiteutem,
1210 4394 1288 4450 ait
1330 4393 1946 4465 quippe:Compunctus

368 4504 518 4554 sum;
572 4489 703 4559 quia
761 4490 979 4558 propria
1031 4489 1228 4545 delicta
1291 4487 1663 4558 pronuntiavit
1715 4485 1941 4540 dicens:

2058 2003 2298 2072 quandiu
2350 2005 2630 2060 immunda
2678 2003 2820 2060 fabia
2852 2005 3058 2073 habeo,
3104 2015 3166 2061 et.
3196 2006 3508 2062 immundas
3552 2023 3642 2063 res

2057 2110 2205 2165 gero,
2249 2106 2471 2168 propter
2517 2097 2682 2152 verba
2734 2099 2943 2169 peccati
2997 2114 3106 2155 non
3145 2099 3320 2170 tangit
3360 2115 3422 2156 os
3455 2115 3634 2156 meum

2059 2187 2199 2256 ignis
2225 2188 2290 2243 de
2317 2188 2497 2256 altari,
2521 2204 2698 2260 neque
2729 2189 2966 2246 mittitur
2997 2190 3063 2246 ad
3096 2207 3182 2247 me
3213 2209 3357 2248 unus
3387 2196 3453 2248 de
3488 2208 3638 2249 sera-

2057 2279 2232 2348 phim.

2128 2369 2181 2424 6.
2223 2369 2377 2427 Vers.
2421 2371 2474 2426 7.
2519 2371 2588 2426 Et
2628 2373 2765 2428 dixit
2804 2387 2822 2426 :
2857 2371 2993 2428 Ecce
3045 2376 3192 2446 tetigi
3239 2374 3382 2441 labia
3432 2384 3545 2439 tua,
3588 2384 3636 2427 et

2058 2461 2255 2516 abstuli
2299 2465 2608 2535 iniquitates
2651 2475 2794 2533 tuas,
2831 2476 2881 2522 et
2919 2475 3134 2535 peccata
3175 2479 3267 2520 tua
3307 2468 3638 2533 circumpur-

2057 2555 2195 2624 gavi.
2247 2554 2489 2610 Mordeat
2528 2572 2630 2611 nos
2669 2572 2852 2612 sermo
2895 2557 3146 2619 divinus,
3189 2564 3382 2611 exurat
3427 2557 3638 2611 animas

2061 2659 2280 2703 nostras
2316 2647 2605 2704 :dicamus
2651 2647 2934 2704 audientes
2969 2664 2982 2700 :
3033 2647 3222 2702 Nonne
3263 2665 3354 2702 cor
3401 2657 3638 2703 nostrum

2060 2738 2252 2793 ardens
2288 2748 2402 2793 erat
2442 2740 2500 2793 in
2543 2739 2692 2794 nobis
2718 2740 2810 2794 3°?
2858 2751 2920 2795 ut
2958 2739 3280 2796 auferantur
3322 2739 3639 2811 iniquitates

2059 2838 2258 2884 nostra;
2329 2838 2494 2900 atque
2556 2840 2811 2901 peccata,
2862 2841 2917 2888 et
2966 2833 3157 2888 mundi
3209 2831 3382 2887 eﬂ'ecti
3432 2831 3638 2886 mundo

2059 2934 2154 2975 ore
2205 2920 2520 2989 mundoque
2563 2921 2748 2989 corde,
2796 2931 2850 2976 et
2882 2923 3084 2978 munda
3139 2929 3252 2977 tota
3300 2921 3636 2977 conscientia

2057 3010 2258 3078 gratias
2300 3024 2526 3080 agamus
2567 3012 2926 3082 omnipotenti
2959 3011 3092 3080 Deo,
3139 3012 3194 3068 in
3221 3012 3440 3069 Christo
3484 3011 3634 3082 Jesu,

2057 3102 2146 3157 cui
2178 3112 2262 3158 est
2289 3102 2463 3174 gloria
2504 3112 2558 3158 et
2592 3104 2884 3174 imperium
2934 3105 2990 3160 in
3035 3106 3234 3161 saecula
3286 3105 3632 3162 saeculorum.

2056 3195 2253 3250 Amen.

2646 3285 2939 3343 HOMILIA
2988 3287 3045 3342 V.

2057 3402 2233 3475 De_'eo
2258 3404 2404 3475 quod
2436 3404 2716 3475 scriptum
2752 3414 2876 3462 est:
2908 3405 3038 3471 Quts
3079 3406 3297 3461 elevavit
3335 3404 3400 3460 ab
3437 3407 3637 3471 oriente

2114 3472 2387 3545 justitiam
2425 3472 2579 3545 (xm,
2613 3476 2692 3545 2),
2750 3486 2804 3532 et
2852 3477 2921 3531 de
2967 3476 3176 3532 visione
3234 3477 3431 3530 iterum
3480 3477 3636 3533 aliter

2125 3545 2264 3613 (cap.
2294 3543 2394 3614 Vl).

2137 3657 2190 3712 1.
2249 3657 2340 3712 Ait
2390 3658 2681 3726 prophetes
2733 3673 2855 3714 esse
2896 3656 3176 3714 Christum
3225 3660 3495 3715 viventem
3541 3662 3637 3731 ju-

2051 3747 2280 3810 stitiam,
2333 3755 2388 3801 et
2439 3747 2766 3815 putabamus
2832 3759 2934 3801 nos
2995 3747 3064 3800 ab
3108 3746 3372 3818 Apostolo
3426 3749 3633 3804 dictqu

2051 3853 2174 3894 esse
2205 3835 2340 3908 (9i),
2373 3837 2498 3906 quia
2525 3835 2777 3891 Christus
2807 3835 2879 3890 sit
2909 3836 3154 3904 justitia,
3187 3847 3236 3892 et
3263 3841 3634 3909 sanctiﬁcatio,

2050 3941 2100 3985 et
2134 3929 2440 3999 redemptio.
2487 3936 2538 3982 et
2581 3927 2845 3997 sapientia
2867 3928 2933 3981 θ’.
2985 3927 3150 3984 Forte
3196 3937 3377 3986 autem
3408 3940 3462 3987 et
3488 3933 3635 4003 Apo-

2052 4023 2226 4080 stolus
2272 4022 2574 4077 instructus
2607 4036 2637 4075 a
2664 4022 2965 4092 prophetis,
3007 4025 3157 4078 novit
3183 4025 3480 4080 animatam
3512 4043 3635 4083 esse
3732 4016 3739 4024 ’

2046 4115 2317 4187 justitiam
2336 4121 2391 4169 et
2417 4113 2716 4169 viventem.
2747 4112 2881 4180 Quae
2902 4123 2986 4169 est
3008 4115 3110 4170 ista
3153 4117 3398 4186 justitia?
3431 4117 3632 4190 Unige-

2049 4209 2199 4263 nitus
2230 4206 2346 4262 Dei.
2376 4204 2513 4273 Quia
2541 4213 2721 4260 autem
2761 4220 2868 4260 non
2924 4207 2993 4260 ab
3018 4207 3282 4276 Apostolo
3317 4207 3426 4279 (92)
3451 4221 3630 4264 ortum

2053 4299 2215 4373 114
2242 4307 2326 4355 est
2363 4298 2644 4353 Christum
2683 4312 2804 4352 esse
2833 4297 3125 4369 justitiam,
3159 4309 3214 4354 et
3244 4299 3540 4368 viventem,
3581 4314 3634 4357 et

2016 4462 2020 4465 _
2050 4393 2435 4449 subsistentem
2458 4389 2751 4461 justitiam,
2771 4391 2866 4444 sed
2899 4390 3142 4446 invenies
3169 4400 3223 4447 et
3245 4408 3275 4446 a
3300 4393 3632 4463 propheticis

2053 4483 2402 4549 sermonibus
2449 4483 2554 4536 hoc
2589 4481 2748 4536 nobis
2779 4481 3104 4553 mysterium
3155 4484 3480 4550 exhibitura,
3512 4502 3631 4543 cer-

371 4580 511 4645 Quia
553 4597 673 4634 cum
700 4582 802 4634 sint
830 4581 1004 4644 homo,
1040 4592 1088 4634 et
1117 4580 1392 4634 immunda
1446 4575 1590 4634 labia
1609 4573 1852 4633 habeam,
1891 4577 1945 4630 in
1975 4568 2022 4624 D
2052 4585 2167 4631 tum
2209 4584 2262 4630 et
2307 4590 2338 4628 a
2371 4573 2609 4644 capitulo
2659 4573 2712 4628 in
2746 4589 2857 4644 quo
2891 4589 3037 4630 nunc
3085 4574 3246 4631 lectio
3295 4579 3629 4648 conquievit.

368 4673 541 4726 medio
571 4689 774 4744 quoque
808 4673 988 4743 populi
1020 4673 1293 4727 immunda
1325 4671 1472 4725 labia
1509 4671 1749 4725 habentis
1787 4670 1943 4724 habi-

369 4773 493 4826 tem,
536 4774 591 4818 et
630 4780 731 4835 ego
761 4765 941 4819 adhuc
987 4764 1244 4835 loquente
1281 4779 1348 4818 eo
1381 4764 1526 4829 dico,
1561 4778 1688 4818 ecce
1725 4763 1940 4818 adsum.

368 4853 440 4909 Et
465 4857 657 4909 missus
693 4866 768 4909 est
805 4856 874 4910 ad
904 4871 984 4908 me
1014 4872 1148 4908 unus
1187 4855 1252 4910 de
1281 4856 1566 4924 seraphim,
1613 4863 1662 4907 et
1698 4854 1754 4907 itt
1787 4869 1946 4907 manu

365 4964 464 5002 sua
489 4946 710 5000 habebat
738 4946 1039 5000 carbonem.
1067 4944 1245 5000 Carbo
1273 4945 1512 5000 defertur
1531 4945 1600 5001 ad
1625 4945 1943 5015 prophetam

361 5051 421 5095 ut
467 5056 563 5110 per
607 5040 750 5110 ignis
803 5039 1076 5094 ustionem
1119 5048 1420 5109 purgentur
1470 5038 1612 5093 labia
1651 5039 1792 5108 ejus,
1823 5053 1946 5108 quae

360 5131 660 5202 aliquando
701 5140 1078 5201 peccaverant.
1113 5131 1249 5198 Quis
1284 5138 1370 5186 est
1398 5129 1502 5186 iste
1529 5145 1674 5186 unus
1703 5130 1770 5186 de
1795 5146 1947 5186 sera-

361 5222 556 5290 phim?
603 5222 870 5279 Dominus
919 5239 1073 5279 meus
1108 5221 1267 5278 Jesus
1307 5222 1606 5279 Christus:
1645 5223 1747 5278 iste
1785 5222 1940 5292 juxta

361 5313 824 5384 dispensationem
865 5318 1049 5371 carnis
1097 5315 1298 5370 missus
1327 5321 1411 5367 est
1440 5313 1649 5368 habens
1691 5314 1744 5367 in
1776 5329 1938 5368 manu

365 5420 466 5460 sua
502 5408 822 5475 carbonem,
852 5416 908 5462 et
931 5407 1154 5463 dicens:
1191 5405 1379 5477 Ignem
1404 5406 1518 5460 ueni
1555 5406 1759 5459 mittere
1787 5421 1942 5476 super

367 5508 584 5565 terram,
616 5510 666 5554 et
702 5501 906 5553 utinam
929 5501 1050 5569 jam
1079 5498 1265 5554 ardeat
1289 5499 1367 5552 ⁷⁸2

433 5595 482 5630 ⁷⁸
509 5595 572 5650 ιιι
608 5595 898 5668 Ριεεκπιι,
930 5597 1022 5653 29.
1097 5599 1143 5630 ⁷³
1173 5597 1339 5668 lcor.
1373 5614 1463 5664 xv,
1492 5597 1545 5654 9.
1592 5597 1667 5668 7"
1701 5594 1899 5668 Epltes.

2053 4667 2183 4736 Quis
2218 4668 2387 4736 enim,
2425 4667 2622 4738 inquit,
2648 4683 2862 4738 surgere
2887 4667 3013 4737 fecit
3034 4667 3097 4722 ab
3121 4669 3319 4722 oriente
3332 4669 3628 4740 justitiam,

2049 4769 2099 4816 et
2133 4759 2334 4814 vocavit
2365 4774 2480 4813 eam
2525 4757 2592 4812 ad
2619 4758 2772 4829 pedes
2812 4775 2937 4812 suos
2960 4758 3046 4811 8'?
3083 4757 3310 4814 Vocavit
3334 4759 3625 4830 justitiam.

2051 4853 2399 4909 Manifestum
2445 4862 2528 4908 est
2571 4851 2869 4906 animatam
2939 4867 3059 4906 eam
3115 4867 3236 4907 esse
3293 4851 3340 4907 si
3387 4853 3632 4907 ambulet

2049 4955 2262 5001 vocata.
2335 4942 2561 4999 Vocavit
2607 4951 2790 4998 autem
2837 4941 3120 4996 Christum
3153 4940 3349 5007 Pater,
3401 4958 3512 5013 quo
3558 4943 3629 4996 ob

2049 5046 2292 5093 nostram
2321 5036 2554 5092 salutem
2580 5034 2648 5089 ad
2679 5047 2780 5088 nos
2811 5033 2912 5087 iter
2940 5031 3165 5100 faceret,
3195 5041 3248 5088 et
3274 5032 3630 5088 descenderet

2047 5131 2116 5185 de
2148 5129 2288 5184 creto
2315 5126 2383 5182 ad
2411 5141 2514 5181 nos
2539 5142 2552 5178 :
2583 5124 2750 5180 Nemo
2791 5125 2936 5178 enim
2977 5125 3213 5179 ascendit
3237 5124 3294 5177 in
3317 5123 3503 5178 cazlum
3525 5123 3627 5176 nisi

2047 5221 2140 5292 qui
2173 5210 2236 5273 de
2296 5217 2422 5273 caelo
2458 5215 2725 5271 descendit
2769 5213 2943 5269 Filius
2996 5214 3224 5270 hominis
3268 5214 3336 5266 ⁸³.
3403 5211 3630 5267 Vocavit

2048 5329 2172 5370 eum
2217 5313 2286 5368 de
2329 5311 2539 5366 oriente
2581 5328 2595 5363 :
2639 5324 2750 5363 non
2800 5309 2867 5362 de
2911 5308 3017 5362 isto
3065 5305 3354 5371 sensibili,
3416 5304 3508 5358 sed
3558 5305 3627 5359 de

2049 5407 2259 5460 oriente
2307 5402 2446 5458 lucis
2493 5415 2656 5455 verat.
2724 5399 2949 5468 Propter
2999 5399 3146 5466 quod
3201 5395 3464 5466 scriptum
3509 5401 3624 5448 est;

2051 5497 2182 5565 Quis
2209 5508 2487 5564 exsurgere
2515 5490 2579 5546 de
2606 5491 2804 5544 oriente
2846 5487 2969 5557 fecit
2999 5486 3298 5552 justitiam,
3341 5493 3388 5539 et
3423 5485 3628 5539 vocavit

2033 5597 2124 5650 .8.
2187 5595 2230 5625 ""
2262 5593 2280 5646 l
2311 5591 2453 5646 Tim.
2508 5605 2548 5656 ι,
2607 5603 2721 5656 xv."
2792 5585 2838 5616 ⁷⁸
2860 5581 2995 5635 Luc.
3047 5597 3145 5648 xu,
3194 5580 3285 5636 49.
3360 5581 3405 5613 ⁷⁸
3434 5578 3625 5638 Matth.

367 5683 494 5734 xxv,
517 5668 608 5724 4t.
686 5655 1059 5747 ἴοιυεζιξιν,
1087 5668 1176 5734 53.
1254 5667 1296 5700 ⁸¹
1323 5655 1494 5724 ICor.
1526 5686 1563 5731 I,
1588 5667 1676 5722 5t).
1744 5655 1797 5700 '3'
1835 5669 1943 5724 lsa.

2054 5681 2109 5732 .t,
2142 5665 2195 5717 2.
2273 5663 2319 5693 ⁸³
2339 5658 2496 5714 Joan.
2531 5655 2615 5720 nt,
2658 5655 2744 5711 l5.

437 5782 551 5857 (91)
578 5782 714 5857 Tres
744 5798 879 5857 mss.
912 5783 1034 5857 cod.
1068 5783 1150 5839 sic
1176 5784 1407 5857 habent,
1451 5783 1575 5839 libri
1607 5796 1737 5837 vero
1777 5780 1935 5847 editi,

369 5853 613 5925 putamus
645 5853 710 5908 ab
740 5854 990 5923 Apostolo
1025 5857 1196 5907 solum
1223 5853 1424 5908 dictum
1454 5869 1587 5908 esse.

685 5952 952 6013 PATBOL.
990 5951 1106 6011 Gn.
1152 5950 1320 6012 XIII.

2113 5777 2226 5846 (92)
2280 5773 2436 5846 Libb.
2491 5768 2644 5836 editi,
2702 5781 2804 5822 non
2856 5758 3028 5815 solum
3073 5761 3136 5815 ab
3179 5763 3450 5833 Apostolo.
3497 5765 3629 5820 Mss.

2051 5839 2311 5902 omittunt
2337 5839 2532 5894 solum.

3273 5930 3318 5991 8
