4130 6444
488 435 594 491 “2'55
1977 434 2136 491 ORIG
2145 432 2299 490 ENIS
3652 439 3759 497 236

489 564 613 604 eam
640 552 711 605 ad
745 550 895 620 pedes
926 552 1099 607 suos!
1124 552 1282 608 Pater
1326 551 1541 606 vocavit
1584 550 1820 617 Filium,
1864 551 1973 606 imo
2016 561 2075 606 ut
2104 558 2150 614 Α
2180 567 2302 608 meo
2327 550 2803 609 comminationem
2834 550 3068 610 dicentis
3100 564 3113 607 ξ
3161 552 3219 610 Si
3261 572 3361 611 non
3399 554 3576 613 lat-ero
3601 561 3759 627 pedes

491 658 618 698 vere
646 643 927 710 dicamus,
964 644 1103 699 Deus
1136 644 1408 700 hominem
1440 645 1656 698 vocavit
1692 643 1965 714 justitiam
2002 643 2070 697 ad
2179 653 2319 710 tuos,
2348 662 2451 699 non
2477 645 2689 701 habebis
2714 655 2922 715 partem
2955 663 3157 701 uiscum
3182 647 3250 703 ".
3288 648 3412 703 Ideo
3444 648 3562 703 lava
3593 650 3758 719 pedes

490 733 655 800 pedes
703 747 866 797 suos,
915 732 968 786 id
1016 741 1101 787 est
1148 732 1577 788 incarnationem
1610 731 1733 787 Filii
1784 733 1890 788 sui.
1944 734 2074 786 Ideo
2174 750 2346 802 meos,
2381 746 2439 791 ut
2467 735 2694 790 habeam
2726 745 2931 806 partem
2962 747 3163 793 tecum.
3194 735 3300 793 Sed
3329 738 3461 808 quid
3497 738 3608 804 aio,
3636 738 3757 795 lava

487 829 543 875 et
582 822 877 877 adoramus
919 822 1216 877 scabellnm
1270 822 1469 893 pedum
1517 824 1689 884 illius.
1736 823 1890 892 juxta
1925 824 2073 893 quod
2171 827 2337 897 pedes
2367 828 2560 883 meos?
2599 826 2796 883 Petrus
2822 829 2928 884 hoc
2958 830 3136 899 potuit
3159 830 3360 895 dicere,
3390 827 3485 900 qui
3519 844 3627 885 non
3662 828 3759 885 ha—

489 913 753 982 scriptum
787 922 870 968 est
903 929 914 965 :
953 913 1187 969 Adorate
1223 913 1512 970 scabellum
1550 915 1743 981 pedum
1772 915 1910 985 ejus,
1945 916 2071 988 quia
2174 917 2293 972 buit
2324 933 2571 986 necesse,
2603 917 2709 974 nisi
2740 926 2951 974 tantum
2982 928 3041 974 ut
3072 921 3234 989 pedes
3270 919 3392 991 ejus
3422 920 3760 989 lavarentur;

488 1016 732 1060 sanctum
773 1018 869 1061 est.
910 1006 1055 1062 Caro
1098 1008 1366 1079 siquidem
1399 1006 1616 1062 Domini
1647 1008 1912 1063 honorem
1949 1007 2072 1062 Dei-
2175 1015 2321 1065 totus
2357 1008 2557 1079 quippe
2603 1011 2843 1065 mundus
2881 1019 3019 1065 erat.
3056 1009 3170 1082 Ego
3200 1010 3382 1081 potius
3410 1027 3534 1068 cum
3585 1016 3756 1071 semel

488 1096 616 1150 tatis
670 1097 924 1150 assumit.
998 1095 1140 1162 Quia
1189 1106 1372 1152 autem
1436 1096 1765 1168 principium
1825 1096 2072 1153 lectionis

488 1187 667 1242 altiori
700 1188 904 1258 indiget
932 1188 1295 1259 expositione,
1323 1204 1545 1245 oremus
1570 1205 1847 1246 summum
1869 1190 2068 1263 Regem

485 1289 547 1334 ut
582 1295 764 1335 sermo
799 1280 893 1352 qui
937 1290 1166 1335 vocatus
1208 1281 1437 1348 abiciat,
1485 1281 1555 1336 ad
1601 1298 1701 1337 nos
1742 1283 1939 1338 iterum
1981 1299 2067 1337 re-

483 1380 750 1436 vertatur,
808 1380 868 1426 ut
917 1387 1092 1442 pauca
1144 1372 1298 1443 juxta
1357 1373 1774 1443 possibilitatem
1826 1384 2067 1432 nostram

484 1465 877 1521 edisseramus.

553 1555 608 1609 2.
653 1554 722 1608 Et
770 1555 975 1625 factum
1028 1564 1107 1610 est
1152 1557 1203 1610 in
1242 1572 1382 1611 armo
1419 1574 1522 1629 quo
1567 1567 1808 1613 mortuus
1852 1569 1928 1614 est
1978 1575 2070 1614 rex

487 1647 644 1702 Osias
670 1666 687 1703 :
713 1649 821 1702 ridi
848 1648 1126 1702 Dominam
1154 1648 1414 1704 sedentem
1439 1667 1600 1721 supra
1628 1653 1874 1705 thronum
1899 1653 2072 1706 excel-

484 1757 623 1805 sum,
657 1753 707 1796 et
746 1742 899 1809 plena
936 1754 1048 1796 erat
1094 1742 1283 1795 domus
1316 1741 1490 1812 gloria
1529 1743 1665 1813 ejus,
1701 1756 1749 1800 et
1803 1746 2070 1816 seraphim

472 1832 697 1886 stabant
738 1834 792 1885 in
828 1833 1056 1887 circuitu
1096 1832 1244 1901 ejus,
1285 1849 1378 1887 sea:
1423 1835 1528 1889 ala:
1565 1837 1659 1889 uni
1680 1878 1695 1903 ,
1762 1847 1810 1892 et
1847 1853 1940 1892 sea:
1966 1837 2071 1892 alie

2174 1102 2319 1157 lotus
2350 1102 2474 1167 sim,
2509 1101 2603 1156 illo
2634 1102 2852 1174 indigeo
2883 1103 3233 1174 baptismate,
3266 1104 3333 1159 de
3357 1119 3468 1175 quo
3495 1105 3759 1163 Dominus

2172 1193 2287 1248 ait:
2313 1191 2424 1265 Ego
2455 1193 2606 1279 aliud
2633 1193 2895 1264 baptisma
2929 1196 3092 1250 habeo
3120 1196 3385 1266 baptizari
3403 1196 3452 1231 ⁸⁸
3478 1197 3615 1271 (93).
3646 1198 3759 1255 Cur

2172 1285 2276 1340 ista
2305 1284 2581 1341 diximus?
2600 1284 2856 1356 Praeparo
2887 1296 2941 1341 ct
2959 1302 3044 1341 me
3063 1297 3115 1342 et
3133 1286 3419 1343 audientes
3438 1288 3504 1343 ad
3544 1288 3754 1358 majora

2171 1377 2455 1447 mysteria.
2516 1375 2573 1432 Si
2628 1385 2810 1432 tamen
2856 1377 3060 1442 veniat,
3112 1378 3158 1433 si
3205 1378 3503 1435 descendat
3546 1377 3614 1434 ad
3652 1392 3757 1436 nos

2172 1481 2354 1522 sermo
2381 1466 2518 1535 Dei,
2570 1467 2735 1523 timeo
2772 1467 2919 1522 enim
2955 1483 3023 1523 ne
3058 1483 3145 1524 me
3185 1467 3384 1539 fugiat,
3428 1483 3497 1523 ne
3534 1468 3754 1524 benedi-

2171 1558 2408 1614 ctionem
2432 1576 2654 1631 quoque
2685 1574 2861 1615 meam
2901 1559 3245 1632 dedignetur.
3284 1559 3446 1631 Fugit
3468 1561 3746 1632 quondam

2172 1660 2353 1704 sermo
2369 1651 2628 1719 populum
2646 1659 2867 1720 propter
2878 1650 3186 1723 Achar(9l)
3204 1666 3371 1705 unum
3388 1659 3755 1721 peecatorem;

2171 1738 2329 1812 fugit,
2358 1741 2607 1812 inquam,
2641 1756 2827 1798 sermo
2857 1742 3368 1813 populum‘propter
3422 1758 3591 1797 unum
3633 1758 3760 1813 pec-

2171 1844 2412 1889 catorem
2439 1833 2646 1902 Achar,
2670 1833 2842 1890 illium
2887 1833 3130 1900 Zamhri,
3166 1832 3263 1889 lilii
3295 1832 3458 1899 Zara,
3495 1850 3561 1890 ex
3609 1833 3755 1891 tribu

478 1921 677 1986 alteri;
723 1934 772 1976 et
815 1921 1020 1975 duabus
1066 1921 1278 1992 quidem
1321 1923 1564 1979 vetabant
1609 1926 1799 1996 faciem
1847 1927 1982 1998 ejus,
2019 1938 2069 1982 et
2104 1918 2146 1973 Β
2169 1925 2331 1993 Juda,
2363 1927 2458 1998 qui
2496 1926 2817 1983 inobediens
2845 1927 2950 1982 fuit
2977 1926 3110 1994 Deo,
3144 1936 3199 1982 et
3229 1926 3352 1982 ideo
3383 1928 3754 1983 anathemati-

472 2015 688 2069 ‘duabus
719 2014 963 2069 volabant
993 2015 1145 2082 pedes
1168 2055 1182 2076 ,
1218 2023 1266 2068 et
1300 2014 1506 2071 duabus
1541 2017 1828 2083 volabant,
1864 2028 1915 2074 et
1955 2019 2068 2073 cla-

421 2143 427 2149 -
481 2105 693 2160 mabant
724 2106 864 2160 alter
889 2106 958 2159 ad
986 2111 1237 2171 alterum,
1261 2114 1311 2160 et
1335 2106 1586 2161 dicebant
1611 2124 1631 2162 :
1662 2107 1915 2179 Sanctus,
1943 2126 2071 2164 san-

480 2207 618 2260 ctus,
643 2206 859 2252 sanctus
894 2196 1148 2251 Dominus
1183 2193 1320 2251 Deus
1348 2195 1604 2267 Sabaoth,
1635 2199 1791 2269 plena
1817 2212 1894 2256 est
1926 2212 2069 2255 terra

481 2287 654 2357 gloria
682 2288 794 2359 ejus
818 2289 886 2356 “,
917 2299 967 2345 et
996 2290 1224 2357 reliqua.
1255 2286 1455 2345 Verum
1488 2299 1548 2345 ut
1571 2300 1626 2345 et
1658 2306 1759 2346 nos
1784 2291 2067 2348 videamus

485 2382 755 2437 visionem
797 2399 963 2453 quam
1010 2385 1146 2441 vidit
1198 2385 1389 2450 Isaias,
1434 2398 1695 2441 vocemus
1738 2383 1925 2440 Jesum
1974 2386 2067 2457 qui

486 2491 592 2530 non
642 2475 953 2533 videntibus
1004 2476 1231 2549 largitus
1276 2486 1361 2533 est
1411 2476 1622 2534 oculos.
1675 2477 1863 2533 Potest
1921 2479 2068 2533 enim

476 2565 643 2620 etiam
679 2580 823 2621 lianc
838 2567 1042 2623 venire
1076 2578 1130 2624 et
1164 2567 1366 2632 facere,
1401 2578 1460 2624 ut
1489 2584 1552 2624 ea
1584 2583 1707 2640 quae
1740 2570 1794 2625 in
1838 2570 2071 2626 lectione

466 2667 824 2714 sacramenta
872 2660 1017 2716 dicta
1052 2670 1202 2730 sunt,
1252 2661 1458 2733 apertis
1491 2663 1669 2718 oculis
1720 2664 2067 2730 intueamur;

472 2750 928 2819 repromittamus
958 2752 1009 2805 ei
1041 2751 1155 2823 jam
1187 2766 1291 2808 nos
1335 2769 1443 2808 non
1479 2753 1621 2809 ultra
1654 2752 1835 2811 facere
1868 2769 2071 2825 corpus

459 2840 689 2896 ‘Christi
737 2857 934 2912 corpus
977 2844 1315 2911 meretricis,
1344 2860 1447 2900 nec
1482 2844 1664 2901 facere
1706 2861 1870 2918 opera
1903 2848 2070 2920 digna

482 2931 654 2987 luctu.
694 2930 1103 3005 ‘Unusquisque
1146 2945 1395 2991 nostrum
1446 2937 1564 2992 haec
1606 2939 1769 2993 corde
1813 2939 2072 3010 loquatur

483 3024 551 3080 ad
582 3024 772 3090 Deum,
799 3035 854 3081 et
881 3042 1171 3097 precemur
1199 3038 1260 3084 ut
1287 3030 1553 3086 adventus
1577 3029 1696 3101 ejus
1725 3031 1887 3087 etiam
1927 3045 2070 3088 nunc

485 3118 597 3173 ﬂat.
649 3116 704 3172 Si
739 3119 884 3173 enim
933 3135 1043 3173 nou
1078 3119 1357 3176 advenerit
1387 3118 1569 3185 Jesus,
1620 3122 1722 3177 ista
1748 3122 1932 3178 videre
1960 3137 2070 3177 non

485 3228 801 3286 possumus.
854 3215 1062 3270 Precor
1104 3224 1164 3270 ut
1199 3216 1449 3271 mittatur
1490 3216 1655 3271 etiam
1698 3217 1763 3270 ad
1803 3230 1888 3273 me
1918 3231 2070 3272 sera-

484 3306 665 3378 phim,
707 3315 763 3361 et
800 3307 1199 3378 comprehenso
1244 3310 1312 3365 de
1358 3308 1565 3380 forcipe
1602 3309 1840 3365 carbone
1874 3318 2069 3380 purget

483 3398 631 3454 labia
659 3414 804 3465 mea,
832 3414 889 3455 et
916 3399 1047 3470 quid
1082 3401 1206 3457 dico
1237 3402 1378 3457 labia
1428 3401 1588 3457 mea?
1621 3401 1792 3458 Isaias
1843 3413 2069 3457 sanctus

485 3499 625 3558 erat,
649 3499 704 3545 et
742 3492 865 3547 ideo
916 3501 1125 3547 tantum
1162 3494 1304 3548 labia
1332 3494 1454 3565 ejus
1493 3502 1720 3565 purgata
1756 3501 1905 3557 sunt,
1941 3493 2069 3563 quia

486 3583 647 3640 labiis
675 3595 908 3651 tantum,
939 3584 990 3639 id
1023 3594 1108 3641 est
1138 3602 1392 3643 sermone
1426 3586 1752 3657 deliquerat.
1791 3584 1904 3657 Ego
1942 3601 2070 3641 vero

484 3688 594 3730 non
632 3689 754 3730 sum
791 3675 950 3740 talis,
986 3684 1045 3729 ut
1080 3673 1283 3745 possim
1320 3674 1523 3735 dicere.
1556 3673 1701 3746 quod
1740 3673 1918 3728 solum
1962 3671 2068 3726 ima

483 3768 689 3823 munda
727 3767 869 3822 labia
914 3768 1111 3833 habeo,
1144 3767 1239 3823 sed
1279 3777 1464 3822 metuo
1498 3781 1566 3822 ne
1596 3764 1943 3821 immundum
1975 3777 2072 3818 cor

484 3860 743 3925 habeam,
787 3860 1102 3916 immundos
1146 3860 1356 3927 oculos,
1390 3857 1704 3915 immundae
1740 3871 1924 3924 aures,
1970 3855 2072 3911 im-

478 3951 755 4005 mundum
785 3965 866 4007 os.
897 3948 1152 4017 Quandiu
1180 3950 1234 4005 in
1264 3950 1520 4005 omnibus
1551 3949 1673 4005 istis
1702 3963 1889 4019 pecco,
1925 3955 2073 4003 totus

480 4039 810 4096 immundus
857 4055 1002 4095 sum.
1048 4038 1106 4093 Si
1157 4039 1345 4095 videro
1387 4039 1673 4096 mulierem
1717 4039 1785 4093 ad
1813 4037 2075 4108 concupi-

476 4133 775 4197 scendum,
806 4128 919 4201 jam
963 4130 1268 4187 mechatus
1312 4146 1433 4187 sum
1475 4145 1596 4186 eam
1631 4130 1687 4185 in
1729 4126 1893 4184 corde
1930 4142 2073 4183 meo.

482 4224 631 4281 ﬁcce
669 4222 989 4281 immundos
1026 4222 1221 4279 oculos
1249 4223 1446 4279 habeo.
1521 4221 1577 4276 Si
1608 4221 1675 4277 de
1708 4228 1925 4292 pectore
1955 4233 2078 4275 meo

484 4324 688 4368 exeant
715 4314 1077 4385 cogitationes
1117 4314 1391 4384 pessimae,
1434 4311 1722 4377 adulteria,
1758 4310 2076 4367 fornicatio-

487 4421 613 4470 nes,
649 4404 785 4461 falsa
815 4406 1149 4471 testimonia,
1186 4420 1314 4462 ecce
1345 4420 1443 4463 cor
1490 4404 1839 4459 immundum
1876 4403 2074 4458 habeo.

491 4493 670 4561 Quam
711 4496 934 4566 formosi
973 4497 1127 4566 pedes
1168 4496 1647 4568 eaangelizantium
1688 4510 1891 4566 pacem,
1920 4509 2080 4548 evan-

2170 2031 2328 2077 zatus
2370 2029 2455 2076 est
2478 2020 2546 2074 ⁸⁸.
2602 2019 2669 2075 Et
2712 2021 2840 2091 quia
2892 2036 3041 2078 nunc
3093 2021 3275 2092 populi
3330 2019 3625 2077 multitudo
3672 2032 3757 2078 est

2168 2109 2736 2183 propterParasceven
2757 2110 2891 2181 (95),
2912 2119 2967 2166 et
2989 2111 3225 2167 maxime
3250 2112 3305 2166 in
3336 2109 3621 2169 Dominica
3646 2112 3752 2178 die,

2168 2220 2291 2276 qua:
2334 2203 2607 2275 passionis
2635 2201 2841 2259 Christi
2893 2204 3373 2260 commemorati-ix
3430 2213 3514 2261 est
3551 2204 3750 2277 (neque

2168 2296 2314 2352 enim
2369 2295 2699 2352 resurrectio
2750 2294 2966 2350 Domini
3020 2296 3188 2352 semel
3237 2297 3293 2351 in
3335 2312 3503 2364 anno,
3547 2306 3604 2353 et
3647 2312 3756 2352 non

2170 2404 2388 2459 semper
2422 2397 2547 2459 post
2592 2394 2799 2459 septem
2824 2385 2944 2442 dies
2992 2386 3343 2460 celebratur),
3389 2394 3542 2445 'orate
3584 2387 3754 2445 Deum

2170 2481 2624 2552 omnipotentem,
2693 2488 2755 2536 ut
2817 2481 3003 2537 veniat
3070 2480 3138 2535 ad
3207 2495 3310 2537 nos
3370 2495 3553 2537 sermo
3611 2483 3753 2553 ejus.

2171 2572 2401 2630 Etiamsi
2443 2583 2759 2645 peccatores
2778 2574 2936 2641 estis,
2968 2582 3121 2629 orate
3148 2571 3465 2630 Dominum.
3495 2572 3756 2630 Peccato-

2170 2680 2261 2721 res
2311 2665 2536 2721 exaudit
2562 2664 2727 2722 Deus.
2778 2664 2936 2733 Quod
2983 2666 3030 2722 si
3074 2664 3280 2722 timetis
3326 2666 3459 2721 illud
3507 2666 3654 2738 quod
3698 2665 3754 2723 in

2171 2755 2469 2829 Evangelio
2512 2757 2715 2813 dicitur
2747 2778 2760 2812 :
2786 2757 2997 2814 Scimus
3028 2759 3155 2831 quia
3182 2767 3480 2829 peccatores
3525 2775 3630 2814 non
3658 2771 3754 2813 es-

2170 2846 2363 2903 audtat
2389 2846 2527 2902 Deus
2547 2849 2618 2913 ",
2658 2848 2826 2904 nolite
2854 2849 3263 2918 pertimescere,
3295 2849 3465 2904 nolite
3509 2849 3752 2906 credere.

2170 2936 2364 2994 Cacus
2395 2947 2512 2992 erat
2553 2938 2648 3008 qui
2693 2936 2799 2992 hoc
2835 2936 2993 2992 dixit.
3043 2935 3217 3009 Magis
3252 2947 3432 2993 autem
3465 2924 3669 2993 credite
3699 2937 3752 2993 ei

2173 3028 2269 3101 qui
2301 3028 2465 3095 dicit,
2501 3037 2557 3083 et
2592 3043 2700 3083 non
2731 3027 2992 3083 mentitur
3038 3045 3053 3082 :
3102 3026 3172 3082 Et
3211 3028 3260 3081 si
3300 3028 3500 3097 fuerint
3536 3036 3753 3098 peccata

2173 3130 2346 3176 vestra
2376 3129 2433 3175 ut
2462 3121 2753 3187 coccinum,
2784 3127 2842 3173 ut
2874 3118 3056 3172 lanam
3090 3117 3366 3173 dealbabo.
3403 3118 3470 3173 Et
3501 3121 3549 3173 si
3576 3119 3756 3175 volue-

2174 3212 2318 3279 ritis,
2357 3219 2407 3264 et
2435 3209 2715 3264 audieritis
2745 3223 2848 3273 me,
2877 3203 3015 3261 bona
3041 3218 3195 3261 terra:
3225 3207 3391 3262 edetis
3411 3209 3479 3262 ἰ.
3505 3206 3564 3264 Si
3594 3212 3760 3266 vultis

2173 3302 2258 3358 vel
2306 3314 2455 3355 nunc
2495 3300 2720 3366 audire,
2753 3313 2977 3355 oremus
3022 3299 3076 3353 in
3124 3312 3415 3353 commune
3438 3297 3755 3366 Dominum,

2173 3393 2444 3450 utsaltem
2478 3407 2644 3458 nunc,
2680 3390 3001 3445 adveniente
3017 3387 3218 3455 Verbo,
3243 3388 3555 3459 prophetica
3584 3392 3755 3448 verba

2171 3486 2318 3541 dicta
2348 3484 2631 3539 valeamus
2659 3481 2966 3537 advertere.

2244 3578 2298 3633 5.
2342 3574 2571 3629 Factum
2614 3582 2724 3639 est,
2764 3573 2964 3644 inquit,
3007 3573 3062 3627 in
3093 3588 3233 3627 anno
3260 3588 3363 3644 quo
3397 3583 3636 3628 mortuus
3681 3584 3758 3629 est

2177 3667 2337 3724 Osias
2378 3682 2503 3735 rex,
2545 3667 2649 3721 vidi
2680 3665 2969 3721 Dominum
3014 3664 3279 3721 sedentem
3319 3681 3477 3736 super
3508 3667 3758 3721 thronum

2171 3760 2455 3817 excelsum.
2498 3759 2644 3816 Visio
2683 3759 2918 3830 ascripta
2945 3769 3047 3814 est.
3086 3758 3197 3814 Cur
3236 3761 3380 3830 regis
3422 3767 3634 3830 tempus
3677 3759 3761 3815 si-

2173 3854 2523 3927 gnificatum?
2562 3851 2830 3908 lntendite
2854 3851 3075 3923 quando
3093 3850 3249 3921 115
3273 3852 3461 3906 oborta
3495 3852 3568 3908 sit
3595 3852 3756 3907 visio.

2177 3943 2318 4000 Cum
2345 3950 2594 4001 mortuus
2609 3952 2693 3999 est
2709 3940 2868 3998 Osias
2878 3954 2995 4006 rex,
3021 3938 3333 3995 viditlsaias
3348 3938 3638 3995 Dominum
3656 3938 3760 3995 Sa-

2172 4036 2340 4092 baoth
2383 4036 2658 4091 sedentem
2712 4046 2877 4104 super
2913 4031 3173 4086 thronum
3211 4031 3509 4087 excelsum.
3546 4030 3605 4086 Si
3633 4032 3759 4102 quis

2175 4142 2241 4183 ex
2279 4128 2483 4183 nostris
2518 4127 2669 4182 novit
2702 4126 2799 4196 qui
2843 4123 3009 4179 fuerit
3048 4122 3231 4187 Osias,
3270 4131 3325 4179 et
3354 4138 3478 4194 quae
3506 4124 3755 4195 gesserit,

2176 4220 2268 4276 ille
2295 4228 2475 4291 potest
2506 4234 2671 4276 nosse
2706 4219 2839 4289 quid
2876 4217 3127 4274 docuerit
3157 4217 3420 4288 propheta
3461 4231 3559 4288 per
3595 4217 3759 4287 spiri-

2178 4324 2318 4379 tum,
2351 4311 2484 4384 quid
2513 4311 2770 4367 exhibeat
2797 4309 2956 4365 nobis
2983 4324 3165 4365 sermo
3189 4308 3429 4364 divinus.
3466 4306 3667 4364 Vadam
3690 4309 3759 4365 ad

2177 4405 2345 4462 vitam
2378 4402 2541 4468 θείω,
2570 4412 2623 4460 et
2653 4402 2930 4473 requiram
2961 4417 3029 4456 ex
3059 4399 3373 4470 Regnorum
3408 4400 3583 4468 libris,
3615 4410 3671 4457 et
3690 4416 3759 4457 ex

2177 4496 2635 4567 Paralipomenon
2670 4493 2896 4548 historia
2925 4492 2992 4547 de
3016 4489 3177 4559 Osia;
3207 4492 3391 4564 ibique
3417 4494 3611 4549 videbo
3631 4494 3762 4565 quia

492 4587 836 4659 gelizantium
870 4587 1005 4641 bona
1028 4588 1097 4642 ⁸³.
1139 4586 1252 4657 Ego
1285 4602 1412 4642 vero
1444 4588 1615 4642 timeo
1646 4603 1713 4641 ue
1745 4599 1976 4641 currens
2008 4583 2077 4640 ad
2114 4622 2156 4677 D
2182 4586 2554 4646 necessarium
2580 4586 2671 4653 sit,
2697 4584 2743 4640 si
2773 4584 3017 4640 futurum
3039 4584 3109 4639 sit
3137 4595 3198 4641 ut
3221 4587 3434 4643 videam
3469 4585 3761 4643 Dominum

498 4683 639 4738 mala
657 4681 969 4736 immundos
987 4682 1149 4749 pedes
1168 4681 1420 4735 habeam.
1436 4678 1682 4734 Extende
1698 4679 1765 4735 ad
1783 4677 2074 4734 Dominum

497 4788 696 4830 manus
714 4788 882 4829 meas.
908 4772 975 4828 Et
995 4772 1135 4829 forte
1167 4770 1629 4829 avertens-faciem
1649 4786 1805 4827 suam
1822 4771 1956 4827 dicit
1976 4788 1991 4825 :
2019 4768 2079 4827 Si

495 4863 836 4919 extenderitis
866 4880 1078 4929 manus,
1114 4872 1348 4918 avertam
1374 4861 1567 4932 faciem
1598 4876 1768 4915 meam
1789 4877 1823 4913 α
1845 4860 1988 4914 vobis
2006 4858 2073 4912 ⁸⁸.

496 4956 633 5023 Quis
650 4970 780 5025 ergo
799 4971 883 5011 me
896 4955 1162 5012 mundat?
1195 4954 1331 5022 Quis
1353 4954 1497 5009 lavat
1515 4951 1683 5024 pedes
1710 4967 1864 5008 meos
1879 4953 1902 5005 i
1920 4950 2074 5015 Jesu,

498 5051 647 5117 veni,
681 5048 932 5107 sordidos
958 5051 1131 5106 habeo
1160 5050 1348 5120 pedes,
1373 5054 1596 5118 propter
1617 5060 1705 5100 me
1733 5045 1831 5100 llas
1859 5059 2074 5110 servus,

499 5143 656 5199 mitte
677 5157 876 5213 aquam
898 5153 1046 5199 tuam
1065 5143 1123 5197 iu
1153 5142 1348 5212 pelvim
1375 5150 1559 5207 tuam;
1593 5141 1738 5209 veni,
1768 5140 1890 5196 lava
1913 5139 2081 5211 pedes

500 5249 673 5291 meos.
712 5232 781 5289 Et
820 5234 938 5291 scio
970 5232 1328 5288 temerarium
1372 5245 1496 5287 esse
1522 5230 1669 5301 quod
1699 5230 1847 5293 dico,
1877 5229 1971 5286 sed
2005 5230 2083 5284 ti-

2186 4679 2428 4739 Sabaotb
2462 4678 2738 4734 sedentem
2769 4692 2936 4748 super
2974 4679 3234 4734 thronum
3281 4679 3581 4746 excelsum,
3623 4679 3762 4734 mihi

2185 4772 2324 4828 mori
2350 4771 2536 4828 Osiam
2574 4784 2778 4840 regem.
2808 4768 2917 4826 Iste
2946 4769 3105 4827 Osias
3132 4785 3199 4827 ex
3229 4771 3437 4827 semine
3467 4769 3635 4827 David
3664 4771 3763 4826 de-

2185 4865 2473 4929 scendens,
2503 4871 2558 4918 et
2585 4877 2821 4933 regnans
2855 4863 2909 4917 in
2944 4862 3144 4934 populo
3173 4860 3335 4928 Iuda,
3369 4862 3612 4933 quandiu
3641 4863 3767 4932 qui-

2185 4955 2308 5009 dem
2335 4952 2476 5007 vixit
2500 4951 2799 5009 Zacharias
2831 4952 2927 5022 qui
2960 4951 3294 5023 intelligebat
3320 4950 3424 5022 (sic
3450 4951 3598 5008 enim
3629 4952 3768 5007 scri-

2187 5054 2340 5117 ptum
2362 5053 2444 5101 est
2469 5045 2711 5101 secundo
2731 5044 2872 5102 libro
2890 5042 3390 5115 Paralipomenon),
3411 5042 3541 5100 fecit
3558 5052 3767 5099 rectum

2189 5140 2244 5194 in
2292 5147 2587 5209 conspectu
2640 5137 2948 5193 Domini".
2991 5134 3103 5193 Nec
3147 5135 3424 5193 sufﬁciens
3468 5135 3596 5203 isto,
3640 5133 3770 5190 fecit

2188 5230 2485 5287 luminaria
2520 5244 2714 5299 mgna
2758 5227 3013 5294 Domino,
3060 5235 3116 5283 et
3157 5225 3468 5296 composuit
3507 5223 3768 5295 templum

568 5388 742 5447 “lsa.
769 5387 1073 5453 vr,t,2,5.
1162 5387 1207 5419 ⁸³
1233 5385 1334 5441 lsa.
1365 5401 1460 5451 LII,
1490 5385 1556 5453 7;
1616 5384 1776 5442 Rom.
1812 5401 1867 5447 x,
1902 5385 1986 5441 15.
2028 5383 2202 5441 “lea.
2233 5402 2272 5449 ι,
2317 5384 2404 5440 15.
2479 5385 2524 5416 ⁸⁷
2548 5381 2708 5440 Joan.
2735 5397 2853 5452 xm,
2910 5379 2966 5438 8.
3038 5380 3237 5437 "Luc.
3263 5395 3367 5449 xu,
3417 5377 3509 5436 50.
3582 5375 3769 5435 "los.

500 5472 599 5524 vn,
624 5460 721 5516 25.
795 5457 1022 5513 "Joan.
1052 5473 1127 5522 Ix,
1154 5457 1242 5511 51.
1320 5458 1360 5489 ⁹¹
1388 5457 1490 5511 lsa.
1530 5473 1568 5524 ι,
1596 5457 1681 5521 l8,
1710 5457 1794 5511 l9.
1870 5458 1915 5490 "
1943 5454 1987 5509 ll
2015 5453 2072 5510 Ps

2175 5471 2316 5520 nm,
2340 5456 2393 5509 4.
3427 5478 3431 5482 ~

599 5616 690 5689 95)
728 5617 820 5689 §ic
846 5631 1003 5681 mss.;
1028 5617 1171 5674 male
1190 5632 1321 5675 vero
1345 5617 1499 5689 editi,
1525 5617 1814 5688 baptizare.

600 5685 692 5754 94)
730 5686 1021 5758 Perperam
1049 5689 1316 5745 editiones
1349 5705 1379 5744 a
1402 5685 1756 5745 Genebrardo
1783 5695 1838 5742 et
1857 5685 2088 5758 Erasmo

508 5754 814 5879 plocurata‘.
837 5754 1047 5847 habent
1073 5760 1254 5813 Acha:
1270 5775 1289 5823 ;
1322 5760 1485 5829 paulo
1513 5759 1710 5841 melius
1737 5757 1906 5815 editio
1940 5754 2083 5811 Mer-

534 5841 607 5879 Im
631 5824 836 5879 Achan.
867 5837 1067 5879 onume
1096 5844 1223 5879 vero
1255 5829 1374 5879 cod.
1404 5827 1624 5879 Ehrmc.
1655 5830 1850 5879 Achar.
1878 5827 1947 5879 de
1974 5840 2083 5879 auo

510 5824 607 5879 lini
631 5824 836 5889 Achan,
867 5828 1067 5895 optime
1096 5844 1223 5883 vero
1255 5824 1374 5884 cod.
1404 5827 1624 5885 Ebroic.
1655 5830 1850 5895 Achar,
1878 5827 1947 5882 de
1974 5840 2085 5897 quo

509 5894 694 5952 Iosue.
721 5909 815 5952 vn.
841 5894 930 5950 25.

542 5910 694 5960 osue,
721 5909 815 5961 vn,
841 5909 930 5950 τί).

2263 5613 2378 5687 (95)
2410 5612 2634 5687 Propter
2658 5610 2986 5687 Parasceven
3006 5648 3022 5672 ,
3052 5618 3167 5687 etc.
3200 5607 3376 5687 Verba
3418 5604 3636 5687 quidem
3675 5606 3773 5687 _in-

2193 5676 2599 5755 terprétatiuhis
2628 5698 2693 5737 ex
2723 5679 2938 5755 (ξι-ποθ.
2953 5686 3213 5755 corrupto
3245 5676 3524 5733 adornatae
3564 5676 3644 5731 sic
3675 5676 3776 5730 ha»

2192 5746 2321 5810 bent
2347 5770 2362 5806 :
2388 5764 2444 5809 at
2468 5769 2555 5810 res
2582 5752 2820 5818 postulat
2849 5767 2863 5803 :
2894 5746 3493 5818 Propter—Parmam,
3513 5761 3634 5818 qua:
3657 5760 3776 5818 pas-

2191 5825 2358 5879 sionis
2385 5815 2599 5879 Christi
2624 5815 3085 5875 commemoratrix
3109 5828 3216 5875 est:
3244 5828 3294 5873 et
3322 5815 3551 5872 maxime
3584 5816 3638 5871 in
3666 5815 3773 5870 llo-

2193 5895 2390 5949 minica
2423 5894 2542 5958 die;
2585 5907 2745 5957 neque
2771 5891 2931 5956 enim,
2960 5897 3065 5944 etc.
