4130 6438
409 393 514 451 ’ἓὸἳ

1638 398 1703 454 IN
1746 398 1976 456 ISAIAM
2016 403 2296 459 IIOMILIA
2329 404 2416 461 VI.

3569 421 3671 475 258

409 517 609 582 Del,et
659 519 842 574 multa:
895 517 1118 574 fuerunt
1174 519 1228 574 in
1276 520 1538 591 religione
1575 522 1693 590 ejus
1737 523 1990 578 virtutes.
2023 533 2066 588 Α
2097 526 2244 594 pulo,
2295 537 2348 582 et
2397 528 2534 584 rexit
2581 529 2790 584 urbem.
2841 529 2964 586 llaec
3003 533 3196 590 diebus
3226 545 3279 592 et
3307 536 3560 594 noctibus
3593 540 3674 596 Ie-

404 608 638 676 Quando
670 621 852 665 autem
883 619 1133 666 mortuus
1184 621 1266 666 est
1313 609 1608 668 Zacharias
1659 614 1987 686 intelligens,

404 709 538 756 tunc
569 701 696 756 fecit
725 703 1048 772 malignum.
1083 701 1218 769 Quis
1253 703 1342 758 hic
1370 703 1464 773 qui
1500 703 1628 759 fecit
1657 705 1992 776 malignum?

403 793 522 850 Rex
553 804 689 860 erat,
723 810 831 848 non
867 797 1144 850 sacerdos.
1202 795 1357 849 Alius
1403 796 1538 849 ordo
1592 797 1795 866 regius,
1847 799 1988 852 alius

313 933 322 943 .
402 887 542 942 ordo
577 887 952 942 sacerdOtalis.
984 887 1172 940 Voluit
1201 885 1411 957 ingredi
1436 886 1488 939 in
1522 889 1802 956 templum,
1833 899 1884 944 et
1909 891 1986 945 lo-

404 993 528 1032 cum
551 993 710 1048 agere
731 979 1030 1034 sacerdotis
1051 987 1105 1032 et
1135 977 1311 1032 facere
1339 993 1478 1047 opus
1501 980 1645 1048 quod
1672 995 1779 1034 non
1811 979 1988 1037 fuerat

403 1070 453 1124 ei
483 1066 828 1126 concessum.
861 1069 1073 1124 Introiit
1098 1071 1434 1140 praeveniens
1460 1071 1790 1138 sacerdotes,
1813 1081 1866 1128 et
1894 1088 1987 1127 as-

401 1163 638 1232 sumpsit
663 1179 757 1217 vas
787 1163 1085 1217 libaminis.
1121 1160 1407 1232 Ingressus
1435 1177 1614 1232 autem
1646 1171 1701 1217 et
1729 1165 1986 1234 princeps

401 1253 770 1317 sacerdotum,
806 1255 896 1325 qui
932 1263 1176 1324 tempore
1215 1255 1308 1309 illo
1348 1265 1482 1321 erat,
1511 1266 1564 1309 et
1595 1257 1870 1325 octoginta
1898 1272 1987 1312 sa-

398 1346 648 1401 cerdotes
677 1363 800 1400 cum
837 1360 924 1410 eo,
975 1345 1114 1400 dixit
1156 1346 1221 1401 ad
1273 1362 1396 1400 eum
1443 1347 1696 1416 princeps
1730 1346 1988 1400 sacerdo-

401 1449 509 1493 tum
543 1458 557 1493 :
602 1438 794 1494 Nonne
839 1449 894 1494 tu
928 1455 988 1495 es
1017 1439 1196 1507 Osias,
1230 1451 1283 1496 et
1319 1456 1429 1495 non
1464 1441 1824 1496 sacerdos"?
1855 1439 1985 1494 Vio-

402 1529 569 1586 Ienter
619 1533 1004 1600 perseveravit,
1053 1542 1106 1588 et
1152 1534 1300 1603 lepra
1347 1534 1593 1588 ascendit
1642 1532 1694 1586 in
1749 1532 1981 1588 frontem

394 1621 532 1690 ejus.
558 1620 844 1691 Projectus
864 1632 949 1677 est
971 1633 1246 1688 mortuus,
1272 1637 1530 1692 egressus
1557 1631 1640 1675 est
1669 1621 1736 1676 de
1761 1623 1982 1691 templo,

390 1714 576 1768 eduxit
603 1729 727 1768 eum
753 1714 1038 1770 Dominus.
1075 1713 1243 1784 Igitur
1269 1714 1518 1781 leprosus
1553 1711 1730 1766 factus
1752 1723 1982 1783 estpro-

387 1811 511 1873 pter
530 1805 1036 1873 praevaricationem
1073 1803 1229 1871 legis.
1261 1801 1651 1870 Unusquisque
1682 1803 1784 1856 sub
1813 1816 1982 1872 regno

2095 627 2282 686 gentes
2329 627 2382 671 et
2435 618 2716 675 audientes
2747 619 3034 676 Dominum
3067 625 3333 681 dicentem
3367 645 3380 682 :
3423 629 3672 699 Oportuit

2093 715 2141 760 te
2163 707 2367 760 mittere
2399 709 2676 776 pecuniam
2702 726 2869 765 meam
2902 715 2970 766 ad
2994 730 3245 781 mensam,
3274 726 3326 773 et
3349 735 3442 789 ego
3465 723 3672 777 veniens

2089 815 2206 851 cum
2236 801 2411 853 usuris
2445 816 2562 854 eam
2593 804 2876 872 exegissem
2899 806 2967 873 “,
3005 821 3112 862 non
3141 809 3456 880 colligemus
3491 813 3545 866 in
3574 829 3668 868 su-

2089 892 2245 947 dario
2296 909 2476 948 mnam
2524 895 2806 962 creditam,
2843 913 2943 954 nec
2973 902 3259 970 pecuniam
3295 903 3578 960 mittamus
3612 905 3668 962 in

2090 991 2324 1049 terram,
2366 984 2462 1040 sed
2502 983 2812 1041 feneremur
2854 1005 2975 1043 eam
3019 993 3254 1061 populis.
3298 991 3364 1048 Et
3404 1011 3528 1051 cum
3568 1011 3669 1052 nos

2088 1075 2484 1131 crediderimus
2530 1076 2870 1134 Dominicam
2925 1083 3193 1138 rationem
3235 1086 3410 1152 vobis,
3455 1088 3561 1143 erit
3592 1090 3670 1143 vi-

2087 1163 2322 1218 dendum
2369 1168 2643 1235 quomodo
2688 1171 2898 1226 credita
2946 1186 3071 1228 cum
3122 1177 3306 1233 usuris
3352 1179 3664 1236 exsolvatis.

2088 1253 2284 1324 Quam,
2315 1266 2423 1312 etc.
2447 1257 2641 1316 Amen.

2661 1393 2948 1452 HOMILIA
2987 1398 3076 1454 VI.

2089 1497 2256 1590 Donet:
2271 1501 2420 1590 quod
2445 1503 2706 1574 scriptum
2732 1517 2814 1590 est
2843 1527 2856 1563 :
2884 1509 3050 1590 Quem
3080 1515 3311 1590 mittam,
3339 1527 3388 1572 et
3421 1523 3538 1590 quis
3569 1523 3666 1576 ibit

2161 1569 2327 1659 nobis,
2353 1579 2485 1659 letcj,
2530 1569 2705 1659 u'squc
2742 1580 2808 1632 ad
2849 1569 2992 1659 eum,
3021 1569 3666 1659 locumin'

2159 1649 2551 1707 convertantur,
2579 1655 2626 1697 et
2657 1663 2836 1700 sonent
2859 1666 2944 1704 eos
2974 1651 3116 1722 (cap.
3146 1671 3244 1728 vr).

2159 1780 2210 1834 I.
2252 1779 2456 1838 Videns
2489 1782 2661 1840 Isaias
2685 1785 2974 1845 Dominum
3004 1790 3243 1851 Sabaoth
3267 1799 3545 1857 sedentem
3571 1820 3664 1859 su-

388 1905 498 1962 est,
543 1898 659 1950 sive
698 1896 932 1966 peccati,
969 1896 1084 1949 sive
1125 1894 1374 1964 iustitiae.
1410 1893 1466 1948 Si
1516 1904 1797 1965 peccatum
1842 1897 1976 1950 mihi
2012 1880 2051 1934 Β
2079 1885 2176 1941 per
2202 1873 2459 1933 thronum
2503 1881 2779 1937 excelsum
2819 1894 2874 1940 et
2907 1886 3198 1955 elevatum,
3243 1891 3433 1948 videns
3481 1906 3664 1951 autem

387 1997 604 2058 regnat,
646 2003 790 2040 unus
823 2002 944 2046 sum
980 1985 1044 2040 de
1079 1987 1301 2057 regibus
1349 1987 1536 2052 Israel,
1583 1988 1676 2058 qui
1716 1990 1974 2060 templum

388 2079 660 2133 violenter
693 2079 920 2148 ingressi
951 2090 1095 2133 sunt.
1131 2077 1189 2134 Si
1212 2080 1397 2150 justus
1423 2096 1544 2136 sum
1572 2081 1728 2150 juxta
1756 2097 1977 2138 mensu-

396 2185 514 2223 ram
550 2168 827 2239 profectus
858 2170 984 2235 mei,
1033 2180 1086 2224 et
1120 2169 1264 2225 facio
1315 2179 1544 2235 rectum,
1597 2180 1652 2226 et
1685 2189 1974 2243 perscvero

387 2270 514 2314 ante
546 2270 900 2329 conspectum
937 2260 1051 2327 Dei,
1080 2270 1271 2332 regnat
1303 2262 1433 2316 mihi
1456 2262 1692 2332 justitia.
1719 2263 1970 2330 Quandiu

383 2367 512 2406 vero
539 2352 672 2406 vixit
700 2352 969 2422 leprosos,
1003 2353 1176 2408 Isaias
1229 2352 1510 2409 immunda
1559 2353 1704 2409 labia
1758 2357 1966 2411 habuit.

380 2443 636 2511 Quandiu
671 2444 808 2498 vixit
843 2443 1065 2514 iniquus
1111 2461 1218 2499 non
1264 2445 1438 2514 potuit
1466 2443 1636 2502 Isaias
1670 2447 1967 2504 Dominum

381 2533 622 2590 Sabaoth
655 2536 861 2602 videre,
898 2545 952 2590 et
985 2536 1267 2591 immunda
1298 2537 1445 2592 labia
1476 2537 1685 2604 habuit,
1719 2540 1822 2593 sub
1861 2541 1969 2596 ini-

377 2643 489 2698 quo
516 2629 717 2698 quippe
751 2644 878 2699 rege
930 2635 1069 2685 erat.
1125 2628 1358 2695 Quando
1385 2628 1532 2684 enim
1563 2629 1754 2698 incipit
1787 2629 1967 2687 videre

375 2719 644 2775 visionem
675 2720 809 2776 Dei?
837 2736 983 2775 anno
1011 2737 1121 2789 quo
1154 2730 1408 2776 mortuus
1435 2731 1521 2777 est
1554 2719 1735 2778 Osias.
1764 2721 1861 2779 His
1891 2724 1967 2779 si-

373 2811 527 2866 milia
551 2821 605 2866 et
637 2813 706 2867 de
755 2813 942 2868 multis
987 2813 1203 2884 scriptis
1237 2815 1438 2882 poteris
1466 2813 1650 2869 dicere
1689 2815 1966 2872 tribuente

377 2904 510 2959 Deo.
556 2902 615 2958 In
651 2903 842 2959 Exodo
886 2905 1195 2960 istiusmodi
1233 2906 1492 2976 quiddam
1528 2907 1792 2976 scriptum
1829 2917 1914 2963 est
1945 2927 1959 2963 :

376 2996 450 3051 Et
480 2996 681 3067 factum
719 3007 795 3050 est
841 3005 961 3066 post
1006 2996 1119 3052 dies
1177 2997 1403 3068 aliquot,
1460 3009 1699 3053 mortuus
1741 3009 1818 3053 est
1868 3015 1960 3054 rea:

377 3086 619 3158 (Egypti,
651 3096 700 3141 et
728 3089 1124 3156 suspiraverunt
1154 3089 1257 3159 ﬁlii
1285 3087 1478 3155 Israel,
1506 3099 1555 3144 et
1580 3092 1815 3145 ascendit
1842 3092 1956 3147 cla-

374 3193 490 3232 mor
522 3195 703 3232 eorum
737 3178 806 3231 ad
835 3178 1001 3231 Deum
1023 3180 1088 3233 “.
1127 3179 1382 3247 Quandiu
1414 3180 1550 3234 vixit
1579 3180 1811 3250 Pharao,
1845 3199 1952 3240 non

371 3270 787 3340 suspiraverunt
827 3268 923 3323 ﬁlii
972 3267 1157 3337 Israel,
1204 3282 1257 3326 et
1295 3270 1351 3324 in
1383 3271 1538 3340 pejus
1569 3273 1733 3342 positi
1767 3289 1836 3330 ne
1862 3291 1956 3346 ge-

369 3361 550 3415 mendi
577 3361 794 3430 quidem
826 3361 1136 3416 habuerunt
1161 3361 1388 3416 liberam
1420 3362 1756 3418 facultatem.
1788 3363 1952 3422 Vive-

367 3453 463 3508 bat
489 3453 688 3522 quippe
712 3468 802 3506 rex
829 3453 921 3522 qui
951 3453 1252 3524 imperabat
1281 3453 1362 3508 eis
1392 3462 1444 3508 et
1470 3454 1668 3510 lateres
1695 3464 1748 3511 et
1770 3458 1953 3526 paleas

368 3537 567 3595 facere.
616 3540 870 3606 Quandiu
902 3541 1040 3596 vixit
1071 3541 1288 3596 Pharao
1312 3584 1327 3609 ,
1385 3559 1494 3598 non
1538 3546 1953 3616 suspiraverunt

365 3633 436 3687 ad
466 3631 661 3698 Deum;
693 3649 818 3688 cum
851 3643 1100 3688 mortuus
1131 3642 1215 3689 est
1243 3633 1477 3697 Pharao,
1509 3644 1640 3690 tunc
1663 3637 1953 3694 valuerunt

367 3724 585 3778 madida
619 3723 836 3780 ﬂetibus
865 3740 962 3780 ora
1003 3726 1311 3781 sustollere.
1346 3724 1493 3780 Vivit
1536 3743 1629 3783 rex
1676 3730 1950 3799 malignus

360 3816 419 3870 in
464 3827 684 3886 pectore
723 3827 933 3885 nostro,
981 3819 1226 3890 quandiu
1273 3819 1406 3874 vivit
1437 3819 1653 3875 Pharao
1683 3820 1946 3877 Zahulus.

361 3906 518 3964 Tunc
556 3910 754 3964 lateres
795 3925 1088 3980 operamur
1130 3919 1186 3966 et
1227 3912 1448 3980 paleas,
1499 3919 1630 3967 tunc
1679 3913 1949 3983 lacrymas

363 4000 508 4055 intra
565 4001 841 4056 silentium
903 4002 1252 4070 devoramus,
1309 4012 1364 4058 et
1418 4005 1726 4074 iniquitatis
1781 4021 1946 4076 opera

361 4093 537 4162 prima
568 4092 823 4150 facitnus.
863 4093 1002 4148 Cum
1035 4105 1216 4149 autem
1253 4104 1506 4151 mortuus
1538 4096 1723 4161 fuerit,
1759 4097 1944 4154 Domi-

365 4203 434 4241 no
456 4187 568 4242 Deo
590 4204 690 4242 nos
709 4188 990 4252 visitante,
1019 4196 1150 4242 tunc
1171 4189 1514 4257 suspiramus
1536 4191 1600 4244 ad
1628 4190 1940 4247 Dominum.

367 4277 578 4332 Idcirco
612 4292 834 4332 oremus
864 4276 1182 4342 Dominum,
1216 4288 1277 4333 ut
1309 4295 1535 4350 regnum
1562 4283 1766 4352 peccati
1797 4285 1941 4352 quod

355 4378 442 4424 est
489 4369 543 4422 in
577 4369 795 4424 mortali
826 4378 1016 4424 nostro
1045 4385 1295 4438 corpore,
1337 4372 1621 4427 moriatur.
1655 4373 1940 4429 Peccatum

358 4460 526 4526 enim,
561 4468 659 4523 ait,
691 4468 960 4512 mortuum
993 4470 1094 4521 est,
1145 4475 1237 4530 ego
1290 4470 1467 4514 autem
1509 4463 1692 4516 revixi.
1719 4461 1788 4517 Et
1817 4480 1939 4518 rur-

2079 1973 2133 2019 et
2173 1969 2448 2040 seraphim
2493 1973 2906 2034 circumstantia
2947 1995 3098 2048 eum,
3147 1991 3202 2038 et
3240 1987 3527 2042 remissam
3551 1991 3662 2062 (96)

2075 2069 2422 2126 peccatorum
2454 2065 2728 2135 accipiens
2751 2084 2847 2138 per
2866 2084 2991 2125 eum
3021 2070 3224 2142 ignem,
3252 2075 3345 2145 qui
3375 2078 3572 2134 allatus
3597 2081 3666 2137 de

2075 2150 2274 2207 altario
2309 2153 2449 2210 labia
2484 2157 2606 2226 ejus
2638 2168 2892 2216 contactu
2929 2166 3203 2236 purgavit,
3244 2169 3320 2222 ait
3352 2185 3411 2223 se
3440 2171 3662 2228 audisse

2074 2255 2262 2298 vocem
2295 2243 2512 2302 Domini
2543 2264 2650 2304 non
2679 2252 3022 2323 imperantis,
3060 2258 3156 2314 sed
3185 2261 3476 2318 excitantis
3499 2272 3662 2336 atque

2072 2334 2303 2392 dicentis
2337 2339 2504 2408 (vers.
2538 2340 2591 2405 8,
2628 2343 2682 2414 9)
2711 2359 2725 2398 :
2756 2343 2922 2410 Quem
2961 2351 3191 2417 mittam,
3235 2365 3282 2407 et
3315 2356 3432 2424 quis
3460 2355 3556 2412 ibit
3571 2334 3659 2413 ad

2070 2428 2315 2496 populum
2350 2430 2570 2498 ipsum?
2603 2432 2806 2490 Deinde
2831 2437 2963 2492 dicit
2994 2456 3052 2494 se
3086 2445 3437 2512 respondisse
3471 2446 3656 2503 Domi-

2072 2531 2182 2571 no:
2216 2516 2353 2574 Ecce
2377 2537 2494 2574 sum
2525 2540 2638 2594 ego,
2682 2527 2832 2580 mitte
2879 2545 2978 2583 me.
3009 2530 3212 2588 Factus
3238 2545 3418 2590 autem
3465 2538 3518 2591 in
3554 2539 3658 2599 hoc

2071 2605 2216 2674 loco,
2248 2619 2302 2664 et
2333 2620 2590 2669 scrutans
2619 2631 2681 2669 ea
2708 2631 2830 2686 quae
2859 2619 3061 2690 scripta
3089 2633 3238 2690 sunt,
3268 2625 3487 2683 invenio
3508 2630 3654 2686 aliud

2071 2700 2272 2759 fecisse
2297 2704 2542 2777 Moysen,
2577 2709 2723 2764 aliud
2761 2711 2980 2767 Isaiam.
3022 2713 3238 2786 Moyses
3276 2719 3420 2774 enim
3452 2721 3658 2778 electus

2067 2796 2135 2850 ad
2159 2797 2504 2855 eductionem
2537 2803 2724 2872 populi
2749 2802 2814 2858 de
2844 2815 2990 2861 terra
3021 2806 3263 2879 Egypti,
3293 2811 3403 2866 ait:
3431 2811 3658 2870 Provide

2066 2887 2237 2943 alium
2279 2909 2432 2961 quem
2472 2896 2655 2950 mittas
2675 2897 2742 2963 ³⁷,
2798 2899 2961 2954 etiam
3011 2901 3226 2956 videtur
3280 2905 3656 2963 contradicere

2065 2976 2197 3036 Deo.
2245 2981 2414 3040 Isaias
2455 3001 2583 3041 vero
2625 3004 2733 3043 non
2778 2991 3006 3056 electus,
3053 2993 3150 3048 sed
3188 2995 3450 3051 audiens:
3485 2997 3651 3062 Quem

2061 3077 2294 3142 mittam,
2330 3089 2379 3132 et
2425 3081 2542 3150 quis
2585 3081 2914 3150 ibit?Ecce,
2958 3084 3156 3154 inquit,
3196 3103 3288 3156 ego
3321 3104 3459 3153 sum,
3501 3091 3652 3146 mitte

2062 3185 2161 3224 me.
2197 3165 2430 3242 Dignum
2463 3183 2546 3228 est
2593 3190 2722 3245 ergo
2760 3176 3101 3246 spiritalibus
3131 3180 3399 3250 spiritalia
3425 3197 3649 3254 compa-

2062 3278 2206 3328 rare,
2224 3273 2278 3319 et
2301 3267 2578 3336 requirere
2597 3265 2758 3338 116
2770 3269 2893 3339 quis
2922 3284 2952 3325 e
2972 3269 3188 3327 duobus
3215 3273 3409 3329 melius
3429 3273 3646 3331 fecerit:

2059 3351 2367 3428 Moysesne,
2403 3357 2494 3427 qui
2530 3371 2823 3430 postquam
2853 3359 3061 3416 electus
3093 3372 3195 3427 est,
3237 3366 3544 3433 recusavit;
3577 3382 3645 3421 an

2057 3445 2227 3506 Isaias
2266 3449 2360 3521 qui
2394 3467 2460 3506 ne
2486 3452 2692 3508 electus
2722 3454 2942 3523 quidem
2979 3456 3095 3525 ipse
3137 3455 3333 3513 obtulit
3366 3467 3426 3513 ut
3467 3459 3647 3515 mitte-

2056 3554 2210 3598 retur
2255 3545 2321 3598 ad
2365 3545 2649 3614 populum.
2679 3542 2875 3602 Nescio
2904 3546 3049 3602 enim
3080 3547 3126 3603 si
3156 3558 3340 3619 potest
3369 3552 3494 3621 quis
3521 3568 3642 3607 eam

2055 3637 2494 3690 contrarietatem
2544 3637 2886 3706 negotiorum
2921 3654 3044 3707 qua.
3069 3638 3124 3694 in
3154 3649 3386 3710 utroque
3408 3643 3642 3710 videtur,

2055 3722 2368 3790 intendens,
2391 3726 2572 3781 dicere
2597 3726 2728 3796 quia
2751 3727 2805 3779 id
2827 3727 3006 3796 ipsum
3032 3728 3220 3784 fecerit
3239 3730 3470 3800 Moyses,
3493 3733 3641 3800 quod

2053 3812 2246 3870 Isaias.
2277 3811 2390 3883 Ego
2419 3813 2680 3870 audacter
2701 3813 2802 3869 feci
2825 3831 3154 3886 comparans
3179 3817 3316 3874 duos
3346 3831 3566 3877 sanctos
3585 3835 3642 3877 et

2051 3905 2244 3961 beatos
2285 3908 2457 3971 viros,
2486 3914 2542 3960 et
2585 3907 2906 3971 decernens,
2947 3917 3000 3963 et
3043 3910 3233 3966 dicens
3273 3914 3638 3970 verecundius

2049 3995 2271 4068 Moysen
2321 3995 2517 4054 fecisse
2562 4014 2727 4069 quam
2758 3997 2977 4054 Isaiam.
3016 3997 3230 4074 Moyses
3274 4003 3475 4074 quippe
3521 4021 3637 4060 ma-

2049 4086 2388 4156 gnitudinem
2421 4087 2826 4151 considerabat,
2872 4104 3109 4159 praeesse
3152 4093 3354 4163 populo
3393 4095 3460 4150 ad
3502 4095 3639 4150 edu—

2047 4178 2280 4236 cendum
2319 4194 2446 4235 eum
2475 4178 2543 4234 de
2591 4190 2736 4235 terra
2775 4178 3018 4253 Egypti,
3051 4193 3104 4238 et
3128 4199 3429 4254 repugnare
3459 4185 3632 4258 Μεγ-

2044 4273 2284 4342 ptiorum
2328 4271 2795 4328 incantationibus
2829 4283 2882 4328 et
2910 4274 3212 4329 maleliciis.
3254 4274 3484 4346 PrOpter
3527 4277 3633 4334 hoc

2043 4363 2120 4417 ait
2150 4381 2163 4418 :
2196 4363 2424 4418 Provide
2450 4362 2619 4416 alium
2640 4380 2792 4434 quem
2818 4365 3021 4420 mittas.
3053 4365 3159 4421 Iste
3191 4376 3371 4422 autem
3400 4383 3509 4422 non
3534 4381 3632 4424 ex-

2042 4465 2296 4526 spectans
2339 4457 2531 4512 audire
2572 4457 2702 4528 quid
2746 4458 2794 4512 ei
2821 4457 3108 4528 juberetur
3137 4469 3195 4515 ut
3224 4462 3448 4529 diceret,
3484 4477 3550 4519 ac
3579 4463 3628 4518 si

355 4568 476 4608 sum
514 4573 528 4608 :
563 4552 842 4606 Peccatum
874 4553 1086 4619 revixit,
1122 4569 1215 4622 ego
1244 4564 1420 4608 autem
1451 4565 1691 4610 mortuus
1725 4573 1842 4610 sum
1865 4557 1932 4612 ".
1967 4565 2012 4621 Ι)
2040 4550 2245 4605 electus
2291 4547 2485 4604 “lisse!
2513 4565 2528 4602 ε
2562 4546 2715 4615 Ecce,
2758 4549 2957 4622 inqvit,
3005 4570 3124 4607 sum
3166 4570 3279 4626 ego,
3331 4560 3481 4610 mitte
3522 4574 3624 4614 me.

354 4644 620 4702 Moriente
647 4662 756 4702 uno
782 4646 877 4717 qui
900 4646 1107 4716 potitur
1146 4661 1315 4716 regno
1347 4647 1552 4716 peccati
1585 4645 1737 4715 Osia,
1771 4650 1940 4704 mori-

357 4745 447 4793 tur
473 4746 528 4792 et
561 4735 797 4793 Pharao.
831 4737 968 4792 Cum
995 4737 1228 4792 moritur
1255 4753 1350 4792 rex
1375 4739 1669 4807 pessimus,
1693 4740 1845 4810 erigo
1868 4741 1936 4796 ad

354 4830 552 4885 caelum
603 4828 816 4892 oculos,
861 4837 916 4883 et
955 4828 1230 4884 exaudivit
1284 4845 1474 4885 vocem
1533 4847 1709 4887 meam
1766 4831 1934 4901 Deus,

352 4923 628 4993 quomodo
652 4922 950 4987 Abraham,
981 4930 1036 4977 et
1065 4921 1237 4988 Isaac,
1264 4931 1318 4977 et
1339 4921 1508 4978 Iacob
1529 4942 1544 4990 ;
1568 4933 1624 4980 et
1650 4925 1807 4981 video
1831 4924 1938 4980 Do-

354 5014 561 5068 minqu
593 5012 832 5068 Sabaoth
874 5015 1150 5069 sedentem
1199 5023 1253 5068 et
1300 5026 1614 5085 regnantem
1646 5032 1812 5092 super
1839 5033 1936 5072 ex-

355 5105 560 5160 celsum
595 5106 815 5170 solium,
849 5120 1012 5175 quem
1062 5105 1295 5176 populus
1325 5120 1432 5160 non
1464 5106 1620 5162 vidit.
1676 5106 1927 5163 Nondum

351 5197 496 5252 enim
529 5196 688 5252 Osias
716 5205 970 5252 mortuus
1003 5195 1200 5253 fuerat.
1256 5195 1394 5251 Volo
1441 5198 1698 5268 quiddam
1751 5199 1930 5256 simile

352 5290 691 5360 interponere
719 5291 875 5345 bonae
923 5291 1024 5356 rei,
1075 5305 1201 5359 quae
1229 5289 1357 5344 huic
1386 5291 1659 5345 contraria
1690 5299 1792 5346 est.
1827 5291 1930 5348 Iste

349 5383 468 5453 ipse
509 5382 702 5449 Osias,
755 5383 1000 5453 quandiu
1046 5383 1184 5438 vixit
1233 5381 1528 5437 Zacharias
1581 5382 1922 5453 intelligens,

349 5492 463 5532 non
517 5475 646 5532 fecit
699 5487 981 5546 peccatum
1009 5465 1084 5532 ‘in
1139 5484 1434 5545 conspectu
1476 5475 1604 5540 Dei;
1657 5478 1924 5532 moriente

349 5568 617 5625 Zacharia
660 5568 952 5623 declinavit
992 5583 1022 5622 a
1059 5566 1320 5630 Domino,
1357 5567 1448 5621 ubi
1494 5566 1781 5636 imperavit
1820 5581 1920 5636 po-

2043 4635 2201 4696 Unde
2229 4641 2357 4711 quia
2392 4641 2651 4710 ignorans
2682 4641 2813 4712 quid
2842 4643 2890 4698 ei
2911 4643 3198 4714 juberetur
3222 4659 3282 4701 ut
3303 4647 3526 4716 diceret,
3560 4664 3627 4704 ac

2040 4734 2088 4789 si
2121 4734 2327 4789 electus
2370 4729 2596 4798 fuisset:
2646 4733 2801 4800 Ecce,
2849 4736 2946 4800 ait,
2987 4754 3080 4808 ego
3115 4755 3256 4802 sum,
3305 4741 3456 4795 mitte
3504 4757 3624 4806 me;

2041 4826 2157 4882 hac
2193 4825 2418 4896 jubetur
2461 4834 2521 4881 ut
2563 4825 2712 4881 dicat
2747 4843 2869 4898 qua:
2910 4840 3068 4884 erant
3111 4830 3350 4900 inoptata
3396 4833 3617 4893 dicenti.

2038 4919 2234 4977 Annon
2267 4926 2386 4974 erat
2413 4915 2711 4989 inoptabile
2752 4921 2936 4976 statim
2967 4922 3184 4991 jussum
3218 4925 3624 4996 pr0phetizare,

2035 5025 2066 5066 a
2096 5010 2572 5067 maledictionibus
2603 5011 2844 5081 incipere
2877 5014 3148 5070 dicentem
3194 5016 3360 5086 (vers.
3393 5017 3448 5086 9,
3473 5019 3560 5088 I0)
3597 5038 3614 5076 :

2034 5104 2177 5158 Aure
2201 5099 2451 5170 audietis,
2483 5114 2532 5158 et
2557 5120 2658 5158 non
2689 5105 3015 5176 intelligetis,
3034 5119 3083 5163 et
3113 5110 3343 5166 videntes
3370 5114 3614 5177 cernetis,

2030 5205 2082 5248 et
2123 5211 2227 5250 non
2269 5195 2513 5250 videbitis
2550 5211 2569 5250 :
2606 5197 2962 5252 incrassatum
2999 5208 3076 5254 est
3119 5203 3257 5254 enim
3300 5219 3392 5256 cor
3430 5203 3616 5272 populi

2031 5287 2210 5357 hujus,
2247 5296 2301 5342 et
2329 5289 2562 5358 reliqua.
2621 5289 2786 5344 Forte
2818 5305 2967 5361 ergo,
3023 5291 3069 5346 si
3115 5301 3296 5348 tamen
3348 5293 3612 5346 audenter

2028 5379 2248 5449 expedit
2295 5379 2496 5443 dicere,
2546 5382 2868 5436 temeritatis
2912 5389 2966 5436 et
3009 5383 3252 5438 audacia:
3298 5381 3606 5441 mercedem

2030 5479 2359 5526 consecutus
2401 5478 2503 5537 est,
2547 5480 2607 5526 ut
2650 5487 2712 5526 ea
2738 5470 2998 5540 jubeatur
3021 5472 3201 5525 dicere
3224 5486 3346 5540 qua:
3371 5475 3605 5554 pr0phe-

2030 5561 2202 5615 tizare
2235 5559 2472 5614 nolebat.
2513 5560 2648 5625 Quia
2701 5569 2882 5614 autem
2933 5563 3370 5629 comparavimus
3404 5559 3604 5621 Isaiam

405 5689 454 5722 ”
476 5687 523 5744 II
541 5683 721 5743 Paral.
751 5700 895 5750 xxvi,
922 5685 974 5749 4,
1003 5685 1086 5739 I8.
1125 5682 1172 5715 “
1198 5681 1368 5736 Exod.
1398 5698 1454 5747 ιι,
1478 5682 1568 5736 2'5.
1608 5683 1654 5714 "
1673 5681 1832 5737 Rom.
1857 5696 1952 5747 vn,
1972 5682 2025 5749 9,
2051 5683 2138 5738 10.
2177 5683 2226 5716 ⁹⁶
2250 5681 2440 5737 Matth.
2471 5698 2596 5749 xxv,
2618 5684 2716 5747 27;
2739 5679 2870 5732 Luc.
2894 5691 3003 5740 xix,
3025 5677 3118 5733 25.
3159 5679 3203 5710 ’⁷
3231 5678 3402 5734 Exod.
3425 5695 3499 5743 tv,
3526 5680 3616 5742 I5.

413 5805 524 5877 (96)
555 5802 739 5882 Codex
781 5801 1146 5866 Turonensis,
1193 5802 1577 5882 remissionem,
1611 5801 1697 5854 alii
1719 5801 1922 5882 remis-

347 5875 457 5929 sam
487 5893 505 5933 :
533 5875 752 5929 remissa
789 5881 970 5927 autem
1006 5888 1104 5939 pro
1151 5875 1466 5926 remissione
1511 5881 1801 5941 usurpatur
1833 5875 1919 5924 in-

2032 5801 2244 5922 terdlum
2272 5815 2301 5852 a
2333 5799 2605 5853 veteribus
2650 5793 2932 5862 theologis,
2962 5791 3315 5864 Tertulliano,
3351 5796 3618 5869 Cypriano

2032 5881 2081 5922 et
2118 5887 2146 5922 a
2173 5884 2252 5922 ns.

2031 5881 2081 5927 et
2118 5881 2252 5923 alus.
