4130 6438
483 427 592 484 ⁸139

1971 414 2293 470 ORIGENIS

3657 415 3762 467 210

489 557 545 604 et
571 547 809 619 Moysen,
857 560 1252 615 componamus
1289 551 1341 594 ct
1377 557 1536 595 ιιιιιιιιι
1573 541 1876 609 proximam
1920 554 2073 592 com-
2107 543 2148 597 Α
2179 541 2381 590 attraxi
2415 538 2663 606 spiritum
2693 538 2733 590 ⁷.
2787 535 2908 590 Ilaec
2955 533 3174 604 quidem
3221 542 3442 603 propter
3485 533 3588 588 hoc
3615 536 3760 605 quod

495 640 833 710 parationem
866 634 1020 691 Isaia:
1044 645 1098 689 et
1131 632 1284 688 Jonte
1305 633 1370 686 ’⁸.
1405 632 1496 686 Ille
1522 631 1758 686 mittitur
1783 630 2077 700 praedicare

491 730 829 785 eversionem
882 725 1136 781 Ninivitis
1187 732 1309 794 post
1358 733 1468 777 tres
1502 723 1638 788 dies,
1685 731 1736 775 et
1778 722 1921 791 piget
1951 734 2077 773 eum

492 817 762 886 proﬁcisci
811 817 1081 870 nolentem
1136 829 1304 868 causa
1345 813 1616 866 malorum
1671 811 1929 866 civitatis.
1976 809 2078 864 Isle

490 924 621 962 vero
644 919 746 962 non
771 919 1093 976 exspectans
1121 907 1252 975 quid
1287 906 1336 959 ei
1366 907 1725 974 imperaretur
1761 914 1820 958 ut
1850 904 2076 966 diceret,

493 1002 568 1055 ait
599 1019 610 1056 :
647 1000 778 1054 Ecce
806 1018 896 1070 ego
929 1017 1070 1064 sum,
1106 1000 1254 1052 mitte
1284 1015 1383 1052 me.
1416 998 1622 1050 Bonum
1660 1005 1742 1049 est
1769 1009 1876 1048 non
1903 993 2078 1063 prosi-

493 1091 592 1146 lire
617 1091 681 1144 ad
704 1105 798 1144 eas
827 1107 947 1159 qua:
975 1104 1004 1144 a
1035 1089 1094 1142 Di
1115 1105 1147 1143 0
1173 1098 1302 1144 sunt
1322 1089 1613 1159 dignitates
1634 1096 1686 1140 et
1714 1084 2074 1154 principatus,

473 1191 546 1237 et
579 1181 884 1236 ministeria
918 1179 1030 1251 (97)
1067 1179 1343 1242 Ecclesiae,
1379 1180 1469 1235 sed
1512 1179 1710 1233 imitari
1746 1176 1987 1248 Moysen,
2027 1183 2080 1228 et

491 1274 671 1327 dicere
700 1288 824 1327 cum
856 1287 921 1326 eo
962 1291 974 1326 :
1013 1271 1234 1324 Provide
1277 1271 1444 1323 alium
1472 1287 1625 1339 quem
1658 1270 1860 1323 mittas.
1893 1265 2080 1336 Neque

490 1362 638 1416 enim
661 1363 727 1415 ad
749 1361 1116 1431 principatum
1144 1359 1398 1414 Ecclesiae
1429 1360 1575 1412 venit
1593 1358 1684 1427 qui
1712 1357 1912 1412 salvari
1942 1357 2075 1420 vult,

491 1465 547 1508 et
581 1454 626 1509 si
658 1461 871 1522 prteest,
897 1455 990 1506 sed
1028 1453 1095 1506 ad
1130 1453 1446 1506 servitutem
1477 1450 1754 1514 Ecclesiae,
1798 1449 1842 1504 si
1869 1457 2080 1519 oportet

493 1548 674 1600 dicere
705 1545 853 1600 etde
887 1544 1180 1615 Evangelio
1221 1564 1234 1598 ε
1276 1543 1546 1613 Principes
1584 1543 1798 1613 quidem
1846 1542 2079 1612 gentium

493 1640 842 1692 dominantur
861 1639 960 1700 eis,
995 1648 1044 1690 et
1078 1639 1171 1707 qui
1193 1646 1503 1705 potestatem
1532 1635 1722 1688 habent
1752 1635 1807 1688 in
1827 1633 1938 1687 illis
1965 1651 2080 1686 ma-

485 1731 749 1799 gistratus
798 1739 1072 1784 vocantur.
1124 1728 1246 1782 Non
1288 1730 1366 1781 sic
1407 1739 1582 1781 autem
1625 1727 1724 1780 erit
1756 1727 1812 1779 in
1838 1727 1982 1779 vobis
1999 1725 2075 1791 ”;

497 1837 595 1876 nec
639 1822 783 1876 enim
830 1822 1183 1876 dominantur
1217 1819 1494 1891 principes
1529 1819 1583 1873 in
1614 1818 1792 1884 vobis,
1844 1819 1938 1872 sed
1982 1818 2077 1887 qui

490 1915 607 1968 vult
653 1924 891 1968 vestrum
947 1929 1068 1970 esse
1119 1912 1318 1982 major,
1366 1913 1471 1967 erit
1511 1911 1760 1966 omnium
1793 1910 2075 1965 minimus.

489 2005 594 2074 Qui
629 2007 741 2060 vult
765 2023 886 2063 esse
917 2006 1149 2076 primus,
1177 2005 1282 2060 erit
1307 2005 1552 2059 omnium
1588 2003 1944 2058 novissimus.
1971 2001 2078 2068 Qui

491 2108 719 2154 vocatur
753 2114 883 2168 ergo
917 2099 982 2152 ad
1022 2097 1420 2168 epise0patum,
1468 2112 1577 2150 non
1613 2095 1678 2150 ad
1711 2093 2076 2165 principatum

493 2203 741 2255 vocatur,
790 2190 882 2243 sed
920 2190 985 2242 ad
1029 2189 1347 2243 servitutem
1384 2187 1554 2241 totius
1601 2185 1875 2241 Ecclesiae.
1913 2184 1969 2238 Si
1997 2185 2081 2238 vis

494 2281 716 2338 credere
756 2280 822 2336 de
857 2279 1176 2351 Scripturis,
1227 2279 1352 2350 quia
1398 2280 1452 2333 in
1502 2277 1742 2334 Ecclesia
1784 2293 1974 2333 servus
2011 2277 2082 2332 sit

495 2377 741 2429 omnium
771 2375 865 2446 qui
910 2384 1125 2445 praeest,
1165 2375 1392 2429 suadeat
1436 2372 1534 2426 tibi
1583 2372 1699 2443 ipse
1743 2369 1991 2426 Salvator
2029 2381 2082 2427 et

499 2469 781 2533 Dominus,
829 2468 922 2538 qui
971 2468 1094 2523 talis
1143 2476 1437 2534 tantusque
1483 2463 1661 2519 factus
1702 2463 1866 2518 estin
1903 2462 2082 2518 medio

495 2563 914 2632 discipulorum,
947 2577 1054 2615 non
1088 2559 1244 2631 quasi
1269 2557 1643 2621 discumbens,
1672 2557 1763 2611 sed
1795 2554 1952 2625 quasi
1981 2553 2084 2608 mi-

496 2658 756 2710 nistrans.
802 2653 1090 2722 Accipiens
1117 2653 1262 2708 enim
1298 2652 1524 2706 linteum
1559 2658 1850 2719 postquam
1883 2656 2083 2702 exutus

495 2755 576 2800 est
621 2745 983 2808 vestimentis,
1016 2741 1302 2813 praecinxit
1346 2755 1426 2804 se,
1462 2747 1516 2792 et
1546 2738 1767 2792 mittens
1793 2751 1991 2808 aquam
2025 2735 2082 2789 in

493 2836 692 2905 pelvim
727 2833 893 2904 coepit
928 2833 1113 2886 lavare
1151 2830 1316 2899 pedes
1357 2827 1776 2897 discipulorum,
1812 2839 1866 2881 et
1901 2825 2085 2880 deter-

497 2943 625 2997 gere
665 2926 832 2980 linteo
877 2939 987 2994 quo
1033 2932 1151 2977 erat
1195 2920 1542 2992 praecinctus.
1575 2918 1640 2974 Et
1670 2923 1871 2975 docens
1893 2917 2084 2988 quales

499 3026 749 3087 oporteat
778 3032 897 3071 esse
928 3015 1201 3086 principes
1242 3024 1500 3085 tanquam
1536 3028 1744 3072 servos.
1789 3012 1866 3066 ait
1909 3029 1922 3066 :
1979 3008 2083 3066 Vos

499 3113 697 3165 vocatis
738 3126 817 3162 me
848 3106 1169 3179 Magistrum
1208 3117 1256 3161 et
1299 3105 1602 3167 Dominum,
1633 3113 1686 3158 et
1726 3105 1848 3158 bene
1876 3103 2082 3170 dicitis,

499 3219 617 3256 sum
647 3201 859 3256 etenim.
897 3197 955 3253 Si
981 3215 1102 3269 ergo
1135 3195 1390 3251 Dominus
1419 3205 1468 3250 et
1499 3193 1755 3265 Magister
1785 3203 1953 3248 vester
1980 3192 2086 3248 lavi

500 3295 643 3347 vobis
668 3291 843 3362 pedes,
878 3301 926 3344 et
962 3308 1048 3345 vos
1074 3288 1269 3343 debetis
1301 3289 1619 3342 alterutrum
1654 3286 1833 3341 lavare
1862 3286 2015 3356 pedes
2041 3286 2082 3341 ‘.

504 3384 562 3436 In
598 3380 913 3436 servitutem
950 3379 1114 3449 igitur
1154 3387 1381 3432 vocatur
1431 3376 1688 3431 Ecclesia-
1717 3377 1991 3446 princeps,
2024 3384 2086 3432 ut

500 3473 674 3545 possit
708 3487 774 3526 ex
803 3472 1062 3527 servitute
1093 3470 1196 3526 ista
1225 3470 1302 3526 ire
1335 3469 1400 3524 ad
1434 3469 1635 3525 solium
1667 3469 1912 3532 caeleste,
1943 3468 2087 3523 sicut

501 3565 764 3636 scriptum
792 3575 876 3619 est
903 3579 917 3615 :
950 3561 1209 3618 Sedebitis
1241 3579 1397 3632 super
1425 3562 1641 3616 thronos
1670 3561 1970 3624 duodecim,
1994 3559 2087 3629 ju-

497 3659 734 3712 dicantes
765 3656 1040 3711 duodecim
1073 3655 1240 3709 tribus
1264 3653 1502 3708 Israel’.
1533 3653 1674 3707 Audi
1702 3667 1830 3707 vero
1858 3660 1912 3707 et
1945 3650 2088 3705 Pau-

502 3751 614 3804 lum
645 3761 753 3805 tam
789 3749 1113 3820 praeclarum
1153 3747 1331 3802 virum
1382 3746 1674 3811 dicentem,
1723 3744 1854 3814 quia
1895 3757 2088 3798 servus

489 3841 668 3899 ‘lue'rit
700 3843 944 3897 omnium
983 3840 1345 3896 credentium.
1381 3838 1494 3909 Ego
1524 3854 1661 3904 sum,
1697 3837 1795 3904 ait,
1835 3837 2086 3891 minimus

502 3933 900 4004 apostolorum;
933 3948 1033 3985 non
1064 3948 1180 3985 sum
1208 3932 1398 4002 dignus
1428 3929 1605 3984 vocari
1639 3929 1932 3999 apostolus,
1961 3928 2090 3998 quia

491 4035 804 4094 persecutus
855 4041 972 4077 sum
1023 4022 1316 4076 Ecclesiam
1361 4022 1458 4076 Dei
1482 4022 1523 4075 ³.
1559 4020 1730 4074 Porro
1765 4020 1812 4075 si
1842 4021 1947 4075 hoc
1978 4034 2088 4073 non

491 4119 720 4174 videtur
757 4117 1062 4188 approbare
1090 4115 1405 4171 servitutem
1438 4115 1580 4185 ejus,
1611 4112 1708 4168 sed
1743 4120 1958 4167 tantum
1987 4111 2091 4166 bu-

491 4208 813 4279 -milit_atem,
840 4206 966 4260 audi
991 4221 1114 4260 eum
1142 4205 1412 4260 dicentem
1437 4221 1449 4257 :
1485 4200 1643 4256 Facti
1672 4217 1856 4257 sumus
1882 4202 2091 4272 parvuli

491 4300 559 4351 riu
593 4297 765 4351 medio
815 4308 1069 4363 vestrum,
1115 4296 1274 4368 quasi
1307 4296 1490 4349 nutris:
1538 4293 1710 4363 foveat
1756 4293 1896 4363 ﬁlios
1945 4309 2089 4361 suos,

493 4406 625 4443 cum
655 4406 926 4456 possemus
956 4405 1138 4459 graves
1165 4405 1297 4452 esse,
1329 4398 1387 4441 ut
1417 4386 1617 4442 Christi
1643 4385 1870 4456 apostoli
1890 4385 1929 4440 ⁸.
1965 4383 2093 4440 Imi-

494 4491 710 4536 tatores
736 4499 865 4550 ergo
897 4498 996 4534 nos
1043 4495 1164 4534 esse
1208 4480 1426 4549 expedit
1462 4479 1752 4533 humilium
1781 4479 1952 4549 ipsius
1983 4476 2092 4534 Doo

2181 631 2256 683 ait
2281 627 2477 682 Isaias:
2507 629 2637 682 Ecce
2671 644 2785 681 sum
2817 644 2930 697 ego,
2960 627 3106 680 mitte
3135 641 3234 680 me.

2249 722 2304 774 ἓ.
2346 719 2635 774 Faciamus
2678 729 2857 772 autem
2895 734 2958 772 es
3009 727 3161 787 parte
3204 725 3414 770 etcum
3451 731 3536 770 co.
3581 715 3767 774 Voluit

2180 815 2323 866 enim
2354 827 2477 869 cum
2511 813 2813 881 accepisset
2837 810 2948 880 jam
2973 812 3202 881 gratiam
3239 826 3267 864 a
3292 809 3424 872 Deo,
3452 827 3560 864 non
3589 811 3642 864 in
3668 827 3766 864 va-

2179 919 2343 959 cuum
2366 918 2485 958 eam
2511 903 2778 972 accipere,
2804 902 2896 955 sed
2924 901 3000 954 uti
3025 917 3086 953 ea
3112 900 3177 952 ad
3201 899 3534 953 necessaria.
3563 896 3768 953 Videtis

2181 996 2476 1066 serapbim,
2505 995 2694 1048 videns
2720 993 3011 1048 Dominum
3037 992 3274 1046 Sabaoth
3302 992 3578 1047 sedentem
3603 1006 3769 1060 super

2183 1091 2443 1144 thronum
2485 1088 2764 1142 excelsum
2796 1094 2850 1140 et
2881 1087 3171 1150 elevatum,
3223 1085 3358 1138 dixit
3389 1084 3554 1154 (vers.
3581 1085 3635 1152 5)
3667 1102 3680 1137 :
3722 1081 3767 1138 0

2182 1180 2340 1231 miser
2365 1194 2478 1248 ego,
2512 1179 2759 1247 quoniam
2789 1185 3127 1244 compunctus
3155 1191 3293 1238 sum,
3319 1175 3443 1244 quia
3471 1189 3589 1227 cum
3613 1175 3767 1227 homo

2180 1270 2302 1332 sim,
2350 1277 2397 1321 ct
2446 1265 2722 1320 immunda
2774 1264 2920 1318 labia
2973 1263 3216 1327 habeam,
3272 1264 3329 1314 in
3364 1262 3535 1315 medio
3565 1277 3766 1331 quoque

2180 1362 2361 1433 populi
2393 1361 2538 1415 labia
2575 1362 2847 1414 immunda
2879 1359 3117 1412 habentis
3155 1357 3407 1421 habitem,
3447 1372 3616 1426 regem
3656 1355 3766 1408 Do~-

2182 1457 2385 1509 minam
2415 1453 2653 1508 Sabaoth
2684 1453 2792 1506 vidi
2826 1451 2993 1504 oculis
3023 1451 3175 1502 meis.
3206 1447 3321 1502 Hoc
3346 1447 3557 1509 dicens,
3593 1457 3647 1502 et
3668 1447 3768 1500 mi-

2181 1561 2362 1601 serum
2409 1560 2468 1600 se
2517 1544 2756 1607 faciens,
2804 1551 3046 1596 meretur
3085 1539 3383 1604 auxilium,
3435 1539 3770 1608 suscipiente

2182 1636 2294 1691 Deo
2342 1636 2706 1691 humilitatem
2758 1635 2900 1704 ejus.
2955 1632 3113 1699 Quod
3161 1642 3243 1688 cst
3290 1633 3431 1686 istud
3461 1632 3771 1686 auxilium?

2182 1726 2361 1800 (Vers.
2382 1729 2435 1792 6,
2467 1727 2520 1796 7)
2554 1725 2750 1779 Missus
2775 1734 2874 1792 est,
2899 1727 2996 1789 ait,
3021 1725 3089 1778 ad
3121 1740 3204 1778 me
3229 1741 3364 1778 unus
3392 1725 3455 1776 de
3482 1724 3768 1792 seraphim,

2180 1831 2230 1874 et
2275 1819 2494 1874 habebat
2543 1819 2597 1872 in
2646 1818 2844 1887 forcipe
2886 1817 3186 1884 carbonem,
3219 1834 3371 1888 quem
3412 1817 3668 1870 attulerat
3705 1817 3772 1870 de

2183 1910 2370 1975 altari,
2416 1917 2467 1963 et
2516 1911 2686 1980 tetigit
2728 1909 2874 1963 labia
2917 1925 3055 1976 mea,
3104 1917 3152 1962 et
3173 1908 3311 1962 dixit
3343 1924 3360 1960 :
3395 1907 3528 1962 Ecce
3571 1908 3769 1962 abstuli

2182 2004 2491 2074 iniquitates
2524 2014 2644 2056 tuas
2671 2013 2720 2056 et
2751 2012 2966 2072 peccata
3010 2011 3102 2054 tua
3148 2002 3594 2071 circumpurgavi.
3619 2000 3772 2054 Cou—

2181 2106 2404 2152 secutus
2440 2105 2523 2149 est
2562 2094 2911 2160 beneficium,
2944 2095 3184 2148 mundus
3207 2094 3454 2160 eﬂ’ectus,
3487 2106 3540 2148 et
3573 2095 3769 2149 remis-

2183 2191 2394 2246 sionem
2422 2191 2700 2258 accipiens
2725 2197 3090 2260 peccatorum.
3122 2188 3258 2242 Cum
3293 2189 3538 2245 audisset
3564 2209 3577 2244 :
3604 2189 3770 2254 Quem

2185 2283 2395 2336 mittam
2424 2282 2492 2334 ad
2523 2280 2797 2350 populum,
2840 2281 3029 2351 etquis
3061 2280 3158 2334 ibit
3187 2281 3380 2335 nobis?
3409 2297 3517 2335 non
3551 2292 3774 2351 propter

2185 2371 2424 2441 priorem
2455 2371 2851 2425 conscientiam
2889 2387 3060 2426 ausus
3094 2370 3195 2425 fuit
3227 2372 3411 2426 dicere
3443 2389 3458 2425 :
3489 2370 3624 2425 Ecce
3655 2388 3770 2442 ego,

2185 2466 2336 2520 mitte
2364 2481 2465 2532 me,
2501 2465 2596 2520 sed
2624 2465 2716 2519 ubi
2748 2464 2996 2519 audierat
3026 2481 3039 2518 :
3071 2462 3206 2516 Ecce
3235 2462 3436 2517 abstuli
3463 2464 3772 2534 iniquitates

2185 2567 2324 2610 tuas.
2352 2555 2521 2626 Igitur
2546 2555 2674 2626 quia
2700 2555 2874 2611 sancti
2901 2564 3366 2625 compunguntur,
3397 2564 3452 2609 et
3478 2555 3773 2624 requiritur

2186 2650 2330 2705 inter
2353 2649 2572 2721 Moysen
2594 2657 2649 2704 et
2664 2649 2886 2712 Isaiam,
2919 2646 3322 2702 satisfaciamus
3355 2663 3454 2717 pro
3483 2645 3685 2718 Moyse,
3717 2659 3773 2701 et

2185 2743 2353 2799 etiam
2385 2739 2869 2812 prolsaia,dantes
2891 2749 2944 2794 et
2961 2741 3039 2794 eis
3053 2741 3120 2794 de
3146 2740 3302 2810 117
3324 2737 3624 2810 Scripturis
3650 2755 3772 2794 sor-

2185 2844 2298 2891 tem
2321 2850 2500 2891 suam.
2529 2833 2747 2905 Moyses
2781 2848 2889 2887 non
2925 2833 3136 2903 accepit
3171 2833 3550 2889 remissionem
3581 2847 3774 2902 pecca-

2189 2936 2393 2991 torum,
2420 2937 2479 2979 ut
2501 2926 2707 2980 diceret
2729 2925 2886 2994 quasi
2905 2923 3018 2994 jam
3049 2925 3305 2980 conscius
3339 2940 3396 2980 se
3426 2925 3773 2991 mundatum,

2198 3019 2347 3073 Mitte
2392 3035 2495 3082 me,
2545 3026 2768 3088 propter
2798 3016 2942 3087 quod
2977 3017 3052 3070 ait
3086 3036 3100 3072 :
3133 3016 3360 3071 Provide
3413 3018 3580 3070 alium
3621 3032 3774 3087 quem

2188 3112 2397 3176 mittas,
2431 3110 2666 3165 habebat
2700 3109 2844 3164 enim
2883 3111 2935 3162 in
2960 3109 3299 3164 conscientia
3339 3107 3772 3164 interfectionem

2114 3222 2156 3281 ε
2189 3201 2467 3273 Ᾱζεγριίἱς
2515 3201 2652 3255 forte
2691 3210 2870 3255 autem
2915 3210 2976 3254 ut
3006 3201 3172 3254 homo
3211 3200 3417 3254 sciebat
3447 3216 3506 3254 se
3539 3208 3591 3254 et
3623 3215 3774 3269 quie-

2190 3294 2316 3348 dam
2371 3292 2478 3346 alia
2523 3291 2724 3346 habere
2763 3301 3006 3361 peccata,
3052 3299 3334 3359 propterea
3387 3297 3623 3344 recusat.
3671 3288 3777 3343 Istc

2190 3393 2373 3439 autem
2427 3399 2534 3436 non
2580 3383 2738 3452 quasi
2775 3392 2966 3436 natura
3007 3381 3190 3451 justus
3245 3379 3482 3449 postulat
3528 3377 3778 3433 ministe-

2189 3475 2356 3539 rium,
2386 3475 2480 3528 sed
2505 3474 2660 3543 quasi
2693 3474 2924 3543 gratiam
2959 3480 3310 3526 consecutus.
3349 3468 3440 3523 Sic
3473 3478 3527 3524 et
3560 3468 3776 3541 Moyses

2189 3566 2235 3621 si
2267 3564 2503 3618 similem
2548 3565 2776 3634 gratiam
2814 3562 3164 3634 percepisset.
3196 3562 3548 3632 audissetque
3582 3579 3597 3616 :
3640 3560 3776 3616 Ecce

2188 3656 2388 3711 abstuli
2428 3657 2734 3726 iniquitates
2790 3665 2945 3718 tuas;
2995 3664 3049 3708 et
3096 3655 3200 3708 hoc
3240 3672 3252 3708 :
3307 3653 3776 3709 Circummundari

2188 3756 2402 3818 peccata
2431 3757 2544 3812 tua,
2580 3762 2859 3816 nunquam
2890 3745 3028 3800 forte
3049 3746 3278 3802 dixisset
3308 3764 3321 3800 :
3349 3745 3578 3801 Provide
3607 3747 3775 3800 alium

2191 3854 2342 3908 quem
2374 3838 2577 3890 mittas.
2607 3833 2781 3890 Habet
2809 3850 2937 3905 ergo
2967 3837 3171 3906 aliquid
3203 3838 3455 3905 rationis,
3483 3847 3538 3892 et
3561 3837 3774 3909 Moyses

2191 3945 2475 3994 recusans,
2507 3936 2560 3982 et
2593 3929 2767 3983 Isaias
2794 3929 2982 3984 dicens
3006 3947 3019 3982 :
3049 3927 3182 3982 Ecce
3209 3945 3300 3999 ego
3330 3945 3470 3994 sum,
3494 3933 3646 3983 mitte
3672 3945 3770 3982 me.

2263 4019 2318 4075 5.
2356 4018 2460 4074 Sed
2495 4018 2778 4074 videamus
2800 4034 2863 4074 ea
2894 4018 3058 4074 etiam
3085 4034 3207 4088 qua:
3233 4021 3479 4090 praecipit
3508 4019 3774 4075 Dominus

2192 4119 2253 4166 ut
2282 4111 2482 4182 populo
2515 4111 2721 4165 diceret
2750 4128 2764 4165 :
2807 4109 2972 4175 Vade,
3011 4119 3060 4164 et
3091 4109 3179 4164 dic
3219 4111 3410 4180 populo
3446 4127 3468 4165 :
3508 4112 3650 4165 Aure
3677 4128 3774 4164 au-

2191 4201 2370 4269 dietis,
2403 4211 2451 4256 et
2479 4217 2583 4254 non
2606 4201 2932 4272 intelligetis,
2967 4210 3016 4255 et
3046 4201 3278 4254 videntes
3308 4204 3548 4268 cernetis,
3586 4212 3634 4256 et
3672 4218 3776 4254 non

2191 4292 2455 4348 videbitis.
2512 4289 2883 4348 Incrassatum
2911 4301 2987 4346 est
3023 4293 3161 4346 enim
3190 4308 3280 4345 cor
3305 4295 3487 4363 populi
3523 4295 3703 4362 hujus,
3727 4304 3776 4349 et

2193 4386 2416 4439 auribus
2438 4386 2672 4455 graviter
2701 4385 3010 4449 audierunt,
3056 4393 3104 4437 et
3134 4384 3313 4439 oculos
3337 4385 3661 4452 clauserunt,
3694 4402 3778 4439 nc-

2191 4479 2404 4547 quando
2445 4478 2660 4532 videant
2691 4478 2880 4539 oculis,
2915 4486 2967 4529 et
3003 4477 3222 4530 auribus
3257 4479 3502 4543 audiant,
3541 4489 3592 4532 et
3621 4479 3776 4532 corde

505 4572 640 4627 mini
671 4587 988 4627 sermonum
1039 4581 1202 4640 atque
1250 4569 1540 4636 factorum,
1594 4580 1649 4626 et
1677 4571 1909 4641 apostoli
1940 4571 2082 4642 ejus,
2114 4566 2163 4626 1)
2189 4569 2508 4639 intelligant,
2533 4579 2584 4622 et
2626 4577 3032 4634 convertantur,
3068 4579 3118 4622 et
3145 4570 3340 4624 salven:
3365 4589 3487 4637 eos;
3525 4571 3774 4628 bifariam

503 4672 557 4718 et
585 4663 762 4717 facere
791 4663 935 4731 quod
965 4661 1168 4717 factum
1195 4669 1281 4716 est
1306 4677 1337 4715 a
1367 4661 1572 4734 Moyse,
1612 4670 1676 4716 ut
1711 4662 1873 4717 etiam
1911 4663 1965 4732 si.
1988 4679 2085 4717 vo-

505 4765 662 4811 catur
691 4754 892 4825 aliquis
930 4754 995 4808 ad
1031 4754 1398 4825 principatum
1439 4754 1586 4809 dicat
1614 4772 1626 4808 :
1655 4753 1886 4808 Provide
1915 4754 2085 4808 alium

501 4863 657 4916 quem
684 4847 887 4900 mittas.
920 4845 1030 4902 Deo
1063 4845 1194 4900 dicit
1223 4863 1237 4900 :
1275 4843 1396 4898 Non
1427 4861 1543 4898 sum
1590 4846 1782 4916 dignus
1822 4855 1943 4900 ante
1975 4845 2087 4898 heri

503 4950 551 4992 et
581 4938 985 4992 nudiustertius.
1024 4935 1200 4991 Exilis
1235 4937 1374 4991 vocis
1412 4953 1549 5002 sum,
1592 4947 1642 4992 et
1685 4936 2026 5007 tardilinguis
2043 4935 2085 4988 '.

505 5029 574 5084 Et
605 5030 733 5099 quia
779 5027 890 5083 Deo
930 5029 1069 5084 dixit
1109 5028 1389 5084 humiliter
1421 5047 1434 5082 ι
1479 5027 1656 5082 Exilis
1686 5028 1828 5082 vocis
1864 5043 2003 5090 sum,
2040 5034 2092 5080 et

507 5121 875 5192 tardilinguis,
910 5121 1062 5176 audit
1101 5139 1132 5176 a
1161 5120 1272 5176 Deo
1303 5119 1471 5186 :Quis
1502 5109 1656 5175 dedit
1695 5136 1752 5173 os
1792 5119 2016 5186 homini,
2041 5128 2093 5173 et

503 5212 624 5282 quis
670 5211 795 5280 fecit
834 5211 1057 5264 surdum
1102 5220 1151 5264 et
1198 5217 1426 5273 mutum,
1475 5207 1734 5261 videntem
1770 5214 1819 5260 et
1850 5206 2093 5259 caseum?

510 5302 699 5356 Nonne
723 5318 815 5370 ego
852 5300 1103 5355 Dominus
1135 5301 1275 5354 Deus
1301 5301 1360 5353 ‘?
1386 5299 1561 5355 Crede
1581 5296 1712 5363 Deo,
1745 5311 2006 5352 consecra
2039 5306 2091 5352 te

507 5395 580 5448 ci.
607 5391 760 5450 Licet
795 5393 1015 5448 subtilis
1051 5392 1203 5447 vocis
1240 5392 1321 5448 sis
1361 5390 1640 5462 tardaeque
1677 5389 1897 5459 linguae,
1936 5388 2089 5444 trade

511 5491 564 5537 te
606 5483 843 5538 sermoni
887 5481 1002 5538 Dei.
1044 5479 1202 5536 Dices
1249 5491 1435 5550 postea
1466 5495 1481 5534 :
1515 5479 1587 5534 Os
1620 5494 1790 5531 meum
1831 5480 2015 5547 aperui
2038 5488 2088 5533 et

576 5645 628 5678 ”
656 5649 782 5704 bon.
809 5665 847 5703 ι.

511 5705 535 5737 ³
558 5713 728 5772 Exod.
761 5735 833 5787 ιν,
868 5721 953 5774 to.
1012 5721 1033 5751 ·
1060 5705 1190 5775 ibid.
1226 5705 1385 5775 ti."
1417 5705 1562 5776 Psal.
1593 5733 1783 5784 cum,
1818 5719 1938 5773 ist.

589 5851 699 5926 (97)
741 5850 894 5919 διες..
923 5854 1252 5916 ministeria;
1283 5851 1434 5920 editi,
1470 5855 1740 5923 mysteria.

2193 4663 2372 4717 sciens
2419 4661 2690 4715 sermonis
2734 4660 3092 4726 auditionem,
3129 4668 3184 4716 et
3219 4662 3494 4732 duplicem
3542 4680 3777 4720 noscens

2194 4755 2678 4819 constitutionem,
2736 4754 2840 4807 hoc
2887 4761 2971 4808 est
3015 4753 3161 4809 aliud
3219 4770 3407 4811 eorum
3473 4759 3774 4827 corporale,

2195 4846 2342 4901 aliud
2367 4843 2632 4915 spiritale,
2668 4853 2764 4898 aut
2792 4845 2858 4900 ad
2886 4847 3147 4917 populum
3181 4849 3567 4919 prophetizans
3592 4850 3660 4904 de
3692 4850 3778 4905 bis

2197 4950 2319 5004 quae
2352 4934 2407 4988 in
2458 4933 2691 4987 adventu
2730 4932 2937 4990 Christi
2997 4935 3180 4991 futura
3227 4947 3408 5005 erant,
3455 4939 3584 5008 quia
3633 4950 3779 4995 esset

2199 5032 2414 5093 tempus
2463 5023 2685 5093 quando
2717 5025 2986 5091 audirent,
3043 5035 3097 5081 et
3138 5042 3248 5082 non
3283 5028 3646 5098 intelligerent
3690 5043 3775 5082 ea.

2199 5115 2256 5169 Si
2289 5115 2508 5185 quidem
2543 5129 2668 5169 cum
2715 5117 2970 5172 audirent
3020 5117 3313 5172 Dominum
3367 5135 3547 5174 meum
3589 5119 3777 5175 Jesum

2193 5207 2496 5273 Christum,
2552 5221 2744 5262 vocem
2801 5218 3013 5263 tantum
3067 5208 3338 5264 dictorum
3373 5210 3615 5274 audiere,
3669 5224 3777 5263 non

2195 5313 2438 5353 sensum.
2471 5297 2537 5352 Et
2563 5297 2668 5354 hoc
2686 5314 2753 5354 ex
2781 5313 2849 5355 eo
2876 5299 3224 5354 manifestum
3253 5308 3360 5372 est,
3390 5301 3518 5370 quia
3550 5300 3685 5356 I'oris
3707 5299 3776 5353 ad

2197 5392 2457 5462 populum
2494 5391 2547 5445 in
2579 5391 2858 5462 parabolis
2888 5392 3213 5463 loquebatur
3239 5407 3253 5457 ;
3283 5391 3566 5463 discipulis
3593 5401 3777 5446 autem

2197 5492 2409 5538 secreto
2461 5481 2797 5538 dissolvebat
2851 5496 2966 5538 eas.
3039 5481 3336 5552 Prophetat
3381 5491 3562 5538 autem
3630 5483 3778 5553 quod

961 5651 1006 5682 ’ν
1041 5649 1174 5706 Luc.
1213 5665 1346 5715 mi,
1373 5649 1469 5710 25,
1493 5647 1583 5702 26.
1658 5648 1670 5678 ¹
1704 5646 1862 5701 Juan.
1901 5666 2019 5719 nm,
2051 5653 2072 5706 l

2186 5653 2251 5708 4.
2322 5654 2340 5682 ¹
2373 5650 2562 5708 Matth.
2590 5668 2705 5716 XIX,
2737 5652 2827 5707 28.
2895 5650 2914 5682 ³
2946 5649 3121 5704 ICor.
3147 5664 3236 5715 xv,
3305 5650 3325 5680 ⁸
3356 5647 3372 5702 l
3401 5647 3593 5705 Thess.
3626 5664 3690 5716 ιι,
3721 5645 3775 5703 7.
