2065 3215
202 170 251 198 9-H

806 169 839 197 ΙΝ
858 167 975 197 ISAIAM
994 166 1137 194 HOMlLlA
1153 166 1197 193 Vl.

1783 166 1836 191 213

201 231 309 259 evenit:
325 231 394 259 Aure
403 231 556 265 audietis,et
572 239 622 258 non
638 230 802 265 intelligetis.
820 230 905 257 Porro
919 230 990 264 quod
1007 231 1028 259 Α
1044 228 1080 254 cit
1101 227 1230 255 Salomon
1247 236 1252 253 :
1273 226 1322 253 Pes
1342 230 1403 252 tuus
1425 235 1477 253 non
1498 227 1613 261 o/fendat
1631 226 1663 253 ¹⁵.
1684 226 1721 253 De
1737 225 1838 260 quibus

202 278 235 305 de
251 278 366 305 adventu
390 276 497 304 Domini
524 276 575 303 hoc
605 277 641 304 sit
665 277 765 311 popqu
785 275 989 310 prophetatum,
1013 299 1023 307 ,

204 324 261 357 ipse
277 321 402 350 Salvator
414 323 480 350 dicit
493 331 500 348 :
513 321 582 349 Bene
594 320 758 356 prophetarit
773 320 805 347 de
816 320 888 348 vobis
902 319 991 346 isaias

201 369 321 403 inquiens
338 376 347 395 :
362 368 432 395 Aure
452 367 578 400 audietis,
607 372 632 394 et
648 375 699 394 non
717 366 868 402 intelligetis
881 367 902 393 ⁸.
920 366 992 393 Cott-

201 414 331 442 cedamus
352 422 416 449 ergo
429 414 493 449 quia
511 421 652 441 sermones
667 413 774 440 Domini
806 413 920 447 populus
940 422 992 439 au-

204 460 327 487 scultans
334 467 383 487 nos
391 461 490 495 poterit
507 467 587 487 nosse
603 468 664 495 qua:
676 460 747 496 djcta
761 460 825 487 sint.
844 459 991 486 Videamus

201 509 291 532 autem
305 505 370 539 quid
381 506 476 534 sithoc
491 507 564 541 quod
578 507 703 542 sequitur
722 516 729 534 :
749 506 784 533 Et
793 507 907 534 videntes
924 508 992 534 cide-

201 550 274 581 bitis,
284 555 308 577 et
321 559 371 578 non
385 552 485 579 scietis.
498 550 556 579 Non
569 552 662 587 siquis
671 552 737 580 vidit
752 560 785 580 ea
796 561 857 588 quae
867 553 991 580 Salvator

201 595 327 628 faciebat,
351 598 446 624 statim
463 598 559 626 videns
579 599 669 633 potuit
690 599 841 634 intelligere
860 607 908 627 cur
920 599 990 627 facta

201 643 264 672 sint.
286 643 370 672 Veluti
390 644 554 679 (exemplum
576 645 759 681 assumamus)
775 646 841 673 lavit
856 646 939 681 pedes
951 645 992 672 di-

200 690 367 724 scipulorum
389 697 396 717 :
418 695 446 719 et
469 691 596 719 videbant
624 693 734 728 quidem
763 693 832 720 bene
855 692 992 727 quomodo

201 735 309 762 lavabat
330 736 413 771 pedes
429 736 559 772 Magister
580 738 743 774 discipulis;
759 739 886 766 videbant
900 743 990 766 autem

200 785 225 808 et
238 781 284 809 alii
298 782 346 816 qui
361 787 440 810 erant
458 788 606 818 praesentes
616 805 625 818 ,
637 784 684 812 sed
702 785 728 811 id
744 789 849 811 tantum
861 785 935 819 quod
946 785 993 811 lie-

198 828 255 862 bat,
281 836 336 856 non
364 830 447 858 etiam
466 838 515 857 cur
536 831 627 859 ﬁebat.
646 830 800 858 Similitudo
816 831 917 866 quippe
935 836 994 858 erat

199 874 299 902 lavatio
322 875 435 909 pedum,
460 883 513 910 qua
530 876 597 902 lavit
612 875 730 902 Verbum
751 876 797 904 Dei
814 877 894 911 pedes
909 877 993 904 disci—

1044 274 1110 301 etin
1130 273 1245 300 Psalmis
1268 273 1400 308 scriptum
1425 277 1466 299 est
1488 282 1494 299 :
1515 271 1567 299 Mei
1592 277 1679 299 autem
1695 280 1759 307 pene
1773 277 1837 298 moti

1042 323 1103 345 sunt
1113 318 1190 352 pedes
1206 318 1236 344 ιδ.
1252 316 1352 344 Verum
1368 322 1395 344 et
1408 325 1469 353 quae
1487 317 1691 344 constituuntur
1705 317 1795 343 viduas
1810 315 1836 341 iu

1043 365 1170 393 Ecclesiis
1186 374 1193 391 :
1211 363 1241 392 Si
1264 370 1427 397 sanctorum,
1452 363 1551 398 inquit,
1573 364 1649 398 pedes
1667 364 1731 390 lauit
1744 363 1776 390 ¹“.
1807 361 1835 388 Si

1042 415 1132 437 autem
1156 410 1198 437 vis
1223 410 1344 444 apertius
1368 408 1464 436 audire
1491 408 1629 443 quomodo
1659 409 1738 434 vidua
1765 407 1836 433 lavat

1042 461 1198 483 sanctorum
1213 455 1296 490 pedes
1309 476 1315 487 ,
1332 454 1394 482 audi
1414 454 1529 481 Paulum
1547 454 1573 481 in
1588 454 1641 480 alio
1659 454 1720 480 loco
1734 453 1836 479 consti-

1042 507 1165 529 tuentcm
1179 501 1280 531 viduis,
1301 505 1328 526 ct
1351 500 1485 527 dicentem
1500 509 1506 527 τ
1521 499 1591 526 Bene
1610 499 1732 525 docentes
1748 502 1775 523 ut
1787 505 1836 531 pu-

1042 547 1116 573 dicas
1130 547 1242 581 efﬁciant
1262 545 1474 572 adulescentulas
1487 544 1525 577 ”,
1544 543 1667 570 lavantes
1682 542 1776 569 sordes
1788 548 1836 575 pe-

1042 593 1106 621 dum
1126 592 1346 627 juvencularum.
1376 590 1408 617 Et
1425 591 1483 618 ist-.e
1501 589 1590 617 vidua:
1609 589 1697 624 digna:
1714 593 1775 615 sunt
1789 594 1837 613 ce-

1042 638 1196 666 clesiastico
1208 639 1322 670 honore,
1338 645 1508 673 qua-cunque
1523 640 1681 664 sanctorutn
1700 634 1780 669 pedes
1798 633 1838 660 la-

1042 690 1106 712 vant
1114 692 1240 712 sermone
1249 684 1379 718 spiritalis
1390 684 1531 716 doctrinae,
1541 686 1698 709 sanctorum
1709 687 1773 707 vero
1781 688 1835 706 non

1043 730 1226 757 masculorum
1240 749 1248 761 ,
1264 729 1310 756 sed
1322 729 1478 755 mulierum.
1493 727 1595 755 Docere
1605 726 1677 753 enim
1694 725 1835 752 mulierem

1044 783 1097 802 non
1110 775 1251 809 permittit,
1267 782 1353 809 neque
1362 774 1509 809 principari
1517 774 1585 801 viro.
1596 771 1660 798 Vult
1668 779 1729 798 esse
1740 770 1838 797 mulie-

1045 820 1164 848 resbene
1174 820 1314 853 docentes,
1323 825 1353 848 ut
1365 821 1398 847 ad
1408 821 1559 848 castitatem
1566 819 1697 847 suadeant
1706 827 1757 845 non
1770 818 1833 844 ado-

1044 864 1188 897 lescentes,
1200 864 1247 891 sed
1263 863 1500 897 adulescentulas;
1520 865 1650 891 indecens
1665 864 1765 898 quippe
1782 867 1835 894 est,

198 919 337 954 ρυιοτηηι,
368 920 472 948 Idcirco
496 921 535 948 an
561 921 686 948 Salvator
701 921 735 948 ad
756 910 928 950 recusantem
945 923 994 951 ρε-
1011 914 1030 942 Β
1046 914 1076 938 ut
1092 911 1189 937 mulier
1205 911 1335 946 magistra
1354 910 1404 937 Viri
1420 910 1484 943 iiut;
1501 910 1547 937 sed
1564 915 1592 937 ut
1606 911 1758 937 castitatem
1773 917 1838 936 sua-

200 970 271 992 trum
283 985 291 997 ,
313 970 340 992 ct
356 966 493 993 dicentem
512 975 519 994 :
539 965 601 993 Non
617 966 718 994 Iavabis
732 967 808 1001 pedes
825 976 905 995 meas.
923 968 993 1002 Quid

199 1011 259 1038 ait?
274 1011 351 1044 Quod
373 1020 422 1047 ego
437 1013 524 1047 facio,
548 1019 576 1040 tu
601 1014 684 1041 nescis
707 1015 794 1046 modo,
817 1015 882 1042 scies
905 1021 992 1043 autem

201 1061 292 1090 postea
304 1058 325 1085 '.
341 1058 412 1091 Quid
427 1065 516 1086 autem
535 1058 603 1087 facis
620 1060 723 1087 modo?
738 1061 804 1088 dicit
816 1061 923 1089 Petrus.
948 1061 992 1090 Vi-

202 1101 252 1129 deo
269 1107 295 1130 te
316 1103 448 1130 lavantem
466 1105 548 1138 pedes
565 1111 683 1136 nostros.
700 1111 726 1134 et
744 1107 842 1141 pelvim
861 1108 989 1142 positam,

201 1147 283 1175 linteo
299 1152 323 1175 te
335 1149 522 1184 praecinctum,
539 1157 567 1178 et
579 1152 741 1180 servientem
757 1154 847 1186 nobis,
860 1159 886 1182 et
898 1155 990 1183 deter-

198 1197 304 1226 gentem
329 1195 410 1229 pedes
431 1201 549 1224 nostros.
578 1197 676 1226 Verum
691 1199 755 1234 quia
776 1207 831 1227 non
853 1205 911 1229 erat
940 1202 991 1229 hoc

199 1239 337 1274 negotium
350 1242 502 1275 corporale,
513 1242 559 1269 sed
575 1243 712 1277 spiritale,
730 1244 856 1272 Salvator
870 1246 989 1274 nudatus

198 1284 283 1313 mittit
306 1285 456 1319 spiritalem
474 1294 573 1321 aquam
588 1288 615 1314 in
631 1288 732 1323 pelvim
744 1290 894 1317 secundum
913 1290 989 1319 Scri-

197 1335 301 1365 pturas,
315 1331 424 1360 etlavat
435 1334 517 1366 pedes
531 1333 731 1369 discipulorum
747 1343 872 1368 suorum.
885 1343 914 1364 ut
926 1345 989 1365 cum

196 1377 292 1404 mundi
309 1377 421 1410 fuerint,
439 1379 588 1406 ascendant
611 1380 645 1407 ad
670 1381 805 1408 dicentem
822 1391 828 1409 :
847 1381 903 1417 Ego
930 1391 989 1409 sum

197 1422 239 1449 uia
251 1422 289 1455 ‘°;
314 1427 341 1450 et
365 1431 419 1450 non
437 1424 508 1458 pleni
524 1426 646 1459 pulvere,
664 1434 745 1461 quem
762 1433 889 1456 excutere
906 1429 990 1457 voluit

197 1476 280 1502 super
301 1468 444 1504 indignos,
463 1476 490 1497 et
510 1479 563 1498 non
582 1472 760 1507 suscipientes
774 1481 879 1508 pacem,
900 1482 989 1510 neque

195 1514 293 1550 dignos
313 1522 409 1542 eorum
426 1524 488 1551 quas
512 1517 682 1545 dicebantur.
710 1519 744 1545 lit
771 1520 833 1554 quia
855 1520 907 1547 hoc
930 1525 989 1547 crat

195 1560 269 1595 quod
286 1560 501 1596 signiﬁcabatur,
521 1562 582 1590 ideo
599 1564 637 1591 ait
659 1573 666 1591 :
689 1563 767 1597 Quod
789 1574 836 1601 ego
857 1567 939 1601 facta,
959 1571 987 1594 tu

1045 957 1128 983 deant
1152 956 1384 989 adolescentulis,
1410 960 1437 982 ct
1465 963 1557 982 amare
1585 956 1659 982 viros
1683 960 1710 982 et
1736 955 1838 983 liberos

1044 1009 1121 1029 suos.
1150 1001 1292 1029 Discamus
1314 1009 1379 1036 ergo
1404 1000 1496 1027 lavare
1520 1000 1600 1035 pedes
1625 999 1833 1034 discipulorum.

1044 1047 1094 1075 Ista
1113 1054 1223 1083 propter
1237 1048 1289 1075 hoc
1305 1048 1376 1075 dicta
1400 1051 1465 1075 sunt
1490 1056 1497 1073 :
1528 1046 1649 1073 Videntes
1665 1045 1797 1078 videbitis,
1812 1050 1837 1072 et

1043 1103 1094 1121 non
1120 1095 1222 1122 scietis.
1251 1094 1385 1128 Quoniam
1410 1094 1433 1122 si
1459 1094 1523 1129 quid
1549 1094 1660 1121 ﬁebata
1679 1093 1836 1125 Salvawre,

1042 1141 1076 1167 al)
1101 1141 1142 1167 his
1168 1141 1279 1175 quidem
1305 1140 1351 1175 qui
1375 1147 1430 1167 non
1461 1140 1666 1175 intelligebant,
1694 1139 1837 1166 videbatur

1039 1185 1116 1221 juxta
1129 1194 1239 1222 corpus,
1251 1195 1304 1213 non
1319 1186 1552 1221 videbaturjuxta
1566 1186 1701 1213 rationem
1715 1194 1722 1218 ;
1745 1185 1778 1212 ah
1793 1185 1837 1212 his

1042 1240 1106 1259 vero
1119 1232 1166 1268 qui
1184 1232 1381 1268 intelligebant,
1392 1232 1535 1259 videbatur
1546 1232 1655 1267 quidem
1671 1231 1838 1267 118juxta

1041 1279 1147 1311 oculos,
1164 1279 1309 1306 videbatur
1318 1284 1409 1306 autem
1421 1278 1534 1313 etjuxta
1549 1278 1715 1305 intellectum
1728 1287 1735 1311 ;
1752 1278 1788 1304 ita
1805 1280 1836 1304 ut

1042 1332 1097 1351 non
1112 1324 1295 1359 compleretur
1320 1331 1403 1358 super
1426 1323 1505 1350 beate
1534 1323 1672 1356 videntes,
1695 1323 1748 1349 hoc
1761 1322 1835 1357 quod

1041 1371 1143 1399 dictum
1161 1375 1225 1398 est:
1248 1370 1370 1397 Videntes
1388 1368 1520 1402 videbitis,
1545 1374 1569 1395 et
1595 1377 1648 1395 non
1666 1368 1764 1400 scietis,
1787 1367 1834 1394 sed

1040 1426 1124 1453 super
1137 1422 1304 1453 peccatores.
1322 1416 1374 1443 Sed
1388 1420 1416 1443 et
1430 1420 1528 1443 cuncta
1545 1415 1755 1450 Evangeliorum
1772 1422 1833 1441 ore-

1040 1472 1102 1491 mus
1120 1463 1242 1490 videntes
1254 1462 1399 1497 dupliciter
1415 1462 1505 1489 videre
1517 1482 1527 1495 ,
1544 1461 1681 1496 quomodo
1697 1461 1766 1488 facta
1779 1460 1834 1488 sint

1037 1509 1116 1544 juxta
1148 1515 1258 1543 corpus,
1290 1508 1400 1542 quando
1424 1507 1551 1534 Salvator
1579 1511 1673 1534 noster
1699 1505 1775 1534 venit
1799 1506 1832 1533 ad

1042 1559 1137 1583 terras.
1161 1554 1268 1581 Etenim
1286 1554 1437 1582 similitudo
1454 1558 1522 1585 erat,
1541 1557 1566 1580 et
1583 1558 1662 1589 typus
1678 1552 1832 1580 futurorum

201 1592 284 1636 ima,
306 1592 391 1643 ἧιοαο,
413 1611 479 1638 πίει
493 1592 582 1639 ξιηιεηι
602 1592 741 1648 poma.“-
755 1592 819 1642 ΕΙ.θῖ
837 1592 1023 1644 θίηθηξὴξεο
1042 1600 1257 1648 unumquodque
1271 1600 1343 1635 quod
1358 1600 1440 1648 [iebat
1453 1600 1479 1627 in
1496 1607 1621 1636 corpore.
1640 1598 1729 1648 Veluti
1741 1600 1833 1626 nescio

200 1655 272 1689 quod
294 1660 322 1683 et
347 1656 458 1691 reliquis
477 1657 579 1686 dictum
602 1664 644 1687 est
663 1669 670 1687 :
692 1659 761 1693 Quia
781 1669 825 1688 vos
840 1662 937 1688 vocatis
952 1671 993 1690 me

199 1701 357 1736 Magistrum
370 1707 394 1729 et
412 1702 565 1736 Dominum,
581 1710 606 1732 et
617 1706 679 1733 bene
692 1707 789 1734 dicitis.
806 1706 870 1734 Sum
885 1708 991 1736 etenim.

198 1744 230 1772 Si
244 1746 326 1781 igitur
340 1755 386 1782 ego
402 1747 528 1776 Dominus
541 1754 565 1777 et
577 1750 702 1786 Magister
718 1751 772 1779 lavi
786 1753 862 1787 pedes
881 1758 989 1785 vestros,

198 1794 226 1816 et
242 1798 286 1817 vos
301 1791 398 1819 debetis
422 1793 532 1821 inuicem
555 1795 646 1823 lavare
667 1797 698 1823 ¹¹.
717 1797 787 1833 Ergo
801 1798 853 1826 hoc
873 1798 939 1826 dicit
961 1803 991 1827 ut

196 1834 343 1870 cpiscopus
358 1837 468 1865 mittens
481 1847 577 1873 aquam
591 1840 617 1867 in
633 1842 742 1875 pelvim,
760 1847 787 1870 et
799 1848 898 1871 exutus
911 1844 991 1873 vesti-

192 1877 247 1904 bus
266 1877 335 1911 suis,
353 1882 381 1905 et
400 1880 563 1913 pracinctus
579 1881 663 1909 linteo
680 1890 723 1910 me
739 1883 902 1911 extendente
916 1884 989 1911 lavet

192 1923 279 1957 pedes
290 1925 382 1952 meos?
399 1925 539 1960 Siquidem
557 1935 617 1961 vos,
634 1927 733 1963 inquit,
749 1929 853 1956 debetis
871 1929 987 1956 invicetn

191 1969 287 1997 lavare
302 1971 384 2004 pedes
402 1975 517 1999 vestros.
539 1971 567 2000 Si
591 1973 643 2000 hoc
658 1979 701 2000 est
723 1974 796 2009 quod
811 1974 925 2005 dicitur,
939 1982 987 2000 ne-

191 2024 240 2043 mo
257 2022 378 2045 vestrum
398 2020 557 2047 mandatum
575 2021 707 2048 servabit.
731 2020 818 2049 Nemo
832 2022 905 2050 enim
926 2022 988 2057 qui-

190 2063 355 2098 buscunque
374 2064 546 2093 venientibus
565 2074 710 2094 assumens
726 2067 838 2095 linteum
854 2068 986 2096 diaconus

190 2108 236 2135 vel
263 2110 414 2145 presbyter,
444 2110 502 2137 sive
523 2112 669 2146 episcopus
691 2112 764 2140 lavat
779 2114 872 2148 pedes.
890 2113 943 2141 Sed
963 2114 986 2141 si

190 2153 330 2189 intelligas
350 2162 382 2182 ea
401 2163 463 2190 qua:
484 2156 584 2191 scripta
600 2162 678 2190 sum,
694 2159 740 2193 qui
759 2166 823 2187 vere
836 2159 907 2187 beati
923 2165 987 2188 sunt

188 2200 312 2236 episcopi
339 2202 491 2230 servientes
516 2202 668 2237 Ecclesia,
695 2204 806 2233 mittunt
827 2213 927 2240 aquam
952 2206 986 2234 tle

190 2247 344 2282 Scripturis
366 2249 392 2275 in
421 2249 519 2284 pelvim
537 2249 652 2284 animae,
675 2251 747 2286 quod
776 2256 818 2279 est
834 2252 985 2280 secundum

1040 1647 1103 1683 quis
1118 1654 1133 1674 a
1148 1646 1289 1674 nativitatc
1308 1653 1398 1673 caecus
1417 1646 1504 1673 visum
1521 1645 1693 1681 recuperavit
1709 1645 1730 1661 ”
1745 1654 1752 1672 :
1770 1653 1834 1672 vere

1040 1697 1130 1721 autem
1147 1700 1236 1720 caecus
1252 1692 1304 1719 istc
1317 1700 1331 1719 a
1347 1692 1487 1719 nativitatc
1502 1696 1561 1719 erat
1579 1691 1720 1726 gentilium
1745 1698 1833 1726 popu-

1040 1738 1093 1771 lus,
1109 1738 1153 1766 cui
1170 1738 1296 1765 Salvator
1311 1738 1428 1765 reddidit
1443 1738 1543 1770 visum,
1562 1737 1648 1765 saliva
1664 1745 1713 1765 sua
1727 1744 1833 1772 ungens

1039 1784 1134 1811 oculos
1144 1784 1215 1818 ejus,
1227 1788 1255 1811 et
1268 1783 1376 1811 mittens
1387 1783 1421 1811 ad
1436 1783 1549 1815 Siloam,
1560 1783 1632 1818 quod
1641 1783 1834 1817 interpretatur

1040 1829 1145 1855 missus.
1171 1828 1294 1855 Mittebat
1318 1829 1419 1863 quippe
1440 1836 1488 1855 eos
1509 1835 1579 1862 quos
1594 1827 1691 1862 spiritu
1707 1827 1786 1853 unxit
1804 1830 1834 1853 ut

1038 1873 1190 1905 crederent,
1207 1873 1241 1900 ad
1257 1873 1371 1904 Siloam,
1388 1873 1414 1899 id
1435 1877 1477 1899 est
1496 1873 1529 1900 ad
1545 1873 1685 1906 apostolos
1701 1877 1727 1898 et
1745 1872 1833 1906 magi~

1039 1923 1122 1951 stros,
1135 1922 1246 1952 propter
1262 1918 1336 1953 quod
1352 1919 1485 1953 scriptum
1500 1923 1543 1945 est
1553 1918 1587 1945 dc
1607 1918 1680 1945 Siloa
1693 1939 1699 1950 ,
1714 1918 1778 1953 quia
1791 1919 1832 1945 in-

1039 1968 1199 1998 terpretatur
1206 1964 1302 1991 missus
1317 1964 1348 1991 ¹³.
1364 1964 1397 1991 Et
1409 1964 1627 2000 quotiescunque
1640 1964 1787 1999 incipimus
1798 1965 1832 1992 ah

1037 2009 1101 2037 Jesu
1128 2010 1243 2043 visitari,
1259 2015 1289 2037 ut
1311 2010 1475 2046 recipiamus
1499 2011 1598 2038 animae
1615 2011 1721 2043 oculos,
1747 2011 1831 2038 mittit

1037 2064 1088 2083 nos
1106 2056 1141 2083 ad
1167 2056 1281 2090 Siloam,
1302 2056 1355 2084 hoc
1380 2062 1423 2084 est
1445 2057 1556 2084 missus.
1586 2056 1617 2084 Et
1642 2057 1832 2091 unusquisque

1036 2110 1102 2137 ergo
1119 2106 1243 2130 nostrum
1259 2103 1369 2138 quando
1384 2103 1448 2137 legit
1464 2110 1496 2129 ca
1508 2110 1569 2137 qua:
1584 2102 1611 2129 in
1625 2101 1781 2136 Evangeliis
1791 2101 1831 2128 fa-

1036 2152 1079 2175 cta
1094 2151 1167 2179 sunt,
1181 2152 1241 2174 oret
1254 2155 1288 2175 ne
1301 2147 1382 2174 etiam
1397 2147 1424 2173 in
1441 2154 1470 2173 se
1485 2146 1654 2181 compleatur
1674 2154 1681 2172 :
1709 2144 1831 2172 Videntes

1037 2193 1170 2225 uidebitis,
1190 2197 1215 2219 et
1227 2200 1279 2219 non
1290 2192 1389 2219 scietis.

1071 2251 1098 2277 4.
1116 2250 1144 2277 Si
1157 2254 1264 2283 autem,
1284 2253 1312 2276 ut
1325 2249 1484 2276 existimant
1504 2249 1696 2284 simpliciores,
1714 2250 1758 2277 illa
1769 2257 1830 2284 quae

190 2293 361 2327 Scripturas,
387 2298 414 2320 ct
439 2298 544 2322 tentant
561 2295 661 2331 pedum
680 2296 877 2332 discipulorum
890 2298 986 2327 sordes
1002 2296 1024 2323 D
1037 2296 1108 2324 facta
1128 2300 1192 2323 sunt
1207 2303 1261 2323 non
1277 2300 1389 2331 propter
1403 2303 1469 2329 nos,
1488 2295 1535 2323 sed
1555 2302 1667 2331 propter
1679 2304 1708 2324 se
1722 2300 1829 2323 tantum

189 2339 303 2372 lavare,
321 2344 348 2367 et
363 2340 474 2372 eluere,
494 2346 521 2368 et
545 2342 689 2377 projicere.
717 2342 751 2369 Et
767 2343 808 2371 sic
826 2345 985 2373 custodiunt

188 2384 313 2419 episcopi
330 2387 490 2414 mandatum
509 2387 647 2415 imitantes
662 2387 767 2422 Jesum,
779 2390 821 2417 sic
833 2394 859 2417 et
872 2390 983 2426 presby-

190 2430 255 2458 teri.
272 2430 380 2459 Utinam
395 2436 422 2459 et
432 2440 482 2468 ego
500 2433 633 2468 accipiam
647 2441 720 2461 nunc
730 2442 830 2469 aquam
846 2443 906 2470 quae
922 2444 985 2471 pos-

188 2476 227 2503 sit
241 2476 340 2504 anima:
359 2482 457 2506 vestrae
472 2480 555 2514 pedes
571 2480 673 2513 lavare,
691 2485 717 2508 et
732 2481 922 2517 unusquisque
938 2490 985 2511 ve-

189 2526 279 2549 strum
293 2522 367 2550 dicat
380 2531 441 2551 cum
456 2524 539 2552 fuerit
549 2525 622 2554 lotus
637 2534 644 2553 :
663 2525 727 2553 Lavi
737 2527 815 2561 pedes
828 2535 909 2561 meos,
919 2536 983 2563 quo.

189 2568 268 2596 modo
282 2569 425 2604 inquinabo
438 2570 499 2597 illos
512 2571 551 2598 “‘3
577 2571 633 2599 Hoc
647 2573 720 2599 enim
740 2581 841 2607 sponsa
863 2574 930 2601 dicit
955 2575 982 2602 in

189 2615 311 2643 Cauticis
334 2616 516 2649 canticorum,
538 2625 592 2645 non
614 2619 761 2647 ostendens
775 2627 982 2656 corporeospe-

189 2660 238 2688 dcs
253 2660 334 2693 lotos,
350 2662 397 2690 sed
411 2662 495 2698 pedes
507 2671 562 2690 non
581 2663 759 2692 attendentes.
778 2663 816 2692 De
827 2665 928 2700 quibus
939 2666 982 2693 di-

226 2729 345 2769 '__Malth.
368 2739 430 2769 xt_n,
453 2731 508 2769 id;
521 2741 566 2766 xv,
601 2734 626 2761 7.
664 2734 675 2749 '
694 2733 774 2761 Joan.
791 2743 852 2767 xm,
867 2736 894 2769 7,
908 2737 935 2763 8.
975 2737 997 2754 ¹⁰

192 2765 214 2811 ξς
228 2764 309 2828 geist.
320 2774 355 2827 7v
367 2786 375 2799 ,
392 2764 426 2794 5.
460 2767 483 2783 ιδ
493 2764 575 2796 Prov.
603 2777 644 2801 ιιι,
665 2769 710 2797 25,

1038 2342 1108 2370 facta
1121 2346 1196 2376 sunt,
1210 2348 1237 2371 et
1252 2350 1306 2369 non
1322 2346 1400 2369 erant
1415 2342 1539 2377 exempla
1552 2343 1666 2370 alterius
1679 2343 1730 2375 rei,
1745 2350 1829 2379 expo-

1041 2394 1108 2416 nant
1120 2396 1201 2424 quem
1214 2389 1266 2416 hoc
1278 2389 1350 2424 quod
1364 2388 1466 2416 dictum
1476 2393 1518 2416 est
1530 2398 1537 2415 :
1556 2387 1677 2416 Videntes
1695 2388 1827 2420 videbitis,

1035 2440 1059 2462 et
1075 2443 1126 2462 non
1140 2435 1229 2462 scietis
1240 2455 1247 2467 ,
1261 2435 1361 2462 habeat
1383 2442 1507 2462 sensum.
1527 2433 1595 2462 Nam
1610 2435 1633 2461 si
1648 2442 1702 2461 non
1719 2442 1750 2462 ea
1767 2442 1829 2469 qua:

1034 2481 1197 2509 videbantur
1215 2481 1353 2509 habebant
1369 2481 1488 2517 aliquem
1505 2488 1616 2509 sensum
1632 2484 1779 2513 secretum,
1798 2485 1828 2507 ut

1035 2537 1097 2556 cum
1112 2528 1268 2556 carnalibus
1281 2529 1369 2556 oculis
1387 2528 1470 2556 etiam
1488 2527 1644 2563 spiritaliter
1659 2528 1826 2563 inspiceren-

1036 2579 1090 2606 tur,
1115 2582 1254 2609 nunquam
1274 2574 1388 2602 dixisset
1406 2583 1412 2601 :
1435 2573 1557 2601 Videntes
1573 2572 1705 2606 videbitis,
1730 2576 1756 2599 et
1774 2579 1825 2598 non

1034 2622 1134 2649 scietis.
1151 2620 1191 2647 Ad
1210 2620 1433 2655 approbationem
1450 2624 1540 2647 autem
1555 2620 1653 2647 horum
1671 2616 1725 2653 (98)
1739 2620 1767 2643 et
1784 2615 1824 2642 al-

1036 2667 1122 2695 terius
1134 2666 1228 2701 scripti
1245 2665 1278 2692 de
1288 2665 1435 2700 Evangelio
1446 2664 1631 2692 testimonium
1643 2662 1824 2696 proferemus,

1034 2738 1113 2765 Joan.
1146 2745 1201 2769 xw,
1229 2736 1256 2763 6.
1297 2736 1317 2752 ¹¹
1335 2736 1414 2763 Joan.
1441 2728 1502 2765 xiii,
1520 2735 1545 2760 8.
1586 2734 1607 2769 ¹ν²
1625 2731 1702 2769 ibid._,
1721 2731 1823 2764 15,“.

751 2770 772 2786 ¹⁵
788 2770 861 2799 Psal.
888 2766 975 2805 tu",

1068 2771 1115 2799 "l
1141 2766 1212 2799 Tim.
1243 2779 1269 2803 ν,
1287 2770 1330 2799 10.
1371 2771 1391 2786 ¹⁷
1408 2769 1461 2797 Tit.
1486 2777 1516 2800 ιι.
1539 2769 1566 2800 5,
1585 2768 1612 2796 4.
1651 2766 1674 2783 ¹³
1684 2767 1763 2794 Joau.
1785 2773 1824 2794 lx.

228 2881 282 2914 {98)
303 2883 344 2910 Ad
361 2883 578 2920 approbationem
593 2891 680 2913 autent
698 2887 809 2921 harum,
835 2892 887 2917 etc.
903 2888 971 2917 Vide
983 2889 1170 2921 praelationem
1187 2892 1308 2915 nostram
1328 2885 1362 2913 ad
1381 2888 1446 2910 tom.
1464 2883 1496 2917 ll,
1519 2893 1579 2921 pag.
1597 2892 1633 2912 iv.
