4130 6432
465 338 572 393 2ίῦ

1964 347 2286 406 ORIGENIS

3636 348 3741 406 ω

489 473 628 545 quod
677 471 833 544 juxta
875 488 971 528 eos
1022 473 1116 542 qui
1172 481 1380 526 tantum
1431 471 1664 524 litteram
1720 477 2059 538 sequuntur,
2090 476 2134 532 Α
2165 483 2258 523 reo
2284 467 2446 523 corde
2485 469 2750 526 vocabulo
2785 469 2982 525 animae
3010 478 3210 524 nostra
3237 466 3534 538 principale
3561 469 3742 523 nomi-

490 564 824 618 tnendacium
874 573 974 618 est.
1015 562 1152 618 Dicit
1195 561 1443 615 Salvator
1475 571 1529 616 et
1566 560 1830 614 Dominus
1873 568 2059 614 noster

489 653 554 708 ad
578 655 874 724 discipulos
908 655 960 708 in
996 653 1292 723 Evangelio
1327 653 1625 708 secundum
1651 651 1917 706 Joannem
1949 669 1963 705 :
1996 649 2059 704 Si

482 742 835 807 credideritis,
874 760 974 796 non
1001 743 1170 796 solum
1195 759 1313 813 quae
1338 760 1429 813 ego
1456 744 1599 812 facio
1621 742 1828 810 facietis
1849 760 1867 805 ;
1893 739 1984 794 sed
2009 749 2059 793 et

479 833 687 902 majora
724 834 908 887 horum
937 835 1145 904 facietis
1181 837 1245 888 '°.
1285 835 1580 890 Videamus
1606 849 1736 904 ergo
1771 833 1818 888 si
1849 833 2058 902 majora

478 926 660 996 aliqua
707 925 929 982 fecerint
985 927 1260 998 discipuli.
1319 927 1458 994 Quid
1522 928 1700 997 majus
1754 934 1837 980 est
1892 940 2055 994 quam

479 1029 754 1072 mortuum
807 1019 1114 1074 suscitare?
1149 1018 1284 1085 Quis
1326 1035 1434 1073 non
1470 1020 1595 1074 dico
1639 1027 1910 1080 nostrum,
1962 1015 2055 1069 sed

473 1109 842 1177 apostolorum
876 1121 1150 1164 moi-tuum
1187 1111 1511 1166 suscitavit?
1538 1108 1719 1162 Refert
1753 1106 1978 1161 historia
2010 1105 2052 1136 "

471 1198 600 1266 quia
634 1198 839 1255 Paulus
864 1200 1164 1271 Eutychum
1204 1201 1616 1257 resuscitaverit
1652 1214 1682 1252 a
1715 1197 1968 1259 mortuis,
1999 1204 2055 1250 et

471 1287 668 1343 Petrus
703 1288 990 1344 Tabitham
1033 1306 1156 1360 qua:
1189 1292 1572 1361 interpretatur
1617 1291 1817 1342 Dorcas
1855 1287 1920 1339 ".
1951 1284 2053 1340 Ista

471 1389 654 1434 autem
690 1391 744 1436 et
790 1382 891 1436 alia
947 1383 1255 1438 istiusmodi
1316 1382 1546 1436 inveniri
1596 1387 1825 1450 possunt
1884 1395 1897 1431 :
1961 1375 2053 1429 ubi

471 1481 602 1525 sunt
633 1474 890 1542 majora?
941 1474 1044 1528 Sed
1096 1484 1149 1530 et
1196 1489 1369 1529 catcos
1411 1471 1660 1526 Salvator
1684 1469 1811 1523 fecit
1832 1481 2052 1521 rursum

469 1563 656 1618 videre
697 1566 763 1628 ",
817 1575 870 1620 et
918 1566 1061 1636 quod
1095 1566 1273 1635 majus
1301 1575 1400 1630 est,
1429 1580 1524 1619 eos
1550 1563 1644 1633 qui
1673 1562 1753 1616 sic
1787 1559 1895 1614 nati
1929 1557 2048 1612 fue-

468 1665 622 1710 runt.
667 1655 968 1712 Exhibeant
997 1673 1135 1727 quos
1163 1673 1334 1712 caecos
1364 1655 1433 1710 ab
1459 1663 1614 1708 utero
1641 1651 1894 1707 manibus
1916 1660 2048 1717 apo-

468 1750 733 1806 stolorum
767 1759 984 1804 curatos
1019 1749 1352 1819 aspexerint.
1398 1747 1463 1802 Et
1484 1747 1589 1802 alia
1619 1742 1828 1800 infinita
1864 1745 2046 1810 potest

2160 569 2340 624 natur,
2375 569 2430 614 ut
2469 561 2816 615 manifestum
2860 571 2944 616 est
2985 577 3052 615 ex
3089 577 3154 616 eo
3177 560 3320 630 quod
3353 560 3404 613 in
3440 558 3736 630 Evangelia

2157 648 2358 702 dicitur
2417 667 2432 703 :
2486 649 2644 704 Beati
2696 651 2893 704 mundo
2946 652 3102 705 corde
3129 653 3193 703 ⁸⁵.
3255 649 3444 721 Neque
3495 651 3641 706 enim
3683 651 3740 707 hi

2159 739 2364 794 mundo
2393 742 2556 796 corde
2590 752 2738 808 sunt,
2764 743 2858 813 qui
2889 743 3235 812 sanguinem,
3265 743 3349 798 vel
3374 743 3740 815 quodcunque

2159 831 2401 886 materiae
2433 834 2736 902 corporalis
2782 835 3111 891 intrinsecus
3136 851 3244 889 non
3274 836 3492 890 habent.
3527 834 3630 890 Sed
3657 837 3738 892 dio

2157 932 2304 976 ctum
2350 934 2432 979 est
2469 942 2482 979 :
2518 925 2674 978 Beati
2715 926 2912 979 mundo
2964 928 3136 990 corde,
3194 941 3293 996 pro
3333 940 3400 980 eo
3450 926 3595 996 quod
3633 935 3737 992 est,

2158 1013 2300 1068 beati
2368 1016 2461 1084 qui
2541 1017 2805 1070 mundum
2877 1017 3079 1072 habent
3148 1017 3444 1086 principale
3518 1017 3734 1075 anitum.

2155 1103 2464 1177 Principale
2514 1109 2834 1164 nominatur
2875 1125 2974 1180 pro
3016 1111 3198 1164 corde.
3244 1109 3514 1175 Quoniam
3573 1109 3740 1179 igitur

2155 1195 2455 1266 principale
2477 1199 2673 1254 animae
2706 1210 2906 1254 nostrae
2934 1201 3078 1270 quod
3110 1214 3229 1254 esse
3260 1199 3458 1255 dicitur
3485 1200 3538 1253 in
3571 1201 3736 1257 corde

2155 1291 2561 1358 corporeo,sive
2585 1292 2847 1346 mundum
2875 1301 3068 1348 estcor
3092 1301 3362 1358 nostrum,
3379 1293 3733 1346 siveimmun-

2154 1378 2318 1445 dum;
2351 1381 2692 1437 immundum
2708 1383 2927 1454 quidem
2946 1385 3166 1454 quando
3185 1384 3542 1454 cogitationes
3560 1385 3735 1454 pessi-

2154 1486 2258 1526 ma:
2289 1473 2645 1542 egrediuntur
2678 1491 2742 1530 ex
2770 1490 2854 1541 eo,
2884 1476 3202 1543 homicidia,
3236 1476 3523 1540 adulteria,
3565 1476 3731 1542 furta,

2152 1560 2352 1618 falsum
2389 1566 2762 1622 testimonium
2784 1608 2800 1633 ,
2835 1568 3223 1638 blasphemiae;
3255 1568 3521 1622 mundum
3549 1581 3731 1623 autem

2151 1657 2374 1724 quando
2401 1657 2760 1728 cogitationes
2790 1670 3013 1724 sanctm,
3044 1669 3098 1715 et
3130 1660 3437 1715 intellectus
3461 1660 3652 1728 divini,
3678 1670 3733 1715 et

2152 1762 2307 1802 mens
2353 1764 2522 1818 pura;
2559 1761 2780 1821 propter
2816 1751 2919 1807 hoc
2961 1752 3336 1806 arbitrandum
3368 1761 3452 1806 est
3485 1760 3735 1806 attenua-

468 1841 534 1894 de
566 1839 870 1909 Evangeliis
901 1841 1142 1896 invenire
1167 1841 1259 1911 qui
1289 1840 1486 1911 quaerit
1507 1881 1521 1905 ,
1556 1840 1685 1909 quia
1712 1851 1890 1907 neque
1920 1844 2051 1902 θρο-
2082 1824 2124 1880 Β
2154 1846 2269 1893 tum
2295 1842 2513 1910 quidem
2544 1859 2666 1899 esse
2692 1845 2919 1909 dictum,
2952 1853 3289 1899 attenuatum
3321 1859 3351 1898 a
3380 1853 3568 1899 sancto
3601 1841 3728 1914 Spi-

464 1933 589 1988 stoli
615 1933 700 1987 his
732 1933 939 2003 majora
971 1932 1216 1997 fecerint,
1247 1948 1422 2003 neque
1451 1947 1640 1987 eorum
1675 1943 2042 1985 successores.

463 2022 666 2078 Verum
696 2039 878 2079 sermo
909 2023 1207 2094 Scriptura:
1247 2023 1353 2078 tale
1385 2023 1641 2094 quiddam
1670 2021 1884 2075 locutus
1911 2027 1996 2073 est
2029 2037 2042 2072 :

462 2118 552 2173 his
574 2133 696 2187 qua:
733 2133 832 2186 ego
869 2118 970 2172 feci
1005 2116 1403 2186 corporalibus,
1433 2131 1529 2169 vos
1567 2113 1774 2184 majora
1812 2110 2040 2166 facietis.

462 2207 579 2279 Ego
614 2207 716 2263 feci
760 2222 1049 2277 resurgere
1102 2223 1168 2261 ex
1227 2206 1460 2260 mortuis
1513 2203 1896 2273 corporaliter,
1946 2217 2044 2256 vos

462 2314 750 2369 resurgere
777 2298 990 2354 facietis
1018 2315 1081 2352 ex
1107 2298 1341 2353 mortuis
1367 2297 1702 2368 spiritaliter.
1739 2295 1850 2365 Ego
1883 2296 2043 2351 czecis

461 2391 727 2447 sensibile
763 2393 868 2448 hoc
921 2393 1103 2446 lumen
1135 2391 1331 2456 inludi,
1375 2406 1471 2445 vos
1519 2390 1818 2460 spiritalem
1864 2390 2041 2444 lucem

459 2499 568 2538 non
597 2484 905 2538 videntibus
935 2484 1154 2539 dabitis.
1205 2482 1389 2553 Usque
1419 2482 1485 2537 ad
1519 2483 1658 2536 hanc
1687 2491 1867 2536 autem
1899 2481 2040 2535 diem

457 2578 576 2632 hac
624 2577 832 2647 majora
863 2576 1015 2647 signa
1066 2591 1094 2630 a
1146 2575 1521 2646 corporalibus
1547 2590 1668 2644 qua:
1703 2573 1830 2628 fecit
1859 2572 2039 2637 Jcsus,

454 2684 558 2740 ego
609 2668 766 2723 video
818 2669 930 2722 ﬁeri
979 2683 1075 2738 per
1125 2667 1474 2722 ﬁdelissimos
1537 2665 1838 2734 discipulos
1886 2663 2037 2720 Jesn.

455 2763 652 2814 Annon
689 2760 816 2814 caeci
862 2774 1008 2812 nunc
1038 2759 1264 2822 vident,
1313 2767 1368 2812 et
1403 2757 1581 2811 claudi
1637 2757 1940 2821 ambulant,
1987 2766 2036 2810 et

455 2853 659 2924 leprosi
686 2852 1042 2915 mundantur,
1075 2860 1129 2906 et
1164 2852 1373 2921 reliqua
1411 2850 1585 2904 ﬁunt?
1616 2850 1673 2904 Si
1708 2851 1753 2906 is
1785 2851 1878 2920 qui
1923 2852 2038 2905 heri

455 2947 764 3001 obcazcatus
799 2954 881 2999 est
907 2945 1173 3000 accedens
1212 2944 1278 2997 ad
1306 2943 1509 2997 idolum
1546 2946 1704 3014 quasi
1744 2944 1810 2999 ad
1843 2943 2037 3010 Deum,

453 3037 616 3092 hodie
663 3037 878 3091 invocet
920 3034 1090 3090 Deum
1120 3036 1304 3091 vivum
1349 3035 1579 3106 pristina
1632 3036 2035 3105 derelinquens,

456 3138 639 3177 nonne
682 3123 869 3179 videt?
906 3122 1101 3176 Annon
1136 3124 1225 3194 qui
1263 3125 1378 3178 heri
1425 3123 1651 3179 claudus
1674 3133 1791 3180 erat
1817 3133 2039 3195 propter
2063 3163 2107 3222 ο

452 3220 764 3280 peccatum,
817 3227 962 3266 nunc
1013 3223 1233 3283 propter
1283 3213 1672 3284 discipulorum
1729 3215 2033 3270 doctrinam

453 3295 559 3358 iter
598 3320 787 3359 verum
818 3304 1047 3360 edoctus
1089 3305 1266 3361 stabili
1298 3306 1545 3376 graditur
1576 3308 1745 3376 pede?
1788 3305 1892 3373 Qui
1917 3307 2035 3362 heri

452 3396 664 3450 aridam
709 3396 943 3451 habebat
973 3413 1219 3461 manum,
1245 3409 1296 3452 et
1332 3398 1565 3452 otiosam
1590 3398 1657 3454 ad
1685 3398 2034 3455 benefacien-

453 3490 609 3554 dum,
640 3488 803 3543 hodie
837 3490 1107 3560 recipiens
1136 3508 1360 3550 manum
1388 3494 1551 3549 habet
1581 3507 1702 3548 eam
1724 3493 2037 3548 viventem?

453 3579 512 3635 Si
539 3582 743 3638 videris
779 3583 1012 3656 aliquem
1052 3586 1346 3657 pollutum,
1397 3596 1450 3641 et
1484 3586 1690 3657 lepram
1745 3582 1798 3639 in
1849 3584 2034 3640 anima

451 3674 740 3730 habentem
795 3677 977 3732 subito
1025 3679 1310 3748 poenitere,
1357 3694 1421 3734 ac
1467 3679 1732 3735 doctrina:
1781 3691 2035 3734 sermone

446 3779 859 3841 compunctum,
894 3788 1001 3828 non
1035 3781 1087 3828 te
1107 3773 1289 3844 pigeat
1333 3774 1546 3838 dicere,
1591 3773 1722 3844 quia
1753 3775 1932 3844 majus
1963 3772 2035 3827 sit

451 3863 599 3918 hunc
628 3865 944 3935 spiritaliter
979 3866 1278 3937 leprosum,
1321 3881 1486 3936 quam
1515 3866 1806 3938 quemdam
1836 3878 2033 3920 carna-

449 3955 575 4010 liter
610 3956 777 4013 luisse
823 3967 1135 4028 purgatum.
1174 3957 1241 4013 Et
1270 3959 1388 4014 hac
1408 3959 1626 4028 quidem
1673 3957 1876 4027 largius
1907 3971 2032 4026 pro-

452 4049 593 4103 ludit
637 4051 838 4114 oratio,
891 4051 1118 4120 cupiens
1157 4051 1444 4106 ostendere
1480 4051 1608 4118 quid
1644 4051 1715 4105 sit
1753 4048 1858 4104 boc
1887 4051 2030 4120 quod

447 4142 654 4195 dictum
681 4149 766 4196 est
792 4158 805 4194 :
828 4139 897 4195 Et
922 4140 1152 4196 videntes
1185 4141 1426 4195 videbitis
1450 4181 1463 4206 ,
1493 4151 1542 4194 et
1571 4158 1674 4195 non
1702 4140 2029 4212 intelligetis.

517 4232 570 4288 5.
602 4231 735 4299 Quae
762 4242 944 4288 autem
974 4249 1141 4290 causa
1189 4242 1273 4290 est
1317 4234 1626 4289 audientem
1671 4249 1778 4289 non
1827 4235 2030 4290 intelli-

446 4341 596 4394 gere,
635 4337 688 4381 et
712 4327 988 4383 videntem
1021 4343 1129 4383 non
1163 4328 1376 4383 videre?
1412 4327 1781 4384 Incrassatum
1818 4340 1918 4396 est,
1948 4331 2033 4384 in~

445 4415 588 4484 quit,
637 4431 728 4468 cor
769 4416 951 4486 populi
1001 4417 1180 4488 hujus.
1221 4417 1502 4488 Siquidem
1546 4421 1915 4475 necessarium
1947 4431 2032 4476 est

2148 1933 2257 1985 ritu
2299 1933 2460 2004 119
2500 1934 2621 2004 ejus
2659 1937 2752 2006 qui
2801 1938 3042 1992 salvatur
3087 1955 3100 1992 :
3146 1938 3509 1992 incrassatum
3544 1947 3727 1992 autem

2146 2032 2199 2076 et
2231 2025 2586 2092 prazl’ocatum
2641 2043 2672 2082 a
2720 2029 2925 2083 malitia
2976 2030 3096 2099 ejus
3128 2031 3220 2100 qui
3256 2038 3464 2099 peccat.
3519 2027 3728 2084 Dicitur

2144 2112 2291 2166 enim
2322 2114 2386 2168 de
2421 2125 2612 2170 sancto
2656 2114 2860 2185 Spiritu
2901 2117 2995 2186 qui
3035 2126 3118 2170 est
3167 2115 3465 2171 secundum
3511 2116 3731 2184 sapien-

2149 2204 2307 2271 tiam,
2337 2207 2466 2276 qnia
2494 2208 2566 2262 sit
2590 2209 2944 2278 multifarius,
2976 2209 3165 2274 tenuis,
3194 2207 3482 2273 mobilis”,
3517 2217 3570 2261 et
3596 2206 3724 2276 quia

2144 2295 2328 2365 justus
2389 2299 2623 2370 accipiat
2677 2301 2824 2356 hunc
2877 2301 3134 2356 subtilem
3193 2300 3466 2370 spiritum.
3540 2297 3729 2353 Dillert

2143 2388 2346 2458 quippe
2381 2389 2470 2445 hic
2520 2391 2748 2461 spiritus
2789 2394 2858 2447 ab
2889 2393 3142 2448 omnibus
3187 2392 3472 2462 spiritibus
3518 2391 3727 2446 intelle-

2143 2481 2416 2536 ctualibus
2437 2521 2452 2546 ,
2484 2483 2703 2538 mundis
2725 2524 2740 2550 ,
2789 2484 3103 2538 subtilibus.
3149 2482 3244 2538 Est
3274 2499 3404 2554 ergo
3431 2483 3728 2553 principale

2143 2573 2322 2629 cordis
2376 2583 2537 2630 tenue
2571 2575 2790 2646 quidem
2845 2577 2992 2646 quod
3047 2576 3292 2645 spiritale
3340 2586 3422 2631 est
3467 2594 3480 2630 :
3526 2575 3726 2648 pingue

2143 2677 2322 2721 autem
2351 2668 2497 2736 quod
2534 2682 2602 2721 ex
2629 2669 2931 2738 corporalis
2965 2669 3206 2723 materia:
3244 2669 3376 2724 vitio
3406 2677 3720 2722 concretum

2141 2769 2226 2814 est
2250 2799 2265 2824 ,
2299 2761 2519 2830 plenum
2552 2761 2979 2830 cogitationibus
3009 2761 3408 2831 corporalibus,
3443 2774 3564 2829 qua:
3595 2766 3724 2814 sunt

2143 2850 2196 2904 in
2230 2853 2677 2920 reprehensione.
2721 2851 2813 2907 Sic
2841 2853 3082 2908 dicitur:
3119 2851 3486 2906 Incrassatum
3524 2861 3600 2905 est
3633 2865 3725 2904 cor

2139 2943 2320 3012 populi
2365 2944 2543 3014 hujus.
2575 2944 2820 3014 lntellige
2860 2959 2924 2997 ex
2956 2960 3021 2999 eo
3061 2945 3423 2998 incrassatum
3457 2959 3578 2998 esse
3604 2958 3722 3009 cor,

2140 3035 2270 3104 quia
2322 3035 2458 3090 nihil
2497 3036 2569 3091 sit
2604 3037 2656 3090 in
2712 3052 2777 3090 eo
2813 3048 3007 3106 praater
3060 3037 3329 3090 humanas
3376 3046 3430 3089 et
3477 3034 3723 3090 carnales

2140 3127 2553 3183 sollicitudines.
2611 3127 2900 3192 Quomodo
2967 3128 3114 3183 enim
3185 3128 3412 3182 materia
3475 3129 3723 3198 corporis

2139 3219 2359 3289 pinguis
2387 3231 2490 3287 est,
2525 3220 2714 3275 eodem
2745 3220 2907 3274 modo
2939 3221 3104 3275 etiam
3135 3220 3382 3290 corporei
3416 3220 3722 3276 intellectus

2138 3323 2192 3367 et
2221 3313 2598 3383 cogitationes.
2648 3311 2724 3366 Ex
2759 3329 2868 3382 quo
2917 3328 3040 3367 cum
3087 3310 3198 3365 duo
3233 3312 3410 3381 posita
3445 3310 3588 3372 sint,
3637 3311 3722 3364 in-

2139 3404 2375 3459 crassari
2407 3419 2503 3458 cor
2533 3420 2597 3458 ex
2630 3404 2983 3459 sarcularibus
3011 3403 3193 3468 euris,
3243 3413 3297 3456 et
3335 3400 3602 3456 attenuari
3652 3417 3719 3456 ex

2137 3496 2506 3551 sollicitudine
2536 3496 2788 3565 spiritali,
2823 3511 2946 3551 cum
2976 3495 3100 3565 quis
3127 3494 3328 3565 cogitat
3365 3509 3429 3549 ea
3464 3508 3586 3564 quae
3611 3491 3722 3548 Do-

2137 3587 2272 3642 mini
2327 3597 2489 3652 sunt,
2541 3587 2837 3657 projiciens
2886 3587 3270 3658 pinguedinem
3311 3602 3378 3642 ex
3424 3586 3626 3654 corde,
3663 3594 3720 3640 et

2136 3679 2317 3736 sciens
2343 3679 2472 3749 quia
2508 3680 2554 3734 si
2601 3680 2968 3735 incrassatum
3010 3678 3174 3733 fuerit
3219 3693 3315 3732 cor
3346 3677 3466 3748 ejus
3489 3717 3505 3742 ,
3545 3690 3722 3747 neque

2136 3772 2370 3843 accipiat
2405 3787 2689 3827 sermones
2725 3769 2857 3837 Dei,
2887 3786 3065 3841 neque
3099 3771 3282 3825 videat
3311 3769 3505 3825 salutis
3533 3783 3722 3823 sacra-

2136 3874 2320 3919 menta
2350 3879 2362 3915 :
2402 3863 2738 3933 deponamus
2765 3873 2818 3919 et
2845 3879 2946 3919 nos
2993 3863 3412 3918 crassitudinem
3435 3900 3449 3924 ,
3482 3871 3535 3914 et
3561 3875 3718 3914 assu-

2137 3970 2350 4010 mamus
2376 3969 2496 4008 eam
2530 3968 2652 4024 qua:
2680 3954 2823 4008 dicta
2851 3962 2934 4008 est
2965 3951 3306 4017 tenuitatem,
3343 3962 3401 4005 ut
3429 3962 3482 4005 et
3509 3963 3609 4004 nos
3635 3947 3720 4002 di-

2134 4061 2326 4102 camus
2373 4045 2650 4115 quomodo
2679 4043 2979 4116 Prophetes
3024 4058 3037 4094 :
3102 4041 3282 4097 Sitivit
3332 4043 3386 4095 in
3441 4051 3489 4095 te
3538 4040 3719 4094 anima

2135 4154 2249 4191 mea
2271 4178 2285 4204 ,
2317 4153 2474 4207 quam
2508 4137 2874 4207 multipliciter
2900 4136 2996 4190 tibi
3026 4152 3151 4189 caro
3177 4151 3314 4188 mea.
3349 4132 3416 4187 In
3448 4142 3587 4187 terra
3624 4135 3718 4187 de-

2133 4243 2299 4296 serta,
2329 4229 2474 4283 invia
2503 4239 2550 4283 et
2579 4231 2860 4298 inaquosa,
2884 4229 2961 4282 sic
2991 4229 3045 4280 in
3069 4235 3254 4280 sancto
3286 4227 3511 4295 apparui
3536 4225 3630 4278 tibi
3647 4225 3714 4278 “:

2133 4339 2242 4378 non
2278 4323 2435 4393 quasi
2474 4332 2697 4377 sanctus
2742 4320 2938 4376 luerim
2972 4319 3310 4384 naturaliter,
3341 4319 3434 4372 sed
3465 4318 3509 4372 si
3540 4318 3722 4373 carnis

2133 4413 2423 4485 prudentia
2468 4412 2730 4476 tabescit,
2766 4421 2821 4465 et
2855 4411 2898 4466 si
2930 4409 3217 4480 prudentia
3253 4407 3432 4461 carnis
3455 4409 3719 4462 extabue—

445 4507 676 4579 intelligi
707 4517 761 4562 et
791 4511 895 4564 hoc
921 4511 1065 4564 unde
1094 4510 1202 4576 sit,
1251 4527 1358 4565 non
1391 4514 1581 4566 eadem
1609 4521 1692 4568 est
1725 4514 2029 4585 corporalis

2143 4507 2230 4571 rit,
2270 4515 2401 4560 tunc
2428 4504 2481 4558 in
2512 4513 2705 4559 sancto
2735 4502 3008 4572 apparebo
3037 4501 3107 4555 ei.
3140 4499 3268 4553 Haec
3305 4500 3360 4553 in
3385 4500 3724 4569 explanatio-

443 4608 503 4654 et
525 4600 788 4669 spiritalis
819 4600 1090 4670 pinguedo
1117 4641 1132 4666 ,
1185 4617 1363 4672 neque
1390 4601 1580 4656 eadem
1611 4613 1695 4658 est
1729 4606 2029 4674 corporalis

445 4692 708 4759 tenuitas,
763 4702 818 4748 et
873 4693 1155 4764 spiritalis.
1214 4693 1426 4749 Etenim
1473 4696 1616 4765 quod
1672 4700 2032 4767 corporaliter

445 4783 697 4842 crasshm
728 4797 811 4843 est
838 4829 853 4855 ,
888 4789 942 4843 in
980 4803 1145 4843 carne
1183 4788 1274 4857 lit,
1328 4798 1381 4843 et
1414 4789 1549 4843 nihil
1586 4791 1716 4845 mihi
1756 4802 2031 4846 nocetcor

445 4895 705 4935 carneum
737 4881 782 4935 si
810 4882 1144 4937 incrassetur
1171 4920 1185 4946 ,
1221 4897 1397 4952 neque
1427 4883 1645 4952 prodest
1678 4899 1707 4938 a
1742 4884 2028 4954 languore,

443 4971 530 5024 vel
585 4985 615 5024 a
670 4987 999 5042 quacunque
1058 4987 1224 5027 causa
1273 4981 1606 5030 attenuetur.
1664 4973 1795 5030 Tale
1845 4986 2026 5030 autem

441 5063 703 5119 existimo
752 5064 868 5119 ﬁeri
921 5080 1018 5119 cor
1071 5081 1331 5120 carneum
1376 5082 1567 5122 eorum
1603 5067 1697 5137 qui
1737 5066 2028 5123 formidine

443 5156 815 5212 continentur.
891 5154 1180 5222 Quomodo
1244 5159 1388 5213 enim
1453 5160 1551 5213 toti
1609 5161 1899 5214 tabescunt
1959 5161 2029 5214 ab

443 5251 822 5322 azgrotationc,
874 5251 953 5305 sic
999 5249 1153 5304 aiunt
1193 5260 1247 5305 et
1276 5251 1698 5307 crassitudinem
1723 5295 1736 5319 ,
1781 5264 1833 5308 et
1866 5255 2026 5324 quid-

442 5345 574 5415 quid
617 5346 820 5416 pingue
872 5353 955 5398 est
1007 5343 1152 5396 circa
1201 5358 1298 5398 cor
1325 5359 1516 5399 eorum
1550 5346 1859 5401 extenuari.
1885 5345 2026 5412 Quid

441 5451 574 5506 ergo
619 5437 754 5492 mihi
802 5445 962 5491 nocet
1003 5435 1050 5490 si
1090 5437 1374 5505 corporale
1404 5451 1503 5492 cor
1538 5452 1721 5493 meum
1761 5437 2030 5494 incrasse-

443 5527 571 5582 tur?
607 5526 736 5584 Esto
764 5544 894 5584 vero
924 5537 980 5583 et
1023 5528 1294 5583 attenuari
1329 5544 1424 5584 cor
1456 5545 1660 5594 meum,
1711 5530 1841 5599 quid
1893 5531 2028 5585 mihi

442 5632 509 5672 ex
539 5619 644 5674 isto
690 5621 946 5690 prodest?
989 5619 1093 5676 Sed
1134 5636 1231 5676 cor
1270 5621 1645 5692 nuncupativo
1673 5635 1797 5675 cum
1827 5636 2030 5692 corpo-

513 5733 559 5763 ὀ
595 5730 753 5788 Joan.
794 5750 904 5801 xxv,
934 5735 1017 5790 l2.
1095 5737 1136 5768 ¹¹
1173 5736 1292 5792 Act.
1327 5752 1416 5791 xx.
1497 5737 1542 5768 ¹¹
1569 5734 1689 5792 Act.
1727 5751 1804 5792 ιχ.

441 5819 581 5868 an,
627 5803 680 5871 2,
719 5805 770 5860 3.

1881 5737 1926 5768 ’³
1947 5737 2135 5796 Matth.
2178 5752 2232 5792 Ix
2304 5735 2351 5770 ”
2385 5730 2572 5787 Matth.
2627 5746 2677 5798 v,
2705 5729 2760 5786 8.

2136 4615 2261 4654 nem
2312 4598 2431 4667 ejus
2483 4595 2628 4665 quod
2683 4595 2888 4650 dictum
2939 4602 3066 4648 est:
3104 4591 3468 4646 lncrassatum
3507 4603 3582 4646 est
3632 4607 3724 4645 cor

2132 4688 2312 4760 populi
2347 4689 2526 4758 hujus.

2208 4784 2261 4837 6.
2307 4782 2568 4852 Sequitur
2600 4788 2782 4835 autem
2819 4797 2833 4834 :
2872 4777 2941 4831 Et
2973 4780 3190 4832 auribus
3217 4779 3326 4832 suis
3351 4777 3583 4849 graviter
3625 4793 3722 4829 au-

2137 4879 2372 4932 dierunt.
2403 4875 2548 4929 Nihil
2574 4873 2706 4928 mihi
2734 4881 2894 4928 nocet
2919 4871 2965 4926 si
3001 4871 3238 4943 graviter
3269 4873 3486 4926 audiam
3521 4883 3718 4940 corpo-

2137 4971 2356 5034 raliter,
2404 4982 2580 5038 neque
2625 4967 2726 5020 ista
2761 4965 2895 5019 mihi
2943 4979 3109 5019 causa
3160 4963 3220 5017 lit
3254 4972 3450 5018 utnon
3500 4962 3720 5016 audiam

2137 5076 2418 5117 sermones
2451 5058 2569 5114 Dei.
2599 5055 2887 5125 Quomodo
2917 5055 3064 5111 enim
3097 5053 3232 5108 nihil
3268 5054 3403 5108 mihi
3433 5061 3592 5108 nocet
3617 5067 3722 5106 cae-

2138 5155 2276 5211 citas
2325 5153 2665 5224 corporalis,
2726 5151 2770 5206 si
2829 5166 2937 5204 non
2994 5148 3160 5204 fuerit
3210 5148 3482 5202 obcatcata
3537 5145 3720 5199 anima

2135 5265 2258 5304 mea
2291 5267 2304 5303 :
2338 5248 2417 5303 sic
2450 5262 2626 5317 neque
2660 5246 2869 5311 levitas,
2898 5259 3074 5313 neque
3108 5241 3394 5314 gravitudo
3422 5238 3717 5294 auditionis

2139 5339 2440 5410 corporalis
2473 5338 2698 5408 impedit
2729 5336 3026 5407 quidquam
3079 5333 3234 5388 mihi.
3284 5331 3379 5386 Est
3431 5332 3535 5385 alia
3572 5347 3719 5401 quae-

2137 5433 2262 5488 dam
2301 5430 2585 5503 gravitudo
2619 5428 2944 5493 auditionis,
2986 5440 3108 5496 qua:
3141 5432 3335 5479 noceat
3375 5424 3571 5478 anima:
3622 5423 3728 5477 ho-

2140 5527 2325 5581 minis.
2362 5524 2495 5592 Qnaa
2521 5532 2606 5578 est
2640 5523 2743 5578 ista
2778 5520 3062 5592 gravitudo
3083 5560 3100 5585 ,
3131 5532 3251 5590 quae
3279 5529 3363 5573 est
3392 5519 3446 5571 in
3482 5514 3726 5572 auditio-

2139 5634 2264 5674 nem
2294 5617 2529 5673 animte?
2555 5614 2868 5679 Peccatum,
2887 5612 3186 5670 secundum
3205 5609 3536 5681 Scripturas,
3556 5624 3720 5680 grave

2879 5726 2923 5761 ³⁵
2964 5725 3090 5798 Sap.
3144 5741 3253 5793 vu,
3306 5719 3397 5778 22.
3487 5723 3534 5754 ¹⁶
3570 5720 3711 5777 l’sal.
