4130 6450
437 365 545 422 245

1672 358 1738 414 EN
1773 357 2012 416 ιεΑυιιι
2051 357 2336 414 ιιοιιίιιΑ
2377 355 2488 411 γιι.

3603 347 3710 406 ‘256

438 488 544 534 est.
572 479 797 550 Propter
825 478 969 549 quod
1014 475 1253 532 sent-iens
1278 475 1403 546 quis
1428 484 1650 546 peccata
1685 492 1780 530 sua
1801 517 1817 541 ,
1845 476 1981 531 dicit
2007 494 2020 529 :
2053 483 2102 537 Α
2127 475 2306 528 dicitis
2342 473 2467 542 quia
2494 471 2751 533 videmus,
2792 479 3059 539 peccatum
3083 479 3310 523 vestrum
3349 475 3528 521 manet
3549 465 3618 522 ⁸³.
3649 463 3717 517 Et

443 571 610 634 Quasi
641 588 770 627 onus
800 587 956 642 grave
983 577 1216 639 gravata:
1247 576 1369 621 sunt
1402 583 1558 636 super
1585 583 1665 620 me
1684 566 1750 620 "'.
1801 565 1870 620 Et
1895 567 2022 635 quia

440 661 624 726 gravis
671 670 756 717 est
806 660 1094 730 iniquitas,
1142 667 1363 728 propter
1417 658 1524 710 hoc
1563 672 1727 726 super
1763 656 2023 713 talentum

441 752 648 821 plumbi
698 752 882 817 sedet,
954 760 1014 805 ut
1073 749 1126 803 in
1199 747 1468 802 Zacharia
1521 746 1786 815 scriptum
1855 745 2020 800 est”.

440 843 680 915 {Egyptii
712 853 894 899 autem
936 859 1042 898 non
1085 841 1346 912 quoniam
1379 839 1562 910 gravia
1597 838 1868 892 habebant
1898 853 2023 891 cor-

439 952 569 1006 pora
597 936 870 993 submersi
902 943 1030 991 sunt
1081 933 1238 1004 quasi
1278 931 1561 1002 plumbum
1603 931 1666 984 in
1689 945 1834 1000 aqua
1860 930 2024 982 vehe-

438 1029 605 1083 menti
624 1030 703 1096 ³³,
773 1029 870 1083 sed
921 1028 1050 1098 quia
1115 1024 1313 1079 animae
1362 1037 1554 1079 eorum
1621 1021 1689 1076 ad
1756 1021 2018 1075 talentum

437 1119 686 1188 plumbi,
717 1133 884 1188 super
921 1115 1068 1186 quod
1108 1115 1331 1170 sedebat
1383 1112 1677 1182 iniquitas,
1721 1121 2025 1182 aggravatse

437 1217 595 1265 erant
617 1224 630 1260 :
655 1218 880 1279 propter
908 1207 1054 1277 quod
1084 1203 1359 1260 submersi
1392 1212 1522 1258 sunt
1555 1212 1814 1272 tanquam
1847 1201 2024 1270 plum-

439 1304 566 1355 bum
598 1300 651 1354 in
688 1315 832 1369 aqua
863 1297 1193 1353 vehementi.
1242 1293 1540 1351 Gravitudo
1579 1308 1710 1364 ergo
1748 1291 1963 1346 aurium
1991 1306 2024 1344 a

438 1401 662 1462 peccato
712 1392 805 1459 fit,
836 1401 887 1446 et
917 1389 1108 1445 levitas
1139 1405 1170 1444 a
1213 1387 1450 1458 justitia.
1483 1385 1632 1452 Quid
1656 1383 1908 1454 estquod
1939 1381 2024 1438 fa-

437 1486 546 1541 ciat
592 1484 842 1539 auditum
914 1499 1024 1538 non
1091 1481 1330 1554 graviter
1375 1479 1601 1543 audire,
1657 1475 1752 1531 sed
1804 1474 2028 1530 leviter?

438 1576 638 1630 Pennas
669 1576 858 1638 verbi,
888 1589 1080 1645 pennae
1109 1573 1350 1627 virtutis.
1396 1569 1610 1624 E:euim
1651 1582 1844 1637 penna:
1879 1565 2024 1621 verbi

438 1668 671 1721 multum
719 1667 956 1722 levitatis
988 1666 1244 1720 ali‘erunt.
1280 1663 1414 1726 Quis
1473 1660 1622 1712 dabit
1669 1659 1798 1710 mihi
1829 1673 2028 1725 pennas

437 1755 573 1808 sicut
605 1755 863 1810 columba:
880 1796 896 1821 ,
921 1764 970 1809 et
1010 1755 1334 1822 requiescam
1360 1749 1444 1802 3°?
1470 1745 1586 1801 Hoc
1615 1745 1747 1800 dicit
1780 1744 2025 1814 Prophe-

2128 567 2268 620 bene
2297 569 2397 630 ait,
2432 565 2615 618 dicitis
2643 563 2769 632 quia
2801 563 3056 628 videmus,
3083 577 3211 616 vere
3242 559 3385 615 enim
3416 558 3547 612 dicit
3580 555 3708 626 quia

2126 655 2381 721 videant,
2435 664 2492 710 et
2539 654 2775 708 habeant
2845 652 3254 722 possibilitatem
3305 649 3554 715 videndi,
3613 650 3706 700 sed

2125 747 2440 800 claudentes
2467 746 2657 800 oculos
2688 761 2796 799 non
2831 745 3036 798 vident.
3095 742 3158 796 Et
3185 743 3230 796 si
3262 741 3478 811 quando
3509 738 3708 792 videris

2127 836 2466 905 ingeniosam
2500 835 2567 889 ad
2609 834 3018 904 intelligendum
3073 831 3308 885 animam
3343 839 3396 883 et
3421 827 3663 881 velocem
3690 869 3705 890 .

2123 933 2178 979 et
2207 925 2467 988 alacrem,
2522 939 2631 976 non
2663 922 3014 975 meditantem
3043 917 3260 987 eloquia
3285 914 3402 981 Dei,
3439 927 3708 984 cognosce

2123 1013 2251 1082 quia
2284 1027 2393 1067 non
2426 1018 2652 1082 propter
2684 1009 2986 1065 caecitatem
3019 1023 3127 1061 non
3159 1006 3304 1060 videt
3329 1019 3392 1058 ea
3433 1018 3554 1072 quae
3582 1015 3707 1054 cou-

2125 1105 2367 1160 tinentur
2409 1104 2469 1158 in
2518 1102 2838 1174 Scripturis,
2882 1117 2992 1154 non
3033 1100 3102 1153 ob
3142 1098 3194 1153 id
3224 1096 3352 1166 quia
3386 1095 3439 1149 in
3471 1093 3708 1148 tenebris

2125 1197 2215 1262 sit,
2251 1197 2345 1252 sed
2375 1199 2507 1267 quia
2537 1196 2742 1252 claudit
2770 1194 2980 1250 oculos.
3026 1191 3084 1246 Si
3127 1206 3254 1262 ergo
3285 1187 3525 1243 audieris
3557 1184 3708 1242 Scri—

2126 1294 2336 1355 pturam
2369 1286 2608 1341 divinam
2642 1286 2914 1341 dicentem
2965 1282 3050 1336 lzis
3074 1281 3166 1352 qui
3203 1275 3707 1340 claudunt-oculos,

2126 1378 2274 1447 aperi
2310 1379 2497 1434 oculos
2526 1386 2667 1444 tuos,
2713 1387 2768 1431 et
2790 1384 2944 1457 recta
2967 1371 3294 1442 vide;.aperi
3325 1371 3517 1425 oculos
3543 1369 3611 1422 ab
3641 1383 3708 1422 eo

2127 1470 2272 1538 quod
2307 1471 2611 1537 clauseras,
2645 1479 2775 1525 tunc
2807 1467 3014 1541 poteris
3043 1466 3229 1522 videre
3263 1464 3422 1534 120
3445 1471 3626 1526 recta,
3653 1467 3710 1514 et

2129 1561 2482 1617 considerare
2511 1563 2696 1616 lumen
2721 1560 2985 1616 veritatis.
3015 1558 3080 1613 Et
3110 1568 3332 1614 accusat
3362 1555 3580 1626 quidem
3613 1566 3710 1608 eos

2135 1651 2200 1706 de
2245 1652 2447 1720 quibus
2496 1653 2796 1722 quaeritur,
2841 1668 2940 1707 cur
2990 1652 3178 1706 oculos
3223 1649 3480 1707 claudant
3528 1663 3594 1700 ne
3624 1645 3706 1698 vi—

2131 1744 2316 1800 deant.
2348 1744 2466 1800 Non
2493 1754 2676 1800 autem
2704 1755 2758 1801 et
2798 1747 2902 1801 hoc
2929 1747 3090 1810 dicit,
3128 1745 3257 1814 quia
3306 1759 3413 1797 non
3453 1740 3706 1807 expediat

439 1855 522 1901 tes
569 1862 676 1901 non
716 1861 882 1900 orans
934 1857 994 1897 ut
1037 1821 1344 1910 corporalis
1391 1852 1602 1908 pennas
1651 1837 1882 1907 accipiat
1930 1851 2027 1892 co-
2061 1821 2105 1877 Β
2135 1836 2430 1906 aliquando
2455 1847 2508 1892 et
2536 1837 2791 1892 claudere
2817 1838 3013 1890 animae
3046 1836 3258 1891 oculos.
3283 1833 3509 1902 Expedit
3535 1833 3704 1895 enim,

441 1938 676 2002 lumbae,
713 1937 810 1990 sed
845 1947 1057 2006 pennas
1097 1931 1365 1986 columba:
1391 1929 1628 2000 Spiritus
1657 1929 1853 1984 sancti.
1885 1926 2028 1982 Dicit

442 2037 627 2082 autem
663 2043 863 2082 rursus
914 2025 1175 2083 Salomon
1206 2029 1275 2084 de
1297 2027 1463 2083 divite
1489 2045 1502 2081 :
1531 2025 1818 2097 Componet
1848 2035 2027 2081 autent

441 2120 546 2174 sibi
580 2138 779 2191 pennas
805 2123 1062 2192 quomodo
1091 2122 1273 2194 aquila
1298 2162 1312 2186 ,
1344 2132 1394 2178 et
1423 2125 1748 2178 convertitur
1779 2123 1834 2177 in
1865 2123 2024 2177 domo

443 2211 558 2279 ejus
593 2214 684 2283 qui
711 2223 898 2282 praeest
933 2214 1019 2268 illi
1035 2214 1099 2268 ⁸¹.
1149 2213 1204 2269 Si
1233 2215 1568 2285 accipiamus
1602 2216 1766 2287 igitur
1791 2230 2022 2286 pennas,

442 2301 635 2358 leviter
673 2305 980 2360 audiemus.
1033 2303 1090 2360 Si
1141 2315 1322 2362 autem
1354 2308 1800 2376 peccaverimus,
1843 2316 1898 2363 et
1929 2323 2026 2363 ne-

438 2393 707 2463 gligentes
737 2394 1007 2451 fuerimus
1031 2396 1179 2452 circa
1205 2397 1343 2465 alas,
1389 2407 1442 2454 et
1474 2397 1802 2454 deduxerint
1836 2416 2025 2469 pennae

440 2493 658 2548 nostrae,
686 2486 1060 2554 gravabimur,
1083 2496 1138 2542 et
1169 2489 1408 2558 graviter
1438 2489 1749 2545 audiemus.
1777 2490 2022 2548 Auribus

435 2589 566 2644 ergo
611 2576 730 2630 suis
791 2587 1109 2646 peccatores
1153 2579 1391 2647 graviter
1443 2580 1757 2636 audierunt.
1822 2581 2024 2640 Omnes

435 2668 658 2734 quidem
705 2666 920 2733 Judaei,
973 2670 1070 2740 qui
1122 2677 1254 2724 tunc
1309 2671 1607 2727 audierunt
1651 2673 2021 2743 Salvatorem,

437 2760 675 2832 graviter
707 2775 834 2816 eum
870 2761 1185 2828 audierunt,
1218 2761 1343 2816 ideo
1374 2777 1487 2819 non
1517 2764 1885 2819 crediderunt.
1917 2763 2022 2821 Us-

437 2867 547 2923 que
590 2852 754 2907 hodie
801 2862 984 2908 autetu
1027 2861 1299 2924 quotquot
1336 2853 1622 2910 audientes
1670 2854 1978 2927 Scripturas
2003 2898 2019 2922 ,

439 2959 546 2998 non
579 2943 816 2998 audiunt
859 2959 1168 2999 sermonem
1201 2945 1522 3015 spiritaliter
1542 2986 1558 3011 ,
1593 2947 1685 3016 qui
1732 2947 1866 3004 levis
1899 2960 2017 3016 est,

439 3035 534 3089 sed
581 3035 814 3091 litteram
865 3050 989 3105 quae
1020 3045 1104 3092 est
1143 3038 1324 3109 gravis
1362 3047 1417 3093 et
1462 3039 1751 3106 occidens,
1785 3042 2022 3110 graviter

439 3127 685 3181 audiunt.
711 3131 890 3198 Atque
925 3128 998 3184 ita
1029 3129 1320 3199 dupliciter
1347 3131 1570 3185 auditur
1597 3130 1901 3202 Scriptura.
1936 3134 2020 3190 Ab

438 3235 504 3273 eo
529 3219 623 3291 qui
653 3235 763 3274 non
799 3220 1047 3291 intelligit
1099 3238 1222 3292 qua:
1263 3223 1551 3289 dicuntur,
1587 3225 1824 3294 graviter
1858 3226 2017 3281 audi—

439 3319 560 3376 tur;
587 3311 656 3366 ab
685 3327 750 3367 eo
775 3327 906 3368 vero
930 3313 1023 3382 qui
1058 3313 1311 3385 intelligit
1361 3330 1506 3380 eam,
1543 3331 1652 3370 non
1698 3316 1877 3371 solum
1917 3333 2017 3372 au-

437 3403 586 3456 ditur
615 3419 723 3459 non
755 3405 1014 3476 graviter,
1059 3405 1155 3462 sed
1190 3407 1374 3478 potius
1421 3415 1601 3463 acute.
1640 3405 1794 3465 Unde
1839 3418 1890 3465 et
1923 3411 2016 3480 qui

440 3494 500 3548 fit
527 3495 856 3566 intelligens,
890 3497 948 3552 ﬁt
973 3497 1215 3555 auditor.

511 3585 562 3640 7.
605 3585 702 3642 Est
745 3596 801 3642 et
851 3588 999 3644 aliud
1039 3599 1218 3646 autem
1246 3591 1394 3662 quod
1441 3591 1795 3663 prophetatur
1827 3593 1896 3648 de
1923 3609 2018 3664 po-

437 3677 566 3744 pulo
587 3675 924 3745 Judaeorum,
956 3690 1010 3736 et
1035 3682 1102 3738 de
1134 3683 1392 3740 omnibus
1415 3685 1597 3750 nobis,
1625 3685 1672 3740 si
1702 3686 2016 3755 peccaveri-

436 3781 584 3824 mus.
639 3766 709 3822 Et
741 3769 919 3825 oculos
955 3789 1077 3827 suos
1108 3773 1453 3839 clauserunt,
1486 3776 1762 3846 nequando
1807 3776 2014 3831 videant

437 3859 623 3926 oculis,
653 3869 704 3914 et
744 3863 962 3918 auribus
997 3866 1242 3933 audiant,
1271 3877 1320 3921 et
1352 3867 1508 3921 corde
1553 3866 1872 3937 intelligant.
1905 3867 2016 3923 Eo-

436 3967 557 4008 rum
593 3956 686 4026 qui
709 3971 820 4012 non
847 3957 1064 4024 vident,
1093 3958 1318 4028 quidam
1348 3957 1476 4013 caeci
1525 3967 1685 4025 sunt,
1713 3967 1767 4013 et
1798 3965 2019 4028 propter

434 4047 732 4102 caecitatem
769 4063 875 4103 non
903 4049 1120 4115 vident;
1162 4049 1385 4118 quidam
1417 4049 1470 4102 in
1499 4049 1738 4106 tenebris
1765 4060 1927 4115 sunt,
1960 4060 2017 4109 et

433 4145 721 4208 pt-Opterea
751 4152 861 4192 non
895 4138 1096 4192 vident.
1124 4139 1231 4193 Alii
1264 4148 1446 4193 autem
1483 4155 1660 4211 neque
1688 4141 1743 4197 in
1778 4142 2016 4200 tenebris

433 4238 596 4291 sunt,
637 4243 812 4298 neque
843 4229 971 4284 edaci
1003 4240 1170 4293 sunt,
1204 4231 1298 4284 sed
1331 4231 1460 4300 quia
1504 4231 1760 4287 claudunt
1799 4234 2012 4300 oculos,

434 4334 543 4374 non
564 4319 768 4375 vident.
796 4318 862 4374 Et
885 4321 990 4376 scit
1017 4321 1116 4375 bas
1143 4321 1496 4386 differentias,
1525 4339 1650 4394 quas
1679 4325 2009 4397 principales

430 4411 613 4466 cordis
650 4413 825 4468 nostri
875 4423 1034 4476 sunt,
1093 4411 1372 4483 Scriptura
1427 4415 1632 4471 divina.
1678 4415 1815 4472 Dicit
1863 4419 2009 4472 enim

2129 1931 2272 1986 sicut
2305 1929 2660 1985 manifestum
2713 1928 2842 1984 fecit
2889 1929 3095 1990 Isaias,
3144 1928 3332 1982 dicens
3362 1926 3415 1978 in
3458 1925 3543 1979 his
3585 1940 3707 1993 quae

2128 2033 2472 2095 sequuntur:
2508 2022 2640 2089 Quis
2668 2023 3006 2077 aununtiavit
3033 2020 3175 2074 vobis
3213 2017 3383 2072 locum
3418 2018 3709 2072 (utentum?

2128 2113 2234 2180 Qui
2265 2112 2503 2168 ambulat
2532 2114 2588 2167 in
2606 2112 2826 2183 justitia
2850 2153 2865 2178 ,
2907 2121 2955 2165 et
3001 2111 3239 2181 loquitur
3273 2125 3446 2162 veram
3491 2109 3628 2162 riam
3655 2116 3702 2159 et

2127 2216 2348 2272 rectant,
2375 2205 2628 2260 obturuns
2660 2221 2814 2258 aures
2838 2214 2894 2257 ut
2932 2219 3035 2256 non
3083 2201 3557 2271 audiatjudicium
3582 2214 3708 2250 san-

2127 2300 2338 2371 guinis,
2383 2308 2432 2353 et
2475 2298 2726 2352 claudens
2774 2294 2954 2350 oculos
2990 2304 3048 2349 ut
3094 2311 3196 2348 non
3229 2293 3404 2347 videat
3446 2292 3704 2361 iniquitao

2126 2403 2229 2448 tem
2251 2393 2318 2448 “.
2376 2390 2433 2447 Si
2481 2391 2726 2447 futurum
2760 2399 2844 2445 est
2880 2399 2939 2444 ut
2983 2388 3231 2458 aperiens
3280 2387 3471 2442 oculos
3509 2385 3705 2438 animat

2125 2486 2344 2542 audiam
2372 2495 2426 2541 et
2461 2486 2695 2539 sentiam
2725 2483 3084 2552 turpiloquia,
3116 2481 3312 2534 melius
3337 2489 3421 2534 est
3452 2477 3706 2534 claudere

2125 2579 2378 2642 auditus,
2422 2592 2588 2646 quam
2618 2575 2810 2630 audire
2844 2590 2966 2644 qua:
3017 2582 3270 2627 noceant.
3311 2570 3542 2637 Quando
3573 2583 3706 2639 ergo

2125 2670 2415 2726 claudam?
2445 2667 2678 2734 Quando
2711 2667 2852 2720 mala
2882 2665 3164 2727 dicuntur,
3207 2671 3266 2718 ut
3298 2677 3475 2731 neque
3506 2660 3705 2714 intelli-

2125 2779 2248 2835 gam
2278 2777 2362 2816 ea.
2391 2760 2620 2826 Quando
2651 2759 2881 2813 videnda
2911 2766 3040 2812 sunt
3065 2755 3282 2824 eloquia
3313 2753 3446 2808 Dei?
3475 2751 3704 2820 Quando

2124 2854 2515 2919 convertimur,
2563 2863 2617 2907 et
2649 2861 2808 2907 sanat
2844 2867 2946 2906 nos
2992 2849 3136 2904 Deus
3160 2888 3174 2912 ,
3227 2848 3449 2902 mittens
3478 2846 3702 2899 verbum

2123 2947 2269 3017 quod
2313 2955 2471 3000 sanat
2510 2961 2603 3000 eos
2637 2943 2730 3014 qui
2756 2943 2942 2997 volunt
2977 2941 3156 2997 curari
3204 2939 3257 2993 in
3283 2939 3501 2994 Christo
3531 2935 3660 2992 Jesu
3687 2977 3703 3003 ,

2123 3041 2210 3095 cui
2247 3049 2331 3095 est
2363 3039 2536 3111 gloria
2573 3047 2626 3092 et
2660 3036 2949 3107 imperium
3000 3035 3054 3090 in
3106 3034 3303 3090 saecula
3353 3032 3701 3088 saeculorum.

2121 3133 2316 3188 Amen.

2694 3222 2974 3281 llOMlLlA
3019 3220 3130 3274 VII.

2121 3340 2198 3397 De
2232 3355 2299 3396 eo
2325 3342 2471 3412 quod
2508 3341 2773 3482 scriptun:
2809 3346 2892 3392 est
2925 3357 2936 3390 :
2977 3337 3110 3478 Efce
3151 3352 3244 3407 ego
3275 3347 3320 3391 et
3363 3337 3546 3404 pueri,
3594 3344 3696 3389 ctc.

2769 3425 2890 3479 cap.
2920 3424 3012 3462 vui
3044 3447 3059 3462 .

2769 3425 2890 3479 cap.
2920 3424 3059 3478 vin).

2194 3505 2244 3557 i.
2286 3503 2368 3558 Da
2397 3503 2626 3574 sapienti
2675 3505 3038 3564 occasionem,
3092 3507 3144 3554 et
3187 3499 3478 3569 sapientior
3508 3495 3709 3561 crit",-

2118 3594 2250 3648 dicit
2278 3609 2458 3650 sermo
2481 3593 2729 3659 divinus.
2765 3589 3121 3647 Occasionem
3147 3599 3330 3643 autem
3371 3595 3702 3656 acceperunt

2119 3685 2476 3741 sacratissimi
2522 3683 2752 3754 apostoli
2787 3683 2854 3736 ad
2887 3679 3224 3735 intellectum
3259 3678 3700 3748 propheticorum

2119 3791 2457 3833 sermonum.
2500 3772 2734 3829 Oremus
2777 3773 2946 3828 Deum
2996 3781 3056 3826 ut
3103 3772 3438 3840 accipiamus
3481 3768 3698 3838 sapien-

2121 3871 2276 3935 tiam,
2305 3875 2358 3922 et
2387 3866 2665 3937 possimus
2693 3864 2807 3918 fieri
2841 3863 3202 3934 sapientiores
3231 3878 3328 3932 per
3353 3862 3698 3918 occasionem

2118 3959 2489 4031 apostolorum
2531 3958 2599 4013 ad
2647 3956 2940 4026 prophetas
2985 3954 3358 4026 exponendas.
3404 3951 3700 4028 Apostolus

2117 4049 2412 4104 recordans
2441 4046 2608 4117 hujus
2637 4045 2766 4101 dicti
2799 4044 2967 4118 (vers.
3002 4045 3088 4116 18)
3123 4063 3135 4099 :
3178 4044 3311 4099 Ecce
3349 4061 3440 4115 egg
3468 4045 3698 4112 etpueri

2115 4157 2243 4212 quos
2285 4139 2425 4195 Deus
2468 4139 2612 4193 dedit
2648 4138 2814 4203 mihi;
2857 4137 3054 4194 deinde
3083 4136 3278 4204 infert,
3310 4148 3364 4192 et
3397 4136 3650 4192 edisserit
3682 4152 3695 4189 :

2117 4234 2262 4298 Quia
2294 4248 2416 4302 ergo
2449 4233 2597 4296 pueri
2622 4231 3137 4284 communicauerunt
3170 4230 3416 4298 sanguini
3444 4237 3493 4282 et
3525 4228 3696 4291 carui,

2114 4337 2160 4380 et
2188 4327 2298 4393 ipse
2325 4323 2563 4392 proxime
2592 4338 2678 4376 eos
2711 4320 2885 4390 [actus
2934 4331 3011 4376 est
3057 4322 3146 4390 qui
3181 4321 3572 4391 participantur
3611 4336 3697 4376 eu-

2116 4435 2234 4471 rum
2259 4431 2277 4469 :
2305 4424 2360 4468 ut
2391 4431 2484 4485 per
2513 4424 2732 4468 mortem
2773 4412 3012 4467 destruat
3035 4428 3152 4466 eum
3177 4412 3574 4484 quiimperium
3601 4411 3698 4467 Ita-

433 4501 686 4556 Salvatnr
716 4503 797 4556 Itis
820 4503 910 4573 qui
937 4503 1136 4557 suntin
1170 4504 1416 4571 vinculis,
1451 4507 1627 4570 exite;
1655 4517 1703 4561 et
1730 4508 1812 4562 his
1840 4509 1932 4579 qui
1959 4509 2016 4562 in
2048 4525 2092 4580 ι)
2119 4505 2199 4560 bet
2226 4506 2446 4570 mortis,
2478 4504 2575 4558 ltoc
2603 4512 2680 4558 est
2723 4501 2999 4570 Zabulou,
3039 4511 3088 4556 et
3112 4512 3262 4560 eruat
3288 4519 3373 4558 eos
3405 4504 3696 4576 quicunque

431 4591 676 4656 tenebris,
706 4601 763 4645 ut
789 4593 863 4648 eis
893 4594 1181 4661 reveletur;
1212 4605 1261 4651 et
1285 4598 1590 4652 sedentibus
1626 4597 1684 4651 in
1723 4598 1930 4668 regione
1962 4609 2012 4653 et

429 4683 620 4736 umbra
659 4684 867 4751 mortis,
913 4684 1008 4739 lux
1033 4697 1150 4742 orta
1185 4697 1262 4742 est
1301 4690 1376 4742 eis
1400 4687 1466 4743 ³¹¹.
1502 4688 1601 4743 Isti
1624 4703 1732 4743 non
1761 4690 2016 4745 viderunt

429 4775 581 4839 ideo,
609 4775 739 4845 quia
769 4775 993 4832 fuerunt
1030 4779 1086 4834 in
1114 4780 1388 4848 tenebris,
1433 4780 1608 4836 donec
1656 4781 1896 4836 oriretur
1933 4783 2014 4839 eis

427 4866 545 4922 lux.
596 4866 792 4936 Surdi,
825 4870 1043 4937 audite,
1091 4881 1146 4927 et
1176 4873 1341 4938 caeci,
1387 4874 1634 4944 aspicite.
1674 4873 1740 4928 Et
1773 4875 1893 4930 ideo
1925 4876 2013 4930 isti

427 4974 540 5014 non
563 4959 817 5016 viderunt
848 4971 996 5026 ante,
1029 4963 1158 5031 quia
1188 4967 1510 5021 naturaliter
1535 4967 1664 5022 caeci
1694 4975 1870 5022 erant.
1901 4967 2006 5035 Qui

428 5066 561 5106 vero
609 5061 762 5108 extra
809 5054 914 5109 ista
965 5064 1124 5119 sunt,
1173 5055 1378 5126 quique
1421 5058 1490 5112 ad
1537 5059 2005 5128 comparationem

425 5157 700 5200 caecorum
727 5157 781 5201 et
806 5162 998 5202 eorum
1030 5147 1120 5215 qui
1150 5149 1204 5202 in
1235 5148 1471 5204 tenebris
1523 5160 1681 5217 sunt,
1714 5151 1886 5206 multo
1916 5167 2008 5221 pe-

424 5234 572 5303 jores
596 5245 762 5292 sunt:
790 5239 825 5293 ii
858 5247 988 5294 sunt
1016 5241 1108 5309 qui
1133 5239 1256 5295 ideo
1284 5256 1392 5295 non
1428 5242 1631 5310 vident,
1661 5245 1791 5314 quia
1818 5244 2009 5300 oculos

423 5337 621 5395 Sponte
649 5332 979 5386 clauserant.
1030 5329 1143 5386 Hoc
1171 5339 1354 5386 autem
1403 5333 1476 5388 ita
1519 5350 1642 5389 esse
1673 5345 1732 5390 ut
1768 5337 2008 5392 asserui-

2112 4605 2255 4651 metu
2283 4596 2470 4650 mortis
2513 4595 2572 4648 in
2613 4595 2980 4665 sempiternam
3011 4594 3174 4650 vitant
3203 4593 3447 4650 reierant
3471 4593 3695 4649 servitu-

2114 4688 2180 4742 tis
2200 4688 2264 4742 ³⁸.
2305 4688 2479 4759 igitur
2511 4687 2639 4756 quia
2673 4686 2826 4756 pueri
2858 4685 3150 4759 participes
3181 4683 3357 4740 effecti
3407 4697 3534 4740 sunt
3567 4701 3694 4742 san-

2111 4778 2295 4849 guinis
2329 4787 2385 4834 et
2415 4779 2633 4842 carnis,
2668 4788 2722 4833 et
2769 4778 3018 4834 Salvator
3047 4788 3233 4834 noster
3268 4779 3694 4832 communicavit

2111 4871 2265 4927 carni
2311 4880 2476 4940 atque
2520 4871 2794 4941 sanguini.
2827 4871 3078 4926 Alienum
3117 4870 3264 4925 cutim
3295 4879 3412 4925 erat
3441 4886 3469 4925 a
3500 4879 3693 4926 natura

2113 4973 2168 5020 et
2200 4964 2484 5020 divinitate
2529 4965 2669 5035 ejus,
2699 4965 3020 5035 sanguinem
3047 4972 3102 5018 et
3127 4977 3346 5018 carnem
3374 4963 3690 5034 suscipere:

2115 5062 2338 5124 propter
2371 5071 2471 5110 nos
2500 5065 2682 5109 autem
2713 5069 2787 5109 ea,
2809 5071 2932 5125 quae
2965 5055 3065 5110 sibi
3112 5061 3269 5111 erant
3299 5053 3475 5111 aliena
3506 5069 3693 5110 susce-

2115 5149 2228 5216 pit,
2265 5157 2324 5201 ut
2360 5147 2691 5203 domesticos
2722 5147 2825 5202 sibi
2867 5145 3188 5218 faceretqui
3220 5146 3498 5205 fueramus
3529 5146 3689 5204 alieni

2113 5255 2208 5310 per
2246 5246 2555 5309 peccatum.
2606 5237 2677 5294 Et
2701 5238 2923 5308 quidem
2953 5238 3248 5308 Apostolus
3289 5238 3370 5292 sic
3405 5235 3687 5305 exposuit,

2111 5332 2298 5388 dicens
2331 5351 2345 5386 :
2379 5330 2521 5397 Quia
2549 5348 2670 5402 ergo
2709 5333 2856 5401 pueri
2892 5331 3407 5385 communicaverunt
3443 5327 3690 5396 sanguini

427 5433 582 5483 ntus,
644 5419 895 5476 Salvator
942 5421 1075 5475 mihi
1128 5422 1444 5478 testimonio
1492 5426 1626 5492 erit,
1667 5426 1856 5483 dicens
1891 5446 1907 5483 :
1948 5428 2009 5484 Si
2108 5435 2159 5478 et
2189 5424 2357 5492 carni,
2376 5434 2425 5478 et
2453 5423 2562 5494 ipse
2583 5425 2818 5494 proxime
2844 5440 2930 5478 eos
2957 5423 3128 5492 [actus
3147 5420 3338 5490 estqui
3358 5419 3689 5490 participan-

425 5505 551 5557 cteci
593 5505 798 5573 essetis,
833 5521 936 5559 non
980 5505 1238 5564 haberetis
1279 5519 1584 5578 peccatum;
1632 5527 1769 5567 nunc
1814 5522 1992 5568 autem

497 5665 541 5693 "
578 5661 723 5717 l'sal.
753 5677 964 5719 xxxvu.
1001 5663 1057 5719 5.

2109 5521 2196 5567 tur
2223 5529 2425 5568 eorum.
2458 5513 2570 5581 Ego
2593 5523 2775 5567 autem
2803 5512 3003 5571 dicam,
3035 5509 3295 5578 quoniam
3329 5503 3604 5586 quomodo
3623 5513 3681 5558 et

1137 5665 1182 5698 “
1210 5664 1375 5720 Zach.
1409 5680 1464 5719 v.
1539 5665 1587 5698 "
1612 5664 1785 5720 Exod.
1830 5681 1918 5721 xv.
1997 5666 2044 5700 ³ο
2065 5665 2213 5721 Psal.
2245 5682 2355 5730 Liv,
2390 5665 2442 5719 7.
2519 5664 2559 5695 ³¹
2597 5664 2759 5718 Prov.
2781 5677 2956 5730 gxstu,
2987 5661 3040 5715 5.
3117 5662 3161 5693 ³⁸
3187 5663 3292 5718 lsa.
3325 5679 3473 5728 XLIX,
3500 5663 3577 5726 9°,
3599 5675 3676 5724 ιι,

419 5733 488 5793 2:
518 5733 707 5790 Matth.
736 5747 810 5797 Iv,
845 5733 933 5788 l6.
1007 5735 1054 5768 ³³
1080 5736 1237 5792 Joan.
1277 5751 1352 5805 is,
1379 5737 1466 5791 it.
1545 5734 1589 5768 ⁸*
1620 5736 1725 5791 lsa.
1761 5751 1952 5800 xxxiii,
1983 5735 2070 5804 ii,
2107 5735 2190 5790 l5.
2273 5736 2317 5769 ”
2344 5729 2504 5790 Prov.
2541 5751 2618 5797 ix,
2646 5735 2698 5788 9.
2777 5729 2821 5761 "
2848 5729 3018 5787 Hebr.
3049 5750 3108 5799 il,
3145 5735 3233 5800 i3,
3269 5737 3355 5802 14,
3389 5736 3477 5790 1-5.
