4130 6428
459 353 560 407 ΞΠ

1917 347 2242 405 ORIGENIS

3604 347 3713 404 948

458 471 615 542 pueri
645 472 1190 528 communicaverunt
1230 469 1482 540 sanguini
1524 477 1578 524 et
1612 469 1801 532 carni,
1833 477 1886 524 et
1918 468 2034 539 ipse
2062 473 2111 532 Α
2138 471 2273 524 bitat
2305 469 2360 524 in
2394 469 2780 540 speculatorio,
2809 477 2865 524 et
2893 468 2948 522 in
2985 466 3132 523 omni
3163 468 3343 522 anima
3372 476 3546 538 potest
3581 485 3716 526 con-

463 563 707 634 proxime
739 577 832 618 eos
867 562 1041 618 factus
1089 571 1170 617 est
1219 558 1312 631 qui
1362 561 1762 630 participantur
1793 574 1984 614 eorum
2017 577 2030 613 :

459 660 539 713 sic
561 657 686 727 quia
717 656 869 726 pueri
905 671 1011 711 non
1042 663 1273 725 possunt
1307 653 1569 709 fortiores
1599 652 1791 707 audire
1824 665 2036 706 sermo-

459 763 585 811 nes,
637 746 832 800 debent
876 746 1019 798 enim
1068 753 1126 798 ut
1168 745 1320 814 pueri
1354 743 1545 798 audire
1587 755 1868 796 sermones
1904 739 2032 804 Dei,

459 851 675 909 propter
705 839 807 892 hoc
841 837 1016 891 factus
1045 837 1097 891 in
1127 837 1394 904 sanguine
1423 850 1716 906 puerorum
1744 849 1911 889 causa
1939 832 2034 901 qui

456 926 1003 981 communicaverunt
1029 927 1184 980 carni
1219 936 1273 980 et
1307 925 1760 994 sanguini,quasi
1794 922 2036 993 paruulis

454 1019 718 1089 loquens,
759 1018 1001 1086 loquitur
1053 1034 1160 1073 non
1211 1017 1395 1070 divina
1447 1025 1502 1071 et
1554 1015 1877 1076 ineﬂabilia,
1939 1013 2033 1068 sed

452 1126 792 1181 quaecunque
821 1126 1017 1180 capere
1047 1118 1279 1179 possunt
1313 1109 1546 1178 parvuli.
1595 1107 1809 1162 Parvuli
1854 1115 2034 1160 autem

453 1217 644 1256 omnes
675 1202 928 1255 homines
953 1209 1100 1262 sunt.
1130 1200 1175 1254 si
1210 1216 1306 1254 eos
1333 1216 1623 1270 comparas
1647 1199 1712 1253 ad
1748 1199 2036 1268 perfectio-

452 1309 575 1347 nem
626 1291 791 1347 Verbi
838 1311 852 1346 :
913 1293 1040 1347 licet
1085 1290 1306 1364 Moysen
1355 1293 1640 1356 nomines,
1693 1292 1818 1345 licet
1865 1305 2032 1344 linum

451 1385 660 1440 dixeris
687 1385 754 1440 de
781 1383 1061 1455 prophetis
1082 1426 1096 1450 ,
1148 1384 1274 1440 licet
1299 1383 1564 1438 Joannem
1588 1427 1602 1451 ,
1631 1400 1741 1454 quo
1772 1383 1948 1452 major
1978 1383 2033 1436 in

453 1477 597 1532 natis
628 1477 918 1530 mulierum
973 1490 1134 1529 nemo
1169 1475 1310 1542 fuit;
1354 1475 1479 1529 licet
1507 1475 1572 1528 ad
1609 1473 1888 1543 apostolos
1937 1488 2032 1526 ve-

453 1570 605 1634 nias;
637 1567 879 1634 Pelrum,
913 1568 998 1622 cui
1033 1577 1202 1637 portre
1230 1566 1388 1620 inferi
1418 1582 1524 1621 non
1555 1566 1890 1621 invalescent
1910 1605 1924 1628 ,
1949 1564 2033 1617 vel

451 1661 680 1716 Paulum
714 1661 806 1730 qui
850 1669 1041 1730 raptus
1097 1670 1180 1714 est
1229 1673 1402 1729 usque
1436 1659 1502 1713 ad
1539 1659 1756 1713 tertium
1795 1657 2032 1722 ccelum,

452 1763 506 1808 ct
551 1753 756 1808 audivit
803 1751 1100 1807 indicibilia
1148 1751 1349 1814 verba,
1415 1765 1524 1805 non
1567 1751 1794 1820 deponis
1841 1763 2032 1804 eorum

451 1844 710 1913 gloriam,
739 1843 955 1904 dicens,
988 1843 1117 1912 quia
1164 1851 1217 1896 et
1248 1842 1349 1912 ipsi
1386 1843 1442 1896 in
1473 1842 1554 1897 eis
1600 1856 1722 1911 qure
1748 1840 2028 1894 intellexe-

391 1994 396 1998 ,
450 1944 578 1990 runt
625 1935 1032 2004 comparatione
1076 1949 1266 1990 eorum
1311 1950 1435 2004 quae
1462 1951 1570 1990 non
1611 1935 2029 1997 intellexerunt,

451 2027 799 2096 parvulorum
827 2026 1131 2097 disciplinis
1161 2025 1361 2080 eruditi
1387 2036 1535 2092 sunt,
1568 2043 1690 2097 quae
1717 2024 2032 2080 hominibus

451 2119 757 2172 traduntur.
807 2116 946 2172 Dicit
992 2133 1122 2187 ergo
1177 2117 1430 2173 Salvator
1474 2135 1584 2173 non
1630 2120 1698 2174 de
1748 2118 1834 2173 his
1891 2132 2032 2187 quos

453 2210 651 2264 Paulus
696 2210 749 2263 in
791 2209 1012 2265 Christo
1056 2212 1315 2279 parvulos
1356 2220 1672 2281 nuncupat,
1733 2220 1788 2265 et
1835 2209 2031 2264 asserit

449 2305 586 2356 lacte
614 2303 881 2371 potandos
903 2344 916 2367 ,
948 2313 1003 2358 et
1039 2319 1148 2359 non
1191 2305 1315 2359 forti
1351 2306 1476 2360 cibo
1498 2344 1512 2368 ,
1545 2304 1640 2360 sed
1673 2306 1741 2358 de
1773 2303 2032 2358 omnibus

450 2391 614 2444 simul
648 2392 960 2448 hominibus
989 2409 1005 2445 :
1037 2393 1170 2448 Ecce
1193 2412 1285 2464 ego
1307 2409 1354 2449 et
1378 2396 1587 2466 parvuli
1614 2397 1715 2451 mei
1741 2411 1868 2467 quos
1901 2395 2028 2449 mihi

447 2483 591 2536 dedit
643 2483 802 2538 Deus.
849 2485 1048 2540 Verum
1094 2488 1370 2556 quomodo
1427 2489 1478 2542 in
1530 2489 1713 2553 pueris
1764 2489 1855 2542 alii
1905 2497 2031 2543 sunt

447 2577 568 2630 aliis
596 2576 908 2644 alacriores,
933 2589 985 2633 et
1015 2594 1077 2634 ea
1111 2596 1236 2650 qua:
1262 2580 1344 2634 eis
1395 2589 1524 2634 sunt
1559 2580 1754 2636 tradita
1787 2581 2030 2636 velocius

445 2679 858 2738 consequuntur
901 2685 917 2720 τ
969 2671 1086 2733 sic,
1135 2672 1394 2742 inquam,
1443 2673 1678 2728 similem
1733 2673 2029 2744 ingeniosis

447 2761 633 2827 pueris
679 2761 880 2816 factum
914 2762 1132 2835 Moysen
1176 2774 1230 2818 et
1274 2765 1591 2835 prophetas,
1616 2767 1709 2821 sed
1733 2776 1788 2822 et
1817 2765 2030 2821 Domini

449 2852 619 2904 nostri
650 2851 776 2906 Jesu
810 2853 1014 2910 Christi
1052 2856 1354 2924 apostolos.
1405 2855 1699 2926 Propterea
1734 2857 2028 2913 sentientes

450 2943 770 3013 semetipsos
799 2946 892 3014 qui
925 2947 1142 3001 etiamsi
1187 2947 1548 3018 profecerint,
1578 2964 1872 3019 puerorum
1905 2965 2030 3019 pro-

449 3035 677 3090 fecerint
705 3036 949 3106 profectu
979 3080 994 3104 ,
1025 3039 1282 3094 dixerunt
1306 3058 1320 3095 :
1356 3040 1440 3094 Ea:
1463 3050 1614 3110 parte
1641 3042 2025 3112 cognoscimus,

448 3140 492 3180 et
518 3142 582 3182 ea:
607 3138 755 3197 parte
781 3129 1152 3198 prop/tetamus
1168 3134 1233 3186 ³⁷.
1272 3130 1381 3188 Nec
1409 3133 1552 3187 enim
1583 3132 1761 3187 adhuc
1786 3132 2028 3186 veritatis

451 3218 686 3287 negotia,
719 3218 811 3273 sed
842 3219 1065 3274 umbras
1095 3222 1440 3292 negotiorum
1477 3221 1908 3292 conspiciebant,
1932 3238 2028 3277 nec

452 3311 664 3377 plenam
710 3311 922 3374 lucem,
971 3312 1066 3367 sed
1112 3313 1404 3368 obscuram
1449 3315 1761 3384 imaginem.
1795 3313 2032 3384 Ideoque

450 3402 800 3471 repetebant,
845 3405 1132 3460 dicentes:
1173 3404 1419 3460 Videmus
1461 3423 1598 3460 nuuc
1635 3421 1726 3474 per
1764 3409 2030 3476 speculum

449 3502 498 3546 et
527 3494 582 3547 in
605 3496 885 3566 azuigma-te
915 3538 930 3562 ,
959 3507 1081 3552 tunc
1109 3508 1283 3552 autem
1316 3500 1452 3569 facie
1495 3500 1564 3553 ad
1595 3500 1862 3569 faciem“.
1896 3502 2031 3567 Quis

449 3598 580 3654 ergo
605 3584 720 3640 haec
754 3585 937 3656 legens
971 3596 1023 3642 et
1055 3587 1363 3661 intelligens
1394 3589 1675 3644 inllabitur
1701 3598 1756 3645 et
1791 3591 2031 3660 erigetur

451 3689 616 3743 super
653 3675 963 3744 scientiam,
995 3693 1094 3733 seu
1127 3695 1293 3749 super
1318 3681 1686 3752 quodcunque
1715 3682 1984 3737 donorum
2009 3682 2033 3735 ?

449 3764 664 3822 Etenim
717 3779 914 3826 cuncta
962 3787 1085 3842 quae
1121 3773 1188 3827 ad
1232 3787 1436 3842 pueros
1461 3773 1831 3841 devenerunt,
1859 3774 2033 3828 multo

449 3864 708 3920 inferiora
755 3873 886 3919 sunt
929 3864 1016 3919 bis
1041 3880 1164 3935 quae
1209 3867 1448 3936 reposita
1475 3876 1604 3922 sunt
1629 3867 1784 3924 viris.
1827 3867 2033 3922 Debent

449 3971 578 4026 ergo
610 3972 718 4011 non
741 3956 943 4011 elevari
988 3965 1042 4011 et
1069 3958 1354 4026 superbire
1401 3958 1436 4012 ii
1473 3959 1570 4029 qui
1602 3960 1861 4014 videntur
1891 3960 2033 4013 inter

449 4065 650 4120 pueros
691 4049 923 4105 acrioris
971 4051 1172 4120 ingenii
1212 4061 1265 4105 et
1309 4052 1623 4108 velocioris.
1669 4051 1804 4107 lstos
1852 4062 2031 4108 autem

450 4156 652 4211 pueros
696 4141 946 4197 homines
990 4141 1119 4196 dicit
1153 4156 1376 4210 omnes,
1409 4161 1550 4214 quos
1577 4156 1631 4200 et
1661 4144 1914 4200 Salvator
1939 4147 2033 4201 de-

451 4233 832 4288 monstrabat:
871 4232 1023 4300 Ecce,
1057 4233 1332 4304 iuquiens,
1367 4253 1482 4307 ego,
1516 4245 1565 4290 et
1593 4237 1744 4306 pueri
1770 4239 1871 4291 mei
1901 4253 2031 4308 quos

450 4325 580 4378 mihi
611 4325 758 4379 dedit
803 4325 961 4381 Deus.
991 4325 1205 4381 Donum
1233 4330 1441 4398 accepit
1465 4339 1519 4382 et
1546 4328 1797 4386 Salvator
1825 4346 1855 4384 a
1895 4329 2030 4387 Deo.

449 4414 622 4471 Nemo
645 4418 791 4471 enim
823 4419 973 4473 venit
998 4419 1064 4473 ad
1091 4434 1217 4474 eum
1241 4462 1257 4486 ,
1301 4423 1345 4476 si
1405 4437 1513 4476 non
1557 4422 1652 4490 qui
1689 4421 1840 4478 misit
1869 4437 1992 4476 eum
2015 4463 2029 4487 ,

2136 563 2347 632 spicere
2373 561 2677 626 veritatem,
2709 562 2811 616 iste
2857 561 2987 616 facit
3027 560 3181 630 signa
3228 569 3282 614 et
3329 561 3575 631 prodigia
3621 577 3718 632 per

2137 650 2495 718 Salvatorem,
2535 665 2590 708 et
2631 663 2752 724 post
2785 653 3142 718 Salvatorem,
3175 667 3270 723 per
3297 652 3574 721 apostolos
3607 669 3620 706 :
3661 664 3716 709 et

2137 745 2443 814 ubicunque
2493 745 2767 800 invenitur
2807 746 2984 800 anima
3030 755 3153 815 apta
3188 745 3492 799 ministerio
3525 745 3714 815 signo-

2137 852 2256 890 rum
2288 844 2341 890 et
2365 836 2733 907 prodigiorum
2758 835 2874 900 Dei,
2907 837 3190 906 sivejuxta
3220 836 3518 905 spiritalem
3549 852 3714 891 cura-

2138 931 2363 994 tionem,
2395 931 2509 986 sive
2535 931 2866 986 sensibiliter
2895 931 3234 985 exhortando
3257 945 3352 986 eos
3374 930 3466 999 qui
3491 931 3717 985 veniunt

2136 1021 2203 1074 ad
2241 1021 2394 1090 121
2426 1020 2610 1086 ﬁdem,
2641 1036 2747 1075 non
2771 1029 2856 1075 est
2883 1021 3092 1074 otiosus
3127 1019 3291 1082 Deus,
3319 1019 3411 1088 qui
3436 1027 3566 1073 tunc
3590 1019 3718 1073 fecit

2137 1113 2291 1182 signa
2317 1124 2370 1168 et
2389 1113 2654 1183 prodigia,
2676 1112 2840 1168 etiam
2871 1127 3019 1166 nunc
3051 1113 3261 1181 operari
3294 1125 3378 1164 ea.
3411 1111 3591 1179 (Vers.
3626 1110 3715 1180 19)

2143 1202 2207 1257 Et
2256 1205 2302 1256 si
2346 1204 2580 1257 dixerint
2630 1204 2699 1256 ad
2748 1219 2856 1265 vos,
2889 1202 3105 1272 quwrite
3137 1200 3510 1263 ocntriloquos,
3547 1210 3595 1253 et
3627 1215 3716 1253 eos

2136 1296 2224 1366 qui
2260 1295 2324 1349 de
2354 1306 2495 1349 terra
2527 1295 2784 1360 clamant,
2821 1294 2912 1364 qui
2963 1293 3147 1346 inania
3194 1291 3500 1362 loquuntur,
3531 1293 3622 1361 qui
3653 1291 3718 1345 de

2136 1396 2309 1440 centre
2346 1386 2602 1449 clamant,
2628 1400 2731 1437 non
2759 1394 2932 1454 gentes
2957 1384 3025 1436 ad
3057 1382 3220 1435 Deum
3243 1397 3396 1435 suum
3423 1383 3716 1451 requirunt,

2137 1479 2228 1548 qui
2267 1479 2548 1548 exquirunt
2579 1477 2642 1530 de
2677 1475 2969 1530 viventibus
2996 1483 3249 1527 mortuos.
3282 1473 3554 1528 Attendite
3580 1488 3718 1542 quo-

2137 1569 2286 1624 niam
2318 1570 2552 1624 obscure
2584 1567 2729 1623 dicta
2757 1577 2905 1632 sunt,
2929 1574 2984 1620 et
3012 1565 3172 1620 debet
3201 1579 3418 1630 sensus,
3452 1562 3562 1617 Deo
3596 1563 3718 1633 ipso

2137 1662 2399 1733 largiente
2419 1672 2474 1717 et
2505 1663 2800 1727 revelante,
2831 1661 3105 1716 cohaerere
3126 1657 3520 1728 superioribus.
3550 1656 3719 1712 Docet

2137 1769 2269 1826 ergo
2299 1769 2402 1809 nos
2430 1764 2490 1809 ut
2517 1768 2626 1808 non
2673 1755 2847 1808 simus
2894 1753 3127 1807 aliorum
3176 1764 3494 1805 sermonum
3543 1749 3720 1804 disci-

2138 1844 2272 1914 puli.
2305 1843 2410 1897 nisi
2439 1843 2743 1898 caelestium
2769 1852 2823 1897 et
2847 1845 3138 1897 bonorum.
3163 1839 3301 1895 Sunt
3321 1841 3466 1895 enim
3492 1840 3720 1910 quidam

2137 1935 2476 2005 loquentium
2516 1944 2569 1989 et
2611 1934 2982 2004 pollicentium
3031 1933 3336 1988 doctrinam
3370 1949 3587 1995 veram,
3622 1933 3715 2002 qui

2137 2042 2248 2081 non
2298 2026 2597 2096 loquuntur
2645 2026 2910 2088 ctelestia,
2958 2025 3052 2080 sed
3108 2033 3342 2078 terrena.
3392 2022 3494 2088 Qui
3533 2032 3609 2076 est
3651 2037 3719 2076 ea:

2140 2130 2302 2184 terra,
2332 2120 2396 2172 de
2438 2130 2579 2172 terra
2626 2118 2902 2188 loquitur;
2949 2118 3040 2188 qui
3089 2117 3153 2170 de
3201 2115 3328 2170 caelo
3371 2116 3530 2179 venit,
3562 2131 3720 2183 super

2138 2226 2313 2264 amnes
2343 2220 2455 2274 est,
2489 2219 2539 2264 ct
2578 2211 2718 2280 quod
2758 2210 2892 2263 vidit
2937 2218 2986 2263 et
3031 2210 3269 2274 audivit,
3307 2208 3623 2277 testiﬁcatur
3648 2208 3715 2260 ".

2140 2305 2196 2359 Si
2227 2304 2372 2374 quis,
2420 2303 2517 2367 ait,
2566 2302 2751 2372 pueris
2784 2303 2878 2372 qui
2929 2301 2984 2355 in
3035 2318 3122 2356 me
3173 2302 3422 2366 credunt,
3472 2301 3714 2356 dixerit:

2138 2395 2375 2461 Quwrite
2421 2392 2800 2462 ventriloquos,
2840 2406 2889 2446 et
2916 2409 3004 2446 eos
3048 2393 3138 2463 qui
3169 2395 3232 2446 de
3279 2401 3419 2446 terra
3462 2393 3716 2456 clamant,

2136 2487 2226 2556 qui
2255 2487 2436 2540 inania
2463 2485 2769 2556 loquuntur,
2805 2486 2895 2554 qui
2925 2486 2989 2540 de
3032 2495 3209 2539 ventre
3253 2485 3509 2549 clamant,
3553 2484 3717 2538 veluti

2136 2577 2362 2648 quaerite
2410 2576 2680 2631 daemonia
2716 2593 2728 2628 :
2764 2576 2832 2630 ab
2879 2592 2986 2630 una
3035 2576 3181 2630 enim
3227 2576 3408 2645 specie
3453 2575 3718 2630 daemonis

2137 2668 2461 2738 ventriloqui
2512 2665 2789 2739 τροπικῶς
2829 2667 3013 2722 omnia
3053 2667 3319 2722 daemonia
3362 2667 3716 2737 nuncupavit.

2137 2762 2197 2816 Si
2241 2761 2473 2814 dixerint
2525 2760 2694 2821 vobis,
2741 2761 2965 2830 querito
3028 2761 3413 2831 verttriloquos,
3463 2761 3566 2815 hoc
3608 2768 3715 2822 est,

2135 2853 2364 2924 quaerite
2391 2870 2421 2908 a
2443 2853 2785 2908 dzemonibus
2824 2853 2938 2906 sive
2972 2852 3359 2907 divinationem
3381 2893 3396 2918 ,
3431 2853 3544 2906 sive
3577 2850 3718 2906 veri-

2135 2955 2325 3012 tatem,
2356 2945 2472 3001 sive
2517 2953 2786 3000 sacratam
2820 2945 3367 3016 contemplationem,
3396 2944 3718 3013 respondete

2133 3037 2215 3092 eis
2241 3052 2362 3106 qua
2391 3035 2540 3090 dico.
2569 3035 2700 3102 Quae
2725 3047 2853 3091 sunt
2877 3052 3000 3107 qua
3038 3052 3134 3090 eos
3160 3037 3351 3090 docet?
3385 3035 3442 3088 lu
3483 3050 3742 3104 sequen-_

2137 3132 2282 3186 tibus
2315 3131 2464 3186 dicit.
2496 3129 2561 3185 Et
2598 3137 2727 3184 sunt
2757 3129 2980 3197 quidam
3021 3128 3115 3197 qui
3150 3127 3373 3181 mittunt
3401 3141 3516 3189 vos,
3545 3126 3720 3196 magis

2133 3233 2313 3278 autem
2349 3222 2794 3285 catechumenos,
2829 3229 3094 3289 quantum
3131 3218 3182 3272 in
3217 3217 3349 3287 ipsis
3373 3231 3458 3270 est
3495 3218 3560 3270 ad
3592 3233 3720 3272 ven-

2133 3317 2422 3386 triloquos.
2459 3313 2561 3379 Qui
2591 3313 2733 3367 enim
2760 3311 2952 3365 volunt
2977 3325 3071 3364 vos
3107 3310 3185 3364 ire
3215 3309 3280 3363 ad
3310 3309 3472 3370 idola,
3502 3309 3567 3360 de
3593 3308 3718 3373 qui-

2132 3410 2236 3463 bus
2267 3409 2530 3478 scriptum
2564 3418 2647 3460 est
2672 3421 2686 3453 :
2718 3403 2785 3457 Et
2809 3420 2984 3458 omnes
3007 3404 3083 3457 dii
3109 3404 3337 3473 gentium
3361 3403 3623 3456 dwnwnia
3646 3402 3714 3466 “,

2132 3501 2324 3555 volunt
2351 3515 2450 3553 vos
2496 3499 2574 3552 ire
2617 3513 2727 3552 non
2770 3497 2945 3551 solum
2995 3496 3060 3550 ad
3093 3494 3486 3564 ventriloquos,
3517 3492 3610 3547 sed
3646 3493 3715 3545 ad

2135 3606 2353 3646 omnem
2389 3590 2626 3660 speciem
2657 3589 2991 3644 daemonum.
3025 3586 3413 3642 Verumtamen
3443 3585 3587 3640 Deus
3617 3600 3718 3640 no-

2134 3696 2244 3738 ster
2276 3682 2368 3752 qui
2404 3681 2458 3735 in
2489 3681 2630 3735 caelo
2659 3690 2712 3735 et
2763 3681 2816 3734 in
2867 3691 3012 3735 terra
3043 3679 3297 3734 universa
3339 3678 3488 3744 facit,
3518 3677 3715 3731 evellat

2135 3793 2240 3832 nos
2266 3791 2295 3830 a
2321 3774 2682 3837 daemonibus,
2709 3782 2763 3828 et
2792 3772 3089 3827 familiares
3120 3772 3222 3826 sibi
3263 3771 3425 3826 faciat
3472 3787 3566 3840 per
3596 3768 3716 3823 Sal-

2132 3877 2372 3924 vatorem
2397 3875 2645 3921 nostrum
2669 3864 2855 3921 Iesum
2883 3865 3184 3920 Christum.
3220 3863 3411 3918 Videte
3443 3880 3573 3933 ergo
3619 3879 3715 3917 ne-

2133 3963 2352 4034 quando
2379 3960 2682 4032 decipiatur
2724 3960 2958 4029 alicujus
2989 3975 3056 4013 ex
3087 3959 3243 4013 vobis
3288 3958 3493 4021 anima,
3523 3964 3581 4010 ut
3610 3956 3711 4010 ad-

2135 4057 2242 4109 huc
2267 4054 2510 4124 ambigat
2540 4061 2594 4107 et
2620 4053 2852 4117 dubitet,
2884 4067 3010 4107 cum
3040 4051 3276 4112 audierit
3305 4050 3456 4104 illum
3485 4058 3538 4103 et
3561 4049 3712 4102 illum

2134 4147 2436 4209 hominem,
2465 4146 2519 4200 in
2545 4145 2638 4200 illo
2661 4145 2808 4199 idolo
2837 4144 3048 4199 daemon
3079 4143 3286 4198 curavit
3311 4143 3463 4196 illum
3495 4141 3718 4209 languo-

2134 4249 2274 4298 rem,
2307 4231 2438 4286 illud
2470 4240 2524 4286 et
2570 4233 2699 4286 illud
2727 4233 3008 4287 divinavit.
3044 4232 3148 4286 Ista
3189 4234 3374 4285 omnia
3416 4230 3556 4285 idola
3588 4237 3717 4284 sunt

2134 4325 2465 4389 daemonum,
2489 4332 2544 4378 et
2580 4323 2862 4379 hominum
2897 4340 3006 4378 non
3033 4323 3476 4394 cognoscentium
3513 4322 3718 4375 verita-

2137 4424 2266 4470 tem.
2315 4415 2606 4470 Ascendite
2658 4415 2841 4469 animo
2884 4413 2950 4467 ad
2999 4413 3166 4467 Deum
3206 4413 3297 4483 qui
3341 4422 3423 4467 est
3468 4411 3713 4466 omnium

450 4509 736 4565 attraxerit
766 4511 1068 4566 venientem
1101 4512 1166 4567 ad
1199 4513 1560 4576 Salvatorem,
1591 4517 1735 4569 sicut
1763 4514 1816 4568 in
1853 4512 2033 4567 Evan-
2064 4514 2108 4570 D
2137 4517 2370 4574 creator,
2420 4520 2473 4564 et.
2518 4518 2831 4578 comparate
2879 4508 3134 4578 pietatem
3188 4507 3347 4561 istam
3401 4507 3548 4559 omni
3601 4504 3716 4573 (99)

453 4602 592 4667 gelio
623 4601 767 4671 quod
815 4604 1110 4658 secundum
1160 4603 1425 4660 Joannem
1481 4615 1566 4660 est
1609 4605 1922 4660 didicimus.
1967 4604 2032 4660 Et

453 4694 713 4762 quoniam
746 4696 955 4765 accepit
983 4695 1187 4751 donum
1222 4712 1252 4750 a
1282 4696 1443 4751 Patre
1492 4711 1588 4752 eos
1631 4698 1728 4768 qui
1766 4698 2028 4764 credunt,

452 4787 658 4841 idcirco
687 4787 946 4858 propheta
978 4789 1043 4843 de
1071 4790 1150 4843 eis
1181 4791 1257 4844 ait
1291 4808 1303 4844 :
1341 4789 1477 4843 Ecce
1515 4807 1606 4860 ego
1638 4801 1686 4844 et
1717 4791 1868 4860 pueri
1900 4807 2028 4860 quos

455 4879 582 4932 milii
602 4879 744 4934 dedit
778 4879 938 4935 Deus.
963 4879 1072 4936 Nec
1092 4882 1367 4950 putandus
1396 4893 1478 4936 est
1507 4897 1617 4936 non
1645 4882 1910 4937 habuisse
1935 4883 2029 4952 qui

453 4970 683 5040 accepit,
715 4985 840 5025 cum
875 4972 1054 5026 adhuc
1086 4973 1280 5026 habeat
1315 4972 1432 5042 ipse
1459 4973 1552 5042 qui
1584 4973 1812 5027 dederit.

523 5061 576 5115 Ξ.
608 5060 811 5116 Deinde
844 5063 898 5116 in
940 5063 1165 5132 reliquis
1198 5064 1482 5132 prophetat
1529 5062 1777 5117 Salvator
1808 5065 1862 5117 in
1903 5079 2028 5134 pro-

448 5153 634 5222 pheta,
669 5155 858 5210 dicens
881 5153 1124 5208 futurum
1173 5169 1293 5207 esse
1322 5163 1378 5207 ut
1410 5170 1532 5208 cum
1589 5156 1856 5225 acceperit
1893 5171 2027 5226 pue—

450 5260 563 5308 ros,
591 5245 742 5316 signa
778 5254 831 5299 et
866 5245 1109 5314 prodigia
1153 5245 1286 5297 (iant
1327 5245 1380 5296 in
1419 5246 1605 5300 Israel.
1648 5245 1816 5301 liabet
1845 5253 2027 5300 autem

453 5337 530 5390 ita
562 5354 577 5392 :
615 5335 680 5390 Et
706 5346 863 5392 erum
896 5337 1050 5405 signa
1081 5346 1129 5388 et
1157 5336 1402 5406 prodigia
1432 5338 1485 5390 in
1518 5336 1690 5392 Israel
1721 5355 1753 5392 a
1795 5339 2026 5392 Domino

455 5428 710 5498 Sabaoth,
739 5432 830 5501 qui
865 5429 1071 5483 habitat
1112 5430 1165 5482 in
1201 5439 1374 5483 monte
1420 5429 1566 5494 Sion.
1611 5430 1715 5497 Qui
1747 5433 1892 5487 enim
1927 5431 2026 5486 ha-

2137 4617 2258 4671 qua:
2308 4601 2663 4655 annuntiatur
2709 4615 2830 4654 esse
2859 4599 3053 4668 pietas,
3087 4614 3182 4652 nec
3217 4610 3299 4651 est
3329 4597 3523 4667 pietas,
3553 4605 3606 4650 et
3631 4596 3716 4649 vi-

2137 4693 2258 4748 dete
2290 4695 2416 4763 quia
2467 4708 2566 4746 vos
2619 4693 2756 4746 beati
2808 4693 2962 4746 estis.
2998 4688 3133 4756 Quis
3177 4691 3320 4744 enim
3369 4690 3562 4744 similis
3593 4688 3714 4756 tibi,
3783 4709 3786 4712 ·

2137 4789 2336 4859 popule
2386 4787 2594 4841 salvate
2645 4801 2673 4839 a
2719 4785 2988 4838 Domino?
3017 4784 3128 4838 Et:
3181 4783 3350 4837 Beata
3393 4800 3514 4854 gens
3563 4782 3717 4850 cujus

2138 4880 2395 4934 Dominus
2433 4878 2568 4932 Deus
2603 4879 2736 4946 ejus,
2763 4877 2984 4948 populus
3014 4893 3166 4948 quem
3212 4876 3363 4945 elegit
3406 4876 3461 4927 in
3501 4873 3716 4926 habita-

2140 4975 2331 5028 tionem
2361 4972 2462 5025 sibi
2486 4972 2553 5024 “.
2591 4970 2751 5025 Beata
2785 4971 2986 5040 quippe
3022 4985 3154 5039 gens
3187 4966 3287 5021 fuit
3314 4967 3588 5037 quondam
3619 4962 3717 5019 Ju-

2135 5066 2399 5127 dmornm,
2429 5061 2521 5116 sed
2549 5062 2780 5131 perdidit
2810 5061 3222 5123 beatitudinem,
3267 5067 3321 5112 et
3346 5058 3516 5126 ejecta
3542 5064 3625 5110 est
3650 5055 3719 5109 de

2135 5157 2258 5211 loco
2289 5170 2408 5218 suo,
2435 5155 2564 5224 quia
2593 5169 2715 5207 eum
2759 5153 2852 5223 qui
2884 5153 3090 5206 missus
3121 5161 3203 5206 est
3239 5158 3293 5205 et
3337 5147 3715 5204 testimonium

2138 5249 2328 5302 habuit
2357 5245 2557 5312 Patris,
2586 5261 2692 5299 non
2735 5246 2910 5300 solum
2957 5261 3053 5314 per
3092 5245 3263 5316 legem
3306 5251 3360 5298 et
3399 5240 3719 5312 prophetas,

2135 5355 2325 5394 verum
2350 5347 2404 5392 et
2430 5339 2484 5392 in
2521 5337 2694 5409 signis
2724 5346 2779 5391 et
2807 5336 3094 5406 prodigiis,
3125 5335 3392 5390 insidians
3424 5331 3716 5388 interfecit.

2137 5430 2424 5487 Beatitudo
2469 5444 2600 5500 ergo
2651 5429 3063 5500 transmigravit
3101 5428 3167 5482 ad
3211 5443 3313 5483 nos
3350 5425 3480 5482 Jesu
3514 5423 3719 5481 Christi

527 5698 760 5753 "ICOr.
800 5717 917 5764 xui,
959 5701 1012 5758 9.
1089 5701 1133 5732 ³⁸
1171 5701 1303 5756 ibid.
1349 5701 1418 5755 i2
1489 5703 1533 5734 ³⁹
1557 5701 1716 5761 Joan.
1756 5719 1840 5769 ιιι,
1871 5702 1960 5770 3|,
1988 5701 2030 5756 δέ

2153 5701 2197 5732 ⁵ο
2226 5700 2368 5757 Psal.
2409 5715 2530 5765 xcv,
2568 5699 2622 5755 5.
2701 5697 2740 5730 ⁸¹
2775 5697 2918 5755 Psal.
2952 5714 3122 5763 χχχιι,
3152 5696 3238 5754 12.

529 5793 640 5862 (09)
670 5793 821 5862 Mss,
847 5797 1022 5861 omni;
1051 5797 1205 5864 edit.,
1231 5798 1484 5852 omnium.
