4130 6432
284 389 394 446 949

1525 387 1589 442 ΙΝ
1627 387 1861 444 ISAIAM
1904 388 2189 444 HOMILIA
2234 388 2342 443 νη.

3455 403 3561 457 250

283 506 618 576 discipulos,
649 514 701 560 et
739 506 1011 562 credimus
1057 507 1109 562 in
1159 523 1224 563 eo
1269 508 1598 565 inconcusse
1635 519 1688 566 et
1722 511 1877 566 lirmc
1906 515 1952 571 Α
1981 525 2102 564 mae.
2139 508 2242 563 Sed
2281 516 2337 562 et
2366 508 2410 563 si
2441 506 2642 563 dicitur
2672 507 2722 562 in
2754 512 3234 579 repromissionem
3265 533 3278 567 :
3310 514 3409 571 Pes
3435 529 3556 574 tuus

286 600 533 655 viventes
552 599 706 668 juxta
738 600 880 668 quod
909 599 1052 654 docti
1078 616 1290 656 sumus.

358 691 415 747 5.
449 689 519 745 Et
567 691 613 745 si
645 691 877 745 dixerint
926 693 995 745 ad
1031 709 1117 747 vos
1154 709 1171 747 :
1215 692 1450 759 Quaerite
1493 694 1867 766 ventriloquos,

287 793 336 838 et
368 799 453 838 eos
485 784 576 854 qui
611 784 673 837 de
698 792 838 838 terra
865 784 1118 839 clamant.
1153 785 1292 851 Quia
1334 787 1516 841 inania
1551 787 1868 855 loquuntur,

289 876 615 946 vaniloquos
648 877 967 931 nominavit.
998 879 1186 933 Umnis
1217 893 1398 933 sermo
1419 879 1514 949 qui
1549 879 1750 934 dicitur
1777 891 1872 934 aut

291 983 498 1023 vacuus
529 975 630 1033 est,
667 977 761 1022 aut
805 969 1000 1038 plenus
1037 970 1286 1024 veritate.
1320 968 1540 1025 Vacuus
1580 979 1663 1025 est
1692 986 1870 1025 sermo

291 1057 473 1111 omnis
503 1057 595 1123 qui
649 1058 882 1112 mendax
919 1067 1022 1112 est.
1065 1059 1268 1115 Plenus
1305 1069 1388 1115 est
1428 1071 1607 1116 autem
1643 1061 1872 1115 veritate

292 1147 384 1216 qui
418 1147 582 1202 habet
623 1150 907 1204 scientiam
943 1149 1037 1205 Dei
1086 1153 1467 1208 universorum
1488 1195 1502 1219 ,
1540 1163 1594 1211 et
1625 1154 1782 1209 docet
1813 1162 1874 1208 ut

293 1237 579 1293 credamus
630 1237 740 1293 Deo
793 1240 1068 1310 pollicenti
1131 1256 1295 1313 regna
1354 1246 1615 1300 caelorum
1667 1244 1873 1300 sanctis

295 1327 426 1382 suis.
459 1326 594 1382 Vide
618 1344 748 1398 ergo
780 1331 908 1399 quid
946 1333 1129 1386 dicant
1158 1335 1251 1403 qui
1283 1350 1388 1391 non
1418 1335 1638 1391 fuerunt
1662 1337 1873 1390 vanilo—

298 1416 405 1483 qui,
435 1429 611 1485 neque
636 1419 792 1472 vacui
820 1435 1056 1489 unquam
1093 1433 1463 1493 apparuerunt
1493 1426 1546 1479 in
1577 1435 1871 1494 conspectu

304 1503 530 1561 Domini.
559 1503 674 1559 Nos
701 1523 878 1562 omnes
903 1525 967 1564 ea:
986 1510 1315 1581 plenitudine
1341 1514 1454 1582 ejus
1483 1517 1780 1584 accepimus
1803 1515 1870 1568 “.

302 1595 394 1660 Qui
431 1597 712 1668 vaniloqui
745 1609 893 1666 sunt,
920 1619 1029 1656 non
1060 1604 1262 1658 habent
1288 1605 1391 1659 hoc
1420 1622 1484 1659 ex
1516 1606 1870 1675 plenitudine,

296 1687 385 1743 sed
413 1703 605 1744 omnes
633 1692 791 1746 vacui
827 1702 956 1748 sunt
1003 1695 1245 1758 veritate,
1290 1695 1449 1749 vacui
1481 1705 1610 1750 sunt
1651 1699 1872 1760 virtute,

293 1780 452 1833 vacui
487 1791 613 1834 sunt
657 1781 901 1839 Christo.
941 1783 1001 1839 Si
1042 1786 1274 1838 dixerint
1308 1787 1450 1839 vobis
1476 1805 1494 1842 :
1523 1785 1757 1850 Quamle
1787 1804 1874 1841 eos

1980 617 2082 653 non
2115 599 2342 668 offendet
2370 599 2440 663 “,
2469 615 2578 654 non
2609 610 2691 655 est
2723 601 2881 671 122
2923 603 3299 661 arbitrandum
3345 609 3413 664 de
3438 623 3560 664 cor-

1978 689 2127 759 poris
2154 688 2308 758 pede.
2350 687 2445 743 Est
2476 690 2620 742 enim
2654 691 2876 759 quidam
2909 707 3006 760 pes
3038 697 3218 752 cordis
3247 697 3558 767 ingrediens

1978 781 2044 834 ad
2068 795 2194 834 eum
2223 779 2318 849 qui
2351 779 2488 834 dixit
2516 795 2530 830 :
2560 777 2674 849 Ego
2697 797 2813 833 sum
2838 783 2925 834 via
2953 781 3018 836 ".
3049 783 3140 838 Sic
3173 786 3337 856 igitur
3365 787 3561 842 similis

1979 874 2154 926 ventri
2186 873 2458 942 corporali
2489 881 2680 927 venter
2717 881 2801 928 est
2841 875 3058 940 animae,
3087 877 3154 931 de
3183 893 3291 946 quo
3320 879 3561 948 loquitur

1973 963 2156 1034 justus
2185 982 2198 1017 :
2228 964 2269 1016 A
2297 964 2484 1017 timore
2518 974 2629 1027 tuo,
2656 960 2899 1031 D‘omine,
2927 966 2982 1018 in
3007 977 3183 1020 ventre
3209 974 3560 1038 concepimus,

1977 1065 2022 1110 et
2048 1056 2428 1125 parturivimus
2449 1095 2463 1119 ,
2507 1064 2556 1109 et
2591 1058 2884 1125 peperimus
2915 1059 3167 1125 spiritum
3207 1060 3398 1115 salutis
3432 1071 3559 1128 tute,

1978 1164 2133 1218 quam
2165 1148 2340 1217 fecisti
2366 1165 2521 1218 super
2552 1158 2747 1202 terram
2772 1148 2838 1203 ⁸³.
2875 1148 3203 1220 Quicunque
3228 1162 3410 1207 autem
3442 1154 3560 1222 ple-

1979 1252 2109 1292 num
2141 1238 2340 1293 habent
2368 1248 2606 1293 ventrem
2633 1240 2790 1294 vanis
2815 1241 3181 1308 sermonibus,
3205 1243 3296 1310 qui
3324 1244 3390 1297 de
3414 1253 3560 1298 terra

1979 1337 2128 1391 sunt,
2159 1327 2365 1382 habent
2396 1338 2636 1382 ventrem
2659 1329 2726 1381 de
2749 1337 2891 1382 terra
2921 1328 3328 1395 subsistentem,
3353 1331 3420 1384 de
3451 1346 3564 1398 quo

1980 1417 2246 1486 scriptum
2277 1425 2364 1471 est
2396 1435 2410 1470 :
2448 1415 2587 1469 Deus
2617 1429 2794 1470 autem
2839 1425 2889 1468 et
2903 1417 3112 1473 istamet
3126 1417 3236 1471 Iure
3249 1418 3477 1471 destruet
3490 1414 3560 1472 "".

2057 1502 2245 1559 Sancti
2277 1515 2406 1571 ergo
2481 1512 2726 1558 ventrem
2758 1504 2979 1571 habent,
3024 1505 3080 1558 in
3125 1521 3236 1574 quo
3285 1521 3315 1558 a
3365 1508 3566 1561 timore

1981 1595 2198 1649 Domini
2227 1603 2281 1649 et
2301 1606 2689 1664 conceperant,
2718 1604 2774 1650 et
2804 1597 2996 1664 plenus
3027 1605 3111 1650 est
3155 1605 3341 1652 venter
3365 1611 3556 1652 eorum

1981 1686 2226 1742 fontibus
2258 1701 2415 1754 aqua:
2455 1687 2700 1741 salientis
2735 1687 2788 1740 in
2837 1686 3002 1740 vitam
3037 1679 3315 1741 aeternam.
3348 1686 3423 1742 De
3452 1689 3559 1744 isto

1981 1787 2167 1832 ventre
2189 1777 2266 1831 ait
2300 1777 2390 1830 ille
2415 1795 2428 1831 :
2465 1779 2631 1830 Aures
2656 1786 2705 1829 et
2731 1786 2908 1830 venter
2933 1793 3076 1831 meus
3113 1780 3266 1847 quasi
3309 1789 3426 1832 uter
3451 1780 3568 1847 ple-

290 1871 381 1940 qui
422 1875 486 1924 de
516 1880 656 1925 terra
701 1873 961 1936 clamant,
1006 1874 1096 1941 qui
1137 1875 1320 1927 inania
1351 1875 1660 1945 loquuntur,
1693 1880 1782 1948 qui
1812 1879 1876 1932 de
1909 1872 1950 1928 Β
1982 1886 2079 1924 nus
2133 1877 2305 1922 musto
2352 1884 2415 1921 ac
2467 1867 2663 1938 ligatus
2697 1868 2764 1922 ⁵ο.
2807 1865 2930 1922 Haec
2979 1868 3124 1922 enim
3169 1869 3302 1922 dixit
3348 1884 3457 1922 non
3493 1869 3562 1924 de

290 1967 467 2013 ventre
497 1959 748 2013 clamant.
794 1959 933 2014 Volo
958 1961 1139 2018 dicere
1184 1973 1237 2018 et
1283 1981 1504 2022 causam
1559 1984 1729 2037 quare
1772 1971 1876 2026 hoc

292 2046 644 2115 potissimum
696 2049 1026 2106 daemonium
1079 2055 1544 2126 ventriloquorum
1594 2076 1738 2114 nunc
1784 2075 1875 2116 as-

297 2138 597 2204 sumpserit
649 2153 861 2206 sermo,
915 2152 973 2197 ut
1017 2144 1210 2200 dicat:
1257 2147 1317 2202 Si
1363 2148 1598 2203 dixerint
1641 2151 1711 2204 ad
1763 2169 1873 2220 vos,

299 2227 521 2294 quaerite
546 2231 916 2302 ventriloquos.
959 2234 1205 2293 Invenies
1235 2255 1424 2294 omnes
1453 2242 1546 2311 qui
1586 2243 1878 2313 repromit--

299 2325 440 2384 tunt,
471 2335 571 2376 nec
616 2322 818 2378 habent
859 2329 1139 2384 veritatem
1161 2373 1176 2397 ,
1209 2336 1384 2387 ventri
1416 2349 1517 2389 suo
1555 2337 1874 2403 servientes,

294 2418 346 2464 et
379 2411 783 2480 quodammodo
815 2429 1036 2488 propter
1065 2424 1397 2497 voluptatem
1441 2426 1561 2497 ejus
1602 2438 1656 2482 et
1701 2432 1879 2484 abun-

293 2500 532 2556 dantiam
567 2514 761 2561 cuncta
792 2506 992 2566 facere.
1037 2492 1176 2568 Non.
1202 2517 1380 2570 solum
1413 2528 1594 2573 autem
1626 2523 1876 2591 gentiles,

293 2593 387 2648 sed
418 2604 472 2650 et
499 2611 614 2664 eos,
646 2600 740 2669 qui
767 2616 892 2656 cum
926 2608 1311 2674 repromittant
1332 2611 1386 2664 in
1417 2610 1638 2667 Christo
1663 2616 1880 2686 religio-

295 2701 442 2752 nem,
475 2687 713 2745 hzerctici
750 2703 910 2760 sunt;
939 2705 995 2750 et
1023 2714 1129 2751 non
1155 2708 1374 2755 tantum
1406 2702 1550 2767 illos,
1581 2705 1672 2760 sed
1714 2710 1877 2763 etiam

293 2776 350 2831 in
381 2779 540 2836 nobis
573 2782 667 2852 qui
713 2785 1069 2842 ecclesiastici
1119 2805 1332 2858 sumus,
1366 2795 1610 2851 invenies
1641 2797 1877 2867 aliquem

292 2884 394 2939 pro
425 2873 711 2929 saturitate
739 2879 947 2933 ventris
990 2892 1185 2936 cuncta
1222 2900 1430 2954 gerere,
1462 2900 1523 2942 ut
1558 2889 1877 2957 honoretur,

287 2968 345 3013 ct
377 2961 610 3030 accipiat
641 2980 870 3020 munera
902 2984 1024 3038 qua:
1060 2970 1114 3024 in
1141 2970 1380 3030 Ecclesia
1405 2976 1742 3033 deferuntur.
1772 2979 1879 3035 Iste

292 3051 420 3123 talis
462 3053 530 3108 de
569 3065 756 3111 ventre
789 3058 1035 3128 loquitur
1070 3073 1125 3118 et
1152 3062 1276 3120 fons
1324 3083 1640 3125 sermonum
1671 3073 1790 3141 ejus
1822 3074 1876 3128 in

284 3154 481 3199 ventre
520 3147 794 3204 consistit.
853 3149 970 3206 Non
1019 3154 1164 3208 enim
1220 3156 1344 3214 fons
1395 3175 1711 3218 sermonum
1757 3165 1877 3235 ejus

289 3233 362 3287 de
405 3237 569 3292 corde
603 3238 747 3293 bono
780 3240 918 3308 tluit,
949 3261 1056 3298 non
1102 3246 1168 3301 de
1213 3248 1374 3306 bonis
1425 3233 1872 3324 cogitationibus,

291 3342 405 3381 non
449 3329 516 3383 de
562 3342 753 3386 sancto
795 3333 1024 3404 Spiritu.
1067 3336 1122 3391 Si
1163 3341 1287 3409 quis
1319 3358 1450 3413 ergo
1493 3346 1789 3416 aliquando
1821 3365 1881 3406 se

287 3418 493 3475 docere
515 3425 802 3491 promittit,
833 3428 1116 3487 observate
1145 3440 1326 3488 utrum
1355 3450 1638 3496 sermones
1663 3441 1784 3512 ejus
1813 3443 1881 3498 de

287 3521 486 3566 ventre
531 3514 770 3571 habeant
815 3519 1168 3591 principium,
1204 3539 1409 3582 annon.
1439 3527 1879 3602 Propositionem

288 3612 476 3656 autem
525 3621 647 3675 quae
679 3609 814 3664 mihi
861 3613 966 3667 dici
1016 3626 1213 3684 potest,
1261 3618 1378 3688 ipse
1412 3621 1780 3693 interponam,
1811 3641 1880 3680 ne

287 3692 436 3748 forte
462 3698 587 3765 quis
620 3713 687 3753 ex
710 3701 864 3757 vobis
901 3719 931 3757 a
962 3721 1238 3776 quoquam
1270 3726 1392 3765 eam
1427 3692 1656 3783 audiens
1685 3717 1880 3772 evisti-

289 3795 410 3839 met
447 3797 537 3842 aut
582 3787 920 3860 Scripturam
957 3796 1063 3850 sibi
1105 3813 1227 3854 esse
1261 3804 1617 3870 contrariam,
1651 3815 1747 3860 aut
1779 3823 1881 3862 nos

285 3877 603 3944 inspexisse
632 3885 908 3950 quomodo
948 3896 1196 3956 oporteat
1241 3892 1545 3960 approbare
1570 3909 1881 3950 sermonem

284 3967 354 4021 in
405 3979 501 4021 eos
547 3973 950 4030 accusatorium
991 3979 1086 4047 qui
1130 3979 1197 4034 de
1240 3990 1430 4036 ventre
1460 3984 1722 4039 clamant.
1749 3986 1883 4051 Quae

285 4068 384 4115 est
410 4077 541 4132 ergo
569 4065 912 4134 propositio?
943 4066 1002 4122 Si
1051 4071 1190 4139 quis,
1223 4072 1317 4136 ait,
1346 4073 1510 4127 credit
1550 4076 1608 4128 in
1647 4092 1748 4141 me,
1777 4077 1884 4147 ﬂu-

286 4153 444 4206 mina
491 4154 556 4208 de
598 4167 776 4210 uentre
819 4159 933 4227 ejus
963 4159 1152 4228 ﬂuent,
1198 4163 1316 4232 ['ons
1354 4181 1505 4234 aqua;
1550 4167 1792 4222 salientis
1825 4169 1882 4224 in

286 4245 459 4301 vitam
506 4257 758 4302 aeternam
783 4249 850 4304 "’.
885 4250 1040 4308 Dicat
1079 4253 1262 4323 itaque
1305 4257 1504 4326 aliquis
1535 4259 1602 4313 de
1656 4261 1741 4315 his
1787 4262 1881 4333 qui

285 4345 630 4405 proponunt.
684 4337 742 4392 Si
793 4338 1044 4397 Salvator
1085 4346 1414 4414 repromittit
1465 4348 1612 4406 hunc
1655 4366 1776 4407 esse
1815 4353 1882 4407 de

284 4438 489 4483 ventre
523 4427 730 4485 fontem
757 4447 912 4504 aqua:
940 4435 1188 4491 salientis
1219 4437 1273 4491 in
1302 4439 1468 4493 vitam
1503 4450 1784 4509 aeternam,
1815 4444 1883 4499 de

282 4520 445 4590 justo
495 4523 805 4590 egreditur,
855 4535 910 4580 et
948 4527 1133 4596 justus
1177 4531 1244 4584 de
1297 4541 1486 4586 ventre
1548 4534 1766 4589 clamat.
1823 4535 1878 4590 Si
1913 4567 1959 4625 υ

287 4611 518 4680 quidem
547 4613 670 4669 fons
700 4631 855 4685 aqum
884 4633 1044 4686 quem
1077 4617 1222 4674 Deus
1255 4623 1603 4691 repromittit,
1645 4626 1698 4678 in
1747 4642 1881 4681 vcn-

288 4714 381 4757 tt'e
410 4703 530 4773 ejus
562 4715 664 4760 est.
717 4705 823 4762 Sed
858 4709 1147 4765 dicendum
1193 4721 1277 4768 est
1322 4730 1390 4769 ne
1430 4713 1568 4770 forte
1595 4717 1746 4772 duos
1778 4720 1880 4772 ha-

290 4797 528 4853 beamus
561 4807 803 4865 ventres,
832 4809 886 4855 et
913 4801 1053 4857 alius
1085 4803 1159 4858 sit
1189 4806 1514 4875 corporalis,
1550 4809 1691 4864 alius
1720 4811 1882 4880 spiri—

287 4887 444 4954 talis,
497 4892 775 4958 quomodo
829 4892 1052 4962 reliquae
1099 4904 1283 4963 partes
1338 4912 1461 4965 qua:
1514 4897 1771 4952 videntur
1825 4901 1880 4956 in

290 4994 528 5048 corpore
569 4982 884 5050 nominari,
937 4983 1100 5037 veluti
1153 4993 1282 5039 sunt
1328 4987 1504 5050 oculi,
1553 5003 1738 5043 verum
1784 4991 1880 5044 alii

292 5072 568 5139 corporis,
605 5073 696 5127 alii
747 5074 963 5128 animae.
999 5072 1056 5128 Si
1109 5076 1253 5129 enim
1301 5077 1502 5132 dicitur
1533 5078 1601 5133 de
1652 5081 1828 5136 oculis
1863 5100 1876 5136 :

295 5158 622 5214 Mandatum
672 5162 888 5218 Domini
935 5164 1204 5232 lucidum,
1244 5165 1557 5222 illuminans
1603 5170 1781 5225 oculos
1814 5171 1879 5238 “,

295 5267 410 5307 non
442 5264 575 5323 puto
605 5255 710 5310 hoc
743 5257 1090 5312 referendum
1130 5259 1198 5314 ad
1237 5259 1427 5313 oculos
1452 5262 1783 5330 corporales.
1816 5262 1884 5318 Et

294 5345 348 5398 si
379 5343 580 5401 dicitur
611 5365 625 5401 :
654 5347 757 5413 Qui
787 5349 939 5404 habet
963 5366 1117 5404 aures
1151 5351 1424 5418 audiendi,
1452 5353 1641 5406 audiat
1668 5353 1735 5418 ",
1775 5370 1882 5409 non

293 5442 384 5488 est
421 5438 718 5504 putandum
751 5439 857 5494 hoc
888 5441 994 5496 dici
1027 5443 1093 5496 de
1119 5442 1365 5512 corporis
1409 5443 1657 5508 auribus,
1693 5444 1786 5498 sed
1815 5445 1884 5499 de

297 5528 516 5596 animae,
549 5545 690 5600 quas
721 5533 920 5587 habent
953 5535 1047 5603 qui
1081 5534 1269 5588 mundi
1301 5543 1431 5590 sunt
1461 5534 1515 5588 in
1545 5535 1734 5590 auditu
1765 5535 1886 5590 ani-

1979 1961 2249 2031 corporali
2279 1969 2513 2016 ventre:
2551 1976 2652 2015 nec
2675 1959 2819 2015 enim
2869 1969 3057 2014 venter
3101 1959 3221 2028 ejus
3265 1959 3564 2028 corporalis

1976 2054 2170 2123 plenus
2201 2060 2319 2106 erat
2347 2051 2655 2107 divinorum
2688 2061 2740 2106 et
2767 2051 2850 2106 his
2883 2051 3256 2120 proximorum
3288 2051 3414 2104 vino
3443 2050 3563 2105 alli-

1979 2154 2104 2212 gato
2133 2143 2186 2196 in
2214 2152 2413 2198 utrem.
2441 2143 2551 2198 Ista
2582 2143 2636 2197 in
2665 2143 2992 2198 solutionem
3029 2142 3442 2213 prepositionis.

2050 2234 2104 2286 4.
2139 2231 2291 2288 Nunc
2337 2235 2404 2288 ad
2455 2234 2560 2289 hoc
2608 2235 2754 2304 quod
2803 2235 3071 2304 cmpimus
3104 2243 3466 2290 revertamur.
3500 2232 3563 2290 Si

1979 2339 2108 2393 ergo
2155 2324 2390 2380 dixerint
2423 2328 2493 2380 ad
2539 2343 2625 2381 vos
2659 2342 2678 2381 :
2721 2325 2957 2391 Quaerite
2990 2327 3362 2399 venti-itaquos,
3392 2337 3442 2382 et
3474 2345 3565 2384 eos

1977 2417 2070 2486 qui
2101 2416 2164 2470 de
2191 2427 2332 2471 terra
2360 2419 2627 2483 clamant,
2657 2434 2761 2471 non
2805 2435 2927 2487 gens
2976 2419 3046 2472 ad
3099 2418 3268 2473 Deum
3310 2437 3466 2475 suum
3495 2421 3562 2489 ",

1979 2508 2098 2563 haec
2121 2510 2202 2562 eis
2229 2509 2568 2578 respondete.
2602 2508 2922 2564 Deﬁcienter
2949 2519 3131 2564 autem
3161 2511 3360 2566 dicitur
3393 2528 3406 2563 :
3440 2510 3567 2569 Haec

1980 2598 2060 2652 eis
2091 2601 2432 2666 respondete,
2465 2614 2570 2650 non
2599 2614 2722 2667 gens
2754 2598 2822 2650 ad
2851 2597 3022 2651 Deum
3052 2614 3205 2651 suum
3241 2601 3562 2668 exquiritur.

1982 2687 2336 2760 Unaquzeque
2375 2705 2530 2759 gens,
2581 2690 2626 2743 si
2674 2691 2871 2759 quaerit
2911 2689 3126 2754 Jovem,
3169 2691 3236 2746 ad
3284 2693 3565 2761 proprium

1981 2779 2155 2834 Deum
2207 2781 2372 2834 refert
2415 2781 2560 2850 quod
2599 2780 2879 2849 quaesivit.
2926 2778 3053 2834 Haec
3092 2779 3174 2836 eis
3221 2782 3565 2849 respondete.

1983 2870 2094 2926 Vos
2123 2881 2305 2928 autem
2338 2870 2597 2926 Israelita:
2631 2873 2893 2928 habentes
2923 2871 3095 2926 Deum.
3131 2887 3317 2927 verum
3361 2872 3454 2942 qui
3484 2882 3569 2929 est

1981 2979 2148 3034 super
2198 2964 2415 3030 omnia,
2463 2978 2587 3018 cum
2639 2963 2914 3032 quieritis,
2962 2963 3128 3018 nolite
3191 2963 3567 3034 ventriloquos

1983 3065 2247 3119 quaerere,
2286 3065 2464 3120 neque
2504 3051 2571 3106 de
2617 3063 2763 3105 terra
2790 3051 3110 3116 clamantes,
3147 3067 3324 3121 neque
3353 3054 3568 3109 vanilo-

1981 3157 2142 3212 quos,
2178 3142 2271 3197 sed
2306 3143 2584 3212 proprium
2617 3142 2806 3198 Deum.
2843 3142 2948 3208 Qui
2971 3155 3215 3215 quierunt
3251 3146 3313 3199 de
3353 3147 3568 3200 viventi-

1982 3233 2075 3287 bus
2122 3241 2379 3288 mortuos.
2423 3233 2623 3290 Mortui
2670 3235 2816 3289 enim
2870 3244 3000 3290 sunt
3049 3236 3323 3293 daemones
3371 3238 3566 3306 privati

1982 3339 2111 3380 vera
2141 3326 2272 3389 vita,
2307 3341 2429 3395 quae
2457 3326 2589 3380 dicit
2621 3342 2635 3378 :
2677 3324 2788 3396 Ego
2829 3342 2947 3386 sum
2978 3329 3085 3382 vita
3123 3329 3191 3382 δ’.
3225 3326 3403 3383 Nolite
3436 3344 3568 3398 ergo

1982 3427 2230 3473 mortuos
2265 3418 2537 3474 sciscitari
2585 3418 2651 3474 de
2698 3419 2840 3475 vivis
2889 3421 3143 3488 negotiis.
3186 3420 3384 3492 Legem
3419 3423 3566 3478 enim

1983 3510 2327 3579 suscepistis.
2361 3509 2405 3563 0
2432 3525 2529 3566 vos
2554 3510 2758 3580 quibus
2779 3511 3095 3580 persuaderi
3132 3526 3240 3566 non
3281 3515 3478 3582 potuit,
3508 3522 3569 3568 ut

1983 3602 2299 3670 quaereretis
2325 3602 2426 3657 ista
2455 3602 2521 3656 de
2553 3602 2933 3671 ventriloquis,
2964 3612 3018 3656 et
3053 3603 3120 3658 de
3151 3612 3294 3662 terra
3321 3605 3566 3658 claman-

1983 3695 2128 3749 tibus
2157 3694 2315 3748 vanis
2365 3694 2714 3749 sermonibus
2755 3709 3068 3750 sermonem
3109 3694 3352 3751 veritatis
3385 3703 3439 3748 et
3487 3695 3567 3750 le-

1982 3800 2125 3854 gem,
2169 3783 2531 3854 suscipientes
2566 3799 2691 3838 eam
2736 3785 2790 3837 in
2825 3783 3156 3852 adiutorium
3195 3783 3328 3853 legis
3350 3792 3563 3850 vestra»,

1983 3874 2266 3928 attendite.
2291 3875 2353 3928 In
2404 3874 2521 3943 lege
2562 3881 2742 3928 vestra
2790 3873 3047 3932 scribitur
3097 3872 3267 3929 :Non
3316 3876 3566 3945 sequaris

1983 3966 2162 4034 idola;
2190 3967 2346 4038 juxta
2391 3965 2562 4036 legem
2598 3964 2864 4021 facientes
2899 3981 3008 4022 non
3041 3965 3333 4023 attendatis
3361 3966 3568 4023 ventri-

1983 4058 2203 4129 loquis,
2249 4074 2426 4128 neque
2476 4059 2561 4114 his
2605 4058 2700 4128 qui
2748 4059 2815 4114 de
2872 4069 3017 4114 terra
3069 4060 3326 4114 clamant.
3374 4059 3566 4131 Legem

1981 4155 2121 4207 enim
2163 4153 2220 4206 in
2265 4152 2598 4221 adjutorium
2625 4151 2792 4215 dedit,
2821 4161 2882 4205 ut
2927 4152 3128 4217 dicant,
3174 4168 3277 4206 non
3316 4163 3392 4207 est
3429 4153 3568 4207 sicut

1982 4243 2193 4298 verbum
2222 4244 2390 4309 istud,
2423 4260 2519 4314 pro
2564 4259 2665 4313 quo
2707 4259 2811 4296 non
2847 4252 2926 4296 est
2953 4259 3173 4296 munera
3207 4245 3337 4298 dare
3361 4244 3428 4296 ⁵³.
3461 4242 3566 4309 Qui

1983 4337 2130 4393 enim
2157 4335 2457 4404 assumpsit
2486 4334 2680 4405 legem,
2706 4343 2762 4389 et
2796 4335 2947 4387 novit
2979 4334 3109 4404 quia
3141 4335 3224 4388 lex
3264 4334 3316 4387 in
3347 4334 3565 4404 adjuto-

1985 4429 2127 4482 rium
2171 4437 2286 4494 est,
2328 4436 2382 4481 et
2426 4427 2698 4496 prarcipue
2735 4425 3028 4495 spiritalis,
3071 4443 3192 4496 quae
3227 4428 3502 4485 interdicit
3531 4444 3564 4483 a

1985 4517 2342 4587 ventriloquis
2383 4525 2438 4570 et
2481 4515 2729 4587 auguriis
2760 4531 3037 4586 quaerere;
3071 4517 3159 4571 hic
3200 4533 3323 4572 cum
3358 4519 3568 4573 intelle—

1987 4611 2129 4665 xerit
2171 4609 2367 4679 legem,
2412 4607 2574 4662 debet
2611 4607 2891 4661 admirans
2934 4622 3055 4661 eam
3103 4607 3306 4672 dicere,
3353 4609 3565 4663 nullum

1988 4702 2214 4756 verbum
2271 4702 2345 4754 ita
2405 4702 2672 4754 mundum
2724 4700 2867 4769 apud
2910 4699 3129 4754 Gt'tecos
3175 4709 3228 4754 et
3278 4700 3564 4765 barbaros,

1987 4796 2148 4866 quale
2181 4803 2267 4849 est
2296 4793 2516 4848 verbum
2565 4792 2720 4863 legis.
2769 4793 2853 4846 Ab
2891 4793 3040 4846 enini
3087 4793 3231 4847 enim
3277 4793 3465 4860 verbo,
3497 4794 3566 4848 ab

1986 4887 2241 4942 universa
2285 4885 2535 4940 doctrina
2571 4884 2854 4938 veritatem
2899 4883 3188 4952 pollicente
3231 4881 3410 4936 diﬁcit
3455 4883 3564 4951 lex,

1987 4993 2110 5051 quae
2141 4995 2172 5034 a
2205 4977 2315 5033 Deo
2347 4977 2505 5032 nobis
2535 4976 2662 5032 data
2704 4985 2806 5032 est.
2837 4974 3026 5046 Legem
3063 4977 3203 5030 enim
3244 4976 3300 5030 in
3348 4975 3564 5044 adjuto-

1985 5073 2125 5126 rium
2151 5071 2315 5135 dedit,
2347 5078 2402 5122 ut
2444 5069 2647 5134 dicant,
2680 5083 2784 5121 non
2822 5067 2960 5122 sicut
2996 5067 3204 5121 verbum
3232 5067 3394 5120 istud.
3424 5065 3563 5131 Quid

1986 5175 2072 5221 est
2103 5165 2248 5234 quod
2298 5179 2407 5219 non
2438 5171 2522 5218 est
2569 5161 2710 5216 sicut
2754 5161 2980 5217 verbum
3029 5160 3213 5216 istud?
3241 5158 3407 5216 Multa
3437 5168 3566 5212 sunt

1987 5259 2174 5321 verba,
2204 5257 2297 5312 sed
2341 5271 2453 5310 non
2499 5254 2642 5310 sicut
2683 5253 2909 5308 verbum
2963 5250 3128 5310 istud.
3156 5249 3375 5307 Nullum
3415 5249 3564 5303 enim

1986 5351 2213 5404 verbum
2265 5356 2389 5418 post
2437 5347 2662 5401 verbum
2701 5343 2896 5416 Moysi,
2932 5351 3056 5414 post
3084 5342 3307 5399 verbum
3340 5339 3568 5409 prophe~

1986 5451 2206 5506 tarum,
2255 5440 2427 5494 multo
2473 5448 2656 5496 autem
2709 5437 2945 5506 amplius
2992 5445 3116 5505 post
3161 5433 3385 5492 verbum
3432 5428 3567 5486 Jesu

1985 5532 2194 5589 Christi
2230 5541 2285 5586 et
2335 5531 2712 5601 apostolorum
2743 5527 2886 5595 eius.
2931 5525 3059 5584 Vide
3099 5525 3147 5584 si
3187 5539 3294 5581 non
3326 5523 3570 5580 cJamaut

374 5669 420 5699 δ’
452 5667 612 5723 Joan.
637 5683 676 5732 ι,
707 5668 792 5724 16.
869 5669 914 5701 ⁸³
946 5669 1102 5725 Joan.
1144 5687 1240 5734 vn,
1263 5671 1360 5736 58;
1395 5687 1469 5738 tv,
1496 5671 1584 5725 14.
1661 5669 1710 5704 “
1738 5671 1883 5726 Psal.
1913 5686 2068 5736 xvm,
2095 5671 2148 5723 9.
2226 5667 2271 5699 ⁸⁸
2304 5666 2494 5738 Matth.
2520 5663 2716 5738 mni].
2783 5657 3017 5738 ‘1P_I‘0Vo
3049 5674 3131 5725 ιιι,
3161 5659 3290 5738 25...
3330 5657 3564 5738 "105m-

303 5751 417 5801 xrv,
445 5739 499 5792 6.
575 5738 622 5771 “
650 5740 755 5795 Isa.
794 5756 941 5803 xxvi,
988 5741 1072 5794 l8.
1149 5742 1192 5776 ³³
1225 5741 1241 5795 Ι
1272 5734 1398 5797 Cor.
1433 5734 1508 5806 vt,
1544 5743 1630 5796 15.
1709 5743 1755 5775 ⁸ο
1784 5741 1887 5798 Job
1917 5734 2092 5807 xxxn,
2136 5739 2222 5793 i9.
2297 5737 2342 5774 "
2395 5735 2494 5790 Isa.
2521 5750 2608 5802 VI,
2633 5734 2720 5789 19-

302 5821 380 5876 vt,
401 5810 487 5862 20.

2800 5728 2845 5759 ⁸⁸
2881 5729 3038 5784 Joan.
3100 5746 3209 5799 xiv,
3259 5729 3311 5786 6.
3387 5727 3565 5784 "Isa.
