4130 6450
563 366 667 424 151

2053 349 2380 411 ORlGENlS

3740 333 3846 388 95$

565 503 768 544 sensus
797 488 893 542 Dei
917 486 1064 558 quod
1089 487 1298 542 dictum
1327 492 1412 539 est
1441 502 1453 538 :
1492 481 1688 553 Legem
1719 481 1864 536 enim
1904 481 1957 533 in
2000 476 2159 546 adju-
2188 479 2231 536 Α
2262 466 2772 528 verisimilitudine,
2811 468 3118 528 cunctaque
3175 457 3374 558 virtute
3423 453 3717 558 falsitatem
3756 467 3846 508 se-

567 579 771 634 torium
816 578 997 644 dedit,
1049 587 1106 632 ut
1147 576 1332 631 dicant
1373 576 1466 646 qui
1509 581 1838 644 acceperunt
1881 571 2051 640 legem
2094 570 2149 623 in

567 671 920 737 adjutorium,
950 683 1057 721 non
1103 676 1188 721 est
1232 675 1292 720 ut
1327 666 1551 720 verbum
1582 665 1725 719 istud
1759 662 1904 733 quod
1934 663 2152 716 locutus

562 771 650 816 est
677 760 889 832 Moyses
913 760 966 814 in
996 759 1111 826 lege
1138 759 1248 814 lata
1275 775 1373 830 per
1395 758 1620 828 angelos
1652 757 1708 810 in
1745 771 1909 810 manu
1945 754 2154 810 media-

563 849 703 903 toris
734 849 802 901 “.
848 847 1018 900 Multo
1070 856 1252 901 autem
1289 847 1508 917 dignius
1556 854 1732 915 potest
1772 846 1877 899 hoc
1908 842 2151 898 Ecclesia

563 939 765 997 dicere.
794 953 902 991 non
946 946 1030 1004 est
1074 937 1219 992 sicut
1261 939 1486 992 verbum
1531 937 1672 992 istud
1707 936 1853 1007 quod
1891 951 2023 990 caro
2069 933 2152 990 fa-

564 1040 712 1084 etum
746 1038 849 1092 est,
880 1029 1024 1095 quod
1076 1028 1342 1082 habitavit
1385 1028 1437 1080 in
1482 1028 1672 1093 nobis,
1709 1026 1868 1094 cujus
1901 1027 2150 1081 videmus

563 1117 815 1185 gloriam,
853 1132 960 1170 non
1003 1117 1146 1170 sicut
1186 1116 1400 1188 Moyses
1430 1116 1698 1170 velamine
1727 1116 2022 1179 obtectam,
2054 1116 2150 1171 sed

560 1209 793 1278 gloriam
824 1219 1086 1277 tanquam
1116 1207 1388 1278 Unigeniti
1417 1224 1448 1263 a
1481 1207 1662 1273 Patre,
1699 1209 1843 1278 pleni
1877 1208 2067 1278 gratiae
2095 1217 2151 1263 et

561 1301 810 1356 veritatis
838 1302 905 1357 ".
939 1299 1058 1356 Non
1092 1311 1178 1358 est
1223 1302 1365 1358 sicut
1395 1301 1634 1358 Verbum
1663 1303 1807 1357 istud
1840 1303 1985 1373 quod
2027 1318 2152 1358 sus-

562 1393 708 1462 cepit
732 1391 999 1460 Ecclesia,
1025 1394 1077 1447 in
1108 1409 1219 1464 quo
1247 1395 1438 1460 credit,
1467 1411 1562 1465 per
1581 1396 1726 1462 quod
1750 1403 1804 1450 et
1827 1394 2147 1459 salvabitur,

565 1478 805 1536 Verbum
843 1482 988 1552 quod
1035 1482 1089 1536 in
1139 1482 1408 1553 principio
1451 1492 1571 1538 erat
1613 1485 1755 1553 apud
1790 1483 1959 1539 Deum
2005 1482 2148 1539 Deus

570 1567 830 1636 Verbum,
861 1575 949 1628 cui
989 1573 1158 1645 gloria
1189 1582 1244 1628 et
1283 1574 1574 1646 imperium
1607 1576 1661 1631 in
1690 1577 1887 1632 saecula
1919 1577 2147 1632 saeculo-

569 1678 712 1718 rum.
739 1664 934 1719 Amen.

1128 1756 1413 1812 HOMIHA
1450 1759 1584 1815 VIII.

568 1883 646 1940 fle
673 1901 738 1940 eo
769 1887 912 1965 quod
938 1887 1199 1965 scriptum
1222 1898 1306 1965 est
1334 1909 1348 1944 :
1388 1891 1602 1946 Ululate
1629 1894 1900 1964 sculptilia
1928 1897 1983 1948 in
2016 1894 2145 1949 Ilie-

637 1957 867 2031 rusalent
898 1957 1056 2031 et_in'
1081 1959 1359 2022 Samaria,
1388 1978 1562 2031 usque
1604 1965 1670 2018 ad
1711 1957 1833 2019 eum
1877 1965 2059 2020 locum
2088 1967 2141 2020 in

633 2027 885 2167 qgazaixt;
930 2027 1000 2081 Et
1031 2031 1364 2086 commovebo
1408 2027 1644 2088 ciuitates
1679 2051 1797 2105 quc
1835 2035 2146 2092 habitantur

661 2113 779 2166 cap.
810 2113 888 2166 χ).

639 2226 690 2280 l.
727 2223 867 2281 Olim
902 2229 1121 2297 quidem
1157 2231 1377 2296 quando
1418 2235 1662 2302 peccavit
1696 2236 1932 2306 populus
1975 2237 2142 2306 prior,

563 2315 769 2370 excidit
792 2333 823 2372 a
847 2318 1129 2390 religione,
1161 2329 1216 2375 et
1243 2322 1515 2392 sculptilia
1547 2324 1847 2382 fabricatus
1873 2336 1956 2382 est
1977 2325 2146 2383 Judas

564 2409 621 2462 in
651 2406 1013 2474 Hierusalem,
1053 2419 1108 2464 et
1141 2411 1186 2466 is
1225 2413 1316 2481 qui
1355 2411 1518 2467 Israel
1552 2415 1849 2469 vocabatur
1871 2417 1924 2470 in
1957 2417 2149 2472 Sama-

565 2503 668 2554 ria.
699 2499 755 2554 Si
799 2510 980 2556 autem
1015 2513 1070 2558 et
1098 2519 1245 2559 nunc
1285 2504 1482 2574 aliquis
1525 2506 1833 2562 consideret
1864 2523 1931 2563 ex
1967 2509 2149 2563 multi-

564 2590 752 2644 tudine
780 2606 970 2646 eorum
998 2593 1093 2662 qui
1117 2594 1449 2665 colliguntur
1485 2606 1823 2665 peccatores,
1861 2613 1970 2653 non
2001 2600 2148 2671 pige-

562 2681 644 2736 bit
680 2697 802 2736 eum
842 2684 1062 2752 dicere,
1107 2687 1250 2754 quod
1292 2688 1672 2758 unusquisque
1714 2687 1886 2744 Deum
1943 2691 2149 2746 faciens

561 2772 713 2840 quod
761 2774 1044 2829 existimat
1089 2791 1212 2831 esse
1262 2777 1490 2843 bonum,
1535 2787 1590 2832 et
1633 2780 1874 2835 serviens
1904 2791 2146 2850 peccato,

565 2861 890 2918 maledictus
935 2874 1022 2920 est
1074 2863 1282 2920 faciens
1318 2866 1588 2935 sculptile,
1623 2875 1680 2922 et
1725 2869 1972 2924 conflans
2007 2886 2148 2940 opus

565 2968 830 3008 manuum
866 2956 1089 3010 artificis
1135 2965 1191 3010 et
1232 2973 1440 3027 ponens
1484 2957 1616 3012 illud
1668 2959 1722 3013 in
1769 2960 2057 3018 absconso.
2088 2961 2148 3017 ln

566 3042 838 3098 absconso
863 3046 1064 3115 quippe
1088 3046 1271 3103 cordis
1301 3047 1472 3102 multa
1504 3047 1738 3105 facimus
1775 3051 1917 3105 idola
1953 3053 2001 3107 si
2024 3068 2151 3122 pec-

565 3147 777 3188 cemus.
817 3132 972 3190 Unde
1001 3152 1182 3192 sermo
1203 3154 1303 3193 nos
1336 3139 1528 3194 edocet
1560 3140 1936 3209 paenitentiam
1967 3157 2145 3213 agere,

565 3237 618 3280 et
647 3226 857 3282 ululare
892 3244 1056 3299 super
1089 3231 1455 3300 sculptilibus,
1491 3241 1548 3287 et
1588 3233 1747 3287 idolis
1779 3251 1900 3305 quae
1934 3244 2064 3290 sunt
2095 3237 2151 3291 in

566 3315 907 3374 Hierusalem
936 3330 990 3376 et
1033 3320 1302 3377 Samaria.
1347 3323 1414 3379 Et
1459 3325 1508 3381 si
1542 3325 1761 3396 quidem
1811 3341 1911 3380 nos
1956 3342 2150 3396 pecce-

567 3423 716 3474 mus,
749 3411 844 3480 qui
875 3427 999 3467 esse
1029 3413 1097 3467 de
1122 3414 1363 3470 Ecclesia
1397 3417 1682 3488 cupimus,
1715 3416 1770 3470 in
1810 3415 2152 3474 Hierusalem

566 3498 804 3558 facimus
829 3505 1124 3574 sculptilia.
1169 3506 1227 3562 Si
1268 3523 1399 3563 vero
1443 3510 1481 3563 ii
1522 3510 1616 3580 qui
1666 3517 1820 3565 extra
1852 3509 2150 3566 Ecclesiam

565 3593 849 3649 constituti
896 3608 1024 3652 sunt
1077 3601 1353 3668 quomodo
1395 3602 1634 3658 haeretici
1673 3604 2040 3672 peccaverint,
2071 3601 2154 3658 fa-

564 3687 721 3742 ciunt
750 3688 892 3743 idola
931 3689 984 3743 in
1030 3689 1298 3749 Samaria.
1331 3692 1718 3750 Verumtamen
1751 3710 1942 3750 omnes
1970 3696 2154 3750 omni-

568 3787 763 3849 potens
794 3779 938 3837 Deus
975 3781 1129 3850 juxta
1155 3799 1311 3839 suam
1344 3785 1644 3840 bonitatem
1671 3787 1740 3840 ad
1774 3787 2152 3857 paenitentiam

564 3882 846 3941 provocat,
906 3875 1096 3932 dicens
1138 3879 1304 3943 (vers.
1348 3878 1436 3948 10)
1473 3895 1488 3932 :
1547 3877 1761 3932 Ululate
1789 3878 2066 3948 sculptilia
2097 3879 2151 3932 in

571 3961 912 4020 Hierusalem
938 3977 987 4021 et
1025 3969 1080 4020 in
1125 3966 1397 4022 Samaria.
1447 3967 1921 4034 Quemadmodum
1951 3969 2154 4024 etenim

565 4052 675 4111 feci
715 4057 981 4113 Samaria:
1009 4069 1064 4114 et
1095 4075 1262 4115 manu
1305 4060 1468 4115 factis
1501 4061 1639 4130 ejus,
1671 4062 1746 4115 ita
1781 4061 1976 4116 faciam
2025 4061 2154 4116 Hie-

567 4151 805 4204 rusalem
857 4160 929 4230 et
961 4152 1122 4208 idolis
1175 4154 1315 4224 ejus.
1373 4153 1757 4210 Comminatur
1815 4171 2156 4227 quaecunque

568 4240 699 4297 fecit
747 4242 1131 4311 Samaritanis,
1177 4254 1234 4302 et
1286 4246 1371 4302 his
1429 4247 1521 4317 qui
1578 4247 1644 4303 de
1701 4247 1944 4304 Ecclesia
2005 4259 2153 4304 sunt.

566 4330 748 4399 (Vers.
789 4335 877 4403 12)
922 4335 1056 4390 Cum
1105 4348 1280 4392 autem
1319 4339 1760 4392 consummaverit
1794 4337 1935 4392 Deus
1975 4339 2155 4391 omnia

569 4423 770 4486 faciens
797 4427 852 4479 in
879 4437 1051 4481 monte
1079 4427 1230 4492 Sion,
1258 4438 1307 4482 et
1338 4429 1394 4482 in
1428 4428 1787 4496 Hierusalem,
1815 4430 2029 4484 inducet
2061 4447 2154 4483 su-

567 4531 661 4583 per
688 4531 897 4570 sensum
930 4535 1176 4589 magnum
1201 4522 1489 4592 principem
1523 4523 1888 4593 Assyriorum,
1923 4530 1972 4575 et
1997 4537 2155 4590 super
2187 4541 2230 4597 D

569 4605 909 4662 altitudinem
959 4608 1149 4678 gloria.-
1198 4612 1471 4666 ocuforum
1523 4615 1659 4682 ejus.
1706 4611 1972 4667 Docemur
2023 4612 2154 4682 quid

569 4695 816 4752 futurum
864 4701 935 4754 sit
978 4701 1200 4757 inimico
1245 4713 1435 4759 nostro
1476 4714 1531 4759 ct
1570 4704 1798 4768 zabulo,
1827 4717 1990 4773 quem
2025 4717 2154 4757 sen-

567 4802 692 4841 sum
763 4792 1053 4859 qnemdam
1134 4811 1391 4868 magnum
1454 4812 1602 4851 nunc
1669 4796 1934 4865 propheta
2012 4809 2154 4847 nun-

570 4879 810 4946 θυβδνίῐ·
865 4878 1148 4946 Quomodo
1209 4885 1357 4941 enim
1408 4901 1632 4956 serpens
1687 4883 1986 4953 sapientior
2037 4890 2156 4937 erat

569 4966 828 5023 omnibus
857 4969 1047 5027 bestiis
1075 4988 1198 5043 quae
1227 4983 1358 5030 sunt
1395 4990 1559 5044 super
1588 4984 1812 5042 terram,
1842 4981 1898 5026 et
1929 4972 2022 5028 filii
2053 4987 2157 5027 sa:-

568 5056 679 5111 culi
724 5057 887 5128 hujus
921 5065 1278 5131 sapientiores
1309 5083 1473 5136 super
1515 5067 1654 5122 filios
1703 5066 1841 5120 lucis
1889 5066 1942 5119 in
1997 5065 2154 5136 123

568 5151 923 5221 generatione
974 5170 1074 5210 sua
1131 5166 1300 5223 sunt,
1354 5168 1410 5214 et
1456 5158 1805 5228 dispensator
1848 5158 2154 5228 iniquitatis

571 5240 848 5310 sapienter
887 5244 1015 5301 fecit
1055 5249 1359 5304 secundum
1401 5251 1728 5321 sapientiam
1767 5265 1876 5304 non
1921 5251 2152 5319 bonam,

570 5335 763 5392 eodem
795 5340 960 5394 modo
996 5341 1098 5396 iste
1126 5344 1220 5414 qui
1263 5344 1561 5415 figuraliter
1603 5344 1856 5414 princeps
1901 5345 2154 5416 Assyrio-

572 5441 694 5482 rum
725 5429 946 5497 dicitur,
977 5448 1210 5504 magnus
1243 5446 1329 5491 est
1361 5451 1577 5503 sensus,
1605 5445 1659 5491 et
1682 5446 1767 5491 est
1804 5437 1991 5491 mirari
2036 5453 2153 5492 ma-

577 5518 913 5584 gnitudinem
955 5537 1152 5580 sensus
1192 5526 1311 5595 ejus
1347 5544 1360 5580 :
1397 5524 1450 5579 in
1474 5541 1586 5596 quo
1619 5525 1825 5580 abusus
1855 5535 1939 5580 est
1965 5527 2031 5581 ad
2072 5526 2156 5580 in-

578 5614 869 5670 struendos
909 5619 1187 5688 sapientes
1231 5618 1420 5675 mundi
1462 5619 1656 5684 istius,
1702 5619 1795 5690 qui
1840 5634 1964 5675 cum
2007 5619 2156 5675 omni

659 5835 702 5867 ”
725 5836 842 5894 Gal.
880 5854 960 5909 In,
987 5840 1073 5895 l9.
1153 5841 1196 5874 "
1221 5819 1378 5896 .Iioan.
1411 5856 1449 5898 ι.
1566 5843 1609 5874 ⁵⁸
1639 5839 1838 5898 Jerem.
1874 5855 1989 5896 vm.

2257 573 2466 618 clarum
2505 573 2732 615 suarum
2780 558 3170 622 componentes
3211 548 3487 604 exhibent.
3529 546 3669 601 Cum
3713 562 3844 616 ergo

2255 654 2441 709 omnia
2473 653 2662 708 fecerit
2697 650 2840 704 Deus
2880 647 2934 701 in
2981 655 3165 701 monte
3201 644 3364 709 Sion,
3406 650 3461 695 et
3492 641 3546 694 in
3577 638 3840 695 Hierusa-

2254 747 2385 812 lem,
2422 754 2478 801 et
2510 742 2807 800 reddiderit
2846 755 2910 794 ea
2950 753 3073 808 quae
3110 737 3276 806 justis
3309 733 3639 804 repromissa
3677 747 3840 800 sunt,

2253 848 2386 893 tunc
2415 839 2632 893 inducet
2669 849 2832 904 supra
2870 847 3090 887 sensum
3125 843 3380 899 magnum
3410 824 3714 896 principem
3746 823 3844 878 As-

2253 931 2565 1002 syriorum,
2614 937 2670 982 et
2715 939 2879 994 super
2925 921 3266 977 altitudinem
3322 917 3508 989 gloria:
3554 915 3839 973 oculorum

2253 1022 2394 1091 ejus.
2427 1019 2551 1074 Alta
2580 1032 2704 1073 eum
2734 1015 3030 1084 sapientem
3059 1025 3240 1066 sermo
3266 1008 3441 1072 novit,
3475 1017 3528 1062 et
3555 1007 3842 1062 exordium

2254 1114 2427 1168 ruinae
2459 1111 2577 1182 ejus
2621 1109 2690 1164 ab
2735 1107 3014 1162 inflatione
3045 1104 3296 1174 coepisse.
3335 1098 3488 1155 Unde
3515 1107 3570 1154 et
3594 1099 3642 1154 si
3673 1098 3842 1154 inﬂati

2253 1205 2540 1270 fuerimus,
2570 1202 2624 1256 in
2647 1201 2917 1270 judicium
2942 1197 3255 1253 incidemus
3276 1192 3501 1259 diaboli,
3539 1191 3593 1246 in
3627 1207 3738 1262 quo
3768 1192 3843 1247 in-

2253 1296 2387 1351 cidit
2424 1294 2541 1364 ipse
2575 1291 2837 1347 Zabulus.

2321 1387 2376 1440 2.
2423 1383 2716 1440 Videamus
2762 1389 2945 1437 autem
2989 1390 3044 1435 et
3090 1378 3427 1434 inflationem
3479 1375 3600 1445 ejus
3637 1384 3838 1446 quanta

2251 1479 2345 1543 sit,
2377 1486 2437 1533 ut
2465 1492 2584 1532 eam
2620 1488 2932 1539 caveamus,
2962 1481 3016 1527 et
3047 1487 3153 1525 non
3186 1470 3566 1540 permittamus
3593 1483 3717 1522 eum
3755 1473 3842 1522 Su-

2251 1584 2348 1639 per
2385 1583 2486 1623 nos
2523 1581 2652 1621 vera
2693 1564 2895 1620 dicere.
2942 1561 3083 1629 Quid
3130 1561 3294 1632 igitur
3342 1559 3475 1614 dicit
3507 1562 3677 1626 (vers.
3715 1559 3845 1628 ιδῃ

2260 1656 2472 1710 Viribus
2512 1657 2742 1726 faciam,
2788 1664 2838 1708 et
2875 1653 3192 1722 sapientiam
3233 1649 3525 1705 intellectus
3569 1651 3843 1714 auferam,

2248 1751 2378 1820 ﬁnes
2415 1750 2672 1821 gentium.
2722 1746 3016 1802 Existimat
3049 1743 3369 1798 fortitudine
3403 1758 3502 1797 sua
3535 1741 3680 1808 quod
3730 1742 3844 1796 vult

2177 1847 2220 1902 Β
2249 1844 2302 1899 in
2332 1843 2490 1898 nobis
2520 1858 2579 1898 se
2606 1856 2767 1912 posse
2799 1839 3080 1910 perﬁcere.
3129 1836 3194 1891 Et
3237 1850 3427 1890 revera
3461 1834 3505 1890 si
3534 1835 3840 1903 vincamur,

2252 1947 2306 1993 et
2355 1944 2480 2006 post
2537 1935 2652 1990 haec
2706 1933 2868 1988 verba
2925 1945 3251 2001 peccemus,
3299 1928 3344 1982 si
3388 1935 3512 1997 post
3553 1927 3842 1983 ecclesiam

2253 2042 2474 2083 rursum
2514 2026 2567 2080 in
2613 2025 2856 2085 circum,
2899 2031 2954 2076 et
2992 2021 3060 2076 ad
3108 2033 3376 2090 equorum
3418 2033 3650 2083 cursus,
3686 2027 3742 2073 et
3774 2018 3844 2074 ad

2253 2127 2583 2175 conventum
2618 2115 2901 2186 gentilium
2943 2127 3158 2177 eamus,
3193 2110 3321 2180 quid
3361 2109 3507 2164 aliud
3546 2110 3636 2175 fit,
3677 2125 3842 2180 quam

2251 2216 2543 2279 superatos
2578 2219 2678 2258 nos
2709 2199 2988 2273 possidet?
3023 2197 3090 2253 Et
3129 2197 3262 2269 quid
3293 2197 3432 2251 dixit
3462 2195 3734 2261 Zabulus,
3767 2197 3846 2250 ci-

2255 2299 2401 2352 ribus
2439 2297 2675 2364 faciam?
2711 2290 3079 2361 Consequitur
3121 2290 3176 2343 in
3219 2289 3377 2343 nobis
3425 2287 3838 2358 peccatoribus,

2254 2391 2402 2464 quod
2434 2390 2672 2445 minatus
2701 2394 2806 2442 est.
2845 2383 2949 2439 Sed
2981 2392 3037 2438 et
3069 2379 3114 2437 si
3149 2380 3483 2436 fornicemur
3512 2390 3634 2450 post
3674 2380 3840 2434 casti-

2255 2492 2420 2538 tatem
2454 2482 2600 2550 longi
2629 2479 3090 2547 temporisnpost
3116 2472 3538 2528 sanctimoniam
3579 2472 3839 2536 multam,

2256 2573 2390 2646 quid
2429 2570 2576 2626 aliud
2628 2569 2686 2624 fit
2725 2583 2890 2639 quam
2935 2582 3062 2622 vera
3101 2566 3318 2620 locutus
3365 2564 3628 2634 probatur
3677 2579 3844 2632 super

2256 2681 2378 2732 nos,
2407 2666 2500 2735 qui
2521 2662 2696 2718 dixit:
2731 2660 2945 2716 Viribus
2975 2658 3215 2728 faciam?
3243 2656 3383 2724 Quid
3414 2667 3594 2710 autem
3618 2667 3670 2710 et
3695 2656 3841 2710 aliud

2257 2756 2605 2826 repromittat
2642 2753 2743 2809 iste
2804 2753 3191 2823 magniloquax
3251 2750 3582 2804 intueamur.
3633 2747 3702 2800 Et
3753 2764 3844 2802 sa-

2254 2851 2511 2920 pientiam
2536 2847 2832 2903 intellectus
2858 2846 3123 2915 auferam,
3151 2843 3282 2913 ﬁnes
3316 2845 3565 2914 gentium.
3611 2839 3843 2911 Sapien-

2259 2944 2388 2998 tiam
2435 2941 2623 2997 nescio
2662 2956 2827 3010 quam
2865 2938 3174 3010 pollicetur,
3223 2938 3290 2992 de
3318 2952 3426 3007 qua
3474 2947 3528 2990 et
3576 2932 3840 3004 pt-Opbeta

2255 3033 2499 3104 loquitur
2535 3051 2549 3088 :
2585 3032 2889 3102 Alienigena
2913 3029 3157 3100 quadam
3185 3027 3445 3096 sapientia
3483 3035 3559 3079 est
3589 3025 3643 3077 in
3672 3023 3746 3076 eis
3768 3021 3838 3077 ⁸⁸.

2257 3122 2355 3178 Est
2380 3124 2525 3178 enim
2559 3123 2739 3192 aliqua
2769 3130 3026 3175 extranea
3060 3134 3090 3171 a
3119 3117 3348 3172 veritate
3376 3116 3643 3188 sapientia
3673 3130 3840 3186 quam

2179 3201 2222 3259 (ἶ
2256 3217 2534 3287 disperdet
2571 3217 2732 3271 Deus.
2776 3211 2928 3266 lianc
2957 3215 3059 3266 iste
3095 3209 3302 3265 habens
3335 3209 3614 3263 existimat
3635 3223 3696 3262 se
3720 3222 3844 3263 esse

2255 3309 2582 3379 sapientem.
2612 3315 2667 3362 et
2694 3305 2824 3360 dicit
2857 3322 2870 3358 :
2902 3302 3228 3373 Sapientiam
3261 3299 3553 3353 intellectus
3576 3299 3842 3367 auferam,

2255 3403 2384 3474 fines
2424 3401 2697 3472 gentium,
2741 3405 2793 3451 et
2836 3396 2970 3449 vires
3031 3409 3212 3448 eorum
3262 3391 3537 3460 depascar.
3590 3388 3845 3446 Pervenit

2253 3494 2400 3549 enim
2429 3494 2500 3548 ad
2533 3505 2724 3548 omnes
2759 3496 2947 3561 gentes
2983 3485 3229 3556 operatio
3272 3484 3411 3552 ejus,
3455 3482 3551 3540 sed
3591 3481 3845 3538 Salvator

2255 3586 2309 3640 in
2341 3600 2537 3641 omnes
2567 3592 2754 3654 gentes
2781 3580 3002 3634 mittens
3028 3592 3312 3634 sermones
3352 3591 3509 3640 suos,
3536 3576 3681 3630 eruit
3721 3589 3838 3638 eos.

2255 3678 2350 3747 qui
2388 3693 2420 3732 a
2455 3675 2662 3730 Zabulo
2700 3674 2754 3728 in
2793 3671 3007 3728 cunctis
3049 3670 3302 3742 gentibus
3346 3669 3546 3738 captivi
3580 3667 3843 3722 teneban-

2257 3779 2369 3825 tur.
2415 3767 2484 3822 Et
2521 3767 2653 3821 uires
2687 3781 2868 3818 eorum
2898 3765 3172 3833 depascar.
3214 3760 3452 3816 Minatur
3481 3775 3540 3816 se
3570 3760 3715 3814 vires
3742 3773 3842 3813 no-

2256 3869 2400 3918 stras
2438 3861 2739 3931 praedatum
2788 3857 2890 3921 iri,
2930 3864 2984 3910 et
3020 3855 3233 3909 tradere
3267 3854 3531 3908 adversus
3565 3867 3666 3906 nos
3697 3851 3840 3905 mili-

2257 3947 2521 4003 tantibus.
2563 3945 2629 4002 Et
2668 3960 2854 4001 revera
2897 3951 2981 3999 est
3011 3941 3192 3997 videre
3221 3957 3345 3996 eum
3383 3939 3844 4012 quibusdam-hoc

2257 4041 2570 4096 facientem.
2606 4037 2839 4107 Quando
2867 4036 3012 4091 enim
3054 4033 3179 4104 quis
3204 4034 3440 4089 vincitur
3469 4048 3500 4088 a
3529 4031 3756 4097 Zabulo,
3785 4037 3842 4086 et

2260 4133 2491 4189 traditur
2518 4131 2858 4186 daemonibus
2896 4127 3179 4198 spiritibus
3210 4127 3497 4198 pessimis,
3543 4125 3841 4180 virtutibus

2256 4224 2572 4289 contrariis,
2605 4223 2736 4294 quid
2771 4221 2920 4277 aliud
2951 4219 3154 4276 factum
3180 4231 3265 4276 est
3299 4236 3462 4290 quam
3495 4219 3543 4273 is
3575 4219 3790 4283 dixerat
3822 4238 3838 4275 :

2259 4317 2329 4373 Et
2369 4317 2502 4371 vires
2541 4332 2722 4370 eorum
2771 4316 3076 4384 depascar?
3105 4314 3397 4384 Accipiens
3441 4319 3662 4366 nostras
3695 4310 3842 4365 vires

2257 4408 2517 4479 depastus
2542 4415 2626 4462 est
2659 4420 2779 4460 nos.
2819 4403 2998 4476 (Vers.
3029 4404 3117 4474 M)
3150 4403 3219 4456 Et
3254 4401 3581 4457 commovebo
3604 4400 3840 4455 civitates

2259 4519 2378 4575 qua:
2426 4501 2815 4555 inhabitantur.
2875 4495 2943 4550 Et
2995 4497 3101 4552 hoc
3147 4495 3388 4550 Zabulus
3431 4494 3841 4558 comminatur,

2261 4593 2554 4652 inhabitari
2593 4592 2768 4646 cernit
2812 4590 3061 4646 civitates
3100 4587 3374 4644 Ecclesias
3409 4585 3502 4640 Dei
3536 4586 3590 4640 in
3623 4585 3842 4640 Christo

2262 4686 2496 4741 Domino
2529 4691 2898 4747 constructas,
2931 4683 3030 4738 bas
3059 4687 3460 4736 commoturum
3485 4691 3606 4732 esse
3632 4691 3691 4730 se
3721 4691 3842 4744 per-

2261 4787 2440 4834 sonat.
2503 4774 2572 4830 Et
2620 4774 2933 4844 frequenter
2989 4771 3208 4843 quidem
3269 4769 3549 4824 concussit
3596 4769 3842 4823 civitates

2262 4871 2599 4927 inhabitatas
2652 4865 3154 4937 persecutionibus,
3207 4860 3519 4931 frequenter
3563 4858 3844 4914 concussit

2261 4963 2556 5020 scandalis.
2602 4958 2708 5014 Sed
2741 4973 2841 5013 nos
2882 4965 3153 5012 tentemus
3192 4951 3606 5007 fundamentum
3638 4950 3844 5005 haben-

2262 5067 2343 5111 tes
2372 5069 2536 5124 super
2561 5061 2768 5124 petram
2805 5049 2940 5104 tales
2970 5045 3107 5113 fieri,
3143 5054 3201 5101 ut
3229 5044 3330 5098 iste
3358 5044 3451 5113 qui
3471 5044 3602 5098 dicit
3639 5060 3653 5098 :
3693 5041 3854 5096 Com—

2261 5147 2471 5203 morebo
2506 5146 2744 5200 ciuitates
2780 5158 2896 5212 aute
2928 5139 3317 5200 inhabitantur,
3355 5149 3455 5190 nos
3488 5147 3708 5189 movere
3731 5147 3842 5187 non

2261 5243 2439 5298 valeat
2479 5255 2576 5310 per
2620 5236 2888 5307 procellas
2926 5247 3091 5297 suas,
3141 5243 3318 5299 neque
3355 5244 3451 5298 per
3479 5229 3707 5297 spiritus
3742 5225 3845 5280 ad—

2261 5350 2470 5391 versos.
2527 5331 2728 5387 Verum
2774 5328 2842 5383 ad
2881 5325 3066 5381 omnia
3104 5338 3228 5392 qua:
3271 5322 3568 5378 acciderint
3620 5319 3846 5376 stabiles

2263 5437 2693 5495 perseveremus,
2724 5425 2911 5487 utpote
2939 5415 3202 5471 habentes
3234 5412 3518 5469 aedilicium
3559 5426 3721 5480 super
3750 5423 3849 5480 pe-

2262 5531 2404 5576 tram
2445 5516 2632 5572 Jesum
2677 5513 2983 5578 Christum,
3025 5510 3115 5566 cui
3152 5518 3237 5566 est
3264 5507 3435 5580 gloria
3463 5516 3519 5563 et
3551 5503 3846 5576 imperium

2264 5615 2319 5671 in
2353 5610 2551 5670 saecula
2592 5605 2938 5664 seculorum.
2971 5603 3163 5656 Amen.
