4130 6448
318 391 426 448 253

898 507 1183 566 HOMILIA
1221 508 1314 567 IX.

319 644 395 699 De
421 659 489 698 eo
519 642 664 713 quod
703 643 967 713 scriptum
999 653 1085 700 est
1112 663 1126 700 :
1160 643 1232 698 Et
1267 645 1451 700 audivi
1478 659 1654 698 vocem
1687 643 1900 697 Domini

388 711 613 786 dicentis
628 729 670 786 -ς
699 711 868 779 Quem
911 715 1140 786 mittam,
1178 727 1224 770 et
1265 716 1381 786 quis
1411 715 1508 768 ibit
1541 714 1610 766 ad
1647 713 1901 786 populum

388 787 548 839 istum
569 785 595 837 1’
628 782 692 836 Et
739 784 1140 852 transgrediens
1176 782 1386 839 modica
1442 785 1686 854 pervenit
1717 782 1902 852 usque

389 854 457 909 ad
499 855 678 907 locum
724 854 776 906 in
827 869 937 924 quo
972 855 1234 909 scribitur
1269 872 1282 908 :
1317 853 1452 909 Pete
1477 853 1570 906 tibi
1617 855 1824 924 signant
1867 863 1902 907 a

395 925 748 1064 Domino)tuo
779 925 835 976 in
885 924 1207 995 profundum
1241 934 1333 978 aut
1369 927 1425 979 in
1461 925 1724 979 excelsum
1754 926 1899 994 (cap.

395 1011 442 1050 rt
471 1005 523 1050 el
553 1011 622 1048 vn
657 1033 670 1046 .

389 1011 442 1050 ιη
471 1005 523 1050 ει
553 1005 670 1050 VIII.

387 1152 524 1222 Cap.
556 1166 633 1216 Vl,
669 1167 811 1206 vers.
844 1151 898 1217 8,
927 1153 981 1206 9.
1019 1151 1087 1205 Et
1116 1151 1298 1205 audivi
1343 1167 1513 1206 uocem
1560 1150 1774 1205 Domini
1823 1150 1905 1204 di-

319 1242 506 1304 centis,
538 1257 688 1310 quem
719 1241 950 1307 mittam,
983 1251 1032 1295 et
1061 1243 1178 1312 quis
1202 1241 1300 1296 ibit
1327 1241 1396 1294 ad
1419 1241 1664 1311 populum
1693 1242 1856 1295 istum
1879 1241 1906 1294 .’

318 1334 388 1388 Et
423 1333 540 1387 dixi
563 1349 584 1388 :
615 1332 747 1387 Ecce
783 1350 874 1404 ego
897 1350 1034 1400 sum,
1064 1335 1212 1388 mitte
1246 1350 1346 1388 me.
1380 1332 1448 1386 Et
1491 1335 1568 1387 ait
1600 1350 1618 1387 :
1657 1332 1819 1397 Vade,
1853 1340 1906 1386 et

319 1425 404 1480 dic
439 1423 632 1494 papqu
671 1424 837 1479 huic:
870 1424 1011 1478 Aure
1049 1425 1306 1492 audietis,
1343 1435 1393 1480 et
1434 1441 1536 1478 non
1574 1424 1899 1495 intelligetis,

322 1525 373 1571 et
394 1517 622 1587 reliqua.
656 1515 732 1570 De
762 1531 827 1571 eo
854 1516 944 1586 qui
975 1533 1118 1572 nunc
1141 1518 1311 1573 lectus
1345 1526 1430 1572 est
1453 1516 1605 1572 Isaiae
1626 1517 1905 1586 prOpheta:

321 1623 592 1675 sermone,
617 1623 834 1664 oremus
859 1607 1052 1672 Deum,
1085 1619 1145 1663 ut
1172 1609 1331 1664 nobis
1357 1609 1586 1679 gratiam
1617 1608 1901 1676 largiatur,

320 1709 378 1754 ut
409 1699 574 1770 digna
607 1699 924 1769 prophetico
964 1699 1160 1769 spiritu
1190 1699 1470 1753 valeamus
1506 1712 1798 1767 exponere.
1835 1695 1902 1749 Et

315 1789 532 1854 audivi,
570 1790 778 1860 inquit,
814 1807 988 1844 uocem
1025 1790 1234 1842 Domini
1277 1789 1501 1842 dicentis
1531 1803 1550 1841 :
1589 1788 1752 1852 Quem
1793 1789 1908 1841 mit-

1551 389 1618 445 IN
1660 389 1896 446 ISAIAM
1937 389 2220 447 HOMILIA
2265 391 2354 448 IX.

1929 513 1978 569 Α
2007 507 2352 576 dicebantur,
2383 517 2602 578 propter
2644 508 2751 565 hoc
2793 511 3090 568 testiﬁcans
3125 527 3223 569 eos
3253 513 3390 570 dixit
3425 531 3440 568 :
3481 514 3590 580 Qui

3484 399 3591 454 254

2003 598 2156 652 habet
2195 615 2351 653 aures
2382 599 2670 667 audiendi,
2718 603 2904 655 audiat
2942 603 3009 658 ³⁹.
3050 601 3159 660 Nec
3199 605 3347 659 enim
3387 605 3587 675 privati

2003 699 2157 744 erant
2195 689 2280 745 bis
2311 689 2540 745 auribus
2561 730 2577 756 ,
2612 697 2673 744 ut
2704 705 2812 744 non
2847 689 3116 757 audirent,
3166 695 3258 748 sed
3297 693 3588 753 interiores

2002 796 2193 836 eorum
2225 796 2390 836 aures
2419 791 2658 850 gravata:
2680 789 2840 836 erant
2873 783 2941 836 ad
2967 783 3318 838 audiendum.
3361 783 3589 856 Pmpter

2005 873 2108 927 hoc
2131 872 2392 940 praedicat
2423 873 2526 940 eis,
2557 881 2612 928 et
2635 889 2730 944 per
2753 875 3071 944 prophetam
3105 875 3284 932 futura
3311 878 3588 946 puniatur,

2002 966 2190 1020 dicens
2209 965 2375 1035 (vers.
2406 965 2460 1031 9,
2486 965 2572 1035 I0)
2596 985 2608 1020 :
2629 966 2770 1019 Aure
2783 967 3036 1033 audietis,
3065 978 3113 1022 et
3144 986 3245 1022 non
3263 970 3589 1040 intelligetis,

2003 1067 2050 1111 et
2079 1067 2344 1110 cernentes
2376 1057 2669 1125 aspicietis,
2699 1066 2748 1111 et
2783 1074 2885 1111 non
2907 1058 3065 1130 124
3086 1060 3344 1117 uidebitis.
3376 1060 3593 1118 Inerat-

2003 1160 2176 1202 satum
2207 1157 2284 1202 est
2336 1148 2474 1202 enim
2511 1164 2603 1200 cor
2621 1149 2802 1219 populi
2824 1150 3001 1219 hujus.
3043 1150 3180 1216 Quid
3214 1151 3285 1206 sit
3321 1152 3424 1207 hoc
3445 1153 3590 1222 quod

2005 1241 2249 1294 dicitur:
2284 1237 2657 1293 lncrassatnm
2699 1251 2775 1294 est
2817 1255 2908 1294 cor
2949 1241 3130 1310 populi
3171 1241 3362 1310 hujus,
3416 1243 3591 1313 inspi-

2006 1330 2239 1385 ciamus.
2280 1327 2551 1384 Omnibus
2589 1332 2684 1400 qui
2725 1331 2779 1386 in
2821 1333 3106 1401 praesentis
3132 1332 3257 1387 vitae
3295 1334 3442 1388 curis
3472 1339 3594 1389 ver-

2007 1430 2222 1484 santur,
2255 1435 2348 1474 cor
2378 1421 2741 1476 incrassatum
2767 1408 2857 1478 est
2889 1441 2902 1478 :
2939 1424 3081 1478 haud
3111 1425 3267 1478 aliter
3293 1425 3374 1479 eis
3406 1425 3500 1495 qui
3535 1426 3590 1480 in

2007 1516 2365 1572 saecularibus
2399 1525 2702 1577 morantur,
2750 1516 3112 1571 incrassatum
3139 1523 3220 1572 est
3249 1532 3377 1581 cor,
3424 1531 3589 1586 quam

2008 1607 2053 1660 si
2085 1621 2113 1660 a
2143 1608 2315 1676 spinis
2336 1619 2646 1664 enecentur.
2685 1605 2891 1662 Idcirco
2920 1606 3228 1678 pinguescit
3251 1623 3366 1672 cor,
3395 1617 3448 1662 et
3481 1623 3590 1662 non

2009 1708 2189 1770 potest
2221 1701 2487 1757 tenuioris
2514 1702 2739 1772 Spiritus
2771 1702 3048 1770 suscipere
3088 1702 3361 1756 notiones.
3394 1700 3591 1772 Fugia-

2013 1805 2138 1844 mus
2174 1805 2304 1860 ergo
2356 1807 2386 1845 a
2434 1791 2632 1846 talibus
2664 1791 2843 1856 curis,
2876 1801 2935 1844 ut
2979 1799 3316 1844 attenuatum
3362 1807 3455 1845 cor
3491 1806 3589 1844 no-

316 1889 425 1933 tam
447 1881 472 1933 ?
505 1858 800 1948 Postquam
844 1889 1109 1948 purgatus
1141 1888 1226 1933 est
1262 1878 1423 1933 labiis
1466 1879 1763 1948 propheta,
1808 1893 1905 1947 pa-
1939 1858 1980 1913 Β
2009 1894 2182 1940 strum
2217 1858 2328 1940 Deo
2359 1886 2691 1956 acceptabile
2736 1887 2849 1942 ﬁat.
2893 1883 3189 1954 Fugiamus
3235 1893 3447 1937 terrena
3492 1898 3590 1937 ne-

316 1980 473 2025 ratus
521 1971 760 2040 suscepit
807 1969 1173 2024 ministerium
1208 1971 1443 2038 Domini,
1476 1981 1528 2026 et
1569 1969 1698 2025 dicit
1738 1989 1752 2024 :
1791 1968 1903 2039 Ego

317 2077 436 2114 sum
463 2097 480 2122 ,
516 2059 666 2112 mitte
695 2075 793 2112 me.
837 2057 944 2113 Sed
977 2068 1036 2113 ut
1073 2062 1312 2130 paratior
1357 2071 1499 2118 esset
1537 2062 1603 2115 ad
1638 2062 1764 2125 hoc,
1797 2077 1906 2116 me-

321 2147 1108 2219 mineratvocisMoysis.Nam
1138 2163 1192 2210 et
1220 2155 1309 2210 ille
1333 2155 1518 2208 eadem
1553 2163 1712 2210 utens
1748 2171 1900 2221 voce,

321 2243 470 2295 mitte
523 2259 601 2296 me
642 2243 720 2311 "',
758 2245 1009 2316 princeps
1046 2246 1263 2316 populi,
1297 2245 1575 2316 judexque
1625 2244 1802 2300 factus
1849 2256 1903 2301 et

317 2333 557 2389 tantulus
586 2332 680 2388 Dei
719 2345 1063 2404 nuncupatus
1104 2347 1207 2391 εει.
1250 2337 1446 2391 Audivi
1491 2344 1672 2390 autem
1715 2352 1908 2405 quem-

315 2425 442 2477 dam
475 2421 758 2480 Hebraeum
804 2435 1164 2495 exponentem
1201 2427 1348 2482 hunc
1386 2427 1590 2496 locum,
1619 2439 1782 2500 atque
1816 2430 1900 2484 di-

314 2523 549 2580 centem,
580 2516 704 2586 quia
739 2516 970 2571 libenter
1001 2517 1222 2588 quidem
1271 2519 1564 2589 prophetes
1591 2530 1644 2575 et
1673 2528 1900 2590 paratus

316 2608 656 2676 praphetiam
689 2609 931 2679 suscepit
952 2610 1018 2663 ad
1049 2611 1333 2678 populum,
1368 2612 1626 2680 ignorans
1653 2627 1774 2682 qua:
1805 2627 1897 2666 es~

314 2709 435 2754 sent
475 2701 524 2753 ei
554 2699 806 2755 dicenda.
855 2700 1026 2754 Porro
1066 2702 1299 2755 audiens
1339 2701 1513 2756 tristia
1561 2717 1683 2771 quae
1719 2709 1903 2755 essent

315 2790 516 2859 populo
551 2793 876 2859 nuntianda,
909 2793 1009 2847 hoc
1037 2801 1121 2846 est
1149 2809 1276 2847 aure
1298 2793 1546 2859 audietis,
1585 2802 1634 2847 et
1673 2810 1773 2847 non
1810 2795 1896 2846 in-

316 2883 594 2954 telligetis,
633 2895 736 2939 etc.
762 2922 777 2948 ,
820 2885 873 2938 in
918 2885 1274 2954 sequentibus
1310 2885 1515 2956 pigrior
1550 2886 1610 2939 tit
1641 2907 1653 2941 :
1688 2885 1900 2939 dicente

313 2975 362 3029 ei
400 2989 532 3029 voce
562 2973 656 3030 Dei
695 2994 708 3030 :
742 2976 965 3044 Clama,
1009 2977 1290 3046 respondit
1324 2977 1407 3043 ei,
1447 2985 1501 3030 et
1535 2976 1667 3032 dicit
1705 2995 1718 3030 :
1756 2975 1898 3040 Quid

309 3067 556 3123 clamabo
582 3067 668 3121 '3?
693 3069 944 3122 Arbitror
973 3077 1156 3122 autem
1193 3068 1308 3122 haec
1339 3069 1648 3139 prOphetari
1681 3069 1747 3123 de
1778 3067 1897 3122 Sal-

309 3167 518 3225 vatore,
550 3159 677 3228 quia
722 3157 966 3214 futurum
1014 3171 1132 3217 erat
1171 3169 1230 3214 ut
1267 3161 1549 3215 audientes
1594 3177 1698 3214 non
1745 3160 1898 3215 audi—
1923 3195 1966 3254 ο

310 3261 455 3317 rent,
497 3261 553 3306 et
595 3251 842 3310 videntes
871 3269 982 3308 non
1029 3254 1294 3309 viderent.
1335 3251 1673 3308 Manifestius
1729 3269 1893 3323 porro

308 3343 405 3399 tiet
431 3344 576 3414 quod
613 3345 843 3412 dicitur,
883 3347 928 3401 si
956 3346 1368 3401 consideremus
1407 3345 1687 3416 paululum
1713 3345 1894 3399 locum

310 3437 476 3491 istum
513 3455 528 3489 :
569 3436 845 3492 Cernentes
887 3440 1238 3507 aspicietis,et
1269 3455 1374 3494 non
1407 3439 1664 3494 videbitis.
1707 3441 1896 3498 Istius-

310 3528 460 3582 modi
498 3536 603 3583 est.
633 3527 900 3584 Videbant
928 3531 1148 3600 quidem
1180 3531 1364 3585 videre
1403 3539 1534 3589 tunc
1571 3551 1746 3591 caecos
1809 3552 1898 3592 re-

307 3617 622 3686 spicientes,
654 3621 920 3676 rationem
944 3630 1126 3676 autem
1157 3621 1384 3678 visionis
1418 3625 1758 3694 ignorabant.
1786 3631 1900 3683 Au-

309 3705 533 3760 diebant
553 3709 841 3777 parabolas
867 3723 1005 3779 quas
1026 3709 1358 3764 dissolvebat
1383 3722 1593 3767 secreto
1615 3713 1900 3785 discipulis

312 3795 590 3854 Salvator.
635 3797 741 3870 Ipsi
769 3815 899 3855 vero
924 3814 1032 3855 non
1067 3801 1389 3867 audiebant,
1436 3806 1742 3861 nescientes
1780 3821 1904 3876 qua)

2008 1977 2175 2047 gotia.
2208 1977 2310 2032 Ista
2363 1987 2491 2033 sunt
2518 1978 2664 2033 enim
2695 1977 2896 2047 quibus
2924 1991 3021 2030 cor
3061 1975 3414 2028 incrassatur.
3457 1971 3596 2027 Pro-

2005 2079 2125 2140 pter
2156 2069 2260 2124 hoc
2301 2084 2480 2124 sermo
2509 2069 2725 2123 subtilis
2764 2076 2916 2134 erat,
2962 2075 3019 2120 ut
3062 2065 3115 2120 in
3155 2063 3343 2118 Exodo
3379 2065 3423 2094 ⁶⁰
3460 2064 3602 2118 scri-

2006 2158 2152 2212 bitur
2201 2159 2268 2212 de
2306 2173 2371 2212 eo
2413 2159 2557 2228 quod
2609 2159 2726 2212 ait:
2759 2156 3084 2224 Quicunque
3126 2153 3327 2208 iuerint
3373 2161 3596 2222 propter

2007 2249 2325 2302 tenuitatem
2379 2249 2560 2302 cordis
2603 2246 2906 2317 ejusmodi,
2950 2246 3039 2300 isti
3093 2244 3261 2299 Deum
3307 2244 3588 2300 videbunt.

2004 2339 2228 2396 Talibus
2266 2341 2410 2395 enim
2461 2340 2633 2394 oculis
2663 2338 2806 2393 Deus
2837 2337 3073 2391 videtur.
3107 2335 3233 2390 Tria
3287 2346 3415 2390 sunt
3467 2351 3590 2404 qua.

2003 2429 2261 2486 dicuntur
2291 2450 2302 2486 :
2335 2432 2711 2486 lncrassatnm
2760 2433 2898 2484 enim
2933 2441 3007 2484 est
3057 2446 3148 2482 cor
3184 2427 3364 2499 populi
3410 2429 3590 2498 hujus,

2001 2531 2050 2575 et
2087 2522 2306 2577 auribus
2345 2525 2458 2577 suis
2505 2524 2738 2594 graviter
2779 2523 3097 2586 audierunt,
3142 2531 3191 2576 et
3235 2520 3414 2574 oculos
3467 2536 3592 2574 suos

2004 2613 2334 2670 clauserunt.
2377 2614 2620 2671 Possunt
2657 2623 2836 2668 autem
2863 2625 2918 2668 et
2955 2615 3110 2668 aliter
3135 2613 3477 2668 manifestius
3503 2612 3589 2665 in—

2003 2708 2170 2775 telligi
2201 2723 2324 2778 quae
2356 2707 2459 2764 hoc
2491 2709 2749 2764 dicuntur
2779 2709 2832 2764 in
2867 2709 3006 2763 loco.
3042 2708 3193 2762 Multi
3227 2708 3370 2761 enim
3400 2714 3589 2775 putant

2003 2801 2357 2871 iuspicientes
2388 2811 2670 2857 creaturas
2695 2842 2712 2868 ,
2755 2812 2808 2858 et
2846 2801 3109 2858 mundum
3144 2800 3309 2855 istum
3347 2809 3587 2853 contem-

2002 2893 2234 2962 plantes,
2269 2893 2452 2947 videre
2485 2909 2544 2948 se
2574 2909 2658 2949 ea.
2684 2892 2750 2948 Et
2775 2895 2905 2965 quid
2936 2893 3059 2948 dico
3092 2891 3416 2948 hominum?
3450 2889 3589 2946 Ecce

2001 2984 2269 3051 volucres,
2305 2994 2358 3039 et
2385 2983 2762 3055 quadrupedis
2801 2986 2986 3041 vident
3016 2986 3184 3040 solem
3215 2993 3269 3038 et
3298 2985 3506 3048 lunam,
3535 2992 3584 3036 et

2001 3076 2319 3130 universum
2353 3077 2520 3130 simul
2551 3077 2749 3132 coelum
2788 3092 2912 3132 cum
2947 3078 3228 3133 stellarum
3264 3075 3452 3141 choro,
3492 3074 3588 3129 sed

2001 3167 2240 3222 rationes
2278 3182 2472 3222 eorum
2509 3182 2618 3222 non
2673 3168 3004 3240 intelligunt,
3051 3166 3152 3222 soli
3205 3181 3334 3220 vero
3371 3165 3505 3235 justi
3534 3173 3590 3219 et

2002 3259 2174 3313 sancti
2205 3273 2304 3328 per
2339 3258 2622 3328 sapientiae
2673 3257 2767 3313 Dei
2826 3259 3091 3315 rationem
3126 3256 3588 3327 comprehenden-

2002 3358 2086 3407 tes
2124 3351 2422 3420 inspiciunt
2483 3365 2570 3404 ea.
2622 3349 2747 3404 Ideo
2787 3349 2840 3404 in
2878 3364 2970 3404 vm
3017 3349 3156 3420 psal.
3195 3347 3361 3402 David
3400 3346 3532 3402 dicit
3568 3362 3586 3401 :

2005 3444 2271 3512 Quoniam
2297 3442 2480 3497 uidebo
2510 3441 2664 3496 caelos
2693 3452 2832 3508 tuos,
2861 3458 3017 3512 opera
3043 3440 3330 3512 digitorum
3351 3448 3584 3503 tuorum,

2003 3536 2187 3590 lunam
2215 3545 2264 3590 et
2295 3536 2479 3590 stellas
2508 3551 2625 3605 qua:
2649 3545 2706 3589 tu
2727 3535 2968 3604 fundasti
2995 3533 3060 3586 “.
3093 3532 3231 3600 Quid
3265 3532 3409 3588 enim
3441 3546 3588 3585 nunc

2005 3628 2269 3698 propheta
2302 3642 2412 3681 non
2444 3626 2590 3682 videt
2614 3625 2813 3681 ccelum
2842 3634 2896 3680 et
2923 3624 3149 3679 lunam?
3177 3621 3282 3677 Sed
3309 3623 3412 3676 hoc
3437 3622 3587 3691 quod

2006 3719 2104 3785 ait,
2150 3716 2353 3784 ridebo,
2395 3717 2442 3774 si
2479 3714 3224 3788 consideremus,poterimus
3262 3712 3582 3782 intelligere.

381 4002 432 4037 "
459 4003 630 4062 Exod.
667 4023 742 4076 tv,
769 4007 858 4063 l5.
931 4007 978 4040 ³⁸
1001 4006 1127 4064 Isai.
1163 4024 1230 4062 ιι.
1254 4047 1270 4076 ,
1320 4008 1376 4065 6.
1455 4009 1502 4041 "
1525 4009 1716 4067 Matth.
1757 4027 1879 4082 xm,
1906 4013 1964 4071 9.
2037 4011 2086 4045 ⁶⁰
2113 4014 2246 4086 Cap.
2271 4029 2422 4071 xxiv.
2499 4013 2544 4048 “
2571 4011 2716 4070 Psal.
2753 4027 2870 4083 vui,
2903 4013 2958 4069 4.

308 4227 3546 4256 mm“

1607 4400 1916 4518 MON
1933 4405 2073 4518 IT
2091 4403 2292 4520 UM

723 4641 873 4732 AD
947 4640 1527 4734 OBIGENIS
1601 4636 2193 4734 HOMILIAS
2268 4639 2392 4730 IN
2467 4638 3134 4732 JEREMIAM.

375 5011 763 5084 Ieremiamian
789 5012 947 5066 aliter
973 5011 1551 5084 exposueritOrigenes
1580 5031 1738 5084 quam
1767 5015 2023 5082 homiliis,
2052 5018 2310 5072 incertum
2343 5026 2443 5072 est.
2479 5013 2854 5079 Cassiodorus,
2889 5012 2980 5068 lib.
3011 5011 3189 5084 Instit:
3219 5011 3387 5084 divin.
3407 5052 3422 5078 ,
3440 5027 3571 5084 _cap.

302 5083 639 5158 3,7homilias‘
666 5083 1046 5158 45_enumerat,
1081 5098 1199 5158 gnte
1223 5081 1944 5158 adhucexstabantjiabani
1962 5081 2140 5158 Mauri
2167 5087 2508 5158 temporibus,
2539 5087 2617 5139 uti
2639 5085 2896 5158 discimus
2918 5098 2984 5137 ea:
3007 5084 3124 5158 ejus
3149 5081 3316 5152 Prw].
3342 5083 3395 5134 in
3423 5081 3574 5135 lere-

305 5157 492 5208 iniam.
547 5151 852 5206 Tricesimte
885 5168 1038 5206 name
1068 5151 1670 5224 ﬂaAqmentunLexhibet
1707 5155 2026 5211 I’hilncalia.
2070 5151 2482 5224 Quatuordecim
2522 5156 2742 5224 confuso
2778 5154 2963 5208 ordine
2998 5151 3190 5207 Latine
3234 5151 3281 5206 a'
3303 5169 3358 5206 se
3381 5167 3572 5224 persas

307 5227 474 5297 fuisse
503 5233 726 5297 testatur
749 5220 1102 5297 Hieronymus
1130 5220 1295 5297 Prtef.
1325 5223 1379 5297 in
1410 5221 1757 5297 Ezechielem,
1782 5243 1946 5296 neque
1971 5220 2148 5297 plurEs
2184 5229 2248 5282 ab
2281 5245 2340 5282 eo
2363 5227 2552 5280 Latine
2580 5220 2812 5278 redditas
2839 5225 3040 5297 vidisse
3053 5241 3106 5277 se
3126 5230 3349 5297 testatur
3367 5221 3572 5297 Cassio-

305 5290 468 5349 dorus
508 5293 622 5346 loco
652 5309 812 5361 supra
839 5291 1023 5365 citato.
1055 5290 1421 5365 Novemdecim
1450 5294 1636 5348 deinde
1659 5290 1838 5350 Greece
1859 5290 1919 5350 in
1949 5290 2124 5352 codice
2160 5297 2484 5353 Scorialensi
2530 5297 2742 5365 reperit,
2777 5311 2973 5365 easque
2999 5291 3178 5365 Graece
3211 5291 3468 5365 adjuncta
3485 5290 3574 5365 in-

307 5366 682 5431 terpretatioue
711 5359 809 5417 sua
835 5361 1052 5427 Latina,
1073 5363 1374 5431 Antuerpim
1405 5381 1542 5418 anno
1573 5365 1731 5430 1548,
1750 5367 1916 5420 edidit
1938 5369 2220 5422 Corderius
2246 5369 2340 5423 sub
2370 5359 2768 5420 nomirte'sancti
2802 5359 2994 5430 Cyrilli
3013 5361 3382 5431 Alemandrini,
3409 5359 3496 5411 cui
3513 5359 3570 5412 in

304 5430 485 5489 codice
516 5434 892 5504 manuscripto_
918 5435 1177 5504 ascriptas
1206 5430 1444 5504 viderat;
1480 5435 1569 5488 sed
1599 5436 1809 5504 icodicis
1836 5437 1899 5489 de
1927 5439 2160 5491 auctoris
2183 5439 2389 5491 nomine
2415 5452 2642 5490 errorem
2669 5433 2828 5504 facile
2855 5432 3052 5486 detexit
3079 5430 3328 5504 Huetius,"
3365 5440 3479 5504 tum
3504 5443 3572 5482 es

304 5523 366 5559 eo
400 5505 536 5576 quod
569 5497 844 5576 duodecim
863 5501 983 5576 jam
1003 5520 1041 5576 Διι
1060 5497 1214 5576 beato
1241 5497 1564 5576 Hieronymo
1588 5503 1774 5560 Latine
1797 5507 2032 5562 redditas
2057 5508 2221 5576 fuisse
2251 5509 2499 5576 advertit,
2528 5517 2638 5559 tum
2669 5497 2813 5576 'qnod
2841 5503 2965 5576 alite
2987 5510 3180 5569 septem
3203 5497 3384 5576 _Grtece
3407 5498 3569 5576 etiam

303 5577 360 5646 in
396 5566 588 5646 codice
628 5566 884 5646 Vaticano
925 5573 1013 5646 ubi
1047 5571 1260 5646 Origeni
1302 5566 1658 5646 ascribuntur,
1690 5586 1909 5645 repertte
1942 5566 2151 5646 fuerant
2185 5594 2216 5630 a
2259 5566 2800 5646 Michaelgﬁhislerio
2829 5574 2921 5641 qui
2947 5566 3170 5646 eas'su‘a:
3198 5568 3254 5620 in
3282 5566 3570 5646 Jeremiapt

300 5644 522 5700 Catenae
546 5642 727 5698 Grtece
753 5658 816 5696 ac
845 5639 1030 5695 Latine
1050 5636 1286 5716 inseruit.
1313 5643 1360 5697 E
1377 5636 1799 5716 gnatuordecim,
1824 5636 1954 5714 quas
1984 5650 2355 5716 interpretatus
2377 5657 2453 5700 est
2489 5636 3067 5716 Hieronymus',__tex_t_us
3093 5636 3306 5716 Graecus
3328 5636 3572 5716 secundm

303 5725 352 5769 et
393 5716 563 5770 ιρι-(ιω
587 5731 676 5766 nec
705 5721 942 5784 repertus
973 5721 1058 5784 est
1074 5713 1129 5784 in
1154 5716 1329 5767 codice
1365 5709 1708 5780 Scorialensi,
1768 5709 1857 5771 nec
1886 5717 1941 5769 in
1979 5709 2255 5771 Vaticano.
2297 5715 2583 5784 Utramque
2619 5717 2675 5766 in
2695 5709 2894 5763 'Huetii
2925 5710 3152 5784 editione
3175 5709 3574 5784 omissampost

305 5785 659 5838 navemdecim
690 5773 904 5854 Griecas
931 5780 1270 5854 proferimus,
1293 5785 1467 5854 ibique
1494 5773 1741 5838 addimus
1773 5787 2004 5840 hontilite
2045 5787 2323 5841 tricesinne
2361 5773 2511 5838 nolite
2553 5785 2905 5853 fragmentum
2934 5779 3175 5854 Grazcum
3199 5778 3337 5854 quod
3364 5773 3567 5830 exhibet

307 5855 628 5922 Pulocalia,
668 5869 783 5922 cap.
831 5849 1228 5906 IDﬁl’ra'terea
1267 5849 1805 5924 cuniquatuordecim
1841 5855 2087 5913 homilias
2119 5857 2304 5912 ordine
2338 5849 2562 5923 confuso
2595 5849 2967 5920 interpretatus
2992 5849 3153 5920 fuerit
3190 5849 3568 5913 Hieronymus»
