  <div class='ocr_page' id='page_1' title='image "/cluster/home/n/w/nwhite01/storage/ocr_20150623/13:no.3/coo.31924054872910/135.png"; bbox 0 0 4130 6446; ppageno 0'>
   <div class='ocr_carea' id='block_1_1' title="bbox 561 359 2144 426">
    <p class='ocr_par' dir='ltr' id='par_1_1' title="bbox 561 359 2144 426">
     <span class='ocr_line' id='line_1_1' title="bbox 561 359 2144 426; baseline -0.008 0"><span class='ocrx_word' id='word_1_1' title='bbox 561 371 673 426; x_wconf 76' lang='grc'><strong><em>255</em></strong></span> <span class='ocrx_word' id='word_1_2' title='bbox 2032 359 2144 415; x_wconf 85' lang='lat' dir='ltr'><strong><em>ORI</em></strong></span> 
     </span>
    </p>
   </div>
   <div class='ocr_carea' id='block_1_2' title="bbox 2248 359 3827 426">
    <p class='ocr_par' dir='ltr' id='par_1_2' title="bbox 2248 359 3827 418">
     <span class='ocr_line' id='line_1_2' title="bbox 2248 359 3827 418; baseline -0.004 -4"><span class='ocrx_word' id='word_1_3' title='bbox 2248 360 2358 418; x_wconf 78' lang='lat' dir='ltr'><strong><em>NIS</em></strong></span> <span class='ocrx_word' id='word_1_4' title='bbox 3722 359 3827 409; x_wconf 67' lang='lat'><strong><em>£6</em></strong></span> 
     </span>
    </p>
   </div>
   <div class='ocr_carea' id='block_1_3' title="bbox 565 479 3826 556">
    <p class='ocr_par' dir='ltr' id='par_1_3' title="bbox 565 479 3826 556">
     <span class='ocr_line' id='line_1_3' title="bbox 565 479 3826 556; baseline -0.005 -11"><span class='ocrx_word' id='word_1_5' title='bbox 565 509 656 547; x_wconf 83' lang='lat' dir='ltr'><strong><em>eas</em></strong></span> <span class='ocrx_word' id='word_1_6' title='bbox 682 491 842 546; x_wconf 82' lang='lat' dir='ltr'><strong><em>aliter</em></strong></span> <span class='ocrx_word' id='word_1_7' title='bbox 873 493 928 546; x_wconf 81' lang='lat' dir='ltr'><strong><em>in</em></strong></span> <span class='ocrx_word' id='word_1_8' title='bbox 958 509 1057 546; x_wconf 85' lang='lat' dir='ltr'><strong><em>sua</em></strong></span> <span class='ocrx_word' id='word_1_9' title='bbox 1077 491 1304 544; x_wconf 83' lang='lat' dir='ltr'><strong><em>editione</em></strong></span> <span class='ocrx_word' id='word_1_10' title='bbox 1326 489 1596 542; x_wconf 75' lang='lat' dir='ltr'><strong><em>collocavit</em></strong></span> <span class='ocrx_word' id='word_1_11' title='bbox 1627 486 1876 550; x_wconf 83' lang='lat' dir='ltr'><strong><em>Huctius,</em></strong></span> <span class='ocrx_word' id='word_1_12' title='bbox 1909 502 2069 556; x_wconf 72' lang='lat' dir='ltr'><strong><em>quam</em></strong></span> <span class='ocrx_word' id='word_1_13' title='bbox 2099 485 2371 540; x_wconf 66' lang='lat' dir='ltr'><strong><em>collocata</em></strong></span> <span class='ocrx_word' id='word_1_14' title='bbox 2391 483 2960 556; x_wconf 79' lang='lat' dir='ltr'><strong><em>fuerant__in_editione</em></strong></span> <span class='ocrx_word' id='word_1_15' title='bbox 2981 480 3302 556; x_wconf 64' lang='lat' dir='ltr'><strong><em>ancbrardi</em></strong></span> <span class='ocrx_word' id='word_1_16' title='bbox 3335 491 3383 534; x_wconf 89' lang='lat' dir='ltr'><strong><em>et</em></strong></span> <span class='ocrx_word' id='word_1_17' title='bbox 3409 479 3554 556; x_wconf 78' lang='lat' dir='ltr'><strong><em>aliis,</em></strong></span> <span class='ocrx_word' id='word_1_18' title='bbox 3585 488 3826 556; x_wconf 61' lang='lat' dir='ltr'><strong><em>secutus-</em></strong></span> 
     </span>
    </p>
   </div>
   <div class='ocr_carea' id='block_1_4' title="bbox 567 545 3828 631">
    <p class='ocr_par' dir='ltr' id='par_1_4' title="bbox 567 545 3828 631">
     <span class='ocr_line' id='line_1_4' title="bbox 567 545 3828 631; baseline -0.005 -15"><span class='ocrx_word' id='word_1_19' title='bbox 567 545 666 631; x_wconf 73' lang='lat' dir='ltr'><strong><em>que</em></strong></span> <span class='ocrx_word' id='word_1_20' title='bbox 695 574 771 616; x_wconf 89' lang='lat' dir='ltr'><strong><em>est</em></strong></span> <span class='ocrx_word' id='word_1_21' title='bbox 791 545 1046 616; x_wconf 15' lang='lat' dir='ltr'><strong><em>floremia:</em></strong></span> <span class='ocrx_word' id='word_1_22' title='bbox 1080 567 1498 631; x_wconf 71' lang='lat' dir='ltr'><strong><em>contextumnec</em></strong></span> <span class='ocrx_word' id='word_1_23' title='bbox 1533 575 1639 631; x_wconf 81' lang='lat' dir='ltr'><strong><em>non</em></strong></span> <span class='ocrx_word' id='word_1_24' title='bbox 1672 557 1829 611; x_wconf 86' lang='lat' dir='ltr'><strong><em>illum</em></strong></span> <span class='ocrx_word' id='word_1_25' title='bbox 1859 545 2095 631; x_wconf 69' lang='lat' dir='ltr'><strong><em>ordinem</em></strong></span> <span class='ocrx_word' id='word_1_26' title='bbox 2121 571 2273 631; x_wconf 72' lang='lat' dir='ltr'><strong><em>quem</em></strong></span> <span class='ocrx_word' id='word_1_27' title='bbox 2306 545 2544 631; x_wconf 40' lang='lat' dir='ltr'><strong><em>in‘codd.</em></strong></span> <span class='ocrx_word' id='word_1_28' title='bbox 2601 552 2856 607; x_wconf 82' lang='lat' dir='ltr'><strong><em>Vaticano</em></strong></span> <span class='ocrx_word' id='word_1_29' title='bbox 2885 562 2936 604; x_wconf 80' lang='lat' dir='ltr'><strong><em>et</em></strong></span> <span class='ocrx_word' id='word_1_30' title='bbox 2976 550 3302 631; x_wconf 68' lang='lat' dir='ltr'><strong><em>S_corialensi_</em></strong></span> <span class='ocrx_word' id='word_1_31' title='bbox 3328 549 3627 630; x_wconf 74' lang='lat' dir='ltr'><strong><em>servabant.</em></strong></span> <span class='ocrx_word' id='word_1_32' title='bbox 3671 545 3828 631; x_wconf 65' lang='lat' dir='ltr'><strong><em>Hunc</em></strong></span> 
     </span>
    </p>
   </div>
   <div class='ocr_carea' id='block_1_5' title="bbox 566 619 3829 699">
    <p class='ocr_par' dir='ltr' id='par_1_5' title="bbox 566 619 3829 699">
     <span class='ocr_line' id='line_1_5' title="bbox 566 619 3829 699; baseline -0.004 -16"><span class='ocrx_word' id='word_1_33' title='bbox 566 619 615 683; x_wconf 74' lang='lat' dir='ltr'><strong><em>et</em></strong></span> <span class='ocrx_word' id='word_1_34' title='bbox 649 648 741 685; x_wconf 83' lang='lat' dir='ltr'><strong><em>nos</em></strong></span> <span class='ocrx_word' id='word_1_35' title='bbox 783 633 1068 699; x_wconf 77' lang='lat' dir='ltr'><strong><em>sequimur.</em></strong></span> <span class='ocrx_word' id='word_1_36' title='bbox 1109 628 1238 694; x_wconf 66' lang='lat' dir='ltr'><strong><em>Quae</em></strong></span> <span class='ocrx_word' id='word_1_37' title='bbox 1278 629 1432 681; x_wconf 82' lang='lat' dir='ltr'><strong><em>tertia</em></strong></span> <span class='ocrx_word' id='word_1_38' title='bbox 1470 639 1546 682; x_wconf 85' lang='lat' dir='ltr'><strong><em>est</em></strong></span> <span class='ocrx_word' id='word_1_39' title='bbox 1583 629 1637 681; x_wconf 81' lang='lat' dir='ltr'><strong><em>in</em></strong></span> <span class='ocrx_word' id='word_1_40' title='bbox 1672 637 1853 680; x_wconf 83' lang='lat' dir='ltr'><strong><em>nostra</em></strong></span> <span class='ocrx_word' id='word_1_41' title='bbox 1894 619 2145 699; x_wconf 72' lang='lat' dir='ltr'><strong><em>editione,</em></strong></span> <span class='ocrx_word' id='word_1_42' title='bbox 2175 625 2482 699; x_wconf 79' lang='lat' dir='ltr'><strong><em>imperfecta</em></strong></span> <span class='ocrx_word' id='word_1_43' title='bbox 2527 634 2626 686; x_wconf 91' lang='lat' dir='ltr'><strong><em>est,</em></strong></span> <span class='ocrx_word' id='word_1_44' title='bbox 2663 633 2712 677; x_wconf 90' lang='lat' dir='ltr'><strong><em>et</em></strong></span> <span class='ocrx_word' id='word_1_45' title='bbox 2739 639 2943 699; x_wconf 66' lang='lat' dir='ltr'><strong><em>uersum</em></strong></span> <span class='ocrx_word' id='word_1_46' title='bbox 2977 623 3243 699; x_wconf 72' lang='lat' dir='ltr'><strong><em>duntaxat</em></strong></span> <span class='ocrx_word' id='word_1_47' title='bbox 3285 620 3608 673; x_wconf 72' lang='lat' dir='ltr'><strong><em>tricesimum</em></strong></span> <span class='ocrx_word' id='word_1_48' title='bbox 3638 619 3829 699; x_wconf 66' lang='lat' dir='ltr'><strong><em>capitis</em></strong></span> 
     </span>
    </p>
   </div>
   <div class='ocr_carea' id='block_1_6' title="bbox 567 693 3031 766">
    <p class='ocr_par' dir='ltr' id='par_1_6' title="bbox 567 693 3031 766">
     <span class='ocr_line' id='line_1_6' title="bbox 567 693 3031 766; baseline -0.004 -13"><span class='ocrx_word' id='word_1_49' title='bbox 567 699 782 753; x_wconf 77' lang='lat' dir='ltr'><strong><em>secundi</em></strong></span> <span class='ocrx_word' id='word_1_50' title='bbox 809 693 1054 753; x_wconf 77' lang='lat' dir='ltr'><strong><em>Jeremice</em></strong></span> <span class='ocrx_word' id='word_1_51' title='bbox 1080 693 1310 766; x_wconf 59' lang='lat' dir='ltr'><strong><em>exponit.</em></strong></span> <span class='ocrx_word' id='word_1_52' title='bbox 1339 700 1403 751; x_wconf 82' lang='lat' dir='ltr'><strong><em>In</em></strong></span> <span class='ocrx_word' id='word_1_53' title='bbox 1431 699 1706 751; x_wconf 86' lang='lat' dir='ltr'><strong><em>undecima</em></strong></span> <span class='ocrx_word' id='word_1_54' title='bbox 1736 698 1932 766; x_wconf 89' lang='lat' dir='ltr'><strong><em>apertis</em></strong></span> <span class='ocrx_word' id='word_1_55' title='bbox 1968 695 2134 750; x_wconf 77' lang='lat' dir='ltr'><strong><em>verbis</em></strong></span> <span class='ocrx_word' id='word_1_56' title='bbox 2166 711 2220 748; x_wconf 85' lang='lat' dir='ltr'><strong><em>se</em></strong></span> <span class='ocrx_word' id='word_1_57' title='bbox 2242 697 2599 766; x_wconf 73' lang='lat' dir='ltr'><strong><em>presbyterum</em></strong></span> <span class='ocrx_word' id='word_1_58' title='bbox 2625 694 2923 766; x_wconf 75' lang='lat' dir='ltr'><strong><em>proﬁtetur.</em></strong></span> <span class='ocrx_word' id='word_1_59' title='bbox 2955 693 3031 766; x_wconf 83' lang='lat' dir='ltr'><strong><em>_n</em></strong></span> 
     </span>
    </p>
   </div>
   <div class='ocr_carea' id='block_1_7' title="bbox 3059 688 3829 760">
    <p class='ocr_par' dir='ltr' id='par_1_7' title="bbox 3059 688 3829 760">
     <span class='ocr_line' id='line_1_7' title="bbox 3059 688 3829 760; baseline -0.008 -16"><span class='ocrx_word' id='word_1_60' title='bbox 3059 702 3252 760; x_wconf 83' lang='lat' dir='ltr'><strong><em>quarta</em></strong></span> <span class='ocrx_word' id='word_1_61' title='bbox 3273 706 3390 744; x_wconf 88' lang='lat' dir='ltr'><strong><em>eum</em></strong></span> <span class='ocrx_word' id='word_1_62' title='bbox 3419 705 3519 760; x_wconf 81' lang='lat' dir='ltr'><strong><em>non</em></strong></span> <span class='ocrx_word' id='word_1_63' title='bbox 3558 705 3680 760; x_wconf 75' lang='lat' dir='ltr'><strong><em>csse</em></strong></span> <span class='ocrx_word' id='word_1_64' title='bbox 3696 688 3829 740; x_wconf 80' lang='lat' dir='ltr'><strong><em>dicit</em></strong></span> 
     </span>
    </p>
   </div>
   <div class='ocr_carea' id='block_1_8' title="bbox 565 758 3829 838">
    <p class='ocr_par' dir='ltr' id='par_1_8' title="bbox 565 758 3829 838">
     <span class='ocr_line' id='line_1_8' title="bbox 565 758 3829 838; baseline -0.004 -16"><span class='ocrx_word' id='word_1_65' title='bbox 565 771 622 822; x_wconf 85' lang='lat' dir='ltr'><strong><em>in</em></strong></span> <span class='ocrx_word' id='word_1_66' title='bbox 657 769 981 823; x_wconf 76' lang='lat' dir='ltr'><strong><em>Christianis</em></strong></span> <span class='ocrx_word' id='word_1_67' title='bbox 1023 758 1298 837; x_wconf 81' lang='lat' dir='ltr'><strong><em>fervorem,</em></strong></span> <span class='ocrx_word' id='word_1_68' title='bbox 1329 784 1432 838; x_wconf 80' lang='lat' dir='ltr'><strong><em>quo</em></strong></span> <span class='ocrx_word' id='word_1_69' title='bbox 1474 758 1892 838; x_wconf 69' lang='lat' dir='ltr'><strong><em>persecutionum</em></strong></span> <span class='ocrx_word' id='word_1_70' title='bbox 1933 776 2160 835; x_wconf 78' lang='lat' dir='ltr'><strong><em>tempore</em></strong></span> <span class='ocrx_word' id='word_1_71' title='bbox 2191 758 2447 819; x_wconf 62' lang='lat' dir='ltr'><strong><em>ardebant</em></strong></span> <span class='ocrx_word' id='word_1_72' title='bbox 2478 782 2496 819; x_wconf 90' lang='lat'><strong><em>:</em></strong></span> <span class='ocrx_word' id='word_1_73' title='bbox 2523 758 2662 820; x_wconf 82' lang='lat' dir='ltr'><strong><em>unde</em></strong></span> <span class='ocrx_word' id='word_1_74' title='bbox 2700 758 2860 832; x_wconf 79' lang='lat' dir='ltr'><strong><em>facile</em></strong></span> <span class='ocrx_word' id='word_1_75' title='bbox 2884 758 3155 832; x_wconf 74' lang='lat' dir='ltr'><strong><em>colligitur</em></strong></span> <span class='ocrx_word' id='word_1_76' title='bbox 3181 761 3277 814; x_wconf 81' lang='lat' dir='ltr'><strong><em>has</em></strong></span> <span class='ocrx_word' id='word_1_77' title='bbox 3301 759 3547 813; x_wconf 79' lang='lat' dir='ltr'><strong><em>homilias</em></strong></span> <span class='ocrx_word' id='word_1_78' title='bbox 3577 758 3829 812; x_wconf 70' lang='lat' dir='ltr'><strong><em>recitata:</em></strong></span> 
     </span>
    </p>
   </div>
   <div class='ocr_carea' id='block_1_9' title="bbox 567 838 1715 908">
    <p class='ocr_par' dir='ltr' id='par_1_9' title="bbox 567 838 1715 908">
     <span class='ocr_line' id='line_1_9' title="bbox 567 838 1715 908; baseline -0.001 -16"><span class='ocrx_word' id='word_1_79' title='bbox 567 839 732 906; x_wconf 74' lang='lat' dir='ltr'><strong><em>fuisse</em></strong></span> <span class='ocrx_word' id='word_1_80' title='bbox 757 842 905 908; x_wconf 81' lang='lat' dir='ltr'><strong><em>pacis</em></strong></span> <span class='ocrx_word' id='word_1_81' title='bbox 945 850 1173 908; x_wconf 85' lang='lat' dir='ltr'><strong><em>tempore</em></strong></span> <span class='ocrx_word' id='word_1_82' title='bbox 1207 851 1320 908; x_wconf 84' lang='lat' dir='ltr'><strong><em>post</em></strong></span> <span class='ocrx_word' id='word_1_83' title='bbox 1358 855 1560 894; x_wconf 81' lang='lat' dir='ltr'><strong><em>annuus</em></strong></span> <span class='ocrx_word' id='word_1_84' title='bbox 1586 838 1715 894; x_wconf 70' lang='lat'><strong><em>245.</em></strong></span> 
     </span>
    </p>
   </div>
   <div class='ocr_carea' id='block_1_10' title="bbox 1061 1038 1642 1108">
    <p class='ocr_par' dir='ltr' id='par_1_10' title="bbox 1061 1038 1642 1108">
     <span class='ocr_line' id='line_1_10' title="bbox 1061 1038 1642 1108; baseline -0.002 -16"><span class='ocrx_word' id='word_1_85' title='bbox 1061 1038 1218 1108; x_wconf 75' lang='lat'><strong><em>125</em></strong></span> <span class='ocrx_word' id='word_1_86' title='bbox 1267 1038 1553 1093; x_wconf 77' lang='lat' dir='ltr'><strong><em>HOMILIA</em></strong></span> <span class='ocrx_word' id='word_1_87' title='bbox 1599 1038 1642 1092; x_wconf 87' lang='grc' dir='ltr'><strong><em>ι.</em></strong></span> 
     </span>
    </p>
   </div>
   <div class='ocr_carea' id='block_1_11' title="bbox 611 1127 2095 1199">
    <p class='ocr_par' dir='ltr' id='par_1_11' title="bbox 611 1127 2095 1199">
     <span class='ocr_line' id='line_1_11' title="bbox 611 1127 2095 1199; baseline 0.001 -19"><span class='ocrx_word' id='word_1_88' title='bbox 611 1127 831 1183; x_wconf 83' lang='lat' dir='ltr'><strong><em>Verbum</em></strong></span> <span class='ocrx_word' id='word_1_89' title='bbox 873 1130 969 1184; x_wconf 87' lang='lat' dir='ltr'><strong><em>Dei</em></strong></span> <span class='ocrx_word' id='word_1_90' title='bbox 995 1131 1135 1198; x_wconf 89' lang='lat' dir='ltr'><strong><em>quod</em></strong></span> <span class='ocrx_word' id='word_1_91' title='bbox 1166 1131 1368 1199; x_wconf 82' lang='lat' dir='ltr'><strong><em>factum</em></strong></span> <span class='ocrx_word' id='word_1_92' title='bbox 1401 1141 1481 1184; x_wconf 85' lang='lat' dir='ltr'><strong><em>est</em></strong></span> <span class='ocrx_word' id='word_1_93' title='bbox 1509 1131 1580 1183; x_wconf 90' lang='lat' dir='ltr'><strong><em>ad</em></strong></span> <span class='ocrx_word' id='word_1_94' title='bbox 1605 1129 1894 1185; x_wconf 82' lang='lat' dir='ltr'><strong><em>leremiam</em></strong></span> <span class='ocrx_word' id='word_1_95' title='bbox 1922 1129 2095 1199; x_wconf 79' lang='lat' dir='ltr'><strong><em>ﬁlium</em></strong></span> 
     </span>
    </p>
   </div>
   <div class='ocr_carea' id='block_1_12' title="bbox 1163 1221 1680 1290">
    <p class='ocr_par' dir='ltr' id='par_1_12' title="bbox 1163 1221 1680 1290">
     <span class='ocr_line' id='line_1_12' title="bbox 1163 1221 1680 1290; baseline 0.004 -14"><span class='ocrx_word' id='word_1_96' title='bbox 1163 1221 1386 1276; x_wconf 71' lang='lat' dir='ltr'><strong><em>Clielcilc</em></strong></span> <span class='ocrx_word' id='word_1_97' title='bbox 1405 1225 1442 1290; x_wconf 89' lang='grc'>¹,</span> <span class='ocrx_word' id='word_1_98' title='bbox 1464 1233 1569 1279; x_wconf 83' lang='lat' dir='ltr'><strong><em>etc.</em></strong></span> <span class='ocrx_word' id='word_1_99' title='bbox 1672 1272 1680 1278; x_wconf 93' lang='lat'><strong><em>.</em></strong></span> 
     </span>
    </p>
   </div>
   <div class='ocr_carea' id='block_1_13' title="bbox 2843 1035 3259 1089">
    <p class='ocr_par' dir='ltr' id='par_1_13' title="bbox 2843 1035 3259 1089">
     <span class='ocr_line' id='line_1_13' title="bbox 2843 1035 3259 1089; baseline -0.007 -1"><span class='ocrx_word' id='word_1_100' title='bbox 2843 1035 3153 1089; x_wconf 82' lang='grc' dir='ltr'><strong><em>ΟΜΙΛΙΑ</em></strong></span> <span class='ocrx_word' id='word_1_101' title='bbox 3181 1036 3259 1087; x_wconf 73' lang='lat' dir='ltr'><strong><em>A’.</em></strong></span> 
     </span>
    </p>
   </div>
   <div class='ocr_carea' id='block_1_14' title="bbox 2247 1123 3826 1199">
    <p class='ocr_par' dir='ltr' id='par_1_14' title="bbox 2247 1123 3826 1199">
     <span class='ocr_line' id='line_1_14' title="bbox 2247 1123 3826 1199; baseline -0.003 -15"><span class='ocrx_word' id='word_1_102' title='bbox 2247 1131 2318 1185; x_wconf 84' lang='grc' dir='ltr'><strong><em>Τὸ</em></strong></span> <span class='ocrx_word' id='word_1_103' title='bbox 2339 1129 2508 1199; x_wconf 78' lang='grc' dir='ltr'>ῥῆμα</span> <span class='ocrx_word' id='word_1_104' title='bbox 2530 1127 2634 1182; x_wconf 88' lang='grc' dir='ltr'>τοῦ</span> <span class='ocrx_word' id='word_1_105' title='bbox 2661 1127 2808 1181; x_wconf 84' lang='grc' dir='ltr'><strong><em>Θεοῦ</em></strong></span> <span class='ocrx_word' id='word_1_106' title='bbox 2837 1127 2869 1181; x_wconf 82' lang='grc' dir='ltr'>ὃ</span> <span class='ocrx_word' id='word_1_107' title='bbox 2890 1127 3126 1196; x_wconf 76' lang='grc' dir='ltr'>ἐγένετο</span> <span class='ocrx_word' id='word_1_108' title='bbox 3154 1126 3251 1180; x_wconf 77' lang='grc' dir='ltr'><strong><em>ἐπὶ</em></strong></span> <span class='ocrx_word' id='word_1_109' title='bbox 3291 1125 3568 1194; x_wconf 79' lang='grc' dir='ltr'>Ἰερεμίαν</span> <span class='ocrx_word' id='word_1_110' title='bbox 3594 1123 3702 1178; x_wconf 68' lang='grc' dir='ltr'><strong><em>τὸν</em></strong></span> <span class='ocrx_word' id='word_1_111' title='bbox 3719 1123 3826 1179; x_wconf 82' lang='grc' dir='ltr'>τοῦ</span> 
     </span>
    </p>
   </div>
   <div class='ocr_carea' id='block_1_15' title="bbox 2690 1217 3368 1287">
    <p class='ocr_par' dir='ltr' id='par_1_15' title="bbox 2690 1217 3368 1287">
     <span class='ocr_line' id='line_1_15' title="bbox 2690 1217 3368 1287; baseline -0.007 -12"><span class='ocrx_word' id='word_1_112' title='bbox 2690 1220 2970 1283; x_wconf 76' lang='grc' dir='ltr'><strong><em>Χελκίου,</em></strong></span> <span class='ocrx_word' id='word_1_113' title='bbox 3002 1219 3098 1272; x_wconf 71' lang='grc' dir='ltr'>καὶ</span> <span class='ocrx_word' id='word_1_114' title='bbox 3127 1218 3197 1274; x_wconf 85' lang='grc' dir='ltr'><strong><em>τὰ</em></strong></span> <span class='ocrx_word' id='word_1_115' title='bbox 3219 1217 3368 1287; x_wconf 75' lang='grc' dir='ltr'>ἑξῆς.</span> 
     </span>
    </p>
   </div>
   <div class='ocr_carea' id='block_1_16' title="bbox 1646 1321 2611 1400">
    <p class='ocr_par' dir='ltr' id='par_1_16' title="bbox 1646 1321 2611 1400">
     <span class='ocr_line' id='line_1_16' title="bbox 1646 1321 2611 1400; baseline 0.001 -18"><span class='ocrx_word' id='word_1_116' title='bbox 1646 1322 2004 1399; x_wconf 86' lang='lat' dir='ltr'><strong><em>Interprete</em></strong></span> <span class='ocrx_word' id='word_1_117' title='bbox 2072 1323 2135 1384; x_wconf 92' lang='lat' dir='ltr'><strong><em>S.</em></strong></span> <span class='ocrx_word' id='word_1_118' title='bbox 2183 1321 2611 1400; x_wconf 80' lang='lat' dir='ltr'><strong><em>Hieronymo.</em></strong></span> 
     </span>
    </p>
   </div>
   <div class='ocr_carea' id='block_1_17' title="bbox 637 1433 2151 1511">
    <p class='ocr_par' dir='ltr' id='par_1_17' title="bbox 637 1433 2151 1511">
     <span class='ocr_line' id='line_1_17' title="bbox 637 1433 2151 1511; baseline 0.004 -22"><span class='ocrx_word' id='word_1_119' title='bbox 637 1433 850 1490; x_wconf 75' lang='lat' dir='ltr'><strong><em>LDeus</em></strong></span> <span class='ocrx_word' id='word_1_120' title='bbox 877 1435 942 1490; x_wconf 88' lang='lat' dir='ltr'><strong><em>ad</em></strong></span> <span class='ocrx_word' id='word_1_121' title='bbox 968 1437 1394 1492; x_wconf 81' lang='lat' dir='ltr'><strong><em>beneﬁciendum</em></strong></span> <span class='ocrx_word' id='word_1_122' title='bbox 1411 1450 1694 1510; x_wconf 90' lang='lat' dir='ltr'><strong><em>promptus</em></strong></span> <span class='ocrx_word' id='word_1_123' title='bbox 1719 1450 1820 1507; x_wconf 87' lang='lat' dir='ltr'><strong><em>est,</em></strong></span> <span class='ocrx_word' id='word_1_124' title='bbox 1837 1441 1903 1496; x_wconf 90' lang='lat' dir='ltr'><strong><em>ad</em></strong></span> <span class='ocrx_word' id='word_1_125' title='bbox 1921 1441 2151 1511; x_wconf 90' lang='lat' dir='ltr'><strong><em>punien-</em></strong></span> 
     </span>
    </p>
   </div>
   <div class='ocr_carea' id='block_1_18' title="bbox 564 1525 2145 1600">
    <p class='ocr_par' dir='ltr' id='par_1_18' title="bbox 564 1525 2145 1600">
     <span class='ocr_line' id='line_1_18' title="bbox 564 1525 2145 1600; baseline 0.006 -22"><span class='ocrx_word' id='word_1_126' title='bbox 564 1525 665 1581; x_wconf 87' lang='lat' dir='ltr'><strong><em>dos</em></strong></span> <span class='ocrx_word' id='word_1_127' title='bbox 708 1536 892 1580; x_wconf 83' lang='lat' dir='ltr'><strong><em>autem</em></strong></span> <span class='ocrx_word' id='word_1_128' title='bbox 926 1542 1022 1582; x_wconf 91' lang='lat' dir='ltr'><strong><em>eos</em></strong></span> <span class='ocrx_word' id='word_1_129' title='bbox 1066 1528 1158 1597; x_wconf 91' lang='lat' dir='ltr'><strong><em>qui</em></strong></span> <span class='ocrx_word' id='word_1_130' title='bbox 1193 1543 1352 1598; x_wconf 71' lang='lat' dir='ltr'><strong><em>pmna</em></strong></span> <span class='ocrx_word' id='word_1_131' title='bbox 1393 1529 1541 1600; x_wconf 83' lang='lat' dir='ltr'><strong><em>digni</em></strong></span> <span class='ocrx_word' id='word_1_132' title='bbox 1582 1541 1710 1585; x_wconf 90' lang='lat' dir='ltr'><strong><em>sunt</em></strong></span> <span class='ocrx_word' id='word_1_133' title='bbox 1748 1531 2145 1587; x_wconf 79' lang='lat' dir='ltr'><strong><em>dissimulator.</em></strong></span> 
     </span>
    </p>
   </div>
   <div class='ocr_carea' id='block_1_19' title="bbox 567 1615 2151 1688">
    <p class='ocr_par' dir='ltr' id='par_1_19' title="bbox 567 1615 2151 1688">
     <span class='ocr_line' id='line_1_19' title="bbox 567 1615 2151 1688; baseline 0.006 -19"><span class='ocrx_word' id='word_1_134' title='bbox 567 1615 706 1669; x_wconf 90' lang='lat' dir='ltr'><strong><em>Cum</em></strong></span> <span class='ocrx_word' id='word_1_135' title='bbox 747 1618 924 1686; x_wconf 80' lang='lat' dir='ltr'><strong><em>possit</em></strong></span> <span class='ocrx_word' id='word_1_136' title='bbox 967 1619 1167 1688; x_wconf 88' lang='lat' dir='ltr'><strong><em>quippe</em></strong></span> <span class='ocrx_word' id='word_1_137' title='bbox 1201 1627 1386 1673; x_wconf 90' lang='lat' dir='ltr'><strong><em>tacens</em></strong></span> <span class='ocrx_word' id='word_1_138' title='bbox 1425 1621 1542 1674; x_wconf 87' lang='lat' dir='ltr'><strong><em>sine</em></strong></span> <span class='ocrx_word' id='word_1_139' title='bbox 1583 1623 1977 1678; x_wconf 78' lang='lat' dir='ltr'><strong><em>contestatione</em></strong></span> <span class='ocrx_word' id='word_1_140' title='bbox 2021 1640 2151 1678; x_wconf 84' lang='lat' dir='ltr'><strong><em>ven-</em></strong></span> 
     </span>
    </p>
   </div>
   <div class='ocr_carea' id='block_1_20' title="bbox 569 1709 2151 1786">
    <p class='ocr_par' dir='ltr' id='par_1_20' title="bbox 569 1709 2151 1786">
     <span class='ocr_line' id='line_1_20' title="bbox 569 1709 2151 1786; baseline 0.008 -26"><span class='ocrx_word' id='word_1_141' title='bbox 569 1709 674 1762; x_wconf 92' lang='lat' dir='ltr'><strong><em>turi</em></strong></span> <span class='ocrx_word' id='word_1_142' title='bbox 716 1715 909 1780; x_wconf 89' lang='lat' dir='ltr'><strong><em>punire</em></strong></span> <span class='ocrx_word' id='word_1_143' title='bbox 931 1727 1023 1766; x_wconf 85' lang='lat' dir='ltr'><strong><em>eos</em></strong></span> <span class='ocrx_word' id='word_1_144' title='bbox 1061 1726 1200 1781; x_wconf 89' lang='lat' dir='ltr'><strong><em>quos</em></strong></span> <span class='ocrx_word' id='word_1_145' title='bbox 1227 1713 1392 1766; x_wconf 87' lang='lat' dir='ltr'><strong><em>semel</em></strong></span> <span class='ocrx_word' id='word_1_146' title='bbox 1421 1713 1615 1783; x_wconf 80' lang='lat' dir='ltr'><strong><em>dignos</em></strong></span> <span class='ocrx_word' id='word_1_147' title='bbox 1641 1717 1908 1786; x_wconf 77' lang='lat' dir='ltr'><strong><em>supplicio</em></strong></span> <span class='ocrx_word' id='word_1_148' title='bbox 1935 1718 2151 1786; x_wconf 77' lang='lat' dir='ltr'><strong><em>judica-</em></strong></span> 
     </span>
    </p>
   </div>
   <div class='ocr_carea' id='block_1_21' title="bbox 565 1797 2147 1870">
    <p class='ocr_par' dir='ltr' id='par_1_21' title="bbox 565 1797 2147 1870">
     <span class='ocr_line' id='line_1_21' title="bbox 565 1797 2147 1870; baseline 0.009 -19"><span class='ocrx_word' id='word_1_149' title='bbox 565 1800 660 1863; x_wconf 84' lang='lat' dir='ltr'><strong><em>vit,</em></strong></span> <span class='ocrx_word' id='word_1_150' title='bbox 692 1815 972 1870; x_wconf 84' lang='lat' dir='ltr'><strong><em>nunquam</em></strong></span> <span class='ocrx_word' id='word_1_151' title='bbox 1020 1807 1125 1857; x_wconf 89' lang='lat' dir='ltr'><strong><em>hoc</em></strong></span> <span class='ocrx_word' id='word_1_152' title='bbox 1162 1801 1321 1870; x_wconf 81' lang='lat' dir='ltr'><strong><em>facit;</em></strong></span> <span class='ocrx_word' id='word_1_153' title='bbox 1363 1804 1456 1858; x_wconf 89' lang='lat' dir='ltr'><strong><em>sed</em></strong></span> <span class='ocrx_word' id='word_1_154' title='bbox 1494 1797 1705 1864; x_wconf 80' lang='lat' dir='ltr'><strong><em>etiamsi</em></strong></span> <span class='ocrx_word' id='word_1_155' title='bbox 1744 1810 2147 1865; x_wconf 83' lang='lat' dir='ltr'><strong><em>condemnave-</em></strong></span> 
     </span>
    </p>
   </div>
   <div class='ocr_carea' id='block_1_22' title="bbox 564 1895 2142 1972">
    <p class='ocr_par' dir='ltr' id='par_1_22' title="bbox 564 1895 2142 1972">
     <span class='ocr_line' id='line_1_22' title="bbox 564 1895 2142 1972; baseline 0.008 -26"><span class='ocrx_word' id='word_1_156' title='bbox 564 1895 662 1956; x_wconf 91' lang='lat' dir='ltr'><strong><em>rit,</em></strong></span> <span class='ocrx_word' id='word_1_157' title='bbox 705 1895 833 1950; x_wconf 90' lang='lat' dir='ltr'><strong><em>dicit</em></strong></span> <span class='ocrx_word' id='word_1_158' title='bbox 855 1897 999 1965; x_wconf 85' lang='lat' dir='ltr'><strong><em>quod</em></strong></span> <span class='ocrx_word' id='word_1_159' title='bbox 1041 1897 1142 1951; x_wconf 88' lang='lat' dir='ltr'><strong><em>sibi</em></strong></span> <span class='ocrx_word' id='word_1_160' title='bbox 1181 1912 1394 1967; x_wconf 81' lang='lat' dir='ltr'><strong><em>semper</em></strong></span> <span class='ocrx_word' id='word_1_161' title='bbox 1431 1899 1612 1955; x_wconf 88' lang='lat' dir='ltr'><strong><em>dicere</em></strong></span> <span class='ocrx_word' id='word_1_162' title='bbox 1653 1903 1994 1972; x_wconf 87' lang='lat' dir='ltr'><strong><em>propositum</em></strong></span> <span class='ocrx_word' id='word_1_163' title='bbox 2030 1912 2142 1970; x_wconf 89' lang='lat' dir='ltr'><strong><em>est,</em></strong></span> 
     </span>
    </p>
   </div>
   <div class='ocr_carea' id='block_1_23' title="bbox 564 1986 2144 2064">
    <p class='ocr_par' dir='ltr' id='par_1_23' title="bbox 564 1986 2144 2064">
     <span class='ocr_line' id='line_1_23' title="bbox 564 1986 2144 2064; baseline 0.008 -27"><span class='ocrx_word' id='word_1_164' title='bbox 564 1995 624 2039; x_wconf 89' lang='lat' dir='ltr'><strong><em>ut</em></strong></span> <span class='ocrx_word' id='word_1_165' title='bbox 679 1986 974 2041; x_wconf 86' lang='lat' dir='ltr'><strong><em>liberentur</em></strong></span> <span class='ocrx_word' id='word_1_166' title='bbox 1027 2004 1056 2042; x_wconf 87' lang='lat' dir='ltr'><strong><em>a</em></strong></span> <span class='ocrx_word' id='word_1_167' title='bbox 1095 1989 1548 2046; x_wconf 88' lang='lat' dir='ltr'><strong><em>condemnatione</em></strong></span> <span class='ocrx_word' id='word_1_168' title='bbox 1608 2008 1703 2062; x_wconf 90' lang='lat' dir='ltr'><strong><em>per</em></strong></span> <span class='ocrx_word' id='word_1_169' title='bbox 1751 1995 2144 2064; x_wconf 69' lang='lat' dir='ltr'><strong><em>paenitentiam,</em></strong></span> 
     </span>
    </p>
   </div>
   <div class='ocr_carea' id='block_1_24' title="bbox 563 2075 2147 2150">
    <p class='ocr_par' dir='ltr' id='par_1_24' title="bbox 563 2075 2147 2150">
     <span class='ocr_line' id='line_1_24' title="bbox 563 2075 2147 2150; baseline 0.007 -22"><span class='ocrx_word' id='word_1_170' title='bbox 563 2075 658 2143; x_wconf 88' lang='lat' dir='ltr'><strong><em>qui</em></strong></span> <span class='ocrx_word' id='word_1_171' title='bbox 677 2077 1024 2132; x_wconf 83' lang='lat' dir='ltr'><strong><em>condemnati</em></strong></span> <span class='ocrx_word' id='word_1_172' title='bbox 1054 2077 1270 2135; x_wconf 82' lang='lat' dir='ltr'><strong><em>fuerant</em></strong></span> <span class='ocrx_word' id='word_1_173' title='bbox 1301 2096 1398 2150; x_wconf 91' lang='lat' dir='ltr'><strong><em>per</em></strong></span> <span class='ocrx_word' id='word_1_174' title='bbox 1423 2081 1702 2136; x_wconf 89' lang='lat' dir='ltr'><strong><em>delictum.</em></strong></span> <span class='ocrx_word' id='word_1_175' title='bbox 1732 2082 1936 2138; x_wconf 86' lang='lat' dir='ltr'><strong><em>Horum</em></strong></span> <span class='ocrx_word' id='word_1_176' title='bbox 1961 2100 2147 2139; x_wconf 82' lang='lat' dir='ltr'><strong><em>exem-</em></strong></span> 
     </span>
    </p>
   </div>
   <div class='ocr_carea' id='block_1_25' title="bbox 561 2167 2144 2245">
    <p class='ocr_par' dir='ltr' id='par_1_25' title="bbox 561 2167 2144 2245">
     <span class='ocr_line' id='line_1_25' title="bbox 561 2167 2144 2245; baseline 0.007 -25"><span class='ocrx_word' id='word_1_177' title='bbox 561 2167 651 2236; x_wconf 88' lang='lat' dir='ltr'><strong><em>pla</em></strong></span> <span class='ocrx_word' id='word_1_178' title='bbox 686 2181 810 2222; x_wconf 89' lang='lat' dir='ltr'><strong><em>cum</em></strong></span> <span class='ocrx_word' id='word_1_179' title='bbox 858 2169 924 2224; x_wconf 90' lang='lat' dir='ltr'><strong><em>de</em></strong></span> <span class='ocrx_word' id='word_1_180' title='bbox 973 2169 1274 2240; x_wconf 86' lang='lat' dir='ltr'><strong><em>Scripturis</em></strong></span> <span class='ocrx_word' id='word_1_181' title='bbox 1314 2173 1483 2226; x_wconf 87' lang='lat' dir='ltr'><strong><em>multa</em></strong></span> <span class='ocrx_word' id='word_1_182' title='bbox 1533 2175 1812 2243; x_wconf 89' lang='lat' dir='ltr'><strong><em>possimus</em></strong></span> <span class='ocrx_word' id='word_1_183' title='bbox 1862 2176 2144 2245; x_wconf 89' lang='lat' dir='ltr'><strong><em>accipere,</em></strong></span> 
     </span>
    </p>
   </div>
   <div class='ocr_carea' id='block_1_26' title="bbox 564 2262 2146 2337">
    <p class='ocr_par' dir='ltr' id='par_1_26' title="bbox 564 2262 2146 2337">
     <span class='ocr_line' id='line_1_26' title="bbox 564 2262 2146 2337; baseline 0.006 -18"><span class='ocrx_word' id='word_1_184' title='bbox 564 2262 836 2319; x_wconf 65' lang='lat' dir='ltr'><strong><em>subiciunt</em></strong></span> <span class='ocrx_word' id='word_1_185' title='bbox 881 2267 949 2320; x_wconf 89' lang='lat' dir='ltr'><strong><em>ad</em></strong></span> <span class='ocrx_word' id='word_1_186' title='bbox 990 2282 1230 2335; x_wconf 77' lang='lat' dir='ltr'><strong><em>praesens</em></strong></span> <span class='ocrx_word' id='word_1_187' title='bbox 1281 2267 1607 2337; x_wconf 84' lang='lat' dir='ltr'><strong><em>incidentia,</em></strong></span> <span class='ocrx_word' id='word_1_188' title='bbox 1656 2279 1716 2325; x_wconf 92' lang='lat' dir='ltr'><strong><em>ut</em></strong></span> <span class='ocrx_word' id='word_1_189' title='bbox 1765 2271 2047 2328; x_wconf 73' lang='lat' dir='ltr'><strong><em>veniamus</em></strong></span> <span class='ocrx_word' id='word_1_190' title='bbox 2079 2273 2146 2328; x_wconf 89' lang='lat' dir='ltr'><strong><em>ad</em></strong></span> 
     </span>
    </p>
   </div>
   <div class='ocr_carea' id='block_1_27' title="bbox 564 2359 2148 2434">
    <p class='ocr_par' dir='ltr' id='par_1_27' title="bbox 564 2359 2148 2434">
     <span class='ocr_line' id='line_1_27' title="bbox 564 2359 2148 2434; baseline 0.007 -24"><span class='ocrx_word' id='word_1_191' title='bbox 564 2373 754 2412; x_wconf 91' lang='lat' dir='ltr'><strong><em>eorum</em></strong></span> <span class='ocrx_word' id='word_1_192' title='bbox 799 2375 920 2428; x_wconf 66' lang='lat' dir='ltr'><strong><em>quae</em></strong></span> <span class='ocrx_word' id='word_1_193' title='bbox 964 2359 1101 2414; x_wconf 87' lang='lat' dir='ltr'><strong><em>lecta</em></strong></span> <span class='ocrx_word' id='word_1_194' title='bbox 1151 2370 1281 2416; x_wconf 89' lang='lat' dir='ltr'><strong><em>sunt</em></strong></span> <span class='ocrx_word' id='word_1_195' title='bbox 1324 2364 1854 2434; x_wconf 81' lang='lat' dir='ltr'><strong><em>contemplationem.</em></strong></span> <span class='ocrx_word' id='word_1_196' title='bbox 1897 2363 2148 2422; x_wconf 70' lang='lat' dir='ltr'><strong><em>Ninivitze</em></strong></span> 
     </span>
    </p>
   </div>
   <div class='ocr_carea' id='block_1_28' title="bbox 565 2456 2147 2520">
    <p class='ocr_par' dir='ltr' id='par_1_28' title="bbox 565 2456 2147 2520">
     <span class='ocr_line' id='line_1_28' title="bbox 565 2456 2147 2520; baseline 0.004 -14"><span class='ocrx_word' id='word_1_197' title='bbox 565 2462 879 2520; x_wconf 83' lang='lat' dir='ltr'><strong><em>peccatores</em></strong></span> <span class='ocrx_word' id='word_1_198' title='bbox 923 2456 1269 2511; x_wconf 88' lang='lat' dir='ltr'><strong><em>condemnati</em></strong></span> <span class='ocrx_word' id='word_1_199' title='bbox 1310 2467 1466 2512; x_wconf 91' lang='lat' dir='ltr'><strong><em>erant</em></strong></span> <span class='ocrx_word' id='word_1_200' title='bbox 1510 2474 1541 2512; x_wconf 87' lang='lat' dir='ltr'><strong><em>a</em></strong></span> <span class='ocrx_word' id='word_1_201' title='bbox 1581 2458 1690 2513; x_wconf 87' lang='lat' dir='ltr'><strong><em>Deo</em></strong></span> <span class='ocrx_word' id='word_1_202' title='bbox 1735 2477 1749 2514; x_wconf 89' lang='lat'><strong>:</strong></span> <span class='ocrx_word' id='word_1_203' title='bbox 1796 2460 1979 2514; x_wconf 78' lang='lat' dir='ltr'><strong><em>Adhuc</em></strong></span> <span class='ocrx_word' id='word_1_204' title='bbox 2008 2461 2147 2514; x_wconf 82' lang='lat' dir='ltr'><strong><em>enim</em></strong></span> 
     </span>
    </p>
   </div>
   <div class='ocr_carea' id='block_1_29' title="bbox 564 2544 2146 2617">
    <p class='ocr_par' dir='ltr' id='par_1_29' title="bbox 564 2544 2146 2617">
     <span class='ocr_line' id='line_1_29' title="bbox 564 2544 2146 2617; baseline 0.006 -21"><span class='ocrx_word' id='word_1_205' title='bbox 564 2553 665 2598; x_wconf 89' lang='lat' dir='ltr'><strong><em>tres</em></strong></span> <span class='ocrx_word' id='word_1_206' title='bbox 701 2544 832 2612; x_wconf 87' lang='lat' dir='ltr'><strong><em>dies,</em></strong></span> <span class='ocrx_word' id='word_1_207' title='bbox 866 2556 914 2600; x_wconf 93' lang='lat' dir='ltr'><strong><em>et</em></strong></span> <span class='ocrx_word' id='word_1_208' title='bbox 952 2548 1193 2617; x_wconf 83' lang='lat' dir='ltr'><strong><em>futurum</em></strong></span> <span class='ocrx_word' id='word_1_209' title='bbox 1227 2559 1284 2604; x_wconf 84' lang='lat' dir='ltr'><strong><em>ut</em></strong></span> <span class='ocrx_word' id='word_1_210' title='bbox 1313 2549 1503 2604; x_wconf 83' lang='lat' dir='ltr'><strong><em>Ninive</em></strong></span> <span class='ocrx_word' id='word_1_211' title='bbox 1533 2549 1866 2605; x_wconf 79' lang='lat' dir='ltr'><strong><em>subvertatur</em></strong></span> <span class='ocrx_word' id='word_1_212' title='bbox 1891 2556 1932 2607; x_wconf 76' lang='lat'><strong><em>’.</em></strong></span> <span class='ocrx_word' id='word_1_213' title='bbox 1963 2552 2146 2607; x_wconf 87' lang='lat' dir='ltr'><strong><em>Noluit</em></strong></span> 
     </span>
    </p>
   </div>
   <div class='ocr_carea' id='block_1_30' title="bbox 566 2632 2144 2708">
    <p class='ocr_par' dir='ltr' id='par_1_30' title="bbox 566 2632 2144 2708">
     <span class='ocr_line' id='line_1_30' title="bbox 566 2632 2144 2708; baseline 0.008 -23"><span class='ocrx_word' id='word_1_214' title='bbox 566 2632 705 2689; x_wconf 89' lang='lat' dir='ltr'><strong><em>Deus</em></strong></span> <span class='ocrx_word' id='word_1_215' title='bbox 744 2651 865 2691; x_wconf 90' lang='lat' dir='ltr'><strong><em>cum</em></strong></span> <span class='ocrx_word' id='word_1_216' title='bbox 915 2638 1132 2692; x_wconf 89' lang='lat' dir='ltr'><strong><em>silentio</em></strong></span> <span class='ocrx_word' id='word_1_217' title='bbox 1179 2640 1372 2708; x_wconf 88' lang='lat' dir='ltr'><strong><em>punire</em></strong></span> <span class='ocrx_word' id='word_1_218' title='bbox 1404 2641 1711 2705; x_wconf 84' lang='lat' dir='ltr'><strong><em>damnatos.</em></strong></span> <span class='ocrx_word' id='word_1_219' title='bbox 1758 2643 1851 2699; x_wconf 90' lang='lat' dir='ltr'><strong><em>sed</em></strong></span> <span class='ocrx_word' id='word_1_220' title='bbox 1898 2643 2036 2698; x_wconf 91' lang='lat' dir='ltr'><strong><em>dans</em></strong></span> <span class='ocrx_word' id='word_1_221' title='bbox 2064 2643 2144 2698; x_wconf 90' lang='lat' dir='ltr'><strong><em>eis</em></strong></span> 
     </span>
    </p>
   </div>
   <div class='ocr_carea' id='block_1_31' title="bbox 560 2725 2144 2806">
    <p class='ocr_par' dir='ltr' id='par_1_31' title="bbox 560 2725 2144 2806">
     <span class='ocr_line' id='line_1_31' title="bbox 560 2725 2144 2806; baseline 0.007 -28"><span class='ocrx_word' id='word_1_222' title='bbox 560 2725 740 2780; x_wconf 84' lang='lat' dir='ltr'><strong><em>locum</em></strong></span> <span class='ocrx_word' id='word_1_223' title='bbox 775 2729 1106 2798; x_wconf 63' lang='lat' dir='ltr'><strong><em>pmnitentim</em></strong></span> <span class='ocrx_word' id='word_1_224' title='bbox 1139 2740 1192 2785; x_wconf 88' lang='lat' dir='ltr'><strong><em>et</em></strong></span> <span class='ocrx_word' id='word_1_225' title='bbox 1229 2733 1632 2799; x_wconf 87' lang='lat' dir='ltr'><strong><em>conversionis,</em></strong></span> <span class='ocrx_word' id='word_1_226' title='bbox 1663 2737 1806 2790; x_wconf 89' lang='lat' dir='ltr'><strong><em>misit</em></strong></span> <span class='ocrx_word' id='word_1_227' title='bbox 1852 2735 1918 2788; x_wconf 90' lang='lat' dir='ltr'><strong><em>ad</em></strong></span> <span class='ocrx_word' id='word_1_228' title='bbox 1958 2744 2144 2806; x_wconf 81' lang='lat' dir='ltr'><strong><em>gentes</em></strong></span> 
     </span>
    </p>
   </div>
   <div class='ocr_carea' id='block_1_32' title="bbox 564 2818 2145 2892">
    <p class='ocr_par' dir='ltr' id='par_1_32' title="bbox 564 2818 2145 2892">
     <span class='ocr_line' id='line_1_32' title="bbox 564 2818 2145 2892; baseline 0.004 -20"><span class='ocrx_word' id='word_1_229' title='bbox 564 2818 913 2875; x_wconf 64' lang='lat' dir='ltr'><strong><em>l-lebrteorum</em></strong></span> <span class='ocrx_word' id='word_1_230' title='bbox 960 2824 1324 2892; x_wconf 79' lang='lat' dir='ltr'><strong><em>prephetam:</em></strong></span> <span class='ocrx_word' id='word_1_231' title='bbox 1380 2833 1442 2878; x_wconf 91' lang='lat' dir='ltr'><strong><em>ut</em></strong></span> <span class='ocrx_word' id='word_1_232' title='bbox 1492 2826 1703 2881; x_wconf 83' lang='lat' dir='ltr'><strong><em>dicente</em></strong></span> <span class='ocrx_word' id='word_1_233' title='bbox 1765 2829 1858 2881; x_wconf 92' lang='lat' dir='ltr'><strong><em>illo</em></strong></span> <span class='ocrx_word' id='word_1_234' title='bbox 1904 2846 1916 2880; x_wconf 93' lang='lat'>:</span> <span class='ocrx_word' id='word_1_235' title='bbox 1961 2827 2145 2880; x_wconf 79' lang='lat' dir='ltr'><strong><em>Adhuc</em></strong></span> 
     </span>
    </p>
   </div>
   <div class='ocr_carea' id='block_1_33' title="bbox 565 2911 2144 2994">
    <p class='ocr_par' dir='ltr' id='par_1_33' title="bbox 565 2911 2144 2994">
     <span class='ocr_line' id='line_1_33' title="bbox 565 2911 2144 2994; baseline 0.008 -33"><span class='ocrx_word' id='word_1_236' title='bbox 565 2919 668 2964; x_wconf 87' lang='lat' dir='ltr'><strong><em>tres</em></strong></span> <span class='ocrx_word' id='word_1_237' title='bbox 714 2911 864 2976; x_wconf 88' lang='lat' dir='ltr'><strong><em>dies,</em></strong></span> <span class='ocrx_word' id='word_1_238' title='bbox 911 2923 960 2966; x_wconf 89' lang='lat' dir='ltr'><strong><em>et</em></strong></span> <span class='ocrx_word' id='word_1_239' title='bbox 1012 2914 1203 2968; x_wconf 81' lang='lat' dir='ltr'><strong><em>Ninive</em></strong></span> <span class='ocrx_word' id='word_1_240' title='bbox 1254 2915 1618 2994; x_wconf 33' lang='lat' dir='ltr'><strong><em>subvertet‘ur,</em></strong></span> <span class='ocrx_word' id='word_1_241' title='bbox 1659 2920 1751 2989; x_wconf 89' lang='lat' dir='ltr'><strong><em>qui</em></strong></span> <span class='ocrx_word' id='word_1_242' title='bbox 1798 2919 2144 2974; x_wconf 86' lang='lat' dir='ltr'><strong><em>condemnati</em></strong></span> 
     </span>
    </p>
   </div>
   <div class='ocr_carea' id='block_1_34' title="bbox 565 2999 2143 3077">
    <p class='ocr_par' dir='ltr' id='par_1_34' title="bbox 565 2999 2143 3077">
     <span class='ocr_line' id='line_1_34' title="bbox 565 2999 2143 3077; baseline 0.006 -25"><span class='ocrx_word' id='word_1_243' title='bbox 565 2999 816 3065; x_wconf 81' lang='lat' dir='ltr'><strong><em>fuerant,</em></strong></span> <span class='ocrx_word' id='word_1_244' title='bbox 862 3018 968 3056; x_wconf 89' lang='lat' dir='ltr'><strong><em>non</em></strong></span> <span class='ocrx_word' id='word_1_245' title='bbox 1021 3004 1299 3071; x_wconf 81' lang='lat' dir='ltr'><strong><em>perirent;</em></strong></span> <span class='ocrx_word' id='word_1_246' title='bbox 1343 3007 1434 3060; x_wconf 89' lang='lat' dir='ltr'><strong><em>sed</em></strong></span> <span class='ocrx_word' id='word_1_247' title='bbox 1470 3017 1689 3077; x_wconf 82' lang='lat' dir='ltr'><strong><em>agentes</em></strong></span> <span class='ocrx_word' id='word_1_248' title='bbox 1734 3007 2143 3077; x_wconf 76' lang='lat' dir='ltr'><strong><em>pmnitentiam,</em></strong></span> 
     </span>
    </p>
   </div>
   <div class='ocr_carea' id='block_1_35' title="bbox 561 3089 2146 3165">
    <p class='ocr_par' dir='ltr' id='par_1_35' title="bbox 561 3089 2146 3165">
     <span class='ocr_line' id='line_1_35' title="bbox 561 3089 2146 3165; baseline 0.006 -22"><span class='ocrx_word' id='word_1_249' title='bbox 561 3089 921 3161; x_wconf 86' lang='lat' dir='ltr'><strong><em>impetrarent</em></strong></span> <span class='ocrx_word' id='word_1_250' title='bbox 973 3093 1413 3152; x_wconf 85' lang='lat' dir='ltr'><strong><em>misericordiam</em></strong></span> <span class='ocrx_word' id='word_1_251' title='bbox 1459 3097 1576 3154; x_wconf 89' lang='lat' dir='ltr'><strong><em>Dei.</em></strong></span> <span class='ocrx_word' id='word_1_252' title='bbox 1629 3097 1730 3165; x_wconf 85' lang='lat' dir='ltr'><strong><em>Qui</em></strong></span> <span class='ocrx_word' id='word_1_253' title='bbox 1789 3098 2042 3154; x_wconf 89' lang='lat' dir='ltr'><strong><em>Sodomis</em></strong></span> <span class='ocrx_word' id='word_1_254' title='bbox 2091 3107 2146 3153; x_wconf 87' lang='lat' dir='ltr'><strong><em>et</em></strong></span> 
     </span>
    </p>
   </div>
   <div class='ocr_carea' id='block_1_36' title="bbox 563 3180 2148 3256">
    <p class='ocr_par' dir='ltr' id='par_1_36' title="bbox 563 3180 2148 3256">
     <span class='ocr_line' id='line_1_36' title="bbox 563 3180 2148 3256; baseline 0.006 -19"><span class='ocrx_word' id='word_1_255' title='bbox 563 3180 882 3239; x_wconf 74' lang='lat' dir='ltr'><strong><em>Gomorrhis</em></strong></span> <span class='ocrx_word' id='word_1_256' title='bbox 921 3185 1034 3255; x_wconf 88' lang='lat' dir='ltr'><strong><em>jam</em></strong></span> <span class='ocrx_word' id='word_1_257' title='bbox 1084 3196 1238 3242; x_wconf 85' lang='lat' dir='ltr'><strong><em>erant</em></strong></span> <span class='ocrx_word' id='word_1_258' title='bbox 1270 3189 1436 3244; x_wconf 75' lang='lat' dir='ltr'><strong><em>exitio</em></strong></span> <span class='ocrx_word' id='word_1_259' title='bbox 1481 3191 1761 3256; x_wconf 86' lang='lat' dir='ltr'><strong><em>destinati,</em></strong></span> <span class='ocrx_word' id='word_1_260' title='bbox 1807 3199 1868 3245; x_wconf 86' lang='lat' dir='ltr'><strong><em>ut</em></strong></span> <span class='ocrx_word' id='word_1_261' title='bbox 1921 3189 2148 3246; x_wconf 80' lang='lat' dir='ltr'><strong><em>manife-</em></strong></span> 
     </span>
    </p>
   </div>
   <div class='ocr_carea' id='block_1_37' title="bbox 565 3279 2144 3352">
    <p class='ocr_par' dir='ltr' id='par_1_37' title="bbox 565 3279 2144 3352">
     <span class='ocr_line' id='line_1_37' title="bbox 565 3279 2144 3352; baseline 0.006 -24"><span class='ocrx_word' id='word_1_262' title='bbox 565 3282 710 3328; x_wconf 88' lang='lat' dir='ltr'><strong><em>stum</em></strong></span> <span class='ocrx_word' id='word_1_263' title='bbox 747 3283 926 3330; x_wconf 80' lang='lat' dir='ltr'><strong><em>estex</em></strong></span> <span class='ocrx_word' id='word_1_264' title='bbox 969 3279 1316 3335; x_wconf 84' lang='lat' dir='ltr'><strong><em>sermonibus</em></strong></span> <span class='ocrx_word' id='word_1_265' title='bbox 1352 3281 1477 3348; x_wconf 86' lang='lat' dir='ltr'><strong><em>Dei,</em></strong></span> <span class='ocrx_word' id='word_1_266' title='bbox 1519 3298 1657 3352; x_wconf 90' lang='lat' dir='ltr'><strong><em>quos</em></strong></span> <span class='ocrx_word' id='word_1_267' title='bbox 1705 3282 1922 3337; x_wconf 86' lang='lat' dir='ltr'><strong><em>locutus</em></strong></span> <span class='ocrx_word' id='word_1_268' title='bbox 1955 3291 2039 3336; x_wconf 87' lang='lat' dir='ltr'><strong><em>est</em></strong></span> <span class='ocrx_word' id='word_1_269' title='bbox 2077 3281 2144 3337; x_wconf 87' lang='lat' dir='ltr'><strong><em>ad</em></strong></span> 
     </span>
    </p>
   </div>
   <div class='ocr_carea' id='block_1_38' title="bbox 563 3365 2147 3442">
    <p class='ocr_par' dir='ltr' id='par_1_38' title="bbox 563 3365 2147 3442">
     <span class='ocr_line' id='line_1_38' title="bbox 563 3365 2147 3442; baseline 0.006 -24"><span class='ocrx_word' id='word_1_270' title='bbox 563 3365 874 3435; x_wconf 83' lang='lat' dir='ltr'><strong><em>Abraham;</em></strong></span> <span class='ocrx_word' id='word_1_271' title='bbox 918 3376 1158 3425; x_wconf 89' lang='lat' dir='ltr'><strong><em>attamen</em></strong></span> <span class='ocrx_word' id='word_1_272' title='bbox 1195 3373 1338 3442; x_wconf 90' lang='lat' dir='ltr'><strong><em>quod</em></strong></span> <span class='ocrx_word' id='word_1_273' title='bbox 1373 3382 1491 3428; x_wconf 86' lang='lat' dir='ltr'><strong><em>erat</em></strong></span> <span class='ocrx_word' id='word_1_274' title='bbox 1535 3390 1729 3440; x_wconf 89' lang='lat' dir='ltr'><strong><em>suum,</em></strong></span> <span class='ocrx_word' id='word_1_275' title='bbox 1771 3375 2018 3429; x_wconf 89' lang='lat' dir='ltr'><strong><em>fecerunt</em></strong></span> <span class='ocrx_word' id='word_1_276' title='bbox 2049 3389 2147 3428; x_wconf 81' lang='lat' dir='ltr'><strong><em>an—</em></strong></span> 
     </span>
    </p>
   </div>
   <div class='ocr_carea' id='block_1_39' title="bbox 564 3459 2144 3537">
    <p class='ocr_par' dir='ltr' id='par_1_39' title="bbox 564 3459 2144 3537">
     <span class='ocr_line' id='line_1_39' title="bbox 564 3459 2144 3537; baseline 0.006 -26"><span class='ocrx_word' id='word_1_277' title='bbox 564 3459 690 3528; x_wconf 77' lang='lat' dir='ltr'><strong><em>geli,</em></strong></span> <span class='ocrx_word' id='word_1_278' title='bbox 724 3462 966 3518; x_wconf 91' lang='lat' dir='ltr'><strong><em>volentes</em></strong></span> <span class='ocrx_word' id='word_1_279' title='bbox 993 3478 1088 3518; x_wconf 92' lang='lat' dir='ltr'><strong><em>eos</em></strong></span> <span class='ocrx_word' id='word_1_280' title='bbox 1117 3463 1328 3518; x_wconf 87' lang='lat' dir='ltr'><strong><em>salvare</em></strong></span> <span class='ocrx_word' id='word_1_281' title='bbox 1355 3466 1448 3535; x_wconf 87' lang='lat' dir='ltr'><strong><em>qui</em></strong></span> <span class='ocrx_word' id='word_1_282' title='bbox 1481 3481 1538 3520; x_wconf 89' lang='lat' dir='ltr'><strong><em>se</em></strong></span> <span class='ocrx_word' id='word_1_283' title='bbox 1572 3465 1823 3537; x_wconf 80' lang='lat' dir='ltr'><strong><em>indignos</em></strong></span> <span class='ocrx_word' id='word_1_284' title='bbox 1853 3466 2027 3520; x_wconf 65' lang='lat' dir='ltr'><strong><em>salute</em></strong></span> <span class='ocrx_word' id='word_1_285' title='bbox 2050 3466 2144 3536; x_wconf 87' lang='lat' dir='ltr'><strong><em>ju-</em></strong></span> 
     </span>
    </p>
   </div>
   <div class='ocr_carea' id='block_1_40' title="bbox 563 3551 2146 3618">
    <p class='ocr_par' dir='ltr' id='par_1_40' title="bbox 563 3551 2146 3618">
     <span class='ocr_line' id='line_1_40' title="bbox 563 3551 2146 3618; baseline 0.004 -14"><span class='ocrx_word' id='word_1_286' title='bbox 563 3551 903 3618; x_wconf 85' lang='lat' dir='ltr'><strong><em>dicaverunt,</em></strong></span> <span class='ocrx_word' id='word_1_287' title='bbox 937 3555 1052 3609; x_wconf 67' lang='lat' dir='ltr'><strong><em>haec</em></strong></span> <span class='ocrx_word' id='word_1_288' title='bbox 1078 3554 1320 3611; x_wconf 88' lang='lat' dir='ltr'><strong><em>dicentes</em></strong></span> <span class='ocrx_word' id='word_1_289' title='bbox 1360 3557 1426 3609; x_wconf 86' lang='lat' dir='ltr'><strong><em>ad</em></strong></span> <span class='ocrx_word' id='word_1_290' title='bbox 1463 3554 1564 3610; x_wconf 88' lang='lat' dir='ltr'><strong><em>Lot</em></strong></span> <span class='ocrx_word' id='word_1_291' title='bbox 1599 3574 1613 3610; x_wconf 78' lang='grc' dir='ltr'><strong><em>ι</em></strong></span> <span class='ocrx_word' id='word_1_292' title='bbox 1649 3555 1747 3608; x_wconf 84' lang='lat' dir='ltr'><strong><em>Est</em></strong></span> <span class='ocrx_word' id='word_1_293' title='bbox 1791 3556 1887 3609; x_wconf 85' lang='lat' dir='ltr'><strong><em>tibi</em></strong></span> <span class='ocrx_word' id='word_1_294' title='bbox 1928 3557 2013 3609; x_wconf 82' lang='lat' dir='ltr'><strong><em>hic</em></strong></span> <span class='ocrx_word' id='word_1_295' title='bbox 2043 3557 2146 3611; x_wconf 89' lang='lat' dir='ltr'><strong><em>ali-</em></strong></span> 
     </span>
    </p>
   </div>
   <div class='ocr_carea' id='block_1_41' title="bbox 562 3641 2146 3718">
    <p class='ocr_par' dir='ltr' id='par_1_41' title="bbox 562 3641 2146 3718">
     <span class='ocr_line' id='line_1_41' title="bbox 562 3641 2146 3718; baseline 0.006 -26"><span class='ocrx_word' id='word_1_296' title='bbox 562 3641 678 3710; x_wconf 85' lang='lat' dir='ltr'><strong><em>quis</em></strong></span> <span class='ocrx_word' id='word_1_297' title='bbox 707 3660 880 3713; x_wconf 83' lang='lat' dir='ltr'><strong><em>gener,</em></strong></span> <span class='ocrx_word' id='word_1_298' title='bbox 914 3654 1008 3698; x_wconf 88' lang='lat' dir='ltr'><strong><em>aut</em></strong></span> <span class='ocrx_word' id='word_1_299' title='bbox 1045 3645 1171 3714; x_wconf 81' lang='lat' dir='ltr'><strong><em>ﬁlii,</em></strong></span> <span class='ocrx_word' id='word_1_300' title='bbox 1212 3657 1302 3698; x_wconf 89' lang='lat' dir='ltr'><strong><em>aut</em></strong></span> <span class='ocrx_word' id='word_1_301' title='bbox 1342 3646 1472 3716; x_wconf 67' lang='lat' dir='ltr'><strong><em>filice</em></strong></span> <span class='ocrx_word' id='word_1_302' title='bbox 1497 3647 1556 3700; x_wconf 74' lang='lat'><strong><em>’1’</em></strong></span> <span class='ocrx_word' id='word_1_303' title='bbox 1596 3645 1782 3717; x_wconf 84' lang='lat' dir='ltr'><strong><em>Neque</em></strong></span> <span class='ocrx_word' id='word_1_304' title='bbox 1805 3647 1950 3702; x_wconf 87' lang='lat' dir='ltr'><strong><em>enitn</em></strong></span> <span class='ocrx_word' id='word_1_305' title='bbox 1992 3647 2146 3718; x_wconf 80' lang='lat' dir='ltr'><strong><em>igno-</em></strong></span> 
     </span>
    </p>
   </div>
   <div class='ocr_carea' id='block_1_42' title="bbox 2336 1435 3824 1509">
    <p class='ocr_par' dir='ltr' id='par_1_42' title="bbox 2336 1435 3824 1509">
     <span class='ocr_line' id='line_1_42' title="bbox 2336 1435 3824 1509; baseline -0.005 -15"><span class='ocrx_word' id='word_1_306' title='bbox 2336 1441 2393 1494; x_wconf 85' lang='grc' dir='ltr'>Ὀ</span> <span class='ocrx_word' id='word_1_307' title='bbox 2426 1440 2558 1504; x_wconf 75' lang='grc' dir='ltr'>Θεὸς</span> <span class='ocrx_word' id='word_1_308' title='bbox 2591 1441 2672 1503; x_wconf 85' lang='grc' dir='ltr'><strong><em>είς</em></strong></span> <span class='ocrx_word' id='word_1_309' title='bbox 2699 1438 3056 1508; x_wconf 83' lang='grc' dir='ltr'>ἀγαθοποιταν</span> <span class='ocrx_word' id='word_1_310' title='bbox 3083 1436 3371 1509; x_wconf 87' lang='grc' dir='ltr'>πρόχειρός</span> <span class='ocrx_word' id='word_1_311' title='bbox 3396 1437 3562 1500; x_wconf 74' lang='grc' dir='ltr'>ἐστιν,</span> <span class='ocrx_word' id='word_1_312' title='bbox 3591 1435 3668 1499; x_wconf 83' lang='grc' dir='ltr'><strong><em>είς</em></strong></span> <span class='ocrx_word' id='word_1_313' title='bbox 3687 1435 3744 1488; x_wconf 84' lang='grc' dir='ltr'>δὲ</span> <span class='ocrx_word' id='word_1_314' title='bbox 3765 1435 3824 1488; x_wconf 75' lang='grc' dir='ltr'><strong><em>τὸ</em></strong></span> 
     </span>
    </p>
   </div>
   <div class='ocr_carea' id='block_1_43' title="bbox 2252 1527 3827 1599">
    <p class='ocr_par' dir='ltr' id='par_1_43' title="bbox 2252 1527 3827 1599">
     <span class='ocr_line' id='line_1_43' title="bbox 2252 1527 3827 1599; baseline -0.004 -13"><span class='ocrx_word' id='word_1_315' title='bbox 2252 1533 2474 1587; x_wconf 82' lang='grc' dir='ltr'><strong><em>κολάσαι</em></strong></span> <span class='ocrx_word' id='word_1_316' title='bbox 2503 1533 2629 1595; x_wconf 80' lang='grc' dir='ltr'>τοὺς</span> <span class='ocrx_word' id='word_1_317' title='bbox 2653 1530 2837 1596; x_wconf 81' lang='grc' dir='ltr'><strong><em>ἀξίους</em></strong></span> <span class='ocrx_word' id='word_1_318' title='bbox 2869 1529 3143 1592; x_wconf 79' lang='grc' dir='ltr'><strong><em>κολάσεως</em></strong></span> <span class='ocrx_word' id='word_1_319' title='bbox 3165 1528 3240 1599; x_wconf 76' lang='grc'>(2)</span> <span class='ocrx_word' id='word_1_320' title='bbox 3268 1527 3556 1599; x_wconf 70' lang='grc' dir='ltr'>μελλητὴς.</span> <span class='ocrx_word' id='word_1_321' title='bbox 3585 1527 3827 1596; x_wconf 82' lang='grc' dir='ltr'>Δυνάμε-</span> 
     </span>
    </p>
   </div>
   <div class='ocr_carea' id='block_1_44' title="bbox 2251 1615 3823 1691">
    <p class='ocr_par' dir='ltr' id='par_1_44' title="bbox 2251 1615 3823 1691">
     <span class='ocr_line' id='line_1_44' title="bbox 2251 1615 3823 1691; baseline -0.001 -17"><span class='ocrx_word' id='word_1_322' title='bbox 2251 1639 2340 1685; x_wconf 89' lang='grc' dir='ltr'><strong><em>νος</em></strong></span> <span class='ocrx_word' id='word_1_323' title='bbox 2370 1621 2499 1690; x_wconf 81' lang='grc' dir='ltr'>γοῦν</span> <span class='ocrx_word' id='word_1_324' title='bbox 2532 1621 2758 1689; x_wconf 74' lang='grc' dir='ltr'>ἐπάγειν</span> <span class='ocrx_word' id='word_1_325' title='bbox 2791 1621 2891 1691; x_wconf 79' lang='grc' dir='ltr'><strong><em>τὴν</em></strong></span> <span class='ocrx_word' id='word_1_326' title='bbox 2925 1619 3143 1673; x_wconf 78' lang='grc' dir='ltr'><strong><em>κόλασιν</em></strong></span> <span class='ocrx_word' id='word_1_327' title='bbox 3172 1621 3283 1681; x_wconf 81' lang='grc' dir='ltr'>τοῖς</span> <span class='ocrx_word' id='word_1_328' title='bbox 3319 1617 3409 1670; x_wconf 83' lang='grc' dir='ltr'>ὑπ’</span> <span class='ocrx_word' id='word_1_329' title='bbox 3443 1615 3611 1669; x_wconf 80' lang='grc' dir='ltr'>αὑτοῦ</span> <span class='ocrx_word' id='word_1_330' title='bbox 3649 1634 3823 1673; x_wconf 84' lang='grc' dir='ltr'>κατα-</span> 
     </span>
    </p>
   </div>
   <div class='ocr_carea' id='block_1_45' title="bbox 2249 1708 3828 1784">
    <p class='ocr_par' dir='ltr' id='par_1_45' title="bbox 2249 1708 3828 1784">
     <span class='ocr_line' id='line_1_45' title="bbox 2249 1708 3828 1784; baseline -0.003 -19"><span class='ocrx_word' id='word_1_331' title='bbox 2249 1711 2624 1782; x_wconf 76' lang='grc' dir='ltr'><strong><em>δικαζομένοις</em></strong></span> <span class='ocrx_word' id='word_1_332' title='bbox 2657 1712 2797 1784; x_wconf 83' lang='grc' dir='ltr'>μετὰ</span> <span class='ocrx_word' id='word_1_333' title='bbox 2824 1711 3054 1782; x_wconf 84' lang='grc' dir='ltr'>σιωπῆς,</span> <span class='ocrx_word' id='word_1_334' title='bbox 3087 1710 3224 1783; x_wconf 82' lang='grc' dir='ltr'>μετὰ</span> <span class='ocrx_word' id='word_1_335' title='bbox 3256 1709 3349 1763; x_wconf 79' lang='grc' dir='ltr'>τοῦ</span> <span class='ocrx_word' id='word_1_336' title='bbox 3386 1708 3460 1780; x_wconf 85' lang='grc' dir='ltr'>μὴ</span> <span class='ocrx_word' id='word_1_337' title='bbox 3488 1709 3828 1783; x_wconf 85' lang='grc' dir='ltr'>προδιαμαρ-</span> 
     </span>
    </p>
   </div>
   <div class='ocr_carea' id='block_1_46' title="bbox 2250 1801 3825 1877">
    <p class='ocr_par' dir='ltr' id='par_1_46' title="bbox 2250 1801 3825 1877">
     <span class='ocr_line' id='line_1_46' title="bbox 2250 1801 3825 1877; baseline 0 -20"><span class='ocrx_word' id='word_1_338' title='bbox 2250 1803 2538 1876; x_wconf 88' lang='grc' dir='ltr'>τύρασθαι,</span> <span class='ocrx_word' id='word_1_339' title='bbox 2580 1804 2830 1877; x_wconf 76' lang='grc' dir='ltr'>οὐδαμῶς</span> <span class='ocrx_word' id='word_1_340' title='bbox 2871 1804 3030 1858; x_wconf 81' lang='grc' dir='ltr'>τοῦτο</span> <span class='ocrx_word' id='word_1_341' title='bbox 3073 1804 3234 1856; x_wconf 80' lang='grc' dir='ltr'>ποιεῖ’</span> <span class='ocrx_word' id='word_1_342' title='bbox 3285 1801 3422 1856; x_wconf 77' lang='grc' dir='ltr'>ἀλλὰ</span> <span class='ocrx_word' id='word_1_343' title='bbox 3465 1801 3568 1854; x_wconf 77' lang='grc' dir='ltr'><strong><em>κᾶν</em></strong></span> <span class='ocrx_word' id='word_1_344' title='bbox 3609 1802 3825 1857; x_wconf 81' lang='grc' dir='ltr'>καταδι-</span> 
     </span>
    </p>
   </div>
   <div class='ocr_carea' id='block_1_47' title="bbox 2250 1887 3828 1969">
    <p class='ocr_par' dir='ltr' id='par_1_47' title="bbox 2250 1887 3828 1969">
     <span class='ocr_line' id='line_1_47' title="bbox 2250 1887 3828 1969; baseline -0.003 -17"><span class='ocrx_word' id='word_1_345' title='bbox 2250 1897 2392 1969; x_wconf 73' lang='grc' dir='ltr'>κάζῃ</span> <span class='ocrx_word' id='word_1_346' title='bbox 2419 1895 2700 1966; x_wconf 80' lang='grc' dir='ltr'>,προλέγει</span> <span class='ocrx_word' id='word_1_347' title='bbox 2718 1894 2866 1965; x_wconf 83' lang='grc' dir='ltr'><strong><em>αὑτῷ</em></strong></span> <span class='ocrx_word' id='word_1_348' title='bbox 2888 1893 2950 1946; x_wconf 79' lang='grc' dir='ltr'><strong><em>τὸ</em></strong></span> <span class='ocrx_word' id='word_1_349' title='bbox 2972 1887 3432 1963; x_wconf 62' lang='grc' dir='ltr'>προκείμενονβ),</span> <span class='ocrx_word' id='word_1_350' title='bbox 3478 1894 3574 1947; x_wconf 76' lang='grc' dir='ltr'>ἐπὶ</span> <span class='ocrx_word' id='word_1_351' title='bbox 3599 1893 3676 1964; x_wconf 83' lang='grc' dir='ltr'>τῷ</span> <span class='ocrx_word' id='word_1_352' title='bbox 3709 1897 3828 1948; x_wconf 82' lang='grc' dir='ltr'>ὲπι-</span> 
     </span>
    </p>
   </div>
   <div class='ocr_carea' id='block_1_48' title="bbox 2252 1985 3822 2058">
    <p class='ocr_par' dir='ltr' id='par_1_48' title="bbox 2252 1985 3822 2058">
     <span class='ocr_line' id='line_1_48' title="bbox 2252 1985 3822 2058; baseline -0.001 -16"><span class='ocrx_word' id='word_1_353' title='bbox 2252 1988 2479 2058; x_wconf 77' lang='grc' dir='ltr'>στρέψαι</span> <span class='ocrx_word' id='word_1_354' title='bbox 2507 1987 2615 2042; x_wconf 77' lang='grc' dir='ltr'><strong><em>ἀπὸ</em></strong></span> <span class='ocrx_word' id='word_1_355' title='bbox 2641 1988 2740 2058; x_wconf 85' lang='grc' dir='ltr'>τῆς</span> <span class='ocrx_word' id='word_1_356' title='bbox 2765 1987 3064 2057; x_wconf 79' lang='grc' dir='ltr'>καταδίκης</span> <span class='ocrx_word' id='word_1_357' title='bbox 3092 1987 3181 2040; x_wconf 81' lang='grc' dir='ltr'><strong><em>τὸν</em></strong></span> <span class='ocrx_word' id='word_1_358' title='bbox 3203 1985 3822 2057; x_wconf 86' lang='grc' dir='ltr'>καταδικασθησόμενον.</span> 
     </span>
    </p>
   </div>
   <div class='ocr_carea' id='block_1_49' title="bbox 2249 2077 3827 2151">
    <p class='ocr_par' dir='ltr' id='par_1_49' title="bbox 2249 2077 3827 2151">
     <span class='ocr_line' id='line_1_49' title="bbox 2249 2077 3827 2151; baseline -0.002 -19"><span class='ocrx_word' id='word_1_359' title='bbox 2249 2080 2464 2134; x_wconf 85' lang='grc' dir='ltr'>Τούτων</span> <span class='ocrx_word' id='word_1_360' title='bbox 2501 2081 2598 2150; x_wconf 78' lang='grc' dir='ltr'><strong><em>μὲν</em></strong></span> <span class='ocrx_word' id='word_1_361' title='bbox 2648 2081 3064 2151; x_wconf 83' lang='grc' dir='ltr'>παραδείγματα</span> <span class='ocrx_word' id='word_1_362' title='bbox 3111 2079 3257 2132; x_wconf 76' lang='grc' dir='ltr'>ἐστιν</span> <span class='ocrx_word' id='word_1_363' title='bbox 3303 2078 3413 2131; x_wconf 77' lang='grc' dir='ltr'><strong><em>ἀπὸ</em></strong></span> <span class='ocrx_word' id='word_1_364' title='bbox 3453 2077 3559 2131; x_wconf 87' lang='grc' dir='ltr'><strong><em>τῶν</em></strong></span> <span class='ocrx_word' id='word_1_365' title='bbox 3592 2077 3827 2148; x_wconf 82' lang='grc' dir='ltr'>Γραφῶν</span> 
     </span>
    </p>
   </div>
   <div class='ocr_carea' id='block_1_50' title="bbox 2249 2170 3825 2244">
    <p class='ocr_par' dir='ltr' id='par_1_50' title="bbox 2249 2170 3825 2244">
     <span class='ocr_line' id='line_1_50' title="bbox 2249 2170 3825 2244; baseline 0.001 -21"><span class='ocrx_word' id='word_1_366' title='bbox 2249 2170 2434 2225; x_wconf 80' lang='grc' dir='ltr'>λαϐεῖν</span> <span class='ocrx_word' id='word_1_367' title='bbox 2461 2170 2663 2226; x_wconf 84' lang='grc' dir='ltr'>πολλά·</span> <span class='ocrx_word' id='word_1_368' title='bbox 2710 2171 2866 2241; x_wconf 81' lang='grc' dir='ltr'>ὀλίγα</span> <span class='ocrx_word' id='word_1_369' title='bbox 2902 2173 2959 2226; x_wconf 79' lang='grc' dir='ltr'>δὲ</span> <span class='ocrx_word' id='word_1_370' title='bbox 3003 2172 3258 2244; x_wconf 84' lang='grc' dir='ltr'>προσάξω</span> <span class='ocrx_word' id='word_1_371' title='bbox 3293 2172 3454 2244; x_wconf 85' lang='grc' dir='ltr'>μόνον</span> <span class='ocrx_word' id='word_1_372' title='bbox 3500 2171 3568 2224; x_wconf 70' lang='grc' dir='ltr'>τὰ</span> <span class='ocrx_word' id='word_1_373' title='bbox 3604 2171 3696 2224; x_wconf 76' lang='grc' dir='ltr'><strong><em>ἐπὶ</em></strong></span> <span class='ocrx_word' id='word_1_374' title='bbox 3730 2171 3825 2225; x_wconf 71' lang='grc' dir='ltr'>τοῦ</span> 
     </span>
    </p>
   </div>
   <div class='ocr_carea' id='block_1_51' title="bbox 2256 2261 3822 2335">
    <p class='ocr_par' dir='ltr' id='par_1_51' title="bbox 2256 2261 3822 2335">
     <span class='ocr_line' id='line_1_51' title="bbox 2256 2261 3822 2335; baseline -0.001 -19"><span class='ocrx_word' id='word_1_375' title='bbox 2256 2263 2524 2335; x_wconf 89' lang='grc' dir='ltr'>παρόντος</span> <span class='ocrx_word' id='word_1_376' title='bbox 2545 2263 2942 2330; x_wconf 80' lang='grc' dir='ltr'>ὑποπίπτοντα,</span> <span class='ocrx_word' id='word_1_377' title='bbox 2967 2264 3054 2317; x_wconf 82' lang='grc' dir='ltr'>ἵνα</span> <span class='ocrx_word' id='word_1_378' title='bbox 3077 2263 3320 2333; x_wconf 73' lang='grc' dir='ltr'>ἔλθωμεν</span> <span class='ocrx_word' id='word_1_379' title='bbox 3349 2264 3443 2316; x_wconf 73' lang='grc' dir='ltr'>καὶ</span> <span class='ocrx_word' id='word_1_380' title='bbox 3466 2261 3559 2316; x_wconf 69' lang='grc' dir='ltr'>ἐπὶ</span> <span class='ocrx_word' id='word_1_381' title='bbox 3584 2263 3676 2316; x_wconf 81' lang='grc' dir='ltr'><strong><em>τὸν</em></strong></span> <span class='ocrx_word' id='word_1_382' title='bbox 3701 2280 3822 2316; x_wconf 80' lang='grc' dir='ltr'>σκο-</span> 
     </span>
    </p>
   </div>
   <div class='ocr_carea' id='block_1_52' title="bbox 2249 2351 3822 2428">
    <p class='ocr_par' dir='ltr' id='par_1_52' title="bbox 2249 2351 3822 2428">
     <span class='ocr_line' id='line_1_52' title="bbox 2249 2351 3822 2428; baseline -0.003 -20"><span class='ocrx_word' id='word_1_383' title='bbox 2249 2355 2348 2408; x_wconf 80' lang='grc' dir='ltr'><strong><em>πὸν</em></strong></span> <span class='ocrx_word' id='word_1_384' title='bbox 2375 2355 2484 2408; x_wconf 84' lang='grc' dir='ltr'><strong><em>τῶν</em></strong></span> <span class='ocrx_word' id='word_1_385' title='bbox 2518 2357 2892 2428; x_wconf 84' lang='grc' dir='ltr'>προκειμένων</span> <span class='ocrx_word' id='word_1_386' title='bbox 2934 2354 3398 2426; x_wconf 82' lang='grc' dir='ltr'>ἀναγνωσμάτων.</span> <span class='ocrx_word' id='word_1_387' title='bbox 3447 2356 3510 2408; x_wconf 81' lang='lat' dir='ltr'><strong><em>Ol</em></strong></span> <span class='ocrx_word' id='word_1_388' title='bbox 3549 2351 3822 2408; x_wconf 75' lang='grc' dir='ltr'>Νινευῖται</span> 
     </span>
    </p>
   </div>
   <div class='ocr_carea' id='block_1_53' title="bbox 2249 2443 3823 2517">
    <p class='ocr_par' dir='ltr' id='par_1_53' title="bbox 2249 2443 3823 2517">
     <span class='ocr_line' id='line_1_53' title="bbox 2249 2443 3823 2517; baseline -0.002 -19"><span class='ocrx_word' id='word_1_389' title='bbox 2249 2445 2358 2516; x_wconf 78' lang='grc' dir='ltr'><strong><em>γὰρ</em></strong></span> <span class='ocrx_word' id='word_1_390' title='bbox 2416 2445 2730 2517; x_wconf 73' lang='grc' dir='ltr'>ἁμαρτωλοὶ</span> <span class='ocrx_word' id='word_1_391' title='bbox 2775 2446 3142 2515; x_wconf 76' lang='grc' dir='ltr'>ἐγεγόνεισαν,</span> <span class='ocrx_word' id='word_1_392' title='bbox 3203 2445 3298 2498; x_wconf 71' lang='grc' dir='ltr'><strong><em>καὶ</em></strong></span> <span class='ocrx_word' id='word_1_393' title='bbox 3358 2443 3823 2508; x_wconf 67' lang='grc' dir='ltr'>κατεδικάσθησαν</span> 
     </span>
    </p>
   </div>
   <div class='ocr_carea' id='block_1_54' title="bbox 2249 2535 3830 2607">
    <p class='ocr_par' dir='ltr' id='par_1_54' title="bbox 2249 2535 3830 2607">
     <span class='ocr_line' id='line_1_54' title="bbox 2249 2535 3830 2607; baseline -0.003 -18"><span class='ocrx_word' id='word_1_394' title='bbox 2249 2537 2355 2590; x_wconf 83' lang='grc' dir='ltr'><strong><em>ὑπὸ</em></strong></span> <span class='ocrx_word' id='word_1_395' title='bbox 2373 2537 2465 2590; x_wconf 81' lang='grc' dir='ltr'>τοῦ</span> <span class='ocrx_word' id='word_1_396' title='bbox 2481 2536 2614 2590; x_wconf 88' lang='grc' dir='ltr'><strong><em>Θεοῦ</em></strong></span> <span class='ocrx_word' id='word_1_397' title='bbox 2631 2553 2646 2568; x_wconf 76' lang='grc' dir='ltr'><strong>ο</strong></span> <span class='ocrx_word' id='word_1_398' title='bbox 2671 2539 2798 2591; x_wconf 89' lang='grc' dir='ltr'>Ἕτι</span> <span class='ocrx_word' id='word_1_399' title='bbox 2817 2537 2892 2607; x_wconf 77' lang='grc'><strong><em>(4)</em></strong></span> <span class='ocrx_word' id='word_1_400' title='bbox 2912 2537 3068 2606; x_wconf 84' lang='grc' dir='ltr'>τρεῖς</span> <span class='ocrx_word' id='word_1_401' title='bbox 3091 2535 3322 2606; x_wconf 67' lang='grc' dir='ltr'>ἡμέραι,</span> <span class='ocrx_word' id='word_1_402' title='bbox 3347 2536 3445 2590; x_wconf 79' lang='grc' dir='ltr'><strong><em>καί</em></strong></span> <span class='ocrx_word' id='word_1_403' title='bbox 3477 2535 3694 2605; x_wconf 71' lang='grc' dir='ltr'>ἔμελλε</span> <span class='ocrx_word' id='word_1_404' title='bbox 3728 2535 3830 2585; x_wconf 84' lang='grc' dir='ltr'><strong><em>Νι·-</em></strong></span> 
     </span>
    </p>
   </div>
   <div class='ocr_carea' id='block_1_55' title="bbox 2248 2622 3824 2698">
    <p class='ocr_par' dir='ltr' id='par_1_55' title="bbox 2248 2622 3824 2698">
     <span class='ocr_line' id='line_1_55' title="bbox 2248 2622 3824 2698; baseline -0.003 -16"><span class='ocrx_word' id='word_1_405' title='bbox 2248 2626 2404 2698; x_wconf 82' lang='grc' dir='ltr'><strong><em>νευῆ</em></strong></span> <span class='ocrx_word' id='word_1_406' title='bbox 2432 2627 2975 2683; x_wconf 76' lang='grc' dir='ltr'>κατασκάπτεσθαι.</span> <span class='ocrx_word' id='word_1_407' title='bbox 3013 2629 3126 2682; x_wconf 85' lang='grc' dir='ltr'>Οὐκ</span> <span class='ocrx_word' id='word_1_408' title='bbox 3158 2627 3377 2690; x_wconf 78' lang='grc' dir='ltr'>ἐθέλων,</span> <span class='ocrx_word' id='word_1_409' title='bbox 3416 2622 3568 2679; x_wconf 79' lang='grc' dir='ltr'>εἶπεν</span> <span class='ocrx_word' id='word_1_410' title='bbox 3597 2627 3625 2678; x_wconf 81' lang='grc' dir='ltr'><strong><em>ό</em></strong></span> <span class='ocrx_word' id='word_1_411' title='bbox 3671 2626 3824 2688; x_wconf 71' lang='grc' dir='ltr'>Θεὸς,</span> 
     </span>
    </p>
   </div>
   <div class='ocr_carea' id='block_1_56' title="bbox 2247 2715 3823 2790">
    <p class='ocr_par' dir='ltr' id='par_1_56' title="bbox 2247 2715 3823 2790">
     <span class='ocr_line' id='line_1_56' title="bbox 2247 2715 3823 2790; baseline -0.004 -19"><span class='ocrx_word' id='word_1_412' title='bbox 2247 2718 2601 2771; x_wconf 84' lang='grc' dir='ltr'>καταδικάσαι</span> <span class='ocrx_word' id='word_1_413' title='bbox 2629 2719 2799 2789; x_wconf 82' lang='grc' dir='ltr'>αὑτήν</span> <span class='ocrx_word' id='word_1_414' title='bbox 2831 2719 2928 2790; x_wconf 85' lang='grc'><strong><em>(5)·</em></strong></span> <span class='ocrx_word' id='word_1_415' title='bbox 2953 2718 3090 2772; x_wconf 75' lang='grc' dir='ltr'>ἀλλὰ</span> <span class='ocrx_word' id='word_1_416' title='bbox 3125 2718 3298 2774; x_wconf 72' lang='grc' dir='ltr'>διδους</span> <span class='ocrx_word' id='word_1_417' title='bbox 3331 2718 3511 2779; x_wconf 83' lang='grc' dir='ltr'>αὐτοῖς</span> <span class='ocrx_word' id='word_1_418' title='bbox 3539 2715 3699 2768; x_wconf 85' lang='grc' dir='ltr'>τόπον</span> <span class='ocrx_word' id='word_1_419' title='bbox 3723 2731 3823 2784; x_wconf 79' lang='grc' dir='ltr'>με-</span> 
     </span>
    </p>
   </div>
   <div class='ocr_carea' id='block_1_57' title="bbox 2248 2805 3826 2879">
    <p class='ocr_par' dir='ltr' id='par_1_57' title="bbox 2248 2805 3826 2879">
     <span class='ocr_line' id='line_1_57' title="bbox 2248 2805 3826 2879; baseline -0.001 -21"><span class='ocrx_word' id='word_1_420' title='bbox 2248 2807 2464 2871; x_wconf 88' lang='grc' dir='ltr'>τανοίας</span> <span class='ocrx_word' id='word_1_421' title='bbox 2491 2807 2586 2860; x_wconf 79' lang='grc' dir='ltr'>καὶ</span> <span class='ocrx_word' id='word_1_422' title='bbox 2637 2808 2994 2879; x_wconf 73' lang='grc' dir='ltr'>ἐπιστροφῆς,</span> <span class='ocrx_word' id='word_1_423' title='bbox 3037 2807 3280 2878; x_wconf 74' lang='grc' dir='ltr'>ἐπεμψεν</span> <span class='ocrx_word' id='word_1_424' title='bbox 3330 2805 3576 2877; x_wconf 79' lang='grc' dir='ltr'>Ἑϐραῖον</span> <span class='ocrx_word' id='word_1_425' title='bbox 3612 2805 3826 2875; x_wconf 77' lang='grc' dir='ltr'>προφή-</span> 
     </span>
    </p>
   </div>
   <div class='ocr_carea' id='block_1_58' title="bbox 2247 2895 3822 2972">
    <p class='ocr_par' dir='ltr' id='par_1_58' title="bbox 2247 2895 3822 2972">
     <span class='ocr_line' id='line_1_58' title="bbox 2247 2895 3822 2972; baseline -0.004 -19"><span class='ocrx_word' id='word_1_426' title='bbox 2247 2918 2368 2972; x_wconf 90' lang='grc' dir='ltr'>την,</span> <span class='ocrx_word' id='word_1_427' title='bbox 2407 2903 2515 2967; x_wconf 85' lang='grc' dir='ltr'>ἵνα,</span> <span class='ocrx_word' id='word_1_428' title='bbox 2565 2901 2809 2964; x_wconf 74' lang='grc' dir='ltr'>εἰπόντος</span> <span class='ocrx_word' id='word_1_429' title='bbox 2847 2901 3035 2964; x_wconf 71' lang='grc' dir='ltr'>αὑτοῦ,</span> <span class='ocrx_word' id='word_1_430' title='bbox 3081 2902 3205 2953; x_wconf 87' lang='grc' dir='ltr'>Ἔτι</span> <span class='ocrx_word' id='word_1_431' title='bbox 3239 2899 3396 2968; x_wconf 86' lang='grc' dir='ltr'>τρεῖς</span> <span class='ocrx_word' id='word_1_432' title='bbox 3449 2896 3689 2966; x_wconf 71' lang='grc' dir='ltr'>ἡμέραι,</span> <span class='ocrx_word' id='word_1_433' title='bbox 3725 2895 3822 2947; x_wconf 74' lang='grc' dir='ltr'><strong><em>καί</em></strong></span> 
     </span>
    </p>
   </div>
   <div class='ocr_carea' id='block_1_59' title="bbox 2246 2987 3826 3061">
    <p class='ocr_par' dir='ltr' id='par_1_59' title="bbox 2246 2987 3826 3061">
     <span class='ocr_line' id='line_1_59' title="bbox 2246 2987 3826 3061; baseline -0.006 -13"><span class='ocrx_word' id='word_1_434' title='bbox 2246 2990 2472 3060; x_wconf 77' lang='grc' dir='ltr'>Νινευῆ</span> <span class='ocrx_word' id='word_1_435' title='bbox 2498 2993 3076 3061; x_wconf 66' lang='grc' dir='ltr'>καταστραφήσεται,</span> <span class='ocrx_word' id='word_1_436' title='bbox 3117 2993 3167 3045; x_wconf 78' lang='lat' dir='ltr'><strong><em>oi</em></strong></span> <span class='ocrx_word' id='word_1_437' title='bbox 3200 2988 3712 3060; x_wconf 86' lang='grc' dir='ltr'>καταδεδικασμένοι</span> <span class='ocrx_word' id='word_1_438' title='bbox 3749 2987 3826 3057; x_wconf 77' lang='grc' dir='ltr'>μὴ</span> 
     </span>
    </p>
   </div>
   <div class='ocr_carea' id='block_1_60' title="bbox 2247 3077 3824 3154">
    <p class='ocr_par' dir='ltr' id='par_1_60' title="bbox 2247 3077 3824 3154">
     <span class='ocr_line' id='line_1_60' title="bbox 2247 3077 3824 3154; baseline -0.005 -16"><span class='ocrx_word' id='word_1_439' title='bbox 2247 3083 2735 3149; x_wconf 79' lang='grc' dir='ltr'>καταδικασθῶσιν,</span> <span class='ocrx_word' id='word_1_440' title='bbox 2791 3084 2927 3138; x_wconf 81' lang='grc' dir='ltr'>ἀλλὰ</span> <span class='ocrx_word' id='word_1_441' title='bbox 2977 3083 3410 3154; x_wconf 81' lang='grc' dir='ltr'>μετανοήσαντες</span> <span class='ocrx_word' id='word_1_442' title='bbox 3463 3081 3666 3152; x_wconf 88' lang='grc' dir='ltr'>τύχωσι</span> <span class='ocrx_word' id='word_1_443' title='bbox 3727 3077 3824 3131; x_wconf 74' lang='grc' dir='ltr'>τοῦ</span> 
     </span>
    </p>
   </div>
   <div class='ocr_carea' id='block_1_61' title="bbox 2247 3167 3828 3246">
    <p class='ocr_par' dir='ltr' id='par_1_61' title="bbox 2247 3167 3828 3246">
     <span class='ocr_line' id='line_1_61' title="bbox 2247 3167 3828 3246; baseline -0.005 -15"><span class='ocrx_word' id='word_1_444' title='bbox 2247 3177 2429 3238; x_wconf 82' lang='grc' dir='ltr'>ὲλὲους</span> <span class='ocrx_word' id='word_1_445' title='bbox 2447 3177 2541 3230; x_wconf 81' lang='grc' dir='ltr'>τοῦ</span> <span class='ocrx_word' id='word_1_446' title='bbox 2574 3175 2732 3232; x_wconf 78' lang='grc' dir='ltr'>Θεοῦ.</span> <span class='ocrx_word' id='word_1_447' title='bbox 2766 3177 2827 3229; x_wconf 89' lang='lat' dir='ltr'><strong><em>Ol</em></strong></span> <span class='ocrx_word' id='word_1_448' title='bbox 2861 3177 2920 3229; x_wconf 84' lang='grc' dir='ltr'><strong><em>ὲν</em></strong></span> <span class='ocrx_word' id='word_1_449' title='bbox 2953 3174 3208 3245; x_wconf 83' lang='grc' dir='ltr'>Σοδόμοις</span> <span class='ocrx_word' id='word_1_450' title='bbox 3232 3174 3329 3227; x_wconf 70' lang='grc' dir='ltr'>καὶ</span> <span class='ocrx_word' id='word_1_451' title='bbox 3361 3173 3660 3246; x_wconf 74' lang='grc' dir='ltr'>Γομόρῤοις</span> <span class='ocrx_word' id='word_1_452' title='bbox 3684 3167 3828 3242; x_wconf 75' lang='grc' dir='ltr'>ἦσαν</span> 
     </span>
    </p>
   </div>
   <div class='ocr_carea' id='block_1_62' title="bbox 2247 3263 3830 3338">
    <p class='ocr_par' dir='ltr' id='par_1_62' title="bbox 2247 3263 3830 3338">
     <span class='ocr_line' id='line_1_62' title="bbox 2247 3263 3830 3338; baseline -0.004 -14"><span class='ocrx_word' id='word_1_453' title='bbox 2247 3267 2782 3338; x_wconf 83' lang='grc' dir='ltr'>καταδεδικασμένοι,</span> <span class='ocrx_word' id='word_1_454' title='bbox 2823 3267 2900 3330; x_wconf 85' lang='grc' dir='ltr'><strong><em>ὡς</em></strong></span> <span class='ocrx_word' id='word_1_455' title='bbox 2944 3265 3101 3337; x_wconf 83' lang='grc' dir='ltr'>δῆλον</span> <span class='ocrx_word' id='word_1_456' title='bbox 3128 3267 3192 3318; x_wconf 81' lang='grc' dir='ltr'><strong><em>ἐκ</em></strong></span> <span class='ocrx_word' id='word_1_457' title='bbox 3222 3265 3330 3317; x_wconf 83' lang='grc' dir='ltr'>τῶν</span> <span class='ocrx_word' id='word_1_458' title='bbox 3363 3264 3535 3332; x_wconf 82' lang='grc' dir='ltr'>λόγων</span> <span class='ocrx_word' id='word_1_459' title='bbox 3565 3264 3656 3316; x_wconf 82' lang='grc' dir='ltr'>τοῦ</span> <span class='ocrx_word' id='word_1_460' title='bbox 3690 3263 3830 3317; x_wconf 76' lang='grc' dir='ltr'>Θεοῦ</span> 
     </span>
    </p>
   </div>
   <div class='ocr_carea' id='block_1_63' title="bbox 2246 3352 3831 3431">
    <p class='ocr_par' dir='ltr' id='par_1_63' title="bbox 2246 3352 3831 3431">
     <span class='ocr_line' id='line_1_63' title="bbox 2246 3352 3831 3431; baseline -0.005 -18"><span class='ocrx_word' id='word_1_461' title='bbox 2246 3359 2354 3413; x_wconf 85' lang='grc' dir='ltr'><strong><em>τῶν</em></strong></span> <span class='ocrx_word' id='word_1_462' title='bbox 2382 3358 2518 3431; x_wconf 83' lang='grc' dir='ltr'>πρὸς</span> <span class='ocrx_word' id='word_1_463' title='bbox 2537 3357 2628 3411; x_wconf 84' lang='grc' dir='ltr'><strong><em>τὸν</em></strong></span> <span class='ocrx_word' id='word_1_464' title='bbox 2664 3355 2944 3426; x_wconf 78' lang='grc' dir='ltr'>Ἀϐραάμ·</span> <span class='ocrx_word' id='word_1_465' title='bbox 2978 3354 3092 3408; x_wconf 79' lang='grc' dir='ltr'>ἀλλ’</span> <span class='ocrx_word' id='word_1_466' title='bbox 3122 3355 3271 3424; x_wconf 84' lang='grc' dir='ltr'>ὅμως</span> <span class='ocrx_word' id='word_1_467' title='bbox 3294 3355 3362 3406; x_wconf 84' lang='grc' dir='ltr'><strong><em>τὰ</em></strong></span> <span class='ocrx_word' id='word_1_468' title='bbox 3383 3352 3562 3406; x_wconf 77' lang='grc' dir='ltr'>αὐτῶν</span> <span class='ocrx_word' id='word_1_469' title='bbox 3591 3355 3831 3426; x_wconf 84' lang='grc' dir='ltr'>πεποιή-</span> 
     </span>
    </p>
   </div>
   <div class='ocr_carea' id='block_1_64' title="bbox 2246 3443 3832 3518">
    <p class='ocr_par' dir='ltr' id='par_1_64' title="bbox 2246 3443 3832 3518">
     <span class='ocr_line' id='line_1_64' title="bbox 2246 3443 3832 3518; baseline -0.005 -12"><span class='ocrx_word' id='word_1_470' title='bbox 2246 3469 2403 3507; x_wconf 90' lang='grc' dir='ltr'>κασιν</span> <span class='ocrx_word' id='word_1_471' title='bbox 2430 3451 2480 3504; x_wconf 86' lang='grc' dir='ltr'>οἱ</span> <span class='ocrx_word' id='word_1_472' title='bbox 2502 3448 2742 3518; x_wconf 77' lang='grc' dir='ltr'>ἄγγελοι,</span> <span class='ocrx_word' id='word_1_473' title='bbox 2765 3446 3011 3510; x_wconf 77' lang='grc' dir='ltr'>θέλοντες</span> <span class='ocrx_word' id='word_1_474' title='bbox 3042 3445 3308 3510; x_wconf 80' lang='grc' dir='ltr'>σώζεσθαι</span> <span class='ocrx_word' id='word_1_475' title='bbox 3327 3445 3452 3508; x_wconf 79' lang='grc' dir='ltr'>τοὺς</span> <span class='ocrx_word' id='word_1_476' title='bbox 3475 3443 3549 3516; x_wconf 81' lang='grc' dir='ltr'>μὴ</span> <span class='ocrx_word' id='word_1_477' title='bbox 3577 3443 3832 3509; x_wconf 86' lang='grc' dir='ltr'>θέλοντας</span> 
     </span>
    </p>
   </div>
   <div class='ocr_carea' id='block_1_65' title="bbox 2247 3531 3831 3609">
    <p class='ocr_par' dir='ltr' id='par_1_65' title="bbox 2247 3531 3831 3609">
     <span class='ocr_line' id='line_1_65' title="bbox 2247 3531 3831 3609; baseline -0.006 -11"><span class='ocrx_word' id='word_1_478' title='bbox 2247 3542 2536 3608; x_wconf 77' lang='grc' dir='ltr'>σώζεσθαι,</span> <span class='ocrx_word' id='word_1_479' title='bbox 2563 3541 2810 3608; x_wconf 82' lang='grc' dir='ltr'>λέγοντες</span> <span class='ocrx_word' id='word_1_480' title='bbox 2824 3537 2901 3609; x_wconf 86' lang='grc' dir='ltr'>τῷ</span> <span class='ocrx_word' id='word_1_481' title='bbox 2926 3538 3068 3592; x_wconf 82' lang='grc' dir='ltr'><strong><em>Λώτ·</em></strong></span> <span class='ocrx_word' id='word_1_482' title='bbox 3095 3537 3234 3592; x_wconf 76' lang='grc' dir='ltr'>Εἰσί</span> <span class='ocrx_word' id='word_1_483' title='bbox 3254 3536 3413 3603; x_wconf 74' lang='grc' dir='ltr'>τινές</span> <span class='ocrx_word' id='word_1_484' title='bbox 3428 3553 3525 3591; x_wconf 89' lang='grc' dir='ltr'><strong><em>σοι</em></strong></span> <span class='ocrx_word' id='word_1_485' title='bbox 3551 3531 3668 3590; x_wconf 84' lang='grc' dir='ltr'>ὦδε</span> <span class='ocrx_word' id='word_1_486' title='bbox 3684 3555 3831 3607; x_wconf 83' lang='grc' dir='ltr'>γαμ-</span> 
     </span>
    </p>
   </div>
   <div class='ocr_carea' id='block_1_66' title="bbox 2246 3629 3829 3705">
    <p class='ocr_par' dir='ltr' id='par_1_66' title="bbox 2246 3629 3829 3705">
     <span class='ocr_line' id='line_1_66' title="bbox 2246 3629 3829 3705; baseline -0.003 -17"><span class='ocrx_word' id='word_1_487' title='bbox 2246 3636 2393 3705; x_wconf 70' lang='grc' dir='ltr'>ϐροί,</span> <span class='ocrx_word' id='word_1_488' title='bbox 2425 3634 2463 3703; x_wconf 76' lang='grc' dir='ltr'>ἢ</span> <span class='ocrx_word' id='word_1_489' title='bbox 2497 3633 2638 3696; x_wconf 76' lang='grc' dir='ltr'>υἱοὶ,</span> <span class='ocrx_word' id='word_1_490' title='bbox 2672 3631 2710 3700; x_wconf 82' lang='grc' dir='ltr'><strong><em>ἦ</em></strong></span> <span class='ocrx_word' id='word_1_491' title='bbox 2741 3629 3080 3700; x_wconf 57' lang='grc' dir='ltr'>θυγατέρες</span> <span class='ocrx_word' id='word_1_492' title='bbox 3101 3631 3202 3683; x_wconf 83' lang='grc' dir='ltr'><strong><em>οὐκ</em></strong></span> <span class='ocrx_word' id='word_1_493' title='bbox 3232 3629 3574 3699; x_wconf 78' lang='grc' dir='ltr'>ἀγνοοῦντες,</span> <span class='ocrx_word' id='word_1_494' title='bbox 3625 3630 3706 3682; x_wconf 86' lang='grc' dir='ltr'><strong><em>ὄτι</em></strong></span> <span class='ocrx_word' id='word_1_495' title='bbox 3729 3630 3829 3700; x_wconf 75' lang='grc' dir='ltr'><strong><em>οὐχ</em></strong></span> 
     </span>
    </p>
   </div>
   <div class='ocr_carea' id='block_1_67' title="bbox 565 3721 2144 3805">
    <p class='ocr_par' dir='ltr' id='par_1_67' title="bbox 565 3732 2144 3805">
     <span class='ocr_line' id='line_1_67' title="bbox 565 3732 2144 3805; baseline 0.005 -20"><span class='ocrx_word' id='word_1_496' title='bbox 565 3732 758 3789; x_wconf 79' lang='lat' dir='ltr'><strong><em>rabant</em></strong></span> <span class='ocrx_word' id='word_1_497' title='bbox 790 3750 898 3790; x_wconf 92' lang='lat' dir='ltr'><strong><em>non</em></strong></span> <span class='ocrx_word' id='word_1_498' title='bbox 932 3752 1052 3792; x_wconf 92' lang='lat' dir='ltr'><strong><em>esse</em></strong></span> <span class='ocrx_word' id='word_1_499' title='bbox 1071 3753 1165 3793; x_wconf 86' lang='lat' dir='ltr'><strong><em>eos</em></strong></span> <span class='ocrx_word' id='word_1_500' title='bbox 1202 3746 1486 3794; x_wconf 89' lang='lat' dir='ltr'><strong><em>secuturos</em></strong></span> <span class='ocrx_word' id='word_1_501' title='bbox 1509 3736 1630 3805; x_wconf 83' lang='lat' dir='ltr'><strong><em>Lot,</em></strong></span> <span class='ocrx_word' id='word_1_502' title='bbox 1666 3738 1758 3794; x_wconf 92' lang='lat' dir='ltr'><strong><em>sed</em></strong></span> <span class='ocrx_word' id='word_1_503' title='bbox 1789 3739 2144 3793; x_wconf 88' lang='lat' dir='ltr'><strong><em>ostenderunt</em></strong></span> 
     </span>
    </p>
   </div>
   <div class='ocr_carea' id='block_1_68' title="bbox 2248 3721 3828 3805">
    <p class='ocr_par' dir='ltr' id='par_1_68' title="bbox 2248 3721 3828 3794">
     <span class='ocr_line' id='line_1_68' title="bbox 2248 3721 3828 3794; baseline -0.005 -12"><span class='ocrx_word' id='word_1_504' title='bbox 2248 3728 2470 3781; x_wconf 75' lang='grc' dir='ltr'>ἕπονται</span> <span class='ocrx_word' id='word_1_505' title='bbox 2496 3727 2690 3778; x_wconf 73' lang='grc' dir='ltr'>ἐκεῖνοι</span> <span class='ocrx_word' id='word_1_506' title='bbox 2715 3723 2794 3794; x_wconf 84' lang='grc' dir='ltr'>τῷ</span> <span class='ocrx_word' id='word_1_507' title='bbox 2822 3721 2965 3787; x_wconf 83' lang='grc' dir='ltr'>Λὼτ,</span> <span class='ocrx_word' id='word_1_508' title='bbox 2996 3722 3132 3776; x_wconf 79' lang='grc' dir='ltr'>ἀλλὰ</span> <span class='ocrx_word' id='word_1_509' title='bbox 3162 3723 3441 3787; x_wconf 80' lang='grc' dir='ltr'>ποιοῦντες</span> <span class='ocrx_word' id='word_1_510' title='bbox 3491 3723 3560 3776; x_wconf 77' lang='grc' dir='ltr'>τὰ</span> <span class='ocrx_word' id='word_1_511' title='bbox 3593 3723 3690 3793; x_wconf 77' lang='grc' dir='ltr'><strong><em>τῆς</em></strong></span> <span class='ocrx_word' id='word_1_512' title='bbox 3731 3721 3828 3775; x_wconf 80' lang='grc' dir='ltr'>τοῦ</span> 
     </span>
    </p>
   </div>
   <div class='ocr_carea' id='block_1_69' title="bbox 563 3829 2143 3903">
    <p class='ocr_par' dir='ltr' id='par_1_69' title="bbox 563 3829 2143 3903">
     <span class='ocr_line' id='line_1_69' title="bbox 563 3829 2143 3903; baseline 0.004 -25"><span class='ocrx_word' id='word_1_513' title='bbox 563 3839 718 3879; x_wconf 84' lang='lat' dir='ltr'><strong><em>suam</em></strong></span> <span class='ocrx_word' id='word_1_514' title='bbox 753 3829 974 3897; x_wconf 89' lang='lat' dir='ltr'><strong><em>pariter,</em></strong></span> <span class='ocrx_word' id='word_1_515' title='bbox 1003 3838 1057 3884; x_wconf 91' lang='lat' dir='ltr'><strong><em>et</em></strong></span> <span class='ocrx_word' id='word_1_516' title='bbox 1086 3829 1205 3900; x_wconf 89' lang='lat' dir='ltr'><strong><em>ejus</em></strong></span> <span class='ocrx_word' id='word_1_517' title='bbox 1231 3832 1324 3901; x_wconf 88' lang='lat' dir='ltr'><strong><em>qui</em></strong></span> <span class='ocrx_word' id='word_1_518' title='bbox 1355 3846 1450 3887; x_wconf 91' lang='lat' dir='ltr'><strong><em>eos</em></strong></span> <span class='ocrx_word' id='word_1_519' title='bbox 1479 3831 1723 3897; x_wconf 88' lang='lat' dir='ltr'><strong><em>miserat,</em></strong></span> <span class='ocrx_word' id='word_1_520' title='bbox 1755 3831 2143 3903; x_wconf 83' lang='lat' dir='ltr'><strong><em>benignitatem</em></strong></span> 
     </span>
    </p>
   </div>
   <div class='ocr_carea' id='block_1_70' title="bbox 563 3916 1279 3979">
    <p class='ocr_par' dir='ltr' id='par_1_70' title="bbox 563 3916 1279 3979">
     <span class='ocr_line' id='line_1_70' title="bbox 563 3916 1279 3979; baseline 0.013 -12"><span class='ocrx_word' id='word_1_521' title='bbox 563 3931 616 3969; x_wconf 87' lang='grc' dir='ltr'><strong><em>ιιι</em></strong></span> <span class='ocrx_word' id='word_1_522' title='bbox 648 3916 900 3974; x_wconf 89' lang='lat' dir='ltr'><strong><em>homines</em></strong></span> <span class='ocrx_word' id='word_1_523' title='bbox 926 3930 980 3974; x_wconf 87' lang='lat' dir='ltr'><strong><em>et</em></strong></span> <span class='ocrx_word' id='word_1_524' title='bbox 1012 3936 1279 3979; x_wconf 87' lang='lat' dir='ltr'><strong><em>amorem.</em></strong></span> 
     </span>
    </p>
   </div>
   <div class='ocr_carea' id='block_1_71' title="bbox 633 4005 2144 4078">
    <p class='ocr_par' dir='ltr' id='par_1_71' title="bbox 633 4005 2144 4078">
     <span class='ocr_line' id='line_1_71' title="bbox 633 4005 2144 4078; baseline 0.005 -20"><span class='ocrx_word' id='word_1_525' title='bbox 633 4005 688 4059; x_wconf 78' lang='grc'>2.</span> <span class='ocrx_word' id='word_1_526' title='bbox 732 4005 936 4062; x_wconf 83' lang='lat' dir='ltr'><strong><em>I-lorum</em></strong></span> <span class='ocrx_word' id='word_1_527' title='bbox 969 4010 1228 4078; x_wconf 87' lang='lat' dir='ltr'><strong><em>quiddam</em></strong></span> <span class='ocrx_word' id='word_1_528' title='bbox 1262 4013 1442 4068; x_wconf 85' lang='lat' dir='ltr'><strong><em>simile</em></strong></span> <span class='ocrx_word' id='word_1_529' title='bbox 1477 4011 1788 4068; x_wconf 79' lang='lat' dir='ltr'><strong><em>invenimus</em></strong></span> <span class='ocrx_word' id='word_1_530' title='bbox 1817 4023 1871 4067; x_wconf 89' lang='lat' dir='ltr'><strong><em>et</em></strong></span> <span class='ocrx_word' id='word_1_531' title='bbox 1903 4012 1960 4070; x_wconf 86' lang='lat' dir='ltr'><strong><em>in</em></strong></span> <span class='ocrx_word' id='word_1_532' title='bbox 1993 4009 2144 4067; x_wconf 75' lang='lat' dir='ltr'><strong><em>lere-</em></strong></span> 
     </span>
    </p>
   </div>
   <div class='ocr_carea' id='block_1_72' title="bbox 564 4094 2140 4173">
    <p class='ocr_par' dir='ltr' id='par_1_72' title="bbox 564 4094 2140 4173">
     <span class='ocr_line' id='line_1_72' title="bbox 564 4094 2140 4173; baseline 0.006 -26"><span class='ocrx_word' id='word_1_533' title='bbox 564 4094 673 4149; x_wconf 88' lang='lat' dir='ltr'><strong><em>mia</em></strong></span> <span class='ocrx_word' id='word_1_534' title='bbox 707 4096 967 4166; x_wconf 85' lang='lat' dir='ltr'><strong><em>scriptum</em></strong></span> <span class='ocrx_word' id='word_1_535' title='bbox 1007 4113 1132 4154; x_wconf 87' lang='lat' dir='ltr'><strong><em>esse</em></strong></span> <span class='ocrx_word' id='word_1_536' title='bbox 1173 4118 1188 4156; x_wconf 87' lang='lat'><strong>:</strong></span> <span class='ocrx_word' id='word_1_537' title='bbox 1232 4111 1316 4157; x_wconf 85' lang='lat' dir='ltr'><strong><em>est</em></strong></span> <span class='ocrx_word' id='word_1_538' title='bbox 1365 4103 1511 4157; x_wconf 90' lang='lat' dir='ltr'><strong><em>enim</em></strong></span> <span class='ocrx_word' id='word_1_539' title='bbox 1565 4102 1885 4156; x_wconf 88' lang='lat' dir='ltr'><strong><em>adnotatum</em></strong></span> <span class='ocrx_word' id='word_1_540' title='bbox 1927 4110 2140 4173; x_wconf 90' lang='lat' dir='ltr'><strong><em>tempus</em></strong></span> 
     </span>
    </p>
   </div>
   <div class='ocr_carea' id='block_1_73' title="bbox 562 4186 2142 4269">
    <p class='ocr_par' dir='ltr' id='par_1_73' title="bbox 562 4186 2142 4269">
     <span class='ocr_line' id='line_1_73' title="bbox 562 4186 2142 4269; baseline 0.006 -30"><span class='ocrx_word' id='word_1_541' title='bbox 562 4186 862 4256; x_wconf 64' lang='lat' dir='ltr'><strong><em>prophetiae</em></strong></span> <span class='ocrx_word' id='word_1_542' title='bbox 887 4190 1029 4259; x_wconf 85' lang='lat' dir='ltr'><strong><em>ejus,</em></strong></span> <span class='ocrx_word' id='word_1_543' title='bbox 1053 4191 1273 4261; x_wconf 83' lang='lat' dir='ltr'><strong><em>quando</em></strong></span> <span class='ocrx_word' id='word_1_544' title='bbox 1311 4194 1475 4262; x_wconf 86' lang='lat' dir='ltr'><strong><em>coepit</em></strong></span> <span class='ocrx_word' id='word_1_545' title='bbox 1497 4193 1838 4269; x_wconf 86' lang='lat' dir='ltr'><strong><em>prophetare,</em></strong></span> <span class='ocrx_word' id='word_1_546' title='bbox 1862 4202 1917 4248; x_wconf 89' lang='lat' dir='ltr'><strong><em>et</em></strong></span> <span class='ocrx_word' id='word_1_547' title='bbox 1933 4209 2142 4264; x_wconf 84' lang='lat' dir='ltr'><strong><em>quous-</em></strong></span> 
     </span>
    </p>
   </div>
   <div class='ocr_carea' id='block_1_74' title="bbox 561 4276 2142 4354">
    <p class='ocr_par' dir='ltr' id='par_1_74' title="bbox 561 4276 2142 4354">
     <span class='ocr_line' id='line_1_74' title="bbox 561 4276 2142 4354; baseline 0.004 -22"><span class='ocrx_word' id='word_1_548' title='bbox 561 4293 689 4347; x_wconf 89' lang='lat' dir='ltr'><strong><em>que.</em></strong></span> <span class='ocrx_word' id='word_1_549' title='bbox 718 4276 861 4351; x_wconf 75' lang='lat' dir='ltr'><strong><em>Ergo</em></strong></span> <span class='ocrx_word' id='word_1_550' title='bbox 892 4281 985 4351; x_wconf 86' lang='lat' dir='ltr'><strong><em>qui</em></strong></span> <span class='ocrx_word' id='word_1_551' title='bbox 1013 4279 1322 4353; x_wconf 87' lang='lat' dir='ltr'><strong><em>Scripturas</em></strong></span> <span class='ocrx_word' id='word_1_552' title='bbox 1352 4284 1502 4351; x_wconf 71' lang='lat' dir='ltr'><strong><em>legit,</em></strong></span> <span class='ocrx_word' id='word_1_553' title='bbox 1534 4284 1581 4340; x_wconf 89' lang='lat' dir='ltr'><strong><em>si</em></strong></span> <span class='ocrx_word' id='word_1_554' title='bbox 1605 4284 1826 4339; x_wconf 89' lang='lat' dir='ltr'><strong><em>lectioni</em></strong></span> <span class='ocrx_word' id='word_1_555' title='bbox 1854 4284 2142 4354; x_wconf 85' lang='lat' dir='ltr'><strong><em>diligenter</em></strong></span> 
     </span>
    </p>
   </div>
   <div class='ocr_carea' id='block_1_75' title="bbox 563 4365 2142 4444">
    <p class='ocr_par' dir='ltr' id='par_1_75' title="bbox 563 4365 2142 4444">
     <span class='ocr_line' id='line_1_75' title="bbox 563 4365 2142 4444; baseline 0.008 -27"><span class='ocrx_word' id='word_1_556' title='bbox 563 4365 827 4434; x_wconf 77' lang='lat' dir='ltr'><strong><em>intendat,</em></strong></span> <span class='ocrx_word' id='word_1_557' title='bbox 864 4379 918 4424; x_wconf 86' lang='lat' dir='ltr'><strong><em>et.</em></strong></span> <span class='ocrx_word' id='word_1_558' title='bbox 960 4373 1204 4442; x_wconf 88' lang='lat' dir='ltr'><strong><em>requirat</em></strong></span> <span class='ocrx_word' id='word_1_559' title='bbox 1244 4390 1432 4430; x_wconf 89' lang='lat' dir='ltr'><strong><em>eorum</em></strong></span> <span class='ocrx_word' id='word_1_560' title='bbox 1465 4388 1588 4444; x_wconf 74' lang='lat' dir='ltr'><strong><em>quae</em></strong></span> <span class='ocrx_word' id='word_1_561' title='bbox 1633 4373 1833 4443; x_wconf 86' lang='lat' dir='ltr'><strong><em>scripta</em></strong></span> <span class='ocrx_word' id='word_1_562' title='bbox 1879 4383 2008 4431; x_wconf 81' lang='lat' dir='ltr'><strong><em>sunt</em></strong></span> <span class='ocrx_word' id='word_1_563' title='bbox 2043 4389 2142 4429; x_wconf 77' lang='lat' dir='ltr'><strong><em>vo-</em></strong></span> 
     </span>
    </p>
   </div>
   <div class='ocr_carea' id='block_1_76' title="bbox 564 4457 2141 4538">
    <p class='ocr_par' dir='ltr' id='par_1_76' title="bbox 564 4457 2141 4538">
     <span class='ocr_line' id='line_1_76' title="bbox 564 4457 2141 4538; baseline 0.009 -30"><span class='ocrx_word' id='word_1_564' title='bbox 564 4457 848 4524; x_wconf 86' lang='lat' dir='ltr'><strong><em>luntatem,</em></strong></span> <span class='ocrx_word' id='word_1_565' title='bbox 879 4461 1059 4516; x_wconf 88' lang='lat' dir='ltr'><strong><em>dicere</em></strong></span> <span class='ocrx_word' id='word_1_566' title='bbox 1107 4473 1284 4533; x_wconf 87' lang='lat' dir='ltr'><strong><em>potest</em></strong></span> <span class='ocrx_word' id='word_1_567' title='bbox 1318 4466 1396 4537; x_wconf 92' lang='lat' dir='ltr'><strong><em>(l)</em></strong></span> <span class='ocrx_word' id='word_1_568' title='bbox 1437 4481 1501 4520; x_wconf 86' lang='lat' dir='ltr'><strong><em>ex</em></strong></span> <span class='ocrx_word' id='word_1_569' title='bbox 1548 4465 1793 4521; x_wconf 68' lang='lat' dir='ltr'><strong><em>historiae</em></strong></span> <span class='ocrx_word' id='word_1_570' title='bbox 1835 4467 2141 4538; x_wconf 84' lang='lat' dir='ltr'><strong><em>superscri—</em></strong></span> 
     </span>
    </p>
   </div>
   <div class='ocr_carea' id='block_1_77' title="bbox 563 4546 2145 4629">
    <p class='ocr_par' dir='ltr' id='par_1_77' title="bbox 563 4546 2145 4629">
     <span class='ocr_line' id='line_1_77' title="bbox 563 4546 2145 4629; baseline 0.008 -29"><span class='ocrx_word' id='word_1_571' title='bbox 563 4546 770 4615; x_wconf 88' lang='lat' dir='ltr'><strong><em>ptione,</em></strong></span> <span class='ocrx_word' id='word_1_572' title='bbox 800 4566 908 4620; x_wconf 89' lang='lat' dir='ltr'><strong><em>quo</em></strong></span> <span class='ocrx_word' id='word_1_573' title='bbox 926 4561 1167 4623; x_wconf 85' lang='lat' dir='ltr'><strong><em>tempore</em></strong></span> <span class='ocrx_word' id='word_1_574' title='bbox 1186 4553 1450 4612; x_wconf 78' lang='lat' dir='ltr'><strong><em>Jeremias</em></strong></span> <span class='ocrx_word' id='word_1_575' title='bbox 1467 4573 1695 4614; x_wconf 81' lang='lat' dir='ltr'><strong><em>exorsus</em></strong></span> <span class='ocrx_word' id='word_1_576' title='bbox 1707 4558 1797 4623; x_wconf 89' lang='lat' dir='ltr'><strong><em>sit,</em></strong></span> <span class='ocrx_word' id='word_1_577' title='bbox 1817 4566 1870 4613; x_wconf 91' lang='lat' dir='ltr'><strong><em>et</em></strong></span> <span class='ocrx_word' id='word_1_578' title='bbox 1885 4574 1995 4629; x_wconf 92' lang='lat' dir='ltr'><strong><em>quo</em></strong></span> <span class='ocrx_word' id='word_1_579' title='bbox 2014 4574 2145 4614; x_wconf 89' lang='lat' dir='ltr'><strong><em>con-</em></strong></span> 
     </span>
    </p>
   </div>
   <div class='ocr_carea' id='block_1_78' title="bbox 564 4643 2147 4720">
    <p class='ocr_par' dir='ltr' id='par_1_78' title="bbox 564 4643 2147 4720">
     <span class='ocr_line' id='line_1_78' title="bbox 564 4643 2147 4720; baseline 0.01 -27"><span class='ocrx_word' id='word_1_580' title='bbox 564 4643 919 4696; x_wconf 79' lang='lat' dir='ltr'><strong><em>summaverit</em></strong></span> <span class='ocrx_word' id='word_1_581' title='bbox 942 4646 1300 4714; x_wconf 87' lang='lat' dir='ltr'><strong><em>prophetiam.</em></strong></span> <span class='ocrx_word' id='word_1_582' title='bbox 1333 4646 1473 4713; x_wconf 85' lang='lat' dir='ltr'><strong><em>Quid</em></strong></span> <span class='ocrx_word' id='word_1_583' title='bbox 1521 4648 1686 4718; x_wconf 76' lang='lat' dir='ltr'><strong><em>igitur</em></strong></span> <span class='ocrx_word' id='word_1_584' title='bbox 1715 4649 1781 4706; x_wconf 83' lang='lat' dir='ltr'><strong><em>ad</em></strong></span> <span class='ocrx_word' id='word_1_585' title='bbox 1809 4666 1896 4706; x_wconf 87' lang='lat' dir='ltr'><strong><em>me</em></strong></span> <span class='ocrx_word' id='word_1_586' title='bbox 1931 4660 2147 4720; x_wconf 82' lang='lat' dir='ltr'><strong><em>tempus</em></strong></span> 
     </span>
    </p>
   </div>
   <div class='ocr_carea' id='block_1_79' title="bbox 565 4729 2150 4812">
    <p class='ocr_par' dir='ltr' id='par_1_79' title="bbox 565 4729 2150 4812">
     <span class='ocr_line' id='line_1_79' title="bbox 565 4729 2150 4812; baseline 0.009 -30"><span class='ocrx_word' id='word_1_587' title='bbox 565 4729 838 4787; x_wconf 65' lang='lat' dir='ltr'><strong><em>historiae?</em></strong></span> <span class='ocrx_word' id='word_1_588' title='bbox 867 4733 1074 4805; x_wconf 76' lang='lat' dir='ltr'><strong><em>Legens</em></strong></span> <span class='ocrx_word' id='word_1_589' title='bbox 1098 4738 1258 4809; x_wconf 76' lang='lat'><strong><em>126</em></strong></span> <span class='ocrx_word' id='word_1_590' title='bbox 1285 4739 1470 4806; x_wconf 88' lang='lat' dir='ltr'><strong><em>didici,</em></strong></span> <span class='ocrx_word' id='word_1_591' title='bbox 1494 4740 1622 4805; x_wconf 86' lang='lat' dir='ltr'><strong><em>quia</em></strong></span> <span class='ocrx_word' id='word_1_592' title='bbox 1654 4742 1880 4811; x_wconf 69' lang='lat' dir='ltr'><strong><em>coeperit</em></strong></span> <span class='ocrx_word' id='word_1_593' title='bbox 1917 4742 2150 4812; x_wconf 82' lang='lat' dir='ltr'><strong><em>prophe-</em></strong></span> 
     </span>
    </p>
   </div>
   <div class='ocr_carea' id='block_1_80' title="bbox 636 4840 2029 4917">
    <p class='ocr_par' dir='ltr' id='par_1_80' title="bbox 636 4840 2029 4917">
     <span class='ocr_line' id='line_1_80' title="bbox 636 4840 2029 4917; baseline 0.006 -20"><span class='ocrx_word' id='word_1_594' title='bbox 636 4841 654 4874; x_wconf 80' lang='grc'>⁸</span> <span class='ocrx_word' id='word_1_595' title='bbox 691 4840 893 4901; x_wconf 77' lang='lat' dir='ltr'><strong><em>Jerem.</em></strong></span> <span class='ocrx_word' id='word_1_596' title='bbox 929 4862 971 4915; x_wconf 81' lang='grc' dir='ltr'><strong><em>ι,</em></strong></span> <span class='ocrx_word' id='word_1_597' title='bbox 1006 4848 1058 4901; x_wconf 78' lang='grc'>1.</span> <span class='ocrx_word' id='word_1_598' title='bbox 1134 4848 1296 4905; x_wconf 78' lang='lat' dir='ltr'><strong><em>&#39;Jon.</em></strong></span> <span class='ocrx_word' id='word_1_599' title='bbox 1329 4867 1412 4917; x_wconf 87' lang='grc' dir='ltr'>ιιι,</span> <span class='ocrx_word' id='word_1_600' title='bbox 1442 4851 1494 4904; x_wconf 72' lang='grc'>4.</span> <span class='ocrx_word' id='word_1_601' title='bbox 1572 4851 1592 4882; x_wconf 90' lang='grc'><strong><em>³</em></strong></span> <span class='ocrx_word' id='word_1_602' title='bbox 1627 4852 1764 4909; x_wconf 89' lang='lat' dir='ltr'><strong><em>Gen.</em></strong></span> <span class='ocrx_word' id='word_1_603' title='bbox 1796 4869 1911 4915; x_wconf 73' lang='lat' dir='ltr'><strong><em>xu,</em></strong></span> <span class='ocrx_word' id='word_1_604' title='bbox 1946 4853 2029 4906; x_wconf 69' lang='lat' dir='ltr'><strong><em>l9.</em></strong></span> 
     </span>
    </p>
   </div>
   <div class='ocr_carea' id='block_1_81' title="bbox 633 4957 2133 5035">
    <p class='ocr_par' dir='ltr' id='par_1_81' title="bbox 633 4957 2133 5035">
     <span class='ocr_line' id='line_1_81' title="bbox 633 4957 2133 5035; baseline 0.007 -25"><span class='ocrx_word' id='word_1_605' title='bbox 633 4957 712 5028; x_wconf 86' lang='lat' dir='ltr'><strong><em>(l)</em></strong></span> <span class='ocrx_word' id='word_1_606' title='bbox 755 4957 941 5035; x_wconf 82' lang='lat' dir='ltr'><strong><em>Dicere</em></strong></span> <span class='ocrx_word' id='word_1_607' title='bbox 979 4973 1144 5032; x_wconf 85' lang='lat' dir='ltr'><strong><em>potest</em></strong></span> <span class='ocrx_word' id='word_1_608' title='bbox 1170 4980 1235 5035; x_wconf 64' lang='lat' dir='ltr'><strong><em>ea:</em></strong></span> <span class='ocrx_word' id='word_1_609' title='bbox 1267 4965 1504 5020; x_wconf 74' lang='lat' dir='ltr'><strong><em>historia:</em></strong></span> <span class='ocrx_word' id='word_1_610' title='bbox 1540 4965 1996 5035; x_wconf 83' lang='lat' dir='ltr'><strong><em>superscriptione,</em></strong></span> <span class='ocrx_word' id='word_1_611' title='bbox 2030 4975 2133 5020; x_wconf 89' lang='lat' dir='ltr'><strong><em>etc.</em></strong></span> 
     </span>
    </p>
   </div>
   <div class='ocr_carea' id='block_1_82' title="bbox 562 5027 2140 5106">
    <p class='ocr_par' dir='ltr' id='par_1_82' title="bbox 562 5027 2140 5106">
     <span class='ocr_line' id='line_1_82' title="bbox 562 5027 2140 5106; baseline 0.004 -24"><span class='ocrx_word' id='word_1_612' title='bbox 562 5027 638 5106; x_wconf 77' lang='lat' dir='ltr'><strong><em>_lta</em></strong></span> <span class='ocrx_word' id='word_1_613' title='bbox 669 5032 850 5106; x_wconf 64' lang='lat' dir='ltr'><strong><em>nostri</em></strong></span> <span class='ocrx_word' id='word_1_614' title='bbox 887 5027 1018 5088; x_wconf 78' lang='lat' dir='ltr'><strong><em>mss.</em></strong></span> <span class='ocrx_word' id='word_1_615' title='bbox 1039 5076 1054 5101; x_wconf 84' lang='lat'><strong><em>,</em></strong></span> <span class='ocrx_word' id='word_1_616' title='bbox 1101 5044 1162 5106; x_wconf 79' lang='lat' dir='ltr'><strong><em>at</em></strong></span> <span class='ocrx_word' id='word_1_617' title='bbox 1189 5033 1339 5106; x_wconf 72' lang='lat' dir='ltr'><strong><em>Regii</em></strong></span> <span class='ocrx_word' id='word_1_618' title='bbox 1369 5053 1498 5090; x_wconf 91' lang='lat' dir='ltr'><strong><em>mss.</em></strong></span> <span class='ocrx_word' id='word_1_619' title='bbox 1533 5027 1747 5090; x_wconf 78' lang='lat' dir='ltr'><strong><em>codices</em></strong></span> <span class='ocrx_word' id='word_1_620' title='bbox 1773 5027 1912 5106; x_wconf 57' lang='lat' dir='ltr'><strong><em>q&#39;uos</em></strong></span> <span class='ocrx_word' id='word_1_621' title='bbox 1939 5027 2140 5091; x_wconf 83' lang='lat' dir='ltr'><strong><em>consu-</em></strong></span> 
     </span>
    </p>
   </div>
   <div class='ocr_carea' id='block_1_83' title="bbox 560 5098 2138 5175">
    <p class='ocr_par' dir='ltr' id='par_1_83' title="bbox 560 5098 2138 5175">
     <span class='ocr_line' id='line_1_83' title="bbox 560 5098 2138 5175; baseline 0.004 -22"><span class='ocrx_word' id='word_1_622' title='bbox 560 5099 663 5175; x_wconf 58' lang='lat' dir='ltr'><strong><em>luit</em></strong></span> <span class='ocrx_word' id='word_1_623' title='bbox 700 5098 948 5175; x_wconf 84' lang='lat' dir='ltr'><strong><em>Huetius,</em></strong></span> <span class='ocrx_word' id='word_1_624' title='bbox 983 5098 1047 5157; x_wconf 78' lang='lat' dir='ltr'><strong><em>et</em></strong></span> <span class='ocrx_word' id='word_1_625' title='bbox 1065 5104 1233 5158; x_wconf 81' lang='lat' dir='ltr'><strong><em>codex</em></strong></span> <span class='ocrx_word' id='word_1_626' title='bbox 1272 5098 1330 5159; x_wconf 66' lang='grc' dir='ltr'>Β.</span> <span class='ocrx_word' id='word_1_627' title='bbox 1359 5106 1634 5160; x_wconf 78' lang='lat' dir='ltr'><strong><em>Get&#39;emari</em></strong></span> <span class='ocrx_word' id='word_1_628' title='bbox 1672 5123 1685 5159; x_wconf 93' lang='lat'>:</span> <span class='ocrx_word' id='word_1_629' title='bbox 1726 5098 1897 5161; x_wconf 74' lang='lat' dir='ltr'><strong><em>dicere</em></strong></span> <span class='ocrx_word' id='word_1_630' title='bbox 1927 5114 2138 5175; x_wconf 84' lang='lat' dir='ltr'><strong><em>potest:</em></strong></span> 
     </span>
    </p>
   </div>
   <div class='ocr_carea' id='block_1_84' title="bbox 567 5169 1703 5246">
    <p class='ocr_par' dir='ltr' id='par_1_84' title="bbox 567 5169 1703 5246">
     <span class='ocr_line' id='line_1_84' title="bbox 567 5169 1703 5246; baseline 0.004 -22"><span class='ocrx_word' id='word_1_631' title='bbox 567 5169 810 5246; x_wconf 53' lang='lat' dir='ltr'><strong><em>Historia</em></strong></span> <span class='ocrx_word' id='word_1_632' title='bbox 835 5178 1192 5246; x_wconf 65' lang='lat' dir='ltr'><strong><em>superscripta</em></strong></span> <span class='ocrx_word' id='word_1_633' title='bbox 1224 5185 1299 5228; x_wconf 87' lang='lat' dir='ltr'><strong><em>est</em></strong></span> <span class='ocrx_word' id='word_1_634' title='bbox 1329 5193 1429 5246; x_wconf 89' lang='lat' dir='ltr'><strong><em>quo</em></strong></span> <span class='ocrx_word' id='word_1_635' title='bbox 1454 5184 1703 5244; x_wconf 83' lang='lat' dir='ltr'><strong><em>tempore.</em></strong></span> 
     </span>
    </p>
   </div>
   <div class='ocr_carea' id='block_1_85' title="bbox 633 5240 2144 5316">
    <p class='ocr_par' dir='ltr' id='par_1_85' title="bbox 633 5240 2144 5316">
     <span class='ocr_line' id='line_1_85' title="bbox 633 5240 2144 5316; baseline 0.003 -21"><span class='ocrx_word' id='word_1_636' title='bbox 633 5240 718 5316; x_wconf 77' lang='lat'><strong><em>(2)_</em></strong></span> <span class='ocrx_word' id='word_1_637' title='bbox 748 5240 1109 5316; x_wconf 55' lang='grc' dir='ltr'>Μελλητήςζ</span> <span class='ocrx_word' id='word_1_638' title='bbox 1133 5240 1491 5316; x_wconf 62' lang='lat' dir='ltr'><strong><em>Hieronymus</em></strong></span> <span class='ocrx_word' id='word_1_639' title='bbox 1531 5240 1584 5298; x_wconf 83' lang='lat' dir='ltr'><strong><em>in</em></strong></span> <span class='ocrx_word' id='word_1_640' title='bbox 1635 5255 1792 5300; x_wconf 88' lang='lat' dir='ltr'><strong><em>antea</em></strong></span> <span class='ocrx_word' id='word_1_641' title='bbox 1824 5245 1987 5301; x_wconf 87' lang='lat' dir='ltr'><strong><em>editis</em></strong></span> <span class='ocrx_word' id='word_1_642' title='bbox 2027 5244 2144 5300; x_wconf 76' lang='lat' dir='ltr'><strong><em>dis-</em></strong></span> 
     </span>
    </p>
   </div>
   <div class='ocr_carea' id='block_1_86' title="bbox 559 5312 1800 5376">
    <p class='ocr_par' dir='ltr' id='par_1_86' title="bbox 559 5312 1800 5376">
     <span class='ocr_line' id='line_1_86' title="bbox 559 5312 1800 5376; baseline 0.002 -10"><span class='ocrx_word' id='word_1_643' title='bbox 559 5312 799 5376; x_wconf 83' lang='lat' dir='ltr'><strong><em>simulat,</em></strong></span> <span class='ocrx_word' id='word_1_644' title='bbox 842 5318 932 5367; x_wconf 62' lang='lat' dir='ltr'><strong><em>sed</em></strong></span> <span class='ocrx_word' id='word_1_645' title='bbox 962 5314 1014 5368; x_wconf 88' lang='lat' dir='ltr'><strong><em>in</em></strong></span> <span class='ocrx_word' id='word_1_646' title='bbox 1053 5330 1187 5368; x_wconf 84' lang='lat' dir='ltr'><strong><em>mss.</em></strong></span> <span class='ocrx_word' id='word_1_647' title='bbox 1230 5312 1390 5369; x_wconf 74' lang='lat' dir='ltr'><strong><em>habet</em></strong></span> <span class='ocrx_word' id='word_1_648' title='bbox 1413 5317 1800 5369; x_wconf 80' lang='lat' dir='ltr'><strong><em>dissimulator.</em></strong></span> 
     </span>
    </p>
   </div>
   <div class='ocr_carea' id='block_1_87' title="bbox 631 5382 2145 5454">
    <p class='ocr_par' dir='ltr' id='par_1_87' title="bbox 631 5382 2145 5454">
     <span class='ocr_line' id='line_1_87' title="bbox 631 5382 2145 5454; baseline -0.001 -17"><span class='ocrx_word' id='word_1_649' title='bbox 631 5382 709 5454; x_wconf 68' lang='grc'><strong><em>(5)</em></strong></span> <span class='ocrx_word' id='word_1_650' title='bbox 750 5382 1039 5454; x_wconf 70' lang='grc' dir='ltr'>Πρρλέγει</span> <span class='ocrx_word' id='word_1_651' title='bbox 1093 5383 1253 5448; x_wconf 82' lang='grc' dir='ltr'>αὐτῷ</span> <span class='ocrx_word' id='word_1_652' title='bbox 1296 5385 1361 5454; x_wconf 77' lang='grc' dir='ltr'>τὸ</span> <span class='ocrx_word' id='word_1_653' title='bbox 1437 5387 1848 5454; x_wconf 78' lang='grc' dir='ltr'>προκείμενον.</span> <span class='ocrx_word' id='word_1_654' title='bbox 1921 5383 2145 5451; x_wconf 81' lang='lat' dir='ltr'><strong><em>Legisse</em></strong></span> 
     </span>
    </p>
   </div>
   <div class='ocr_carea' id='block_1_88' title="bbox 557 5452 2145 5528">
    <p class='ocr_par' dir='ltr' id='par_1_88' title="bbox 557 5452 2145 5528">
     <span class='ocr_line' id='line_1_88' title="bbox 557 5452 2145 5528; baseline 0.001 -23"><span class='ocrx_word' id='word_1_655' title='bbox 557 5453 773 5528; x_wconf 78' lang='lat' dir='ltr'><strong><em>videtur</em></strong></span> <span class='ocrx_word' id='word_1_656' title='bbox 813 5452 1176 5528; x_wconf 69' lang='lat' dir='ltr'><strong><em>Hieronymus</em></strong></span> <span class='ocrx_word' id='word_1_657' title='bbox 1220 5456 1271 5507; x_wconf 89' lang='lat' dir='ltr'><strong><em>in</em></strong></span> <span class='ocrx_word' id='word_1_658' title='bbox 1300 5453 1489 5528; x_wconf 72' lang='lat' dir='ltr'><strong><em>Grmeo</em></strong></span> <span class='ocrx_word' id='word_1_659' title='bbox 1515 5452 1768 5528; x_wconf 67' lang='grc' dir='ltr'>προλέγει</span> <span class='ocrx_word' id='word_1_660' title='bbox 1798 5455 1888 5508; x_wconf 69' lang='grc' dir='ltr'><strong><em>ἀεὶ</em></strong></span> <span class='ocrx_word' id='word_1_661' title='bbox 1919 5455 1978 5507; x_wconf 79' lang='grc' dir='ltr'><strong><em>τὸ</em></strong></span> <span class='ocrx_word' id='word_1_662' title='bbox 2017 5471 2145 5528; x_wconf 85' lang='grc' dir='ltr'>προ-</span> 
     </span>
    </p>
   </div>
   <div class='ocr_carea' id='block_1_89' title="bbox 559 5523 2143 5596">
    <p class='ocr_par' dir='ltr' id='par_1_89' title="bbox 559 5523 2143 5596">
     <span class='ocr_line' id='line_1_89' title="bbox 559 5523 2143 5596; baseline 0.001 -20"><span class='ocrx_word' id='word_1_663' title='bbox 559 5523 830 5596; x_wconf 80' lang='grc' dir='ltr'>κείμενον,</span> <span class='ocrx_word' id='word_1_664' title='bbox 879 5534 934 5579; x_wconf 89' lang='lat' dir='ltr'><strong><em>et</em></strong></span> <span class='ocrx_word' id='word_1_665' title='bbox 959 5523 1101 5596; x_wconf 8' lang='lat' dir='ltr'><strong><em>forte?</em></strong></span> <span class='ocrx_word' id='word_1_666' title='bbox 1125 5535 1309 5594; x_wconf 87' lang='lat' dir='ltr'><strong><em>postea</em></strong></span> <span class='ocrx_word' id='word_1_667' title='bbox 1347 5523 1413 5578; x_wconf 86' lang='lat' dir='ltr'><strong><em>de</em></strong></span> <span class='ocrx_word' id='word_1_668' title='bbox 1437 5540 1539 5579; x_wconf 90' lang='lat' dir='ltr'><strong><em>suo</em></strong></span> <span class='ocrx_word' id='word_1_669' title='bbox 1559 5523 1776 5581; x_wconf 74' lang='lat' dir='ltr'><strong><em>addidit</em></strong></span> <span class='ocrx_word' id='word_1_670' title='bbox 1808 5544 1820 5579; x_wconf 90' lang='lat'><strong>:</strong></span> <span class='ocrx_word' id='word_1_671' title='bbox 1847 5541 1940 5596; x_wconf 85' lang='lat' dir='ltr'><strong><em>per</em></strong></span> <span class='ocrx_word' id='word_1_672' title='bbox 1983 5523 2143 5594; x_wconf 71' lang='lat' dir='ltr'><strong><em>paeni-</em></strong></span> 
     </span>
    </p>
   </div>
   <div class='ocr_carea' id='block_1_90' title="bbox 561 5593 1289 5663">
    <p class='ocr_par' dir='ltr' id='par_1_90' title="bbox 561 5593 1289 5663">
     <span class='ocr_line' id='line_1_90' title="bbox 561 5593 1289 5663; baseline 0.003 -19"><span class='ocrx_word' id='word_1_673' title='bbox 561 5593 799 5663; x_wconf 84' lang='lat' dir='ltr'><strong><em>tentiam,</em></strong></span> <span class='ocrx_word' id='word_1_674' title='bbox 824 5603 876 5649; x_wconf 92' lang='lat' dir='ltr'><strong><em>et</em></strong></span> <span class='ocrx_word' id='word_1_675' title='bbox 899 5611 989 5663; x_wconf 85' lang='lat' dir='ltr'><strong><em>per</em></strong></span> <span class='ocrx_word' id='word_1_676' title='bbox 1017 5595 1289 5650; x_wconf 86' lang='lat' dir='ltr'><strong><em>delictum.</em></strong></span> 
     </span>
    </p>
   </div>
   <div class='ocr_carea' id='block_1_91' title="bbox 631 5662 2128 5734">
    <p class='ocr_par' dir='ltr' id='par_1_91' title="bbox 631 5662 2128 5734">
     <span class='ocr_line' id='line_1_91' title="bbox 631 5662 2128 5734; baseline -0.006 -10"><span class='ocrx_word' id='word_1_677' title='bbox 631 5662 707 5729; x_wconf 67' lang='lat' dir='ltr'><strong><em>i4)</em></strong></span> <span class='ocrx_word' id='word_1_678' title='bbox 739 5662 1163 5734; x_wconf 17' lang='lat' dir='ltr'><strong><em>ATpeicimtépat.</em></strong></span> <span class='ocrx_word' id='word_1_679' title='bbox 1223 5663 1398 5720; x_wconf 85' lang='lat' dir='ltr'><strong><em>Editio</em></strong></span> <span class='ocrx_word' id='word_1_680' title='bbox 1436 5663 1640 5719; x_wconf 76' lang='lat' dir='ltr'><strong><em>Merlini</em></strong></span> <span class='ocrx_word' id='word_1_681' title='bbox 1682 5665 1841 5720; x_wconf 84' lang='lat' dir='ltr'><strong><em>habet</em></strong></span> <span class='ocrx_word' id='word_1_682' title='bbox 1875 5665 1927 5718; x_wconf 86' lang='lat' dir='ltr'><strong><em>in</em></strong></span> <span class='ocrx_word' id='word_1_683' title='bbox 1971 5665 2128 5717; x_wconf 87' lang='lat' dir='ltr'><strong><em>inter-</em></strong></span> 
     </span>
    </p>
   </div>
   <div class='ocr_carea' id='block_1_92' title="bbox 2245 3815 3754 3892">
    <p class='ocr_par' dir='ltr' id='par_1_92' title="bbox 2245 3815 3754 3892">
     <span class='ocr_line' id='line_1_92' title="bbox 2245 3815 3754 3892; baseline -0.003 -19"><span class='ocrx_word' id='word_1_684' title='bbox 2245 3819 2557 3892; x_wconf 77' lang='grc' dir='ltr'>πέμψαντος</span> <span class='ocrx_word' id='word_1_685' title='bbox 2587 3817 2783 3880; x_wconf 79' lang='grc' dir='ltr'>αὐτοὺς</span> <span class='ocrx_word' id='word_1_686' title='bbox 2807 3816 3174 3888; x_wconf 86' lang='grc' dir='ltr'>χρηστότητος</span> <span class='ocrx_word' id='word_1_687' title='bbox 3199 3817 3292 3870; x_wconf 75' lang='grc' dir='ltr'>καὶ</span> <span class='ocrx_word' id='word_1_688' title='bbox 3326 3815 3754 3886; x_wconf 84' lang='grc' dir='ltr'>φιλανθρωπίας.</span> 
     </span>
    </p>
   </div>
   <div class='ocr_carea' id='block_1_93' title="bbox 2317 3993 3827 4076">
    <p class='ocr_par' dir='ltr' id='par_1_93' title="bbox 2317 3993 3827 4076">
     <span class='ocr_line' id='line_1_93' title="bbox 2317 3993 3827 4076; baseline -0.007 -16"><span class='ocrx_word' id='word_1_689' title='bbox 2317 4007 2392 4060; x_wconf 87' lang='grc' dir='ltr'>Τδ</span> <span class='ocrx_word' id='word_1_690' title='bbox 2423 4007 2607 4076; x_wconf 81' lang='grc' dir='ltr'>ὅμοιον</span> <span class='ocrx_word' id='word_1_691' title='bbox 2641 4003 2902 4074; x_wconf 82' lang='grc' dir='ltr'>εὑρήσετε</span> <span class='ocrx_word' id='word_1_692' title='bbox 2937 4002 3032 4055; x_wconf 78' lang='grc' dir='ltr'><strong><em>καὶ</em></strong></span> <span class='ocrx_word' id='word_1_693' title='bbox 3060 4000 3155 4054; x_wconf 75' lang='grc' dir='ltr'><strong><em>ἐπὶ</em></strong></span> <span class='ocrx_word' id='word_1_694' title='bbox 3193 4000 3305 4054; x_wconf 84' lang='grc' dir='ltr'>τῶν</span> <span class='ocrx_word' id='word_1_695' title='bbox 3347 4001 3487 4056; x_wconf 79' lang='grc' dir='ltr'>κατὰ</span> <span class='ocrx_word' id='word_1_696' title='bbox 3525 3999 3615 4053; x_wconf 74' lang='grc' dir='ltr'><strong><em>τὸν</em></strong></span> <span class='ocrx_word' id='word_1_697' title='bbox 3651 3993 3827 4069; x_wconf 72' lang='grc' dir='ltr'>Ἶερεο</span> 
     </span>
    </p>
   </div>
   <div class='ocr_carea' id='block_1_94' title="bbox 2251 4088 3828 4170">
    <p class='ocr_par' dir='ltr' id='par_1_94' title="bbox 2251 4088 3828 4170">
     <span class='ocr_line' id='line_1_94' title="bbox 2251 4088 3828 4170; baseline -0.006 -20"><span class='ocrx_word' id='word_1_698' title='bbox 2251 4097 2397 4170; x_wconf 74' lang='grc' dir='ltr'>μίαψ</span> <span class='ocrx_word' id='word_1_699' title='bbox 2434 4094 2844 4166; x_wconf 80' lang='grc' dir='ltr'>ἀναγέγραπται</span> <span class='ocrx_word' id='word_1_700' title='bbox 2875 4095 2902 4146; x_wconf 87' lang='grc' dir='ltr'>ὁ</span> <span class='ocrx_word' id='word_1_701' title='bbox 2929 4092 3118 4166; x_wconf 87' lang='grc' dir='ltr'>χρόνος</span> <span class='ocrx_word' id='word_1_702' title='bbox 3143 4091 3244 4163; x_wconf 84' lang='grc' dir='ltr'>τῆς</span> <span class='ocrx_word' id='word_1_703' title='bbox 3271 4090 3609 4162; x_wconf 87' lang='grc' dir='ltr'>προφητείας</span> <span class='ocrx_word' id='word_1_704' title='bbox 3637 4088 3828 4154; x_wconf 81' lang='grc' dir='ltr'>αὑτοῦ,</span> 
     </span>
    </p>
   </div>
   <div class='ocr_carea' id='block_1_95' title="bbox 2247 4177 3828 4258">
    <p class='ocr_par' dir='ltr' id='par_1_95' title="bbox 2247 4177 3828 4258">
     <span class='ocr_line' id='line_1_95' title="bbox 2247 4177 3828 4258; baseline -0.004 -17"><span class='ocrx_word' id='word_1_705' title='bbox 2247 4189 2380 4242; x_wconf 88' lang='grc' dir='ltr'>πότε</span> <span class='ocrx_word' id='word_1_706' title='bbox 2414 4184 2638 4258; x_wconf 71' lang='grc' dir='ltr'>ἤρξατο,</span> <span class='ocrx_word' id='word_1_707' title='bbox 2687 4185 2783 4238; x_wconf 76' lang='grc' dir='ltr'><strong><em>καὶ</em></strong></span> <span class='ocrx_word' id='word_1_708' title='bbox 2830 4185 2991 4256; x_wconf 81' lang='grc' dir='ltr'>μέχρι</span> <span class='ocrx_word' id='word_1_709' title='bbox 3043 4183 3172 4238; x_wconf 85' lang='grc' dir='ltr'>πότε</span> <span class='ocrx_word' id='word_1_710' title='bbox 3217 4183 3644 4254; x_wconf 83' lang='grc' dir='ltr'>προεφήτευσεν.</span> <span class='ocrx_word' id='word_1_711' title='bbox 3692 4177 3828 4235; x_wconf 77' lang='grc' dir='ltr'>Εἶτα</span> 
     </span>
    </p>
   </div>
   <div class='ocr_carea' id='block_1_96' title="bbox 2246 4273 3829 4349">
    <p class='ocr_par' dir='ltr' id='par_1_96' title="bbox 2246 4273 3829 4349">
     <span class='ocr_line' id='line_1_96' title="bbox 2246 4273 3829 4349; baseline -0.004 -15"><span class='ocrx_word' id='word_1_712' title='bbox 2246 4283 2275 4334; x_wconf 81' lang='grc' dir='ltr'><strong><em>ό</em></strong></span> <span class='ocrx_word' id='word_1_713' title='bbox 2303 4279 2663 4349; x_wconf 78' lang='grc' dir='ltr'>ἐντυγχάνων,</span> <span class='ocrx_word' id='word_1_714' title='bbox 2688 4277 2783 4330; x_wconf 70' lang='grc' dir='ltr'>ἐὰν</span> <span class='ocrx_word' id='word_1_715' title='bbox 2809 4276 2883 4347; x_wconf 83' lang='grc' dir='ltr'><strong><em>μὴ</em></strong></span> <span class='ocrx_word' id='word_1_716' title='bbox 2906 4275 3148 4348; x_wconf 83' lang='grc' dir='ltr'>προσέχῃ</span> <span class='ocrx_word' id='word_1_717' title='bbox 3166 4274 3239 4346; x_wconf 85' lang='lat'><strong><em>(6)</em></strong></span> <span class='ocrx_word' id='word_1_718' title='bbox 3262 4277 3326 4345; x_wconf 79' lang='grc' dir='ltr'>τῇ</span> <span class='ocrx_word' id='word_1_719' title='bbox 3345 4273 3668 4342; x_wconf 82' lang='grc' dir='ltr'>ἀναγνώσει,</span> <span class='ocrx_word' id='word_1_720' title='bbox 3695 4275 3829 4345; x_wconf 75' lang='grc' dir='ltr'>μηδὲ</span> 
     </span>
    </p>
   </div>
   <div class='ocr_carea' id='block_1_97' title="bbox 2247 4364 3830 4439">
    <p class='ocr_par' dir='ltr' id='par_1_97' title="bbox 2247 4364 3830 4439">
     <span class='ocr_line' id='line_1_97' title="bbox 2247 4364 3830 4439; baseline -0.006 -14"><span class='ocrx_word' id='word_1_721' title='bbox 2247 4367 2477 4439; x_wconf 68' lang='grc' dir='ltr'>ἐξετάζῃ</span> <span class='ocrx_word' id='word_1_722' title='bbox 2506 4367 2567 4419; x_wconf 80' lang='grc' dir='ltr'><strong><em>τὸ</em></strong></span> <span class='ocrx_word' id='word_1_723' title='bbox 2607 4365 2854 4437; x_wconf 87' lang='grc' dir='ltr'>βούλημα</span> <span class='ocrx_word' id='word_1_724' title='bbox 2886 4365 2995 4420; x_wconf 85' lang='grc' dir='ltr'><strong><em>τῶν</em></strong></span> <span class='ocrx_word' id='word_1_725' title='bbox 3035 4364 3435 4436; x_wconf 83' lang='grc' dir='ltr'>γεγραμμένων</span> <span class='ocrx_word' id='word_1_726' title='bbox 3473 4365 3830 4434; x_wconf 85' lang='grc' dir='ltr'>ἀναγνωσμά-</span> 
     </span>
    </p>
   </div>
   <div class='ocr_carea' id='block_1_98' title="bbox 2246 4455 3827 4531">
    <p class='ocr_par' dir='ltr' id='par_1_98' title="bbox 2246 4455 3827 4531">
     <span class='ocr_line' id='line_1_98' title="bbox 2246 4455 3827 4531; baseline -0.004 -17"><span class='ocrx_word' id='word_1_727' title='bbox 2246 4477 2376 4523; x_wconf 81' lang='grc' dir='ltr'>των,</span> <span class='ocrx_word' id='word_1_728' title='bbox 2426 4461 2565 4531; x_wconf 66' lang='grc' dir='ltr'>ἐρεῖ,</span> <span class='ocrx_word' id='word_1_729' title='bbox 2622 4459 2703 4510; x_wconf 84' lang='grc' dir='ltr'>ὅτι</span> <span class='ocrx_word' id='word_1_730' title='bbox 2748 4455 2957 4528; x_wconf 80' lang='grc' dir='ltr'>ἱστορία</span> <span class='ocrx_word' id='word_1_731' title='bbox 3001 4457 3137 4520; x_wconf 73' lang='grc' dir='ltr'>ἐστὶ,</span> <span class='ocrx_word' id='word_1_732' title='bbox 3192 4455 3287 4508; x_wconf 73' lang='grc' dir='ltr'><strong><em>καὶ</em></strong></span> <span class='ocrx_word' id='word_1_733' title='bbox 3332 4455 3644 4527; x_wconf 81' lang='grc' dir='ltr'>γέγραπται</span> <span class='ocrx_word' id='word_1_734' title='bbox 3693 4455 3827 4508; x_wconf 85' lang='grc' dir='ltr'>πότε</span> 
     </span>
    </p>
   </div>
   <div class='ocr_carea' id='block_1_99' title="bbox 2246 4546 3824 4623">
    <p class='ocr_par' dir='ltr' id='par_1_99' title="bbox 2246 4546 3824 4623">
     <span class='ocr_line' id='line_1_99' title="bbox 2246 4546 3824 4623; baseline -0.008 -17"><span class='ocrx_word' id='word_1_735' title='bbox 2246 4551 2452 4623; x_wconf 74' lang='grc' dir='ltr'>ἧρξατο</span> <span class='ocrx_word' id='word_1_736' title='bbox 2503 4546 2868 4620; x_wconf 84' lang='grc' dir='ltr'>προφητεύειν</span> <span class='ocrx_word' id='word_1_737' title='bbox 2937 4547 3228 4617; x_wconf 86' lang='grc' dir='ltr'>Ἱερεμίας,</span> <span class='ocrx_word' id='word_1_738' title='bbox 3277 4547 3372 4601; x_wconf 73' lang='grc' dir='ltr'>καὶ</span> <span class='ocrx_word' id='word_1_739' title='bbox 3427 4547 3588 4620; x_wconf 84' lang='grc' dir='ltr'>μέχρι</span> <span class='ocrx_word' id='word_1_740' title='bbox 3657 4546 3824 4600; x_wconf 80' lang='grc' dir='ltr'>πόσου</span> 
     </span>
    </p>
   </div>
   <div class='ocr_carea' id='block_1_100' title="bbox 2249 4631 3828 4716">
    <p class='ocr_par' dir='ltr' id='par_1_100' title="bbox 2249 4631 3828 4716">
     <span class='ocr_line' id='line_1_100' title="bbox 2249 4631 3828 4716; baseline -0.004 -18"><span class='ocrx_word' id='word_1_741' title='bbox 2249 4631 2632 4716; x_wconf 78' lang='grc' dir='ltr'>προφητεύσας</span> <span class='ocrx_word' id='word_1_742' title='bbox 2670 4639 2862 4713; x_wconf 85' lang='grc' dir='ltr'>χρόνου</span> <span class='ocrx_word' id='word_1_743' title='bbox 2904 4639 3167 4710; x_wconf 79' lang='grc' dir='ltr'>κατέληξε</span> <span class='ocrx_word' id='word_1_744' title='bbox 3210 4639 3586 4712; x_wconf 82' lang='grc' dir='ltr'>προφητεύων.</span> <span class='ocrx_word' id='word_1_745' title='bbox 3623 4639 3690 4692; x_wconf 86' lang='grc' dir='ltr'><strong><em>Τί</em></strong></span> <span class='ocrx_word' id='word_1_746' title='bbox 3731 4635 3828 4693; x_wconf 83' lang='grc' dir='ltr'>οὖν</span> 
     </span>
    </p>
   </div>
   <div class='ocr_carea' id='block_1_101' title="bbox 2249 4730 3827 4808">
    <p class='ocr_par' dir='ltr' id='par_1_101' title="bbox 2249 4730 3827 4808">
     <span class='ocr_line' id='line_1_101' title="bbox 2249 4730 3827 4808; baseline -0.003 -19"><span class='ocrx_word' id='word_1_747' title='bbox 2249 4736 2388 4808; x_wconf 84' lang='grc' dir='ltr'>πρὸς</span> <span class='ocrx_word' id='word_1_748' title='bbox 2423 4734 2526 4806; x_wconf 75' lang='grc' dir='ltr'>ἐμὲ</span> <span class='ocrx_word' id='word_1_749' title='bbox 2569 4732 2708 4803; x_wconf 69' lang='grc' dir='ltr'>αὕτη</span> <span class='ocrx_word' id='word_1_750' title='bbox 2754 4735 2788 4804; x_wconf 83' lang='grc' dir='ltr'>ἠ</span> <span class='ocrx_word' id='word_1_751' title='bbox 2838 4731 3082 4804; x_wconf 83' lang='grc' dir='ltr'>ἱστορία;</span> <span class='ocrx_word' id='word_1_752' title='bbox 3142 4731 3427 4800; x_wconf 81' lang='grc' dir='ltr'>Ἀνὲγνων,</span> <span class='ocrx_word' id='word_1_753' title='bbox 3493 4730 3715 4802; x_wconf 77' lang='grc' dir='ltr'>ἔμαθον.</span> <span class='ocrx_word' id='word_1_754' title='bbox 3745 4733 3827 4785; x_wconf 82' lang='grc' dir='ltr'>ὅτι</span> 
     </span>
    </p>
   </div>
   <div class='ocr_carea' id='block_1_102' title="bbox 2244 4959 3829 5030">
    <p class='ocr_par' dir='ltr' id='par_1_102' title="bbox 2244 4959 3829 5030">
     <span class='ocr_line' id='line_1_102' title="bbox 2244 4959 3829 5030; baseline -0.002 -12"><span class='ocrx_word' id='word_1_755' title='bbox 2244 4965 2378 5030; x_wconf 82' lang='lat' dir='ltr'><strong><em>dies,</em></strong></span> <span class='ocrx_word' id='word_1_756' title='bbox 2411 4972 2470 5016; x_wconf 92' lang='lat' dir='ltr'><strong><em>ut</em></strong></span> <span class='ocrx_word' id='word_1_757' title='bbox 2508 4962 2563 5016; x_wconf 92' lang='lat' dir='ltr'><strong><em>in</em></strong></span> <span class='ocrx_word' id='word_1_758' title='bbox 2591 4959 2780 5016; x_wconf 59' lang='lat' dir='ltr'><strong><em>Graéco</em></strong></span> <span class='ocrx_word' id='word_1_759' title='bbox 2809 4970 2988 5030; x_wconf 65' lang='lat' dir='ltr'><strong><em>textu.</em></strong></span> <span class='ocrx_word' id='word_1_760' title='bbox 3014 4961 3086 5014; x_wconf 88' lang='lat' dir='ltr'><strong><em>Ita</em></strong></span> <span class='ocrx_word' id='word_1_761' title='bbox 3122 4975 3340 5030; x_wconf 90' lang='lat' dir='ltr'><strong><em>quoque</em></strong></span> <span class='ocrx_word' id='word_1_762' title='bbox 3373 4960 3572 5014; x_wconf 85' lang='lat' dir='ltr'><strong><em>habent</em></strong></span> <span class='ocrx_word' id='word_1_763' title='bbox 3602 4959 3741 5015; x_wconf 73' lang='lat' dir='ltr'><strong><em>LXX</em></strong></span> <span class='ocrx_word' id='word_1_764' title='bbox 3775 4971 3829 5016; x_wconf 86' lang='lat' dir='ltr'><strong><em>et</em></strong></span> 
     </span>
    </p>
   </div>
   <div class='ocr_carea' id='block_1_103' title="bbox 2244 5029 3828 5098">
    <p class='ocr_par' dir='ltr' id='par_1_103' title="bbox 2244 5029 3828 5098">
     <span class='ocr_line' id='line_1_103' title="bbox 2244 5029 3828 5098; baseline -0.001 -11"><span class='ocrx_word' id='word_1_765' title='bbox 2244 5029 2434 5087; x_wconf 83' lang='lat' dir='ltr'><strong><em>Arabs.</em></strong></span> <span class='ocrx_word' id='word_1_766' title='bbox 2481 5032 2550 5085; x_wconf 84' lang='lat' dir='ltr'><strong><em>At</em></strong></span> <span class='ocrx_word' id='word_1_767' title='bbox 2590 5030 2838 5098; x_wconf 67' lang='lat' dir='ltr'><strong><em>Hebraea,</em></strong></span> <span class='ocrx_word' id='word_1_768' title='bbox 2881 5041 2935 5086; x_wconf 88' lang='lat' dir='ltr'><strong><em>et</em></strong></span> <span class='ocrx_word' id='word_1_769' title='bbox 2965 5029 3266 5094; x_wconf 74' lang='lat' dir='ltr'><strong><em>Jonathan,</em></strong></span> <span class='ocrx_word' id='word_1_770' title='bbox 3307 5038 3361 5083; x_wconf 84' lang='lat' dir='ltr'><strong><em>et</em></strong></span> <span class='ocrx_word' id='word_1_771' title='bbox 3391 5030 3580 5092; x_wconf 80' lang='lat' dir='ltr'><strong><em>Syrus.</em></strong></span> <span class='ocrx_word' id='word_1_772' title='bbox 3611 5041 3664 5085; x_wconf 88' lang='lat' dir='ltr'><strong><em>et</em></strong></span> <span class='ocrx_word' id='word_1_773' title='bbox 3694 5032 3828 5086; x_wconf 81' lang='lat' dir='ltr'><strong>Vqu</strong></span> 
     </span>
    </p>
   </div>
   <div class='ocr_carea' id='block_1_104' title="bbox 2249 5101 3826 5175">
    <p class='ocr_par' dir='ltr' id='par_1_104' title="bbox 2249 5101 3826 5175">
     <span class='ocr_line' id='line_1_104' title="bbox 2249 5101 3826 5175; baseline -0.001 -18"><span class='ocrx_word' id='word_1_774' title='bbox 2249 5114 2369 5175; x_wconf 82' lang='lat' dir='ltr'><strong><em>gata</em></strong></span> <span class='ocrx_word' id='word_1_775' title='bbox 2399 5121 2423 5175; x_wconf 77' lang='lat'><strong><em>:_</em></strong></span> <span class='ocrx_word' id='word_1_776' title='bbox 2445 5102 2800 5175; x_wconf 67' lang='lat' dir='ltr'><strong><em>quadraginta</em></strong></span> <span class='ocrx_word' id='word_1_777' title='bbox 2833 5101 2942 5155; x_wconf 88' lang='lat' dir='ltr'><strong><em>dies</em></strong></span> <span class='ocrx_word' id='word_1_778' title='bbox 2975 5115 2992 5153; x_wconf 94' lang='lat'><strong><em>:</em></strong></span> <span class='ocrx_word' id='word_1_779' title='bbox 3023 5117 3144 5170; x_wconf 75' lang='lat' dir='ltr'><strong><em>qua:</em></strong></span> <span class='ocrx_word' id='word_1_780' title='bbox 3192 5109 3412 5175; x_wconf 79' lang='lat' dir='ltr'><strong><em>secutus</em></strong></span> <span class='ocrx_word' id='word_1_781' title='bbox 3444 5109 3527 5155; x_wconf 87' lang='lat' dir='ltr'><strong><em>est</em></strong></span> <span class='ocrx_word' id='word_1_782' title='bbox 3559 5101 3826 5174; x_wconf 77' lang='lat' dir='ltr'><strong><em>Hierony-</em></strong></span> 
     </span>
    </p>
   </div>
   <div class='ocr_carea' id='block_1_105' title="bbox 2251 5169 3394 5228">
    <p class='ocr_par' dir='ltr' id='par_1_105' title="bbox 2251 5169 3394 5228">
     <span class='ocr_line' id='line_1_105' title="bbox 2251 5169 3394 5228; baseline -0.004 0"><span class='ocrx_word' id='word_1_783' title='bbox 2251 5169 2374 5228; x_wconf 69' lang='lat' dir='ltr'><strong><em>inus</em></strong></span> <span class='ocrx_word' id='word_1_784' title='bbox 2413 5169 2467 5226; x_wconf 79' lang='lat' dir='ltr'><strong><em>in</em></strong></span> <span class='ocrx_word' id='word_1_785' title='bbox 2507 5173 2620 5226; x_wconf 90' lang='lat' dir='ltr'><strong><em>suis</em></strong></span> <span class='ocrx_word' id='word_1_786' title='bbox 2651 5169 2715 5224; x_wconf 76' lang='lat' dir='ltr'><strong><em>ad</em></strong></span> <span class='ocrx_word' id='word_1_787' title='bbox 2743 5169 2937 5226; x_wconf 86' lang='lat' dir='ltr'><strong><em>Jonam</em></strong></span> <span class='ocrx_word' id='word_1_788' title='bbox 2967 5169 3394 5226; x_wconf 83' lang='lat' dir='ltr'><strong><em>commentariis.</em></strong></span> 
     </span>
    </p>
   </div>
   <div class='ocr_carea' id='block_1_106' title="bbox 2323 5236 3823 5312">
    <p class='ocr_par' dir='ltr' id='par_1_106' title="bbox 2323 5236 3823 5312">
     <span class='ocr_line' id='line_1_106' title="bbox 2323 5236 3823 5312; baseline -0.001 -16"><span class='ocrx_word' id='word_1_789' title='bbox 2323 5244 2400 5312; x_wconf 83' lang='lat'><strong><em>(5)</em></strong></span> <span class='ocrx_word' id='word_1_790' title='bbox 2451 5244 2574 5312; x_wconf 49' lang='lat' dir='ltr'><strong><em>0132c</em></strong></span> <span class='ocrx_word' id='word_1_791' title='bbox 2627 5240 2852 5312; x_wconf 74' lang='grc' dir='ltr'>ἐθέλων</span> <span class='ocrx_word' id='word_1_792' title='bbox 2877 5236 3078 5312; x_wconf 51' lang='grc' dir='ltr'>,εἶπεν</span> <span class='ocrx_word' id='word_1_793' title='bbox 3137 5243 3169 5293; x_wconf 83' lang='grc' dir='ltr'><em>ὀ</em></span> <span class='ocrx_word' id='word_1_794' title='bbox 3230 5239 3395 5306; x_wconf 86' lang='grc' dir='ltr'>Θεὸς,</span> <span class='ocrx_word' id='word_1_795' title='bbox 3431 5241 3823 5296; x_wconf 81' lang='grc' dir='ltr'>καταδικάσαι</span> 
     </span>
    </p>
   </div>
   <div class='ocr_carea' id='block_1_107' title="bbox 2249 5309 3826 5382">
    <p class='ocr_par' dir='ltr' id='par_1_107' title="bbox 2249 5309 3826 5382">
     <span class='ocr_line' id='line_1_107' title="bbox 2249 5309 3826 5382; baseline -0.002 -14"><span class='ocrx_word' id='word_1_796' title='bbox 2249 5309 2462 5378; x_wconf 78' lang='grc' dir='ltr'>αὐτήν.</span> <span class='ocrx_word' id='word_1_797' title='bbox 2505 5310 2975 5382; x_wconf 73' lang='lat' dir='ltr'><strong><em>Videturlegisse</em></strong></span> <span class='ocrx_word' id='word_1_798' title='bbox 3006 5309 3388 5382; x_wconf 10' lang='lat' dir='ltr'><strong><em>illieronymus</em></strong></span> <span class='ocrx_word' id='word_1_799' title='bbox 3440 5331 3453 5367; x_wconf 90' lang='lat'><strong>:</strong></span> <span class='ocrx_word' id='word_1_800' title='bbox 3512 5313 3627 5366; x_wconf 81' lang='grc' dir='ltr'>Οὐκ</span> <span class='ocrx_word' id='word_1_801' title='bbox 3675 5312 3826 5366; x_wconf 72' lang='grc' dir='ltr'>ἔθελε</span> 
     </span>
    </p>
   </div>
   <div class='ocr_carea' id='block_1_108' title="bbox 2251 5380 3075 5450">
    <p class='ocr_par' dir='ltr' id='par_1_108' title="bbox 2251 5380 3075 5450">
     <span class='ocr_line' id='line_1_108' title="bbox 2251 5380 3075 5450; baseline -0.006 -13"><span class='ocrx_word' id='word_1_802' title='bbox 2251 5382 2472 5437; x_wconf 84' lang='grc' dir='ltr'>σιωπῶν</span> <span class='ocrx_word' id='word_1_803' title='bbox 2499 5380 2859 5435; x_wconf 82' lang='grc' dir='ltr'>καταδικάσαι</span> <span class='ocrx_word' id='word_1_804' title='bbox 2886 5381 3075 5450; x_wconf 82' lang='grc' dir='ltr'>αὐτήν.</span> 
     </span>
    </p>
   </div>
   <div class='ocr_carea' id='block_1_109' title="bbox 2321 5449 3825 5522">
    <p class='ocr_par' dir='ltr' id='par_1_109' title="bbox 2321 5449 3825 5522">
     <span class='ocr_line' id='line_1_109' title="bbox 2321 5449 3825 5522; baseline 0.001 -16"><span class='ocrx_word' id='word_1_805' title='bbox 2321 5455 2396 5519; x_wconf 84' lang='lat'><strong><em>(6)</em></strong></span> <span class='ocrx_word' id='word_1_806' title='bbox 2450 5452 2583 5506; x_wconf 71' lang='grc' dir='ltr'><strong><em>Ἐὰν·</em></strong></span> <span class='ocrx_word' id='word_1_807' title='bbox 2634 5451 2719 5520; x_wconf 80' lang='grc' dir='ltr'><strong><em>μὴ</em></strong></span> <span class='ocrx_word' id='word_1_808' title='bbox 2761 5449 3069 5522; x_wconf 54' lang='grc' dir='ltr'>προσέχῃ.</span> <span class='ocrx_word' id='word_1_809' title='bbox 3137 5449 3449 5522; x_wconf 80' lang='lat' dir='ltr'><strong><em>Negativam</em></strong></span> <span class='ocrx_word' id='word_1_810' title='bbox 3501 5453 3825 5522; x_wconf 83' lang='lat' dir='ltr'><strong><em>particulam</em></strong></span> 
     </span>
    </p>
   </div>
   <div class='ocr_carea' id='block_1_110' title="bbox 2251 5520 3827 5597">
    <p class='ocr_par' dir='ltr' id='par_1_110' title="bbox 2251 5520 3827 5597">
     <span class='ocr_line' id='line_1_110' title="bbox 2251 5520 3827 5597; baseline 0 -21"><span class='ocrx_word' id='word_1_811' title='bbox 2251 5526 2324 5597; x_wconf 85' lang='grc' dir='ltr'>μή</span> <span class='ocrx_word' id='word_1_812' title='bbox 2347 5538 2453 5597; x_wconf 72' lang='lat' dir='ltr'><strong><em>non</em></strong></span> <span class='ocrx_word' id='word_1_813' title='bbox 2485 5524 2730 5597; x_wconf 70' lang='lat' dir='ltr'><strong><em>agnoscit</em></strong></span> <span class='ocrx_word' id='word_1_814' title='bbox 2756 5520 3118 5597; x_wconf 56' lang='lat' dir='ltr'><strong><em>Hieronymus</em></strong></span> <span class='ocrx_word' id='word_1_815' title='bbox 3137 5530 3199 5597; x_wconf 67' lang='lat' dir='ltr'><strong><em>et</em></strong></span> <span class='ocrx_word' id='word_1_816' title='bbox 3220 5521 3299 5597; x_wconf 65' lang='lat' dir='ltr'><strong><em>sic</em></strong></span> <span class='ocrx_word' id='word_1_817' title='bbox 3326 5523 3454 5597; x_wconf 70' lang='lat' dir='ltr'><strong><em>legit</em></strong></span> <span class='ocrx_word' id='word_1_818' title='bbox 3490 5520 3519 5578; x_wconf 63' lang='grc' dir='ltr'><em>ξ</em></span> <span class='ocrx_word' id='word_1_819' title='bbox 3538 5524 3632 5597; x_wconf 50' lang='lat' dir='ltr'><strong><em>ego</em></strong></span> <span class='ocrx_word' id='word_1_820' title='bbox 3659 5539 3827 5597; x_wconf 80' lang='grc' dir='ltr'>προσ-</span> 
     </span>
    </p>
   </div>
   <div class='ocr_carea' id='block_1_111' title="bbox 2249 5590 3822 5666">
    <p class='ocr_par' dir='ltr' id='par_1_111' title="bbox 2249 5590 3822 5666">
     <span class='ocr_line' id='line_1_111' title="bbox 2249 5590 3822 5666; baseline 0.002 -21"><span class='ocrx_word' id='word_1_821' title='bbox 2249 5590 2345 5666; x_wconf 69' lang='grc' dir='ltr'>εχῂ</span> <span class='ocrx_word' id='word_1_822' title='bbox 2370 5594 2437 5664; x_wconf 78' lang='grc' dir='ltr'>τῇ</span> <span class='ocrx_word' id='word_1_823' title='bbox 2481 5590 2782 5666; x_wconf 74' lang='grc' dir='ltr'>ἀναγνῲσει</span> <span class='ocrx_word' id='word_1_824' title='bbox 2809 5592 2918 5666; x_wconf 67' lang='grc' dir='ltr'><strong><em>⁸καὶ</em></strong></span> <span class='ocrx_word' id='word_1_825' title='bbox 2973 5590 3218 5666; x_wconf 72' lang='grc' dir='ltr'>ἐξετάζῃ.</span> <span class='ocrx_word' id='word_1_826' title='bbox 3253 5590 3468 5666; x_wconf 76' lang='lat' dir='ltr'><strong><em>Optime</em></strong></span> <span class='ocrx_word' id='word_1_827' title='bbox 3497 5612 3511 5649; x_wconf 89' lang='lat'><strong>:</strong></span> <span class='ocrx_word' id='word_1_828' title='bbox 3553 5593 3646 5649; x_wconf 85' lang='lat' dir='ltr'><strong><em>Sic</em></strong></span> <span class='ocrx_word' id='word_1_829' title='bbox 3674 5590 3822 5666; x_wconf 62' lang='lat' dir='ltr'><strong><em>enim</em></strong></span> 
     </span>
    </p>
   </div>
   <div class='ocr_carea' id='block_1_112' title="bbox 2249 5661 3820 5736">
    <p class='ocr_par' dir='ltr' id='par_1_112' title="bbox 2249 5661 3820 5736">
     <span class='ocr_line' id='line_1_112' title="bbox 2249 5661 3820 5736; baseline 0.003 -21"><span class='ocrx_word' id='word_1_830' title='bbox 2249 5661 2450 5736; x_wconf 56' lang='lat' dir='ltr'><strong><em>inﬁmae</em></strong></span> <span class='ocrx_word' id='word_1_831' title='bbox 2487 5663 2755 5732; x_wconf 79' lang='lat' dir='ltr'><strong><em>periocha:</em></strong></span> <span class='ocrx_word' id='word_1_832' title='bbox 2808 5661 2970 5731; x_wconf 84' lang='lat' dir='ltr'><strong><em>hujus</em></strong></span> <span class='ocrx_word' id='word_1_833' title='bbox 3006 5681 3016 5716; x_wconf 94' lang='lat'><strong>:</strong></span> <span class='ocrx_word' id='word_1_834' title='bbox 3049 5662 3142 5716; x_wconf 80' lang='grc' dir='ltr'>ἐὰν</span> <span class='ocrx_word' id='word_1_835' title='bbox 3173 5661 3551 5736; x_wconf 66' lang='grc' dir='ltr'>προσέχωμεν</span> <span class='ocrx_word' id='word_1_836' title='bbox 3595 5667 3658 5735; x_wconf 76' lang='grc' dir='ltr'>τῇ</span> <span class='ocrx_word' id='word_1_837' title='bbox 3693 5664 3820 5719; x_wconf 74' lang='grc' dir='ltr'>ἀναο</span> 
     </span>
    </p>
   </div>
   <div class='ocr_carea' id='block_1_113' title="bbox 560 5731 2445 5806">
    <p class='ocr_par' dir='ltr' id='par_1_113' title="bbox 560 5731 2445 5806">
     <span class='ocr_line' id='line_1_113' title="bbox 560 5731 2445 5806; baseline 0.002 -24"><span class='ocrx_word' id='word_1_838' title='bbox 560 5731 859 5806; x_wconf 75' lang='lat' dir='ltr'><strong><em>pretatione</em></strong></span> <span class='ocrx_word' id='word_1_839' title='bbox 911 5731 1220 5806; x_wconf 73' lang='lat' dir='ltr'><strong><em>Hieronymi</em></strong></span> <span class='ocrx_word' id='word_1_840' title='bbox 1267 5755 1283 5806; x_wconf 15' lang='lat'><strong><em>7:</em></strong></span> <span class='ocrx_word' id='word_1_841' title='bbox 1321 5736 1674 5806; x_wconf 80' lang='lat' dir='ltr'><strong><em>quadraginta</em></strong></span> <span class='ocrx_word' id='word_1_842' title='bbox 1718 5737 1865 5799; x_wconf 83' lang='lat' dir='ltr'><strong><em>dies,</em></strong></span> <span class='ocrx_word' id='word_1_843' title='bbox 1931 5738 2021 5788; x_wconf 74' lang='lat' dir='ltr'><strong><em>sel</em></strong></span> <span class='ocrx_word' id='word_1_844' title='bbox 2071 5734 2123 5786; x_wconf 90' lang='lat' dir='ltr'><strong><em>in</em></strong></span> <span class='ocrx_word' id='word_1_845' title='bbox 2233 5732 2445 5801; x_wconf 76' lang='grc' dir='ltr'>γνώσει.</span> 
     </span>
    </p>
   </div>
   <div class='ocr_carea' id='block_1_114' title="bbox 560 5803 2124 5894">
    <p class='ocr_par' dir='ltr' id='par_1_114' title="bbox 560 5803 2124 5894">
     <span class='ocr_line' id='line_1_114' title="bbox 560 5803 2124 5894; baseline 0.002 -40"><span class='ocrx_word' id='word_1_846' title='bbox 560 5803 816 5859; x_wconf 85' lang='lat' dir='ltr'><strong><em>omnibus</em></strong></span> <span class='ocrx_word' id='word_1_847' title='bbox 860 5819 989 5859; x_wconf 85' lang='lat' dir='ltr'><strong><em>mss.</em></strong></span> <span class='ocrx_word' id='word_1_848' title='bbox 1045 5803 1280 5876; x_wconf 62' lang='lat' dir='ltr'><strong><em>ct&#39;apud</em></strong></span> <span class='ocrx_word' id='word_1_849' title='bbox 1322 5803 1726 5894; x_wconf 77' lang='lat' dir='ltr'><strong><em>Gcncbrardum</em></strong></span> <span class='ocrx_word' id='word_1_850' title='bbox 1779 5807 1974 5876; x_wconf 73' lang='lat' dir='ltr'><strong><em>legitur</em></strong></span> <span class='ocrx_word' id='word_1_851' title='bbox 2024 5815 2124 5857; x_wconf 80' lang='lat' dir='ltr'><strong><em>tres</em></strong></span> 
     </span>
    </p>
   </div>
  </div>
