4130 6432
331 439 438 492 257

1576 425 1644 480 IN
1679 422 2031 481 JEREMIAH
2072 421 2358 477 HOMILlA
2399 423 2438 476 1.

3505 425 3608 483 εξιε
3679 383 3685 394 ε

333 556 540 630 ηρξατο
565 549 926 626 προφητεύειν
943 553 1002 604 ὲν
1025 550 1258 622 ἡμέραις
1292 547 1517 612 Ἰωσίου,
1543 547 1662 601 υἰοῦ
1709 545 1913 618 Ἀμὼς,

2024 551 2136 598 tare
2164 543 2218 597 in
2256 543 2450 598 diebus
2477 541 2660 607 Josite,
2705 542 2798 596 (Ilii
2825 544 3015 610 Amos,
3059 547 3202 616 regis
3233 545 3391 612 Juda,
3433 563 3609 617 usque

336 645 603 717 βασιλέως
665 644 854 708 Ἰούδα,
903 642 1010 707 ἕως
1051 641 1203 706 ἔτους
1251 640 1699 714 τρισκαιδεκάτου
1745 641 1804 692 ὲν
1844 640 1911 710 τῇ

336 737 582 811 βασιλείᾳ
624 736 812 792 αὐτοῦ·
848 731 965 790 εἶτα
996 735 1214 806 ἐγένετο
1247 736 1305 789 ὲν
1340 737 1462 798 ταῖς
1490 733 1722 806 ἡμέραις
1765 733 1917 786 Ἰωα-

336 831 487 901 κεὶμ,
537 827 656 882 υἰοῦ
702 828 928 893 Ἰωσίου,
982 827 1246 899 βασιλέως
1314 824 1504 890 Ἰούδα,
1557 822 1915 896 προφητεύων

335 922 440 984 ἓως
487 923 588 993 τῆς
635 919 943 984 συντελείας
986 919 1081 973 τοῦ
1131 917 1417 973 ἑνδεκάτου
1456 917 1609 980 ἔτους
1644 917 1914 978 Σεδεκίου,

336 1014 451 1070 υίοῦ
491 1013 716 1076 Ἰωσίου,
749 1013 1013 1084 βασιλέως
1057 1012 1244 1066 Ἰούδα.
1278 1011 1387 1064 Καὶ
1417 1010 1635 1081 ἔμαθον,
1663 1010 1744 1062 ὅτι
1776 1008 1918 1061 κατά

333 1109 484 1181 τρεῖς
515 1106 812 1178 βασιλεῖςή
847 1104 1152 1178 προφητεία
1183 1104 1345 1158 αὐτοῦ
1381 1102 1766 1169 συνεξέτεινεν,
1811 1101 1918 1164 ἓως

336 1203 434 1271 τῆς
472 1198 846 1271 αἰχμαλωσίας
897 1197 1254 1270 Ἰερουσαλὴμ
1287 1199 1344 1250 ὲν
1375 1193 1454 1265 τῷ
1492 1194 1730 1266 πέμπτῳ
1765 1193 1914 1263 μηνί.

337 1293 402 1346 Τί
428 1287 519 1346 οὖν
551 1290 640 1346 διά
674 1290 878 1346 τούτων
906 1287 1290 1360 διδασκόμεθα,
1323 1289 1418 1342 ἐὰν
1458 1287 1822 1359 προσέχωμεν
1850 1285 1918 1356 τῇ

337 1385 640 1455 ἀναγνώσει
667 1402 681 1451 ;

403 1477 776 1532 Κατεδίκασεν
803 1475 832 1530 ό
853 1473 984 1540 Θεὸς
1005 1474 1104 1547 τὴν
1147 1472 1506 1547 Ἰερουσαλὴμ
1534 1470 1624 1526 διὰ
1653 1469 1722 1526 τά
1742 1469 1923 1542 ἀμαρ-

340 1571 554 1643 τήματα
590 1567 784 1638 αὐτῆς,
823 1567 920 1621 καὶ
943 1562 1083 1638 ἦσαν
1119 1565 1402 1638 κριθέντες
1432 1564 1514 1627 εἰς
1541 1561 1924 1634 αἰχμαλωσίαν

335 1656 850 1728 ἐγκαταλειφθῆναι.
871 1655 1062 1727 Ὅμως
1081 1655 1110 1706 ό
1135 1654 1518 1724 φιλάνθρωπος
1537 1650 1692 1714 Θεὸς,
1709 1652 1928 1719 ἐνεστη-

334 1751 490 1815 κότος
528 1747 623 1803 τοῦ
663 1747 878 1820 καιροῦ,
915 1748 1126 1817 πέμπει
1159 1745 1256 1797 καὶ
1283 1743 1474 1796 τοῦτον
1508 1739 1602 1795 τὸν
1639 1742 1927 1812 προφήτην

332 1839 593 1910 ἀνωτέρω
613 1838 805 1908 τρίτης
837 1832 1114 1905 βασιλείας
1143 1833 1242 1903 τῆς
1273 1832 1368 1884 ἐπὶ
1394 1831 1496 1902 τῆς
1522 1829 1919 1900 αἰχμαλωσίας.

2018 635 2085 689 ad
2129 650 2335 690 annum
2387 634 2606 690 tertium
2656 635 2929 689 decimum
2982 639 3130 707 regni
3196 639 3354 708 ejus;
3413 638 3610 696 deinde

2017 727 2422 796 prophetaverit
2467 725 2522 780 in
2574 725 2768 780 diebus
2798 724 3070 792 Joachim,
3107 728 3200 781 iilii
3236 727 3419 794 Josiaa,
3464 731 3611 801 regis

2017 817 2191 883 Juda,
2228 833 2401 887 usque
2451 819 2516 871 ad
2567 817 3100 872 consummationem
3151 819 3425 874 undecimi
3478 822 3615 875 anni

2021 908 2260 964 Sedeciaa
2300 909 2395 962 tilii
2443 907 2631 976 Josiae,
2690 908 2832 979 regis
2880 908 3039 964 Juda.
3099 909 3165 964 Et
3212 910 3399 981 legens
3443 911 3611 965 didici

2019 1001 2146 1070 quia
2195 1016 2290 1070 per
2335 1009 2445 1055 tres
2498 1015 2653 1072 reges
2705 1001 2990 1070 prophetia
3032 1002 3152 1073 ejus
3196 1011 3450 1056 contexta
3496 1003 3608 1068 sit,

2023 1107 2197 1161 usque
2227 1092 2292 1146 ad
2323 1090 2691 1162 captivitatem
2726 1089 3067 1146 Hierusalem
3097 1093 3151 1146 in
3179 1093 3372 1162 quinto
3401 1108 3608 1148 mense.

2022 1180 2160 1247 Quid
2193 1198 2324 1254 ergo
2357 1185 2620 1238 docemur
2659 1198 2757 1252 per
2789 1183 2924 1252 hac,
2972 1185 3016 1240 si
3057 1185 3276 1240 lectioni
3315 1185 3489 1240 simus
3530 1185 3615 1239 in-

2023 1276 2156 1327 tenti
2172 1273 2196 1326 ?

2093 1452 2151 1506 '5.
2189 1452 2660 1509 Condemnaverat
2693 1454 2836 1514 Deus
2865 1457 3203 1514 Hierusalem
3231 1469 3453 1529 propter
3488 1474 3615 1529 pec-

2025 1553 2147 1600 cata
2173 1560 2294 1613 qua:
2325 1545 2546 1610 fecerat,
2583 1558 2637 1601 et
2662 1549 2776 1604 haec
2802 1559 2922 1604 erat
2950 1560 3192 1606 extrema
3223 1554 3617 1620 sententia,iut

2026 1635 2325 1705 mptivitati
2383 1637 2818 1705 relinquerentur
2877 1641 2977 1711 (7).
3052 1639 3438 1698 Verumtamen
3487 1657 3613 1697 cum

2027 1727 2314 1782 hominum
2363 1727 2432 1781 sit
2477 1737 2708 1794 amator,
2749 1745 2848 1785 nec
2876 1747 3207 1802 quemquam
3239 1735 3370 1789 velit
3411 1735 3612 1804 perire,

2030 1827 2324 1888 antequam
2357 1819 2797 1889 depopulationis
2832 1830 3047 1891 tempus
3091 1824 3347 1891 instaret,
3379 1826 3533 1879 misit
3560 1831 3617 1880 et

345 1928 550 1982 Ἐδίδου
572 1926 681 1996 γὰρ
709 1925 907 1993 ἀνοχὴν
926 1923 956 1975 ό
983 1919 1332 1992 μακρόθυμος
1356 1920 1511 1985 Θεὸς,
1542 1921 1635 1974 καὶ
1657 1919 1764 1992 πρὸ
1797 1920 1921 1990 μιᾶς

2027 1912 2178 1966 hunc
2224 1911 2569 1982 prophetam,
2610 1920 2669 1965 ut
2714 1927 2810 1982 per
2849 1928 3130 1968 sermones
3172 1914 3292 1984 ejus
3330 1917 3397 1970 ad
3441 1915 3620 1985 paeni-

334 2017 574 2090 ὴμέρας,
608 2015 683 2076 ὡς
710 2013 856 2066 ἐστιν
898 2014 1094 2076 εἰπεῖν,
1130 2014 1228 2082 τῆς
1257 2009 1656 2080 αἰχμαλωσίας,
1685 2009 1922 2081 προτρέ-

338 2124 459 2160 πων
488 2107 766 2178 μετανοεῖν
789 2104 916 2167 τοὺς
949 2102 1265 2166 ἀκούοντας,
1303 2102 1387 2155 ἵνα
1427 2100 1704 2173 παύσηται
1726 2100 1796 2154 τὰ
1823 2100 1923 2171 τῆς

340 2196 712 2271 αἰχμαλωσίας
773 2194 1145 2268 Ἰερουσαλὴμ,
1193 2195 1598 2267 προεφήτευσεν
1655 2192 1922 2265 Ἱερεμίας

338 2290 444 2354 ἕως
470 2289 565 2342 τοῦ
589 2287 838 2358 πέμπτου
868 2285 1052 2357 μηνός.
1090 2282 1331 2354 Ἤρξατο
1355 2285 1388 2354 ἠ
1423 2282 1792 2354 αἰχμαλωσία,
1827 2282 1923 2335 καὶ

335 2380 416 2434 ἔτι
465 2371 975 2450 προεφήτευενιοῖον
1001 2376 1196 2444 λέγων’
1241 2374 1586 2446 Αἰχμάλωτοι
1637 2373 1920 2443 γεγόνατε·

333 2475 439 2528 κᾶν
465 2471 608 2526 οῦτω
655 2471 1022 2541 μετανοήσατε
1045 2487 1058 2500 ·
1111 2468 1566 2539 μετανοησάντων
1605 2467 1716 2539 γὰρ
1765 2466 1922 2537 ὑμῶν

333 2565 393 2619 οὐ
421 2563 681 2635 προκόψει
710 2561 777 2615 τὰ
807 2563 905 2632 τῆς
951 2558 1352 2630 αἰχμαλωσίας,
1387 2558 1524 2612 ἀλλά
1550 2557 1612 2612 τὸ
1645 2557 1794 2621 ἔλεος
1827 2556 1924 2610 τοῦ

333 2654 467 2710 Θεοῦ
502 2653 927 2725 ὲπισταθήσεται
947 2651 1095 2722 ὑμῖν.
1131 2651 1369 2721 Ἐχομεν
1395 2645 1488 2703 οὖν
1519 2649 1790 2720 χρήσιμον
1814 2647 1926 2702 ἀπὸ

332 2749 434 2820 τῆς
455 2745 778 2819 ἀναγραφῆς
803 2743 1032 2814 ἐχούσης
1047 2741 1174 2806 τοὺς
1195 2743 1418 2813 χρόνους
1437 2741 1539 2811 τῆς
1560 2741 1920 2813 προφητείας,

333 2841 417 2895 ὅτι
442 2838 741 2911 προτρέπει
773 2833 916 2889 κατὰ
943 2833 1351 2905 φιλανθρωπίαν
1368 2833 1615 2887 ἐαυτοῦό
1641 2833 1774 2895 Θεὸς
1793 2833 1921 2896 τοὺς

336 2933 630 2994 ἀκούοντας
665 2931 739 3002 μὴ
782 2928 978 2982 παθεῖν
1018 2926 1090 2979 τὰ
1126 2926 1225 2996 τῆς
1255 2924 1652 2996 αἰχμαλωσίας.
1685 2921 1926 2977 Τοιαῦτα

2027 2005 2254 2060 tentiam
2288 2014 2773 2072 converterentur;
2820 2005 2974 2059 misit
3010 2007 3260 2060 eumdem
3304 2016 3358 2061 et
3398 2008 3502 2061 sub
3528 2021 3616 2062 se-

2025 2097 2208 2152 cundo
2236 2112 2362 2167 rege
2392 2107 2518 2167 post
2555 2099 2790 2168 primum
2811 2140 2825 2164 ,
2859 2098 3010 2153 misit
3039 2113 3258 2168 quoque
3298 2101 3401 2154 sub
3431 2101 3616 2156 tertio.

2025 2187 2168 2254 Quid
2222 2190 2416 2259 plura?
2453 2189 2574 2244 Jam
2607 2191 2898 2261 captivitas
2939 2191 3302 2258 imminebat,
3343 2202 3396 2248 et
3434 2194 3618 2249 adhuc

2025 2280 2419 2335 adhortabatur
2446 2281 2589 2336 Deus
2617 2283 2885 2350 tribuens,
2933 2291 2995 2338 ut
3039 2283 3116 2338 ita
3148 2285 3362 2351 dicam,
3403 2294 3460 2341 et
3491 2294 3618 2342 ante

2025 2389 2192 2428 unam
2221 2373 2365 2427 diem
2401 2374 2580 2429 locum
2611 2374 2947 2445 poenitentia:
2988 2395 3002 2429 :
3040 2377 3184 2432 unde
3213 2379 3474 2447 scriptum
3506 2386 3615 2444 est,

2026 2481 2201 2535 usque
2245 2467 2312 2521 ad
2363 2467 2734 2536 captivitatem
2790 2467 3128 2523 Hierusalem
3157 2510 3172 2535 ,
3220 2478 3275 2524 et
3327 2486 3503 2540 usque
3549 2472 3618 2526 ad

1984 2604 1987 2608 ,
2024 2556 2276 2627 quintum
2309 2573 2554 2613 mensem
2595 2559 2948 2629 prophetasse
2987 2559 3300 2614 Jeremiam.
3343 2559 3463 2614 Jam
3515 2563 3619 2616 ho-

2024 2647 2190 2702 stium
2222 2649 2440 2704 vincula
2481 2650 2877 2705 restrinxerant
2911 2667 3130 2716 manus,
3170 2663 3225 2706 et
3258 2651 3618 2708 nihilominus

2027 2739 2148 2795 haec
2178 2740 2583 2809 quodammodo
2607 2739 2824 2796 dicebat
2854 2741 2997 2796 Deus
3031 2761 3043 2796 :
3080 2742 3219 2798 Ecce
3257 2745 3455 2813 captivi
3487 2744 3618 2801 facti

2022 2831 2187 2898 estis;
2225 2830 2368 2902 agite
2395 2873 2410 2898 ,
2467 2831 2592 2887 licet
2621 2847 2778 2900 sero,
2824 2835 3235 2903 penitentiam;
3273 2845 3462 2906 rogate
3492 2851 3616 2906 me,

2029 2929 2086 2975 et
2129 2935 2351 2990 parcam
2394 2922 2586 2988 vobis;
2629 2938 2855 2992 possum
2915 2940 3107 2981 eruere
3145 2926 3213 2981 de
3265 2927 3614 2996 captivitate,

332 3022 429 3076 καὶ
456 3020 584 3093 περί
611 3020 758 3090 ἡμᾶς
789 3019 957 3072 ἐστιν’
989 3016 1084 3070 ὲάν
1112 3015 1541 3087 ἁμαρτάνωμεν,
1580 3014 1919 3085 αἰχμάλωτοι

2024 3012 2113 3083 qui
2172 3013 2392 3068 tradidi.
2451 3013 2730 3071 Habemus
2802 3015 2986 3086 itaque
3046 3017 3306 3087 quiddam
3363 3034 3619 3074 necessa-

331 3111 430 3166 καὶ
457 3112 616 3183 ἡμεῖς
657 3107 922 3181 μέλλομεν
951 3105 1196 3176 γίνεσθαι
1211 3123 1225 3138 ο
1249 3106 1314 3160 τὸ
1335 3105 1445 3178 γάρ
1467 3104 1801 3178 παραδοῦναι
1825 3104 1918 3158 τὸν

2024 3105 2164 3160 rium
2192 3104 2270 3176 (8)
2297 3121 2364 3160 ex
2398 3107 2862 3177 superscriptiene
2896 3108 3021 3172 ista,
3055 3125 3176 3180 quae
3211 3110 3453 3165 continet
3479 3119 3618 3166 tem-

333 3202 575 3259 τοιοῦτον
605 3200 684 3272 τῷ
719 3201 944 3272 σατανᾷ,
971 3198 1127 3254 οὐδὲν
1162 3197 1408 3271 διαφέρει
1439 3197 1534 3252 τοῦ
1576 3196 1916 3269 παραδοῦναι

2024 3213 2150 3268 pora
2185 3199 2504 3270 prophetiae,
2536 3200 2666 3270 quia
2687 3200 2842 3269 juxta
2869 3216 3023 3256 suam
3052 3203 3394 3258 clementiam
3421 3204 3621 3260 exhor-

331 3293 460 3354 τοὺς
502 3291 610 3345 ἀπὸ
648 3269 1004 3364 Ἰερουσαλὴμ
1047 3288 1126 3361 τῷ
1161 3269 1655 3362 Ναϐουχοδονόσορο
1688 3289 1765 3352 ὡς
1809 3288 1920 3362 γὰρ

2025 3269 2361 3348 ωῑυιθίῡευε
2397 3310 2612 3366 semper
2645 3295 2892 3350 homines
2943 3297 3010 3350 ad
3055 3297 3286 3352 salutem
3314 3337 3329 3362 ,
3373 3306 3433 3353 ut
3493 3312 3618 3353 ces-

336 3385 533 3438 ὲκεῖνοι
556 3383 945 3456 παραδέδονται
976 3382 1066 3436 διὰ
1095 3382 1196 3453 τῆς
1221 3381 1499 3454 ἁμαρτίας
1522 3381 1601 3452 τῷ
1639 3380 1919 3452 Ναϐουχοα

2028 3393 2183 3440 sante
2233 3385 2435 3441 delicto
2482 3387 2646 3441 etiam
2713 3387 3004 3456 captivitas
3066 3391 3436 3459 conquiescat.
3493 3387 3620 3445 Hec

334 3479 576 3551 δονόσορ,
608 3477 700 3531 καὶ
740 3475 848 3542 οὓς
879 3473 1184 3543 παρέδωκε
1214 3473 1297 3539 τῷ
1344 3471 1600 3540 σατανᾷ,
1653 3472 1754 3526 ἵνα
1787 3486 1921 3526 παι-

2028 3486 2212 3532 autem
2239 3485 2295 3532 et
2335 3478 2402 3532 de
2435 3479 2594 3534 nobis
2637 3495 2933 3549 possumus
2965 3481 3266 3552 intelligere
3300 3500 3314 3535 :
3343 3483 3389 3536 si
3421 3497 3620 3551 pecca-

335 3571 593 3628 δευθῶσι
618 3570 704 3640 μὴ
738 3569 1148 3639 βλασφημεῖν,
1180 3565 1314 3639 φησὶ
1351 3565 1479 3638 περὶ
1524 3564 1700 3619 ἄλλων
1742 3566 1921 3636 ἀμαρ-

2029 3571 2293 3635 verimus,
2336 3579 2391 3626 et
2418 3587 2518 3626 nos
2545 3573 2742 3642 captivi
2769 3572 2939 3626 futuri
2975 3589 3187 3628 sumus.
3230 3572 3441 3627 Etenim
3477 3573 3619 3627 tradi

333 3662 522 3718 τωλῶν
563 3665 590 3716 ό
634 3661 973 3724 Ἀπόστολος.

2029 3668 2374 3731 peccatorem
2408 3658 2624 3715 Satanae
2655 3662 2698 3728 ⁸,
2729 3662 2864 3716 nihil
2905 3662 3072 3716 distat
3095 3664 3164 3718 ab
3187 3678 3254 3716 eo
3275 3663 3420 3732 quod
3446 3660 3617 3717 Judaei

335 3767 468 3814 sunt
504 3759 685 3812 traditi
743 3756 1264 3812 Nabuchodonosor.
1300 3752 1480 3824 thue
1523 3753 1647 3810 ilics
1679 3753 1821 3810 Deus
1857 3754 1936 3827 (9)
1971 3757 2246 3812 concessit
2287 3755 2622 3823 adversario,
2669 3765 2889 3826 propter
2936 3756 3247 3826 frequentes
3281 3757 3618 3826 impietates;

335 3851 419 3906 sic
467 3867 567 3906 nos
612 3861 833 3922 propter
877 3858 1096 3921 peccata
1155 3865 1278 3920 quae
1330 3848 1601 3914 fecimus,
1653 3849 1924 3904 tradimur
1977 3852 2210 3921 spiritali
2259 3851 2766 3907 Nabuchodonosor
2809 3870 2823 3906 :
2865 3859 2920 3906 et
2965 3867 3095 3922 quos
3137 3853 3375 3918 tradidi,
3417 3852 3616 3923 inquit,

341 3943 584 4011 Satame,
619 3956 678 4000 ut
701 3945 910 4002 discant
942 3962 1045 3999 non
1085 3942 1448 4012 blasphemare
1471 3943 1514 4008 ',
1545 3941 1842 4012 Apostolus
1867 3943 1936 3998 de
1965 3945 2089 4000 aliis
2113 3944 2513 4014 peccatoribus.

412 4041 552 4111 Ὅρα
584 4036 676 4093 οὖν
713 4039 942 4110 πηλίκον
975 4037 1144 4091 κακόν
1180 4038 1296 4090 ἐστι
1334 4035 1396 4089 τὸ
1428 4034 1788 4106 ἁμαρτάνειν,
1835 4034 1921 4088 ἵνα

2101 4040 2155 4094 4.
2193 4038 2332 4094 Puta
2359 4049 2624 4110 quantum
2659 4040 2864 4096 malum
2909 4049 2993 4097 est
3027 4056 3272 4111 peccare,
3302 4051 3362 4096 ut
3396 4043 3619 4099 tradan-

337 4133 686 4206 παραδοθῶσι
721 4131 801 4202 τῷ
842 4131 1066 4201 σατανᾷ,
1106 4125 1560 4199 αἰχμαλωτίζοντι
1604 4125 1704 4189 τάς
1744 4125 1921 4197 ψυχὰς

2031 4140 2120 4186 tur
2147 4132 2261 4203 (10)
2295 4130 2514 4187 Satanae
2547 4131 2842 4202 captivanti
2871 4132 3086 4188 animos
3108 4148 3298 4188 eorum
3328 4135 3420 4203 qni
3451 4135 3620 4189 relin-

336 4229 446 4283 τῶν
483 4221 1028 4295 ὲγκαταλειπομένων
1065 4219 1173 4274 ὑπὸ
1213 4217 1385 4273 Θεοῦο
1438 4219 1538 4273 οὐκ
1573 4218 1830 4283 ἀναιτίως
1864 4220 1921 4275 δὲ

2029 4231 2274 4292 quuntur
2306 4237 2337 4276 a
2371 4221 2483 4276 Deo
2512 4241 2526 4276 :
2559 4238 2666 4277 non
2705 4225 2824 4277 sine
2862 4237 3027 4278 causa
3060 4231 3265 4290 autem,
3295 4240 3472 4294 neque
3501 4227 3620 4280 sine

337 4321 616 4392 κάκρίτως
658 4315 1115 4387 ἐγκαταλιπόντος
1156 4311 1292 4366 Θεοῦ
1329 4311 1423 4376 οὒς
1468 4311 1917 4380 ὲγκαταλέλοιπε.

2025 4315 2232 4386 judicio
2277 4313 2389 4368 Deo
2439 4314 2778 4382 relinquente
2825 4329 2966 4383 quos
3013 4314 3234 4370 deserit.
3287 4313 3423 4369 Cum
3471 4315 3618 4371 enim

351 4411 520 4465 Ἐπὰν
555 4411 664 4481 γὰρ
695 4407 888 4480 πέμψῃ
926 4407 1017 4461 τὸν
1045 4404 1196 4459 ὑετὸν
1223 4404 1317 4457 ἐπὶ
1343 4402 1435 4458 τὸν
1459 4401 1783 4475 ἀμπελῶνα,
1814 4403 1842 4456 ὁ
1863 4402 1920 4456 δὲ

2028 4407 2240 4463 miserit
2282 4407 2522 4477 pluviam
2573 4421 2738 4475 super
2778 4405 3018 4472 vineam,
3068 4415 3122 4463 et
3167 4407 3329 4462 vinea
3370 4423 3470 4478 pro
3511 4424 3619 4467 uva

339 4502 603 4577 ἀμπελὼν
644 4500 788 4575 φέρῃ
836 4499 956 4554 ἀντὶ
990 4496 1268 4568 σταφυλῆς
1309 4494 1572 4558 ἀκάνθας,
1611 4493 1665 4546 τί
1706 4493 1921 4564 ποιήσει

2028 4499 2271 4555 attulerit
2313 4499 2520 4568 spinas,
2578 4497 2707 4568 quid
2749 4497 2911 4555 faciet
2955 4499 3061 4555 nisi
3094 4506 3154 4553 ut
3187 4499 3410 4556 mandet
3455 4501 3619 4556 nubi-

338 4601 370 4652 ό
411 4598 564 4662 Θεὸς,
609 4596 643 4670 ἦ
688 4597 810 4658 ταῖς
853 4593 1102 4662 νεφέλαις
1139 4591 1432 4645 ἐντελεῖται
1474 4588 1569 4643 τοῦ
1617 4589 1692 4661 μὴ
1736 4587 1921 4660 βρέξαι

2029 4591 2152 4657 bus,
2174 4607 2242 4646 ne
2265 4592 2456 4662 pluant
2481 4595 2647 4660 super
2666 4606 2786 4646 eam
2812 4590 3079 4647 imbrem?
3099 4590 3441 4663 Quapropter
3458 4593 3616 4663 127

342 4691 496 4747 ύετὸν
542 4689 636 4743 ἐπὶ
683 4687 771 4741 τὸν
819 4683 1156 4757 ἀμπελῶνα;
1205 4683 1509 4737 Ἐπίκειται
1557 4677 1649 4735 οὖν
1701 4679 1790 4734 διὰ
1827 4681 1921 4745 τὰς

2032 4681 2086 4736 in
2123 4681 2376 4752 proximo
2399 4689 2484 4736 est
2508 4689 2732 4751 propter
2763 4679 2960 4736 delicta
2988 4689 3200 4746 nostra,
3241 4697 3474 4751 quorum
3513 4697 3615 4736 no-

339 4782 617 4856 ἀμαρτίας
656 4779 812 4852 ἡμῶν
843 4778 937 4832 καὶ
965 4779 1100 4848 ἡμῖν
1126 4774 1490 4847 αἰχμαλωσία,
1526 4774 1620 4827 καὶ
1661 4773 1926 4844 μέλλομεν

341 4872 753 4947 παραδίδοσθαι,
773 4871 869 4925 έάν
884 4870 958 4941 μὴ
974 4868 1340 4940 μετανοῶμεν,
1357 4866 1436 4938 τῷ
1451 4864 1926 4937 Ναϐουχοδονόσορ

341 4966 437 5020 καὶ
457 4968 570 5028 τοῖς
597 4961 980 5025 Βαϐυλωνίοις,
1013 4960 1101 5013 ἵνα
1126 4960 1275 5030 ἡμᾶς
1305 4957 1654 5030 σπαράξωσιν
1675 4957 1723 5010 οἰ
1745 4957 1927 5027 νοητοί

342 5053 694 5110 Βαϐυλώνιοι.
733 5049 1128 5121 Ἐπικειμένων
1155 5047 1382 5111 τούτων,
1409 5050 1458 5101 οἱ
1481 5047 1629 5116 λόγοι
1653 5045 1763 5100 τῶν
1789 5064 1925 5117 προ-

341 5142 551 5214 φητῶν,
581 5143 632 5196 οἱ
665 5141 814 5209 λόγοι
851 5137 946 5192 τοῦ
976 5139 1163 5210 νόμου,
1199 5139 1248 5191 οἰ
1274 5137 1421 5206 λόγοι
1444 5137 1551 5191 τῶν
1585 5136 1921 5202 ἀποστόλων,

415 5262 436 5293 ⁸
463 5261 483 5315 1
517 5259 645 5316 Cor.
672 5275 723 5320 ν.
759 5259 814 5314 5.
889 5257 910 5289 ⁸
940 5255 961 5310 ι
1021 5255 1162 5311 Tim.
1190 5272 1228 5324 ι,
1257 5255 1346 5310 20.

2031 4775 2115 4830 bis
2147 4775 2354 4830 conscii
2401 4789 2616 4840 sumus,
2651 4782 2705 4828 et
2745 4788 2843 4827 nos
2891 4774 3175 4844 captivari.
3218 4772 3486 4828 Futurum
3533 4781 3621 4830 est

2029 4866 2177 4920 enim
2210 4875 2271 4919 ut
2301 4865 2618 4930 tradamur,
2661 4864 2706 4917 si
2750 4878 2860 4917 non
2893 4864 3168 4934 egerimus
3211 4865 3614 4935 paenitentiam,

2029 4957 2538 5014 Nabuchodonosor
2584 4965 2748 5027 atque
2779 4955 3122 5028 Babyloniis,
3161 4957 3254 5026 qui
3299 4971 3402 5012 nos
3440 4957 3618 5012 sensi-

2033 5043 2214 5100 biliter
2237 5045 2575 5099 excrucient.
2612 5045 2738 5099 Istis
2765 5043 2878 5112 jam
2905 5044 3300 5114 adiacentibus,
3333 5058 3618 5100 sermones

2030 5137 2443 5206 prophetarum,
2497 5149 2778 5190 sermones
2815 5135 2970 5206 legis,
3019 5149 3301 5190 sermones
3338 5132 3615 5204 apostolo-

416 5381 494 5449 (7)
533 5380 664 5436 Mss.
696 5379 868 5450 Regii,
894 5378 1332 5450 relinquerentur.
1373 5376 1531 5433 Libb.
1561 5377 1689 5432 edit.
1713 5417 1730 5443 ,
1771 5377 1936 5432 relin—
2035 5390 2170 5432 mss.
2215 5374 2412 5444 legitur
2447 5371 2613 5450 modo
2641 5373 2858 5450 tradar,
2882 5369 3062 5450 modo
3108 5371 3320 5450 tradat;
3348 5377 3620 5450 populin-

340 5460 610 5524 queretur,
641 5459 696 5504 et
725 5449 890 5524 infra,
927 5450 994 5502 ad
1029 5449 1390 5524 paenitentiam
1409 5456 1828 5524 _c_au_verteretur.

417 5521 494 5593 (8)
535 5520 692 5586 Mss.,
720 5520 973 5593 quiddam
1000 5516 1376 5574 necessarium.
1406 5517 1564 5573 Libb.
1593 5516 1724 5573 edit.
1743 5557 1759 5584 ,
1783 5532 1930 5588 (μεω-

341 5591 470 5646 dam
498 5591 817 5646 necessaria.

2033 5462 2194 5514 quam
2234 5433 2533 5499 tradantur.
2575 5433 2893 5515 Paulo_pos_t
2931 5441 2984 5515 in
3013 5433 3386 5515 Landunensi,
3417 5433 3617 5515 Geme-

2031 5509 2264 5582 ticensi,
2313 5525 2368 5569 et
2410 5514 2688 5568 nonnullis
2729 5509 2912 5580 Regiis
2941 5509 3246 5582 _habetur_:
3291 5519 3454 5582 neque
3499 5509 3615 5556 sine

2019 5586 2228 5656 judicio
2249 5573 2395 5656 'Dw
2418 5583 2736 5656 relinquente
2759 5573 2887 5656 ιιῖιξε
2916 5579 3146 5656 deter“;
3190 5576 3247 5628 ίιι
3281 5573 3404 5656 aliis
3437 5587 3610 5656 ιὲἶθεεο

419 5643 709 5731 “Humane
751 5659 869 5712 illos
900 5658 1062 5728 Deus,
1095 5669 1201 5716 etc.
1241 5657 1360 5714 Non
1390 5659 1574 5713 omnia
1607 5671 1730 5728 quae
1763 5657 1927 5731 habet
2019 5643 2192 5731 neque
2233 5656 2344 5708 sine
2371 5643 2578 5731 judicio
2621 5651 2714 5704 Dei
2759 5643 3098 5731 relinqueretis
3129 5643 3609 5731 quosndesegritLi'An

346 5726 451 5786 hoc
476 5726 605 5786 loco
622 5726 999 5800 Hieronymus
1018 5726 1054 5794 ,⁷
1083 5737 1440 5800 νερτωεοηιιιι
1463 5726 1752 5800 contextus
1777 5726 1927 5783 Grae-

347 5816 448 5856 cus
472 5802 789 5860 hodiernus,
819 5798 873 5852 in
897 5814 1008 5868 quo
1041 5798 1252 5854 videtur
1276 5814 1399 5854 esse
1430 5798 1633 5854 hiatus.

2028 5714 2182 5781 libris
2206 5714 2579 5790 antea'editi-s,
2617 5736 2776 5792 neque
2798 5715 3008 5790 judicio
3036 5714 3170 5771 Deus
3203 5714 3451 5786 relinquit
3483 5726 3612 5780 quos

421 5816 448 5856 s
472 5802 789 5860 hodiernus,
819 5797 873 5852 in
897 5814 1008 5868 quo
1041 5797 1252 5854 videtur
1276 5814 1399 5854 esse
1430 5798 1633 5854 hiatus.
2028 5797 2240 5852 deserit.

419 5873 535 5944 (10)
578 5870 904 5926 Traduntur.
942 5869 1031 5924 Sic
1065 5869 1235 5925 codex
1266 5868 1678 5925 Gemeticensis.
1708 5865 1768 5923 ιη
1803 5867 1926 5923 aliis
