4130 6432
523 389 629 445 959

1997 384 2322 441 ORICENIS

3684 390 3791 446 τοο

525 529 673 576 rum,
722 525 1003 567 sermones
1043 512 1206 566 etiam
1241 509 1453 565 Domini
1494 521 1547 566 et
1581 508 1880 565 Sal'vatoris
1930 509 2094 565 nostri

2205 510 2254 561 oi
2289 509 2436 578 λόγοι
2469 509 2562 563 106
2594 508 2820 582 Κυρίου,
2851 511 2945 564 καὶ
2970 511 3220 582 Σωτῆρος
3243 507 3400 584 ήμῶν
3445 511 3622 582 Ἰησοῦ
3657 512 3792 585 Χρι-

525 600 654 657 Jesu
688 599 890 656 Christi
941 601 1226 654 hortantur
1256 599 1323 654 ad
1355 600 1726 668 paenitentiam
1753 640 1768 664 ,
1811 610 2094 669 provocanl

2213 599 2360 665 a106,
2394 601 2639 669 λέγουσιν
2678 604 2810 672 ήμίν
2860 603 2987 674 περὶ
3021 602 3327 673 μετανοίας,
3375 603 3794 675 παρακαλοῦσιν

525 689 594 744 ad
641 689 892 743 salutem.
960 687 1016 742 Si
1057 696 1236 743 autem
1306 690 1664 754 audierimus,
1723 691 1999 746 credimus
2057 689 2106 744 ei

522 780 618 850 qui
679 780 817 834 dixit
857 797 872 834 :
914 777 984 832 Et
1029 797 1122 850 ego
1166 781 1524 848 paenitentiam
1565 799 1718 852 agam
1759 783 1824 835 de
1866 783 2105 835 omnibus

521 871 699 938 malis,
729 889 847 943 qua:
875 871 1081 927 locutus
1114 890 1230 928 sum
1259 874 1432 944 facere
1457 875 1530 928 eis
1567 876 1608 932 ⁸,
1651 873 1717 929 Et
1740 875 1855 930 haec
1883 875 2103 945 quidem

521 964 578 1020 in
610 965 956 1032 prommium.

591 1057 646 1110 5.
671 1054 801 1111 Post
839 1055 1165 1126 prommium
1197 1064 1379 1111 autem
1412 1057 1484 1111 ita
1519 1057 1787 1128 scriptum
1812 1066 1895 1114 est
1927 1099 1941 1113 .
1977 1057 2091 1112 Fa-

519 1159 632 1202 ctus
661 1157 739 1201 est
759 1147 976 1201 Domini
1002 1163 1172 1202 sermo
1202 1147 1272 1200 ad
1332 1164 1451 1201 eum
1473 1163 1494 1213 ;
1520 1159 1731 1204 certum
1762 1160 1844 1205 est
1874 1151 2002 1220 quia
2027 1151 2098 1206 ad

516 1237 836 1294 Jeremiam.
868 1237 1008 1304 Quid
1039 1237 1171 1291 dicit
1202 1251 1385 1293 sermo
1415 1239 1630 1294 Domini
1660 1239 1727 1293 ad
1766 1241 1936 1294 eum?
1964 1255 2103 1309 prai-

516 1333 739 1401 cipuum
768 1333 838 1386 ab
861 1331 1119 1385 omnibus
1147 1346 1268 1400 quae
1291 1332 1570 1403 pr0phetis
1599 1332 1742 1386 dicta
1776 1340 1904 1387 sunt
1933 1341 2100 1386 caete-

517 1424 614 1478 ris.
652 1422 766 1476 Hoc
792 1421 938 1476 enim
974 1438 1254 1492 nunquam
1286 1423 1354 1477 ad
1388 1423 1559 1476 ullum
1593 1427 1983 1492 prophetarum
2015 1423 2099 1476 di-

515 1524 664 1570 ctum
716 1515 1041 1570 invenimus.
1093 1515 1370 1568 Abraham
1425 1515 1692 1583 propheta
1746 1522 2098 1582 nuncupatus

515 1616 620 1671 est,
660 1607 713 1660 in
741 1621 808 1660 eo
839 1607 983 1673 quod
1011 1606 1210 1660 dicitur
1239 1624 1252 1660 :
1295 1605 1561 1674 PrOpIieta
1588 1614 1689 1670 est,
1716 1614 1766 1659 et
1796 1606 1972 1658 orabit
2001 1621 2097 1674 pro

518 1713 567 1755 te
589 1702 642 1767 ⁷;
671 1710 724 1755 et
756 1710 935 1756 tamen
985 1715 1092 1754 non
1123 1700 1260 1755 dixit
1288 1698 1355 1752 ad
1397 1714 1520 1753 eum
1552 1697 1696 1752 Deus
1723 1715 1736 1752 :
1772 1696 2096 1767 Priusquam

515 1806 564 1848 te
590 1793 910 1861 plasmarem
937 1797 991 1848 in
1019 1803 1190 1858 utero,
1228 1792 1346 1846 novi
1377 1799 1462 1855 te;
1490 1799 1539 1844 et
1564 1791 1876 1860 priusquam
1922 1791 2092 1844 exires

515 1885 580 1938 de
623 1884 798 1950 vulva,
844 1885 1173 1954 sancti/icavi
1225 1893 1272 1937 te
1296 1884 1339 1935 ⁸.
1379 1880 1483 1936 Sed
1521 1890 1710 1951 postea
1753 1881 1807 1934 in
1850 1893 2096 1936 extremo

510 1976 622 2045 jam
663 1985 909 2045 tempore
958 1976 1331 2031 sanctiticatus
1383 1983 1467 2028 est
1519 1973 1822 2039 Abraham,
1875 1971 2096 2043 quando

516 2084 772 2139 egressus
801 2076 884 2123 est
911 2068 977 2123 de
1008 2078 1151 2122 terra
1182 2083 1302 2130 sua,
1338 2075 1393 2120 et
1421 2065 1488 2120 de
1520 2066 1844 2135 cognatione
1889 2081 2008 2130 sua,
2042 2074 2098 2121 et

510 2159 580 2214 de
611 2160 772 2213 domo
804 2159 977 2229 patris
1021 2160 1105 2213 sui
1149 2159 1187 2212 ’.
1221 2157 1296 2212 Ex
1332 2159 1762 2226 repromissione
1810 2168 1973 2214 natus
2009 2167 2097 2215 est

514 2249 686 2317 Isaac,
719 2260 772 2304 et
801 2260 982 2304 tamen
1014 2265 1190 2320 neque
1227 2249 1290 2303 ad
1323 2264 1448 2303 eum
1495 2251 1797 2319 reperimus
1839 2249 1987 2304 hunc
2007 2249 2095 2304 di-

514 2355 663 2398 ctum
694 2357 818 2398 esse
859 2357 1190 2398 sermonem.
1225 2341 1293 2396 Et
1340 2341 1472 2412 quid
1519 2356 1606 2396 me
1633 2357 1855 2396 necesse
1883 2350 1968 2396 est
2001 2356 2096 2411 per

515 2435 763 2505 singulos
798 2436 1056 2490 currere?
1097 2433 1362 2490 Jeremias
1411 2434 1743 2504 praecipuum
1776 2433 1916 2489 inter
1953 2448 2093 2488 cun-

511 2533 630 2580 ctos
652 2536 976 2581 consecutus
989 2527 1215 2592 donum,
1232 2526 1447 2581 dicente
1472 2524 1740 2580 Domino:
1769 2524 2094 2595 Priusquam

509 2627 559 2672 te
581 2617 896 2681 plasmarem
925 2619 980 2672 in
1019 2631 1188 2686 utero,
1225 2619 1344 2674 novi
1375 2627 1466 2683 te;
1499 2628 1549 2672 et
1583 2620 1895 2689 priusquam
1921 2619 2092 2674 exires

507 2710 573 2765 de
597 2710 770 2777 vulva,
794 2712 1124 2780 sanctiﬁcavi
1160 2720 1230 2765 te.

578 2798 634 2853 6.
661 2797 848 2870 Neque
890 2815 1020 2855 vero
1049 2800 1366 2869 ignoramus
1395 2800 1666 2870 quosdam
1697 2815 1820 2856 esse
1848 2800 1941 2871 qui
1988 2800 2092 2856 ista

513 2890 774 2958 referant,
821 2892 981 2962 quasi
1018 2893 1192 2960 major
1227 2892 1297 2946 sit
1317 2889 1573 2958 Jcremia,
1607 2908 1771 2964 super
1814 2890 2094 2947 Salvatore

509 2994 698 3039 nostro
721 2993 776 3040 et
807 2983 1038 3038 Domino
1065 2982 1191 3038 Jesu
1225 2983 1448 3040 Christo
1477 3003 1490 3040 :
1537 2984 1933 3054 sciendumque
1964 2985 2092 3055 plu-

512 3076 652 3130 rima
680 3086 746 3130 ex
784 3075 870 3131 his
902 3091 1024 3130 esse
1049 3091 1170 3145 quae
1200 3087 1432 3146 possunt
1475 3074 1746 3130 Salvatori
1773 3077 2092 3144 convenire,

507 3183 630 3239 quas
657 3169 819 3223 etiam
853 3184 953 3224 nos
993 3169 1424 3240 interponemus.
1457 3169 1638 3234 Pauca
1683 3179 1861 3227 autem
1893 3187 2088 3227 eorum
2117 3206 2159 3265 ο

508 3278 630 3332 quae
655 3264 719 3318 ad
743 3262 1034 3318 Jeremiam
1062 3263 1206 3320 dicta
1231 3273 1381 3330 sunt,
1399 3274 1690 3320 coarctant
1724 3265 2086 3333 intellectum,

508 3355 666 3425 quasi
699 3369 806 3409 non
842 3355 1076 3424 possint,
1107 3367 1166 3410 ut
1204 3357 1388 3426 plures
1420 3356 1756 3421 existimant,
1788 3357 1855 3412 ad
1899 3356 2091 3412 Domi-

509 3461 641 3500 num
680 3445 896 3500 referri.
932 3445 1065 3513 Qua:
1111 3456 1240 3502 sunt
1281 3464 1411 3517 ergo
1449 3463 1572 3518 quae
1621 3457 1852 3516 possunt
1883 3464 2090 3504 conve-

509 3539 627 3594 nire
655 3537 922 3594 Domino?
953 3539 1036 3593 Ad
1065 3556 1243 3593 omnes
1291 3541 1359 3594 ad
1387 3557 1721 3611 quoscunque
1773 3541 1982 3596 mittam
2018 3551 2087 3607 te,

505 3632 626 3698 ibis,
665 3641 714 3686 et
741 3633 920 3686 omnia
962 3649 1079 3703 quia
1110 3633 1301 3687 mando
1329 3635 1422 3686 tibi
1459 3633 1706 3702 loqueris.
1739 3632 1822 3688 Ne
1849 3637 2033 3689 timeas
2056 3653 2091 3689 a

505 3725 644 3795 facie
669 3743 872 3792 eorum,
901 3727 1026 3796 quia
1051 3743 1144 3796 ego
1171 3736 1341 3780 tecum
1380 3742 1518 3792 sum,
1553 3734 1608 3779 at
1635 3743 1817 3780 eruam
1848 3737 1896 3782 te
1915 3769 1931 3792 ,
1956 3728 2087 3782 dicit

512 3816 762 3871 Dominus
789 3819 864 3881 '°._
902 3817 1144 3873 Necdum
1198 3817 1301 3871 ista
1351 3819 1524 3872 otiose
1581 3817 1697 3888 (li)
1729 3817 1982 3873 videntur
2022 3818 2091 3872 ad

510 3907 849 3964 Salvatorem
890 3911 1082 3965 referri
1119 3929 1132 3964 :
1165 3925 1227 3963 ea
1265 3924 1393 3963 vero
1436 3925 1559 3979 quae
1592 3919 1897 3979 sequuntur
1927 3929 1941 3964 :
1977 3908 2092 3962 Ea:-

508 4002 672 4056 tendit
732 4001 986 4054 Dominus
1042 4017 1258 4053 manum
1313 4017 1466 4054 suam
1514 4000 1583 4053 ad
1624 4017 1725 4066 me,
1753 4012 1799 4055 et
1829 4003 1997 4071 tetigit
2033 4018 2089 4055 os

508 4109 701 4159 meum,
733 4104 779 4146 et
805 4093 944 4145 dixit
977 4091 1236 4145 Dominus
1264 4095 1332 4144 ad
1357 4107 1436 4145 me
1470 4107 1488 4145 .'
1523 4091 1656 4145 Ecce
1677 4093 1799 4146 dedi
1824 4111 2088 4151 sermones

505 4202 645 4241 meos
682 4188 735 4241 in
764 4205 820 4242 os
845 4197 992 4241 tuum
1019 4203 1174 4251 ;ecce
1205 4186 1528 4240 constituite
1552 4186 1706 4240 hodie
1734 4205 1893 4256 super
1915 4198 2090 4258 gentes

504 4289 552 4332 et
582 4296 763 4351 regna,
787 4279 1057 4334 eradicare
1085 4289 1136 4335 et
1161 4279 1461 4346 disperdere
1494 4281 1533 4310 “
1562 4321 1578 4346 ,
1609 4280 1676 4335 de
1696 4278 1932 4336 Jeremia
1960 4279 2090 4337 dini-

506 4373 666 4429 cilem
683 4375 892 4434 faciunt
919 4371 1423 4440 interpretationem
1479 4392 1491 4427 :
1539 4385 1678 4441 quas
1715 4373 1860 4427 enim
1903 4382 2092 4441 gentes

506 4462 804 4516 eradicavit
825 4463 1131 4518 Jercmias?
1155 4479 1276 4533 quae
1301 4478 1465 4532 regna
1491 4464 1780 4527 subvertit,
1809 4475 1870 4518 ut
1895 4465 2092 4519 merito

2207 692 2357 761 ἡμᾶς
2376 693 2455 754 εἰς
2481 693 2838 764 ἐπιστροφήνο
2865 692 2960 746 ἐάν
2984 693 3326 764 ἀκούσωμεν,
3356 695 3688 765 πιστεύομεν
3715 695 3793 768 τῷ

2206 783 2484 853 εἰρηκότι·
2517 783 2882 850 Μετανοήσω
2906 785 3068 855 κάγὼ
3099 785 3234 854 περὶ
3263 784 3505 839 πάντων
3530 785 3652 840 τῶν
3695 806 3803 842 κα-

2206 874 2329 928 κῶν
2362 869 2450 928 ὧν
2480 874 2757 944 ἐλάλησα
2787 875 2894 930 τοῦ
2919 877 3169 946 ποιῆσαι
3193 877 3398 945 αὐτοῖς
3419 894 3434 909 ο
3478 878 3656 934 ταῦτα
3692 880 3792 951 μὲν

2205 967 2284 1028 εἰς
2309 964 2369 1018 τὸ
2392 966 2694 1036 προοίμιον.

2275 1058 2432 1112 Μετὰ
2460 1058 2517 1112 δὲ
2565 1059 2625 1111 τὸ
2663 1059 2949 1130 προοίμιον
2988 1059 3319 1129 γέγραπται,
3355 1060 3458 1124 ὅτι,
3521 1059 3787 1130 Ἑγέτσεετο

2202 1149 2386 1218 λόγος
2415 1150 2634 1217 Κυρίου
2661 1148 2811 1217 πρὸς
2834 1151 3039 1203 αὐτόν’
3069 1151 3226 1220 δῆλον
3251 1151 3333 1204 ὅτι
3365 1151 3459 1204 τὸν
3493 1151 3783 1222 Ἱερεμίαν.

2204 1242 2269 1294 τί
2302 1242 2359 1295 δὲ
2382 1241 2528 1309 λέγει
2549 1242 2577 1294 0
2596 1242 2753 1310 λόγος
2775 1241 2870 1295 τοῦ
2897 1239 3100 1314 Κυρίου
3130 1242 3263 1312 πρὸς
3285 1243 3478 1307 αύτόν;
3504 1242 3783 1314 ἐξαίρετον

2203 1331 2355 1401 παρά
2396 1332 2457 1384 τὸ
2513 1333 2802 1404 εἰρημένον
2865 1333 3000 1403 πρὸς
3043 1333 3170 1396 τοὺς
3195 1333 3414 1398 λοιποὺς
3473 1337 3778 1406 προφήτας.

2201 1423 2372 1478 Τοῦτο
2393 1425 2501 1496 γὰρ
2526 1425 2662 1498 πρὸς
2690 1425 2883 1480 οὐδένα
2906 1420 3138 1498 ἐύρομεν
3166 1426 3275 1481 τῶν
3306 1428 3600 1499 προφητῶν
3627 1431 3783 1501 εἰρη-

2203 1517 2380 1588 μένον.
2428 1517 2677 1588 Ἀϐραὰμ
2700 1519 2985 1590 προφήτης
3016 1520 3383 1590 ἐχρημάτισεν
3407 1521 3466 1572 ἐν
3486 1519 3592 1591 τῷ,
3633 1525 3778 1589 Προ-

2198 1607 2394 1677 φήτης
2423 1609 2578 1672 ἐστὶ,
2610 1609 2708 1662 καὶ
2757 1611 3151 1678 προσεύξεται
3191 1612 3324 1680 περὶ
3358 1612 3495 1665 σοῦ·
3549 1613 3643 1665 καὶ
3680 1611 3786 1668 οὒκ

2199 1697 2320 1755 εἶπε
2350 1702 2486 1773 πρὸς
2515 1703 2680 1756 αὑτὸν
2714 1705 2742 1756 0
2769 1702 2902 1767 Θεός
2919 1720 2932 1734 ·
2959 1704 3080 1774 Πρὸ
3106 1705 3217 1758 τοῦ
3246 1723 3322 1774 με
3345 1706 3578 1761 πλάσαι
3607 1724 3682 1762 σε
3710 1710 3784 1762 ἐν

2199 1794 2396 1860 κοιλίᾳ
2427 1794 2754 1865 ἐπίσταμαί
2774 1811 2868 1861 σε,
2911 1796 3007 1849 καί
3037 1796 3151 1864 πρὸ
3180 1796 3288 1848 τοῦ
3317 1812 3390 1851 σε
3412 1799 3684 1861 ἐξελθεῖν
3712 1801 3784 1854 ἐκ

2126 1863 2168 1918 Β
2189 1887 2423 1957 μήτρας
2446 1863 2668 1959 ἠγίακά
2708 1904 2802 1943 σε.
2858 1888 3018 1942 Ἀλλά
3056 1888 3286 1960 ὕστερόν
3321 1907 3450 1942 ποτε
3485 1891 3722 1962 ἡγιάσθη
3753 1894 3784 1946 0

2209 1979 2481 2051 ⁹Ἀϐραὰμ,
2505 1981 2594 2032 ὅτε
2623 1979 2848 2050 ἐξῆλθεν
2875 1982 2939 2033 ἐκ
2967 1981 3072 2050 γῆς
3094 1980 3278 2046 αὑτοῦ,
3309 1983 3406 2036 καί⁵
3432 1984 3497 2036 ἐκ
3522 1984 3623 2053 τῆς
3654 2001 3782 2052 συγα

2195 2070 2410 2140 γενείας
2447 2069 2638 2135 αὑτοῦ,
2672 2073 2767 2124 καὶ
2802 2072 2868 2124 ἐκ
2895 2071 2991 2125 τοῦ
3026 2071 3176 2125 οἴκου
3213 2071 3308 2126 106
3353 2075 3559 2145 πατρὸς
3589 2075 3781 2130 αὐτοῦ.

2209 2161 2297 2228 Ἐξ
2322 2161 2655 2230 ἐπαγγελίας
2681 2163 2970 2236 γεγένηται
2995 2164 3024 2217 0
3060 2164 3264 2232 Ἱσαάκ,
3290 2167 3383 2219 καὶ
3420 2167 3518 2236 οὐχ
3549 2165 3784 2238 εὕρομεν

2195 2251 2319 2306 ούδὶ
2365 2253 2502 2324 πρὸς
2527 2254 2693 2308 αὑτὸν
2713 2253 2904 2308 τοῦτον
2935 2254 3225 2325 λεγόμενον
3253 2257 3345 2310 τὸν
3371 2256 3549 2325 λόγον.
3587 2259 3700 2311 Kal.
3729 2259 3786 2312 τί

2199 2359 2266 2413 με
2284 2343 2366 2396 δεῖ
2383 2345 2706 2414 καταλέγειν
2731 2347 2858 2419 περὶ
2875 2346 2985 2400 τῶν
3009 2346 3164 2416 ἐξῆςς
3202 2348 3473 2422 Ἱερεμίας
3501 2349 3786 2420 ἐξαιρέτου

2195 2427 2310 2504 εἶχε
2342 2433 2572 2508 δωρεᾶς,
2593 2435 2725 2508 τῆς,
2762 2455 2781 2488 ι
2814 2437 2927 2508 Πρὸ
2957 2435 3053 2489 τοῦ
3087 2453 3154 2508 με
3188 2437 3391 2491 πλάσαι
3423 2454 3482 2490 σε
3517 2439 3574 2491 ἐν
3605 2437 3786 2510 κοιλία

2196 2525 2501 2597 ἐπίσταμαί
2541 2544 2624 2594 σε,
2664 2529 2761 2583 καὶ⁵
2789 2529 2898 2600 πρὸ
2933 2528 3027 2582 τοῦ
3078 2545 3136 2582 σε
3172 2526 3408 2593 ἐξελθεῖν
3453 2531 3518 2582 ἐκ
3565 2529 3784 2601 μήτρας

2193 2617 2402 2689 ήγίακά
2439 2635 2522 2674 σε.
2564 2637 2583 2670 s

2267 2795 2384 2851 Ούκ
2423 2797 2746 2869 ἀγνοοῦμεν,
2795 2799 2877 2852 ὅτι
2923 2797 3098 2852 ταῦτα
3137 2796 3469 2869 ἀναφέρουσί
3504 2811 3667 2862 τινες,
3707 2795 3784 2862 ὡς

2196 2888 2421 2959 μείζονα
2461 2890 2748 2962 Ἱερεμίου,
2771 2893 2863 2945 ἐπὶ
2885 2892 2974 2945 τὸν
3005 2892 3233 2962 Σωτῆρα
3261 2892 3355 2944 καὶ
3380 2890 3582 2962 Κύριον
3603 2889 3780 2961 ήμῶψ

2197 2982 2295 3036 καὶ
2329 2983 2532 3047 ἰστέον,
2554 2986 2636 3037 ὅτι
2669 2984 2739 3038 τὰ
2768 2984 2866 3055 μὲν
2889 2984 3058 3037 πολλὰ
3075 2983 3222 3054 αὐτῷ
3248 2983 3482 3054 συνᾴδει,
3506 2984 3602 3037 καὶ
3628 2983 3787 3036 δύναα

2192 3092 2285 3128 ται
2324 3076 2694 3147 ἀναφέρεσθαι
2729 3079 2826 3131 ἐπὶ
2857 3076 2948 3130 τὸν
2984 3076 3235 3148 Σωτῆρα,
3285 3077 3322 3130 ἀ
3359 3077 3783 3148 παραθήσομαι·

2193 3165 2350 3235 ὀλίγα
2374 3167 2430 3220 δέ
2471 3185 2592 3222 τινα
2623 3169 2760 3239 πρὸς
2787 3170 2912 3232 τοὺς
2947 3167 3174 3232 πολλοὺς
3213 3168 3523 3238 ἐφαρμόσαι
3561 3167 3640 3238 τῷ
3673 3169 3786 3221 Σω-

2192 3259 2339 3330 τῆρι.
2394 3260 2529 3314 Τίνα
2574 3257 2669 3313 οὖν
2715 3261 2833 3313 ἐστι
2875 3260 2943 3313 τά
2987 3259 3366 3332 ἐφαρμόζοντα
3415 3257 3494 3328 τῷ
3536 3259 3788 3329 Σωτῆρι;

2199 3367 2218 3402 ι
2248 3350 2394 3423 Πρὸς
2445 3351 2674 3416 πάντας,
2728 3351 2821 3416 οὒς
2845 3352 2939 3405 ἐάν
2979 3350 3345 3416 ἐξαποστείλω
3387 3367 3468 3413 σε,
3514 3351 3782 3423 πορεύσῃ·

2193 3444 2290 3498 καὶ
2335 3443 2476 3496 κατά
2519 3445 2696 3498 πάντα
2735 3445 2838 3496 ὅσα
2879 3443 2974 3497 ἐὰν
3017 3441 3339 3514 ἐντείλωμαί
3379 3459 3460 3495 σοι
3505 3441 3786 3513 λαλήσεις.

2191 3536 2284 3606 Μὴ
2311 3533 2556 3606 φοϐηθῇς
2577 3535 2685 3587 ἀπὸ
2715 3534 3008 3605 προσώπου
3031 3533 3230 3587 αὐτῶνο
3263 3535 3343 3587 ὅτι
3371 3532 3510 3604 μετά
3539 3534 3633 3588 σοῦ
3671 3534 3788 3606 εἰμι

2190 3625 2285 3678 τοῦ
2310 3624 2644 3696 ἐξαιρεῖσθαί
2673 3642 2752 3688 σε,
2771 3626 2918 3694 λέγει
2945 3622 3168 3697 Κύριος.
3202 3643 3220 3675 s
3249 3623 3414 3676 Οὔπω
3437 3624 3608 3677 ταῦτα
3633 3625 3788 3696 ἐναρ-

2192 3717 2305 3787 γῶς
2335 3717 2471 3788 πρὸς
2497 3717 2588 3769 τὸν
2613 3717 2844 3789 Σωτῆρα
2870 3717 3008 3782 δόξει
3035 3717 3102 3770 ἂν
3126 3715 3516 3788 ἀναφέρεσθαι,
3544 3716 3614 3770 τὰ
3657 3716 3786 3786 ἑξῆς

2191 3810 2282 3864 δέ·
2315 3828 2333 3860 ι
2366 3809 2476 3861 Καὶ
2509 3808 2739 3874 ἐξέτεινε
2764 3809 2968 3880 Κύριος
3000 3809 3098 3880 τὴν
3127 3809 3288 3879 χεῖρα
3321 3806 3488 3859 αὐτοῦ
3521 3807 3658 3878 πρός
3695 3823 3784 3876 με,

2195 3905 2296 3959 καὶ
2339 3903 2517 3975 ἥψατο
2547 3903 2643 3956 106
2679 3904 2943 3974 στόματός
2977 3921 3100 3974 μου,
3132 3903 3225 3955 xai.
3254 3896 3374 3954 εἷπε
3408 3902 3611 3974 Κύριος
3646 3904 3784 3974 πρός

2197 4014 2296 4070 με’
2337 3997 2469 4050 Ἰδοὺ
2495 3998 2704 4051 δέδωκα
2725 3999 2852 4058 τοὺς
2884 3995 3073 4063 λόγους
3097 4011 3198 4064 μου
3238 3995 3319 4056 εἰς
3345 3993 3407 4047 10
3456 3995 3629 4064 στόμα
3666 4010 3786 4047 σουο

2202 4089 2311 4143 ἰδοὺ
2343 4085 2658 4142 καθέστακα
2700 4103 2760 4138 σε
2794 4086 3033 4157 σήμερον
3058 4083 3150 4135 ἐπὶ
3179 4081 3305 4154 ἔθνη
3341 4085 3435 4136 καὶ
3478 4083 3783 4153 βασιλείας,

2194 4181 2446 4253 ἐκριζοῦν
2478 4182 2570 4235 καὶ
2606 4180 3035 4234 κατασκάπτειν.
3093 4197 3112 4228 ι
3175 4178 3444 4250 Ἱερεμίας
3485 4181 3613 4230 ποῖα
3655 4179 3785 4250 ἔθνη

2193 4271 2520 4343 ἐξερῤίξωσε
2546 4288 2564 4337 ;
2594 4271 2754 4333 ποίας
2781 4267 3114 4339 κατέστρεψε
3139 4267 3448 4334 βασιλείας;
3472 4269 3785 4340 γέγραπται

2192 4364 2321 4435 γάρ·
2355 4382 2375 4415 ι
2426 4363 2557 4417 Ἰδοὺ
2590 4361 2908 4416 καθέστακά
2943 4377 3000 4412 σε
3029 4361 3265 4430 σήμερον
3293 4361 3388 4412 ἐπὶ
3413 4360 3541 4429 ἔθνη
3569 4363 3662 4413 καὶ
3686 4360 3785 4430 βασ-

2196 4456 2420 4520 σιλείας,
2441 4455 2695 4528 ἐκριξοῦν
2721 4455 2813 4507 xa‘t
2839 4455 3270 4507 κατασκάπτειν,
3311 4471 3329 4504 ι
3365 4453 3530 4505 Ποίαν
3555 4452 3611 4504 δὲ
3638 4449 3788 4524 εἶχεν

507 4549 557 4605 ei
582 4551 788 4606 dictum
824 4553 924 4606 sit:
943 4551 1075 4606 Ecce
1101 4555 1350 4608 constitui
1377 4567 1425 4610 te
1455 4555 1608 4609 hodie
1642 4571 1797 4624 super
1819 4566 2015 4625 gentes,
2037 4563 2087 4607 et

2195 4548 2442 4612 ἐξουσίαν
2465 4551 2494 4602 0
2538 4549 2808 4620 Ἱερεμίας
2843 4548 2922 4610 εἰς
2961 4547 3022 4600 τὸ
3050 4545 3360 4609 ἀπολλύειν,
3391 4549 3531 4618 ὅπερ
3568 4550 3786 4620 εἴρηται

508 4655 663 4710 super
683 4657 840 4712 regna
851 4643 1123 4698 eradicare
1144 4645 1304 4714 128
1315 4652 1363 4698 et
1381 4645 1642 4712 suffodere
1660 4646 1684 4699 1’
1709 4645 1882 4710 Quam
1899 4645 2092 4698 habuit

509 4741 828 4804 potestatem
862 4733 926 4788 ad
953 4735 1400 4805 disperdeudum,
1427 4744 1485 4790 ut
1505 4735 1740 4790 audierit
1766 4754 1780 4790 :
1811 4745 1860 4789 et
1885 4736 2091 4805 disper-

507 4821 676 4876 dere?
713 4821 862 4889 Quos
908 4838 1039 4878 vero
1069 4824 1184 4890 (12)
1239 4824 1548 4889 aediﬁcavit,
1587 4833 1648 4879 ut
1694 4835 2094 4896 consequenter

507 4913 762 4978 addatur,
800 4915 1111 4984 wdiﬁcare?
1155 4914 1424 4970 Jeremias
1468 4916 1604 4972 dixit
1656 4935 1672 4971 :
1718 4915 1842 4971 Non
1889 4917 2089 4986 profui,

507 5020 669 5074 neque
709 5004 910 5074 profuit
955 5006 1084 5058 mihi
1117 5006 1336 5074 aliquis,
1371 5015 1425 5059 et
1451 5009 1730 5075 quomodo
1761 5007 1885 5061 data
1927 5016 2012 5062 est
2041 5008 2091 5062 ei

507 5096 792 5152 aediﬁcatio
835 5107 999 5166 atque
1058 5097 1360 5167 plantatio?
1410 5095 1554 5164 llaec,
1609 5108 1670 5153 ut
1715 5099 1976 5163 diximus,
2019 5099 2088 5154 ad

511 5189 848 5242 Salvatorem
903 5188 1069 5241 relata
1119 5204 1226 5241 non
1276 5197 1560 5242 coarctant
1616 5189 2085 5260 interpretantem.

507 5277 770 5333 Jeremias
790 5279 935 5332 enim
965 5279 1019 5332 in
1039 5279 1156 5333 istis
1182 5279 1482 5335 Salvatoris
1506 5280 1677 5350 ﬁgura
1699 5291 1802 5336 est.
1824 5280 1928 5336 Sed
1955 5293 2008 5337 et
2024 5299 2088 5339 ea

509 5384 630 5437 quae
663 5380 990 5440 sequuntur,
1024 5379 1075 5424 et
1115 5369 1434 5424 doctissimo
1474 5371 1682 5426 homini
1716 5373 2086 5430 difﬁcultatem

585 5565 608 5596 ⁸
639 5565 842 5622 Jerem.
879 5586 1033 5635 xvm,
1059 5573 1114 5626 8.
1191 5573 1210 5604 ⁷
1243 5573 1378 5627 Gen.
1409 5591 1502 5642 xx,
1533 5575 1588 5628 7.
1663 5575 1686 5606 "
1719 5575 1924 5634 Jerem.
1958 5593 1997 5643 ι,
2039 5578 2095 5633 5.

585 5684 697 5750 (Η)
732 5685 930 5742 Otiose.
967 5691 1230 5746 Vitiosam
1271 5695 1360 5750 hic
1390 5707 1611 5752 secutus
1646 5698 1860 5752 videtur
1899 5698 2093 5754 Hiero-

517 5766 722 5830 nymus
749 5764 927 5834 textus
963 5757 1134 5813 Graeci
1167 5763 1474 5836 lectionem,
1526 5783 1721 5837 nempe
1753 5768 1940 5841 ἀργῶς
1989 5785 2089 5839 pro

517 5822 786 5874 ἐναργῶς.
819 5823 1030 5874 diserte-
1060 5840 1254 5874 aperte-

550 5823 786 5890 ναργῶς,
819 5823 1030 5890 diserte,
1060 5840 1254 5894 aperte.

2193 4638 2270 4702 ὡς
2318 4638 2455 4710 πρὸς
2503 4637 2772 4710 Ἱερεμίαν
2810 4637 2869 4690 ἐν
2915 4635 3016 4706 τῷ,
3040 4636 3135 4692 καί
3157 4634 3514 4700 ἀπολλύειν-ς
3529 4637 3693 4702 Τίνας
3727 4637 3787 4692 δὲ

2196 4729 2483 4795 τοσούτους
2526 4730 2876 4801 ᾠκοδόμησεν
2936 4728 3224 4799 Ἱερεμίας,
3280 4727 3368 4783 ἵνα
3415 4729 3643 4802 λέγηται
3693 4731 3786 4786 καὶ

2192 4821 2629 4891 ἀνοικοδομεῖν;
2687 4820 2960 4892 Ἱερεμίας
3019 4819 3216 4887 φησιν’
3284 4820 3406 4872 Οὐκ
3472 4818 3787 4888 ὠφέλησα,

2193 4914 2336 4968 οὐδὲ
2363 4911 2640 4984 ὠφέλησέ
2671 4929 2748 4982 με
2786 4911 3007 4976 οὐδείς.
3038 4909 3161 4973 Πῶς
3189 4906 3280 4964 οὖν
3309 4910 3519 4964 δέδοται
3551 4910 3699 4982 αύτῷ
3724 4910 3788 4964 10

2195 5005 2500 5075 οἰκοδομεῖν
2522 5005 2616 5058 καὶ
2646 5001 3066 5072 καταφυτεύεινς
3100 4999 3226 5062 Πῶς
3258 5000 3350 5052 ἐπὶ
3381 5000 3472 5052 τὸν
3517 5000 3786 5071 Ἰερεμίαν

2197 5098 2500 5168 ἐφαρμόσει
2533 5097 2594 5149 τὸ
2629 5093 3046 5164 καταφυτεύειν;
3080 5091 3265 5144 Ταῦτα
3308 5094 3400 5145 ἐπὶ
3431 5092 3522 5144 τὸν
3552 5093 3788 5163 Σωτῆρα

2197 5189 2601 5261 ἀναφερόμενα,
2627 5187 2688 5240 ού
2716 5186 2887 5239 θλίϐει
2913 5186 3004 5238 τὸν
3028 5183 3416 5255 ὲρμηνεύοντα·
3442 5185 3523 5236 ὃτι
3549 5187 3577 5238 ὁ
3618 5185 3785 5256 Ἱερε-

2201 5282 2333 5353 μίας
2365 5283 2422 5333 ὲν
2458 5279 2667 5342 τούτοις
2711 5276 2980 5348 σύμϐολον
3021 5274 3115 5328 τοῦ
3150 5275 3401 5346 Σωτῆρός
3435 5276 3574 5329 ἐστι.
3618 5275 3700 5328 Τὰ
3730 5276 3789 5329 δὲ

2198 5373 2695 5445 παρατεθησόμενα
2739 5371 2880 5424 πάνυ
2923 5368 3094 5422 θλίϐει
3129 5367 3341 5420 καὶτὸν
3388 5369 3528 5422 πάνυ
3566 5369 3788 5422 συνετὸν

2171 5579 2193 5611 ⁹
2222 5578 2358 5634 Gen.
2398 5596 2496 5645 κη,
2535 5580 2587 5634 ι.
2667 5578 2710 5610 ¹⁰
2740 5575 2943 5631 Jerem.
2977 5590 3014 5642 ι,
3046 5574 3097 5639 7,
3125 5573 3180 5629 8.
3260 5574 3304 5604 “'
3332 5572 3462 5627 ibid.
3495 5573 3556 5638 9,
3586 5572 3678 5627 l0.

2274 5674 2392 5772 (i2)
2423 5701 2636 5758 Omnes
2659 5716 2816 5764 mss...
2846 5715 2976 5770 quos
3007 5712 3147 5754 uero.
3185 5696 3339 5754 Libb.
3361 5696 3784 5767 edit.,qutrmms

2198 5788 2338 5825 1370.
