4130 6432
311 409 410 469 2M

1561 408 1627 463 IN
1662 408 2009 464 IEREMIAM
2048 407 2331 464 HOMILIA
2377 408 2417 464 Ι.

3494 410 3603 464 262

317 527 640 598 βουλόμενον
676 525 844 590 δεῖξαι
887 525 1004 590 πῶς
1051 527 1144 579 καὶ
1177 524 1350 578 ταῦτα
1392 523 1615 576 δύναται
1663 523 1903 596 ἁρμόσαι

2016 514 2381 590 cipositionis
2409 521 2728 591 important,
2759 519 3035 590 quomodo
3059 522 3270 589 possint
3295 536 3600 591 congruere

315 619 411 670 ἐπὶ
440 619 534 670 τὸν
564 617 790 691 Σωτῆρα
810 635 825 650 ·
867 619 977 672 Καὶ
1007 613 1166 671 εἶπα·
1216 617 1270 668 '0
1292 615 1668 682 ὥθ’,δέσποτα
1702 619 1904 684 Κύριε,

315 709 447 765 ἰδοὺ
505 711 617 764 οὐκ
683 710 1004 779 ἐπίσταμαι
1049 709 1284 764 λαλεῖν·
1340 710 1489 772 ὅστις
1550 710 1667 761 ἐστὶ⁸
1722 709 1904 778 σοφία,

315 802 463 864 ὓστις
512 801 632 853 ἐστὶ
676 793 1102 871 δύναμιςᾯεοῦ,
1143 800 1201 864 ὃς
1228 801 1458 872 ῆνεγκεν
1500 800 1632 870 ἡμῖν
1673 799 1736 851 τὸ
1781 799 1911 870 πλήο

317 908 478 964 ρωμα
529 893 629 964 τῆς
680 891 950 962 θεότητος,
1004 892 1032 946 δ
1080 890 1404 964 κατῴκησεν
1437 893 1496 944 ὲν
1540 890 1690 962 αὐτῷ
1724 906 1910 960 σωμαο

319 987 502 1050 τικῶς.
546 985 673 1048 Πῶς
711 982 804 1038 οὖν
835 985 1056 1038 δύναται
1099 985 1363 1058 ἁρμόζειν
1391 983 1474 1046 τὸ,
1511 987 1633 1040 Οὐκ
1659 984 1909 1038 ἐπίστα-

315 1095 417 1149 μαι
456 1077 690 1142 λαλεῖν,
733 1077 811 1149 τῷ
851 1078 1102 1149 Σωτῆρι;
1158 1075 1319 1130 Ἀλλά
1351 1077 1443 1130 καὶ
1481 1081 1548 1133 τὸ
1571 1117 1586 1144 ,
1609 1075 1908 1144 Νεώτερος

320 1169 429 1242 ἐγὼ
474 1173 612 1240 ειμι,
664 1169 1070 1240 ἀπαγορεύεται
1112 1168 1248 1240 πρὸς
1291 1167 1381 1221 τὸν
1411 1168 1660 1239 Σωτῆρα,
1696 1167 1771 1230 ὡς
1827 1166 1909 1219 λέ-

325 1280 482 1333 γοντα
513 1262 674 1315 αὐτὸν
701 1264 762 1316 ού
799 1259 1002 1324 καλῶς.
1030 1261 1092 1312 El
1128 1258 1237 1330 γὰρ
1263 1257 1412 1329 αύτῷ
1435 1257 1584 1326 λέγει
1617 1260 1647 1311 ό
1677 1257 1904 1329 Κύριος,

321 1354 412 1422 Μὴ
444 1354 586 1424 λέτε
616 1353 772 1419 τόδε,
807 1353 984 1423 δῆλον,
1015 1352 1096 1404 ὅτι
1125 1351 1184 1404 ού
1223 1349 1404 1414 καλῶς
1430 1349 1726 1420 λεγόμενον
1794 1350 1906 1406 ἀπ-

322 1445 774 1518 αγορεύειαύτόν.
797 1447 907 1517 Ούχ
946 1442 1175 1516 ἁρμόζει
1205 1439 1298 1496 οὖν
1324 1441 1498 1495 ταῦτα
1539 1441 1632 1494 ἐπὶ
1664 1440 1756 1494 τὸν
1788 1441 1906 1494 Σω-

324 1536 474 1607 τῆρα.
529 1536 752 1590 Ἐκεῖνα
779 1535 929 1590 δοκεῖ
961 1535 1232 1590 δυσωπεῖν
1270 1535 1365 1588 ἐπὶ
1397 1533 1490 1587 τὸν
1522 1533 1776 1605 Σωτῆρα.
1811 1534 1905 1586 El-

321 1628 434 1678 πεῖν
464 1625 541 1690 δὲ,
573 1627 653 1680 ὅτι
676 1625 852 1680 ταῦτα
886 1627 984 1697 μὲν
1015 1626 1108 1678 ἐπὶ
1127 1625 1221 1678 τὸν
1253 1625 1524 1696 Ἱερεμίαν
1547 1625 1902 1696 ἀναφέρεται,

313 1716 494 1771 ἐκεῖνα
525 1717 581 1771 δὲ
626 1718 718 1771 ἐπὶ
759 1719 852 1773 τὸν
894 1717 1145 1789 Σωτῆρα,
1195 1717 1254 1770 ού
1290 1717 1547 1787 χαλεπόν.
1606 1711 1667 1768 Ὅ
1721 1717 1904 1786 μέντοι

311 1808 608 1880 εὐγνώμων
638 1810 781 1864 πάνυ
803 1809 1121 1878 θλιῦήσεται
1152 1808 1209 1861 ὲν
1235 1807 1312 1878 τῷ
1339 1808 1511 1877 τόπῳ,
1539 1805 1705 1878 ὁρῶν,
1731 1809 1813 1860 ὅτι
1846 1807 1907 1861 τὺ

2019 610 2278 665 Domino:
2297 609 2366 664 Et
2395 611 2512 664 dixi
2531 626 2550 664 :
2576 611 2679 676 Qui
2697 626 2750 664 es
2769 610 2882 680 (15)
2900 612 3199 665 dominator
3228 612 3469 679 Domine,
3483 630 3598 668 ecce

2016 703 2191 756 nescio
2214 701 2359 773 loqui
2394 704 2457 756 η.
2487 700 2589 767 Qui
2621 710 2704 757 est
2727 697 3013 771 sapientia,
3044 704 3137 773 qui
3171 714 3256 759 est
3281 705 3454 760 virtus
3477 705 3597 773 Dei,

2016 796 2070 849 in
2097 809 2210 865 quo
2232 794 2514 865 plenitudo
2533 793 2844 849 Divinitatis
2869 794 3509 865 inhabitatcorporaliter
3527 793 3594 858 “.

2014 886 2292 956 quomodo
2324 884 2452 939 huic
2486 884 2662 952 aptari
2697 893 2874 954 potest
2903 902 2916 938 :
2958 883 3151 938 Nescio
3177 885 3321 956 loqui
3343 887 3372 941 2
3401 887 3507 941 Sed
3543 895 3600 941 et

2013 977 2194 1032 illud:
2231 975 2372 1041 Quia
2411 976 2624 1045 juvenis
2668 991 2762 1046 ego
2799 992 2936 1039 sum,
2970 976 3314 1032 interdicitur
3345 978 3393 1032 ei
3439 980 3598 1046 quasi

2013 1083 2122 1124 non
2155 1070 2293 1124 bene
2331 1068 2703 1138 responderit.
2736 1067 2796 1121 Si
2829 1068 3025 1123 etenim
3052 1069 3102 1123 ei
3129 1069 3264 1126 dicit
3287 1069 3553 1125 Dominus
3583 1090 3596 1126 :

2016 1158 2199 1214 Nolite
2246 1159 2419 1212 dicere
2470 1158 2597 1230 quia
2641 1158 2854 1228 juvenis
2908 1175 3050 1224 sum,
3103 1158 3457 1215 manifestum
3515 1169 3602 1216 est

2014 1248 2172 1318 quasi
2203 1263 2309 1302 non
2343 1248 2478 1302 bene
2505 1247 2785 1302 dicentem
2824 1247 2997 1303 fuisse
3028 1249 3442 1317 reprehensum.
3474 1247 3600 1304 Haec

2014 1351 2144 1394 sunt
2180 1355 2303 1410 quae
2337 1336 2607 1393 Salvatori
2637 1339 2893 1394 videntur
2921 1355 3026 1395 non
3071 1341 3382 1396 convenire.
3417 1339 3597 1411 Supe-

2012 1431 2158 1486 riora
2186 1440 2371 1486 autem
2410 1430 2556 1486 facili
2586 1433 2860 1487 intellectu
2884 1433 2952 1488 ad
2984 1448 3108 1487 eum
3143 1432 3472 1488 referuntur.
3503 1433 3596 1486 Di-

2012 1539 2137 1580 cere
2178 1539 2309 1579 vero
2339 1525 2446 1579 alia
2471 1539 2636 1594 super
2660 1522 2916 1590 Ieremia,
2949 1525 3053 1579 alia
3103 1539 3268 1594 super
3299 1522 3591 1578 Salvatore

2012 1614 2422 1684 interpretanda
2447 1630 2590 1679 esse,
2619 1629 2725 1668 non
2751 1616 3048 1684 pessimum
3073 1623 3176 1672 est.
3205 1615 3309 1671 Sed
3334 1616 3430 1686 qui
3458 1619 3597 1671 bene

2015 1705 2332 1776 Scripturas
2358 1721 2518 1761 nosse
2549 1717 2800 1773 conatur,
2825 1708 3172 1763 vehementer
3201 1708 3255 1762 in
3281 1708 3387 1763 isto
3413 1710 3597 1764 trista-

2012 1795 2161 1850 bitur
2185 1797 2300 1868 (14)
2322 1797 2465 1863 loco,
2495 1797 2684 1853 videns
2711 1799 2812 1853 sub
2834 1813 2943 1853 uno
2962 1806 3110 1854 textu
3137 1800 3410 1855 sermonis
3424 1799 3592 1854 dividi

309 1877 568 1970 διακόσηῖλαῑ
588 1903 645 1954 ὲν
671 1899 851 1970 εἶρμῷ
869 1877 1048 1966 λόγων
1062 1898 1255 1967 λόγους
1285 1877 1411 1968 είρη
1421 1877 1614 1968 μένους
1637 1896 1748 1950 εἴτε
1776 1897 1903 1968 πρὸς

2014 1889 2371 1958 intellectum,
2401 1899 2457 1946 et
2486 1891 2594 1945 dici
2632 1910 2644 1944 :
2688 1887 2827 1955 haec,
2869 1893 3128 1961 quoniam
3176 1893 3389 1946 minora
3443 1902 3592 1957 sunt,

309 1990 404 2044 τὸν
443 1989 738 2060 Ἱερεμίαν,
775 1990 886 2042 εἴτε
931 1989 1070 2059 πρὸς
1098 1988 1188 2042 τὸν
1234 1988 1479 2059 Σωτῆρα.
1511 1987 1705 2041 Καίτοι
1731 1987 1910 2056 λέγειν

313 2079 490 2134 ταῦτα
517 2081 579 2132 οὑ
601 2079 676 2150 τῷ
702 2079 943 2152 Χριστῷ,
968 2079 1104 2133 ἀλλά
1128 2079 1204 2151 τῷ
1231 2078 1472 2152 Ἱερεμίᾳ
1498 2079 1760 2150 ἁρμόζειν
1778 2096 1792 2109 ·
1813 2077 1908 2133 καὶ

316 2173 507 2237 ταῦτα,
535 2174 656 2226 ἐπεὶ
680 2173 904 2244 μείζονά
933 2176 1084 2227 ἐστιν
1120 2173 1406 2245 Ἱερεμίου,
1435 2173 1497 2225 ού
1528 2171 1606 2243 τῷ
1640 2173 1905 2245 Ἱερεμίᾳ,

317 2263 453 2316 ἀλλά
481 2262 558 2333 τῷ
589 2263 809 2335 Χριστῷ
837 2263 1120 2336 ἁρμόζειν,
1164 2263 1496 2334 ἀγνωμόνων
1528 2263 1700 2318 ἐστίν,
1740 2265 1904 2318 Ὅλον

311 2350 406 2407 οὖν
451 2355 544 2406 ἐπὶ
579 2354 669 2407 τὸν
723 2355 994 2427 Ἱερεμίαν
1040 2355 1415 2427 ἁναφερέσθω,
1464 2355 1558 2409 καὶ
1604 2355 1780 2410 ταῦτα
1835 2355 1906 2411 τὰ

310 2445 571 2499 δοκοῦντα
601 2441 739 2499 εἶναι
777 2446 1000 2518 μείζονα
1043 2447 1312 2518 Ἱερεμίου
1349 2447 1763 2518 ἒρμηνευέσθω.

383 2537 497 2600 Πᾶς
537 2537 565 2589 ό
597 2535 778 2590 λαϐὼν
809 2536 1002 2606 λόγους
1032 2538 1140 2591 ἀπὺ
1169 2538 1328 2602 Θεοῦ,
1365 2540 1460 2591 καὶ
1507 2538 1647 2608 ἔχων
1679 2539 1780 2609 τὴν
1814 2539 1907 2610 χὰο

311 2642 396 2700 ριν
423 2628 533 2682 τῶν
561 2628 827 2699 οὐρανίων
864 2629 1063 2697 λόγων,
1093 2628 1285 2682 ἐλαϐεν
1320 2629 1516 2692 αὐτοὺς
1557 2628 1652 2681 ἐπὶ
1677 2629 1746 2682 τὰ
1776 2629 1904 2700 ἔθνη

310 2718 403 2772 καὶ
458 2718 758 2789 βασιλείας,
808 2719 1062 2791 ὲκριζοῦν
1108 2720 1201 2772 καὶ
1240 2719 1672 2774 κατασκάπτειν.
1741 2719 1907 2776 Ἀλλά

311 2808 438 2880 ἔθνη
457 2810 553 2864 καὶ⁷
575 2809 854 2880 βασιλείας
883 2810 978 2864 ὲάν
1004 2810 1230 2881 λέγηται
1258 2809 1510 2883 ὲκριζοῦν
1534 2813 1641 2876 πᾶς
1669 2813 1697 2866 ό
1725 2811 1906 2874 λασὼν

308 2900 499 2971 λόγους
538 2903 647 2956 ἀπὸ
694 2901 852 2965 Θεοῦ,
899 2901 977 2974 μὴ
1027 2902 1358 2972 σωματικῶς
1391 2919 1484 2973 μοι
1526 2903 1636 2956 νόει
1668 2904 1737 2958 τὰ
1773 2903 1902 2977 ἔθνη

310 2996 402 3049 καὶ
444 2995 544 3059 τὰς
577 2993 874 3064 βασιλείας,
901 2993 1036 3047 ἀλλά
1065 2995 1406 3066 κατανοήσας
1427 2994 1527 3058 τὰς
1557 2994 1904 3064 ἀνθρωπίνας

307 3085 485 3157 ψυχὰς
534 3086 958 3158 βασιλευομένας
1009 3085 1114 3139 ὑπὸ
1161 3085 1261 3156 τῆς
1317 3087 1609 3158 ἁμαρτίας,
1659 3088 1799 3142 κατὰ
1842 3088 1904 3142 τὸ

307 3175 595 3248 εἰρημένον
622 3176 771 3249 παρά
797 3176 876 3248 τῷ
909 3176 1241 3248 Ἀποστόλῳ·
1270 3176 1367 3246 Μὴ
1394 3174 1509 3233 οὖν
1522 3177 1901 3243 βασιλευέτω
1928 3212 1972 3269 c

308 3267 348 3335 ἠ
386 3267 642 3335 ἁμαρτία
666 3269 738 3320 ἐν
758 3266 837 3333 τῷ
866 3266 1060 3336 θνητῷ
1092 3267 1261 3337 ὑμῶν
1288 3269 1513 3338 σώματι
1535 3287 1548 3301 ο
1593 3270 1806 3341 βλέπων
1842 3272 1900 3326 δὲ

308 3357 402 3410 καὶ
426 3357 495 3411 τά
522 3357 692 3412 πολλά
714 3358 830 3430 εἴδη
853 3357 962 3411 τῶν
981 3359 1420 3431 ἁμαρτημάτων,
1457 3361 1777 3432 τροπολόγει
1807 3361 1902 3416 καὶ

309 3446 380 3501 τὰ
404 3446 553 3517 εθνη,
583 3447 678 3500 καὶ
708 3447 806 3510 τάς
838 3446 1138 3518 βασιλείας,
1169 3448 1264 3502 καὶ
1293 3448 1364 3502 τά
1385 3448 1564 3518 φαῦλα
1596 3448 1665 3503 τά
1692 3450 1752 3503 ὲν
1782 3453 1902 3513 ταῖς

307 3536 506 3608 ψυχαῖς
520 3537 628 3591 τῶν
649 3536 950 3610 ἀνθρώπων
969 3537 1120 3603 ὅντα,
1151 3539 1311 3594 ἆτινα
1327 3539 1666 3611 ὲκριζοῦται,
1689 3541 1784 3594 καὶ
1807 3557 1902 3595 κα-

307 3628 680 3682 τασκάπτεται
727 3627 834 3681 ὑπὸ
861 3627 970 3680 τῶν
1003 3627 1304 3700 δεδομένων
1334 3629 1444 3681 εῖτε
1493 3629 1740 3701 Ἱερεμίᾳ
1787 3630 1901 3683 εἴτε

309 3719 564 3792 ᾡτινιοῦν
587 3720 762 3788 λόγων
788 3720 882 3773 τοῦ
906 3718 1063 3773 Θεοῦ.
1098 3720 1210 3774 Καὶ
1230 3721 1452 3774 δύναται
1475 3721 1570 3774 καὶ⁸
1590 3720 1661 3775 τά
1681 3720 1897 3794 πρῶτα,

307 3809 378 3864 τὰ
398 3809 646 3864 θλίϐοντα
669 3811 746 3874 ὡς
778 3811 914 3882 πρὸς
933 3811 1023 3864 τὸν
1056 3810 1310 3883 Σωτῆρα,
1339 3811 1651 3882 ἐφαρμόσαι
1679 3811 1759 3882 τῷ
1801 3812 1900 3865 Ἱε-

310 3901 496 3974 ρεμίᾳ,
532 3903 626 3955 καὶ
656 3901 727 3956 τά
758 3901 986 3972 δεύτεροι
1016 3901 1216 3973 ὁμοίως
1254 3902 1332 3973 τῷ
1358 3902 1520 3955 είδότι
1554 3902 1904 3974 τροπολογεῖν

311 3994 624 4066 ἐφαρμόσαι
666 3992 744 4064 τῷ
783 3992 952 4064 αὐτῷ.
989 3995 1136 4064 Ἐρεῖ
1180 3993 1269 4064 μοί
1311 4011 1394 4058 τις
1433 3993 1541 4048 τῶν
1572 3995 1900 4050 ἀκουόντων·

307 4083 592 4156 Γύμνασον
643 4086 736 4140 καὶ
775 4085 865 4139 τὸν
906 4085 1066 4140 ἀλλον
1110 4085 1289 4154 λόγον,
1338 4085 1435 4139 καὶ⁸
1465 4084 1564 4138 ὅλα
1609 4086 1902 4158 πειράθητι

310 4177 665 4249 παραστῆσαι
699 4177 770 4231 τὰ
796 4176 1159 4250 γεγραμμένα
1205 4176 1512 4249 ἁρμόζοντα
1552 4177 1632 4249 τῷ
1665 4179 1899 4252 Σωτῆρι⁸

307 4271 441 4342 περὶ
471 4269 578 4322 τῶν
610 4269 878 4342 δευτέρων
929 4269 1004 4342 μὴ
1036 4268 1278 4338 ἀγωνία·
1317 4269 1569 4339 φαίνεται
1602 4269 1736 4344 γὰρ,
1758 4271 1840 4326 ὃτι
1871 4271 1903 4326 ό

307 4359 502 4431 Σωτὴρ
534 4358 858 4428 ὲξερῤίζωσε
903 4357 1004 4422 τάς
1046 4355 1310 4410 διασόλων
1356 4354 1655 4426 βασιλείας,
1702 4358 1796 4410 καὶ
1833 4358 1902 4413 τὰ

307 4448 436 4520 ἔθνη
466 4449 802 4519 κατέσκαψε,
819 4450 914 4503 τὸν
933 4449 1148 4504 ὲθνικὸν
1171 4448 1284 4521 βίον
1309 4448 1572 4504 καθελών.
1610 4451 1898 4518 Ἐνταῦθα,

2010 1998 2122 2038 non
2161 1983 2494 2039 conveniunt
2528 1983 2823 2049 Salvatori,
2854 1984 2948 2039 sed
2992 1981 3276 2045 Ieremia;
3309 1983 3399 2037 illa
3443 1998 3594 2050 vero,

2010 2075 2269 2144 quoniam
2321 2076 2531 2145 majora
2578 2085 2725 2142 sunt,
2753 2090 2862 2130 non
2911 2073 3181 2137 Ieremia,
3215 2075 3308 2130 sed
3351 2073 3594 2129 Christo.

2008 2165 2092 2220 0b
2117 2167 2170 2222 id
2209 2177 2408 2223 cuncta
2435 2182 2538 2222 nos
2573 2168 2640 2222 ad
2676 2165 2972 2223 Ieremiam
3004 2165 3210 2222 referre
3235 2167 3593 2234 tentabimus;

2009 2259 2116 2315 hoc
2143 2270 2246 2326 est,
2274 2269 2329 2314 et
2355 2275 2442 2326 ea,
2473 2276 2596 2330 quae
2621 2275 2746 2316 cum
2778 2261 2987 2332 majora
3013 2259 3145 2328 sint,
3181 2259 3437 2316 videntur
3460 2274 3597 2316 con-

2007 2351 2271 2407 ditionem
2303 2352 2423 2422 ejus
2456 2354 2735 2410 excedere.

2082 2533 2136 2590 7.
2165 2533 2492 2603 Quicunque
2521 2550 2550 2588 a
2595 2533 2704 2588 Deo
2734 2533 2943 2602 accepit
2971 2535 3160 2600 verba,
3193 2550 3418 2590 sumens
3463 2551 3592 2606 gra-

2008 2624 2144 2679 tiam
2175 2625 2413 2679 caelestis
2455 2623 2682 2694 eloquii,
2714 2623 2918 2678 idcirco
2958 2639 3023 2678 ea
3067 2626 3285 2694 accipit,
3326 2637 3385 2679 ut
3428 2641 3591 2695 regna

2009 2723 2310 2786 gentesque
2339 2714 2578 2769 eradicet
2607 2723 2772 2784 atque
2795 2714 3095 2770 subvertet.
3128 2714 3235 2770 Sed
3263 2731 3386 2772 cum
3417 2717 3596 2770 nomi-

2009 2813 2211 2860 nentur
2259 2815 2449 2877 gentes
2502 2813 2558 2861 et
2600 2821 2789 2876 regna,
2824 2807 3005 2861 omnis
3052 2808 3145 2878 qui
3193 2808 3375 2863 divina
3426 2811 3592 2865 verba

2008 2890 2270 2962 suscepit,
2312 2895 2438 2946 nolo
2487 2907 2612 2947 eum
2665 2893 3028 2964 corporaliter
3076 2895 3380 2967 intelligere
3428 2913 3591 2969 regna

2005 2994 2060 3041 et
2083 2996 2289 3056 gentes,
2323 2986 2416 3042 scd
2441 2987 2802 3044 considerans
2831 2988 3046 3046 animas
3074 2991 3357 3045 hominum
3396 3008 3595 3062 regna-

2006 3083 2092 3131 tas
2134 3093 2164 3131 a
2205 3087 2452 3148 peccato,
2482 3078 2638 3146 juxta
2671 3079 2724 3134 id
2749 3083 2896 3150 quod
2940 3081 2996 3135 in
3031 3081 3294 3153 Apostolo
3326 3083 3590 3152 scriptum

2003 3178 2090 3226 est
2135 3187 2149 3224 :
2200 3168 2323 3224 Non
2375 3180 2549 3238 regnet
2599 3179 2874 3240 peccatum
2923 3172 2978 3226 iu
3021 3184 3192 3228 uestro
3227 3175 3444 3229 mortali
3473 3189 3593 3229 cor-

2004 3277 2129 3331 pore
2157 3261 2240 3327 ¹⁶;
2279 3261 2470 3316 videns
2503 3277 2723 3333 quoque
2759 3262 2963 3319 multas
3003 3266 3214 3335 species
3242 3266 3588 3332 delictorum,

2004 3352 2319 3423 allegorizet
2366 3369 2529 3423 regna
2579 3365 2632 3409 et
2679 3363 2868 3424 gentes
2893 3371 2991 3427 per
3033 3358 3180 3412 varia
3213 3359 3432 3426 delicta,
3465 3375 3590 3430 quas

2005 3443 2276 3500 humanas
2314 3445 2531 3500 animas
2579 3448 2974 3516 possederunt;
3017 3455 3072 3502 et
3103 3448 3218 3505 haec
3259 3458 3421 3505 erunt
3467 3465 3593 3520 qna

2003 3534 2302 3590 evellentur
2332 3545 2498 3606 atque
2529 3533 2890 3592 suﬂ‘odientur
2911 3553 2943 3592 a
2970 3539 3317 3593 sermonibus
3347 3539 3461 3605 Dei,
3491 3540 3586 3609 qui

2003 3626 2116 3681 dati
2143 3635 2272 3682 sunt
2304 3626 2418 3681 sive
2440 3624 2712 3691 Ieremia,
2737 3627 2854 3681 sive
2892 3625 3104 3682 caeteris
3129 3627 3358 3682 sanctis.
3396 3625 3471 3682 Ita
3498 3631 3590 3684 flet

2003 3726 2064 3772 ut
2081 3717 2258 3788 prima
2272 3733 2396 3788 qua:
2410 3733 2520 3772 non
2538 3717 2863 3772 videbantur
2884 3732 3186 3788 congruere
3209 3717 3501 3782 Salvatori,
3518 3720 3586 3772 atl

2002 3804 2296 3863 Ieremiam
2326 3807 2488 3878 129
2500 3809 2804 3863 referantur
2823 3826 2839 3873 ;
2865 3817 2919 3863 et
2941 3811 3178 3866 secunda
3195 3811 3264 3865 ab
3285 3825 3350 3864 eo
3369 3811 3461 3880 qui
3483 3812 3588 3865 scit

2011 3900 2240 3969 ﬁgurate
2275 3899 2419 3955 dicta
2447 3915 2570 3970 qua:
2597 3900 2743 3955 dicta
2769 3911 2916 3966 sunt,
2949 3900 3204 3958 Ieremia:
3232 3902 3583 3973 deputentur.

2005 3987 2158 4044 Dicet
2183 3989 2318 4043 mihi
2365 3989 2568 4060 aliquis
2613 3989 2951 4057 auditorum,
2983 3992 3148 4049 etiam
3193 3993 3362 4048 alium
3409 3996 3587 4064 pande

2003 4094 2337 4143 sermonem,
2378 4087 2434 4135 et
2469 4089 2666 4135 cuncta
2697 4096 2820 4151 qua
2862 4083 3064 4154 scripta
3100 4093 3230 4139 sunt
3265 4098 3431 4154 super
3459 4081 3586 4139 Sal-

2001 4177 2210 4235 vatore,
2244 4169 2402 4239 quasi
2451 4169 2519 4224 de
2551 4184 2617 4225 eo
2657 4170 2769 4226 sint
2822 4173 3024 4244 scripta
3061 4175 3364 4240 constitue;
3399 4175 3467 4228 de
3494 4189 3586 4228 se-

2002 4262 2200 4318 cundis
2233 4262 2343 4316 noli
2374 4277 2498 4318 esse
2525 4264 2812 4318 sollicitus.
2843 4267 3080 4333 Apparet
3105 4265 3251 4318 enim
3287 4265 3415 4334 quia
3461 4263 3586 4321 Sal-

2002 4363 2159 4408 vator
2197 4353 2559 4410 eradicaverit
2603 4369 2769 4425 regna
2821 4354 3050 4421 diaboli,
3078 4362 3132 4414 et
3163 4355 3414 4411 nationes
3448 4358 3582 4412 sub-

2001 4445 2246 4513 verterit,
2292 4445 2549 4516 gentilem
2599 4447 2889 4501 destruens
2937 4447 3128 4505 vitam.
3171 4451 3230 4503 ln
3277 4448 3401 4505 istis
3433 4452 3583 4522 quod

308 4541 450 4595 κατά
487 4541 548 4595 τὺ
596 4539 809 4605 δοκοῦν,
849 4539 1150 4612 δύσφημον,
1197 4539 1273 4605 ὠς
1322 4540 1461 4612 πρὸς
1505 4540 1596 4595 τὸν
1644 4542 1894 4616 Σωτῆρα,

2007 4537 2342 4594 intellectum
2380 4536 2650 4592 diﬂicilem
2685 4537 2813 4592 facit
2843 4538 2948 4594 hoc
2981 4547 3085 4605 est,
3110 4540 3386 4610 quomodo
3409 4545 3585 4612 possit

308 4629 379 4700 γύ
387 4631 591 4702 μνασόν
611 4649 730 4694 πως
749 4630 844 4684 τὸν
856 4631 1032 4701 λόγον’
1057 4630 1174 4697 πῶς
1192 4631 1414 4686 δύναται
1435 4631 1614 4702 λέγειν
1629 4635 1660 4687 ό
1682 4635 1896 4708 Σωτήρο

310 4723 435 4776 Οὐκ
450 4722 770 4792 ἐπίσταμαι
792 4722 1028 4787 λαλεῖν,
1058 4722 1148 4777 ὅτι
1169 4722 1458 4793 νεώτερος
1492 4725 1606 4796 ἐγώ
1637 4729 1777 4796 ειμι.
1808 4727 1900 4780 καὶ

304 4812 378 4868 τά
407 4813 570 4883 ἑξῆς;
614 4815 798 4886 Ὁρᾷς,
830 4815 914 4868 ὅτι
941 4816 972 4868 ό
999 4813 1157 4884 λόγος
1186 4819 1632 4890 στενοχωρεῖταις
1659 4818 1752 4872 τὸν
1783 4819 1899 4872 Σω-

305 4904 452 4978 τῆρα
479 4905 700 4977 οἴδαμεν
734 4904 958 4978 Κύριον.
984 4904 1264 4977 Ζητοῦμεν
1289 4905 1436 4960 κατὰ
1471 4907 1572 4979 τὴν
1611 4907 1772 4972 ἀξίαν
1802 4907 1898 4963 τοῦ

305 4995 491 5066 λόγου,
516 4999 612 5052 καὶ
641 4997 784 5052 κατά
809 4998 910 5070 τὴν
935 4996 1194 5068 ἀλήθειαν
1226 4998 1399 5052 ταῦτα
1423 5000 1517 5054 ἐπὶ
1547 5001 1642 5055 τὸν
1671 5001 1900 5073 Σωτῆρα

307 5089 626 5158 ἀναγαγεῖνο
657 5090 943 5162 μάρτυρας
961 5089 1044 5142 δεῖ
1070 5088 1256 5142 λαϐεῖν
1274 5089 1374 5154 τὰς
1402 5091 1643 5163 Γραφάς.
1695 5093 1896 5166 Ἀμάρ-

305 5192 463 5249 τυροι
491 5177 600 5250 γάρ
626 5181 681 5232 αί
711 5178 960 5232 ίιτιιὸολαλ⁵
981 5179 1140 5252 ἡμῶν
1167 5179 1260 5233 καὶ
1281 5179 1337 5232 αἱ
1363 5178 1655 5252 ἐξηγήσεις
1676 5180 1898 5235 ἄπιστοί

308 5270 476 5324 εἰσιν·
526 5270 648 5324 Ἐπί
669 5273 922 5342 στόματι
948 5273 1056 5326 δύο
1091 5271 1189 5326 καί
1218 5269 1396 5338 τριῶν
1416 5273 1736 5341 μαρτύρων
1760 5290 1900 5327 στα-

307 5361 557 5430 θήσεται
590 5363 716 5419 πᾶν
741 5363 923 5434 ῥῆμα,
954 5363 1153 5436 μᾶλλον
1182 5363 1413 5435 ἁρμόζει
1457 5361 1549 5417 ἐπὶ
1579 5363 1690 5417 τῶν
1715 5364 1900 5437 διηγή-

2007 4627 2258 4684 Salvator
2289 4628 2508 4684 dicere:
2535 4627 2729 4684 Nescio
2754 4627 2919 4700 loqui,
2945 4630 3070 4702 quia
3088 4630 3298 4700 juveni:
3322 4647 3414 4702 ego
3440 4649 3580 4699 sum,

2003 4729 2060 4776 et
2108 4729 2324 4776 caetera.
2361 4719 2420 4774 ln
2450 4720 2552 4776 hoc
2594 4737 2848 4778 sermone
2877 4723 3298 4792 interpretantes
3341 4737 3583 4795 coangu-

2008 4820 2244 4866 stantur.
2279 4809 2468 4866 Iesum
2497 4810 2779 4868 Christum
2808 4814 3016 4868 scimus
3045 4812 3215 4868 Deum
3245 4832 3260 4870 :
3285 4814 3582 4883 quaerimus

2006 4904 2178 4960 verba
2225 4919 2349 4974 qua:
2391 4905 2539 4960 dicta
2572 4913 2702 4960 sunt
2734 4905 2890 4974 juxta
2923 4919 3169 4975 personae
3198 4919 3472 4974 exponere
3499 4907 3585 4962 di-

2008 4995 2270 5067 gnitatem
2301 5012 2315 5050 :
2344 5004 2682 5067 quapropter
2707 5010 2932 5052 necesse
2955 5005 3038 5050 est
3068 4997 3226 5053 nobis
3269 4995 3583 5067 Scripturas

2007 5095 2228 5143 sanctas
2289 5089 2344 5142 in
2396 5088 2773 5144 testimonium
2839 5101 3073 5154 vocare;
3124 5103 3325 5144 sensus
3381 5089 3584 5158 quippe

2007 5182 2181 5235 nostri
2218 5188 2274 5234 et
2300 5180 2680 5235 enarrationes
2705 5179 2823 5234 sine
2863 5177 2932 5234 iis
2971 5182 3202 5236 testibus
3238 5197 3348 5236 non
3380 5181 3582 5237 habent

2007 5271 2166 5324 [idem
2201 5287 2216 5324 :
2250 5277 2305 5324 et
2333 5270 2435 5325 hoc
2470 5270 2613 5337 quod
2641 5270 2846 5324 dictum
2875 5277 2961 5325 est
2995 5287 3009 5324 :
3037 5268 3104 5323 In
3133 5284 3222 5322 ore
3251 5269 3477 5321 duorum
3503 5264 3582 5318 uel

2006 5365 2170 5418 trium
2197 5363 2411 5418 testium
2451 5363 2611 5418 stabit
2655 5378 2812 5417 omne
2834 5363 3045 5418 verbum
3077 5362 3143 5428 ",
3174 5359 3345 5429 magis
3381 5370 3583 5411 conve—

383 5505 429 5536 “
465 5505 598 5560 ibid.
625 5506 680 5560 6.
758 5507 802 5539 ¹³
831 5507 1019 5563 Colos.
1057 5524 1116 5572 ιι,
1154 5507 1208 5562 9.
1288 5507 1331 5538 ”
1363 5505 1520 5560 Rom.
1554 5522 1630 5569 vr,
1661 5507 1747 5563 l2.
1828 5509 1872 5541 ¹⁸

2007 5508 2096 5564 lth.
2136 5521 2292 5573 xvm,
2324 5505 2412 5560 16.

382 5624 520 5708 (ιὸξὶ
542 5624 816 5708 1ηηιιιιιειι,
843 5625 1016 5708 editis,
1051 5625 1192 5681 male
1215 5625 1714 5708 ,Ιεςίιιιι-,Λᾳαίεεῃ
1744 5635 1798 5708 et
1832 5625 1888 5680 in

308 5693 446 5751 mss.
479 5693 662 5767 Regiis
689 5695 816 5764 quid
851 5703 948 5748 est.
973 5693 1112 5750 Vera
1136 5693 1338 5766 quippe
1363 5693 1524 5749 lectio
1549 5706 1653 5758 est,
1687 5699 1777 5766 qui
1805 5713 1882 5750 es.

309 5761 410 5820 Hic
440 5767 585 5820 enim
627 5779 753 5818 cum
797 5762 1028 5836 Origene
1070 5764 1211 5820 LXX
1247 5772 1470 5821 secutus
1505 5764 1888 5836 estHierony-

311 5850 456 5902 mus,
486 5837 579 5907 qui
615 5851 668 5888 In
692 5850 790 5889 sua
811 5832 1058 5889 Ieremia:
1085 5837 1530 5906 interpretatione
1561 5832 1884 5891 Hebraica'm

1999 5627 2248 5697 sequitur
2301 5626 2606 5697 veritatem,
2638 5621 2732 5697 ubi
2781 5620 2928 5697 hunc
2958 5633 3180 5675 versum
3211 5617 3292 5673 sic
3341 5615 3514 5671 reddit
3556 5627 3576 5669 ι

1995 5708 2045 5752 et
2073 5690 2212 5751 dixit
2235 5737 2248 5750 .
2281 5703 2348 5759 Α,
2382 5712 2435 5757 a,
2468 5712 2520 5754 τι.
2553 5690 2968 5759 Domiue__l)eus.

2072 5769 2186 5837 (tt)
2222 5753 2376 5832 Mss},
2407 5753 2745 5818 lriatabitur;
2780 5757 2872 5810 lib.
2907 5758 3064 5824 edit.,
3090 5753 3323 5811 instabit.
