4130 6428
526 379 636 432 1(3

1948 363 2273 421 URIGENIS

3683 377 3789 434 Elii

533 497 615 550 nit
647 495 714 548 ad
755 492 1163 562 interpretantis
1191 485 1587 558 probationem,
1619 501 1786 556 quam
1828 498 2098 554 quorum-

2205 498 2343 534 creant
2367 480 2399 552 ἢ
2425 483 2516 533 ἐπὶ
2543 480 2648 533 τῶν
2673 479 2768 533 ἀνθ
2779 479 2994 550 ρώπων,
3021 479 3108 533 ἵνα
3137 482 3320 552 στήσω
3343 481 3412 535 τὰ
3435 485 3657 555 ῥήματα
3685 492 3782 561 τῆς

535 603 756 655 cunque
799 584 1081 638 hominum
1133 594 1421 633 numerum
1461 596 1474 630 :
1521 586 1580 631 ut
1618 576 1828 630 ﬁrmem
1872 576 2100 630 verbum

539 676 845 730 intellectus
885 669 1014 732 mei,
1044 667 1316 735 accipiens
1367 665 1507 719 duos
1547 672 1712 718 testes
1753 663 1821 717 de
1866 659 2017 715 Novo
2048 669 2103 714 et

537 763 717 821 Veteri
749 764 1112 822 Testamento,
1148 758 1423 827 accipiens
1463 766 1573 810 tres
1609 765 1773 810 testes
1814 755 1881 808 de
1925 753 2102 808 Evan-

532 859 695 928 gelio,
730 858 796 910 de
841 857 1124 925 propheta,
1169 852 1236 904 de
1281 849 1561 917 Apostolo.
1610 847 1702 902 Sic
1745 847 1889 902 enim
1937 844 2102 900 stabit

532 964 692 1003 omne
722 948 970 1002 verbum.
1005 943 1291 1009 Quomodo
1319 942 1484 1010 igitur
1506 938 1807 992 valebimus
1831 937 1934 992 ista
1971 951 2101 990 eon—

528 1039 755 1109 iungere
797 1037 1101 1092 Salvatori?
1157 1035 1255 1086 Det
1304 1031 1438 1086 mihi
1492 1030 1865 1084 testimonium
1930 1025 2100 1079 Vrtus

532 1129 938 1185 Testamentum
985 1146 998 1180 :
1043 1128 1184 1192 Quia
1216 1125 1524 1194 priusquam
1563 1129 1812 1190 agnoscat
1841 1135 1970 1186 puer
2009 1117 2100 1170 bo-

529 1238 653 1274 ntttn
675 1231 766 1274 aut
811 1220 1010 1272 malum
1058 1219 1121 1279 “,
1156 1226 1211 1271 et
1252 1224 1467 1270 caetera.
1517 1211 1618 1266 Det
1657 1212 1820 1266 etiam
1874 1210 2042 1264 Isaias
2082 1227 2096 1264 :

531 1311 666 1366 Ecce
719 1310 878 1381 Virgo
926 1311 1178 1378 concipiet
1226 1309 1278 1360 in
1321 1315 1490 1370 utero,
1523 1315 1572 1357 et
1619 1307 1789 1372 pariet
1823 1303 2016 1371 ﬁlium,
2047 1311 2099 1356 ct

530 1403 801 1456 vocabitur
827 1417 1012 1454 nomen
1033 1400 1146 1468 ejus
1180 1395 1491 1451 Emmanuel
1524 1396 1598 1460 ¹⁷;
1636 1394 1819 1464 ibique
1847 1392 2096 1448 additur:

533 1492 852 1563 Priusquam
874 1499 1151 1560 cognoscat
1176 1505 1325 1557 puer.
1357 1486 1413 1540 Si
1437 1497 1612 1540 autem
1643 1485 1784 1540 etde
1809 1483 2098 1554 Evangelio

531 1587 778 1653 accipere
825 1589 1036 1651 oportet
1085 1578 1478 1641 testimonium,
1505 1576 1666 1630 Jesus
1720 1578 1950 1631 necdum
1994 1575 2094 1641 vir,

533 1677 629 1732 sed
685 1676 863 1730 adhuc
918 1672 1120 1736 infans,
1151 1671 1278 1740 quia
1335 1686 1394 1724 se
1439 1670 1816 1723 exinaniverat
1863 1667 2096 1722 formam

532 1765 674 1821 servi
717 1765 1008 1832 accipiens,
1043 1760 1378 1830 proﬁciebat.
1417 1758 1588 1813 Nemo
1634 1769 1818 1814 autem
1861 1760 2094 1829 proﬁcit,

2210 571 2526 643 ἑρμηνείας,
2551 570 2730 622 λαϐὼν
2765 570 3045 641 μάρτυρας
3070 571 3164 623 δύο
3192 573 3299 625 ἀπὸ
3327 575 3522 646 καινῆς
3557 580 3652 634 καὶ
3686 599 3785 639 παρ-

2205 664 2362 740 λαιᾶς
2396 661 2691 730 Διαθήκής·
2746 660 2922 712 λαϐὼν
2974 662 3254 734 μάρτυρας
3286 668 3436 736 τρεῖς
3469 667 3579 721 ἀπὸ
3609 671 3787 743 Εὐαγ-

2206 752 2407 819 γελίου,
2449 752 2557 805 ἀπὸ
2594 755 2895 824 προφήτου,
2932 755 3038 807 ἀπὸ
3077 757 3418 812 Ἀποστόλου.
3459 761 3646 828 Οὕτως
3678 770 3785 838 γὰρ

2210 846 2536 915 σταθήσεται
2567 848 2674 898 πᾶν
2703 847 2872 916 ῥῆμα.
2903 847 3025 910 Πῶς
3057 845 3148 902 οὖν
3180 849 3453 920 δυνάμεθα
3484 855 3656 908 ταῦτα
3691 859 3786 912 ἐπὶ

2205 937 2295 988 τὸν
2321 938 2548 1008 Σωτῆρα
2574 940 2903 1006 ἁναγαγείν;
2942 941 3077 1010 Φέρε
3107 943 3358 1013 μάρτυρα
3391 945 3626 999 παλαιὰν
3657 951 3785 1004 Δια-

2207 1027 2578 1098 ΘήκηνοΔιότι
2611 1031 2755 1095 πρὶν
2787 1029 2824 1097 ἢ
2856 1029 3075 1099 γνῶναι
3109 1031 3173 1084 τὸ
3205 1033 3445 1086 παιδίον
3481 1038 3710 1105 ἀγαθὸν
3742 1041 3780 1108 ἣ

2205 1119 2414 1180 κακὸν,
2447 1119 2678 1173 ἀπειθεῖ
2698 1123 2959 1188 πονηρίᾳ
2989 1123 3094 1176 τοῦ
3139 1125 3503 1189 ἐκλέξασθαι
3543 1131 3609 1182 τὸ
3647 1133 3783 1202 dra.

2205 1213 2343 1295 ρον·
2385 1211 2479 1262 καὶ
2507 1210 2764 1281 ἄντικρυς
2801 1212 2974 1265 ταῦτα
3021 1215 3150 1284 περὶ
3182 1215 3276 1268 τοῦ
3323 1218 3574 1290 Σωτῆρος
3608 1224 3665 1276 ὲν
3702 1224 3780 1295 τῷ

2219 1289 2412 1368 Ἡσαΐᾳ
2441 1299 2706 1354 λέλεκται·
2748 1301 2893 1355 Ἰδοὺ
2923 1303 2960 1369 ἡ
2988 1303 3293 1372 Παρθένος
3311 1307 3381 1359 ἐν
3405 1289 3617 1378 γαστρὶ
3634 1289 3775 1378 ἕξειν,

2205 1390 2303 1443 καὶ
2341 1389 2569 1454 τέξεται
2601 1392 2752 1456 υἱὸν,
2791 1394 2886 1445 καὶ
2917 1394 3252 1450 καλέσουσι
3284 1398 3349 1451 τὸ
3383 1399 3569 1470 ὄνομα
3594 1406 3780 1461 αὑτοῦ

2217 1480 2608 1550 Ἐμμανουήλ.
2641 1483 2748 1535 Καὶ
2775 1484 2892 1536 ἐκεῖ
2923 1487 3257 1556 ἐπιφέρεται⁹
3292 1491 3440 1557 Πρὶν
3481 1493 3520 1560 ἢ
3561 1495 3782 1564 γνῶναι

2204 1574 2270 1626 τὸ
2305 1574 2566 1628 παιδίον.
2592 1576 2652 1628 Ei
2677 1576 2733 1628 δὲ
2764 1578 2858 1630 καὶ
2890 1579 2997 1630 ἀπὸ
3027 1580 3355 1650 Εὑαγγελίου
3381 1583 3461 1636 δεῖ
3484 1584 3784 1656 λαμϐάνειν

2206 1664 2576 1735 παράδειγμαο
2622 1665 2829 1736 Ἰησοῦς
2872 1667 2970 1720 οὐκ
3017 1670 3155 1742 ἀνήρ
3194 1673 3502 1744 γενόμενος,
3548 1678 3662 1731 ἀλλ’
3704 1681 3782 1738 ἔτι

2206 1754 2413 1809 παιδίον
2438 1755 2536 1818 ὢν,
2582 1756 2704 1808 ἐπεὶ
2747 1757 3011 1812 ἐκένωσεν
3051 1761 3262 1828 ἑαυτὸν,
3308 1769 3662 1837 προέκοπτεν
3692 1771 3784 1824 οὐ·

530 1857 732 1925 quiest
760 1855 1052 1924 perfectus,
1091 1852 1186 1908 sed
1218 1852 1308 1906 ille
1331 1851 1572 1921 proﬁcit,
1604 1853 1698 1919 qui
1739 1851 1947 1921 indiget
1972 1866 2100 1921 pro-

2201 1847 2313 1911 δεὶς
2344 1847 2452 1918 γὰρ
2486 1849 2784 1920 προκόπτει
2824 1852 3262 1924 τετελειωμένος,
3305 1859 3439 1913 ἀλλὰ
3477 1864 3782 1933 προκόπτει

531 1947 691 2002 fectu.
721 1945 862 2016 Ergo
900 1945 1218 2016 proﬁciebat
1249 1952 1428 2007 aetate,
1459 1943 1778 2012 proﬁciebat
1809 1943 2099 2012 sapientia,

530 2036 844 2104 proﬁciebat
893 2034 1087 2104 gratia,
1119 2042 1173 2087 et
1219 2031 1364 2102 apud
1413 2029 1584 2085 Deum
1630 2040 1686 2084 et
1727 2031 1869 2099 apud
1918 2031 2099 2086 bomi-

531 2143 628 2184 nes
657 2128 720 2182 ³⁸.
755 2126 892 2182 Nam
919 2127 962 2181 si
994 2133 1354 2180 evacuaverat
1386 2124 1624 2192 seipsum
1651 2123 1718 2178 ad
1744 2117 1844 2177 nes
1883 2123 2104 2178 descen-

528 2219 684 2286 deus,
712 2229 766 2276 et
795 2233 1068 2274 evacuans
1091 2217 1332 2287 soipsum
1365 2215 1662 2286 resumpsit
1708 2215 1904 2269 iterum
1937 2229 1999 2268 ea
2035 2214 2101 2268 de

529 2309 730 2379 quibus
757 2323 816 2363 se
844 2308 995 2377 prius
1011 2315 1388 2372 evacuaverat,
1414 2306 1544 2376 quid
1565 2305 1844 2372 indignum
1871 2317 1955 2360 est
1982 2322 2103 2375 pro-

530 2399 728 2456 fecisse
758 2415 881 2452 cum
923 2398 1210 2468 sapientia,
1249 2397 1542 2466 profecisse
1579 2404 1756 2460 attate,
1804 2395 2100 2465 profecisse

529 2494 698 2562 gratia
738 2493 882 2563 apud
909 2491 1078 2547 Deum
1125 2501 1179 2548 et
1209 2491 1352 2563 apud
1384 2491 1658 2554 homines,
1691 2499 1746 2545 et
1781 2506 1906 2546 vera
1937 2492 2004 2546 de
2034 2507 2101 2547 eo

529 2599 650 2638 esse
695 2583 799 2638 ista
849 2598 971 2654 qua
1002 2582 1147 2637 dicta
1197 2593 1326 2638 sunt
1376 2601 1390 2638 :
1448 2582 1772 2653 Priusquam
1817 2595 2094 2654 cognoscat

526 2694 658 2746 puer
687 2677 879 2732 bonum
909 2689 1002 2732 aut
1033 2678 1232 2732 malum
1275 2678 1340 2740 ¹⁹,
1371 2685 1426 2732 et
1457 2692 1518 2732 ea
1546 2691 1669 2746 qua:
1694 2677 1761 2732 de
1789 2678 1979 2733 eodem
2013 2677 2099 2732 in-

529 2769 933 2838 terposuimus?

597 2857 652 2912 8.
705 2856 812 2911 Sed
865 2857 1009 2912 dicet
1059 2857 1191 2911 mihi
1232 2857 1432 2926 aliquis
1480 2873 1493 2909 :
1546 2855 1774 2911 Etiamsi
1823 2865 2003 2926 potest
2031 2857 2102 2914 de

531 2946 810 3003 Salvatore
833 2947 1057 3016 intelligi
1085 2948 1292 3003 dictum
1323 2963 1466 3011 esse,
1499 2949 1626 3016 quia
1658 2949 1882 3013 nesciat,
1917 2958 1972 3003 et
1997 2963 2101 3004 cae-

529 3049 644 3094 tera
665 3039 976 3107 hujusmodi
1001 3054 1121 3108 qua:
1147 3039 1357 3107 majora
1388 3047 1536 3104 sunt,
1558 3047 1611 3092 et
1637 3039 1683 3093 si
1707 3053 1936 3107 puerum
1973 3053 2098 3092 eum

527 3130 785 3199 accipias,
815 3145 995 3183 nonne
1017 3129 1245 3184 oﬁendis
1273 3130 1375 3186 ista
1403 3130 1683 3184 sentiendo
1711 3130 1777 3184 de
1804 3129 2097 3199 Unigenito

522 3235 580 3280 ct
609 3221 976 3292 Primogenito
1009 3223 1272 3277 universae
1298 3231 1599 3289 creaturae;
1633 3222 1699 3277 de
1721 3236 1787 3275 eo
1819 3221 1910 3291 qui
1945 3229 2099 3275 ante-

525 3329 689 3386 quam
730 3315 1129 3382 conciperetur,
1165 3312 1520 3368 annuutiatus
1546 3320 1650 3376 est,
1699 3312 1955 3380 loquente
1990 3309 2098 3364 Ga-

525 3405 739 3459 bricle:
787 3402 1019 3472 Spiritus
1057 3413 1272 3456 sanctus
1325 3405 1489 3458 veniet
1534 3420 1690 3473 super
1734 3412 1802 3468 te,
1833 3412 1882 3455 et
1926 3403 2095 3457 virtus

525 3495 786 3549 Altissimi
810 3495 1138 3548 obumbrabit
1162 3505 1208 3548 te
1223 3496 1300 3563 νο,
1325 3504 1378 3550 et
1397 3495 1554 3566 130
1571 3496 1739 3550 audes
1767 3495 1946 3549 dicere
1967 3495 2096 3565 quia

525 3587 733 3642 nesciat
762 3587 948 3656 loqui?
972 3585 1337 3652 Quamobrem
1371 3588 1562 3642 videbo
1585 3586 1634 3642 si
1666 3594 1857 3655 potero
1887 3586 2094 3656 aliquid

523 3681 746 3751 dignum
777 3681 843 3735 de
869 3679 1152 3734 Salvatore
1177 3679 1232 3734 in
1257 3680 1358 3734 ltoc
1395 3679 1516 3734 loco
1543 3677 1756 3741 aﬂ'erre,
1784 3679 1928 3748 quod
1953 3693 2096 3748 quae-

521 3772 647 3827 dam
687 3771 937 3827 nesciens
978 3771 1155 3840 major
1188 3771 1258 3825 sit
1287 3770 1332 3824 si
1372 3785 1438 3825 ea
1465 3769 1819 3839 ignoraverit,
1855 3784 2021 3840 quam
2045 3770 2094 3826 si

521 3863 728 3917 scierit.
787 3861 1013 3918 Utamur
1069 3877 1201 3916 voce
1247 3863 1365 3932 ejus
1422 3861 1703 3931 quomodo
1754 3860 1863 3914 sint
1913 3861 2094 3930 aliqua

521 3969 644 4025 quae
699 3955 929 4012 nesciat.
978 3953 1279 4023 Respondit
1325 3954 1407 4007 eis
1459 3953 1554 4021 qui
1613 3953 1719 4007 sibi
1764 3953 2016 4008 dicebant
2077 3970 2091 4007 :

527 4042 715 4096 Nonne
743 4044 821 4111 (in
863 4043 1072 4095 nomine
1107 4051 1193 4094 tuo
1225 4041 1565 4106 comedimus,
1594 4051 1644 4094 et
1671 4042 1724 4093 in
1748 4043 1953 4095 nomine
1995 4053 2084 4096 tuo

523 4136 768 4201 bibimus,
803 4135 875 4204 et)
901 4134 956 4186 in
989 4134 1193 4186 nomine
1219 4142 1307 4186 tuo
1333 4133 1593 4186 daemonia
1615 4132 1885 4201 ejecimus,
1907 4143 1956 4186 et
1981 4134 2091 4186 εἰν-

521 4236 660 4282 tates
679 4227 871 4281 multas
890 4227 1110 4296 fecimus
1127 4225 1426 4280 ?Disccdite
1445 4241 1476 4277 a
1502 4240 1600 4291 me,
1624 4240 1722 4277 non
1758 4225 1873 4278 novi
1905 4241 1990 4278 vos
2022 4226 2088 4279 ”.

519 4317 757 4374 Putasne
779 4321 882 4374 hoc
903 4318 1045 4388 quod
1077 4319 1154 4372 ait
1181 4337 1194 4372 :
1235 4316 1358 4370 Non
1382 4317 1500 4370 novi
1527 4333 1634 4380 vos,
1667 4319 1930 4372 minorem
1972 4317 2092 4388 ejus

521 4409 774 4462 virtutem
825 4408 1108 4477 approbat,
1149 4423 1215 4460 an
1259 4407 1520 4476 majorem
1569 4415 1731 4476 atque
1763 4407 2088 4473 mirabilem,

2201 1939 2451 2009 δεόμενος
2474 1941 2774 2011 προκοπῆς·
2800 1941 2994 1995 οὐκοῦν
3017 1945 3353 2014 προέκοπτεν
3394 1948 3603 2024 ἡλικίᾳ,
3638 1964 3781 2017 προ-

2197 2027 2393 2084 έκοπτε
2418 2033 2601 2103 σοφίᾳ,
2641 2032 2945 2101 προέκοπτε
2979 2034 3160 2105 χάριτι
3193 2040 3342 2109 παρὰ
3379 2040 3499 2112 Θεῷ
3551 2044 3645 2095 καὶ
3681 2044 3777 2096 ἁν-

2203 2119 2459 2191 θρὼποις.
2507 2123 2570 2174 Ei
2617 2122 2726 2192 γὰρ
2759 2124 3024 2178 ἐκένωσεν
3067 2129 3257 2181 ἑαυτὸν
3303 2134 3646 2188 καταϐαίνων
3693 2137 3779 2188 ὲν-

2199 2213 2394 2275 ταῦθα,
2430 2214 2522 2267 καὶ
2560 2213 2801 2278 κενώσας
2837 2217 3047 2281 ἑαυτὸν,
3091 2219 3362 2290 έλάμὸανε
3399 2225 3558 2278 πάλιν
3605 2229 3779 2285 ταῦτα

2201 2305 2295 2372 ἀφ’
2343 2298 2415 2357 ὧν
2457 2305 2722 2359 ἐκένωσεν
2755 2308 2964 2373 ἑαυτὸν,
3011 2310 3152 2363 ἑκὼν
3188 2311 3431 2379 κενώσας
3467 2317 3657 2372 ἑαυτόν
3678 2335 3691 2348 °
3725 2322 3778 2374 τί

2201 2393 2399 2449 ἄτοπον
2427 2397 2589 2450 αὐτὸν
2619 2398 2710 2450 καὶ
2742 2401 3138 2469 προκεκοφέναι
3165 2404 3324 2474 σοφίᾳ
3351 2407 3444 2459 καὶ
3471 2407 3655 2480 ἡλικίᾳ
3686 2412 3778 2465 καὶ

2201 2486 2381 2557 χάριτι
2430 2487 2577 2558 παρὰ
2609 2488 2728 2559 Θεῷ
2767 2491 2861 2543 καὶ
2900 2491 3223 2562 ἀνθρώποις,
3271 2496 3364 2548 καὶ
3418 2497 3776 2568 ἀληθεύεσθαι

2200 2579 2329 2649 περὶ
2362 2577 2523 2631 αὑτὸν
2549 2578 2606 2631 τό
2626 2596 2639 2609 ⁸
2674 2580 2825 2646 Πρὶν
2850 2580 2888 2648 ἢ
2926 2581 3141 2650 γνῶναι
3167 2587 3354 2639 αὐτὸν
3377 2591 3571 2643 καλὸν
3598 2592 3635 2660 ἣ
3670 2607 3776 2646 πο-

2198 2667 2732 2736 νηρὸν,ἐκλέξεται
2754 2671 2820 2724 τὸ
2840 2672 3087 2741 ἀγαθὸν,
3106 2676 3200 2728 καὶ
3231 2677 3467 2733 ἀπειθεῖ
3495 2687 3776 2752 «erupta;

2200 2759 2371 2813 Τοῦτο
2399 2761 2714 2833 παρεθέμην
2741 2765 2848 2817 ἀπὸ
2879 2763 2970 2818 τοῦ
3023 2765 3266 2820 Ἡσαΐου.

2283 2847 2419 2899 Ἀλλ’
2453 2850 2568 2919 ὲρεί
2607 2867 2721 2912 τιςο
2761 2851 2822 2902 Et
2861 2851 3083 2906 δύνασαι
3112 2855 3202 2906 ἐπὶ
3232 2857 3322 2908 τὸν
3367 2857 3594 2930 Σωτῆρα
3638 2861 3770 2914 ἁνα-

2199 2940 2388 3006 γαγεῖν
2413 2939 2494 3004 τὸ,
2529 2940 2643 2992 Οὐκ
2673 2936 2810 3005 οἶδα,
2847 2944 2939 2994 καὶ
2970 2943 3194 2998 δύνασαι
3216 2945 3392 3016 λέγειν
3420 2952 3512 3003 ἐπὶ
3545 2951 3634 3004 τὸν
3665 2953 3776 3004 Σω·

2199 3028 2340 3102 τῆρα
2369 3029 2430 3082 τὸ
2461 3029 2685 3098 τοιοῦτο,
2733 3033 2826 3086 καὶ
2876 3034 3086 3088 παιδίον
3134 3037 3294 3090 αὐτὸν
3339 3039 3662 3111 λαμϐάνεινο
3714 3047 3775 3100 οὐ

2199 3120 2531 3190 προσκόπτει
2576 3138 2656 3174 σοι
2691 3121 2862 3176 ταῦτα
2901 3124 3078 3193 λέγειν
3121 3128 3246 3198 περὶ
3289 3129 3380 3182 τοῦ
3414 3133 3773 3202 Μονογενοῦς,

2202 3213 2330 3282 περὶ
2362 3210 2455 3264 τοῦ
2483 3212 2835 3283 Πρωτοτόκου
2875 3216 3052 3286 πάσης
3079 3218 3328 3284 κτίσεως,
3361 3223 3487 3291 περὶ
3521 3224 3613 3277 τοῦ
3650 3227 3777 3296 πρὶν

2203 3300 2512 3372 συλλήψεως
2541 3303 3036 3371 εὐαγγελισθέντος,
3062 3308 3200 3362 κατὰ
3228 3307 3313 3375 τὸ,
3341 3313 3582 3382 Πνεῦμα
3604 3315 3778 3386 ἅγιον

2197 3391 2586 3448 ἐπελεύσεται
2617 3397 2714 3449 ἐπὶ
2749 3396 2847 3462 σὲ,
2881 3399 2978 3452 καὶ
3025 3399 3276 3471 δύναμις
3311 3402 3603 3473 ’Υψίστου
3645 3410 3777 3463 ἐπι-

2170 3483 2436 3538 σκιάσει
2480 3501 2611 3538 σοι·
2663 3487 2754 3538 καὶ
2803 3487 2970 3556 λέγει,
3028 3493 3141 3544 Οὐκ
3205 3493 3504 3565 ἐπίσταμαι
3561 3497 3774 3567 λαλείν;

2203 3575 2365 3647 Ὀρα,
2395 3579 2442 3630 εἰ
2476 3577 2698 3631 δύνασαί
2727 3597 2778 3632 τι
2807 3580 3080 3650 ἀξιόλογον
3102 3586 3193 3637 καὶ
3221 3586 3360 3656 μέγα
3392 3590 3519 3660 περὶ
3549 3589 3638 3644 τὸν
3665 3592 3776 3645 Σωι

2195 3665 2339 3739 τῆρα
2382 3668 2439 3720 ὲν
2484 3669 2561 3740 τῷ
2592 3670 2743 3741 τόπῳ
2788 3671 2931 3724 ίδεῖψ
2983 3676 3084 3740 bri,
3113 3679 3230 3731 τινὰ
3272 3679 3345 3748 μὴ
3393 3683 3773 3754 ἐπιστάμενος,

2200 3756 2401 3827 μείζων
2427 3759 2543 3810 ἐστὶ
2587 3760 2662 3830 μὴ
2704 3763 3086 3834 ἐπιστάμενος,
3123 3767 3155 3837 ἢ
3198 3770 3560 3842 ἐπιστάμενος
3603 3777 3769 3830 αὑτάο

2197 3848 2290 3900 καὶ
2319 3847 2538 3921 χρῶμαι
2579 3852 2743 3904 αὐτοῦ
2785 3858 2852 3926 τῇ
2881 3860 3029 3928 φωνῇ
3067 3860 3486 3932 μαρτυροῦντος,
3529 3867 3610 3919 ὅτι
3653 3867 3777 3921 τινὰ

2195 3937 2295 3990 οὐκ
2331 3937 2633 3994 ἐπίσταται.
2666 3942 2825 4011 Λέγει
2848 3945 2978 4014 γοῦν
3015 3952 3127 4012 τοῖς
3158 3951 3457 4018 φάσκουσιν
3486 3956 3652 4027 αὐτῷ·
3689 3959 3772 4014 Οὐ

2197 4028 2276 4095 τῷ
2297 4032 2543 4101 ὀνόματί
2558 4051 2674 4088 σου
2687 4035 2962 4106 δαιμόνια
2976 4040 3355 4111 ἐξεϐάλομεν,
3380 4046 3476 4099 καὶ
3492 4047 3774 4119 δυνάμεις

2195 4125 2429 4193 πολλὰς
2449 4127 2840 4198 ἐποιήσαμεν;
2876 4133 3262 4202 Ἀποχωρεῖτε
3289 4137 3389 4190 ἀπ’
3412 4139 3580 4208 ἐμοῦ,
3598 4141 3770 4197 οὐδέ-

2195 4233 2338 4269 ποτε
2355 4218 2544 4286 ἔγνων
2574 4213 2752 4286 ὑμᾶς.
2794 4217 2938 4292 'Apa
2952 4220 3036 4288 τὸ,
3065 4223 3361 4278 Οὐδέποτε
3383 4227 3574 4296 ἔγνων
3593 4228 3769 4298 ὑμᾶς,

2194 4308 2310 4361 ἐκεῖ
2351 4307 2640 4378 λεγόμενον
2679 4311 2784 4363 ὑπὸ
2809 4313 2898 4365 τοῦ
2938 4315 3210 4387 Σωτῆρος,
3253 4318 3352 4370 οὐκ
3389 4320 3646 4374 ἐλάττονα
3673 4323 3772 4394 τὴν

2193 4399 2420 4470 δύναμιν
2451 4400 2615 4454 αὑτοῦ
2652 4403 2998 4474 παρίστησιν,
3027 4407 3161 4461 ἀλλὰ
3200 4409 3420 4479 μείζονα
3444 4413 3537 4465 καὶ
3561 4412 3772 4485 θαυμα-

521 4499 650 4568 quia
680 4498 857 4552 malos
889 4500 1271 4567 peritu-resque
1300 4497 1544 4552 nesciat?
1578 4496 1687 4552 Scit
1720 4499 1865 4552 enim
1900 4497 1970 4552 ab
2004 4499 2089 4554 bis

2199 4493 2476 4564 σιωτέραν,
2503 4493 2636 4546 διότι
2669 4495 2792 4558 τοὺς
2819 4496 3064 4570 χείρονας
3087 4499 3179 4552 καὶ
3207 4501 3333 4564 τοὺς
3365 4502 3770 4574 ἀπολλυμένους

521 4590 877 4654 diﬂ’erentias,
930 4590 1031 4643 scit
1088 4590 1334 4656 meliora,
1380 4591 1483 4646 scit
1532 4589 1797 4644 Dominus
1851 4605 1946 4645 eos
1997 4593 2091 4660 qui

521 4681 642 4751 ejus
681 4689 808 4736 sunt
837 4700 850 4735 :
883 4689 936 4735 et
977 4681 1024 4734 si
1057 4681 1176 4750 quis
1219 4683 1449 4751 ignorat,
1487 4682 1762 4753 ignoratur
1793 4683 1860 4734 ¹¹.
1899 4683 2088 4748 Igitur,

525 4782 583 4831 ut
628 4783 861 4838 constat,
903 4781 1155 4842 peccator
1205 4773 1488 4843 ignoratur
1532 4788 1564 4827 a
1606 4772 1735 4828 Deo.
1773 4772 1925 4828 Dicet
1957 4775 2090 4828 mibi

523 4865 722 4934 aliquis
755 4865 822 4921 de
842 4865 1185 4920 auditoribus
1213 4883 1226 4918 :
1253 4865 1547 4920 Ostendisti
1580 4870 1708 4935 quia
1736 4865 1942 4919 nesciat
1964 4881 2092 4935 pec-

522 4965 737 5012 catores
787 4955 948 5021 Deus,
979 4955 1265 5012 ostendisti
1295 4957 1422 5026 quia
1454 4957 1666 5026 ignoret
1697 4970 1793 5009 eos
1820 4956 1912 5024 qui
1957 4970 2089 5024 epe-

523 5055 715 5101 rantur
755 5046 1130 5117 iniquitatem;
1173 5062 1351 5117 neque
1404 5046 1550 5101 enim
1583 5046 1731 5116 digiti
1766 5054 1894 5099 sunt
1941 5046 2095 5114 agni-

523 5139 671 5194 tione
702 5138 856 5208 ejus:
884 5139 1157 5208 quomodo
1187 5139 1500 5209 approbatis
1522 5152 1779 5207 magnum
1807 5144 1861 5190 et
1891 5136 2093 5205 glorio-

522 5247 644 5287 sum
695 5245 815 5286 esse
857 5229 1002 5300 quod
1047 5231 1117 5283 ab
1156 5244 1222 5284 eo
1265 5228 1467 5283 dictum
1513 5238 1597 5283 est
1643 5245 1656 5281 :
1704 5226 1898 5281 Nescio
1929 5227 2091 5298 loqui,

523 5321 668 5390 quod
708 5321 1008 5374 humanum
1049 5327 1153 5382 est,
1185 5327 1239 5373 et
1272 5318 1488 5388 eloquio
1513 5333 1656 5387 saepe
1690 5317 1915 5382 utimur,
1943 5317 2094 5371 verbi

523 5427 712 5475 causa,
739 5410 1087 5465 Hebraeorum
1119 5424 1272 5473 voce,
1305 5410 1418 5463 sive
1456 5408 1795 5472 Griecorum,
1829 5409 1944 5462 sive
1969 5408 2093 5461 reli-

523 5517 758 5571 quorum
799 5502 1088 5556 sermone?
1116 5499 1255 5570 Ergo
1285 5501 1332 5554 si
1380 5499 1693 5554 ascenderis
1725 5498 1793 5553 ad
1839 5497 2088 5552 Salvato-

527 5606 662 5652 rem,
697 5598 751 5643 et
788 5591 976 5645 scieris
1005 5605 1130 5644 eum
1167 5591 1216 5642 in
1267 5588 1533 5660 principio
1566 5589 1710 5659 apud
1750 5588 1916 5643 Deum
1950 5585 2090 5640 Ver-

599 5708 640 5735 ”
671 5705 772 5757 lsa.
804 5721 900 5772 vn,
949 5706 1037 5758 16.
1117 5709 1157 5737 ⁸⁷
1202 5708 1332 5762 ibid.
1387 5707 1471 5760 Η.

527 5775 569 5804 ’ί
603 5776 619 5826 l
653 5773 780 5828 Cor.
814 5790 921 5842 ιιν,
955 5776 1044 5829 58.

1580 5709 1621 5740 ¹⁶
1666 5707 1798 5762 Luc.
1857 5723 1916 5771 ιι,
1973 5705 2061 5760 Βῖ.
2145 5707 2185 5738 ι’
2232 5709 2332 5761 lsa.
2372 5723 2470 5775 vn,
2523 5707 2606 5764 l6.
2689 5711 2733 5741 ’θ
2779 5709 2910 5765 Luc.
2961 5727 2999 5780 ι,
3065 5712 3156 5771 55,

2194 4585 2293 4637 οὐκ
2326 4584 2492 4654 ἔγνως
2527 4585 2708 4652 Ἔγνω
2740 4587 2844 4659 γὰρ
2885 4588 2952 4641 τὰ
2977 4588 3298 4662 διαφέροντα
3332 4595 3427 4646 καὶ
3457 4595 3767 4667 κρείττονα,

2196 4675 2288 4728 καὶ
2313 4675 2451 4743 ἔγνω
2476 4673 2677 4745 Κύριος
2699 4677 2824 4740 τοὺς
2846 4677 3004 4741 ὂντας
3027 4678 3213 4732 αὐτοῦ’
3244 4684 3338 4736 καὶ
3365 4683 3420 4736 sl
3444 4701 3531 4750 τις
3547 4686 3768 4755 ἀγνοεῖ,

2195 4764 2510 4835 ἀγνοεῖται.
2545 4766 2752 4820 Οὐκοῦν
2789 4770 2818 4822 ό
2855 4769 3180 4841 ἁμαρτωλὸς
3222 4772 3494 4840 ἀγνοεῖται
3543 4776 3649 4829 ὑπὸ
3673 4777 3768 4831 τοῦ

2195 4860 2352 4915 Θεοῦ.
2401 4862 2548 4932 Ἐρεῖ
2578 4862 2666 4932 μοί
2699 4879 2783 4926 τις
2810 4862 2919 4918 τῶν
2941 4864 3243 4936 ἀκροατῶν·
3279 4868 3543 4933 Ἔδειξας,
3566 4870 3645 4923 ὅτι
3669 4873 3770 4940 οὐκ

2197 4948 2304 5006 οἶδε
2337 4953 2463 5016 τοὺς
2490 4954 2864 5024 ἁμαρτωλοὺς,
2894 4947 3121 5020 ἔδειξας,
3150 4955 3234 5010 ὅτι
3266 4959 3365 5014 οὐκ
3390 4956 3495 5013 οἶδε
3522 4964 3646 5025 τοὺς
3681 4965 3771 5033 ὲρ-

2199 5044 2530 5118 γαζομένους
2553 5046 2649 5118 τὴν
2681 5048 2931 5120 ἀνομίανο
2959 5049 3019 5103 οὐ
3049 5051 3158 5121 γὰρ
3185 5049 3324 5114 ἄξιοί
3353 5053 3459 5104 εἰσι
3489 5054 3586 5125 τῆς
3624 5053 3770 5123 γνώ-

2191 5155 2329 5201 σεως
2362 5137 2546 5191 αὑτοῦ·
2591 5138 2710 5202 πῶς
2747 5139 2806 5192 δὲ
2840 5141 3214 5212 παραστήσεις
3249 5143 3393 5212 μέγα
3431 5145 3524 5196 καὶ
3563 5144 3772 5210 ἔνδοξον

2191 5224 2328 5281 εἶναι
2357 5230 2440 5301 τὸ,
2479 5231 2599 5282 Οὐκ
2621 5229 2941 5300 ἐπίσταμαι
2963 5232 3194 5298 λαλεῖν,
3229 5233 3518 5305 λεγόμενον
3546 5237 3652 5290 ὑπὸ
3676 5235 3770 5289 τοῦ

2191 5321 2477 5394 Σωτῆρος;
2511 5322 2584 5374 Τὸ
2612 5321 2791 5376 λαλεῖν
2815 5323 3154 5396 ἀνθρώπινόν
3177 5329 3322 5380 ἐστι·
3345 5328 3408 5380 τὸ
3439 5327 3617 5382 λαλεῖν
3649 5327 3770 5382 δια-

2189 5412 2362 5483 λέκτῳ
2392 5413 2698 5484 χρήσασθαί
2731 5415 2899 5478 ἐστιν,
2932 5416 3074 5469 ὥστε
3099 5419 3272 5470 εἰπεῖν
3319 5418 3606 5489 Ἑεραίων,
3635 5418 3768 5489 φέρε

2195 5504 2389 5565 εἰπεῖν,
2434 5502 2636 5573 φωνὴν,
2667 5503 2701 5575 ἢ
2747 5505 3013 5576 Ἐλλήνων
3045 5507 3228 5560 τινῶν.
3279 5508 3406 5562 Ἐὰν
3440 5509 3646 5580 ἀναὸῇς
3673 5510 3769 5562 ἐπὶ

2195 5593 2285 5646 τὸν
2327 5595 2576 5669 Σωτῆρα,
2605 5597 2700 5650 καὶ
2746 5597 2892 5667 εἰδῇς
2930 5599 3090 5652 αὐτὸν
3129 5600 3300 5668 Λόγον
3349 5603 3406 5654 ὲν
3451 5603 3591 5672 ἀρχῇ
3634 5600 3767 5672 πρὸς

3235 5715 3276 5745 "
3307 5712 3497 5780 Matth.
3528 5729 3622 5773 vn.
3673 5713 3763 5766 ‘22.
