2065 3216
198 193 252 221 265

816 194 848 222 ΙΝ
868 193 1042 224 JEREMIAM
1062 195 1205 223 llOMlLlA
1225 196 1246 224 1.

1778 199 1832 228 261i

196 253 243 280 τὸν
254 252 331 286 Θεὸν,
346 253 417 289 ὕψει,
431 254 472 280 ὄτι
482 254 534 281 οὐκ
545 253 688 281 ἐπίσταται
703 253 802 280 λαλεῖν.
825 254 887 281 Ἐὰν
902 255 931 281 δὲ
943 255 982 282 κα)

1042 255 1117 289 hum,
1135 255 1239 290 inspice
1248 254 1312 289 quia
1330 255 1432 283 nesciat
1445 255 1519 291 loqui
1533 255 1607 291 (cum
1625 254 1778 283 humanttm
1795 257 1833 284 sit

197 298 322 333 ἀγγέλων
345 299 472 334 γλώσσας
498 301 647 336 συγκρίνῃς
668 299 820 335 ἀνθρώπων
841 299 988 334 γλώσσαις,

197 346 244 373 καὶ
265 346 349 382 εἰδῇς,
371 347 412 374 ὅτι
434 344 511 379 οὗτος
532 347 632 381 μείζων
652 347 712 373 ἐστὶ
728 346 775 373 καὶ
795 346 930 380 ἀγγέλων,
952 346 990 378 ὡς

197 391 388 427 ἐμαρτύρησεν
411 392 440 418 ὲν
462 393 494 427 τῇ
520 392 590 427 πρὸς
622 391 764 427 Ἑϐραίους
787 392 801 418 ὁ
829 391 989 424 Ἀπόστολος

197 438 334 473 ἐπιστολῇ,
346 438 430 473 ἐρεῖς,
441 438 481 464 ὅτι
494 438 599 473 καὶτῆς
607 438 732 472 ἀγγέλων
746 437 872 474 γλώσσης
889 438 989 473 μείζων

195 482 240 520 ἦν,
257 484 301 511 ὅτε
321 484 387 516 Θεὸς
403 482 438 520 ἦν
452 484 539 518 Λόγος
557 485 625 520 πρὸς
643 492 689 511 τον
705 484 825 521 Πατέρα.
850 484 988 512 Μανθάνει

197 528 254 563 οὖν,
285 530 331 557 xa‘t
363 530 445 556 οἱονεὶ
466 530 652 565 ἀναλαμϐάνει
678 531 833 566 ἐπιστήμην
848 531 879 558 οὑ
909 531 990 566 μεγά-

198 575 262 608 λων,
279 575 337 602 ἀλλ’
351 576 551 612 ὑποδεεστέρων
562 577 610 603 καὶ
628 577 797 612 μικροτέρων
809 585 816 592 ·
832 577 879 604 καὶ
894 577 989 614 ὥσπερ

200 621 335 658 μανθάνω,
350 621 510 657 βιαζόμενος
534 622 652 657 ἐμαυτὸν
674 622 828 657 ψελλίζειν,
853 623 897 650 ὅτε
923 632 988 650 παι-

197 667 262 699 δίοις
277 667 446 703 διαλέγομαι·
471 668 500 694 οὺ
521 668 575 703 γὰρ
594 669 775 703 ἐπιστάμενος
797 668 927 700 παιδιστὶ,
956 668 989 694 ἵν’

197 713 283 745 οὔτως
298 715 376 745 εἴπω,
395 714 495 746 λαλεῖν,
512 713 639 749 βιάζομαι
655 714 758 746 τέλειος
770 714 818 741 ὼν·
839 714 925 746 οὕτως
942 714 989 741 καὶ

197 760 227 786 ὲν
246 760 280 795 τῇ
295 759 483 795 μεγαλειότητι
493 760 543 795 τῆς
557 760 634 796 δόξης
645 760 692 787 τοῦ
703 760 771 787 Θεοῦ
791 761 944 796 τυγχάνων,
958 760 988 787 οὺ

196 804 273 831 λαλεῖ
284 804 452 840 ἀνθρώπινα,
464 805 517 832 οὐκ
528 804 581 833 οἶδε
593 806 759 840 φθέγγεσθαι
771 807 827 838 τοῖς
839 806 926 833 κάτω·
943 807 988 833 ὅτε

195 850 224 876 δὲ
239 849 347 885 ἔρχεται
359 851 400 882 εἰς
415 850 495 886 σῶμα
515 850 695 886 ἀνθρώπινον,
707 850 782 884 λέγει
799 851 869 878 κατὰ
879 851 929 883 τὰς
939 852 988 887 ἀρ-

196 896 256 931 χάς·
272 897 332 923 οὐκ
341 896 503 930 ἐπίσταμαι
513 895 631 928 λαλεῖν,
642 896 687 923 ὅτι
697 895 841 930 νεώτερος
852 896 909 931 ἐγώ
918 898 984 931 ειμι·

1042 300 1095 328 hoc
1116 300 1189 334 quod
1213 299 1315 327 dicitur
1335 300 1422 335 loqui,
1436 301 1459 328 si
1485 301 1546 328 ideo
1564 301 1678 334 nesciat,
1695 301 1760 336 quia
1776 301 1832 329 sint

1040 345 1146 381 majora
1168 353 1230 380 quae
1250 346 1376 381 noverit}.
1401 346 1429 373 Si
1445 351 1535 374 autem
1556 351 1584 374 et
1599 347 1759 382 angelorum
1779 347 1831 375 litt-

1041 398 1109 428 gues
1126 392 1255 420 humanis
1269 393 1476 427 comparaveris
1492 393 1603 428 linguis,
1617 397 1644 421 et
1655 393 1751 421 scieris
1767 394 1830 429 quia

1041 438 1092 465 iste
1108 438 1197 473 major
1208 438 1244 466 sit
1255 438 1373 473 angelis,
1391 438 1462 465 sicut
1476 442 1594 466 testatus
1609 442 1651 466 est
1663 438 1697 466 de
1712 446 1745 466 eo
1758 439 1832 474 Apo-

1041 483 1128 510 stolus
1148 483 1176 510 in
1193 482 1313 517 Epistula
1327 490 1377 511 sua
1393 490 1476 518 quam
1494 483 1591 510 scribit
1605 483 1640 510 ad
1657 482 1786 512 Hebraeos
1799 485 1832 518 “,

1040 528 1174 564 intelliges
1184 529 1317 564 majorem
1331 536 1393 557 eutn
1401 534 1430 556 et
1443 529 1603 564 angelorum
1617 530 1719 565 linguis
1733 530 1830 565 fuisse,

1040 575 1151 610 quando
1178 578 1284 602 tantum
1312 575 1384 603 Deus
1410 574 1530 602 Verbum
1547 580 1605 602 erat
1619 576 1690 610 apud
1711 575 1831 604 Patrem.

1040 621 1126 649 Discit
1150 629 1233 656 ergo,
1259 627 1287 650 et
1311 622 1515 657 quodammodo
1538 622 1638 657 aocipit
1659 623 1832 657 disciplinam

1042 675 1095 694 non
1108 675 1282 702 magnorum,
1300 669 1347 696 sed
1367 668 1529 695 inferiorum
1544 676 1576 695 ac
1592 668 1741 696 minorum.
1758 669 1833 696 Sictt

1040 716 1067 740 et
1082 721 1133 748 ego
1149 713 1284 742 balbutire
1305 714 1392 746 disco,
1410 714 1567 741 violentiam
1596 714 1775 750 mihimetipsi
1795 715 1836 741 ῆ-

1040 757 1126 789 ciens,
1151 759 1261 793 quando
1281 767 1343 787 cum
1365 760 1486 795 parvulis
1509 760 1617 795 loquor,
1644 768 1734 796 neque
1758 762 1830 789 enim

1040 804 1107 835 scio,
1124 809 1157 831 ut
1174 804 1215 832 ita
1239 805 1339 838 dicam,
1360 805 1522 834 inl'antiliter
1543 806 1631 841 loqui,
1656 810 1684 834 et
1708 806 1832 835 infractis

1040 850 1131 877 verbis
1142 850 1199 885 .jam
1215 851 1377 886 grandaevus
1393 859 1455 879 eum
1467 851 1560 886 pueris
1571 852 1750 880 sermocinari
1763 859 1770 879 :
1783 860 1830 879 eu-

1039 895 1100 922 dem
1117 896 1198 923 tnodo
1215 896 1340 923 Salvator
1355 896 1382 924 in
1395 896 1596 932 magniﬁcentia
1612 898 1705 933 gloria:
1722 899 1830 933 quidem

196 941 327 977 νεώτερος
341 941 368 967 δὲ
377 941 421 967 διὰ
432 941 481 976 τὴν
498 942 608 975 γένεσιν
621 941 670 977 τὴν
684 941 855 977 σωματικὴν,
868 942 982 978 πρεσϐύ-

1042 940 1087 969 Dei
1103 941 1145 976 (et
1158 942 1185 968 in
1199 941 1279 969 Patre
1294 943 1473 977 consistens),
1486 950 1540 969 non
1556 943 1680 978 loquitur
1698 944 1831 977 humana,

196 995 275 1022 τερος
290 986 317 1012 δὲ
334 987 405 1013 κατὰ
424 987 471 1013 τό·
491 987 667 1023 Πρωτὸτοκος
685 987 776 1023 πάσης
795 987 844 1022 τῆς
856 986 986 1019 κτίσεως·

197 1031 339 1066 νεώτερος,
361 1032 402 1058 ὅτι
423 1032 469 1059 ἐπὶ
490 1031 631 1067 συντελείᾳ
648 1032 703 1059 τῶν
718 1031 826 1059 αἰώνων
848 1030 924 1068 ἦλθε,
941 1032 990 1059 καὶ

198 1075 311 1112 ὕστερον
323 1075 362 1111 τῷ
373 1076 423 1111 βίῳ
437 1076 631 1112 ἐπιδεδήμηκε.
645 1077 727 1111 Λέγει
741 1075 788 1104 οὖν
801 1077 840 1104 τό·
857 1078 919 1104 Οὐκ
930 1077 984 1103 ἐπ-

194 1119 441 1154 ίστιιμαιλαλεῖν·
452 1119 511 1149 οἶδά
537 1132 597 1150 τινα
620 1123 731 1158 μείζονα
750 1124 797 1150 τοῦ
813 1124 914 1157 λαλεῖν,
928 1121 988 1151 οῐδά

193 1173 255 1192 τινα
279 1165 388 1201 μείζονα
408 1167 456 1194 ταῦ
474 1168 593 1203 φθόγγου
618 1169 714 1196 τούτου
735 1169 782 1197 τοῦ
801 1170 983 1206 ἀνθρωπίνου.

192 1211 286 1244 Θέλεις
301 1221 334 1248 με
349 1213 439 1240 λαλεῖν
454 1214 618 1250 ἀνθρώποις,
633 1215 710 1243 οὗπω
723 1216 861 1244 διάλεκτον
880 1216 985 1253 ἀνθρω-

192 1257 273 1293 πίνην
287 1258 430 1295 ἀνείληφα,
449 1260 502 1296 ἔχω
517 1261 658 1289 διάλεκτόν
675 1271 722 1289 σου
734 1262 783 1290 τοῦ
802 1262 881 1295 Θεοῦ,
899 1263 985 1297 Λόγος

192 1302 250 1338 εἰμί
263 1312 310 1329 σου
326 1304 372 1330 τοῦ
386 1304 464 1337 Θεοῦ,
479 1306 520 1332 σοι
534 1304 592 1333 οἶδα
607 1307 862 1342 προσδιαλέγεσθαι,
880 1306 986 1343 ἀνθρώο

193 1357 253 1381 ποις
265 1350 316 1377 οὐκ
332 1350 483 1386 ἐπίσταμαι
498 1351 599 1384 λαλεῖν,
617 1353 657 1379 ὃτι
672 1352 802 1388 νεώτερός
817 1354 885 1388 ειμι.

1040 987 1127 1014 nescit
1141 986 1218 1014 alTari
1237 995 1291 1015 eos
1300 988 1346 1022 qui
1361 988 1489 1015 deorsum
1506 992 1581 1015 sunt.
1599 987 1716 1020 Quando
1739 994 1831 1017 autem

1039 1032 1113 1059 venit
1134 1032 1161 1060 in
1177 1040 1277 1068 corpus
1303 1034 1465 1066 humanum,
1482 1034 1548 1061 dicit
1571 1034 1597 1060 in
1614 1034 1728 1062 exordio
1748 1046 1753 1062 :
1773 1035 1830 1062 Nc-

1038 1079 1093 1105 :cio
1107 1078 1192 1114 loqui,
1208 1079 1388 1114 quiajuvent's
1400 1088 1446 1115 ego
1458 1088 1518 1107 sum
1533 1080 1555 1096 “
1567 1090 1574 1114 ;
1589 1081 1708 1117 juvenis,
1721 1086 1832 1117 propter

1038 1123 1288 1159 dispensationem,
1298 1134 1393 1159 senex,
1401 1126 1479 1162 juxta
1491 1127 1543 1155 hoc
1552 1129 1624 1163 quod
1635 1129 1831 1164 primogenitns

1040 1169 1130 1197 omnis
1152 1175 1302 1204 crcatutse;
1318 1171 1440 1206 juvenis,
1455 1172 1519 1207 quia
1543 1173 1571 1200 in
1595 1174 1832 1202 consummatione

1037 1213 1094 1248 jam
1110 1215 1288 1248 smlorum,
1301 1216 1367 1244 etin
1381 1221 1535 1245 extremum
1550 1218 1631 1253 hujus
1646 1220 1709 1247 vita:
1724 1224 1832 1255 tempus

1038 1261 1158 1288 advenit.
1186 1261 1260 1289 Dicit
1283 1262 1376 1297 itaque
1402 1270 1409 1289 :
1441 1261 1538 1290 Nescio
1564 1263 1654 1299 loqui;
1677 1265 1735 1293 scio
1757 1266 1831 1293 enim

1039 1306 1165 1340 quaedam
1188 1307 1294 1341 majora
1308 1307 1397 1342 loqui,
1413 1307 1471 1337 scio
1498 1309 1622 1343 quaedam
1648 1310 1754 1345 majora
1779 1312 1831 1339 istn

1041 1358 1166 1378 sermone
1178 1353 1298 1380 mortali.
1313 1351 1359 1380 Vis
1371 1359 1414 1380 me
1427 1353 1502 1389 loqui
1514 1354 1702 1390 terrestribus,
1714 1357 1830 1384 necdum

192 1397 329 1432 assumpsi
346 1397 493 1425 humanam
517 1398 702 1434 fragilitatem,
727 1401 813 1428 ltaheo
839 1398 981 1435 eloquium
1004 1402 1093 1431 tuum,
1116 1399 1236 1427 Verbum
1260 1404 1337 1428 tuum
1355 1409 1428 1434 sum,
1446 1402 1493 1429 tibi
1517 1402 1574 1430 scio
1597 1403 1691 1439 loqui,
1715 1406 1831 1432 homini-

193 1442 244 1470 bus
266 1443 359 1470 nescio
379 1444 463 1478 loqui,
480 1445 590 1479 juvenis
611 1454 684 1474 sum.

225 1489 281 1515 Kal
298 1489 378 1524 λέγει
395 1490 511 1523 Κύριος·
526 1490 575 1524 Μὴ
593 1491 673 1525 λέγε,
689 1491 732 1517 ὅτι
742 1488 892 1526 Νεώτερός
912 1492 979 1527 ειμι,

192 1533 236 1560 ὅτι
251 1533 469 1568 πρὸς-πάντας,
487 1534 541 1568 οὓς
559 1535 617 1562 ἐὰν
633 1536 839 1568 ἑξαποστείλω
855 1545 908 1569 σε,
929 1544 984 1563 πο-

1073 1488 1100 1516 9.
1113 1488 1191 1524 13],
1205 1488 1271 1516 Νοιὶ
1281 1489 1499 1519 dicere:Juvenis
1516 1501 1563 1528 ego
1578 1501 1649 1526 sum,
1658 1496 1785 1530 quoniam
1795 1498 1829 1524 ad

1039 1541 1127 1561 onmes
1150 1543 1318 1570 quoscunque
1334 1535 1424 1573 (15-1)
1441 1537 1548 1564 mittant
1566 1543 1600 1572 te,
1618 1539 1677 1567 ibis.
1728 1540 1829 1569 Deinde

190 1579 284 1614 ρεὺσῃ
295 1599 302 1605 .
322 1579 416 1611 Οὕτως
430 1580 544 1607 ἐκτείνει
560 1580 609 1616 τὴν
624 1583 712 1617 χεῖρα,
726 1581 841 1610 ἅπτεται
860 1581 907 1609 τοῦ
922 1581 982 1609 στό-

1037 1581 1187 1608 cemmovit
1201 1589 1313 1609 manum
1327 1582 1363 1610 ad
1380 1585 1544 1620 [augendum
1561 1593 1592 1613 os
1608 1586 1678 1621 ejus,
1698 1592 1727 1615 ut
1744 1589 1769 1616 ei
1784 1590 1829 1617 det

193 1633 276 1660 ματος
294 1625 388 1658 αὐτοῦ,
403 1625 508 1653 δίδωσιν
519 1626 593 1662 αὐτῷ
608 1627 715 1662 λόγους,
730 1628 777 1655 καὶ
792 1628 900 1656 δίδωσιν
908 1628 984 1664 αὐτῷ

191 1671 284 1707 λόγους
300 1672 343 1699 διὰ
358 1671 406 1704 τὰς
421 1672 557 1707 βασιλείας
567 1692 574 1705 ,
588 1673 621 1700 ἶν’
634 1674 781 1710 ὲκριζώσῃ.
797 1675 834 1701 Οὐ
848 1674 941 1711 χρείαν
956 1675 984 1702 δὲ

191 1715 262 1754 εἶχεν
278 1718 458 1754 ὲκριζούντων
477 1717 576 1752 λόγων,
588 1718 632 1745 ὅτε
645 1716 680 1754 ἦν
691 1720 719 1746 ὲν
732 1719 830 1755 Πατρὶ,
845 1720 875 1746 οὒ
889 1719 983 1756 χρείαν

192 1761 248 1799 εἶχε
272 1764 520 1791 κατασκαπτόντων
541 1763 639 1798 λόγων,
662 1765 708 1792 καὶ
726 1765 928 1802 καθαιρούντων
947 1767 982 1793 τὰ

191 1809 298 1845 χείρονα
308 1819 315 1825 ·
334 1810 410 1837 οὐδὲν
427 1810 482 1845 γὰρ
489 1807 522 1846 ἦν
536 1809 610 1842 ἄξιον
627 1812 808 1848 κατασκαφῆς
823 1813 891 1845 ὲκεῖ,
906 1812 982 1839 οὐδὲν

188 1853 223 1891 ἦν
238 1855 312 1889 ἄξιον
327 1855 508 1892 ὲκριζώσεως.
527 1856 608 1890 Μέγα
634 1855 682 1883 οὖν
697 1856 782 1890 ἐστιν,
799 1857 838 1890 ὥς
855 1857 900 1885 τό·
921 1860 981 1886 Οὐκ

187 1899 254 1929 οῖδα
271 1902 360 1937 ὑμᾶς,
377 1902 424 1929 ὅτι
441 1901 560 1936 ἐργάται
572 1902 644 1929 ἐστὲ
660 1903 799 1938 ἀνομίας
822 1903 907 1936 οὕτως
930 1904 982 1931 ὑπὸ

186 1947 234 1974 τοῦ
250 1948 376 1984 Σωτῆρος
391 1948 547 1984 λεγόμενον,
565 1948 610 1975 διὰ
626 1948 658 1974 τὸ
680 1948 850 1984 ὑπερϐάλλον
867 1949 980 1984 μέγεοος

186 1994 235 2029 τῆς
252 1993 332 2030 δόξης
348 1994 430 2021 αὐτοῦ
441 2002 448 2009 ’
463 1993 521 2021 ἴσον
536 1994 601 2029 γοῦν
617 1994 766 2029 δυνάμενον
780 1994 829 2030 τῷ,
847 1996 907 2022 Οὐκ
925 1997 979 2023 ἐπ-

187 2038 423 2075 ισταμαιλαλεῖν
431 2039 610 2075 ἀνθρώπινα,
624 2040 655 2067 τό
663 2049 670 2056 υ
685 2041 741 2068 οὐκ
755 2040 915 2077 ἐπίσταμαι
927 2042 979 2068 λα-

185 2085 262 2113 λεῖν.

222 2130 284 2157 Εἴτε
299 2130 328 2159 δὲ
341 2132 410 2168 πρὸς
421 2132 466 2159 τῦν
487 2132 631 2169 Ἱερεμίαν,
646 2133 701 2161 εἴτε
718 2133 785 2170 πρὸς
798 2134 844 2161 τὸν
863 2135 979 2172 Σωτῆρα

185 2175 295 2210 λέγεται
305 2186 311 2192 -
325 2177 385 2211 Πρὸ
399 2178 453 2205 τοῦ
463 2187 503 2213 με
516 2178 631 2206 πλάσαι
639 2186 676 2206 σε
689 2179 724 2206 ὲν
736 2180 845 2213 κοιλίᾳ,
858 2180 979 2208 ἐπίστα-

183 2223 238 2258 ραί
250 2230 300 2255 σε,
312 2224 448 2258 ἀναγνοὺς
459 2222 508 2259 τὴν
523 2223 639 2257 Γένεσιν,
655 2225 702 2252 καὶ
717 2225 840 2262 τηρήσας
853 2226 888 2253 τὰ
904 2227 978 2263 είρη-

1035 1627 1134 1660 verba,
1156 1627 1258 1662 quibus
1271 1628 1391 1657 eradicet
1410 1629 1535 1665 imperia.
1564 1630 1660 1667 Neque
1675 1641 1738 1661 vero
1755 1634 1828 1662 indi-

1034 1672 1115 1707 gebat
1133 1672 1257 1701 Salvator
1272 1674 1373 1707 verbis.
1389 1680 1419 1702 ιιι
1430 1682 1462 1702 ea
1474 1676 1624 1712 acciperet,
1640 1679 1750 1714 quando
1767 1686 1827 1708 erat

1033 1717 1061 1745 iu
1078 1717 1177 1751 Patre,
1199 1720 1282 1747 nullis
1305 1720 1333 1747 in
1355 1721 1426 1748 coelo
1445 1721 1553 1758 dignis,
1576 1732 1637 1759 quae
1656 1722 1828 1755 mererentur

1033 1764 1129 1791 everti.
1160 1764 1226 1799 (Sed
1241 1773 1314 1793 nunc
1327 1766 1427 1802 accipit
1441 1774 1526 1801 parva
1537 1789 1545 1802 ,
1570 1769 1700 1799 differens
1720 1772 1825 1808 majora

1034 1809 1195 1845 paulisper).
1213 1810 1304 1846 Atque
1317 1811 1355 1839 ita
1369 1819 1403 1840 ex
1414 1812 1465 1840 hoc
1478 1814 1653 1850 approbatur,
1666 1816 1746 1844 sicuti
1759 1818 1826 1846 alibi

1034 1855 1154 1890 gloriose
1169 1856 1275 1884 dixerat
1289 1866 1297 1884 :
1317 1857 1415 1885 Nescio
1427 1866 1483 1893 vos,
1493 1860 1557 1894 quia
1573 1862 1688 1896 operarii
1698 1863 1760 1891 estis
1774 1865 1826 1891 ini-

1033 1901 1146 1935 quitatis
1158 1901 1181 1917 “
1191 1921 1199 1935 ,
1223 1906 1251 1929 et
1264 1910 1337 1930 nutte
1350 1903 1434 1931 verba
1449 1904 1567 1939 gloriose
1581 1908 1736 1943 accepisse,
1762 1917 1825 1937 cum

1034 1945 1107 1974 Deus
1124 1947 1171 1981 sit,
1188 1952 1215 1975 et
1228 1947 1307 1983 juxta
1321 1949 1552 1985 magnificentiam
1570 1960 1627 1981 sua:
1644 1954 1748 1983 dixisse
1763 1955 1824 1992 glo-

1033 1991 1081 2019 riae
1095 2001 1101 2019 :
1120 1991 1219 2020 Nescio
1235 1993 1317 2025 Ioaui,
1336 1994 1362 2022 id
1378 1999 1430 2030 est,
1448 1996 1567 2026 humana
1581 2006 1634 2027 non
1651 2000 1724 2027 novi.

1068 2131 1111 2158 l0.
1134 2130 1197 2159 Sive
1210 2137 1301 2159 autem
1314 2133 1350 2160 ad
1362 2132 1520 2168 Jeremiam,
1535 2135 1592 2163 sive
1604 2137 1638 2164 ad
1651 2135 1822 2167 Salvatorcm

1030 2175 1150 2204 dicitur:
1171 2176 1332 2213 Priusquam
1346 2183 1370 2206 te
1378 2179 1544 2214 .plasmarem
1563 2181 1590 2208 in
1606 2187 1696 2216 utero,
1715 2185 1775 2212 novi
1786 2190 1821 2218 te,

1030 2222 1123 2258 legens
1138 2222 1264 2251 Genesim
1281 2229 1307 2251 et
1324 2224 1474 2253 observans
1497 2234 1528 2254 ea
1549 2235 1610 2263 quae
1624 2229 1660 2257 ibi
1676 2230 1709 2258 de
1723 2232 1822 2259 condi-

185 2268 254 2304 μὲνα
269 2269 333 2305 περὶ
348 2270 398 2305 τῆς
414 2269 528 2302 κτίσεως
544 2270 591 2297 τοῦ
607 2270 721 2306 κόσμου,
739 2271 876 2307 εὑρήσεις,
894 2272 934 2299 ὅτι
957 2273 974 2308 ἠ

1035 2268 1104 2295 tione
1124 2269 1217 2296 muttdi
1237 2269 1338 2305 scripta
1361 2275 1436 2304 sunt,
1459 2272 1581 2302 invenies
1594 2275 1658 2310 quia
1679 2275 1821 2312 Scriptura

184 2314 278 2350 Γραφὴ
294 2315 365 2342 πάνυ
375 2315 608 2343 διαλεκτικώτατα
620 2316 670 2343 οὐκ
682 2315 768 2350 εἶπεν,
782 2318 833 2350 ὅτι,
848 2318 908 2352 Πρὸ
921 2318 975 2345 τοῦ

180 2368 219 2395 με
234 2360 359 2394 ποιῆσαί
375 2369 416 2388 σε
430 2362 464 2389 ἐν
479 2362 588 2396 κοιλίᾳ,
608 2363 771 2397 ἐπίσταμαί
787 2371 838 2390 σε·
859 2364 903 2390 ὅτε
925 2364 976 2399 μὲν

179 2404 237 2440 γὰρ
247 2407 261 2433 ὁ
271 2407 332 2433 κατ’
344 2406 435 2434 εἰκόνα
447 2407 578 2440 ἐκτίζετο,
592 2406 668 2434 εἶπεν
680 2409 694 2435 ὸ
706 2408 772 2440 Θεός
782 2416 788 2424 ·
800 2408 975 2444 Ποιήσωμεν

183 2451 339 2485 ιτα-θρωποε·
360 2451 422 2478 κατ’
443 2453 547 2479 είκόένγι
569 2452 618 2479 καὶ
641 2453 786 2488 ὁμοίωσιν
808 2454 971 2489 ἡμετέραν·

182 2497 231 2524 οὐκ
243 2496 313 2530 εἷπε,
328 2499 479 2534 Πλάσωμεν
488 2508 495 2514 ·
509 2499 554 2526 ὅτε
567 2499 595 2526 δὲ
609 2498 689 2526 ἔλαὸε
702 2499 766 2535 χοῦν
779 2500 833 2527 ἀπὸ
845 2500 894 2536 τῆς
908 2500 971 2535 γῆς,

181 2541 212 2568 οὐ
219 2541 355 2578 Πεποίηκε
368 2543 413 2570 τὸν
424 2544 472 2570 ἄνθ
474 2552 577 2580 ρωπον,
587 2543 645 2570 ἀλλ’
653 2545 787 2572 Ἐπλασε
799 2545 853 2572 τὸν
860 2545 973 2579 ἅνθρω-

181 2594 249 2620 nor,
266 2589 313 2615 καὶ
332 2589 408 2616 ἔθετο
422 2591 451 2616 ὲν
471 2589 509 2624 τῷ
527 2590 683 2626 παραδείσῳ
705 2590 751 2618 τὸν
773 2590 918 2626 ἄνθρωπον
942 2591 972 2617 ὃν

180 2633 306 2666 ἔπλασεν,
325 2635 487 2671 ἐργάζεσθαι
503 2635 593 2669 αὐτὸν,
609 2636 656 2663 καὶ
673 2636 830 2671 φυλάσσειν.
847 2636 879 2663 El
894 2636 972 2664 δύνα-

179 2688 236 2712 σαι,
247 2680 298 2715 ὃρα
308 2680 439 2716 διαφορὰν
455 2681 598 2716 ποιήσεως,
613 2681 654 2707 ὅτι
667 2682 682 2708 ὁ
692 2681 778 2716 λέγων
790 2680 893 2716 Κύριος
903 2681 972 2718 πρὸς

176 2725 224 2752 τὸν
237 2725 292 2752 εἴτε
314 2726 458 2762 Ἱερεμίαν,
476 2726 532 2754 εἴτε
549 2727 617 2762 πρὸς
632 2727 678 2754 τὸν
693 2727 817 2762 Σωτῆρα,
833 2727 883 2754 οὐκ
899 2725 970 2760 εἶπε,

175 2771 238 2806 Πρὸ
257 2771 311 2798 τοῦ
321 2780 360 2806 με
377 2771 504 2807 ποιῆσαι
522 2779 559 2799 σε
573 2772 611 2800 ἐν
625 2773 735 2806 κοιλίᾳ,
743 2773 906 2808 ἐπίσταμαί
916 2781 971 2800 σε·

1027 2314 1120 2342 divina
1136 2315 1251 2342 multum
1268 2314 1298 2342 in
1321 2317 1495 2346 sermonibus
1516 2322 1606 2354 cauta,
1630 2329 1682 2349 non
1699 2323 1796 2351 dixerit
1812 2333 1818 2351 :

1027 2356 1189 2395 Priusquam
1215 2366 1239 2389 te
1259 2363 1374 2397 [acerem
1399 2364 1427 2391 in
1450 2369 1542 2398 utero,
1560 2367 1620 2394 novi
1642 2372 1683 2401 te;
1708 2370 1819 2404 quando

1026 2404 1099 2432 enim
1113 2405 1189 2439 juxta
1207 2406 1352 2442 imaginem
1366 2409 1487 2438 conditio
1501 2415 1553 2444 est,
1570 2412 1637 2440 dicit
1651 2412 1724 2442 Deus
1739 2423 1747 2443 :
1766 2415 1821 2442 Fu-

1026 2452 1127 2479 ciamus
1146 2452 1277 2480 hominem
1293 2454 1328 2482 ad
1346 2455 1488 2491 imaginem
1509 2463 1533 2484 et
1555 2458 1755 2488 similitudiurm
1769 2471 1818 2490 no-

1028 2502 1112 2525 stram
1124 2499 1163 2532 ἐς
1181 2504 1208 2526 et
1225 2507 1278 2527 non
1294 2500 1370 2534 dicit,
1386 2501 1564 2536 plasmemus.
1594 2504 1710 2539 Quando
1727 2512 1818 2535 autem

1027 2545 1131 2580 accepit
1148 2545 1235 2574 lutum
1252 2547 1285 2574 de
1297 2551 1380 2580 terra,
1392 2556 1446 2576 non
1461 2554 1504 2577 est
1518 2551 1650 2586 scriptum
1664 2562 1671 2579 :
1685 2552 1761 2581 Fecit
1772 2555 1818 2581 Ito-

1027 2589 1128 2617 tninem
1140 2612 1147 2624 ,
1166 2591 1212 2618 sed
1233 2600 1240 2618 :
1258 2590 1405 2620 Plasmavit
1422 2593 1552 2621 hominem
1565 2596 1604 2624 ".
1631 2600 1658 2624 et
1682 2597 1774 2632 posuit
1788 2597 1816 2624 in

1026 2636 1155 2670 paradiso
1168 2636 1306 2665 hominem
1324 2646 1405 2674 quem
1418 2639 1574 2674 plasmavit,
1585 2642 1704 2676 operari,
1720 2645 1747 2670 et
1758 2648 1818 2669 ser-

1024 2688 1089 2708 vare
1104 2689 1178 2709 eum.
1210 2681 1238 2710 Si
1253 2687 1346 2718 potes,
1372 2684 1492 2720 intellige
1507 2684 1686 2714 dill'ercntiam
1703 2685 1816 2714 facturze

1025 2732 1052 2755 et
1065 2727 1265 2762 plasmationis,
1283 2735 1346 2756 cum
1361 2729 1455 2757 dicens
1470 2730 1528 2757 sive
1544 2730 1578 2757 ad
1592 2729 1749 2763 Jeremiam,
1775 2733 1815 2758 si-

1027 2780 1060 2801 ve
1071 2774 1106 2802 ad
1123 2772 1302 2807 Salvatorem,
1317 2782 1372 2802 non
1384 2775 1484 2803 dixerit
1498 2783 1506 2801 :
1522 2774 1684 2811 Priusquam
1703 2780 1727 2804 te
1740 2775 1812 2811 face-

214 2839 237 2854 ¹²
254 2838 336 2866 llcbr.
349 2847 369 2873 ι,
386 2839 411 2872 ι,
429 2839 458 2868 5.
496 2839 519 2856 “
531 2839 587 2868 Jer.
603 2847 622 2873 t,
635 2839 663 2867 6.
698 2840 721 2856 "
739 2838 806 2868 Luc.
825 2848 889 2873 xm,
904 2840 951 2868 27.
991 2841 1014 2856 ¹⁶
1034 2843 1103 2869 ben.
1118 2846 1140 2874 t,
1152 2839 1200 2868 ‘26.
1236 2841 1258 2856 "
1278 2840 1346 2869 Gen.
1362 2847 1392 2874 tt,
1413 2841 1441 2868 7.

215 2907 303 2945 (15-1)
323 2908 388 2937 Mss.
402 2909 528 2944 quoniam
542 2909 577 2936 ad
590 2917 679 2947 omnes
692 2917 869 2945 quoscunque.
881 2909 961 2951 bibl).
979 2911 1056 2945 editi,
1071 2910 1203 2944 Quoniam
1219 2910 1254 2937 ad
1270 2911 1359 2938 omnia
1376 2910 1412 2937 ad
1423 2918 1594 2947 quwcunque.

312 2969 451 3000 ΡΑτιιοι.
469 2968 529 3000 Gn.
544 2968 633 3000 XIII.
