4130 6432
467 378 572 434 ἳῦἹ

1944 363 2268 422 ORIGENIS

3636 371 3742 427 9’38

469 511 579 550 rem
611 493 665 550 in
699 502 870 548 utero.
925 487 1082 558 Quod
1114 486 1257 542 enim
1283 484 1359 551 ﬁt,
1396 498 1503 540 non
1551 482 1610 538 ﬁt
1636 483 1688 537 in
1725 491 1914 549 utero;
1951 481 2046 536 sed

2150 479 2210 532 τὸ
2227 478 2334 549 γὰρ
2355 474 2674 546 ποιούμενον
2694 477 2796 532 οὐκ
2813 479 2872 534 ὲν
2889 479 3066 552 κοιλίᾳ
3081 479 3310 550 γίνεται,
3331 482 3467 537 ἀλλά
3493 483 3554 537 τὸ
3580 484 3744 540 πλασ-

470 588 615 660 quod
660 593 878 642 creatur
920 582 988 636 de
1032 589 1188 634 terra:
1234 575 1483 646 pulvere,
1521 575 1625 629 hoc
1657 573 1956 644 plasmatur
1991 573 2046 626 in

469 697 645 740 utero.
682 679 999 748 Priusquam
1033 683 1080 728 te
1108 671 1428 741 plasmarem
1459 669 1513 721 in
1545 679 1711 732 utero,
1742 668 1852 721 scio
1883 675 1950 720 te.
1989 665 2047 720 Si

471 790 663 830 omnes
693 771 842 824 novit
877 767 1038 830 Deus,
1075 761 1350 834 quomodo
1380 759 1538 830 quasi
1572 759 1845 829 praecipuo
1885 773 1914 810 a
1943 772 2049 812 ca!—

466 863 599 921 teris
627 861 875 915 Jeremite
898 857 1031 913 dicit
1084 874 1098 910 :
1157 852 1297 907 Novi
1331 855 1420 907 te?
1469 851 1551 904 An
1583 866 1677 905 eos
1708 857 1918 904 tantum
1946 850 2051 904 scit

467 956 613 1012 Deus
646 948 740 1023 qui
775 949 1002 1006 scientia
1031 947 1151 1016 ejus
1180 945 1329 1016 digni
1359 952 1518 1007 sunt,
1565 950 1618 997 et
1642 941 1926 1011 cognoscit
1953 955 2050 996 eos

465 1049 559 1122 qui
607 1048 726 1118 ejus
765 1055 929 1111 sunt;
978 1041 1235 1112 indignos
1274 1053 1402 1094 vero
1443 1037 1614 1092 nescit
1657 1050 1833 1104 neque
1867 1033 2048 1101 Pater,

466 1156 643 1212 neque
684 1139 858 1194 Filius
878 1179 892 1204 ,
946 1135 1135 1190 dicens
1165 1151 1178 1186 :
1216 1130 1338 1185 Non
1368 1131 1487 1184 novi
1528 1143 1617 1184 vos
1647 1128 1734 1181 ’9?
1765 1124 1892 1196 ,Nos
1922 1140 2047 1180 cum

465 1235 644 1291 simus
677 1231 952 1292 homines,
1001 1227 1046 1282 si
1072 1226 1252 1294 aliqua
1285 1222 1550 1278 fuerimus
1577 1219 1786 1292 praediti
1813 1217 2049 1289 dignita-

467 1337 540 1396 te,
587 1326 724 1381 alios
768 1331 958 1378 nostra
989 1319 1178 1375 notitia
1205 1317 1424 1386 dignos,
1459 1313 1598 1368 alios
1625 1312 1938 1383 iudicamus
1965 1310 2049 1364 in-

464 1420 665 1491 dignos
694 1435 708 1472 :
746 1425 799 1471 et
829 1429 970 1484 quos
1002 1411 1144 1468 scire
1173 1409 1430 1464 nolumus
1451 1445 1466 1472 ,
1503 1420 1680 1476 neque
1730 1403 1919 1458 audire
1948 1417 2046 1455 vo-

466 1513 674 1576 lumus,
707 1524 802 1564 eos
829 1505 1127 1562 nescimus.
1199 1500 1338 1568 Quid
1372 1499 1658 1554 arbitraris
1689 1498 1754 1551 de
1780 1495 2049 1550 universi-

466 1605 597 1660 tatis
643 1601 791 1658 Deo?
851 1598 981 1654 Vult
1016 1597 1155 1653 scire
1194 1593 1570 1656 Pharaonem,
1601 1591 1718 1644 vult
1761 1588 2047 1660 .Egyptios

468 1713 654 1764 nosse,
687 1693 780 1752 sed
807 1691 1014 1762 indigni
1045 1698 1170 1745 sunt
1204 1687 1392 1743 notitia
1416 1685 1536 1755 ejus
1568 1685 1682 1755 (sed
1710 1682 1813 1752 ipsi
1837 1681 2048 1736 faciunt

468 1798 529 1845 ut
553 1783 915 1860 ignorentur).
958 1781 1074 1836 Scit
1095 1788 1276 1834 autem
1312 1777 1572 1848 Moysem,
1600 1775 1705 1830 scit
1729 1774 2043 1845 prophetas,

2150 572 2375 642 σύμενον
2409 569 2517 638 ἀπὸ
2535 569 2627 623 τοῦ
2653 568 2749 640 χοῦ
2781 571 2880 641 τῆς
2907 572 3030 642 γῆς,
3059 572 3218 626 τοῦτο
3267 576 3326 626 ὲν
3361 576 3536 646 κοιλίᾳ
3565 576 3745 642 κτίζε-

2147 681 2254 718 ται.
2290 663 2412 730 Πρύ
2445 662 2551 716 τοῦ
2576 679 2653 730 με
2687 661 2916 716 πλάσαι
2953 681 3027 717 σε
3053 664 3121 717 ἐκ
3155 667 3388 731 κοιλίας
3423 667 3742 736 ἐπίσταμαί

2149 772 2242 811 σε.
2271 757 2331 810 El
2358 755 2564 818 πάντας
2591 753 2860 824 ἠπίστατο
2879 757 2906 809 6
2929 755 3153 827 Κύριος,
3183 757 3301 820 πῶς
3329 758 3476 826 λέγει
3496 759 3557 811 τό
3575 776 3590 788 -
3618 762 3743 814 Οὐκ

2148 843 2468 913 ἐπίσταμαι
2501 843 2734 907 λαλεῖν,
2766 845 2891 897 ἐπεὶ
2933 845 3009 916 (2)
3044 847 3249 910 πάντας
3277 849 3545 918 ἠπίστατο
3575 851 3604 901 6
3630 850 3743 902 Κύ-

2153 952 2293 1006 ριος;
2326 935 2542 988 λεκτέον
2583 934 2690 1006 γὰρ
2721 935 2797 998 ὡς
2837 935 2904 989 ἂν
2947 936 3022 1000 ὦς
3055 955 3106 991 τι
3140 939 3415 1010 ἐξαίρετον
3471 940 3623 1009 ἔλεγε
3660 941 3742 1014 τῷ

2161 1027 2402 1099 Ἱερεμίᾳ
2434 1027 2527 1080 τό·
2573 1027 2681 1080 Καὶ
2715 1027 3043 1098 ἐπίσταμαί
3075 1044 3148 1083 σε
3171 1046 3184 1060 ·
3217 1031 3414 1085 οὐκοῦν
3448 1032 3523 1095 ὼς
3554 1033 3741 1101 διαφέ-

2155 1137 2345 1190 ροντας
2379 1120 2666 1173 ἐπίσταται
2694 1120 2722 1172 6
2760 1118 2916 1184 Θεὸς,
2951 1121 3078 1185 τοὺς
3118 1121 3300 1188 ἀξίους
3339 1123 3438 1193 τῆς
3485 1122 3741 1192 γνώσεως

2151 1212 2315 1268 αὑτοῦ
2364 1214 2649 1266 ἐπίσταται
2689 1215 2717 1266 6
2751 1211 2902 1277 Θεὸς,
2950 1215 3044 1268 κα)⁵
3084 1215 3226 1283 ἔγνω
3252 1214 3456 1286 Κύριος
3482 1217 3609 1279 τοὺς
3645 1218 3734 1270 ὅν-

2148 1322 2246 1369 τας
2271 1303 2472 1359 αὐτοῦ·
2513 1306 2639 1369 τοὺς
2671 1307 2728 1359 δὲ
2764 1305 3017 1370 ἀναξίους
3063 1307 3163 1358 οὐκ
3195 1305 3482 1360 ἐπίσταται
3514 1309 3544 1360 6
3579 1307 3731 1373 Θεὸς,

2149 1398 2225 1462 ὼς
2258 1397 2379 1450 οὐδὲ
2414 1399 2444 1450 6
2485 1398 2698 1469 Σωτὴρ,
2719 1397 2926 1466 λέγων’
2981 1397 3281 1452 Οὐδέποτε
3327 1397 3522 1469 ἔγνων
3559 1398 3734 1468 ὑμᾶς.

2162 1491 2372 1562 Ἡμεῖς,
2401 1489 2676 1564 ἄνθρωποι
2701 1490 2872 1555 ὄντες,
2899 1491 3022 1543 ὅσον
3051 1491 3450 1562 προκόπτομεν,
3479 1491 3738 1562 κρίνομέν

2147 1599 2290 1647 τινα,
2321 1583 2447 1650 ἀξια
2474 1584 2604 1638 ὸντα
2631 1581 2723 1636 τοῦ
2759 1582 3081 1637 ἐπίστασθαι
3109 1585 3258 1654 ἡμᾶς
3282 1584 3441 1638 αὑτά.
3477 1585 3585 1637 Καί
3615 1601 3740 1637 τινα

2147 1674 2270 1728 οὐδὲ
2298 1674 2519 1728 ἀκούειν
2547 1674 2792 1744 θέλομεν,
2820 1674 2908 1728 ἵνα
2941 1674 3014 1745 μὴ
3038 1675 3175 1728 αύτά
3198 1673 3571 1745 ὲπιστώμεθα,
3603 1674 3739 1745 μηδὲ

2149 1763 2398 1834 εἰδῶμεν·
2428 1764 2550 1817 τινὰ
2578 1765 2636 1818 δὲ
2667 1764 2890 1836 θέλομεν
2918 1763 3261 1818 ἐπίστασθαι.
3292 1765 3356 1818 Εἰ
3381 1765 3438 1818 δὲ
3465 1765 3574 1818 τῶν
3600 1767 3738 1820 ὅλων

555 1837 889 1860 -ο--ν--η-η,
1403 1837 1419 1848 .
1559 1837 1568 1842 -
1730 1837 1746 1844 ,
1829 1837 1847 1845 ,
2030 1837 2036 1838 ,

465 1893 518 1938 et
548 1882 592 1938 si
623 1880 746 1951 quis
771 1877 968 1933 similis
995 1889 1186 1930 eorum
1217 1881 1321 1929 est.
1383 1871 1612 1926 Multum
1648 1879 1700 1926 te
1722 1877 1935 1939 oportet
1965 1868 2046 1922 la-

2151 1856 2284 1920 Θεὸς
2313 1858 2374 1911 οὺ
2412 1857 2555 1911 θέλει
2604 1856 2930 1910 ἐπίστασθαι
2963 1857 3054 1910 τὸν
3085 1853 3316 1926 Φαραὼ,
3337 1856 3407 1908 οὐ
3441 1855 3583 1908 θέλει
3617 1857 3736 1909 επί-

462 1977 679 2042 borare,
699 1983 759 2029 ut
790 1973 941 2028 nosci
979 1967 1259 2040 incipiaris
1287 1983 1318 2021 a
1341 1966 1594 2021 Domino.
1613 1963 1904 2020 Jeremiam
1925 1963 2048 2033 qui-

460 2071 607 2138 dem,
632 2067 788 2138 132
807 2065 1126 2137 priusquam
1139 2058 1492 2132 plasmaverit
1524 2059 1577 2113 in
1607 2066 1815 2124 ventre,
1839 2069 2044 2126 cogno-

461 2163 573 2229 vit;
619 2161 786 2216 alium
809 2173 941 2212 vero
966 2155 1034 2211 de
1061 2153 1344 2225 prophetis
1372 2150 1596 2221 triginta
1629 2165 1900 2205 annorum
1931 2164 2045 2204 cte-

460 2251 542 2320 pit
578 2264 760 2314 nosse,
796 2246 965 2302 alium
993 2240 1379 2314 quadraginta.
1423 2239 1718 2295 Sermones
1746 2247 1876 2294 sunt
1905 2237 2047 2293 inef-

461 2343 660 2399 fabiles
702 2340 772 2396 de
814 2338 1122 2399 Salvatore,
1153 2342 1206 2389 et
1229 2346 1338 2387 non
1368 2346 1698 2415 magnopere
1725 2328 2042 2402 quaerendi;

460 2435 530 2491 de
563 2431 796 2489 Ieremia
832 2444 992 2495 vero,
1044 2441 1235 2484 eorum
1282 2425 1376 2496 qui
1418 2423 1703 2481 scientiam
1735 2421 2046 2494 Scriptura-

458 2542 583 2584 rum
609 2525 830 2593 habent,
867 2520 1094 2578 auribus
1121 2518 1446 2590 indigemus.

531 2809 620 2863 il.
663 2804 953 2873 Quomodo
975 2805 1122 2861 dicat
1148 2820 1164 2858 :
1199 2803 1525 2872 Priusquam
1565 2808 1614 2854 te
1637 2797 1961 2868 plasmarem
1991 2795 2046 2848 in

459 2913 634 2965 utero,
665 2902 783 2956 novi
817 2911 902 2964 te;
951 2910 1000 2954 et
1050 2899 1359 2970 priusquam
1389 2896 1559 2949 exires
1587 2895 1650 2947 de
1675 2892 1828 2946 vulva
1854 2889 2044 2946 matris

463 3007 587 3061 tute,
640 2993 973 3064 sanctiﬁcavi
1020 3002 1067 3046 te
1089 2980 1129 3045 ἔθ’
1164 2989 1307 3045 Deus
1336 2987 1439 3044 sibi
1471 2987 1585 3058 ipse
1614 2983 1919 3040 sanctiﬁcat
1947 2983 2047 3038 ali-

463 3105 624 3161 quos.
679 3087 849 3142 Istum
881 3101 992 3140 non
1021 3089 1320 3153 exspectat,
1353 3088 1411 3135 ut
1437 3077 1741 3134 sanctiﬁcet
1779 3075 2042 3144 genitum,

2150 1951 2376 2004 στασθαι
2403 1952 2530 2014 τοὺς
2559 1950 2910 2018 Αἰγυπτίους,
2935 1949 3037 2002 οὐκ
3058 1948 3203 2001 είσὶν
3219 1945 3357 2011 ἄξιοι
3381 1946 3481 2017 τῆς
3512 1947 3736 2019 ἐπιστή-

2151 2060 2258 2116 μης
2289 2042 2382 2096 τοῦ
2405 2041 2560 2095 Θεοῦ.
2585 2041 2827 2112 Μωῦσῆς
2860 2041 2916 2094 δὲ
2944 2039 3114 2104 ἄξιος,
3143 2038 3238 2092 καὶ
3275 2040 3431 2101 ἕκτος
3463 2039 3570 2093 τῶν
3604 2055 3738 2110 προ-

2148 2136 2332 2208 φητῶν
2366 2135 2442 2206 (5)
2469 2133 2807 2206 τηλικοῦτος.
2841 2132 3021 2186 Πολλά
3049 2149 3108 2186 σε
3135 2131 3214 2185 δεῖ
3243 2131 3610 2202 κατορθῶσαι,
3647 2132 3736 2186 ἵνα

2146 2229 2176 2281 6
2203 2227 2335 2291 Θεὸς
2371 2226 2512 2290 ἀξιοῖ
2546 2243 2606 2278 σε
2645 2225 2988 2279 ἐπίστασθαι.
3021 2224 3126 2277 Τὸν
3167 2225 3265 2294 μὲν
3306 2224 3415 2295 γάρ
3467 2223 3736 2296 Ἰερεμίαν

2147 2317 2256 2391 πρὸ
2281 2315 2376 2370 τοῦ
2399 2315 2603 2369 πλάσαι
2631 2316 2688 2368 ὲν
2715 2315 2892 2386 κοιλίᾳ
2919 2315 3178 2368 ἐπίστατο
3195 2331 3208 2344 -
3241 2313 3399 2369 ἀλλον
3423 2313 3734 2384 δὲ.ἀρχεται

2145 2408 2472 2465 ἐπίστασθαι
2493 2408 2783 2480 τριάκοντα
2807 2408 2900 2478 ἐτη
2932 2407 3191 2476 γεγονότα
3214 2406 3311 2478 (4),
3328 2407 3735 2478 τεσσαράκοντα

2141 2502 2240 2574 ἔτη
2270 2500 2552 2572 γεγονότα.
2586 2501 2750 2568 Λόγοι
2779 2498 2915 2552 Θεοῦ
2943 2501 3080 2552 εἰσιν
3104 2499 3440 2569 ἀπόρρητοι·
3478 2498 3610 2570 περὶ
3635 2498 3734 2568 μὲν

2144 2589 2238 2649 οῦν
2263 2593 2356 2648 τοῦ
2382 2593 2629 2665 Σωτῆρος
2649 2591 2710 2643 ού
2741 2589 3082 2661 ζητούμενοι,
3107 2589 3234 2660 περὶ
3257 2588 3311 2641 δὲ
3343 2586 3436 2640 τοῦ
3470 2585 3736 2659 Ἱερεμίου

2145 2690 2255 2751 τοῖς
2288 2679 2404 2738 ὦτα
2440 2683 2652 2754 ἔχουσιν
2679 2681 3020 2743 ἐπιστάσεως
3045 2679 3305 2751 δεόμενοι.

2223 2797 2349 2862 Πῶς
2370 2796 2549 2866 λέγει·
2593 2815 2611 2847 ι
2653 2795 2770 2868 Πρὸ
2792 2794 2888 2850 τοῦ
2923 2813 2990 2867 με
3016 2794 3217 2849 πλάσαι
3246 2811 3304 2847 σε
3331 2794 3388 2847 ὲν
3414 2790 3738 2864 κοιλίᾳ,ὲπί-

2149 2889 2352 2964 σταμαί
2377 2906 2434 2942 σε
2453 2905 2466 2918 ·
2497 2889 2590 2942 κα)⁵
2613 2888 2716 2960 πρὸ
2738 2887 2832 2942 τοῦ
2864 2905 2922 2940 σε
2944 2886 3176 2954 ἐξελθεῖν
3201 2889 3265 2939 ὲκ
3298 2887 3509 2956 μήτρας
3529 2882 3734 2954 ήγίακά

2150 3000 2208 3036 σε
2248 2997 2302 3049 i;
2351 2981 2410 3036 '0
2440 2981 2571 3044 Θεὸς
2605 2978 2784 3052 ἑαυτῷ
2823 2981 3040 3050 άγιάσει
3081 2979 3253 3042 τινάς.
3291 2979 3493 3031 Τοῦτον
3530 2977 3591 3030 οὐ
3632 2993 3733 3028 ’πε⁹

2151 3074 2441 3146 ριέμεινεν,
2469 3073 2554 3126 ῖνα
2583 3071 2802 3125 ἐλθόντα
2833 3074 2912 3135 εἰς
2933 3071 3145 3140 γένεσιν
3177 3071 3401 3144 ἁγιάσῃ,
3442 3067 3578 3123 ἀλλά
3605 3069 3735 3140 πρὶν

462 3182 557 3239 sed
583 3182 737 3251 prius
765 3177 1071 3235 sanctiﬁcat
1096 3189 1259 3246 quam
1291 3173 1357 3227 de
1388 3171 1546 3226 vulva
1596 3169 1926 3240 egrediatur.
1988 3165 2044 3220 Si

2151 3167 2385 3236 ἐξελθεῖν
2419 3169 2482 3220 ὲκ
2517 3167 2729 3238 μήτρας
2770 3165 2872 3236 ήδη
2918 3165 3162 3235 ἡγίασεν.
3211 3163 3337 3217 Ἐὰν
3381 3164 3472 3215 ἐπὶ
3498 3163 3589 3215 τὸν
3617 3163 3732 3213 Σω-

456 3275 530 3330 ad
564 3249 925 3335 Salvatorem,
960 3277 1020 3324 ut
1044 3269 1175 3335 dixi,
1213 3265 1441 3330 referas,
1476 3278 1584 3319 non
1611 3269 1694 3318 est
1723 3262 1929 3316 malum
1963 3259 2047 3315 di-

2150 3259 2294 3330 τῆρα
2323 3258 2618 3328 ἀναφέρῃς,
2643 3256 2704 3308 ού
2734 3253 2969 3325 χαλεπὸν
3002 3255 3195 3317 εἰπεῖν,
3225 3253 3307 3306 ὅτι
3341 3252 3470 3322 πρὶν
3500 3249 3734 3316 ἐξελθεῖν

461 3381 588 3422 cere
632 3366 788 3438 prius
829 3379 955 3420 eum
1008 3359 1407 3416 sanctiﬁcatum
1438 3371 1593 3422 esse,
1627 3370 1791 3426 quam
1830 3364 2042 3409 natum.

2151 3352 2218 3407 ὲκ
2255 3353 2467 3425 μήτρας
2500 3349 2782 3422 ἡγίασται.

464 3461 584 3536 [Sic
617 3469 672 3515 ct
699 3459 767 3515 de
794 3455 1026 3513 Domino
1051 3453 1342 3522 intelligas,
1375 3449 1466 3520 qui
1501 3457 1796 3518 antequam
1827 3448 1894 3502 de
1922 3448 2081 3502 vulva
2123 3447 2352 3512 exierit,
2400 3442 2774 3499 sanctiﬁcatus
2821 3448 2935 3506 est,
2994 3438 3091 3495 sed
3148 3438 3363 3495 inﬁnito
3417 3445 3542 3492 ante
3595 3445 3733 3491 tem-

460 3531 594 3628 pore
640 3566 857 3622 semper
903 3556 1127 3605 sanctus
1173 3545 1274 3598 fuit
1315 3562 1327 3597 :
1362 3543 1451 3597 hic
1487 3557 1614 3596 vero
1640 3550 1930 3609 antequam
1968 3541 2034 3595 de
2062 3551 2217 3596 utero
2245 3537 2439 3603 exiret,
2466 3534 2837 3591 sanctiﬁcatus
2861 3531 2992 3605 est.]

532 3652 622 3706 i2.
663 3647 986 3718 Prop/telam
1013 3644 1068 3697 in
1099 3640 1338 3714 gentibus
1368 3639 1519 3708 posui
1553 3645 1620 3692 te.
1691 3635 1748 3689 Si
1778 3635 2044 3690 Jeremias

458 3743 661 3819 quzeris
693 3737 972 3811 quomodo
1022 3735 1094 3791 sit
1140 3733 1404 3804 propheta
1433 3729 1485 3783 in
1522 3728 1775 3799 gentibus
1806 3726 2041 3798 positus,

459 3815 693 3896 observa
725 3837 781 3890 in
812 3827 1277 3900 consequentibus
1306 3815 1430 3881 cum
1461 3823 1685 3894 jubelur
1716 3821 2044 3891 prophetare

460 3932 530 3986 ad
553 3942 744 3986 omnes
764 3933 949 3998 gentes
981 3941 994 3976 :
1029 3935 1154 3975 nam
1178 3915 1489 3975 istiusmodi
1520 3913 1744 3983 scriptio
1765 3920 1870 3977 est,
1897 3909 2044 3980 quod

461 4003 810 4091 prophetavit
857 4011 1122 4066 Jeremias
1182 4022 1346 4076 super
1395 4018 1588 4059 omnes
1630 4011 1817 4072 gentes
1866 4000 2044 4065 Elam,

463 4089 738 4172 Damasci,
785 4102 976 4170 Moab;
1012 4110 1066 4155 et
1094 4097 1322 4153 habebis
1363 4095 1491 4165 quia
1531 4091 1939 4164 prophetaverit
1977 4089 2047 4146 ad

460 4215 655 4257 omnes
680 4204 902 4270 gentes,
952 4193 1108 4264 juxta
1152 4189 1202 4243 id
1231 4187 1376 4260 quod
1405 4186 1611 4240 dictum
1641 4192 1726 4238 est
1761 4202 1773 4237 :
1811 4182 2048 4252 Prop/te-

463 4305 573 4350 tam
605 4294 660 4347 iu
693 4289 932 4363 gentibus
965 4285 1117 4357 posui
1151 4293 1218 4346 te,
1254 4282 1299 4337 si
1331 4291 1512 4335 tamen
1561 4275 1803 4330 volueris
1836 4274 1952 4328 haec
1979 4271 2047 4326 dc

2218 3631 2541 3702 Προφήτην
2573 3632 2659 3696 εἰς
2680 3628 2824 3697 ἔθνη
2856 3626 3087 3684 τέθεικά
3119 3640 3211 3680 σε.
3241 3625 3490 3697 Τήρησπον
3528 3625 3586 3679 ὲν
3623 3627 3733 3688 τοῖς

2148 3724 2295 3796 ἑξῆς,
2321 3725 2400 3777 ὄτι
2435 3722 2714 3776 κελεύεται
2749 3718 3122 3791 προφητεῦσαι
3153 3717 3245 3771 ἐπὶ
3275 3718 3451 3770 πάντα
3484 3717 3551 3770 τά
3581 3717 3730 3788 ἔθνη,

2148 3820 2214 3888 τῇ
2246 3815 2449 3886 Αίλάμ,
2479 3817 2545 3886 τῇ
2588 3811 2886 3885 Δαμασκῷ,
2917 3813 2982 3883 τῇ
3023 3810 3227 3864 Μωάσ·
3264 3809 3359 3863 καὶ⁷
3399 3809 3612 3880 ἔχομεν,
3652 3809 3734 3863 ὅτι

2150 3911 2558 3984 προεφήτευσεν
2593 3909 2683 3960 ἐπὶ
2707 3906 2884 3960 πάντα
2915 3904 2984 3957 τά
3011 3903 3163 3984 ἔθνη,
3183 3901 3260 3967 ὥς
3289 3900 3514 3974 πρὸςτὸ
3547 3902 3731 3973 ῥητὸν,

2149 3983 2252 4068 ὅτι,
2293 3999 2614 4071 Προφήτην
2645 4000 2732 4063 εἰς
2758 3997 2899 4068 ἔθνη
2931 3983 3166 4049 τέθεικά
3193 4008 3288 4059 σε,
3319 3993 3456 4064 πρὸς
3489 3992 3693 4047 ικεῖνον
3714 4006 3734 4026 υ

2151 4094 2256 4159 ἕως
2298 4095 2356 4148 δὲ
2386 4093 2524 4165 πρὸς
2562 4090 2871 4160 ἀναγωγὴν,
2919 4087 3013 4142 ἑὰν
3048 4088 3144 4158 μὲν
3183 4088 3274 4141 ἐπὶ
3304 4087 3395 4141 τὸν
3439 4087 3730 4158 Ἰερεμίαν,

2153 4187 2595 4257 προειρήκαμεν·
2644 4183 2738 4236 ἐὰν
2781 4181 2838 4235 δὲ
2873 4181 2968 4233 ἐπὶ
2997 4178 3091 4232 τοῦ
3137 4180 3406 4248 Σωτῆρος,
3442 4178 3494 4230 τί
3526 4177 3607 4229 δεῖ
3639 4173 3734 4230 καὶ

2152 4275 2365 4344 λέγειν;
2400 4268 2551 4337 οὗτος
2580 4272 2793 4344 ἀληθῶς
2817 4271 2908 4324 ἐπὶ
2932 4271 3110 4324 πάντα
3140 4269 3208 4322 τά
3237 4267 3364 4340 ἔθνη
3399 4269 3735 4342 ¹προεφήτευε-

462 4385 698 4442 Ieremia
733 4384 876 4438 dicta
909 4379 1131 4435 sentire.
1195 4375 1252 4430 Si
1301 4381 1484 4428 autem
1533 4367 1943 4437 intelligentiam
1977 4365 2041 4420 ad

2152 4383 2272 4420 σενα
2296 4365 2410 4418 ἔστι
2451 4363 2557 4450 γὰρ
2585 4363 2775 4434 ὥσπερ
2809 4360 2943 4414 ἄλλα
2976 4360 3167 4432 μυρία,
3197 4358 3336 4412 οὕτω
3382 4361 3478 4413 καὶ
3517 4359 3732 4430 προφή-

465 4477 637 4533 Deum
670 4473 990 4536 transferas,
1021 4470 1122 4525 iste
1149 4482 1273 4522 vere
1304 4465 1358 4519 in
1391 4462 1674 4516 universas
1702 4468 1888 4528 gentes
1919 4471 2049 4527 pra:-

465 4569 687 4626 dicavit.
730 4567 828 4620 Est
861 4562 1062 4632 quippe
1097 4559 1239 4614 sicut
1263 4557 1369 4611 alia
1400 4555 1590 4620 multa,
1622 4552 1702 4607 sic
1729 4559 1784 4606 et
1816 4548 2048 4620 prophe-

468 4671 543 4717 ta.
595 4657 668 4716 Ut
695 4664 778 4713 est
825 4656 1076 4726 princeps
1130 4648 1512 4710 sacerdotum,
1571 4652 1630 4699 ut
1658 4651 1741 4699 est
1775 4642 2048 4706 Salvator,

469 4767 531 4810 ut
557 4761 641 4809 est
669 4749 939 4811 medicus,
974 4743 1226 4801 similiter
1257 4750 1310 4796 et
1340 4737 1603 4810 propheta
1629 4746 1713 4791 est
1757 4734 1856 4804 (t).
1907 4731 2052 4802 Moy-

471 4863 560 4904 ses
590 4842 922 4900 annuntians
954 4839 1020 4893 de
1045 4852 1144 4903 eo,
1186 4850 1294 4890 non
1341 4831 1519 4888 solum
1555 4827 1868 4899 prophetam
1891 4864 1906 4889 ,
1957 4823 2052 4878 sed

471 4936 847 4994 admirabilem
899 4932 1039 4985 inter
1092 4937 1319 4982 cunctos
1355 4921 1666 4978 nominavit
1705 4917 2053 4989 prophetam,

470 5031 661 5087 dicens
707 5047 720 5082 ;
781 5025 1102 5094 Prop/telam
1147 5035 1212 5073 ex
1242 5018 1499 5090 fratribus
1546 5013 1732 5068 uestris
1775 5006 2055 5064 suscitabit

471 5120 647 5185 vobis,
701 5119 830 5171 dicit
863 5113 1118 5169 Dominus
1149 5111 1288 5164 Deus
1313 5121 1524 5172 noster;
1568 5103 1721 5176 quasi
1769 5117 1849 5154 me
1876 5099 2057 5152 audite

470 5233 609 5271 eum.
631 5213 941 5281 Quicunque
963 5223 1068 5263 non
1098 5203 1327 5259 audierit
1354 5200 1659 5271 prophetam
1685 5193 1860 5257 illum,
1890 5191 2056 5245 inter-

472 5307 569 5363 ibit
619 5305 682 5359 de
727 5301 920 5373 populo
948 5313 1044 5353 suo
1072 5297 1140 5351 ”.
1197 5294 1302 5350 Iste
1345 5301 1431 5349 est
1460 5291 1750 5361 prophetes
1783 5282 2052 5339 constitu-

541 5443 588 5476 ³⁸
623 5440 814 5497 Matth.
853 5453 966 5500 vn,
998 5432 1089 5488 25.
1166 5431 1213 5464 ³⁸
1248 5429 1405 5485 Deut.
1452 5441 1582 5482 svnt
1606 5464 1620 5489 ,
1662 5425 1748 5479 i5.

547 5557 624 5626 (l)
665 5553 796 5626 Mss.
829 5550 1008 5621 Regii,
1057 5548 1194 5604 sicut
1237 5546 1478 5616 printxps
1521 5539 1932 5610 praphetarum,
1977 5535 2053 5589 sic

475 5636 522 5679 ﬂ
547 5624 907 5762 farfprliiiabax
933 5691 1234 5762 ἐπίσταμαι
1260 5685 1462 5751 λαλεῖν,
1497 5683 1614 5753 lege
1637 5694 1759 5736 cum
1788 5675 2052 5747 Hierony-

478 5758 924 5831 ιηιι,’ὲπίσταμαί
961 5777 1042 5831 σε,
1074 5758 1218 5824 ἐπεί,
1251 5766 1358 5831 ιξιρΣ

550 5816 628 5910 (ὲ)
665 5816 887 5898 θ’Ἔκτὸς
921 5816 1042 5884 τῶιέ
1090 5816 1408 5898 προέοητῶν
1435 5866 1450 5895 ,
1502 5834 1607 5881 etc.
1651 5820 1888 5893 Legebat
1925 5816 2054 5875 Hie-

2147 4474 2265 4527 της.
2321 4456 2406 4519 Ὠς
2451 4455 2596 4508 ἔστιν
2640 4455 2947 4527 ἀρχιερεὺς,
2969 4452 3042 4516 ὼς
3077 4451 3190 4504 ἔστι
3231 4450 3443 4522 Σωτὴρ,
3483 4451 3557 4514 ὡς
3586 4451 3731 4504 ἐστιν

2151 4545 2354 4618 ἰατρὸς,
2393 4544 2534 4599 οὕτω
2581 4548 2677 4599 καὶ
2719 4545 3020 4616 προφήτης·
3065 4543 3304 4613 Μωῦσῆς
3330 4543 3479 4612 γοῦν,
3527 4559 3728 4613 προφη-

2148 4638 2322 4691 τεύων
2344 4639 2470 4711 περ).
2493 4636 2679 4704 αὐτοῦ,
2705 4639 2826 4708 οὐχ).
2848 4637 3132 4709 προφήτην
3157 4636 3334 4707 μόνον,
3360 4635 3494 4688 ἀλλά
3523 4634 3734 4705 ἐξαιρέ-

2147 4748 2257 4792 τως
2285 4724 2673 4795 εῐπεν,είπὼνο
2715 4730 3036 4800 Προφήτην
3061 4729 3128 4782 ἐκ
3161 4727 3279 4782 τῶν
3310 4726 3586 4796 ἀδελφῶν
3618 4743 3735 4780 σου

2151 4822 2487 4892 ἀναστήσει
2537 4822 2680 4891 ὑμῖν
2721 4824 2936 4891 Κύριος
2983 4825 3014 4875 ὀ
3067 4821 3229 4886 Θεὸς,
3279 4821 3359 4886 ὡς
3390 4819 3495 4888 ἐμὲ
3547 4817 3734 4871 αὑτοῦ

2153 4913 2418 4968 ἀκούετε.
2451 4914 2561 4968 Καὶ
2591 4915 2783 4980 ἔσται,
2812 4915 2879 4980 ὃς
2897 4913 2974 4967 ἂν
2994 4913 3080 4983 μὴ
3110 4914 3344 4980 ἀκούσῃ
3375 4911 3482 4964 τοῦ
3515 4907 3734 4978 προφή-

2153 5023 2257 5059 του
2272 5005 2529 5070 ἐκείνου,
2549 5005 2906 5074 ἐξολοθρευθ
2915 5005 3118 5074 vicerat.
3133 5005 3200 5056 ἐκ
3226 5002 3331 5056 τοῦ
3353 5001 3504 5055 ,ιαοῦ
3524 5003 3670 5054 αὐτο
3679 4999 3730 5052 ὖ.

2153 5095 2318 5162 Οὗτος
2347 5093 2440 5152 οὖν
2478 5099 2643 5161 ἐστιν,
2687 5097 2746 5161 ὃς
2782 5098 3071 5169 προφήτης
3113 5098 3192 5158 είς
3234 5093 3361 5166 ἔθνη
3402 5093 3733 5163 τεθειμένος,

2153 5189 2246 5242 καὶ
2267 5189 2425 5242 ἔλαϐε
2457 5190 2614 5261 χάριν
2637 5189 2744 5241 ἀπὸ
2762 5187 2896 5241 Θεοῦ
2927 5187 3243 5258 ἐκχυθεῖσαν
3273 5185 3331 5238 ἐν
3364 5187 3476 5248 τοῖς
3500 5183 3733 5252 χείλεσιν

2157 5280 2345 5345 αὑτοῦ,
2365 5281 2450 5334 ἵνα
2480 5283 2552 5352 μὴ
2587 5281 2745 5351 μόνον
2787 5281 2874 5333 ὅτε
2906 5280 3086 5349 παρῆν
3107 5277 3183 5349 τῷ
3215 5277 3449 5348 σώματι,
3478 5273 3614 5329 ἀλλὰ
3641 5274 3737 5326 καὶ

2155 5548 2418 5604 ronymus
2446 5551 2458 5585 :
2483 5530 2623 5594 εἴτις
2640 5529 2749 5583 τῶν
2772 5530 3064 5602 προφητῶν
3088 5544 3100 5557 ·
3140 5545 3262 5600 quae
3283 5528 3447 5583 lectio
3472 5525 3734 5580 hodierna

2158 5606 2339 5675 potior
2367 5603 2605 5675 νὶιιριιιι·.

2232 5674 2309 5745 (-5)
2349 5674 2486 5727 A-nte
2510 5671 2914 5745 τεσσαράκοντα
2940 5669 3287 5745 librariorum
3315 5667 3524 5745 incuria
3557 5663 3733 5720 omis-

2160 5761 2218 5801 sa
2240 5738 2334 5799 est
2378 5759 2479 5796 vox
2510 5738 2694 5801 dum,
2719 5757 2840 5809 quae
2883 5741 3190 5797 necessaria
3221 5749 3325 5807 est,
3355 5739 3430 5793 uti
3466 5738 3633 5808 liquet
3662 5749 3732 5789 cx

2159 5813 2607 5886 interpretatione
2633 5810 2964 5880 Hieronymi.
3549 5842 3551 5845 -
