4130 6434
445 390 542 445 271

447 589 571 628 nus.
612 569 685 625 Et
725 570 957 626 extendit
997 585 1212 623 manum
1256 583 1410 623 suam
1444 567 1514 621 ad
1545 583 1626 621 me
1655 566 1913 621 Dominus
1934 607 1950 633 ,
1979 577 2030 622 et

451 662 621 733 tetigit
644 678 702 716 os
727 677 920 727 meum,
954 669 1004 715 et
1029 660 1168 713 dixit
1195 657 1454 712 Dominus
1483 658 1552 710 ad
1575 673 1654 712 me
1682 656 1748 712 ³⁸.
1790 654 2032 712 Observa

446 755 784 811 diﬂ'erentias
811 751 1063 810 Ieremia:
1094 760 1149 806 et
1169 750 1342 808 lsaite.
1386 750 1557 806 lsaias
1584 751 1660 806 ait
1696 768 1721 821 :g
1746 748 2033 804 [inmunda

442 845 590 900 labia
621 843 816 898 habens
838 844 893 898 in
921 842 1095 897 medio
1122 840 1303 911 populi
1341 840 1618 894 immunda
1657 838 1804 896 labia
1831 838 2030 893 haben-

444 937 513 992 tis
545 952 640 1008 ego
666 935 867 998 habito,
899 945 947 989 et
975 949 1148 1004 regem
1177 931 1464 986 Dominum
1498 929 1736 985 Sabaoth
1766 929 1875 984 vidi
1905 945 2031 983 ocu-

441 1029 509 1084 lis
555 1029 683 1082 meis
725 1027 792 1082 ⁸⁶.
845 1025 912 1080 Et
943 1024 1207 1095 quoniam
1241 1022 1532 1080 confessus
1563 1031 1648 1077 est
1685 1037 1796 1077 non
1828 1021 2032 1078 habere

443 1121 589 1175 facta
619 1117 905 1174 immunda
927 1158 943 1184 ,
980 1116 1078 1172 sed
1117 1115 1282 1170 verba
1313 1123 1528 1170 tantum
1563 1112 1760 1184 (usque
1790 1113 1858 1168 ad
1885 1114 2031 1168 hunc

439 1207 590 1264 enim
617 1207 782 1262 linem
814 1214 1038 1277 peccata
1065 1204 1466 1275 commiserat),
1501 1219 1610 1257 non
1643 1202 1885 1258 extendit
1919 1201 2030 1257 Do-

443 1301 630 1356 minus
655 1313 883 1354 manum
910 1312 1090 1363 suam,
1120 1311 1298 1365 neque
1331 1310 1502 1350 unum
1527 1309 1592 1349 ex
1611 1293 1886 1363 seraphim
1912 1308 2029 1348 ma-

445 1409 518 1447 nu
555 1407 656 1448 sua
687 1390 833 1445 labia
861 1390 983 1459 ejus
1013 1388 1206 1458 tetigit,
1229 1386 1323 1442 sed
1354 1385 1561 1455 forcipe
1588 1384 1766 1439 solum
1799 1392 2027 1455 tangens

443 1481 525 1536 ait
569 1498 584 1536 :
635 1479 773 1533 Ecce
821 1478 1022 1533 abstuli
1051 1477 1354 1547 iniquitates
1381 1485 1500 1530 tuas
1538 1475 1607 1531 ³⁷.
1644 1472 1895 1529 Ieremia:
1923 1489 2026 1528 au-

445 1583 580 1638 tem,
613 1571 743 1642 quia
766 1569 1140 1628 sanctiﬁcatus
1173 1568 1353 1624 fuerat
1387 1568 1442 1622 in
1467 1567 1647 1631 vulva,
1677 1580 1786 1620 non
1812 1565 2028 1635 forceps

444 1664 722 1729 mittitur,
777 1678 956 1733 neque
1001 1661 1070 1717 de
1106 1660 1263 1714 altari
1309 1659 1476 1716 carbo
1505 1672 1842 1724 succensus;
1892 1657 2028 1711 nihil

785 457 806 472 _
1907 381 2234 440 omems

519 481 608 537 M.
653 480 921 546 Quoniam
955 487 1124 534 tecum
1149 493 1266 532 sum
1291 485 1350 531 ut
1379 491 1561 532 eruam
1585 485 1655 542 te,
1686 476 1814 531 dicit
1857 475 2037 530 Domi-
2061 489 2109 536 Α

3612 385 3722 443 T72

2205 478 2334 531 Ὅτι
2376 475 2527 546 μετὰ
2561 477 2678 532 σοῦ
2709 479 2847 547 ειμι,
2888 475 2995 531 τοῦ
3029 475 3397 553 ἐξαιρεῖσθαι
3434 490 3531 543 σε,
3561 480 3724 549 λέγει

2131 569 2367 636 Κύριος.
2390 569 2499 622 Καὶ
2523 567 2780 633 ἐξέτεινε
2795 568 3009 635 Κύριος
3032 567 3148 636 τὴν·
3171 567 3343 636 κε’ῲα
3365 566 3556 621 αὐτοῦ
3572 568 3724 634 πρός

2125 677 2223 730 με,
2255 660 2351 714 καί
2384 657 2585 728 ἥψατο
2603 661 2709 714 τοῦ
2731 661 3028 729 στόματός
3058 678 3199 731 μου,
3226 660 3326 714 καὶ
3353 655 3487 715 εἷπε
3506 662 3723 730 Κύριος

2131 752 2282 821 πρός
2303 769 2400 822 με.
2430 754 2596 825 Τήρει
2627 753 2891 824 διαφορὰς
2933 751 3195 824 Ἰερεμίου
3230 754 3323 806 καὶ
3366 749 3611 806 Ἡσαΐου.
3661 751 3722 806 Ὀ

2144 843 2377 910 Ἡσαΐας
2391 847 2572 916 φησίν·
2609 845 2927 914 Ἀκάθαρτα
2945 846 3118 916 χείλη
3135 846 3291 914 ἔχων
3303 845 3552 914 ἐνμέσῳ
3565 842 3720 899 λαοῦ

2128 936 2428 1007 ἀκάθαρτα
2443 938 2615 1006 χείλη
2633 938 2885 1005 ἔχοντος
2898 937 3012 1006 ἐγὼ
3031 935 3190 1005 οικῶ,
3218 935 3320 991 καὶ
3334 934 3720 1000 τὸνβασιλέα

2127 1031 2348 1098 Κύριον
2391 1029 2634 1084 Σαϐαὼθ
2682 1027 2850 1082 εἶδον
2887 1027 3014 1094 τοῖς
3052 1025 3383 1095 ὀφθαλμοῖς
3413 1043 3557 1095 μου.
3609 1026 3718 1078 Καὶ

2127 1121 2250 1176 ἐπεὶ
2283 1120 2593 1192 ὲξωμολογή
2605 1136 2735 1173 σατο
2761 1119 2863 1172 οὐκ
2907 1119 3046 1189 ἔχων
3076 1118 3214 1188 ἔργα
3240 1116 3551 1188 ἀκάθαρτα,
3581 1117 3719 1170 ἀλλὰ

2131 1210 2292 1281 μόνον
2341 1210 2583 1282 ῥημάτια
2642 1210 2839 1284 (μέχρι
2883 1208 2993 1278 γὰρ
3034 1207 3224 1261 τούτου
3259 1207 3579 1278 ἁμαρτωλὸς
3604 1204 3714 1277 ἦν).

2126 1303 2228 1355 οὐκ
2258 1302 2491 1367 ἐξέτεινε
2529 1303 2735 1374 Κύριος
2771 1302 2870 1372 τὴν
2899 1303 3058 1371 χεῖρα
3086 1299 3274 1355 αὑτοῦ.
3320 1300 3395 1352 Τὸ
3426 1299 3483 1352 δὲ
3524 1298 3582 1352 ἓν
3609 1298 3713 1351 τῶν

2129 1396 2371 1468 σεραφὶμ
2419 1395 2496 1466 (2)
2545 1394 2721 1465 ἥψατο
2745 1397 2810 1465 τῇ
2841 1395 2984 1464 χειρὶ
3010 1391 3177 1445 αὐτοῦ
3210 1391 3319 1445 τῶν
3352 1390 3578 1461 χειλέων
3621 1393 3712 1444 αὺ-

2126 1490 2242 1554 τοῦ,
2270 1490 2366 1543 καὶ
2392 1485 2566 1543 εἶπεν·
2625 1488 2779 1544 Ἰδοὺ
2819 1487 3105 1556 ἁςρῄρηκα
3147 1484 3253 1550 τὰς
3288 1483 3540 1554 ἀνομίας
3575 1498 3710 1539 σου.

2139 1581 2357 1653 Ἐπειδὴ
2399 1576 2555 1644 οὗτος
2587 1578 2821 1651 ἡγιάσθη
2865 1581 2929 1632 ὲκ
2977 1577 3207 1648 μήτρας,
3251 1574 3312 1628 οὐ
3354 1575 3513 1640 λασὶς
3567 1575 3718 1646 αὐτῷ

2129 1674 2426 1744 πέμπεται,
2474 1673 2595 1726 οὐδὲ
2628 1671 2736 1726 ἀπὸ
2768 1670 2864 1724 τοῦ
2911 1667 3298 1740 θυσιαστηρίου
3341 1667 3568 1738 ἄνθραξι
3618 1667 3718 1722 οὐκ

443 1756 642 1827 quippe
659 1755 909 1826 [habebat
936 1754 1060 1825 igne
1087 1753 1342 1823 dignum;
1375 1750 1536 1824 135
1561 1751 1655 1808 sed
1685 1750 1801 1820 ipsa
1831 1763 2028 1804 manus

2129 1758 2274 1834 εἶχεν
2297 1762 2461 1832 ,οὐδὲν
2496 1761 2644 1827 ἀξιον
2674 1759 2768 1814 τοῦ
2817 1759 3007 1830 πυρὸς,
3043 1757 3159 1811 ἀλλ’
3194 1756 3333 1827 αὐτὴ
3363 1759 3396 1828 ὴ
3449 1758 3574 1829 χεὶρ
3621 1757 3714 1810 τοῦ

444 1847 664 1904 Domini
683 1847 856 1918 tetigit
877 1862 1022 1910 eum,
1043 1854 1263 1916 propter
1277 1845 1424 1915 quod
1450 1845 1584 1899 dicit
1607 1842 1892 1897 :Extendit
1919 1841 2028 1896 Do-

2129 1829 2334 1924 κυρίου
2371 1852 2549 1923 ἥψατο
2574 1851 2759 1904 αὑτοῦ.
2797 1829 2905 1901 Διδν
2929 1848 3106 1916 λέγει’
3169 1846 3458 1912 Ἐεέτεινε
3501 1847 3718 1916 Κιτφιος

441 1939 620 1993 minus
655 1955 875 1993 manum
907 1954 1062 1992 suam
1094 1937 1163 1991 ad
1199 1953 1300 2002 me,
1333 1945 1384 1990 et
1412 1935 1583 2006 tetigit
1613 1951 1671 1989 os
1703 1950 1895 1989 meum.
1955 1931 2025 1986 Et

342 2052 371 2074 ο
441 2031 583 2086 dixit
609 2029 874 2085 Dominus
903 2030 973 2084 ad
1001 2046 1081 2083 me
1111 2045 1130 2083 :
1162 2028 1298 2083 Ecce
1345 2028 1466 2083 dedi
1496 2043 1761 2082 sermones
1792 2042 1935 2081 meos
1969 2026 2026 2080 in

439 2140 499 2178 os
524 2131 698 2189 tuum,
734 2137 851 2176 ecce
881 2121 1134 2176 constitui
1165 2129 1213 2175 te
1243 2136 1401 2188 super
1434 2130 1610 2191 gentes
1640 2127 1691 2175 et
1720 2135 1880 2191 regna
1908 2135 2028 2174 era-

441 2214 626 2268 dicare
655 2213 721 2268 ³⁸.
763 2212 898 2280 Quis
925 2213 1006 2269 sic
1032 2213 1225 2268 beatus
1245 2221 1328 2268 est
1353 2251 1368 2277 ,
1417 2222 1476 2267 ut
1507 2227 1674 2282 regna
1705 2211 1875 2267 multa
1905 2226 2029 2282 qua:

441 2300 665 2358 Christo
697 2301 949 2358 diabolus
981 2301 1254 2368 ostendit,
1285 2314 1452 2372 regna
1483 2299 1792 2356 daamonum
1813 2339 1830 2367 ,
1860 2313 2025 2369 regna

444 2392 655 2464 peccati
685 2393 925 2448 eradicet
950 2392 1036 2448 his
1073 2392 1166 2463 qui
1197 2392 1247 2448 ei
1299 2393 1376 2465 (l)
1419 2391 1531 2448 dati
1555 2400 1687 2447 sunt
1711 2407 1742 2446 a
1767 2389 1879 2446 Deo
1907 2404 2025 2444 ser-

442 2485 738 2542 monibus?
782 2484 1056 2555 Scriptum
1099 2493 1183 2540 est
1217 2485 1362 2540 enim
1397 2503 1412 2540 :
1448 2483 1584 2539 Ecce
1616 2483 1738 2540 dedi
1761 2497 2022 2537 sermones

442 2594 582 2632 meos
612 2576 665 2631 in
692 2592 750 2630 os
776 2584 947 2632 tuum.
979 2574 1116 2630 Ecce
1139 2576 1390 2630 constitui
1419 2583 1468 2630 te
1493 2575 1650 2630 hodie
1674 2591 1831 2645 super
1848 2582 2024 2645 gentes

440 2676 492 2724 et
519 2683 680 2738 regna
731 2666 1074 2738 (eradicare).
1129 2664 1423 2732 Quomodo
1467 2674 1651 2721 autem
1700 2679 1867 2735 regna
1901 2671 2031 2719 sunt

441 2758 703 2830 plurima,
731 2758 918 2827 plures
941 2757 1196 2812 similiter
1229 2765 1284 2811 et
1310 2763 1520 2828 gentes.
1559 2754 1693 2826 (Nec
1717 2762 1898 2823 potest
1927 2754 2029 2808 ali-

441 2848 590 2917 quod
615 2862 844 2918 regnum
867 2846 1012 2914 dici,
1047 2846 1154 2901 nisi
1183 2846 1330 2917 quod
1354 2845 1458 2902 sub
1489 2860 1548 2901 se
1569 2843 1820 2900 continet
1850 2844 2029 2898 natio-

441 2936 585 3009 nes).
631 2936 790 2992 Verbi
817 2937 992 3007 gratia
1014 2937 1220 2993 dictum
1246 2937 1319 2993 sit
1349 2975 1364 2992 .
1397 2935 1609 3006 Regnat
1639 2933 1929 2990 fornicatio
1951 2935 2031 3007 (in

440 3029 666 3084 homine
697 3029 1038 3100 peccatore),
1071 3044 1297 3086 necesse
1320 3037 1403 3084 est
1432 3037 1494 3084 ut
1532 3043 1761 3101 regnum
1795 3026 2033 3082 fornica-

441 3115 612 3173 tionis
649 3117 844 3173 habeat
872 3125 1063 3189 gentes
1083 3133 1231 3175 suas.
1269 3117 1454 3190 Ipsum
1489 3117 1623 3173 illud
1651 3116 1906 3188 generale
1931 3116 2030 3172 de-

445 3208 635 3263 lictum
667 3208 914 3264 avaritiae
947 3217 1000 3265 et
1027 3209 1396 3281 t'raudis,.quo
1422 3210 1507 3264 vix
1536 3208 1738 3280 aliquis
1765 3207 2028 3264 immunis

439 3306 546 3362 est,
577 3297 742 3354 habet
771 3313 998 3370 regnum
1052 3315 1237 3366 suum,
1272 3309 1326 3356 et
1357 3299 1461 3356 sub
1489 3313 1660 3371 regno
1688 3315 1800 3354 uno
1826 3299 2028 3355 multas

442 3389 687 3460 possidet
715 3399 926 3462 gentes,
953 3406 1048 3462 per
1073 3391 1338 3461 plurimas
1372 3391 1582 3448 scilicet
1612 3391 1824 3462 species
1851 3391 2030 3446 avari-

449 3479 559 3546 tiae,
591 3488 646 3534 et
669 3480 742 3534 ob
770 3481 820 3535 id
843 3495 986 3551 opus
1013 3489 1097 3536 est
1120 3481 1466 3536 sermonibus
1494 3479 1625 3546 Dei,
1655 3488 1715 3535 ut
1746 3481 2027 3536 istiusmoc

441 3571 498 3626 di
529 3586 695 3643 regna
721 3586 846 3626 cum
871 3571 986 3628 suis
1021 3572 1276 3642 gentibus
1307 3571 1627 3627 evellantur.
1665 3570 1919 3627 Salvator
1970 3572 2027 3627 in

442 3660 738 3732 Evangelio
763 3662 1029 3728 ostendit,
1071 3662 1259 3719 dicens
1292 3680 1306 3716 :
1344 3661 1529 3718 Omnis
1555 3662 1820 3732 plantatio
1868 3679 2029 3734 quam

442 3768 545 3806 non
577 3752 841 3822 plantavit
888 3751 1055 3807 Pater
1099 3769 1242 3808 meus
1267 3752 1517 3820 caelestis,
1567 3752 1930 3808 eradicabitur
1958 3753 2023 3808 ³⁹.

442 3843 582 3900 Sunt
625 3845 873 3914 quaedam
915 3844 1248 3901 intrinsecus
1290 3845 1346 3900 in
1393 3845 1679 3902 animabus
1712 3846 1910 3902 vestris
1945 3846 2028 3900 in-

440 3939 569 4000 sita,
596 3950 721 4006 quae
737 3950 847 3990 non
867 3935 1131 4006 plantavit
1147 3935 1386 3992 caelestis
1406 3935 1581 3992 Pater.
1601 3935 1804 3994 Omnes
1819 3937 2028 4007 quippe

439 4025 802 4095 cogitationes
852 4025 1107 4094 pessimae
1129 4064 1146 4089 ,
1191 4025 1485 4080 homicidia
1513 4067 1528 4092 ,
1579 4026 1845 4082 adulteria
1867 4066 1882 4092 ,
1917 4027 2027 4082 for-

439 4113 745 4169 nicationes
766 4153 782 4180 ,
840 4112 984 4168 furta
1005 4153 1022 4178 ,
1075 4113 1210 4169 falsa
1243 4114 1554 4170 testimonia
1577 4157 1591 4180 ,
1647 4115 2024 4186 blasphemia-2,

441 4203 812 4275 plantationes
841 4211 1002 4272 sunt,
1052 4219 1191 4274 quas
1217 4219 1324 4259 non
1355 4202 1620 4274 plantavit
1653 4204 1892 4262 ccelestis
1925 4203 2030 4260 Pa-

442 4307 543 4350 ter.
584 4295 642 4352 Si
666 4306 848 4352 autem
873 4296 956 4352 vis
980 4297 1124 4353 scire
1143 4296 1302 4367 cujus
1331 4296 1402 4352 sit
1426 4295 1690 4368 plantatio
1738 4298 2024 4354 istiusmo-

445 4387 502 4441 di
538 4387 830 4456 cogitatus,
858 4387 984 4442 audi
1011 4388 1138 4462 quia
1162 4389 1412 4443 inimicus
1436 4387 1596 4444 homo
1627 4389 1724 4444 hoc
1755 4390 1912 4460 fecit,
1937 4390 2026 4460 qui

2127 1944 2242 2010 τὴν
2270 1944 2438 2014 χεῖρα
2463 1943 2652 1999 αὑτοῦ
2679 1943 2826 2010 πρός
2861 1958 2958 2010 με,
2989 1940 3087 1994 καὶ
3123 1939 3323 2008 ἥψατο
3349 1937 3456 1993 τοῦ
3494 1940 3716 2008 στόμα-

2126 2037 2232 2102 τός
2266 2053 2406 2105 μου.
2435 2034 2544 2088 Καὶ
2576 2034 2704 2086 εἷπε
2731 2034 2947 2100 Κύριος
2975 2031 3124 2098 πρός
3146 2045 3253 2099 με’
3303 2028 3456 2085 Ἰδοὺ
3486 2029 3716 2084 δέδωκα

2127 2128 2271 2190 τοὺς
2302 2129 2525 2198 λόγους
2555 2142 2676 2194 μου
2727 2125 2814 2190 εις
2855 2123 2922 2176 τὸ
2964 2123 3159 2191 στόμα
3191 2135 3340 2176 σου’
3385 2120 3514 2176 ίδοὺ
3576 2125 3715 2178 καθα

2127 2214 2439 2272 ἐστακάσε
2455 2215 2723 2285 σήμερον
2747 2214 2847 2269 ἐπὶ
2886 2214 3028 2281 ἔθνη
3071 2213 3169 2266 καί
3195 2212 3522 2278 βασιλείας
3560 2212 3718 2280 ἐκρι-

2127 2306 2284 2368 ζοῦν.
2311 2306 2407 2370 Τίς
2433 2301 2590 2370 οὗτος
2628 2305 2702 2378 (3)
2751 2306 3017 2378 μακάριός
3037 2307 3206 2368 ἐστιν,
3227 2305 3285 2368 δς
3313 2305 3410 2367 τὰς
3440 2303 3714 2374 βασιλείας

2127 2395 2329 2459 πολλὰς
2360 2394 2551 2463 οὖσας,
2570 2395 2635 2456 ἃς
2655 2394 2926 2448 δείκνυσιν
2955 2396 2984 2448 6
3025 2394 3290 2458 διάϐολος,
3323 2392 3598 2463 βασιλείας
3623 2392 3714 2446 οῦ-

2129 2504 2229 2550 σας
2275 2486 2561 2556 δυνάμεων
2613 2484 3025 2554 ἀντικειμένων,
3085 2483 3360 2554 βασιλείας
3419 2482 3565 2535 κατὰ
3616 2483 3715 2546 τὰς

2128 2578 2424 2650 ἁμαρτίας,
2455 2575 2708 2648 ἐκριζοῦν
2734 2579 2848 2639 τοῖς
2876 2575 3176 2645 διδομένοις
3210 2572 3316 2627 ὑπὸ
3349 2573 3443 2626 τοῦ
3467 2573 3600 2626 Θεοῦ
3627 2572 3716 2625 λό-

2128 2687 2280 2738 γοις;
2311 2669 2624 2740 Γέγραπται
2665 2668 2773 2738 γάρ
2794 2684 2807 2697 ·
2864 2665 3017 2720 Ἰδοὺ
3056 2665 3288 2719 δέδωκα
3315 2665 3460 2732 τοὺς
3491 2666 3714 2734 ,λόγους

2125 2778 2244 2830 μου
2269 2761 2356 2825 είς
2377 2759 2442 2813 τὸ
2467 2762 2661 2829 στόμα
2686 2776 2800 2813 σου
2816 2775 2829 2789 ο
2861 2757 2992 2811 iam)
3040 2757 3382 2811 καθέστακα
3423 2773 3498 2810 σε
3525 2756 3712 2824 σήμε-

2123 2867 2239 2919 ρον
2265 2850 2365 2903 ἐπὶ
2402 2851 2548 2918 ἔθνη
2581 2849 2680 2903 καί
2719 2849 3065 2915 βασιλείας.
3112 2849 3325 2920 Ὠσπερ
3358 2847 3417 2900 δὲ
3448 2847 3715 2917 βασιλεῖαι

2132 2941 2292 3004 εἰσιν,
2327 2940 2468 2993 οὕτω
2499 2941 2594 2992 καὶ
2625 2939 2786 3010 ἔθνηο
2827 2935 2959 3004 οἷον,
2999 2938 3246 3009 βασιλεία
3286 2938 3405 2992 ἐστὶ
3441 2939 3540 3009 τῆς
3583 2954 3718 3008 πορ-

2134 3033 2303 3098 νείας,
2332 3030 2460 3102 ἔθνη
2496 3030 2593 3102 τῆς
2635 3029 2907 3099 πορνείας.
2954 3029 3188 3102 Ἐκάστη
3231 3027 3452 3102 πορνεία
3487 3028 3586 3100 μία
3620 3027 3716 3100 βας

2137 3120 2312 3176 σιλεία
2341 3120 2486 3174 ἐστίν
2506 3137 2521 3151 ·
2557 3119 2905 3187 αὐτογενικδν
2940 3119 3246 3190 ἁμάρτημα
3277 3119 3374 3189 τῆς
3405 3118 3714 3182 πλεονεξίας

2132 3214 2227 3268 καὶ
2275 3214 2375 3284 τῆς
2426 3211 2880 3283 ἀποστερήσεωςξ·
2916 3211 3010 3264 καὶ
3059 3211 3168 3264 εἰσὶ
3217 3208 3409 3262 πολλαὶ
3447 3209 3713 3279 βασιλεῖαι

2133 3307 2231 3378 μὲν
2253 3307 2366 3369 τοῖς
2388 3303 2560 3358 πολλὰ
2581 3304 2695 3374 εῐδη
2725 3302 2942 3373 ἔχουσιν
2967 3300 3399 3371 ἁμαρτημάτων.
3429 3295 3560 3353 Εἶτα
3589 3299 3713 3354 καθ’

2129 3397 2358 3450 ἕκαστον
2381 3394 2487 3449 τῶν
2513 3392 2850 3466 ἁμαρτωλῶν
2879 3391 2989 3447 νόει
3015 3408 3106 3462 μοι
3125 3390 3194 3444 τὰ
3227 3390 3354 3462 ἔθνη
3385 3391 3454 3444 τὰ
3481 3390 3587 3443 ὑπὸ
3616 3389 3715 3462 τὴν

2131 3487 2427 3558 βασιλείαν,
2451 3487 2528 3550 ὡς
2552 3488 2748 3551 εἰπεῖν,
2777 3487 2861 3539 ὅτι
2889 3487 2916 3539 6
2938 3485 3086 3538 δεῖνα
3114 3482 3229 3554 ἔχει
3259 3483 3386 3554 ἔθνη
3418 3482 3589 3536 πολλὰ
3614 3483 3714 3552 τῆς

2131 3578 2410 3648 βασιλείας
2451 3577 2551 3648 τῆς
2583 3576 2724 3631 κατὰ
2753 3575 2853 3647 τὴν
2886 3573 3272 3645 ἀποστέρησιν,
3306 3573 3407 3644 τῆς
3439 3573 3579 3628 κατὰ
3615 3573 3714 3644 τὴν

2130 3668 2483 3733 καταλαλιάν,
2507 3669 2605 3738 τῆς
2628 3666 2772 3721 κατὰ
2791 3667 2891 3739 τὴν
2917 3669 3106 3740 ὀργήν.
3142 3667 3342 3738 Ἔργον
3365 3665 3483 3717 ἐστὶ
3500 3663 3608 3718 τῶν
3629 3664 3715 3716 λό-

2129 3775 2242 3828 γων
2263 3758 2358 3812 τοῦ
2379 3757 2516 3812 Θεοῦ
2543 3758 2636 3810 ἐπὶ
2662 3756 2787 3828 ἔθνη
2817 3758 2910 3811 καὶ
2949 3757 3221 3828 βασιλείας
3242 3755 3712 3823 ὲξαποσταλέντων

2128 3848 2382 3923 ὲκριξοῦν
2412 3849 2507 3904 καὶ
2543 3849 2975 3904 κατασκάπτειν.
3023 3848 3303 3921 Ἐκριζοῦν
3325 3866 3445 3902 τινα
3476 3845 3712 3912 ἐδίδαξεν

2125 3943 2156 3996 6
2188 3942 2378 4014 Σωτὴρ
2407 3941 2607 4010 λέγων’
2651 3939 2826 3996 Πᾶσα
2857 3941 3070 4010 φυτεία
3110 3939 3190 4008 ἢν
3226 3942 3337 3994 οὐκ
3379 3939 3715 4010 ἐφύτευσεν

2128 4037 2162 4088 ό
2210 4032 2413 4102 Πατήρ
2457 4049 2578 4103 μου
2635 4034 2669 4085 ό
2712 4031 3012 4100 οὐράνιος,
3058 4029 3541 4100 ἑκριζωθήσεταιο
3596 4029 3714 4082 ἐστι

2127 4124 2251 4179 τινὰ
2281 4123 2426 4178 ἔνδον
2460 4125 2579 4186 ταῖς
2616 4121 2814 4193 ψυχαῖς
2850 4121 2948 4193 (4),
2979 4121 3015 4176 ἃ
3045 4122 3146 4176 οὐκ
3188 4121 3479 4191 ἐφύτευσεν
3526 4122 3554 4174 6
3598 4121 3710 4173 Πα-

2126 4214 2233 4287 τὴρ
2265 4216 2294 4268 6
2324 4213 2572 4283 οὐράνιος
2595 4228 2609 4242 ·
2640 4213 2842 4274 πάντες
2869 4210 2980 4282 γὰρ
3011 4211 3060 4264 oi
3093 4209 3430 4281 διαλογισμοὶ
3461 4210 3510 4262 οί
3544 4225 3713 4279 πονη-

2129 4306 2234 4378 ροὶ,
2272 4303 2441 4374 φόνοι,
2470 4304 2725 4374 μοιχεῖαι,
2757 4302 2988 4366 κλοπαὶ,
3019 4301 3508 4374 ψευδομαρτυρίαι,
3545 4299 3709 4369 βλασ-

2128 4394 2346 4467 φημίαι,
2385 4392 2596 4463 φυτεῖαί
2639 4393 2744 4444 εἱσι
2789 4391 3194 4462 πεφυτευμέναι
3224 4393 3324 4462 οὐχ
3367 4389 3472 4444 ὑπὸ
3499 4387 3592 4442 τοῦ
3618 4389 3710 4442 οὐ·

443 4479 881 4546 superseminavit
935 4479 1152 4533 zizania
1196 4480 1254 4534 in
1300 4480 1473 4534 medio
1525 4481 1698 4536 tritici
1736 4481 1805 4536 ⁸⁸.
1857 4479 2027 4536 Instat

2131 4485 2316 4558 ρανίου
2362 4482 2598 4556 Πατρός.
2634 4484 2697 4536 El
2729 4482 2903 4545 θέλεις
2941 4481 2997 4534 δὲ
3031 4482 3162 4535 ἰδεῖν
3206 4481 3348 4545 τίνος
3379 4481 3484 4536 εισι
3519 4479 3711 4549 φυτεία

443 4581 573 4622 ecce
609 4565 776 4631 Deus,
809 4567 977 4622 instat
1009 4577 1063 4622 et
1093 4567 1334 4624 Zabulus
1359 4568 1626 4625 habentes
1661 4571 1868 4626 semina
1901 4587 2022 4628 sua.

447 4656 505 4712 Si
537 4657 851 4714 dederimus
882 4658 1062 4713 locum
1096 4659 1324 4723 Zabulo,
1353 4659 1604 4717 inimicus
1640 4661 1805 4718 homo
1833 4678 2026 4733 supcr-

2127 4576 2177 4630 oi
2215 4573 2444 4628 τοιοῦτοι
2493 4573 2852 4644 διαλογισμοὶ,
2903 4571 3088 4637 ἄκουε,
3137 4578 3224 4628 δτι
3269 4575 3300 4626 ό
3341 4571 3557 4641 ἐχθρὸς
3607 4569 3713 4624 ἄν·

2126 4670 2357 4732 θρωπος
2387 4663 2564 4718 τοῦτο
2599 4664 2907 4732 ἐποίησεν,
2949 4665 2982 4717 ὀ
3009 4662 3357 4731 ἐπισπείρας
3394 4662 3466 4716 τὰ
3498 4661 3712 4723 ζιζάνια

446 4750 580 4805 serit
628 4750 1058 4819 plantationem,
1110 4767 1271 4821 quam
1320 4768 1430 4808 non
1475 4752 1741 4822 plantavit
1789 4754 2028 4812 caelestis

2128 4754 2318 4825 μέσον
2367 4755 2446 4827 (5)
2498 4755 2604 4809 τοῦ
2631 4756 2824 4809 σίτου.
2872 4754 3202 4826 Ἐφέστηκεν
3230 4751 3322 4808 οὖν
3351 4756 3380 4808 6
3411 4753 3542 4816 Θεὸς
3574 4752 3712 4823 ἔχων

445 4841 630 4906 Pater,
669 4841 861 4909 utique
893 4843 1299 4899 eradicandam.
1343 4842 1437 4897 Sin
1464 4851 1646 4898 autem
1675 4845 1894 4915 repulso
1924 4844 2028 4899 Za-

445 4932 577 4987 bulo
608 4932 788 4988 locum
821 4932 1132 4987 dederimus
1158 4931 1289 4999 Deo,
1310 4935 1550 5005 gaudens
1572 4934 1718 4992 Deus
1746 4937 1848 4991 sub
1876 4937 2026 5006 prin-

447 5022 610 5092 cipali
644 5023 826 5078 cordis
863 5025 1037 5078 nostri
1087 5035 1302 5094 sparget
1329 5041 1517 5082 semen
1543 5042 1726 5082 suum.
1787 5025 1897 5083 Nec
1925 5027 2025 5081 a-li-

445 5113 572 5185 quis
600 5111 877 5170 existimet
909 5113 1062 5169 triste
1102 5114 1360 5184 quiddam
1406 5114 1698 5172 Jeremiam
1730 5117 2024 5188 recepisse,

2124 4847 2195 4900 τὰ
2216 4847 2528 4918 σπέρματα,
2557 4847 2654 4900 καὶ
2681 4849 2709 4899 6
2729 4844 2995 4910 διάϐολος.
3041 4846 3164 4900 Ἐὰν
3193 4846 3420 4917 δίδωμεν
3445 4845 3608 4898 τόπον
3635 4842 3711 4913 τῷ

2128 4937 2378 5008 διαϐόλῳ,
2423 4939 2452 4990 6
2480 4937 2672 5010 ἐχθρὸς
2701 4937 3013 5009 ἐπισπείρει
3046 4938 3293 5006 φυτείαν,
3332 4937 3398 5007 ἦν
3438 4937 3539 4990 οὐκ
3579 4933 3711 5005 ἐφύ-

2128 5045 2319 5083 τευσεν
2342 5031 2370 5082 6
2391 5029 2581 5101 Πατὴρ
2603 5030 2631 5081 6
2658 5029 2930 5102 οὐράνιος,
2951 5029 3165 5092 πάντως
3182 5027 3709 5100 ὲκριζωθησομένην·

2133 5118 2229 5176 ἐὰν
2262 5120 2337 5191 μὴ
2371 5119 2601 5190 δίδωμεν
2637 5120 2800 5175 τόπον
2822 5121 2900 5193 τῷ
2930 5118 3182 5191 διαϐόλῳ,
3206 5119 3340 5173 ἀλλὰ
3365 5117 3594 5188 δίδωμεν
3626 5114 3717 5169 τό-

515 5317 558 5350 ⁸³
597 5314 801 5373 Jerem.
839 5331 878 5381 ι,
911 5314 964 5383 8,
993 5315 1047 5371 9.
1144 5316 1192 5347 ³⁸
1231 5313 1336 5370 lsa.
1387 5331 1460 5368 vi.
1494 5316 1548 5369 5.
1635 5316 1680 5348 ‘7
1720 5313 1856 5411 Ibid.
1889 5313 1941 5370 7.

2128 5313 2230 5371 Fer.
2275 5331 2312 5381 ι,
2338 5315 2398 5383 9,
2432 5314 2513 5370 10.
2599 5315 2644 5348 ³³
2671 5313 2860 5370 Matth.
2890 5331 2982 5383 xv,
3011 5314 3098 5370 15.
3173 5313 3222 5347 ⁸⁸
3255 5311 3442 5369 Matth.
3474 5327 3595 5379 xm,
3622 5311 3713 5368 ‘25.

515 5517 594 5590 (Ι)
637 5515 737 5590 His
779 5516 867 5590 qni
893 5515 969 5590 ei,
995 5522 1100 5568 etc.
1145 5506 1237 5590 Sic
1257 5519 1401 5590 recte
1429 5511 1592 5590 habet
1617 5505 1786 5590 code;
1811 5513 2004 5590 {flavga
2027 5538 2029 5541 -

445 5581 660 5668 censis;
703 5588 755 5668 in
784 5581 936 5640 libris
967 5592 1128 5639 antea
1154 5582 1315 5637 editis
1353 5581 1578 5653 legitur,
1604 5598 1734 5652 opus
1766 5583 1918 5637 habet
1942 5584 2023 5639 Itis

447 5664 832 5794 φιξὲῗὸἇὲιῗέὲ
868 5720 1098 5794 ἔνι’-τῶν
1137 5721 1417 5794 σεραφίμ.
1473 5720 1704 5794 Legebat
1757 5719 2014 5792 Hierony-

448 5791 618 5850 mus:
652 5793 786 5864 μηδὲ
813 5792 870 5845 ἓν
901 5791 1010 5847 τῶν
1043 5792 1304 5862 σεραφίμ.
1345 5791 1502 5858 Quod
1529 5807 1715 5848 verum
1746 5800 1850 5858 cst,
1877 5801 1930 5849 et
1958 5791 2025 5848 ex

2133 5511 2288 5568 lsaim
2312 5529 2388 5575 vi,
2413 5511 2468 5580 6,
2497 5513 2630 5580 satis
2654 5523 2892 5569 constat.

2205 5585 2283 5652 (3)
2328 5576 2680 5654 Τίςίοῦτος,
2734 5595 2838 5638 etc.
2895 5583 3041 5654 Lego
3085 5597 3212 5638 cum
3265 5579 3597 5654 Hieronymo
3633 5576 3716 5645 τίς

2134 5651 2278 5725 οὕτω
2313 5653 2582 5725 μακάριός
2613 5654 2886 5725 ἐστινηὼς
2915 5651 3036 5725 τὰς,
3068 5663 3174 5725 etc.

2207 5723 2286 5795 (4)
2316 5722 2737 5795 ’Ταῑξψυχαῖς-
2777 5722 2920 5795 Lege
2947 5724 3045 5795 τῆς
3071 5722 3268 5795 ψυχῆς·

2329 5793 2553 5850 Μέσον.
2592 5791 2734 5865 Lege
2764 5791 2880 5850 ἀνά
2907 5791 3091 5866 μέσον.
