4130 6432
429 363 540 420 273

1635 379 1704 436 IN
1737 381 2084 439 ιΕΒΕιῙιΑΜ
2125 383 2412 441 IIOMILIA
2452 385 2496 440 1.

3596 388 3705 446 274

557 481 636 554 τῷ
655 483 792 556 Θεῷ,
821 466 1027 560 ᾖαίριῖν
1052 489 1083 542 ό
1111 489 1242 556 Θεὸς
1273 492 1485 566 σπείρει
1509 493 1579 548 τὰ
1601 497 1896 568 σπέρματα
1923 498 2006 552 αὖ·

2124 499 2252 569 quia
2297 498 2631 555 constitutus
2670 498 2742 555 sit
2780 497 2849 554 ad
2875 499 3297 558 eradicationem
3324 517 3618 573 regnorum
3652 513 3707 559 et

423 572 522 627 τοῦ
551 573 642 627 ἐπὶ
669 576 731 630 rb
770 578 1098 650 ἡγεμονικὸν
1139 581 1317 653 ἡμῶν.
1360 585 1452 656 Μὴ
1481 585 1673 656 νόμιζε
1709 587 1893 642 τοίνυν
1924 588 2016 641 τὸν

435 662 709 738 Ἱερεμίαν
756 672 1080 744 σκυθρωπόν
1126 691 1181 728 τι
1228 675 1510 748 εἰληφέναι
1552 678 1724 748 δῶρον
1767 679 1877 733 ἀπὸ
1919 679 2016 732 τοῦ

423 757 594 812 Θεοῦ·
648 762 732 816 ὅτι
770 763 1094 821 καθίσταται
1143 769 1236 821 ἐπὶ
1274 768 1401 838 ἔθνη
1437 769 1533 822 καὶ
1577 771 1668 823 ἐπὶ
1718 770 2015 841 βασιλείας,

425 849 699 923 ἐκριζοῦν.
755 854 983 923 ’Δγαθὸς
1013 859 1042 911 ὁ
1074 857 1208 922 Θεός
1249 860 1367 913 ὲστι
1398 859 1486 913 διὰ
1517 859 1625 914 τῶν
1657 860 1830 929 λόγων
1863 864 2016 930 ἐκρι-

2122 591 2388 662 gentium.
2428 592 2696 648 Bonitatis
2729 590 2826 648 Dei
2858 592 3006 649 istud
3041 603 3124 649 est
3146 594 3434 660 indicium,
3465 596 3709 652 eradica-

2123 697 2183 737 re
2215 682 2346 736 vitia
2373 697 2470 752 per
2491 696 2776 738 sermones
2793 722 2808 747 ,
2844 682 3065 738 inimica
3093 683 3334 740 caelestis
3359 700 3514 756 regnt
3540 701 3709 756 regna

2124 773 2432 842 destruere,
2486 781 2542 829 et
2567 774 2832 830 bellantes
2865 789 2991 830 cum
3024 789 3123 830 sua
3157 783 3316 847 gente
3346 785 3587 834 evertere
3610 793 3706 835 na-

2127 863 2324 930 tiones,
2357 863 2640 918 eradicare
2670 873 2724 919 et
2749 864 3084 920 subvertere.

425 944 552 1009 ζοῦν
594 946 662 1001 τά
697 949 896 1018 φαῦλα,
944 951 1044 1015 τὰς
1082 952 1285 1024 ἐχθρὰς
1319 953 1594 1024 βασιλείας
1629 954 1738 1010 τῶν
1766 955 2011 1028 οὐρανῶν
2045 958 2113 1029 τῇ
2149 956 2419 1030 βασιλείᾳ,
2453 956 2523 1012 τὰ
2547 957 2818 1029 πολεμικά
2850 957 2980 1031 ἔθνη
3009 956 3089 1030 τῷ
3127 958 3268 1014 ἔθνει
3305 959 3386 1032 τῷ
3423 959 3519 1016 τοῦ
3573 961 3711 1018 Θεοῦ

429 1038 685 1109 ὲκριςοῦν
721 1043 816 1095 καὶ
849 1045 1278 1099 κατασκάπτειν.

501 1129 656 1185 Ἔστι
686 1149 770 1197 τις
801 1135 1059 1208 οἰκοδομὴ
1078 1137 1328 1193 διαϐόλου
1344 1156 1358 1171 ·
1390 1137 1506 1193 ἐστι
1531 1156 1618 1204 τις
1643 1140 1899 1212 οἰκοδομὴ
1919 1141 2014 1196 τοῦ

423 1219 578 1277 Θεοῦ.
609 1222 674 1275 Ἦ
697 1225 790 1277 ἐπὶ
812 1225 912 1296 τὴν
955 1228 1142 1299 ἄμμον
1157 1229 1432 1298 οἰκοδομὴ,
1449 1232 1544 1286 τοῦ
1562 1232 1809 1286 διαόόλου
1833 1233 1980 1287 ἐστίν
1995 1251 2011 1266 ο

423 1317 510 1368 ἐπ’
547 1316 726 1370 οὐδενὶ
771 1317 880 1389 γὰρ
925 1319 1246 1391 ἐστήρικται
1301 1322 1504 1395 ἑδραίῳ
1556 1326 1650 1378 καὶ
1685 1325 1889 1398 βεϐαίῳ
1921 1328 2014 1381 καὶ

422 1409 712 1480 ἡνωμένῳο
748 1411 782 1481 ἡ
809 1410 867 1464 δὲ
901 1412 1159 1484 οἰκοδομὴ
1192 1415 1226 1485 ἡ
1261 1415 1352 1468 ἐπὶ
1383 1415 1483 1488 τὴν
1516 1415 1850 1490 πέτραν,τοῦ
1872 1419 2010 1473 Θεοῦ

422 1501 591 1552 ἐστιν.
625 1501 767 1571 Ὅρα
803 1501 858 1554 τί
903 1501 1120 1572 λέγεται
1159 1507 1274 1568 τοῖς
1303 1504 1400 1560 τοῦ
1441 1506 1607 1560 Θεοῦ·
1653 1507 1803 1562 Θεοῦ
1837 1507 2012 1579 γεώρ-

420 1607 572 1658 γιον,
597 1591 745 1646 Θεοῦ
775 1593 1058 1664 οἰκοδομή
1083 1595 1256 1649 ἐστεο
1290 1597 1341 1648 οἱ
1369 1596 1517 1666 λόγοι
1548 1598 1728 1652 τοίνυν
1756 1599 1850 1653 τοῦ
1879 1599 2014 1653 Θεοῦ

420 1680 521 1734 ἐπὶ
549 1682 693 1750 ἔθνη
727 1684 824 1738 καὶ
843 1684 1170 1753 ,βασιλείας
1197 1687 1354 1753 εἰσὶν,
1383 1687 1674 1757 ἐκριζοῦν,
1703 1691 1803 1745 καὶ
1837 1708 2018 1746 κατα-

2194 1140 2282 1196 15.
2313 1138 2410 1196 Est
2431 1141 2678 1212 quaedam
2713 1140 3000 1198 aediﬁcatio
3021 1141 3239 1209 Zabuli,
3266 1150 3323 1198 et
3342 1151 3427 1199 est
3453 1143 3706 1214 quaedam

2119 1229 2408 1285 aediﬁcatio
2435 1229 2569 1298 Dei;
2607 1231 2754 1302 quod
2784 1247 2952 1302 super
2986 1247 3210 1288 arenam
3243 1233 3570 1300 exstruitur,
3602 1233 3709 1291 hoc

2118 1319 2308 1376 Zabuli
2325 1329 2409 1376 cst
2424 1337 2439 1388 ;
2457 1336 2620 1392 super
2634 1322 2937 1378 nulloenim
2954 1322 3110 1394 135
3127 1325 3420 1391 stabilitur,
3436 1327 3711 1383 abortumv

2117 1427 2225 1482 que
2261 1427 2371 1467 non
2412 1413 2676 1470 solidatur
2720 1415 2822 1486 (ὅ).
2885 1415 3044 1482 Quod
3077 1423 3259 1472 autem
3298 1433 3461 1488 super
3494 1428 3707 1489 petram

2120 1506 2442 1572 aediﬁcatur,
2487 1507 2593 1564 hoc
2631 1506 2730 1563 Dei
2755 1518 2858 1564 est.
2887 1506 3045 1563 Unde
3073 1515 3128 1564 et
3163 1509 3251 1564 his
3279 1510 3372 1580 qui
3407 1509 3528 1580 ejus
3556 1519 3706 1578 sunt,

2121 1595 2322 1651 dicitur
2347 1613 2366 1649 :
2397 1595 2496 1650 Dei
2526 1597 2884 1667 agricultura,
2929 1597 3028 1653 Dei
3051 1599 3335 1668 ardificatio
3357 1601 3505 1658 estis.
3537 1599 3710 1671 Super

2123 1695 2298 1758 gentes
2341 1689 2637 1752 erudirere,
2671 1699 2721 1743 et
2757 1690 3092 1756 subvertere,
3130 1699 3181 1744 et
3219 1691 3523 1762 disperdere
3548 1693 3614 1747 “.
3647 1691 3706 1748 Si

419 1772 737 1841 σκάπτειν,
767 1775 868 1829 καὶ
895 1777 1251 1832 ἀπολλύειν.
1297 1777 1425 1832 Ἐὰν
1458 1779 1729 1851 ὲκριζωθῇ
1769 1781 1900 1851 μὲν,
1939 1783 2006 1853 μὴ

2123 1777 2437 1834 eradicatur
2464 1777 2694 1849 aliquid,
2715 1788 2770 1834 et
2796 1780 3096 1837 eradicatio
3135 1783 3250 1852 ipsa
3294 1799 3400 1840 non
3433 1785 3707 1856 dispergi-

425 1863 696 1932 ἀπόληται
722 1865 780 1918 δὲ
805 1865 868 1918 rb
906 1865 1226 1938 ὲκριζωθέν.
1274 1867 1400 1922 Ἐὰν
1449 1848 1781 1942 καταπαιρῇ
1817 1848 2006 1943 μὲνξοί

2122 1877 2231 1935 tur,
2265 1870 2450 1926 adhuc
2473 1848 2758 1941 permanet
2793 1871 2942 1941 quod
2975 1848 3224 1929 evulsum
3255 1884 3360 1930 est.
3395 1874 3455 1930 Si
3480 1848 3708 1932 subrui-

423 1952 558 2005 λίθοι
612 1953 686 2024 (1)
728 1955 829 2025 τῆς
881 1959 1242 2029 κατασκαφῆς
1290 1959 1364 2030 μὴ
1404 1960 1754 2028 ἀπόλωνται,
1801 1963 1916 2017 ἔστι
1955 1965 2018 2019 rb

425 2045 802 2115 κστασκαφέν.
850 2047 1054 2119 Ἔργον
1098 2043 1192 2102 οῦν
1237 2049 1354 2102 ἐστι
1398 2050 1499 2122 τῆς
1538 2052 1872 2125 ἀγαθότητος
1919 2055 2014 2108 τοῦ

425 2133 584 2198 Θεοῦ,
610 2138 746 2207 μετὰ
768 2138 828 2191 τὸ
849 2139 1166 2210 έκριζῶσαι,
1193 2141 1456 2196 ἀπολέσαι
1477 2142 1540 2196 rb
1562 2142 2012 2216 ὲξερῤιζωμένονο

426 2226 566 2294 μετά
611 2226 673 2280 rb
711 2227 958 2282 καθελεῖν
999 2231 1262 2285 ἀπολέσαι
1295 2233 1358 2286 rb
1401 2233 1803 2306 καθῃρημένον.
1855 2237 2015 2292 Ἀνά-

420 2316 590 2384 γνωθι
619 2318 896 2390 ἐπιμελῶς
922 2321 1018 2376 ἐπὶ
1051 2323 1150 2393 μὲν
1181 2323 1289 2378 τῶν
1315 2325 1704 2398 ἀπολλυμένων
1728 2329 1825 2382 καὶ
1863 2330 2014 2400 ἐκρι-

420 2402 714 2476 ζουμένων,
747 2409 867 2473 πῶς
898 2411 1226 2466 ἀπόλλυνται
1265 2413 1336 2468 τὰ
1368 2416 1614 2472 τοιαῦτα.
1665 2419 1738 2474 Τὸ
1775 2418 1843 2472 δὲ
1869 2419 2018 2490 ἀχυ-

412 2511 530 2562 por
582 2499 1004 2554 καταπαύσατε
1072 2504 1217 2572 πυρὶ
1265 2503 1544 2574 ἀσϐέστῳ
1566 2527 1580 2543 ο
1616 2512 1733 2578 καὶ,
1753 2517 1761 2527 ·
1781 2508 2018 2575 Δήσατε

421 2585 651 2656 δεσμὰς
679 2590 752 2644 τὰ
779 2588 1022 2656 (sarta,
1053 2593 1160 2648 καὶ
1185 2595 1483 2664 παράδοτε
1518 2597 1672 2652 αὐτὰ
1710 2599 1874 2666 πυρί.
1911 2599 2017 2653 Οὖ-

421 2693 528 2742 τως
564 2678 709 2748 μετὰ
742 2680 804 2734 rb
833 2682 1183 2754 ὲκριζοῦσθαι
1212 2685 1528 2742 ἀπόλλυται.
1577 2689 1643 2743 Ei
1681 2688 1844 2762 θέλῃς
1888 2691 2015 2745 ίδεῖν

423 2769 518 2822 καὶ
562 2769 702 2840 μετά
737 2771 1058 2844 καθαίρεσιν
1097 2775 1165 2830 τά
1211 2777 1563 2850 ἀπολλύμενα
1594 2781 1694 2851 τῆς
1726 2783 2014 2856 οἰκοδομῆς

420 2860 520 2950 τῆς
546 2859 678 2932 ῦλης
703 2863 802 2934 τῆς
836 2864 1046 2938 φαύλης
1064 2885 1080 2898 ·
1102 2868 1233 2938 χοῦς
1260 2871 1470 2939 γίνεται
1500 2873 1533 2943 ή
1567 2873 1715 2928 οίκία
1747 2877 1952 2950 ἐκείνη,
1979 2880 2011 2950 ἡ

420 2949 509 3004 διὰ
526 2950 625 3022 τὴν
639 2953 850 3025 λέπραν
867 2957 1012 3028 καθῃ
1022 2959 1252 3032 ρημένη,
1272 2963 1366 3016 καὶ
1382 2962 1701 3018 ἐκϐάλλεται
1722 2967 1850 3037 χοῦς
1869 2949 2015 3038 γενοζ

423 3040 558 3113 μένη
584 3043 690 3111 ἔξω
707 3045 810 3116 τῆς
829 3048 1058 3114 πόλεως,
1080 3050 1167 3104 ἵνα
1192 3053 1326 3123 μηδὲ
1349 3053 1552 3129 λίθος
1581 3056 1776 3128 μένων,
1813 3060 2012 3132 ὁμοίως

420 3132 479 3185 τό
534 3134 639 3206 (2)·
690 3137 786 3204 Ὡς
820 3141 1023 3208 πηλὸν
1063 3145 1364 3200 πλατειῶν
1401 3150 1600 3204 λεανῶ
1644 3154 1896 3222 αὐτούς*
1931 3157 2013 3212 δεῖ

419 3224 527 3320 γὰρ
559 3228 825 3298 μηδαμῶς
847 3233 1171 3290 συνεστάναι
1197 3237 1265 3292 τὰ
1290 3240 1530 3312 χείρονα.
1561 3243 1899 3320 Κατεσκάφη
1927 3247 2007 3316 δὲ,

421 3315 505 3412 ἵνα
539 3320 612 3412 μη
641 3321 693 3374 οἱ
724 3320 858 3376 λίθοι
889 3323 1130 3380 ἔστωσαν
1158 3331 1417 3404 χρήσιμοι
1443 3334 1580 3406 πρὸς
1604 3336 1704 3409 τὴν
1746 3315 1911 3412 ἀλλην
1939 3315 2010 3395 oi?

671 3412 742 3484 ἣν
765 3413 985 3471 δύναται
1008 3419 1350 3492 οἰκοδομεῖνό
1367 3427 1620 3499 πονηρός·
1647 3408 2003 3505 ὲξερριζῶθη,

417 3498 496 3595 μὴ
534 3501 697 3595 πάλιν
750 3505 815 3558 ἐκ
859 3505 967 3562 τῶν
1004 3508 1452 3585 ὲξερῤιζωμένων
1497 3517 1632 3592 εὕρῃ
1686 3498 2005 3595 σπέρματα,

416 3592 825 3688 ἳνα-ἐπισπείρῃ
853 3599 1015 3654 πάλιν
1033 3601 1102 3656 τὰ
1125 3601 1339 3670 ζιζάνια
1363 3625 1376 3638 ·
1404 3609 1621 3676 πάντως
1646 3613 1756 3687 γὰρ
1780 3592 1919 3688 ἔχων
1939 3618 2008 3673 τὰ

417 3685 708 3758 σπέρματα
728 3689 835 3744 τῶν
861 3689 1138 3760 ζιζανίων,
1162 3696 1492 3771 ἐπέσπειρεν
1521 3703 1660 3758 αὑτά
1680 3723 1693 3738 ·
1716 3685 2004 3774 διὰ-τοῦτο,

413 3776 647 3844 Δήσατε
690 3781 762 3836 τὰ
801 3781 1036 3852 (afri-rm,
1073 3787 1172 3843 καὶ
1204 3795 1624 3850 κατακαύσατε
1651 3799 1804 3853 αὐτὰ
1837 3800 2003 3868 πυρὶ,

414 3868 498 3922 ἵνα
541 3873 679 3943 μετά
715 3874 778 3928 rb
805 3876 1168 3949 ὲκριζωθῆναι
1207 3882 1497 3955 ἀπόληται,
1527 3889 1621 3942 καὶ
1653 3888 1792 3960 μετὰ
1816 3892 1878 3944 rb
1901 3909 2006 3946 κα-

411 3964 757 4054 τασκαφῆναι
793 3967 826 4038 η
862 3967 958 4021 τοῦ
989 3968 1235 4026 διαϐόλου
1269 3976 1527 4050 οἰκοδομὴ
1560 3980 1851 4054 ἀπόληται.

495 4053 760 4146 Ἀλλὀύκ
789 4059 847 4110 ὲν
892 4059 1104 4125 τούτοις
1134 4063 1382 4119 ἵστανται
1414 4069 1463 4121 οἱ
1499 4068 1646 4139 λόγοι
1697 4053 1792 4126 τοῦ
1841 4065 2000 4146 Θεοῦ,

409 4141 502 4194 ἐπὶ
528 4143 605 4215 τῷ
637 4145 912 4218 ὲκριζοῦν,
959 4153 1054 4205 καὶ
1084 4155 1517 4226 κατασκάπτειν,
1554 4162 1648 4216 καὶ
1675 4141 1998 4221 (Ξιπολλύεινἐ

409 4233 548 4288 ἔστω
569 4236 676 4310 γὰρ
703 4239 1109 4315 ἑξε-ρῤιζωμένα
1135 4246 1233 4301 ἀπ’
1259 4247 1393 4320 ἐμοῦ
1414 4251 1483 4305 τά
1503 4252 1702 4321 φαῦλα,
1725 4274 2003 4315 κατασκα-

408 4324 576 4394 φὲντα
620 4329 689 4383 τὰ
720 4330 972 4402 χείροναο
1017 4334 1070 4387 τί
1103 4353 1193 4406 μοι
1239 4337 1449 4408 δφελος,
1493 4343 1587 4397 ἐὰν
1634 4344 1708 4416 μὴ
1740 4347 1860 4402 ἀντὶ
1894 4349 2001 4407 τῶν

410 4418 815 4513 έκριςωθέντων
844 4429 1225 4503 καταφυτευθῇ
1254 4431 1323 4486 τά
1345 4433 1664 4505 κρείττονα;
1686 4439 1740 4494 τί
1764 4459 1855 4512 μοι
1880 4443 2001 4513 ὄφε-

2118 1971 2208 2018 ιιιι·
2233 1963 2452 2031 domus,
2479 1973 2535 2019 et
2569 1964 2777 2035 lapides
2809 1965 2867 2021 in
2908 1965 3070 2021 ruina
3110 1977 3240 2021 sunt
3288 1967 3506 2038 integri,
3539 1969 3706 2024 dissi-

2114 2065 2241 2126 pata
2277 2065 2361 2113 est
2388 2056 2606 2124 domus,
2635 2071 2745 2113 non
2774 2066 2957 2113 tamen
2987 2057 3220 2128 perdita.
3250 2055 3401 2130 Opus
3428 2067 3512 2115 est
3541 2059 3710 2131 igitur

2115 2147 2452 2218 benignitate
2479 2146 2598 2214 Dei,
2630 2156 2692 2203 ut
2716 2149 3018 2204 eradicatio
3051 2149 3168 2219 ipsa
3194 2158 3249 2205 et
3276 2152 3565 2208 subversio
3594 2161 3706 2209 tota

2115 2239 2411 2310 dispereat.
2445 2239 2768 2312 Diligentius
2797 2241 2915 2313 lege
2947 2243 3226 2312 quomodo
3269 2244 3545 2301 cradicata
3579 2261 3705 2316 per-

2115 2329 2319 2385 dantur
2342 2349 2356 2385 :
2380 2330 2599 2386 Plateas
2625 2341 2802 2386 autem
2827 2331 3092 2388 comburat
3111 2335 3222 2404 igni
3248 2335 3703 2407 inexstingnibili;

2118 2431 2212 2477 et:
2248 2421 2437 2495 Ligate
2482 2423 2781 2494 manipulos
2844 2425 3212 2494 zizaniorum,
3274 2437 3323 2481 et
3369 2429 3566 2484 tradite
3615 2445 3702 2484 eos

2115 2513 2227 2585 igni
2266 2514 2333 2570 ".
2386 2513 2478 2573 Sic
2507 2531 2571 2571 ea
2602 2531 2724 2586 quae
2774 2524 2904 2571 sunt
2951 2517 3230 2573 eradicata
3283 2519 3700 2590 disparduntur.

2119 2605 2180 2660 Si
2208 2614 2391 2662 autem
2421 2607 2506 2662 vis
2544 2607 2687 2663 scire
2715 2609 2994 2676 quomodo
3027 2610 3301 2681 dispersio
3333 2613 3614 2683 redigatur
3645 2615 3701 2668 in

2116 2695 2375 2765 nihilum,
2409 2697 2689 2768 quomodo
2714 2698 3092 2756 aediﬁcationis
3122 2699 3361 2771 pessima
3391 2704 3619 2759 materia
3646 2704 3704 2760 in

2116 2787 2394 2857 pulverem
2437 2790 2868 2854 comminuatur,
2901 2791 3100 2847 domus
3134 2806 3198 2846 ea
3228 2807 3351 2860 qua:
3374 2803 3596 2864 propter
3626 2794 3705 2850 le-

2114 2892 2269 2948 pram
2302 2878 2509 2934 destrui
2552 2878 2774 2948 jnbetur
2800 2879 2868 2946 “,
2917 2895 3041 2936 cum
3085 2879 3252 2936 fuerit
3283 2882 3461 2952 pulvis
3484 2882 3700 2951 eﬂ‘ecta,

2113 2975 2268 3023 extra
2299 2968 2571 3024 civitatem
2602 2969 2908 3040 projicitur,
2941 2979 3002 3024 ut
3025 2985 3094 3025 ne
3121 2971 3262 3040 lapis
3283 2972 3503 3042 quidem
3537 2988 3603 3028 ex
3634 2989 3700 3029 ea

2115 3059 2370 3116 residuus
2410 3059 2509 3127 sit,
2546 3060 2700 3131 juxta
2738 3062 2885 3132 quod
2932 3062 3195 3133 scriptum
3237 3072 3322 3120 est
3363 3082 3378 3120 :
3427 3063 3495 3119 Ut
3526 3065 3700 3120 lutum

2113 3151 2414 3221 platearum
2447 3153 2628 3207 delebo
2658 3169 2746 3208 eos
2771 3153 2838 3208 “.
2871 3143 3096 3226 Oportet
3125 3155 3326 3227 quippe
3364 3157 3581 3226 penitus
3610 3159 3698 3212 i-n-

2112 3241 2277 3297 terire
2325 3242 2612 3298 malitiam.
2670 3241 3009 3300 Subversum
3052 3255 3138 3302 est
3185 3246 3392 3317 aliquid
3417 3285 3448 3311 ,.
3490 3247 3701 3318 lapides

2109 3348 2331 3404 quoque
2363 3333 2468 3405 ipsi
2500 3334 2596 3406 qui
2634 3334 2900 3392 destructi
2939 3346 3092 3406 sunt,
3117 3347 3496 3406 conterantur,
3528 3355 3598 3395 ne
3626 3340 3698 3395 ad

2111 3425 2348 3496 aliquam
2379 3426 2792 3484 aediﬁcationem
2813 3469 2830 3496 ,
2874 3445 3042 3500 quam
3073 3429 3329 3487 diabolus
3361 3431 3698 3487 concinnare

2108 3525 2308 3588 potest,
2345 3519 2552 3574 assumi
2585 3519 2820 3575 valeant.
2873 3520 3228 3577 Eradicatum
3262 3531 3348 3579 est
3383 3523 3694 3593 quidpiam,

2109 3608 2318 3665 invenit
2366 3609 2718 3667 adversarius
2763 3612 2928 3667 etiam
2978 3613 3120 3670 inter
3154 3628 3218 3669 ea
3249 3629 3374 3683 quae
3415 3613 3695 3669 eradicata

2108 3709 2274 3767 sunt,
2330 3700 2569 3771 aliquam
2627 3712 2927 3758 sementem
2972 3719 3138 3773 quam
3193 3705 3391 3758 iterum
3437 3705 3694 3762 seminet.

2107 3791 2334 3861 Propter
2379 3793 2524 3862 quod
2564 3793 2720 3863 jubet
2755 3793 3061 3850 Dominus:
3091 3794 3358 3865 Colligite,
3392 3795 3602 3860 dicens,
3641 3805 3695 3850 et

2107 3881 2398 3936 comburite
2450 3899 2513 3937 ea
2551 3884 2662 3954 igni
2687 3883 2756 3950 ⁸⁸,
2790 3884 2999 3940 scilicet
3045 3894 3106 3940 ut
3149 3885 3446 3943 eradicatio
3473 3900 3694 3957 quoque

2108 3971 2325 4040 Zabuli,
2356 3983 2411 4031 et
2444 3975 2562 4048 ipsa
2590 3977 2878 4034 subversio
2905 3989 3285 4034 consumatur.

2177 4068 2265 4124 16.
2297 4067 2493 4126 Verum
2528 4085 2634 4126 non
2663 4079 2873 4127 tantum
2908 4072 2964 4127 in
2993 4072 3100 4128 hoc
3126 4080 3234 4129 stat
3256 4086 3440 4129 sermo
3468 4072 3690 4129 divinus

2105 4171 2165 4217 ut
2190 4161 2466 4232 eradicet,
2493 4175 2548 4219 et
2572 4165 2848 4232 destruat,
2884 4174 2939 4220 et
2981 4165 3258 4236 disperdat
3297 4183 3313 4220 :
3351 4174 3472 4220 esto
3521 4167 3688 4233 enim,

2103 4255 2380 4310 eradicata
2429 4255 2540 4312 sint
2580 4258 2765 4312 omnia
2811 4257 2867 4312 in
2913 4271 3001 4313 me
3027 4258 3191 4325 mala,
3216 4257 3494 4313 destructa
3523 4267 3577 4314 et
3600 4259 3688 4313 di-

2104 4361 2292 4418 spersa
2323 4348 2434 4402 sint
2466 4347 2701 4418 pessima
2727 4365 2742 4415 ;
2774 4348 2905 4419 quid
2935 4347 3070 4405 mihi
3099 4347 3340 4420 prodest,
3367 4348 3412 4404 si
3446 4363 3555 4404 non
3588 4364 3689 4420 pro

2101 4440 2182 4496 eis
2217 4455 2338 4510 quae
2363 4440 2644 4495 eradicata
2676 4449 2732 4495 et
2778 4439 3014 4496 sulfossa
3046 4449 3194 4504 sunt,
3222 4440 3450 4496 meliora
3499 4440 3553 4495 in
3599 4456 3688 4497 me

405 4506 515 4609 λος,
539 4511 632 4609 ἐὰν
653 4511 727 4583 μὴ
754 4513 874 4568 ἀντὶ
893 4516 1097 4574 τούτων
1121 4521 1517 4597 ἀνοικοδομηθῇ
1539 4525 1609 4580 τὰ
1633 4506 1992 4602 διαφέροντα;

2108 4506 2415 4602 plantentur
2459 4540 2624 4602 atque
2663 4531 3040 4588 aediﬁcentur?
3070 4530 3365 4604 Propterea
3395 4531 3492 4589 Dei
3522 4534 3686 4589 verba

405 4599 502 4654 Διά
525 4601 684 4656 τοῦτο
707 4605 755 4657 οἱ
776 4605 869 4659 τοῦ
893 4606 1036 4662 Θεοῦ.
1047 4609 1196 4680 λόγοι
1219 4613 1432 4669 ποιοῦσι
1457 4617 1672 4691 πρῶτον
1693 4599 1990 4691 ἀναγκαῖα,

403 4690 465 4742 rb
475 4693 745 4764 ὲκριζοῦν,
757 4698 850 4750 καὶ
863 4703 1289 4770 κατασκάπτειν,
1306 4707 1400 4759 καὶ
1410 4690 1698 4765 ἀπολλύειν
1710 4713 1778 4766 τὰ
1790 4713 1987 4782 φαῦλα·

405 4783 524 4852 μεθ’
553 4785 588 4838 ἃ
622 4789 716 4841 καὶ
751 4792 1188 4860 καταφυτεύουαι
1222 4796 1290 4850 τὰ
1321 4799 1637 4870 κρείττονα·
1678 4803 1772 4856 καὶ
1808 4805 1897 4858 ἀεὶ
1933 4809 1992 4862 ὲν

399 4876 465 4945 τῇ
496 4875 684 4951 Γραφῇ
710 4883 1096 4954 τετηρήκαμεν
1125 4884 1195 4938 τὰ
1224 4887 1681 4964 σκυθρωποφανῆ,
1717 4894 1780 4947 ἶν’
1816 4895 1990 4962 οὕτως

397 4965 676 5036 ὀνομάσω,
733 4971 926 5043 πρῶτα
987 4974 1393 5051 ὀνομαζόμενα,
1441 4978 1560 5037 εἶτα
1608 4985 1675 5040 τά
1727 4987 1990 5047 δοκοῦντα

397 5052 542 5112 εἶναι
567 5061 728 5133 ἱλαρά
757 5063 986 5136 δεύτερα
1011 5065 1298 5140 λεγόμενα.
1340 5073 1480 5143 Ἐγὼ
1513 5077 1844 5146 ἀποκτενῶ,
1885 5083 1986 5138 καὶ

396 5147 505 5217 ζῇν
529 5153 781 5222 ποιήσω.
813 5155 947 5210 Τίνα
973 5159 1295 5227 ἀποκτενῶ;
1333 5163 1554 5220 Παῦλον.
1567 5169 1658 5222 τὸν
1695 5171 1984 5243 προδότην,

396 5243 610 5301 Παῦλον
651 5248 741 5301 τὸν
771 5247 1028 5323 διώκτην.
1074 5255 1186 5308 Καὶ
1213 5254 1315 5329 ζῇν
1343 5261 1596 5332 -ποιήσω,
1630 5262 1717 5318 ἵνα
1760 5265 1988 5338 γένηται

2099 4624 2341 4695 primum
2394 4623 2604 4679 faciunt
2652 4624 2799 4695 quod
2852 4640 3079 4682 necesse
3124 4634 3228 4691 est,
3258 4624 3561 4689 eradicant,
3591 4625 3685 4680 de-

2099 4723 2359 4783 struunt,
2413 4716 2692 4784 perdunt,
2753 4725 2809 4773 et
2853 4724 2984 4788 post
3029 4716 3145 4772 haec
3191 4715 3463 4771 aediﬁcant
3521 4724 3685 4786 atque

2097 4808 2362 4878 plantant.
2399 4807 2824 4866 Observavimus
2868 4825 3085 4881 semper
3131 4809 3184 4863 in
3215 4809 3517 4880 Scripturis
3554 4825 3684 4864 san-

2096 4900 2241 4964 ctis,
2291 4900 2528 4970 primum
2574 4917 2637 4957 ea
2679 4917 2802 4972 qua:
2847 4902 3098 4956 videntur
3146 4900 3323 4956 tristia
3375 4900 3678 4966 nominari;

2091 4993 2288 5049 deinde
2330 5010 2396 5049 ea
2437 5010 2559 5065 quae
2605 4995 2865 5049 hilariora
2915 5002 3064 5057 sunt,
3121 4992 3362 5067 secundo
3390 4992 3497 5046 dici
3524 5009 3538 5045 :
3567 4989 3678 5060 Ego

2093 5086 2356 5153 occidam,
2385 5095 2436 5141 et
2464 5103 2556 5157 ego
2587 5085 2947 5156 viviﬁcabo“.
3001 5083 3120 5138 Non
3164 5083 3304 5137 dixit
3352 5084 3526 5153 prius,
3575 5097 3677 5151 ego

2096 5177 2414 5242 viviﬁcabo,
2467 5186 2524 5232 et
2574 5187 2804 5246 postea,
2862 5175 3132 5231 occidam.
3203 5172 3546 5244 [inpossibile
3593 5182 3678 5228 cst

2090 5269 2238 5324 enim
2294 5271 2372 5340 (l)
2431 5270 2573 5340 quod
2616 5270 2782 5324 semel
2825 5268 3120 5323 vivilicavit
3151 5265 3320 5332 Deus,
3357 5275 3452 5320 aut
3492 5267 3563 5320 ab
3610 5281 3678 5322 eo

472 5382 514 5415 “
545 5385 824 5452 1Cor.m,
849 5387 904 5445 9.
948 5387 992 5420 "
1014 5388 1204 5445 Matth.
1253 5406 1376 5460 xm,
1420 5393 1510 5452 50.
1602 5397 1650 5430 "
1677 5398 1851 5457 Levit.
1887 5417 1998 5456 xlv.

2108 5404 2249 5460 Psal.
2282 5419 2414 5468 xvn,
2441 5405 2528 5459 4‘5.
2572 5405 2618 5437 ⁸⁸
2640 5405 2828 5460 Matth.
2863 5422 2947 5469 ιιι,
2971 5404 3058 5459 12.
3123 5403 3168 5435 ⁸⁸
3187 5401 3345 5456 Deut.
3376 5416 3549 5465 xxxu,
3579 5401 3672 5456 59.

464 5514 545 5659 (l3
583 5521 648 5573 Ol
673 5520 850 5576 λίθοι.
885 5520 1027 5593 Lege
1052 5523 1101 5577 οἱ
1129 5524 1186 5578 δὲ
1209 5525 1368 5580 λίθοι.

466 5587 522 5659 (3
589 5591 682 5659 Τό.
725 5588 868 5659 Lege
898 5591 996 5659 τῷ.

466 5587 545 5662 (ἓ)
589 5591 682 5662 Τό·
725 5588 868 5660 Lege
898 5587 996 5662 τῴῖ

465 5657 546 5741 εὖ)
581 5657 961 5741 ΔΑίγοι·ζιιῇιιιιιιι²
1006 5679 1108 5741 non
1155 5666 1438 5741 solidatur.
1491 5667 1633 5741 Mss.
1687 5669 1838 5741 Regii
1889 5677 1978 5732 alii

389 5727 618 5852 (litarent,
649 5728 713 5783 ab
742 5727 944 5802 istorjue
970 5733 1269 5805 solidatur;
1297 5737 1410 5806 alii,
1447 5738 1512 5794 ab
1542 5741 1643 5799 isto
1683 5727 1836 5814 quod
1851 5727 1980 5802 561i;

431 5821 457 5850 rt
490 5815 574 5851 ur.

431 5815 574 5851 ιιιιιγ.

2164 5540 2242 5610 (4)
2291 5538 2629 5616 [inpossibile
2675 5549 2751 5616 est
2791 5539 2952 5602 enim,
2994 5546 3110 5616 etc.
3152 5536 3319 5616 Hane
3352 5533 3671 5616 Hieronymi

2089 5609 2590 5685 interpretationem
2623 5609 2912 5685 cujustwn
2939 5613 3116 5685 exstat
3133 5609 3418 5685 vestigium
3440 5609 3668 5685 ine:qu

2089 5677 2280 5752 Grzeeo
2325 5679 2611 5752 hodierno,
2651 5677 2718 5732 de
2764 5677 2854 5752 illo
2893 5677 3098 5752 accipe,
3140 5677 3256 5752 qui,
3303 5677 3424 5728 vita:
3451 5683 3670 5752 nterim

2090 5748 2359 5816 particeps
2395 5741 2606 5811 factus,
2627 5756 2734 5800 tam
2770 5745 2941 5819 Ιίνιιιίε
2971 5741 3392 5819 οξυυογυνῳιιιιι·
3422 5741 3666 5819 auxiliis,

2093 5809 2148 5871 ut
2177 5809 2312 5874 εοιιί
2332 5809 2674 5888 nequaquam
2704 5816 2878 5888 possit
2921 5817 3189 5873 amittere.
3241 5813 3390 5868 Hanc
3431 5809 3672 5866 elueida-
