4130 6430
441 351 553 413 2‘79

1892 337 2215 398 ORIGENIS

3609 333 3719 392 280

449 466 892 541 muttipticaveris
936 466 1028 521 tibi
1059 463 1271 518 herbam
1320 476 1477 532 poam
1523 458 1622 529 (l),
1669 456 1937 513 maculata
1965 473 2020 512 es

2151 457 2218 510 ιαὶ
2243 455 2516 528 πληθύνῃς
2554 455 2754 526 σεαυτῇ
2797 449 2958 516 πόαν,
2987 449 3351 522 κεκηλίδωσαι
3375 448 3433 503 ὲν
3463 450 3583 512 ταῖς
3607 451 3718 504 est.

449 567 509 619 in
553 570 830 631 conspectu
885 575 997 614 meo
1047 558 1099 610 in
1145 555 1515 625 iniquitatibus
1560 553 1700 619 tuis,
1741 553 1874 606 dicit
1918 550 2029 606 Do-

451 658 626 713 minus
651 656 717 709 ⁸⁸.
755 652 968 722 Ergone
1010 651 1114 704 hoc
1150 645 1526 701 arbitrandum
1557 654 1659 709 est,
1688 644 1814 714 quia
1848 643 2031 698 anima

452 744 724 801 :ieccatrix
782 742 929 796 nitro
973 747 1168 793 conata
1200 737 1272 793 sit
1313 751 1549 807 purgare
1584 733 1829 789 maculas
1879 747 2029 796 suas,

447 847 501 889 et
530 847 818 890 assumens
847 845 1032 900 poam,
1063 844 1186 898 quae
1215 827 1391 882 oritur
1425 842 1493 882 ex
1523 834 1694 889 terra,
1729 823 2032 880 immundi-

449 929 578 982 tiam
623 924 947 980 delictorum
990 937 1021 976 ιι
1056 936 1116 976 se
1149 919 1418 974 mundare
1450 918 1833 974 contenderit?
1878 914 2035 970 Unde

450 1031 596 1071 nunc
639 1015 706 1069 ad
758 1029 880 1069 eam
931 1011 1176 1082 loquitur
1224 1025 1407 1065 sermo
1442 1009 1661 1063 divinus
1696 1025 1710 1062 :
1754 1005 1815 1062 Si
1848 1007 2034 1059 abluta

451 1108 618 1177 fueris
657 1107 822 1174 nitro,
857 1115 907 1160 et
943 1102 1387 1171 multiplicaveris
1426 1101 1521 1155 tibi
1553 1115 1728 1170 poam,
1763 1096 2035 1151 maculata

447 1215 503 1251 cs
543 1199 601 1251 in
641 1202 920 1265 conspectu
980 1207 1128 1260 meo,
1184 1193 1240 1245 in
1291 1189 1663 1260 iniquitatibus
1713 1186 1858 1254 tuis,
1906 1185 2036 1238 dicit

452 1291 731 1346 Dominus.
772 1287 855 1342 An
898 1287 950 1341 id
986 1285 1206 1358 quidem
1248 1283 1433 1338 verius
1476 1278 1902 1337 existimandum
1930 1285 2033 1342 est,

451 1381 580 1449 .,uia
606 1389 666 1434 ut
688 1393 846 1434 sacra
880 1375 1163 1432 volumina
1184 1372 1338 1430 omni
1365 1372 1566 1426 virtute
1593 1377 1721 1426 sunt
1749 1369 1928 1439 plena,
1961 1367 2036 1422 ita

449 1478 506 1527 et
555 1469 652 1525 Dei
703 1483 886 1524 sermo
935 1468 1084 1522 omni
1125 1465 1326 1520 virtute
1370 1463 1439 1518 sit
1485 1466 1697 1534 plenus,
1741 1469 1795 1516 et
1842 1459 2040 1514 habeat

457 1559 768 1617 istiusmodi
817 1558 1220 1621 fortitudinem,
1252 1570 1382 1626 quae
1415 1554 1589 1624 possit
1614 1567 1847 1624 purgare
1882 1553 2034 1618 vitia,

453 1661 510 1708 et
536 1650 790 1707 sordibus
823 1648 1104 1704 defricatis
1149 1646 1217 1702 ad
1247 1647 1484 1705 colorem
1535 1644 1828 1716 pristinum
1880 1658 2040 1699 revo-

454 1744 624 1799 care?
672 1741 831 1798 Vivus
855 1750 932 1796 est
954 1742 1144 1810 quippe
1173 1755 1345 1794 sermo
1377 1737 1494 1805 Dei,
1522 1747 1570 1792 et
1595 1738 1800 1807 edicam,
1825 1747 1873 1792 et
1909 1754 2038 1790 acu-

2134 547 2282 610 κίαις
2306 563 2398 599 σου
2439 545 2680 598 ἐναντίον
2702 544 2860 615 ἐμοῦ,
2889 544 3036 611 λέγει
3074 542 3298 614 Κύριος.
3344 560 3363 594 ι
3402 536 3547 611 Ἀρα
3583 540 3720 612 ᾤετό

2131 655 2215 702 τις
2251 639 2618 710 ἀμαρτήσασα
2645 635 2790 707 ψυχὴ
2819 636 3000 706 νίτρον
3039 633 3302 700 λαϐοῦσα,
3345 634 3440 687 καὶ
3476 632 3724 688 ἀποπλυ-

2133 730 2344 801 ναμένη
2390 730 2556 800 νίτρῳ
2589 727 2854 800 αἰσθητῷ,
2896 729 2978 781 ὅτι
3025 727 3299 780 πέπαυται
3345 727 3443 797 τῆς
3485 725 3722 796 κηλῖδος,

2134 824 2230 876 καὶ
2253 821 2484 875 παύεται
2513 821 2616 892 τῆς
2649 821 2949 892 ἁμαρτίας,
2981 819 3338 890 ὑπελάμϐανε
3373 817 3431 871 δέ
3453 835 3558 883 τις,
3587 817 3726 872 πόαν

2133 914 2336 986 ταύτην
2375 913 2476 985 τὴν
2507 913 2906 968 ἀνατέλλουσαν
2936 912 3046 966 ἀπὸ
3078 912 3181 982 γῆς
3221 909 3422 975 λαϐὼν,
3459 910 3556 964 καὶ
3585 910 3724 964 ἀπο-

2135 1008 2498 1078 πλυνάμενος,
2545 1006 2643 1060 καὶ
2692 1005 3173 1076 ἀποσμηξάμενος,
3235 1001 3583 1073 καθαρθῆναι
3626 1003 3728 1074 τὴν

2134 1099 2350 1171 ψυχήνς
2385 1100 2506 1153 Ὀτι
2528 1097 2678 1168 λέγει
2716 1097 2949 1152 ἐνταῦθα
2976 1101 3004 1152 ὀ
3028 1097 3185 1165 λόγος
3211 1099 3279 1167 τῇ
3310 1096 3617 1168 στραφείσῃ
3646 1096 3727 1162 εἰς

2138 1193 2388 1264 πικρίαν,
2414 1192 2511 1246 καὶ
2533 1193 2805 1263 γενομένῃ
2830 1190 3089 1262 ἀλλοτρίᾳ
3111 1188 3360 1260 ἀμπέλῳ·
3393 1209 3411 1239 ι
3453 1188 3578 1244 Ἐὰν
3599 1191 3729 1243 ἀπο-

2138 1285 2314 1359 πλύνῃ
2348 1287 2406 1339 ὲν
2433 1286 2624 1358 νίτρῳ,
2661 1285 2756 1338 καὶ
2783 1282 3059 1353 πληθύνῃς
3085 1283 3290 1351 σεαυτῇ
3315 1279 3476 1343 πόαν,
3509 1279 3726 1351 κεκηλί-

2137 1379 2306 1434 δωσαι
2343 1379 2405 1433 ὲν
2429 1381 2548 1442 ταῖς
2575 1377 2810 1440 ἀδικίαις
2837 1391 2931 1428 σου
2961 1372 3202 1427 ἐναντίον
3235 1371 3396 1442 ἐμοῦ,
3436 1371 3587 1441 λέγει
3609 1370 3725 1424 Κύ-

2143 1487 2256 1541 ριος
2279 1510 2292 1523 .
2325 1489 2342 1522 ι
2391 1469 2550 1522 nam
2578 1465 2684 1540 χρὴ
2712 1465 2934 1530 είδέναι,
2961 1465 3036 1529 ὡς
3061 1466 3090 1519 6
3109 1464 3266 1532 λόγος
3296 1464 3475 1517 πᾶσαν
3497 1461 3730 1535 δύναμιν

2139 1560 2283 1630 ἔχει·
2312 1559 2483 1624 οὕτως
2515 1562 2545 1613 ό
2579 1560 2735 1628 λόγος
2763 1557 2876 1629 ἔχει
2911 1556 3114 1620 παντὸς
3143 1554 3443 1627 φαρμάκου
3477 1555 3728 1627 δύναμιν,

2141 1652 2236 1705 καὶ
2264 1651 2464 1714 παντὸς
2493 1649 2586 1703 τοῦ
2617 1645 3007 1722 καθαρίζοντος
3039 1646 3269 1718 δύναμίς
3300 1649 3438 1713 ἐστι,
3470 1646 3564 1700 καὶ
3600 1664 3731 1720 σμηο

2144 1741 2500 1806 κτικὼτατοςο
2539 1740 2670 1795 Ζῶν
2701 1742 2810 1812 γὰρ
2837 1743 2870 1795 ό
2897 1741 3080 1809 λόγος
3107 1737 3216 1793 τοῦ
3247 1739 3418 1802 Θεοῦ,
3444 1736 3544 1792 καί
3571 1739 3733 1808 ἐνερ-

456 1847 540 1890 tus
571 1851 728 1906 super
757 1807 1230 1903 omnemgladium
1255 1833 1502 1903 utrinque
1524 1840 1742 1885 acutum
1765 1831 1833 1897 ",
1865 1840 1919 1886 et
1950 1845 2037 1886 rc-

2151 1833 2276 1906 τὴς,
2309 1833 2406 1888 καί
2434 1807 2941 1902 τομώτερόςνύπὲρ
2974 1807 3182 1886 πᾶσαν
3200 1827 3510 1899 μάχαιραν
3533 1807 3733 1883 δίστο-

454 1930 622 1999 liqua.
655 1925 732 1981 Ex
777 1926 978 1996 quibus
1025 1924 1265 1980 diximus
1313 1938 1412 1995 pro
1451 1922 1798 1994 passionibus
1845 1921 2042 1977 animae

452 2019 694 2076 remedia
724 2017 926 2072 habere
955 2031 1287 2083 sermonem,
1315 2031 1438 2073 esse
1484 2016 1538 2070 in
1568 2030 1634 2071 co
1665 2013 1891 2080 nitrum,
1920 2028 2042 2070 esse

452 2127 638 2184 poam,
664 2111 865 2181 quibus
907 2109 1098 2165 sordes
1127 2109 1443 2164 abluantur.
1497 2105 1686 2179 Neque
1719 2122 1850 2163 vero
1881 2121 2042 2162 omne

455 2210 740 2272 peccatum
777 2200 922 2256 nitro
973 2199 1244 2256 sermonis
1278 2207 1333 2254 et
1377 2213 1480 2268 poa
1523 2206 1702 2268 potest
1733 2196 2041 2263 emundari,

453 2293 550 2348 sed
590 2301 718 2348 sunt
761 2291 942 2362 aliqua
992 2289 1216 2356 delicta,
1246 2305 1368 2360 qua:
1415 2305 1526 2345 non
1575 2290 1856 2362 indigeant
1898 2288 2043 2344 facili

455 2382 771 2450 curatione,
816 2397 917 2437 nec
955 2381 1023 2437 ad
1055 2381 1261 2436 nitrum
1305 2389 1360 2436 et
1389 2396 1550 2451 poam
1594 2391 1808 2437 tantum
1859 2380 2042 2436 abluta

455 2475 762 2531 discedant.
837 2472 930 2529 Sic
968 2489 1116 2529 nunc
1145 2473 1346 2530 dicitur
1376 2492 1390 2529 :
1419 2473 1480 2529 Si
1521 2474 1752 2530 ablueris
1797 2484 1847 2530 te
1881 2476 2042 2541 nitro,

452 2573 504 2619 ct
531 2563 963 2635 multiplisaveris
1005 2564 1102 2618 tibi
1138 2580 1320 2635 poam,
1357 2565 1630 2621 "iaculata
1657 2583 1710 2621 es
1747 2566 1800 2621 in
1829 2582 2044 2637 conspe-

453 2666 539 2710 ctu
565 2672 680 2711 meo
707 2657 762 2710 in
791 2656 1164 2727 iniquitatibus
1195 2659 1321 2724 tuis,
1348 2658 1477 2713 dicit
1504 2658 1784 2714 Dominus.
1813 2657 1882 2714 Et
1907 2673 2048 2730 quo-

458 2751 622 2806 modo
651 2759 780 2805 sunt
808 2749 1061 2820 quaedam
1097 2750 1324 2805 vulnera
1365 2765 1486 2821 qua:
1514 2751 1960 2822 malagmatibus,
1989 2760 2046 2807 et

457 2843 600 2906 oleo,
629 2849 683 2895 et
712 2839 1022 2912 alligaturis
1047 2839 1352 2896 redduntur
1372 2841 1618 2911 pristina
1651 2842 1872 2898 sanitati
1900 2860 1915 2909 ;
1941 2843 2046 2897 alia

457 2948 590 2989 vero
634 2942 765 2990 sunt
813 2933 1149 2999 istiusmodi,
1179 2934 1246 2989 de
1275 2934 1479 3004 quibus
1523 2935 1776 2991 dicatur:
1807 2934 1930 2990 Non
1970 2944 2049 2990 est

459 3025 731 3096 malagma
768 3025 1058 3096 imponere,
1111 3043 1274 3097 neque
1312 3024 1518 3095 oleum,
1566 3043 1658 3083 nec
1704 3028 2046 3100 alligaturas,

2135 1944 2275 1998 μοι’·
2320 1926 2414 1981 καὶ
2441 1926 2469 1979 ὃ
2499 1925 2595 1980 ἐὰν
2625 1925 2806 1999 εἴπῃς,
2836 1919 2897 1978 οὗ
2933 1925 3051 1976 ἐστι
3092 1921 3271 1995 χρεία,
3306 1919 3465 1974 τοῦτό
3493 1922 3643 1975 ἐστιν
3676 1922 3734 1976 ὲν

2141 2023 2208 2093 τῇ
2241 2019 2471 2092 δυνάμει
2504 2017 2598 2072 τοῦ
2629 2018 2822 2086 λόγου·
2869 2015 3014 2069 ἔστιν
3060 2011 3153 2068 οὖν
3201 2031 3283 2077 τις
3323 2012 3480 2082 λόγος
3532 2013 3734 2084 νίτρον,

2143 2114 2236 2166 καὶ
2263 2112 2377 2166 ἐστι
2408 2129 2492 2174 τις
2525 2110 2682 2179 λόγος
2715 2109 2843 2175 πόα,
2876 2109 3026 2172 ὅστις
3061 2106 3191 2170 τοὺς
3223 2105 3500 2168 τοιούτους
3531 2103 3736 2176 ῥύπους

2144 2205 2396 2278 καθαίρει
2423 2203 2696 2274 λαληθείς.
2740 2201 2960 2272 Ἐπειδὴ
2991 2201 3098 2255 ἀπὸ
3142 2198 3234 2253 τοῦ
3267 2197 3511 2252 τοιούτου
3553 2198 3735 2267 λόγου,

2144 2301 2292 2364 ὅστις
2321 2298 2439 2352 ἐστὶ
2471 2297 2672 2370 νίτρον,
2704 2295 2800 2350 καὶ
2834 2295 2943 2349 ἀπὸ
2983 2293 3080 2347 τοῦ
3110 2291 3352 2346 τοιούτου
3396 2290 3454 2344 δὲ
3485 2290 3669 2359 λόγου,
3707 2289 3738 2343 ὅ

2145 2393 2264 2446 ἐστι
2291 2390 2415 2452 πόα,
2447 2389 2512 2443 ού
2561 2390 2714 2442 πᾶσα
2734 2388 2979 2460 ἁμαρτία
3011 2384 3403 2458 θεραπεύεται·
3440 2383 3556 2438 ἀλλ’
3589 2383 3736 2436 ἐστιν

2145 2485 2523 2557 ἁμαρτήματα
2551 2483 2612 2536 οὐ
2647 2481 2877 2552 δεόμενα
2911 2480 3117 2552 νίτρου,
3151 2478 3272 2532 οὐδὲ
3315 2477 3473 2542 πόας.
3504 2477 3738 2546 Λέγεται

2147 2575 2284 2646 πρὸς
2311 2573 2409 2646 τὴν
2443 2573 2697 2644 οἰομένην
2728 2572 3108 2642 ἁμαρτήματα
3153 2569 3317 2640 ἔχειν,
3347 2569 3424 2633 ὡς
3467 2569 3740 2639 δυνάμενα

2135 2662 2613 2736 ἁποπλυνθῆναιὲν
2627 2665 2796 2736 νίτρῳ
2825 2664 2921 2717 καὶ
2942 2663 3068 2734 πόα,
3098 2663 3190 2716 τό·
3231 2681 3249 2715 ι
3286 2662 3414 2716 Ἐὰν
3450 2660 3739 2731 ἀποπλύνῃ

2149 2757 2208 2809 ὲν
2234 2755 2422 2827 νίτρῳ,
2467 2755 2563 2810 καὶ
2606 2754 2885 2828 πληθύνῃς
2916 2757 3118 2826 σεαυτῇ
3166 2754 3324 2820 πόαν,
3376 2755 3741 2826 κεκηλίδωσαι

2150 2851 2391 2905 ἐναντίον
2419 2851 2554 2922 ἐμοῦ
2593 2853 2652 2904 ὲν
2681 2852 2804 2914 ταῖς
2836 2850 3078 2914 ἀδικίαις
3113 2867 3230 2915 σου,
3261 2849 3410 2918 λέγει
3451 2849 3674 2922 Κύριος.
3716 2866 3735 2899 ι

2150 2943 2262 2998 Καὶ
2291 2942 2480 3014 ὥσπερ
2507 2941 2616 2996 τῶν
2642 2943 2976 3015 τραυμάτων
3001 2942 3126 2995 τινά
3146 2943 3318 3004 ἐστιν,
3347 2940 3382 2995 ἃ
3420 2940 3740 3012 μαλάγματι

2151 3035 2537 3105 θεραπεύεται,
2573 3035 2665 3088 καί
2696 3035 2830 3089 ἄλλα
2863 3035 3029 3107 ἐλαίῳ
3069 3033 3449 3105 θεραπεύεται,
3484 3032 3579 3086 καὶ
3607 3031 3741 3086 ἄλλα

460 3118 551 3172 sed
595 3127 740 3172 terra
787 3127 960 3173 vestra
999 3116 1240 3183 deserta,
1285 3106 1524 3174 civitates
1575 3130 1762 3176 vestrae
1802 3121 1920 3192 igne
1958 3136 2048 3176 ex-

2151 3129 2320 3184 δεῖται
2345 3128 2708 3200 καταδέσμου,
2733 3128 2828 3182 καὶ
2845 3127 3019 3192 οὕτως
3044 3127 3327 3196 ὑγιάζεται
3348 3144 3360 3156 ·
3394 3125 3526 3180 ἄλλα
3548 3125 3603 3178 δέ
3626 3126 3742 3178 ἐστι

462 3211 704 3278 usue";
755 3211 836 3268 sic
886 3219 1016 3266 sunt
1057 3212 1308 3282 quaedam
1358 3222 1580 3284 peccata
1635 3230 1758 3284 qum
1805 3215 2048 3270 animam

2151 3221 2463 3296 τραύματα,
2497 3222 2578 3290 ἐφ’
2606 3215 2687 3284 οἷς
2712 3219 2954 3288 λέγεται’
2991 3238 3008 3272 ι
3042 3220 3156 3272 Οὐκ
3185 3218 3300 3271 ἔστι
3333 3216 3597 3289 μάλαγμα
3624 3217 3744 3271 ὲπι-

463 3301 776 3368 sordidant,
823 3312 876 3358 et
928 3304 1174 3376 indigent
1221 3305 1444 3362 homine
1493 3308 1588 3378 qui
1624 3308 1822 3364 habeat
1863 3323 2049 3380 poam,

469 3395 708 3466 uitrique
753 3410 1101 3465 sermonem;
1156 3396 1263 3452 alia
1311 3414 1442 3455 vero
1490 3400 1619 3455 talia
1657 3409 1806 3468 sunt,
1840 3411 1898 3457 ut
1942 3418 2051 3458 non

463 3489 679 3560 possint
730 3490 1025 3560 supradicti
1075 3492 1354 3548 sermonis
1396 3492 1598 3550 virtute
1632 3495 1838 3560 curari,
1876 3511 2054 3566 neque

465 3583 611 3638 enim
630 3583 882 3640 sordlbus
896 3593 1302 3654 comparantur.
1325 3583 1427 3640 ldci
1437 3586 1696 3658 rc0139
1710 3588 1888 3643 sciens
1901 3587 2048 3644 dilic-

465 3676 675 3733 rentias
728 3684 1076 3746 peccatorum
1105 3717 1122 3743 ,
1169 3691 1267 3746 per
1321 3673 1519 3732 Isaiam
1568 3677 1834 3734 Dominus
1886 3679 2051 3734 dicit:

465 3768 691 3823 Lavabit
717 3767 974 3823 Dominus
1002 3768 1183 3823 sordes
1206 3769 1443 3838 ﬁliorum
1469 3768 1600 3826 Sion
1635 3771 1710 3841 (in
1748 3773 2053 3844 sanguine).

473 3861 795 3915 Emundabit
821 3861 885 3916 de
908 3861 1078 3916 medio
1107 3878 1288 3917 eorum
1313 3863 1508 3933 spiritu
1528 3863 1748 3932 judicii,
1778 3875 1826 3918 et
1861 3865 2056 3934 spiritu

467 3955 846 4013 combustionis
869 3956 1049 4011 sordes
1079 3965 1130 4010 et
1161 3956 1475 4025 sanguinem
1502 3955 1567 4008 ⁸⁸.
1600 3953 1829 4021 (Sordes
1860 3956 2055 4026 spiritu

467 4049 680 4122 iudicii,
710 4047 1033 4120 sanguinem
1066 4047 1260 4117 spiritu
1293 4046 1742 4116 combustionis.)
1775 4044 1832 4100 Si
1866 4062 2059 4116 pecca-

471 4143 540 4200 sti
575 4151 630 4198 et
652 4149 999 4213 peccatorum
1047 4139 1210 4195 sorde
1255 4139 1494 4209 pollutus
1524 4153 1606 4204 cs,
1641 4139 1847 4193 lavabit
1877 4137 2060 4194 Dnmi-

471 4253 577 4293 nus
607 4234 796 4292 sordes
826 4234 1061 4290 ﬁliorum
1093 4240 1150 4289 et
1187 4233 1426 4287 ﬁliarum
1453 4232 1610 4300 Sion,
1644 4240 1700 4288 et
1738 4233 2057 4303 sanguinem

471 4327 793 4384 emundahit
853 4327 922 4382 de
976 4326 1158 4382 medio
1217 4339 1432 4380 eorum.
1497 4322 1555 4378 Si
1603 4334 1783 4380 autem
1831 4326 2062 4381 mortale

475 4429 760 4489 peccatum
805 4427 914 4484 est,
957 4433 1064 4475 non
1114 4432 1413 4487 possumus
1462 4417 1606 4472 nitro
1648 4431 1860 4487 poaque
1903 4433 2063 4473 mun-

2153 3317 2348 3382 θεῖναι,
2395 3314 2518 3370 οὔτε
2562 3313 2761 3377 ἔλαιον,
2793 3309 2917 3364 οὔτε
2964 3309 3359 3380 καταδέσμουςο
3409 3305 3546 3361 ἀλλὰ
3595 3307 3629 3376 ἡ
3668 3305 3742 3376 γῆ

2155 3408 2308 3482 ὑμῶν
2341 3408 2568 3480 ἕρημος,
2605 3408 2657 3460 ai
2691 3405 2874 3468 πόλεις
2902 3403 3054 3474 ὑμῶν
3086 3401 3480 3472 πυρίκαυστον
3521 3418 3539 3450 ι
3568 3398 3745 3461 οὕτως

2155 3500 2269 3554 ἔστι
2307 3499 2427 3554 τινὰ
2459 3497 2854 3570 ἁμαρτήματα,
2895 3493 2929 3547 ἃ
2970 3495 3133 3566 ῥυποί
3154 3493 3252 3565 τὴν
3277 3491 3475 3564 ψυχὴν,
3516 3493 3609 3546 καὶ
3633 3490 3743 3545 δεῖ-

2153 3609 2245 3647 ται
2271 3594 2300 3646 ὁ
2343 3590 2628 3663 ἄνθρωπος
2658 3588 2750 3642 ἐπὶ
2785 3586 2996 3649 τούτοις
3035 3587 3147 3648 τοῖς
3182 3585 3544 3656 ἁμαρτήμασι
3583 3583 3741 3650 λόγου

2155 3685 2363 3758 νίτρου,
2415 3683 2578 3751 λόγου
2628 3681 2794 3743 πόας·
2839 3678 2954 3731 ἔστι
2996 3676 3054 3729 δέ
3098 3693 3219 3730 τινα
3269 3675 3662 3746 ἁμαρτήματα,
3708 3671 3746 3726 ἃ

2155 3779 2257 3850 ούχ
2301 3775 2444 3830 οὕτω
2494 3773 2874 3846 θεραπεύεταν
2923 3769 3042 3823 οὐδὲ
3072 3768 3182 3841 γὰρ
3211 3767 3368 3840 ῥύπῳ
3401 3763 3746 3838 παραόἁλλε-

2155 3885 2268 3922 ται.
2302 3865 2402 3919 Διὰ
2425 3864 2585 3918 τοῦτο
2618 3864 2716 3925 τὰς
2742 3861 3008 3934 διαφορὰς
3035 3859 3144 3913 τῶν
3177 3857 3593 3930 ἁμαρτημάτων
3620 3856 3746 3909 ἐπι-

2161 3961 2428 4030 στάμενος
2456 3959 2485 4012 ὁ
2518 3958 2575 4010 ὲν
2608 3955 2688 4028 τῷ
2733 3951 2932 4026 Ἡσαΐᾳ
2963 3951 3307 4023 Κύριοςβρα
3337 3949 3453 4012 πῶς
3483 3946 3630 4017 λέγει
3664 3948 3750 4016 τὸ,

2167 4072 2186 4106 ι
2230 4051 2519 4106 Ἐκπλυνεῑ
2546 4049 2752 4119 Κύριος
2782 4047 2872 4100 τὸν
2907 4045 3078 4116 ῥύπον
3103 4041 3212 4096 τῶν
3234 4040 3366 4096 υίῶν
3395 4039 3491 4094 καὶ
3515 4039 3622 4092 τῶν
3655 4035 3750 4090 θυ-

2161 4145 2411 4217 γατέρων
2447 4140 2585 4196 Σιών
2612 4157 2628 4171 '
2667 4139 2762 4194 xui.
2805 4139 2866 4192 τὸ
2913 4132 3053 4209 αἷμα
3097 4133 3418 4206 ἐκκαθαριεί
3469 4133 3535 4185 ὲκ
3582 4129 3752 4202 μέσου

2163 4237 2342 4292 αὐτῶν
2380 4233 2653 4305 πνεύματι
2694 4232 2947 4303 κρίσεως,
2978 4227 3073 4280 καὶ
3103 4225 3376 4297 πνεύματι
3413 4221 3682 4285 καύσεως.
3725 4239 3745 4271 ι

2164 4331 2230 4385 Εἰ
2264 4328 2399 4401 πρὸς
2443 4327 2673 4381 θάνατον
2710 4326 2981 4396 ἥμαρτες,
3019 4321 3157 4392 πλὴν
3197 4320 3446 4392 ἥμαρτες
3479 4319 3536 4371 ὲν
3569 4317 3748 4390 ῥύπῳ,

2168 4423 2427 4479 ὲκπλυνεῖ
2452 4416 2546 4474 οὖν
2579 4422 2608 4474 6
2640 4419 2844 4490 Κύριος
2885 4415 2976 4469 τὸν
3008 4414 3180 4486 ῥύπον
3209 4412 3318 4467 τῶν
3363 4411 3492 4465 υἱῶν
3525 4409 3753 4464 καὶτῶν

475 4512 632 4578 dari,
681 4509 774 4567 sed
808 4509 1002 4580 spiritu
1050 4509 1280 4590 iudicii,
1333 4508 1528 4578 spiritu
1563 4509 1960 4568 combustionis
2011 4523 2048 4567 et

2172 4511 2487 4582 θυγατέρων
2533 4507 2691 4572 Σιὼν,
2733 4507 2828 4562 καὶ
2854 4505 2914 4560 τὸ
2945 4499 3085 4577 αἷμα
3128 4502 3454 4575 ἐκκαθαριεῖ
3492 4503 3556 4555 ὲκ
3589 4500 3753 4571 μέσου

476 4623 673 4680 poeme.

2173 4603 2374 4659 αὐτῶν.
2411 4596 2546 4655 Εἶτα
2581 4598 2936 4661 ἀνταπόδοσις
2972 4597 3109 4667 πρὸς
3143 4596 3239 4666 μὲν
3267 4595 3359 4648 τὸν
3391 4593 3560 4664 ῥύπον
3590 4591 3757 4645 πνεύ-

479 4721 610 4763 ματι
641 4701 905 4774 κρίσεως·
945 4701 1038 4755 καὶ
1065 4699 1296 4772 δεόμεθα
1327 4701 1378 4753 oi
1423 4698 1627 4765 πολλοὶ,
1658 4699 1788 4754 ὅταν
1839 4700 2058 4772 χείρονα
2114 4697 2485 4770 ἁμάρτωμεν,
2539 4693 2600 4747 οὐ
2649 4691 2832 4762 νίτρου
2860 4733 2876 4757 ,
2913 4690 3036 4744 οὐδὲ
3081 4689 3176 4742 τοῦ
3219 4687 3518 4758 πλυνθῆναι
3574 4686 3713 4740 πόαν
3737 4723 3754 4750 ,

475 4795 614 4853 ἀλλὰ
644 4793 739 4848 τοῦ
765 4792 1070 4864 πνεύματος
1097 4792 1196 4863 τῆς
1227 4790 1497 4856 καύσεως.

548 4893 602 4947 5.
652 4890 904 4946 Forsitan
948 4897 1003 4944 et
1046 4887 1206 4944 lesus
1247 4888 1488 4959 baptizat
1537 4887 1746 4959 Spiritu
1790 4898 1980 4944 sancto
2011 4897 2067 4945 et

478 4985 601 5055 igne
639 5000 652 5039 :
692 4998 800 5037 non
837 4981 964 5051 quia
993 4979 1243 5034 eumdem
1291 4979 1343 5032 in
1398 4979 1602 5048 Spiritu
1661 4986 1854 5033 sancto
1902 4989 2066 5048 atque

479 5079 603 5148 igne
627 5074 864 5145 haptizct
893 5074 974 5141 ⁵⁹;
1003 5073 1098 5129 sed
1125 5089 1234 5144 quo
1264 5082 1489 5129 sanctus
1517 5070 1823 5140 baptizetur
1854 5067 2057 5140 Spiritu

2235 4887 2335 4938 Διά
2361 4883 2518 4937 τοῦτο
2539 4881 2565 4934 ὁ
2581 4877 2791 4951 Ἰησοῦς
2827 4874 3100 4948 βαπτίζει,
3118 4872 3261 4946 τάχα
3283 4872 3377 4927 νῦν
3400 4871 3640 4944 εὑρίσκω
3664 4870 3755 4923 τὸν

2165 4978 2343 5048 λόγον,
2381 4977 2438 5028 ὲν
2478 4972 2758 5043 Πνεύματι
2802 4969 2943 5041 ἁγίῳ
2977 4969 3072 5022 καὶ
3099 4968 3264 5039 πυρί·
3296 4966 3394 5036 οὐχ
3428 4966 3510 5020 ὅτι
3542 4963 3634 5016 τὸν
3663 4961 3759 5017 αὺ-

2162 5067 2253 5121 τὸν
2273 5066 2351 5137 (2)
2367 5067 2424 5119 ὲν
2442 5061 2723 5133 Πνεύματι
2749 5060 2890 5132 ἁγίῳ
2911 5058 3007 5113 καὶ
3029 5057 3182 5130 πυρὶ,
3207 5056 3342 5113 ἀλλὰ
3363 5055 3454 5109 τὸν
3483 5056 3581 5126 μὲν
3605 5055 3761 5122 ἅγιον

548 5215 815 5272 “Jcrcm.
842 5229 906 5283 ιι,
937 5213 1028 5269 22.
1105 5215 1152 5246 ⁵⁸
1176 5211 1340 5267 Hebr.
1376 5212 1554 5277 mm.
1633 5209 1676 5242 ⁵⁷
1700 5210 1805 5264 lsa.
1835 5226 1872 5273 ι,
1900 5209 1953 5278 6,
1987 5209 2037 5264 7.

2151 5208 2290 5264 ’lsa.
2318 5223 2393 5275 iv,
2421 5207 2474 5262 4.
2552 5205 2597 5239 ⁸³
2623 5203 2753 5259 Luc.
2790 5217 2873 5265 ιιι,
2903 5202 2988 5255 lli.

552 5341 628 5397 (li
669 5338 902 5392 Ilerbam
938 5334 1351 5405 poamuHerba
1391 5333 1573 5389 borith
1607 5349 1778 5405 quam
1824 5332 1914 5405 hic
1943 5347 2067 5405 eum

478 5409 624 5462 LXX
686 5402 1075 5477 interpretibus
1111 5403 1479 5477 Hieronymus
1519 5405 1683 5458 vertit
1713 5403 1870 5467 πόαν,
1904 5402 2069 5458 herba

478 5497 541 5533 ra
575 5489 660 5533 est
687 5495 808 5548 qua:
837 5476 1153 5548 qsaponaria
1213 5476 1539 5548 appellatur,
1596 5490 1834 5548 quaqueA
1861 5488 2070 5548 espun-

480 5549 673 5614 gzcndis
706 5543 780 5602 ἐι
830 5543 1219 5617 ἀειένςεηιιίεμ
1248 5543 1449 5617 pannis
1514 5543 1744 5617 utuntur
1810 5543 2067 5617 fullonps.

482 5613 659 5672 Herba
695 5628 778 5672 est
810 5635 951 5688 quae,
972 5613 1150 5686 inquit
1175 5613 1538 5689 Hieronymus
1565 5617 1618 5689 in
1646 5613 1846 5689 Jerem.
1877 5629 1942 5689 ιι,
1973 5613 2065 5675 2‘2,

477 5689 642 5759 juxta
692 5685 855 5740 ritum
901 5685 1186 5756 provincia:
1237 5685 1546 5743 Palestina:
1595 5687 1650 5759 in
1700 5685 1986 5759 virentibus
2017 5692 2069 5737 et

486 5759 740 5812 Immcctis
785 5759 1027 5810 nascitur
1059 5759 1210 5822 locis,
1239 5768 1288 5810 et
1324 5759 1392 5812 ad
1417 5758 1675 5815 lavandas
1711 5757 1896 5813 sordes
1925 5770 2069 5810 eam-

487 5832 603 5884 dem
630 5827 730 5884 vim
762 5827 911 5882 habet
936 5844 1090 5900 quam
1119 5838 1166 5882 ct
1192 5829 1412 5884 nitrum.

2249 5330 2326 5412 (Si)
2371 5329 2494 5412 οὐχ
2537 5326 2634 5412 ὅτι
2662 5323 3009 5412 τέραὺςόν,
3043 5328 3149 5376 etc.
3198 5316 3548 5412 Contrarium
3566 5314 3765 5412 Ado'cct

2176 5384 2441 5472 Origenes
2457 5384 2669 5472 Twpril.
2689 5395 2760 5448 τι
2794 5396 2846 5449 in
2867 5392 3104 5472 timeam,
3135 5389 3536 5472 _eospimirum.
3564 5384 3758 5468 (iunia-.-

2177 5455 2474 5539 satuigneo
2523 5467 2747 5539 ﬂumine
2793 5461 3468 5539 a‘Christo_baptizatum
3524 5455 3758 5539 iri,__qui

2176 5557 2318 5612 aqua
2336 5528 2423 5594 "et
2470 5539 2664 5612 spiritu
2724 5533 2941 5612 fueriut
2977 5531 3234 5612 baptizati
3260 5537 3390 5612 ,Δρ-ι
3435 5528 3760 5612 purgatione

2176 5597 2444 5680 eg'ucrint.
2481 5597 2573 5680 i'At
2631 5607 2827 5680 homil.
2859 5604 2904 5680 ti
2931 5605 2990 5680 iu_
3019 5597 3216 5663 Exod.,
3262 5607 3316 5654 et
3361 5598 3555 5653 homil.
3581 5597 3650 5650 25'
3699 5597 3755 5680 in

2176 5673 2366 5743 Νίιιη..
2399 5689 2453 5734 et
2476 5678 2700 5732 homilia
2730 5677 2763 5728 5
2791 5677 2845 5728 in
2869 5673 3145 5728 Psalmum
3180 5685 3367 5743 nisi,
3400 5679 3762 5743 tutumque":-

2178 5737 2818 5882 i|lucligtiﬁbpurgandum
2861 5743 3204 5818 pronuntiat.
3248 5739 3383 5797 Vide
3434 5737 3756 5808 Origcniana

2230 5839 2292 5878 ue
2324 5838 2380 5882 ιι,
2434 5837 2447 5871 ι
2497 5858 2508 5873 .
2545 5835 2605 5874 ιι.

2230 5820 2380 5890 uetii,
2413 5820 2508 5875 tib.
2545 5835 2605 5874 ιι.
