  <div class='ocr_page' id='page_1' title='image "/cluster/home/n/w/nwhite01/storage/ocr_20150623/13:no.3/coo.31924054872910/148.png"; bbox 0 0 4130 6466; ppageno 0'>
   <div class='ocr_carea' id='block_1_1' title="bbox 485 370 581 428">
    <p class='ocr_par' dir='ltr' id='par_1_1' title="bbox 485 370 581 428">
     <span class='ocr_line' id='line_1_1' title="bbox 485 370 581 428; baseline -0.021 0"><span class='ocrx_word' id='word_1_1' title='bbox 485 370 581 428; x_wconf 75' lang='lat'><strong>28’!</strong></span> 
     </span>
    </p>
   </div>
   <div class='ocr_carea' id='block_1_2' title="bbox 1653 366 2560 427">
    <p class='ocr_par' dir='ltr' id='par_1_2' title="bbox 1653 366 2560 427">
     <span class='ocr_line' id='line_1_2' title="bbox 1653 366 2560 427; baseline -0.001 -1"><span class='ocrx_word' id='word_1_2' title='bbox 1653 371 1720 426; x_wconf 87' lang='grc' dir='ltr'><strong>ῐΝ</strong></span> <span class='ocrx_word' id='word_1_3' title='bbox 1756 368 2100 427; x_wconf 75' lang='lat' dir='ltr'><strong>JEREMIAM</strong></span> <span class='ocrx_word' id='word_1_4' title='bbox 2142 368 2428 426; x_wconf 75' lang='lat' dir='ltr'><strong>HOMILIA</strong></span> <span class='ocrx_word' id='word_1_5' title='bbox 2467 366 2560 426; x_wconf 85' lang='grc'><strong>111.</strong></span> 
     </span>
    </p>
   </div>
   <div class='ocr_carea' id='block_1_3' title="bbox 3627 373 3736 431">
    <p class='ocr_par' dir='ltr' id='par_1_3' title="bbox 3627 373 3736 431">
     <span class='ocr_line' id='line_1_3' title="bbox 3627 373 3736 431; baseline 0 -3"><span class='ocrx_word' id='word_1_6' title='bbox 3627 373 3736 431; x_wconf 68' lang='grc'><strong>282</strong></span> 
     </span>
    </p>
   </div>
   <div class='ocr_carea' id='block_1_4' title="bbox 485 482 2034 559">
    <p class='ocr_par' dir='ltr' id='par_1_4' title="bbox 485 482 2034 557">
     <span class='ocr_line' id='line_1_4' title="bbox 485 482 2034 557; baseline 0 -18"><span class='ocrx_word' id='word_1_7' title='bbox 485 487 544 539; x_wconf 81' lang='grc' dir='ltr'>ὲν</span> <span class='ocrx_word' id='word_1_8' title='bbox 584 482 663 557; x_wconf 83' lang='grc' dir='ltr'><strong>τῷ</strong></span> <span class='ocrx_word' id='word_1_9' title='bbox 709 482 985 556; x_wconf 82' lang='grc' dir='ltr'>Πνεύματι</span> <span class='ocrx_word' id='word_1_10' title='bbox 1022 482 1202 555; x_wconf 78' lang='grc' dir='ltr'>ἀγίῳο</span> <span class='ocrx_word' id='word_1_11' title='bbox 1248 483 1343 539; x_wconf 79' lang='grc' dir='ltr'>τὸν</span> <span class='ocrx_word' id='word_1_12' title='bbox 1382 484 1442 539; x_wconf 76' lang='grc' dir='ltr'>δὲ</span> <span class='ocrx_word' id='word_1_13' title='bbox 1487 485 1623 556; x_wconf 84' lang='grc' dir='ltr'><strong>μετά</strong></span> <span class='ocrx_word' id='word_1_14' title='bbox 1652 485 1714 540; x_wconf 80' lang='grc' dir='ltr'>τὸ</span> <span class='ocrx_word' id='word_1_15' title='bbox 1746 485 2034 539; x_wconf 86' lang='grc' dir='ltr'>πιστεῦσαι</span> 
     </span>
    </p>
   </div>
   <div class='ocr_carea' id='block_1_5' title="bbox 2136 482 3734 559">
    <p class='ocr_par' dir='ltr' id='par_1_5' title="bbox 2165 484 3734 559">
     <span class='ocr_line' id='line_1_5' title="bbox 2165 484 3734 559; baseline 0.001 -18"><span class='ocrx_word' id='word_1_16' title='bbox 2165 493 2357 541; x_wconf 89' lang='lat' dir='ltr'><strong>saneto</strong></span> <span class='ocrx_word' id='word_1_17' title='bbox 2381 524 2397 551; x_wconf 91' lang='lat'><strong>,</strong></span> <span class='ocrx_word' id='word_1_18' title='bbox 2430 494 2488 541; x_wconf 85' lang='lat' dir='ltr'><strong>et</strong></span> <span class='ocrx_word' id='word_1_19' title='bbox 2512 486 2560 541; x_wconf 89' lang='lat' dir='ltr'><strong>is</strong></span> <span class='ocrx_word' id='word_1_20' title='bbox 2588 484 2681 556; x_wconf 85' lang='lat' dir='ltr'><strong>qui</strong></span> <span class='ocrx_word' id='word_1_21' title='bbox 2706 494 2833 556; x_wconf 89' lang='lat' dir='ltr'><strong>post</strong></span> <span class='ocrx_word' id='word_1_22' title='bbox 2856 485 3090 544; x_wconf 75' lang='lat' dir='ltr'><strong>[hiemet</strong></span> <span class='ocrx_word' id='word_1_23' title='bbox 3118 488 3491 559; x_wconf 83' lang='lat' dir='ltr'><strong>magisterium</strong></span> <span class='ocrx_word' id='word_1_24' title='bbox 3518 486 3614 543; x_wconf 87' lang='lat' dir='ltr'><strong>Dei</strong></span> <span class='ocrx_word' id='word_1_25' title='bbox 3655 487 3734 559; x_wconf 76' lang='lat'><strong>(5)</strong></span> 
     </span>
    </p>
   </div>
   <div class='ocr_carea' id='block_1_6' title="bbox 489 574 2056 647">
    <p class='ocr_par' dir='ltr' id='par_1_6' title="bbox 489 574 2056 647">
     <span class='ocr_line' id='line_1_6' title="bbox 489 574 2056 647; baseline 0.001 -18"><span class='ocrx_word' id='word_1_26' title='bbox 489 576 624 645; x_wconf 85' lang='grc' dir='ltr'><strong>μετά</strong></span> <span class='ocrx_word' id='word_1_27' title='bbox 650 575 709 628; x_wconf 86' lang='lat'><strong>:6</strong></span> <span class='ocrx_word' id='word_1_28' title='bbox 737 574 1030 646; x_wconf 75' lang='grc' dir='ltr'>ἀξιωθῆναι</span> <span class='ocrx_word' id='word_1_29' title='bbox 1058 574 1214 644; x_wconf 87' lang='grc' dir='ltr'>ἀγίου</span> <span class='ocrx_word' id='word_1_30' title='bbox 1240 574 1576 646; x_wconf 88' lang='grc' dir='ltr'>Πνεύματος,</span> <span class='ocrx_word' id='word_1_31' title='bbox 1612 577 1774 630; x_wconf 82' lang='grc' dir='ltr'>πάλιν</span> <span class='ocrx_word' id='word_1_32' title='bbox 1799 578 2056 647; x_wconf 80' lang='grc' dir='ltr'>ἡμαρτη-</span> 
     </span>
    </p>
   </div>
   <div class='ocr_carea' id='block_1_7' title="bbox 484 665 2055 740">
    <p class='ocr_par' dir='ltr' id='par_1_7' title="bbox 484 665 2055 740">
     <span class='ocr_line' id='line_1_7' title="bbox 484 665 2055 740; baseline 0.003 -21"><span class='ocrx_word' id='word_1_33' title='bbox 484 666 638 732; x_wconf 72' lang='grc' dir='ltr'>κότα,</span> <span class='ocrx_word' id='word_1_34' title='bbox 666 665 813 722; x_wconf 78' lang='grc' dir='ltr'>λούει</span> <span class='ocrx_word' id='word_1_35' title='bbox 857 669 915 720; x_wconf 67' lang='grc' dir='ltr'>ἐν</span> <span class='ocrx_word' id='word_1_36' title='bbox 941 668 1097 740; x_wconf 76' lang='grc' dir='ltr'>πυρίο</span> <span class='ocrx_word' id='word_1_37' title='bbox 1129 669 1206 731; x_wconf 86' lang='grc' dir='ltr'>ὡς</span> <span class='ocrx_word' id='word_1_38' title='bbox 1233 668 1307 739; x_wconf 87' lang='grc' dir='ltr'>μὴ</span> <span class='ocrx_word' id='word_1_39' title='bbox 1330 668 1423 723; x_wconf 78' lang='grc' dir='ltr'>τὸν</span> <span class='ocrx_word' id='word_1_40' title='bbox 1444 669 1606 724; x_wconf 78' lang='grc' dir='ltr'>αὐτὸν</span> <span class='ocrx_word' id='word_1_41' title='bbox 1635 666 1777 723; x_wconf 72' lang='grc' dir='ltr'>εἶναι</span> <span class='ocrx_word' id='word_1_42' title='bbox 1797 668 2055 740; x_wconf 83' lang='grc' dir='ltr'>βαπτιζό-</span> 
     </span>
    </p>
   </div>
   <div class='ocr_carea' id='block_1_8' title="bbox 487 757 2057 833">
    <p class='ocr_par' dir='ltr' id='par_1_8' title="bbox 487 757 2057 833">
     <span class='ocr_line' id='line_1_8' title="bbox 487 757 2057 833; baseline 0.003 -22"><span class='ocrx_word' id='word_1_43' title='bbox 487 775 645 829; x_wconf 83' lang='grc' dir='ltr'><strong>μενον</strong></span> <span class='ocrx_word' id='word_1_44' title='bbox 677 757 784 813; x_wconf 81' lang='grc' dir='ltr'>ὑπδ</span> <span class='ocrx_word' id='word_1_45' title='bbox 822 758 997 831; x_wconf 75' lang='grc' dir='ltr'>Ἰησοῦ</span> <span class='ocrx_word' id='word_1_46' title='bbox 1029 761 1090 813; x_wconf 77' lang='grc' dir='ltr'>ὲν</span> <span class='ocrx_word' id='word_1_47' title='bbox 1120 760 1397 833; x_wconf 85' lang='grc' dir='ltr'>Πνεύματι</span> <span class='ocrx_word' id='word_1_48' title='bbox 1434 761 1576 832; x_wconf 82' lang='grc' dir='ltr'>ἁγίῳ</span> <span class='ocrx_word' id='word_1_49' title='bbox 1617 762 1712 816; x_wconf 74' lang='grc' dir='ltr'>καὶ</span> <span class='ocrx_word' id='word_1_50' title='bbox 1745 761 1901 832; x_wconf 83' lang='grc' dir='ltr'>πυρί.</span> <span class='ocrx_word' id='word_1_51' title='bbox 1933 763 2057 815; x_wconf 81' lang='grc' dir='ltr'><strong>Μα-</strong></span> 
     </span>
    </p>
   </div>
   <div class='ocr_carea' id='block_1_9' title="bbox 482 846 2053 925">
    <p class='ocr_par' dir='ltr' id='par_1_9' title="bbox 482 846 2053 925">
     <span class='ocr_line' id='line_1_9' title="bbox 482 846 2053 925; baseline 0.002 -20"><span class='ocrx_word' id='word_1_52' title='bbox 482 852 669 923; x_wconf 79' lang='grc' dir='ltr'>κάριος</span> <span class='ocrx_word' id='word_1_53' title='bbox 711 846 806 908; x_wconf 73' lang='grc' dir='ltr'>οὖν</span> <span class='ocrx_word' id='word_1_54' title='bbox 848 855 877 907; x_wconf 93' lang='lat'><strong>6</strong></span> <span class='ocrx_word' id='word_1_55' title='bbox 921 851 1315 925; x_wconf 76' lang='grc' dir='ltr'><strong>βαπτιζόμενος</strong></span> <span class='ocrx_word' id='word_1_56' title='bbox 1359 857 1416 908; x_wconf 87' lang='grc' dir='ltr'>ὲν</span> <span class='ocrx_word' id='word_1_57' title='bbox 1453 855 1593 925; x_wconf 89' lang='grc' dir='ltr'>ἀγίῳ</span> <span class='ocrx_word' id='word_1_58' title='bbox 1624 853 1926 925; x_wconf 84' lang='grc' dir='ltr'>Πνεύματι,</span> <span class='ocrx_word' id='word_1_59' title='bbox 1957 854 2053 908; x_wconf 59' lang='grc' dir='ltr'><strong>καὶ⁸</strong></span> 
     </span>
    </p>
   </div>
   <div class='ocr_carea' id='block_1_10' title="bbox 483 941 2054 1018">
    <p class='ocr_par' dir='ltr' id='par_1_10' title="bbox 483 941 2054 1018">
     <span class='ocr_line' id='line_1_10' title="bbox 483 941 2054 1018; baseline 0.002 -23"><span class='ocrx_word' id='word_1_60' title='bbox 483 942 557 1014; x_wconf 80' lang='grc' dir='ltr'>μὴ</span> <span class='ocrx_word' id='word_1_61' title='bbox 583 941 839 1014; x_wconf 78' lang='grc' dir='ltr'>δεόμενος</span> <span class='ocrx_word' id='word_1_62' title='bbox 858 943 1230 1016; x_wconf 80' lang='grc' dir='ltr'><strong>βαπτίσματος</strong></span> <span class='ocrx_word' id='word_1_63' title='bbox 1249 944 1345 998; x_wconf 89' lang='grc' dir='ltr'><strong>τοῦ</strong></span> <span class='ocrx_word' id='word_1_64' title='bbox 1366 946 1474 998; x_wconf 79' lang='grc' dir='ltr'>ἀπὸ</span> <span class='ocrx_word' id='word_1_65' title='bbox 1503 944 1695 1018; x_wconf 84' lang='grc' dir='ltr'>πυρός.</span> <span class='ocrx_word' id='word_1_66' title='bbox 1729 944 2054 1016; x_wconf 87' lang='grc' dir='ltr'>Τρισάθλιος</span> 
     </span>
    </p>
   </div>
   <div class='ocr_carea' id='block_1_11' title="bbox 476 1032 2048 1108">
    <p class='ocr_par' dir='ltr' id='par_1_11' title="bbox 476 1032 2048 1108">
     <span class='ocr_line' id='line_1_11' title="bbox 476 1032 2048 1108; baseline 0.003 -23"><span class='ocrx_word' id='word_1_67' title='bbox 476 1032 533 1085; x_wconf 86' lang='grc' dir='ltr'>δὲ</span> <span class='ocrx_word' id='word_1_68' title='bbox 565 1032 771 1096; x_wconf 76' lang='grc' dir='ltr'>ἐκεῖνος</span> <span class='ocrx_word' id='word_1_69' title='bbox 804 1033 952 1098; x_wconf 80' lang='grc' dir='ltr'>ὅστις</span> <span class='ocrx_word' id='word_1_70' title='bbox 990 1034 1180 1106; x_wconf 87' lang='grc' dir='ltr'>χρείαν</span> <span class='ocrx_word' id='word_1_71' title='bbox 1210 1035 1323 1105; x_wconf 81' lang='grc' dir='ltr'>ἔχει</span> <span class='ocrx_word' id='word_1_72' title='bbox 1370 1033 1734 1103; x_wconf 84' lang='grc' dir='ltr'>βαπτίσασθαι</span> <span class='ocrx_word' id='word_1_73' title='bbox 1776 1034 1857 1106; x_wconf 86' lang='grc' dir='ltr'>τῷ</span> <span class='ocrx_word' id='word_1_74' title='bbox 1896 1035 2048 1108; x_wconf 83' lang='grc' dir='ltr'>πυρί.</span> 
     </span>
    </p>
   </div>
   <div class='ocr_carea' id='block_1_12' title="bbox 478 1120 2052 1197">
    <p class='ocr_par' dir='ltr' id='par_1_12' title="bbox 478 1120 2052 1197">
     <span class='ocr_line' id='line_1_12' title="bbox 478 1120 2052 1197; baseline 0.003 -22"><span class='ocrx_word' id='word_1_75' title='bbox 478 1120 626 1194; x_wconf 81' lang='grc' dir='ltr'>Πλὴν</span> <span class='ocrx_word' id='word_1_76' title='bbox 657 1122 943 1195; x_wconf 80' lang='grc' dir='ltr'>ἀμφότερα</span> <span class='ocrx_word' id='word_1_77' title='bbox 973 1124 1088 1196; x_wconf 82' lang='grc' dir='ltr'>ἔχει</span> <span class='ocrx_word' id='word_1_78' title='bbox 1133 1125 1161 1179; x_wconf 91' lang='lat'><strong>6</strong></span> <span class='ocrx_word' id='word_1_79' title='bbox 1204 1125 1444 1197; x_wconf 74' lang='grc' dir='ltr'>Ἰησοῦςσ</span> <span class='ocrx_word' id='word_1_80' title='bbox 1486 1126 1904 1191; x_wconf 68' lang='grc' dir='ltr'>Ἔξελεύσεται</span> <span class='ocrx_word' id='word_1_81' title='bbox 1942 1125 2052 1197; x_wconf 72' lang='grc' dir='ltr'>γὰρ</span> 
     </span>
    </p>
   </div>
   <div class='ocr_carea' id='block_1_13' title="bbox 469 1216 2053 1288">
    <p class='ocr_par' dir='ltr' id='par_1_13' title="bbox 469 1216 2053 1288">
     <span class='ocr_line' id='line_1_13' title="bbox 469 1216 2053 1288; baseline 0.001 -18"><span class='ocrx_word' id='word_1_82' title='bbox 469 1216 690 1285; x_wconf 71' lang='grc' dir='ltr'>ῥάϐδος</span> <span class='ocrx_word' id='word_1_83' title='bbox 727 1218 797 1272; x_wconf 84' lang='grc' dir='ltr'>ὲκ</span> <span class='ocrx_word' id='word_1_84' title='bbox 832 1217 943 1287; x_wconf 78' lang='grc' dir='ltr'><strong>τῆς</strong></span> <span class='ocrx_word' id='word_1_85' title='bbox 969 1216 1135 1288; x_wconf 75' lang='grc' dir='ltr'><em>ῥίζης</em></span> <span class='ocrx_word' id='word_1_86' title='bbox 1186 1217 1431 1280; x_wconf 79' lang='grc' dir='ltr'>Ἰεσσαὶ,</span> <span class='ocrx_word' id='word_1_87' title='bbox 1472 1219 1567 1272; x_wconf 77' lang='grc' dir='ltr'>καὶ</span> <span class='ocrx_word' id='word_1_88' title='bbox 1599 1218 1783 1285; x_wconf 83' lang='grc' dir='ltr'>ἄνθος</span> <span class='ocrx_word' id='word_1_89' title='bbox 1828 1218 1896 1272; x_wconf 81' lang='grc' dir='ltr'>ἐκ</span> <span class='ocrx_word' id='word_1_90' title='bbox 1944 1217 2053 1286; x_wconf 78' lang='grc' dir='ltr'><strong>τῆς</strong></span> 
     </span>
    </p>
   </div>
   <div class='ocr_carea' id='block_1_14' title="bbox 468 1304 2048 1381">
    <p class='ocr_par' dir='ltr' id='par_1_14' title="bbox 468 1304 2048 1381">
     <span class='ocr_line' id='line_1_14' title="bbox 468 1304 2048 1381; baseline 0.003 -22"><span class='ocrx_word' id='word_1_91' title='bbox 468 1304 639 1376; x_wconf 66' lang='grc' dir='ltr'><strong>ῙΙζής</strong></span> <span class='ocrx_word' id='word_1_92' title='bbox 674 1309 1064 1376; x_wconf 68' lang='grc' dir='ltr'>ἀναϐήσεταιε</span> <span class='ocrx_word' id='word_1_93' title='bbox 1098 1308 1290 1381; x_wconf 71' lang='grc' dir='ltr'>ῥάϐδος</span> <span class='ocrx_word' id='word_1_94' title='bbox 1330 1310 1422 1362; x_wconf 79' lang='grc' dir='ltr'><strong>ἐπὶ</strong></span> <span class='ocrx_word' id='word_1_95' title='bbox 1464 1310 1591 1372; x_wconf 74' lang='grc' dir='ltr'>τοὺς</span> <span class='ocrx_word' id='word_1_96' title='bbox 1631 1308 2048 1380; x_wconf 80' lang='grc' dir='ltr'>κολαζομένους.</span> 
     </span>
    </p>
   </div>
   <div class='ocr_carea' id='block_1_15' title="bbox 432 1397 2052 1477">
    <p class='ocr_par' dir='ltr' id='par_1_15' title="bbox 432 1397 2052 1477">
     <span class='ocr_line' id='line_1_15' title="bbox 432 1397 2052 1477; baseline 0 -25"><span class='ocrx_word' id='word_1_97' title='bbox 432 1397 660 1477; x_wconf 55' lang='grc' dir='ltr'>,Οὕτως</span> <span class='ocrx_word' id='word_1_98' title='bbox 707 1399 736 1453; x_wconf 90' lang='lat'><strong>6</strong></span> <span class='ocrx_word' id='word_1_99' title='bbox 781 1400 914 1463; x_wconf 78' lang='grc' dir='ltr'>θεὸς</span> <span class='ocrx_word' id='word_1_100' title='bbox 959 1399 1070 1471; x_wconf 88' lang='grc' dir='ltr'><strong>πῦρ</strong></span> <span class='ocrx_word' id='word_1_101' title='bbox 1109 1398 1502 1454; x_wconf 81' lang='grc' dir='ltr'>καταναλίσκον</span> <span class='ocrx_word' id='word_1_102' title='bbox 1538 1399 1675 1464; x_wconf 75' lang='grc' dir='ltr'>ἐστὶ,</span> <span class='ocrx_word' id='word_1_103' title='bbox 1722 1399 1816 1454; x_wconf 75' lang='grc' dir='ltr'>καὶ</span> <span class='ocrx_word' id='word_1_104' title='bbox 1856 1400 1885 1451; x_wconf 97' lang='lat'><strong>6</strong></span> <span class='ocrx_word' id='word_1_105' title='bbox 1921 1399 2052 1463; x_wconf 79' lang='grc' dir='ltr'>Θεὸς</span> 
     </span>
    </p>
   </div>
   <div class='ocr_carea' id='block_1_16' title="bbox 474 1493 2052 1569">
    <p class='ocr_par' dir='ltr' id='par_1_16' title="bbox 474 1493 2052 1569">
     <span class='ocr_line' id='line_1_16' title="bbox 474 1493 2052 1569; baseline -0.003 -19"><span class='ocrx_word' id='word_1_106' title='bbox 474 1495 590 1564; x_wconf 75' lang='grc' dir='ltr'><strong>φῶς</strong></span> <span class='ocrx_word' id='word_1_107' title='bbox 633 1497 769 1563; x_wconf 77' lang='grc' dir='ltr'>ἐστι,</span> <span class='ocrx_word' id='word_1_108' title='bbox 817 1497 925 1569; x_wconf 82' lang='grc' dir='ltr'><strong>πῦρ</strong></span> <span class='ocrx_word' id='word_1_109' title='bbox 957 1496 1349 1552; x_wconf 85' lang='grc' dir='ltr'>καταναλίσκον</span> <span class='ocrx_word' id='word_1_110' title='bbox 1380 1498 1491 1560; x_wconf 85' lang='grc' dir='ltr'>τοῖς</span> <span class='ocrx_word' id='word_1_111' title='bbox 1531 1495 1892 1566; x_wconf 78' lang='grc' dir='ltr'><strong>ἁμαρτωλοῖς,</strong></span> <span class='ocrx_word' id='word_1_112' title='bbox 1936 1493 2052 1563; x_wconf 79' lang='grc' dir='ltr'><strong>φῶς</strong></span> 
     </span>
    </p>
   </div>
   <div class='ocr_carea' id='block_1_17' title="bbox 470 1585 2051 1657">
    <p class='ocr_par' dir='ltr' id='par_1_17' title="bbox 470 1585 2051 1657">
     <span class='ocr_line' id='line_1_17' title="bbox 470 1585 2051 1657; baseline 0.001 -18"><span class='ocrx_word' id='word_1_113' title='bbox 470 1589 584 1651; x_wconf 78' lang='grc' dir='ltr'>τοῖς</span> <span class='ocrx_word' id='word_1_114' title='bbox 610 1586 840 1652; x_wconf 77' lang='grc' dir='ltr'>δικαίοις</span> <span class='ocrx_word' id='word_1_115' title='bbox 865 1589 957 1642; x_wconf 77' lang='grc' dir='ltr'>καὶ</span> <span class='ocrx_word' id='word_1_116' title='bbox 986 1587 1196 1657; x_wconf 83' lang='grc' dir='ltr'><strong>ἁγίοις·</strong></span> <span class='ocrx_word' id='word_1_117' title='bbox 1226 1586 1658 1656; x_wconf 79' lang='grc' dir='ltr'>καὶ,Μακάριος</span> <span class='ocrx_word' id='word_1_118' title='bbox 1694 1590 1728 1641; x_wconf 82' lang='grc' dir='ltr'><strong>ό</strong></span> <span class='ocrx_word' id='word_1_119' title='bbox 1769 1587 1927 1656; x_wconf 80' lang='grc' dir='ltr'>ἔχων</span> <span class='ocrx_word' id='word_1_120' title='bbox 1943 1585 2051 1655; x_wconf 80' lang='grc' dir='ltr'><strong>μέ-</strong></span> 
     </span>
    </p>
   </div>
   <div class='ocr_carea' id='block_1_18' title="bbox 463 1678 2053 1752">
    <p class='ocr_par' dir='ltr' id='par_1_18' title="bbox 463 1678 2053 1752">
     <span class='ocr_line' id='line_1_18' title="bbox 463 1678 2053 1752; baseline -0.001 -19"><span class='ocrx_word' id='word_1_121' title='bbox 463 1694 575 1746; x_wconf 79' lang='grc' dir='ltr'><strong>ρος</strong></span> <span class='ocrx_word' id='word_1_122' title='bbox 619 1679 691 1733; x_wconf 77' lang='grc' dir='ltr'>ἐν</span> <span class='ocrx_word' id='word_1_123' title='bbox 733 1679 809 1749; x_wconf 82' lang='grc' dir='ltr'>τῇ</span> <span class='ocrx_word' id='word_1_124' title='bbox 849 1681 1182 1735; x_wconf 79' lang='grc' dir='ltr'>ἀναστάσει</span> <span class='ocrx_word' id='word_1_125' title='bbox 1232 1679 1309 1748; x_wconf 75' lang='grc' dir='ltr'>τῇ</span> <span class='ocrx_word' id='word_1_126' title='bbox 1357 1680 1556 1748; x_wconf 81' lang='grc' dir='ltr'>πρώτῃ</span> <span class='ocrx_word' id='word_1_127' title='bbox 1576 1696 1592 1710; x_wconf 71' lang='grc' dir='ltr'><strong>ο</strong></span> <span class='ocrx_word' id='word_1_128' title='bbox 1632 1681 1662 1733; x_wconf 91' lang='lat'><strong>6</strong></span> <span class='ocrx_word' id='word_1_129' title='bbox 1704 1681 1949 1752; x_wconf 75' lang='grc' dir='ltr'>τηρήσας</span> <span class='ocrx_word' id='word_1_130' title='bbox 1992 1678 2053 1732; x_wconf 79' lang='grc' dir='ltr'>τὸ</span> 
     </span>
    </p>
   </div>
   <div class='ocr_carea' id='block_1_19' title="bbox 472 1767 2054 1841">
    <p class='ocr_par' dir='ltr' id='par_1_19' title="bbox 472 1767 2054 1841">
     <span class='ocr_line' id='line_1_19' title="bbox 472 1767 2054 1841; baseline 0 -20"><span class='ocrx_word' id='word_1_131' title='bbox 472 1767 752 1840; x_wconf 79' lang='grc' dir='ltr'>βάπτισμα</span> <span class='ocrx_word' id='word_1_132' title='bbox 771 1769 866 1822; x_wconf 87' lang='grc' dir='ltr'><strong>τοῦ</strong></span> <span class='ocrx_word' id='word_1_133' title='bbox 899 1771 1056 1839; x_wconf 85' lang='grc' dir='ltr'>ἁγίου</span> <span class='ocrx_word' id='word_1_134' title='bbox 1084 1769 1422 1840; x_wconf 84' lang='grc' dir='ltr'>Πνεύματος.</span> <span class='ocrx_word' id='word_1_135' title='bbox 1456 1768 1552 1832; x_wconf 91' lang='grc' dir='ltr'><strong>Τίς</strong></span> <span class='ocrx_word' id='word_1_136' title='bbox 1581 1770 1727 1822; x_wconf 80' lang='grc' dir='ltr'>ἐστιν</span> <span class='ocrx_word' id='word_1_137' title='bbox 1755 1771 1783 1822; x_wconf 91' lang='lat'><strong>6</strong></span> <span class='ocrx_word' id='word_1_138' title='bbox 1811 1771 1869 1822; x_wconf 81' lang='grc' dir='ltr'>ὲν</span> <span class='ocrx_word' id='word_1_139' title='bbox 1891 1769 2054 1841; x_wconf 76' lang='grc' dir='ltr'>ἑτέρᾳ</span> 
     </span>
    </p>
   </div>
   <div class='ocr_carea' id='block_1_20' title="bbox 471 1860 2046 1932">
    <p class='ocr_par' dir='ltr' id='par_1_20' title="bbox 471 1860 2046 1932">
     <span class='ocr_line' id='line_1_20' title="bbox 471 1860 2046 1932; baseline 0.001 -19"><span class='ocrx_word' id='word_1_140' title='bbox 471 1860 775 1932; x_wconf 78' lang='grc' dir='ltr'>σωζόμενος</span> <span class='ocrx_word' id='word_1_141' title='bbox 798 1862 1124 1925; x_wconf 87' lang='grc' dir='ltr'>ἀναστάσει;</span> <span class='ocrx_word' id='word_1_142' title='bbox 1148 1863 1176 1914; x_wconf 90' lang='lat'><strong>6</strong></span> <span class='ocrx_word' id='word_1_143' title='bbox 1202 1861 1456 1931; x_wconf 87' lang='grc' dir='ltr'>δεόμενος</span> <span class='ocrx_word' id='word_1_144' title='bbox 1492 1860 1888 1930; x_wconf 84' lang='grc' dir='ltr'>βαπτίσματος,</span> <span class='ocrx_word' id='word_1_145' title='bbox 1915 1860 2046 1914; x_wconf 79' lang='grc' dir='ltr'>ὅταν</span> 
     </span>
    </p>
   </div>
   <div class='ocr_carea' id='block_1_21' title="bbox 470 1950 2044 2025">
    <p class='ocr_par' dir='ltr' id='par_1_21' title="bbox 470 1950 2044 2025">
     <span class='ocr_line' id='line_1_21' title="bbox 470 1950 2044 2025; baseline 0.001 -23"><span class='ocrx_word' id='word_1_146' title='bbox 470 1950 603 2024; x_wconf 74' lang='grc' dir='ltr'>ἔλθῃ</span> <span class='ocrx_word' id='word_1_147' title='bbox 626 1953 719 2005; x_wconf 74' lang='grc' dir='ltr'><strong>ἐπὶ</strong></span> <span class='ocrx_word' id='word_1_148' title='bbox 750 1952 812 2005; x_wconf 83' lang='grc' dir='ltr'>τὸ</span> <span class='ocrx_word' id='word_1_149' title='bbox 833 1950 943 2023; x_wconf 80' lang='grc' dir='ltr'><strong>πῦρ</strong></span> <span class='ocrx_word' id='word_1_150' title='bbox 970 1953 1164 2019; x_wconf 75' lang='grc' dir='ltr'>ἐκεῖνο,</span> <span class='ocrx_word' id='word_1_151' title='bbox 1193 1952 1293 2005; x_wconf 75' lang='grc' dir='ltr'>«καὶ</span> <span class='ocrx_word' id='word_1_152' title='bbox 1319 1951 1380 2004; x_wconf 80' lang='grc' dir='ltr'>τὸ</span> <span class='ocrx_word' id='word_1_153' title='bbox 1426 1950 1534 2023; x_wconf 84' lang='grc' dir='ltr'><strong>πῦρ</strong></span> <span class='ocrx_word' id='word_1_154' title='bbox 1564 1951 1725 2006; x_wconf 71' lang='grc' dir='ltr'>αὑτὸν</span> <span class='ocrx_word' id='word_1_155' title='bbox 1753 1950 2044 2025; x_wconf 80' lang='grc' dir='ltr'><strong>δοκιμάζῃ,</strong></span> 
     </span>
    </p>
   </div>
   <div class='ocr_carea' id='block_1_22' title="bbox 472 2040 2041 2115">
    <p class='ocr_par' dir='ltr' id='par_1_22' title="bbox 472 2040 2041 2115">
     <span class='ocr_line' id='line_1_22' title="bbox 472 2040 2041 2115; baseline 0.003 -22"><span class='ocrx_word' id='word_1_156' title='bbox 472 2042 566 2093; x_wconf 73' lang='grc' dir='ltr'>καὶ</span> <span class='ocrx_word' id='word_1_157' title='bbox 594 2041 732 2115; x_wconf 72' lang='grc' dir='ltr'>εὕρῃ</span> <span class='ocrx_word' id='word_1_158' title='bbox 748 2042 809 2094; x_wconf 86' lang='grc' dir='ltr'><strong>τὺ</strong></span> <span class='ocrx_word' id='word_1_159' title='bbox 835 2040 947 2113; x_wconf 84' lang='grc' dir='ltr'><strong>πῦρ</strong></span> <span class='ocrx_word' id='word_1_160' title='bbox 974 2043 1148 2096; x_wconf 84' lang='grc' dir='ltr'>ὲκεῖνο</span> <span class='ocrx_word' id='word_1_161' title='bbox 1171 2042 1321 2109; x_wconf 81' lang='grc' dir='ltr'>ξύλα,</span> <span class='ocrx_word' id='word_1_162' title='bbox 1360 2043 1573 2115; x_wconf 81' lang='grc' dir='ltr'>χόρτον,</span> <span class='ocrx_word' id='word_1_163' title='bbox 1619 2044 1715 2097; x_wconf 81' lang='grc' dir='ltr'><strong>καὶ</strong></span> <span class='ocrx_word' id='word_1_164' title='bbox 1766 2044 2041 2115; x_wconf 81' lang='grc' dir='ltr'>καλάμην,</span> 
     </span>
    </p>
   </div>
   <div class='ocr_carea' id='block_1_23' title="bbox 469 2129 2038 2206">
    <p class='ocr_par' dir='ltr' id='par_1_23' title="bbox 469 2129 2038 2206">
     <span class='ocr_line' id='line_1_23' title="bbox 469 2129 2038 2206; baseline 0.004 -23"><span class='ocrx_word' id='word_1_165' title='bbox 469 2129 607 2183; x_wconf 82' lang='grc' dir='ltr'>ὥστε</span> <span class='ocrx_word' id='word_1_166' title='bbox 635 2131 774 2185; x_wconf 80' lang='grc' dir='ltr'>αὐτά</span> <span class='ocrx_word' id='word_1_167' title='bbox 798 2131 1158 2187; x_wconf 85' lang='grc' dir='ltr'>κατακαῦσαι.</span> <span class='ocrx_word' id='word_1_168' title='bbox 1182 2132 1280 2188; x_wconf 88' lang='grc' dir='ltr'>Διά</span> <span class='ocrx_word' id='word_1_169' title='bbox 1301 2133 1457 2187; x_wconf 86' lang='grc' dir='ltr'>τοῦτο</span> <span class='ocrx_word' id='word_1_170' title='bbox 1482 2134 1688 2189; x_wconf 86' lang='grc' dir='ltr'>τούτων</span> <span class='ocrx_word' id='word_1_171' title='bbox 1712 2134 2038 2206; x_wconf 84' lang='grc' dir='ltr'>λεγομένων,</span> 
     </span>
    </p>
   </div>
   <div class='ocr_carea' id='block_1_24' title="bbox 466 2221 2042 2296">
    <p class='ocr_par' dir='ltr' id='par_1_24' title="bbox 466 2221 2042 2296">
     <span class='ocr_line' id='line_1_24' title="bbox 466 2221 2042 2296; baseline 0.002 -21"><span class='ocrx_word' id='word_1_172' title='bbox 466 2221 564 2292; x_wconf 75' lang='grc' dir='ltr'><strong>ὅση</strong></span> <span class='ocrx_word' id='word_1_173' title='bbox 594 2221 821 2292; x_wconf 87' lang='grc' dir='ltr'>δύναμις</span> <span class='ocrx_word' id='word_1_174' title='bbox 849 2224 1242 2292; x_wconf 83' lang='grc' dir='ltr'>συναγαγόντες</span> <span class='ocrx_word' id='word_1_175' title='bbox 1263 2225 1387 2287; x_wconf 78' lang='grc' dir='ltr'>τοὺς</span> <span class='ocrx_word' id='word_1_176' title='bbox 1405 2223 1596 2292; x_wconf 86' lang='grc' dir='ltr'>λόγους</span> <span class='ocrx_word' id='word_1_177' title='bbox 1622 2224 1746 2287; x_wconf 84' lang='grc' dir='ltr'>τοὺς</span> <span class='ocrx_word' id='word_1_178' title='bbox 1768 2222 1878 2278; x_wconf 85' lang='grc' dir='ltr'><strong>τῶν</strong></span> <span class='ocrx_word' id='word_1_179' title='bbox 1899 2224 2042 2296; x_wconf 89' lang='grc' dir='ltr'>Γρα-</span> 
     </span>
    </p>
   </div>
   <div class='ocr_carea' id='block_1_25' title="bbox 463 2312 2038 2385">
    <p class='ocr_par' dir='ltr' id='par_1_25' title="bbox 463 2312 2038 2385">
     <span class='ocr_line' id='line_1_25' title="bbox 463 2312 2038 2385; baseline 0.003 -21"><span class='ocrx_word' id='word_1_180' title='bbox 463 2312 601 2380; x_wconf 66' lang='grc' dir='ltr'>ςῶν,</span> <span class='ocrx_word' id='word_1_181' title='bbox 628 2315 708 2377; x_wconf 85' lang='grc' dir='ltr'><strong>είς</strong></span> <span class='ocrx_word' id='word_1_182' title='bbox 733 2312 832 2384; x_wconf 77' lang='grc' dir='ltr'>τὴν</span> <span class='ocrx_word' id='word_1_183' title='bbox 860 2314 1084 2385; x_wconf 83' lang='grc' dir='ltr'>καρδίαν</span> <span class='ocrx_word' id='word_1_184' title='bbox 1117 2313 1501 2385; x_wconf 66' lang='grc' dir='ltr'>ἀππιθώμεθα</span> <span class='ocrx_word' id='word_1_185' title='bbox 1532 2314 1752 2378; x_wconf 79' lang='grc' dir='ltr'>αὐτοὺς,</span> <span class='ocrx_word' id='word_1_186' title='bbox 1785 2316 1880 2368; x_wconf 79' lang='grc' dir='ltr'>καὶ</span> <span class='ocrx_word' id='word_1_187' title='bbox 1915 2315 2038 2382; x_wconf 77' lang='grc' dir='ltr'>κατ’</span> 
     </span>
    </p>
   </div>
   <div class='ocr_carea' id='block_1_26' title="bbox 459 2403 2037 2477">
    <p class='ocr_par' dir='ltr' id='par_1_26' title="bbox 459 2403 2037 2477">
     <span class='ocr_line' id='line_1_26' title="bbox 459 2403 2037 2477; baseline 0.001 -20"><span class='ocrx_word' id='word_1_188' title='bbox 459 2403 656 2467; x_wconf 76' lang='grc' dir='ltr'>αὐτοὺς</span> <span class='ocrx_word' id='word_1_189' title='bbox 678 2404 1027 2475; x_wconf 87' lang='grc' dir='ltr'>πειραθῶμεν</span> <span class='ocrx_word' id='word_1_190' title='bbox 1051 2404 1170 2477; x_wconf 74' lang='grc' dir='ltr'>ζῇν,</span> <span class='ocrx_word' id='word_1_191' title='bbox 1194 2407 1281 2460; x_wconf 84' lang='grc' dir='ltr'>ἵνα</span> <span class='ocrx_word' id='word_1_192' title='bbox 1303 2405 1620 2477; x_wconf 77' lang='grc' dir='ltr'>δυνηθῶμεν</span> <span class='ocrx_word' id='word_1_193' title='bbox 1640 2405 1747 2477; x_wconf 83' lang='grc' dir='ltr'>πρὸ</span> <span class='ocrx_word' id='word_1_194' title='bbox 1778 2406 1878 2474; x_wconf 78' lang='grc' dir='ltr'>τῆς</span> <span class='ocrx_word' id='word_1_195' title='bbox 1910 2405 2037 2473; x_wconf 82' lang='grc' dir='ltr'><strong>ὲξό-</strong></span> 
     </span>
    </p>
   </div>
   <div class='ocr_carea' id='block_1_27' title="bbox 457 2494 2036 2569">
    <p class='ocr_par' dir='ltr' id='par_1_27' title="bbox 457 2494 2036 2569">
     <span class='ocr_line' id='line_1_27' title="bbox 457 2494 2036 2569; baseline 0.003 -22"><span class='ocrx_word' id='word_1_196' title='bbox 457 2494 550 2548; x_wconf 81' lang='grc' dir='ltr'><strong>δου</strong></span> <span class='ocrx_word' id='word_1_197' title='bbox 589 2495 821 2567; x_wconf 73' lang='grc' dir='ltr'>καθαρεὶ</span> <span class='ocrx_word' id='word_1_198' title='bbox 844 2497 1119 2565; x_wconf 83' lang='grc' dir='ltr'>γενέσθαι.</span> <span class='ocrx_word' id='word_1_199' title='bbox 1153 2498 1248 2551; x_wconf 76' lang='grc' dir='ltr'><strong>καὶ</strong></span> <span class='ocrx_word' id='word_1_200' title='bbox 1276 2499 1664 2569; x_wconf 84' lang='grc' dir='ltr'>ἑτοιμάσαντες</span> <span class='ocrx_word' id='word_1_201' title='bbox 1689 2501 1769 2562; x_wconf 84' lang='grc' dir='ltr'><strong>είς</strong></span> <span class='ocrx_word' id='word_1_202' title='bbox 1793 2497 1892 2569; x_wconf 81' lang='grc' dir='ltr'>τὴν</span> <span class='ocrx_word' id='word_1_203' title='bbox 1920 2498 2036 2566; x_wconf 71' lang='grc' dir='ltr'><strong>ἔξο-</strong></span> 
     </span>
    </p>
   </div>
   <div class='ocr_carea' id='block_1_28' title="bbox 455 2582 2039 2658">
    <p class='ocr_par' dir='ltr' id='par_1_28' title="bbox 455 2582 2039 2658">
     <span class='ocr_line' id='line_1_28' title="bbox 455 2582 2039 2658; baseline 0.003 -22"><span class='ocrx_word' id='word_1_204' title='bbox 455 2582 546 2636; x_wconf 84' lang='grc' dir='ltr'><strong>ὂον</strong></span> <span class='ocrx_word' id='word_1_205' title='bbox 577 2583 648 2638; x_wconf 87' lang='grc' dir='ltr'><strong>τά</strong></span> <span class='ocrx_word' id='word_1_206' title='bbox 671 2584 809 2657; x_wconf 77' lang='grc' dir='ltr'>ἔργα</span> <span class='ocrx_word' id='word_1_207' title='bbox 838 2586 1333 2658; x_wconf 80' lang='grc' dir='ltr'>ήμῶν,ἐξελθόντες</span> <span class='ocrx_word' id='word_1_208' title='bbox 1362 2590 1419 2641; x_wconf 78' lang='grc' dir='ltr'>ὲν</span> <span class='ocrx_word' id='word_1_209' title='bbox 1455 2589 1638 2652; x_wconf 82' lang='grc' dir='ltr'>αὐτοῖς</span> <span class='ocrx_word' id='word_1_210' title='bbox 1665 2591 1777 2653; x_wconf 87' lang='grc' dir='ltr'>τοῖς</span> <span class='ocrx_word' id='word_1_211' title='bbox 1816 2588 2039 2658; x_wconf 82' lang='grc' dir='ltr'>ἀγαθοῖς</span> 
     </span>
    </p>
   </div>
   <div class='ocr_carea' id='block_1_29' title="bbox 2157 575 3734 650">
    <p class='ocr_par' dir='ltr' id='par_1_29' title="bbox 2157 575 3734 650">
     <span class='ocr_line' id='line_1_29' title="bbox 2157 575 3734 650; baseline 0.002 -21"><span class='ocrx_word' id='word_1_212' title='bbox 2157 590 2379 629; x_wconf 82' lang='lat' dir='ltr'><strong>rursum</strong></span> <span class='ocrx_word' id='word_1_213' title='bbox 2426 575 2493 630; x_wconf 86' lang='lat' dir='ltr'><strong>ad</strong></span> <span class='ocrx_word' id='word_1_214' title='bbox 2529 575 2732 631; x_wconf 80' lang='lat' dir='ltr'><strong>scelera</strong></span> <span class='ocrx_word' id='word_1_215' title='bbox 2774 591 3069 632; x_wconf 88' lang='lat' dir='ltr'><strong>conversus</strong></span> <span class='ocrx_word' id='word_1_216' title='bbox 3105 587 3215 643; x_wconf 86' lang='lat' dir='ltr'><strong>est,</strong></span> <span class='ocrx_word' id='word_1_217' title='bbox 3263 579 3503 635; x_wconf 83' lang='lat' dir='ltr'><strong>cruciatu</strong></span> <span class='ocrx_word' id='word_1_218' title='bbox 3536 593 3734 650; x_wconf 84' lang='lat' dir='ltr'><strong>purge-</strong></span> 
     </span>
    </p>
   </div>
   <div class='ocr_carea' id='block_1_30' title="bbox 2158 665 3734 739">
    <p class='ocr_par' dir='ltr' id='par_1_30' title="bbox 2158 665 3734 739">
     <span class='ocr_line' id='line_1_30' title="bbox 2158 665 3734 739; baseline 0.004 -20"><span class='ocrx_word' id='word_1_219' title='bbox 2158 674 2248 720; x_wconf 88' lang='lat' dir='ltr'><strong>tur</strong></span> <span class='ocrx_word' id='word_1_220' title='bbox 2278 665 2536 721; x_wconf 85' lang='lat' dir='ltr'><strong>incendii.</strong></span> <span class='ocrx_word' id='word_1_221' title='bbox 2573 665 2774 723; x_wconf 84' lang='lat' dir='ltr'><strong>Beatus</strong></span> <span class='ocrx_word' id='word_1_222' title='bbox 2800 667 2894 737; x_wconf 92' lang='lat' dir='ltr'><strong>qui</strong></span> <span class='ocrx_word' id='word_1_223' title='bbox 2931 668 3204 723; x_wconf 91' lang='lat' dir='ltr'><strong>lavacrum</strong></span> <span class='ocrx_word' id='word_1_224' title='bbox 3246 670 3455 739; x_wconf 85' lang='lat' dir='ltr'><strong>accepit</strong></span> <span class='ocrx_word' id='word_1_225' title='bbox 3495 668 3734 739; x_wconf 77' lang='lat' dir='ltr'><strong>Spiritus</strong></span> 
     </span>
    </p>
   </div>
   <div class='ocr_carea' id='block_1_31' title="bbox 2156 756 3731 832">
    <p class='ocr_par' dir='ltr' id='par_1_31' title="bbox 2156 756 3731 832">
     <span class='ocr_line' id='line_1_31' title="bbox 2156 756 3731 832; baseline 0.003 -20"><span class='ocrx_word' id='word_1_226' title='bbox 2156 757 2353 823; x_wconf 85' lang='lat' dir='ltr'><strong>sancti,</strong></span> <span class='ocrx_word' id='word_1_227' title='bbox 2385 764 2441 812; x_wconf 90' lang='lat' dir='ltr'><strong>et</strong></span> <span class='ocrx_word' id='word_1_228' title='bbox 2468 756 2611 828; x_wconf 90' lang='lat' dir='ltr'><strong>ignis</strong></span> <span class='ocrx_word' id='word_1_229' title='bbox 2646 758 2864 814; x_wconf 83' lang='lat' dir='ltr'><strong>lavacro</strong></span> <span class='ocrx_word' id='word_1_230' title='bbox 2892 774 3000 814; x_wconf 90' lang='lat' dir='ltr'><strong>non</strong></span> <span class='ocrx_word' id='word_1_231' title='bbox 3029 759 3249 832; x_wconf 79' lang='lat' dir='ltr'><strong>indiget.</strong></span> <span class='ocrx_word' id='word_1_232' title='bbox 3288 760 3612 819; x_wconf 77' lang='lat' dir='ltr'><strong>Miserabilis</strong></span> <span class='ocrx_word' id='word_1_233' title='bbox 3632 778 3731 818; x_wconf 87' lang='lat' dir='ltr'><strong>au-</strong></span> 
     </span>
    </p>
   </div>
   <div class='ocr_carea' id='block_1_32' title="bbox 2156 848 3732 924">
    <p class='ocr_par' dir='ltr' id='par_1_32' title="bbox 2156 848 3732 924">
     <span class='ocr_line' id='line_1_32' title="bbox 2156 848 3732 924; baseline 0.004 -22"><span class='ocrx_word' id='word_1_234' title='bbox 2156 856 2263 902; x_wconf 87' lang='lat' dir='ltr'><strong>tem</strong></span> <span class='ocrx_word' id='word_1_235' title='bbox 2288 856 2345 903; x_wconf 91' lang='lat' dir='ltr'><strong>et</strong></span> <span class='ocrx_word' id='word_1_236' title='bbox 2367 848 2522 903; x_wconf 87' lang='lat' dir='ltr'><strong>omni</strong></span> <span class='ocrx_word' id='word_1_237' title='bbox 2542 848 2670 903; x_wconf 83' lang='lat' dir='ltr'><strong>ﬂetu</strong></span> <span class='ocrx_word' id='word_1_238' title='bbox 2705 849 2903 920; x_wconf 84' lang='lat' dir='ltr'><strong>dignus</strong></span> <span class='ocrx_word' id='word_1_239' title='bbox 2923 889 2939 915; x_wconf 92' lang='lat'><strong>,</strong></span> <span class='ocrx_word' id='word_1_240' title='bbox 2973 854 3066 919; x_wconf 85' lang='lat' dir='ltr'><strong>qui</strong></span> <span class='ocrx_word' id='word_1_241' title='bbox 3093 852 3234 922; x_wconf 86' lang='lat' dir='ltr'><strong>(post</strong></span> <span class='ocrx_word' id='word_1_242' title='bbox 3252 852 3530 907; x_wconf 83' lang='lat' dir='ltr'><strong>lavacrum</strong></span> <span class='ocrx_word' id='word_1_243' title='bbox 3560 853 3732 924; x_wconf 81' lang='lat' dir='ltr'><strong>Spiri-</strong></span> 
     </span>
    </p>
   </div>
   <div class='ocr_carea' id='block_1_33' title="bbox 2153 938 3730 1013">
    <p class='ocr_par' dir='ltr' id='par_1_33' title="bbox 2153 938 3730 1013">
     <span class='ocr_line' id='line_1_33' title="bbox 2153 938 3730 1013; baseline 0.004 -20"><span class='ocrx_word' id='word_1_244' title='bbox 2153 938 2268 1011; x_wconf 86' lang='lat' dir='ltr'><strong>tus)</strong></span> <span class='ocrx_word' id='word_1_245' title='bbox 2296 938 2660 1009; x_wconf 79' lang='lat' dir='ltr'><strong>baptizandus</strong></span> <span class='ocrx_word' id='word_1_246' title='bbox 2685 948 2771 996; x_wconf 88' lang='lat' dir='ltr'><strong>est</strong></span> <span class='ocrx_word' id='word_1_247' title='bbox 2799 941 2931 1013; x_wconf 90' lang='lat' dir='ltr'><strong>igni.</strong></span> <span class='ocrx_word' id='word_1_248' title='bbox 2950 940 3255 1012; x_wconf 87' lang='lat' dir='ltr'><strong>Utrumque</strong></span> <span class='ocrx_word' id='word_1_249' title='bbox 3279 943 3546 1013; x_wconf 85' lang='lat' dir='ltr'><strong>siquidem</strong></span> <span class='ocrx_word' id='word_1_250' title='bbox 3569 943 3730 1000; x_wconf 85' lang='lat' dir='ltr'><strong>habet</strong></span> 
     </span>
    </p>
   </div>
   <div class='ocr_carea' id='block_1_34' title="bbox 2153 1029 3727 1105">
    <p class='ocr_par' dir='ltr' id='par_1_34' title="bbox 2153 1029 3727 1105">
     <span class='ocr_line' id='line_1_34' title="bbox 2153 1029 3727 1105; baseline 0.003 -21"><span class='ocrx_word' id='word_1_251' title='bbox 2153 1030 2426 1100; x_wconf 83' lang='lat' dir='ltr'><strong>baptisma</strong></span> <span class='ocrx_word' id='word_1_252' title='bbox 2478 1029 2638 1087; x_wconf 81' lang='lat' dir='ltr'><strong>Jcsus</strong></span> <span class='ocrx_word' id='word_1_253' title='bbox 2683 1050 2697 1086; x_wconf 90' lang='lat'><strong>:</strong></span> <span class='ocrx_word' id='word_1_254' title='bbox 2752 1031 2901 1087; x_wconf 73' lang='lat' dir='ltr'><strong>Exiit</strong></span> <span class='ocrx_word' id='word_1_255' title='bbox 2964 1049 3194 1104; x_wconf 79' lang='lat' dir='ltr'><strong>namque</strong></span> <span class='ocrx_word' id='word_1_256' title='bbox 3242 1034 3386 1105; x_wconf 77' lang='lat' dir='ltr'><strong>virga</strong></span> <span class='ocrx_word' id='word_1_257' title='bbox 3437 1033 3501 1087; x_wconf 87' lang='lat' dir='ltr'><strong>de</strong></span> <span class='ocrx_word' id='word_1_258' title='bbox 3551 1034 3727 1090; x_wconf 77' lang='lat' dir='ltr'><strong>radice</strong></span> 
     </span>
    </p>
   </div>
   <div class='ocr_carea' id='block_1_35' title="bbox 2153 1120 3727 1198">
    <p class='ocr_par' dir='ltr' id='par_1_35' title="bbox 2153 1120 3727 1198">
     <span class='ocr_line' id='line_1_35' title="bbox 2153 1120 3727 1198; baseline 0.003 -22"><span class='ocrx_word' id='word_1_259' title='bbox 2153 1120 2322 1188; x_wconf 72' lang='lat' dir='ltr'><strong>Iesse,</strong></span> <span class='ocrx_word' id='word_1_260' title='bbox 2346 1132 2396 1178; x_wconf 86' lang='lat' dir='ltr'><strong>et</strong></span> <span class='ocrx_word' id='word_1_261' title='bbox 2420 1123 2520 1192; x_wconf 78' lang='lat' dir='ltr'><strong>ﬂos</strong></span> <span class='ocrx_word' id='word_1_262' title='bbox 2545 1124 2611 1177; x_wconf 87' lang='lat' dir='ltr'><strong>de</strong></span> <span class='ocrx_word' id='word_1_263' title='bbox 2636 1125 2816 1179; x_wconf 80' lang='lat' dir='ltr'><strong>radice</strong></span> <span class='ocrx_word' id='word_1_264' title='bbox 2844 1141 2958 1194; x_wconf 64' lang='lat' dir='ltr'><strong>ejus</strong></span> <span class='ocrx_word' id='word_1_265' title='bbox 2982 1127 3218 1180; x_wconf 78' lang='lat' dir='ltr'><strong>ascendit</strong></span> <span class='ocrx_word' id='word_1_266' title='bbox 3247 1126 3326 1193; x_wconf 76' lang='lat'><strong>&#39;°;</strong></span> <span class='ocrx_word' id='word_1_267' title='bbox 3357 1126 3506 1198; x_wconf 85' lang='lat' dir='ltr'><strong>virga</strong></span> <span class='ocrx_word' id='word_1_268' title='bbox 3532 1141 3727 1196; x_wconf 86' lang='lat' dir='ltr'><strong>pecca-</strong></span> 
     </span>
    </p>
   </div>
   <div class='ocr_carea' id='block_1_36' title="bbox 2152 1214 3726 1290">
    <p class='ocr_par' dir='ltr' id='par_1_36' title="bbox 2152 1214 3726 1290">
     <span class='ocr_line' id='line_1_36' title="bbox 2152 1214 3726 1290; baseline 0.002 -18"><span class='ocrx_word' id='word_1_269' title='bbox 2152 1214 2389 1281; x_wconf 84' lang='lat' dir='ltr'><strong>toribus,</strong></span> <span class='ocrx_word' id='word_1_270' title='bbox 2416 1214 2518 1271; x_wconf 81' lang='lat' dir='ltr'><strong>ﬂos</strong></span> <span class='ocrx_word' id='word_1_271' title='bbox 2545 1216 2743 1286; x_wconf 71' lang='lat' dir='ltr'><strong>iustis.</strong></span> <span class='ocrx_word' id='word_1_272' title='bbox 2764 1216 2855 1274; x_wconf 87' lang='lat' dir='ltr'><strong>Sic</strong></span> <span class='ocrx_word' id='word_1_273' title='bbox 2882 1217 3029 1274; x_wconf 85' lang='lat' dir='ltr'><strong>Deus</strong></span> <span class='ocrx_word' id='word_1_274' title='bbox 3047 1229 3102 1274; x_wconf 90' lang='lat' dir='ltr'><strong>et</strong></span> <span class='ocrx_word' id='word_1_275' title='bbox 3125 1219 3268 1290; x_wconf 82' lang='lat' dir='ltr'><strong>ignis</strong></span> <span class='ocrx_word' id='word_1_276' title='bbox 3298 1233 3628 1275; x_wconf 83' lang='lat' dir='ltr'><strong>consumens</strong></span> <span class='ocrx_word' id='word_1_277' title='bbox 3660 1218 3726 1285; x_wconf 79' lang='lat'><strong>“,</strong></span> 
     </span>
    </p>
   </div>
   <div class='ocr_carea' id='block_1_37' title="bbox 2152 1307 3725 1380">
    <p class='ocr_par' dir='ltr' id='par_1_37' title="bbox 2152 1307 3725 1380">
     <span class='ocr_line' id='line_1_37' title="bbox 2152 1307 3725 1380; baseline -0.001 -16"><span class='ocrx_word' id='word_1_278' title='bbox 2152 1317 2209 1364; x_wconf 89' lang='lat' dir='ltr'><strong>et</strong></span> <span class='ocrx_word' id='word_1_279' title='bbox 2242 1307 2428 1364; x_wconf 80' lang='lat' dir='ltr'><strong>lumen</strong></span> <span class='ocrx_word' id='word_1_280' title='bbox 2462 1307 2517 1362; x_wconf 88' lang='lat' dir='ltr'><strong>in</strong></span> <span class='ocrx_word' id='word_1_281' title='bbox 2556 1307 2853 1377; x_wconf 86' lang='lat' dir='ltr'><strong>Scripturis</strong></span> <span class='ocrx_word' id='word_1_282' title='bbox 2879 1309 3117 1378; x_wconf 89' lang='lat' dir='ltr'><strong>dicitur,</strong></span> <span class='ocrx_word' id='word_1_283' title='bbox 3159 1310 3302 1380; x_wconf 88' lang='lat' dir='ltr'><strong>ignis</strong></span> <span class='ocrx_word' id='word_1_284' title='bbox 3328 1311 3725 1379; x_wconf 83' lang='lat' dir='ltr'><strong>peccatoribus,</strong></span> 
     </span>
    </p>
   </div>
   <div class='ocr_carea' id='block_1_38' title="bbox 2152 1401 3728 1475">
    <p class='ocr_par' dir='ltr' id='par_1_38' title="bbox 2152 1401 3728 1475">
     <span class='ocr_line' id='line_1_38' title="bbox 2152 1401 3728 1475; baseline 0.001 -20"><span class='ocrx_word' id='word_1_285' title='bbox 2152 1401 2336 1457; x_wconf 82' lang='lat' dir='ltr'><strong>lumen</strong></span> <span class='ocrx_word' id='word_1_286' title='bbox 2363 1402 2592 1469; x_wconf 82' lang='lat' dir='ltr'><strong>sanctis,</strong></span> <span class='ocrx_word' id='word_1_287' title='bbox 2628 1413 2682 1458; x_wconf 86' lang='lat' dir='ltr'><strong>et</strong></span> <span class='ocrx_word' id='word_1_288' title='bbox 2705 1422 2720 1458; x_wconf 90' lang='lat'><strong>:</strong></span> <span class='ocrx_word' id='word_1_289' title='bbox 2749 1402 2946 1458; x_wconf 86' lang='lat' dir='ltr'><strong>Beatus</strong></span> <span class='ocrx_word' id='word_1_290' title='bbox 2967 1405 3057 1475; x_wconf 85' lang='lat' dir='ltr'><strong>qui</strong></span> <span class='ocrx_word' id='word_1_291' title='bbox 3077 1402 3227 1458; x_wconf 79' lang='lat' dir='ltr'><strong>habet</strong></span> <span class='ocrx_word' id='word_1_292' title='bbox 3247 1415 3451 1474; x_wconf 86' lang='lat' dir='ltr'><strong>partem</strong></span> <span class='ocrx_word' id='word_1_293' title='bbox 3476 1405 3530 1457; x_wconf 85' lang='lat' dir='ltr'><strong>in</strong></span> <span class='ocrx_word' id='word_1_294' title='bbox 3552 1420 3728 1458; x_wconf 81' lang='lat' dir='ltr'><strong>resur-</strong></span> 
     </span>
    </p>
   </div>
   <div class='ocr_carea' id='block_1_39' title="bbox 2153 1490 3726 1562">
    <p class='ocr_par' dir='ltr' id='par_1_39' title="bbox 2153 1490 3726 1562">
     <span class='ocr_line' id='line_1_39' title="bbox 2153 1490 3726 1562; baseline 0.002 -19"><span class='ocrx_word' id='word_1_295' title='bbox 2153 1492 2385 1545; x_wconf 85' lang='lat' dir='ltr'><strong>rectione</strong></span> <span class='ocrx_word' id='word_1_296' title='bbox 2421 1493 2595 1561; x_wconf 83' lang='lat' dir='ltr'><strong>prima</strong></span> <span class='ocrx_word' id='word_1_297' title='bbox 2621 1493 2687 1546; x_wconf 70' lang='grc'><strong>⁸³.</strong></span> <span class='ocrx_word' id='word_1_298' title='bbox 2724 1490 2780 1546; x_wconf 88' lang='lat' dir='ltr'><strong>Si</strong></span> <span class='ocrx_word' id='word_1_299' title='bbox 2807 1492 2931 1562; x_wconf 90' lang='lat' dir='ltr'><strong>quis</strong></span> <span class='ocrx_word' id='word_1_300' title='bbox 2952 1492 3249 1549; x_wconf 76' lang='lat' dir='ltr'><strong>servaverit</strong></span> <span class='ocrx_word' id='word_1_301' title='bbox 3283 1493 3561 1549; x_wconf 80' lang='lat' dir='ltr'><strong>lavacrum</strong></span> <span class='ocrx_word' id='word_1_302' title='bbox 3599 1491 3726 1562; x_wconf 87' lang='lat' dir='ltr'><strong>Spi-</strong></span> 
     </span>
    </p>
   </div>
   <div class='ocr_carea' id='block_1_40' title="bbox 2152 1583 3726 1656">
    <p class='ocr_par' dir='ltr' id='par_1_40' title="bbox 2152 1583 3726 1656">
     <span class='ocr_line' id='line_1_40' title="bbox 2152 1583 3726 1656; baseline 0.001 -19"><span class='ocrx_word' id='word_1_303' title='bbox 2152 1583 2292 1638; x_wconf 90' lang='lat' dir='ltr'><strong>ritus</strong></span> <span class='ocrx_word' id='word_1_304' title='bbox 2341 1584 2538 1650; x_wconf 81' lang='lat' dir='ltr'><strong>sancti,</strong></span> <span class='ocrx_word' id='word_1_305' title='bbox 2585 1583 2689 1640; x_wconf 82' lang='lat' dir='ltr'><strong>iste</strong></span> <span class='ocrx_word' id='word_1_306' title='bbox 2747 1584 2807 1639; x_wconf 86' lang='lat' dir='ltr'><strong>in</strong></span> <span class='ocrx_word' id='word_1_307' title='bbox 2854 1585 3270 1641; x_wconf 80' lang='lat' dir='ltr'><strong>resurrectionis</strong></span> <span class='ocrx_word' id='word_1_308' title='bbox 3331 1585 3521 1656; x_wconf 73' lang='lat' dir='ltr'><strong>primae</strong></span> <span class='ocrx_word' id='word_1_309' title='bbox 3572 1594 3726 1653; x_wconf 87' lang='lat' dir='ltr'><strong>parte</strong></span> 
     </span>
    </p>
   </div>
   <div class='ocr_carea' id='block_1_41' title="bbox 2152 1674 3725 1745">
    <p class='ocr_par' dir='ltr' id='par_1_41' title="bbox 2152 1674 3725 1745">
     <span class='ocr_line' id='line_1_41' title="bbox 2152 1674 3725 1745; baseline 0.001 -16"><span class='ocrx_word' id='word_1_310' title='bbox 2152 1674 2543 1730; x_wconf 88' lang='lat' dir='ltr'><strong>communicat.</strong></span> <span class='ocrx_word' id='word_1_311' title='bbox 2587 1674 2643 1729; x_wconf 88' lang='lat' dir='ltr'><strong>Si</strong></span> <span class='ocrx_word' id='word_1_312' title='bbox 2673 1676 2801 1745; x_wconf 85' lang='lat' dir='ltr'><strong>quis</strong></span> <span class='ocrx_word' id='word_1_313' title='bbox 2826 1691 2955 1731; x_wconf 86' lang='lat' dir='ltr'><strong>vero</strong></span> <span class='ocrx_word' id='word_1_314' title='bbox 2977 1677 3029 1730; x_wconf 91' lang='lat' dir='ltr'><strong>in</strong></span> <span class='ocrx_word' id='word_1_315' title='bbox 3058 1678 3301 1734; x_wconf 87' lang='lat' dir='ltr'><strong>secunda</strong></span> <span class='ocrx_word' id='word_1_316' title='bbox 3327 1675 3725 1731; x_wconf 85' lang='lat' dir='ltr'><strong>resurrectione</strong></span> 
     </span>
    </p>
   </div>
   <div class='ocr_carea' id='block_1_42' title="bbox 2152 1765 3724 1839">
    <p class='ocr_par' dir='ltr' id='par_1_42' title="bbox 2152 1765 3724 1839">
     <span class='ocr_line' id='line_1_42' title="bbox 2152 1765 3724 1839; baseline 0.001 -19"><span class='ocrx_word' id='word_1_317' title='bbox 2152 1773 2433 1829; x_wconf 72' lang='lat' dir='ltr'><strong>servatur,</strong></span> <span class='ocrx_word' id='word_1_318' title='bbox 2469 1765 2570 1821; x_wconf 89' lang='lat' dir='ltr'><strong>iste</strong></span> <span class='ocrx_word' id='word_1_319' title='bbox 2596 1776 2848 1836; x_wconf 84' lang='lat' dir='ltr'><strong>peccator</strong></span> <span class='ocrx_word' id='word_1_320' title='bbox 2884 1776 2985 1831; x_wconf 87' lang='lat' dir='ltr'><strong>est,</strong></span> <span class='ocrx_word' id='word_1_321' title='bbox 3016 1771 3110 1837; x_wconf 80' lang='lat' dir='ltr'><strong>qui</strong></span> <span class='ocrx_word' id='word_1_322' title='bbox 3146 1769 3288 1838; x_wconf 84' lang='lat' dir='ltr'><strong>ignis</strong></span> <span class='ocrx_word' id='word_1_323' title='bbox 3321 1769 3521 1839; x_wconf 79' lang='lat' dir='ltr'><strong>indiget</strong></span> <span class='ocrx_word' id='word_1_324' title='bbox 3548 1768 3724 1838; x_wconf 80' lang='lat' dir='ltr'><strong>bapti-</strong></span> 
     </span>
    </p>
   </div>
   <div class='ocr_carea' id='block_1_43' title="bbox 2150 1854 3722 1928">
    <p class='ocr_par' dir='ltr' id='par_1_43' title="bbox 2150 1854 3722 1928">
     <span class='ocr_line' id='line_1_43' title="bbox 2150 1854 3722 1928; baseline 0.002 -18"><span class='ocrx_word' id='word_1_325' title='bbox 2150 1872 2292 1922; x_wconf 90' lang='lat' dir='ltr'><strong>smo,</strong></span> <span class='ocrx_word' id='word_1_326' title='bbox 2319 1854 2414 1926; x_wconf 88' lang='lat' dir='ltr'><strong>qui</strong></span> <span class='ocrx_word' id='word_1_327' title='bbox 2441 1856 2822 1912; x_wconf 79' lang='lat' dir='ltr'><strong>combustinne</strong></span> <span class='ocrx_word' id='word_1_328' title='bbox 2841 1866 3122 1928; x_wconf 76' lang='lat' dir='ltr'><strong>purgatur,</strong></span> <span class='ocrx_word' id='word_1_329' title='bbox 3153 1868 3206 1913; x_wconf 89' lang='lat' dir='ltr'><strong>ut</strong></span> <span class='ocrx_word' id='word_1_330' title='bbox 3231 1859 3495 1928; x_wconf 89' lang='lat' dir='ltr'><strong>quidquid</strong></span> <span class='ocrx_word' id='word_1_331' title='bbox 3516 1858 3722 1913; x_wconf 78' lang='lat' dir='ltr'><strong>habue-</strong></span> 
     </span>
    </p>
   </div>
   <div class='ocr_carea' id='block_1_44' title="bbox 2146 1946 3719 2018">
    <p class='ocr_par' dir='ltr' id='par_1_44' title="bbox 2146 1946 3719 2018">
     <span class='ocr_line' id='line_1_44' title="bbox 2146 1946 3719 2018; baseline -0.001 -14"><span class='ocrx_word' id='word_1_332' title='bbox 2146 1949 2219 2004; x_wconf 91' lang='lat' dir='ltr'><strong>rit</strong></span> <span class='ocrx_word' id='word_1_333' title='bbox 2261 1948 2570 2018; x_wconf 89' lang='lat' dir='ltr'><strong>lignorum,</strong></span> <span class='ocrx_word' id='word_1_334' title='bbox 2627 1946 2735 2003; x_wconf 87' lang='lat' dir='ltr'><strong>feni</strong></span> <span class='ocrx_word' id='word_1_335' title='bbox 2789 1956 2842 2002; x_wconf 93' lang='lat' dir='ltr'><strong>ct</strong></span> <span class='ocrx_word' id='word_1_336' title='bbox 2889 1948 3102 2017; x_wconf 77' lang='lat' dir='ltr'><strong>stipulae</strong></span> <span class='ocrx_word' id='word_1_337' title='bbox 3132 1989 3148 2015; x_wconf 95' lang='lat'><strong>,</strong></span> <span class='ocrx_word' id='word_1_338' title='bbox 3211 1948 3354 2018; x_wconf 76' lang='lat' dir='ltr'><strong>ignis</strong></span> <span class='ocrx_word' id='word_1_339' title='bbox 3413 1957 3719 2003; x_wconf 86' lang='lat' dir='ltr'><strong>consumat.</strong></span> 
     </span>
    </p>
   </div>
   <div class='ocr_carea' id='block_1_45' title="bbox 2144 2038 3724 2110">
    <p class='ocr_par' dir='ltr' id='par_1_45' title="bbox 2144 2038 3724 2110">
     <span class='ocr_line' id='line_1_45' title="bbox 2144 2038 3724 2110; baseline 0.002 -17"><span class='ocrx_word' id='word_1_340' title='bbox 2144 2038 2511 2106; x_wconf 84' lang='lat' dir='ltr'><strong>Quamobrem</strong></span> <span class='ocrx_word' id='word_1_341' title='bbox 2537 2055 2661 2095; x_wconf 87' lang='lat' dir='ltr'><strong>cum</strong></span> <span class='ocrx_word' id='word_1_342' title='bbox 2699 2039 2984 2110; x_wconf 86' lang='lat' dir='ltr'><strong>taliapost</strong></span> <span class='ocrx_word' id='word_1_343' title='bbox 3028 2049 3255 2094; x_wconf 84' lang='lat' dir='ltr'><strong>mortem</strong></span> <span class='ocrx_word' id='word_1_344' title='bbox 3293 2038 3451 2095; x_wconf 89' lang='lat' dir='ltr'><strong>nobis</strong></span> <span class='ocrx_word' id='word_1_345' title='bbox 3483 2039 3724 2096; x_wconf 84' lang='lat' dir='ltr'><strong>residere</strong></span> 
     </span>
    </p>
   </div>
   <div class='ocr_carea' id='block_1_46' title="bbox 2142 2130 3720 2204">
    <p class='ocr_par' dir='ltr' id='par_1_46' title="bbox 2142 2130 3720 2204">
     <span class='ocr_line' id='line_1_46' title="bbox 2142 2130 3720 2204; baseline 0.002 -19"><span class='ocrx_word' id='word_1_346' title='bbox 2142 2131 2443 2198; x_wconf 83' lang='lat' dir='ltr'><strong>videamus,</strong></span> <span class='ocrx_word' id='word_1_347' title='bbox 2493 2130 2807 2202; x_wconf 87' lang='lat' dir='ltr'><strong>Scripturas</strong></span> <span class='ocrx_word' id='word_1_348' title='bbox 2862 2133 3149 2204; x_wconf 77' lang='lat' dir='ltr'><strong>diligenter</strong></span> <span class='ocrx_word' id='word_1_349' title='bbox 3194 2132 3360 2188; x_wconf 88' lang='lat' dir='ltr'><strong>simul</strong></span> <span class='ocrx_word' id='word_1_350' title='bbox 3406 2133 3720 2197; x_wconf 86' lang='lat' dir='ltr'><strong>recitantes,</strong></span> 
     </span>
    </p>
   </div>
   <div class='ocr_carea' id='block_1_47' title="bbox 2143 2224 3720 2295">
    <p class='ocr_par' dir='ltr' id='par_1_47' title="bbox 2143 2224 3720 2295">
     <span class='ocr_line' id='line_1_47' title="bbox 2143 2224 3720 2295; baseline -0.001 -16"><span class='ocrx_word' id='word_1_351' title='bbox 2143 2239 2473 2292; x_wconf 88' lang='lat' dir='ltr'><strong>reponamus</strong></span> <span class='ocrx_word' id='word_1_352' title='bbox 2498 2240 2593 2280; x_wconf 89' lang='lat' dir='ltr'><strong>eas</strong></span> <span class='ocrx_word' id='word_1_353' title='bbox 2629 2226 2682 2280; x_wconf 92' lang='lat' dir='ltr'><strong>in</strong></span> <span class='ocrx_word' id='word_1_354' title='bbox 2712 2226 2973 2282; x_wconf 86' lang='lat' dir='ltr'><strong>cordibus</strong></span> <span class='ocrx_word' id='word_1_355' title='bbox 3007 2225 3230 2291; x_wconf 87' lang='lat' dir='ltr'><strong>nostris,</strong></span> <span class='ocrx_word' id='word_1_356' title='bbox 3263 2235 3317 2281; x_wconf 87' lang='lat' dir='ltr'><strong>et</strong></span> <span class='ocrx_word' id='word_1_357' title='bbox 3349 2224 3507 2295; x_wconf 80' lang='lat' dir='ltr'><strong>juxta</strong></span> <span class='ocrx_word' id='word_1_358' title='bbox 3530 2239 3720 2279; x_wconf 87' lang='lat' dir='ltr'><strong>earum</strong></span> 
     </span>
    </p>
   </div>
   <div class='ocr_carea' id='block_1_48' title="bbox 2141 2316 3717 2387">
    <p class='ocr_par' dir='ltr' id='par_1_48' title="bbox 2141 2316 3717 2387">
     <span class='ocr_line' id='line_1_48' title="bbox 2141 2316 3717 2387; baseline 0 -18"><span class='ocrx_word' id='word_1_359' title='bbox 2141 2316 2617 2387; x_wconf 61' lang='lat' dir='ltr'><strong>vivere-precepts</strong></span> <span class='ocrx_word' id='word_1_360' title='bbox 2652 2317 2914 2384; x_wconf 85' lang='lat' dir='ltr'><strong>nitamur,</strong></span> <span class='ocrx_word' id='word_1_361' title='bbox 2943 2327 3004 2374; x_wconf 93' lang='lat' dir='ltr'><strong>ut</strong></span> <span class='ocrx_word' id='word_1_362' title='bbox 3032 2328 3158 2373; x_wconf 83' lang='lat' dir='ltr'><strong>ante</strong></span> <span class='ocrx_word' id='word_1_363' title='bbox 3183 2317 3523 2374; x_wconf 80' lang='lat' dir='ltr'><strong>cxcessionis</strong></span> <span class='ocrx_word' id='word_1_364' title='bbox 3548 2316 3717 2383; x_wconf 89' lang='lat' dir='ltr'><strong>diem,</strong></span> 
     </span>
    </p>
   </div>
   <div class='ocr_carea' id='block_1_49' title="bbox 2143 2406 3717 2477">
    <p class='ocr_par' dir='ltr' id='par_1_49' title="bbox 2143 2406 3717 2477">
     <span class='ocr_line' id='line_1_49' title="bbox 2143 2406 3717 2477; baseline -0.001 -16"><span class='ocrx_word' id='word_1_365' title='bbox 2143 2406 2191 2461; x_wconf 90' lang='lat' dir='ltr'><strong>si</strong></span> <span class='ocrx_word' id='word_1_366' title='bbox 2219 2406 2333 2461; x_wconf 88' lang='lat' dir='ltr'><strong>tleri</strong></span> <span class='ocrx_word' id='word_1_367' title='bbox 2367 2415 2578 2476; x_wconf 89' lang='lat' dir='ltr'><strong>potest,</strong></span> <span class='ocrx_word' id='word_1_368' title='bbox 2612 2417 2960 2477; x_wconf 84' lang='lat' dir='ltr'><strong>peccatorum</strong></span> <span class='ocrx_word' id='word_1_369' title='bbox 2994 2410 3249 2466; x_wconf 86' lang='lat' dir='ltr'><strong>sordibus</strong></span> <span class='ocrx_word' id='word_1_370' title='bbox 3277 2407 3558 2465; x_wconf 84' lang='lat' dir='ltr'><strong>emundati</strong></span> <span class='ocrx_word' id='word_1_371' title='bbox 3592 2422 3717 2462; x_wconf 91' lang='lat' dir='ltr'><strong>cum</strong></span> 
     </span>
    </p>
   </div>
   <div class='ocr_carea' id='block_1_50' title="bbox 2144 2497 3720 2565">
    <p class='ocr_par' dir='ltr' id='par_1_50' title="bbox 2144 2497 3720 2565">
     <span class='ocr_line' id='line_1_50' title="bbox 2144 2497 3720 2565; baseline 0.001 -13"><span class='ocrx_word' id='word_1_372' title='bbox 2144 2498 2350 2554; x_wconf 90' lang='lat' dir='ltr'><strong>sanctis</strong></span> <span class='ocrx_word' id='word_1_373' title='bbox 2395 2499 2676 2554; x_wconf 84' lang='lat' dir='ltr'><strong>valeamus</strong></span> <span class='ocrx_word' id='word_1_374' title='bbox 2724 2499 2956 2565; x_wconf 87' lang='lat' dir='ltr'><strong>assumi,</strong></span> <span class='ocrx_word' id='word_1_375' title='bbox 3001 2500 3056 2555; x_wconf 91' lang='lat' dir='ltr'><strong>in</strong></span> <span class='ocrx_word' id='word_1_376' title='bbox 3082 2500 3306 2556; x_wconf 81' lang='lat' dir='ltr'><strong>Christo</strong></span> <span class='ocrx_word' id='word_1_377' title='bbox 3339 2499 3493 2565; x_wconf 83' lang='lat' dir='ltr'><strong>Jesu,</strong></span> <span class='ocrx_word' id='word_1_378' title='bbox 3517 2497 3606 2555; x_wconf 91' lang='lat' dir='ltr'><strong>cui</strong></span> <span class='ocrx_word' id='word_1_379' title='bbox 3634 2505 3720 2553; x_wconf 80' lang='lat' dir='ltr'><strong>est</strong></span> 
     </span>
    </p>
   </div>
   <div class='ocr_carea' id='block_1_51' title="bbox 2144 2590 3608 2660">
    <p class='ocr_par' dir='ltr' id='par_1_51' title="bbox 2144 2590 3608 2660">
     <span class='ocr_line' id='line_1_51' title="bbox 2144 2590 3608 2660; baseline -0.001 -16"><span class='ocrx_word' id='word_1_380' title='bbox 2144 2590 2315 2660; x_wconf 86' lang='lat' dir='ltr'><strong>gloria</strong></span> <span class='ocrx_word' id='word_1_381' title='bbox 2344 2600 2399 2645; x_wconf 87' lang='lat' dir='ltr'><strong>et</strong></span> <span class='ocrx_word' id='word_1_382' title='bbox 2422 2590 2712 2660; x_wconf 89' lang='lat' dir='ltr'><strong>imperium</strong></span> <span class='ocrx_word' id='word_1_383' title='bbox 2737 2592 2791 2645; x_wconf 90' lang='lat' dir='ltr'><strong>in</strong></span> <span class='ocrx_word' id='word_1_384' title='bbox 2822 2592 3018 2647; x_wconf 70' lang='lat' dir='ltr'><strong>saecula</strong></span> <span class='ocrx_word' id='word_1_385' title='bbox 3039 2593 3385 2647; x_wconf 67' lang='lat' dir='ltr'><strong>saeculorum.</strong></span> <span class='ocrx_word' id='word_1_386' title='bbox 3415 2592 3608 2645; x_wconf 83' lang='lat' dir='ltr'><strong>Amen.</strong></span> 
     </span>
    </p>
   </div>
   <div class='ocr_carea' id='block_1_52' title="bbox 457 2671 3718 2751">
    <p class='ocr_par' dir='ltr' id='par_1_52' title="bbox 457 2671 3718 2751">
     <span class='ocr_line' id='line_1_52' title="bbox 457 2671 3718 2751; baseline 0.001 -21"><span class='ocrx_word' id='word_1_387' title='bbox 457 2674 902 2747; x_wconf 77' lang='grc' dir='ltr'>παραληφθῆναι,</span> <span class='ocrx_word' id='word_1_388' title='bbox 954 2676 1049 2730; x_wconf 78' lang='grc' dir='ltr'>καὶ</span> <span class='ocrx_word' id='word_1_389' title='bbox 1083 2678 1141 2730; x_wconf 79' lang='grc' dir='ltr'>ὲν</span> <span class='ocrx_word' id='word_1_390' title='bbox 1182 2677 1403 2749; x_wconf 82' lang='grc' dir='ltr'>Χριστῷ</span> <span class='ocrx_word' id='word_1_391' title='bbox 1458 2678 1633 2749; x_wconf 82' lang='grc' dir='ltr'>Ἰησοῦ</span> <span class='ocrx_word' id='word_1_392' title='bbox 1685 2677 1943 2751; x_wconf 81' lang='grc' dir='ltr'>σωθῆναι,</span> <span class='ocrx_word' id='word_1_393' title='bbox 1986 2671 2031 2748; x_wconf 84' lang='grc' dir='ltr'>ᾧ</span> <span class='ocrx_word' id='word_1_394' title='bbox 2068 2678 2216 2735; x_wconf 73' lang='grc' dir='ltr'>ἔστιν</span> <span class='ocrx_word' id='word_1_395' title='bbox 2246 2681 2279 2751; x_wconf 81' lang='grc' dir='ltr'>ἡ</span> <span class='ocrx_word' id='word_1_396' title='bbox 2309 2679 2436 2747; x_wconf 79' lang='grc' dir='ltr'>δόξα</span> <span class='ocrx_word' id='word_1_397' title='bbox 2484 2682 2579 2737; x_wconf 73' lang='grc' dir='ltr'>καὶ</span> <span class='ocrx_word' id='word_1_398' title='bbox 2613 2680 2676 2734; x_wconf 85' lang='grc' dir='ltr'>τὸ</span> <span class='ocrx_word' id='word_1_399' title='bbox 2725 2680 2927 2751; x_wconf 81' lang='grc' dir='ltr'>κράτος</span> <span class='ocrx_word' id='word_1_400' title='bbox 2965 2683 3045 2745; x_wconf 86' lang='grc' dir='ltr'><strong>είς</strong></span> <span class='ocrx_word' id='word_1_401' title='bbox 3079 2681 3170 2735; x_wconf 80' lang='grc' dir='ltr'><strong>τὸν</strong></span> <span class='ocrx_word' id='word_1_402' title='bbox 3211 2681 3385 2736; x_wconf 75' lang='grc' dir='ltr'>αἰῶνα</span> <span class='ocrx_word' id='word_1_403' title='bbox 3421 2679 3532 2734; x_wconf 88' lang='grc' dir='ltr'><strong>τῶν</strong></span> <span class='ocrx_word' id='word_1_404' title='bbox 3588 2678 3718 2736; x_wconf 75' lang='grc' dir='ltr'><strong>αἰώ-</strong></span> 
     </span>
    </p>
   </div>
   <div class='ocr_carea' id='block_1_53' title="bbox 456 2764 829 2838">
    <p class='ocr_par' dir='ltr' id='par_1_53' title="bbox 456 2764 829 2838">
     <span class='ocr_line' id='line_1_53' title="bbox 456 2764 829 2838; baseline 0.005 -18"><span class='ocrx_word' id='word_1_405' title='bbox 456 2782 581 2821; x_wconf 86' lang='grc' dir='ltr'>νων.</span> <span class='ocrx_word' id='word_1_406' title='bbox 618 2764 829 2838; x_wconf 76' lang='grc' dir='ltr'><strong>’Λμήν.-</strong></span> 
     </span>
    </p>
   </div>
   <div class='ocr_carea' id='block_1_54' title="bbox 1034 2865 1446 2923">
    <p class='ocr_par' dir='ltr' id='par_1_54' title="bbox 1034 2865 1446 2923">
     <span class='ocr_line' id='line_1_54' title="bbox 1034 2865 1446 2923; baseline 0.007 -4"><span class='ocrx_word' id='word_1_407' title='bbox 1034 2865 1336 2920; x_wconf 79' lang='grc' dir='ltr'><strong>ΟΜΙΛΙΑ</strong></span> <span class='ocrx_word' id='word_1_408' title='bbox 1370 2867 1446 2923; x_wconf 82' lang='grc' dir='ltr'><strong>Γ’.</strong></span> 
     </span>
    </p>
   </div>
   <div class='ocr_carea' id='block_1_55' title="bbox 1134 2960 1345 3024">
    <p class='ocr_par' dir='ltr' id='par_1_55' title="bbox 1134 2960 1345 3024">
     <span class='ocr_line' id='line_1_55' title="bbox 1134 2960 1345 3024; baseline 0.005 -11"><span class='ocrx_word' id='word_1_409' title='bbox 1134 2960 1226 3024; x_wconf 78' lang='grc' dir='ltr'>Εἰς</span> <span class='ocrx_word' id='word_1_410' title='bbox 1252 2960 1313 3014; x_wconf 89' lang='grc' dir='ltr'><strong>τό</strong></span> <span class='ocrx_word' id='word_1_411' title='bbox 1331 2978 1345 2991; x_wconf 76' lang='grc'><strong><em>⁸</em></strong></span> 
     </span>
    </p>
   </div>
   <div class='ocr_carea' id='block_1_56' title="bbox 458 3046 2026 3125">
    <p class='ocr_par' dir='ltr' id='par_1_56' title="bbox 458 3046 2026 3125">
     <span class='ocr_line' id='line_1_56' title="bbox 458 3046 2026 3125; baseline 0.004 -24"><span class='ocrx_word' id='word_1_412' title='bbox 458 3046 552 3117; x_wconf 65' lang='lat' dir='ltr'><strong>Mi;</strong></span> <span class='ocrx_word' id='word_1_413' title='bbox 578 3046 798 3118; x_wconf 81' lang='grc' dir='ltr'>ἕρημος</span> <span class='ocrx_word' id='word_1_414' title='bbox 825 3049 1119 3125; x_wconf 79' lang='grc' dir='ltr'>ἐγενόμην</span> <span class='ocrx_word' id='word_1_415' title='bbox 1145 3051 1224 3117; x_wconf 84' lang='grc' dir='ltr'>τῷ</span> <span class='ocrx_word' id='word_1_416' title='bbox 1256 3052 1399 3117; x_wconf 79' lang='grc' dir='ltr'>οῑκῳ</span> <span class='ocrx_word' id='word_1_417' title='bbox 1428 3052 1708 3125; x_wconf 14' lang='grc' dir='ltr'><strong>γ’]σραῖιλ,</strong></span> <span class='ocrx_word' id='word_1_418' title='bbox 1745 3053 1783 3125; x_wconf 81' lang='grc' dir='ltr'>ἢ</span> <span class='ocrx_word' id='word_1_419' title='bbox 1826 3052 1903 3123; x_wconf 78' lang='grc' dir='ltr'>γῆ</span> <span class='ocrx_word' id='word_1_420' title='bbox 1934 3070 2026 3108; x_wconf 87' lang='grc' dir='ltr'>κε-</span> 
     </span>
    </p>
   </div>
   <div class='ocr_carea' id='block_1_57' title="bbox 471 3121 1625 3195">
    <p class='ocr_par' dir='ltr' id='par_1_57' title="bbox 471 3121 1625 3195">
     <span class='ocr_line' id='line_1_57' title="bbox 471 3121 1625 3195; baseline 0.003 -21"><span class='ocrx_word' id='word_1_421' title='bbox 471 3127 498 3153; x_wconf 71' lang='grc'><strong>’·</strong></span> <span class='ocrx_word' id='word_1_422' title='bbox 856 3121 1233 3194; x_wconf 66' lang='grc' dir='ltr'>χερσωμέιηις</span> <span class='ocrx_word' id='word_1_423' title='bbox 1262 3125 1353 3177; x_wconf 79' lang='grc' dir='ltr'>καὶ</span> <span class='ocrx_word' id='word_1_424' title='bbox 1383 3124 1451 3177; x_wconf 77' lang='grc' dir='ltr'><strong>τὰ</strong></span> <span class='ocrx_word' id='word_1_425' title='bbox 1481 3124 1625 3195; x_wconf 76' lang='grc' dir='ltr'><strong>ἑξῆς.</strong></span> 
     </span>
    </p>
   </div>
   <div class='ocr_carea' id='block_1_58' title="bbox 518 3233 2033 3309">
    <p class='ocr_par' dir='ltr' id='par_1_58' title="bbox 518 3233 2033 3309">
     <span class='ocr_line' id='line_1_58' title="bbox 518 3233 2033 3309; baseline 0.005 -23"><span class='ocrx_word' id='word_1_426' title='bbox 518 3233 690 3304; x_wconf 68' lang='grc' dir='ltr'>Φησὶν</span> <span class='ocrx_word' id='word_1_427' title='bbox 730 3235 760 3287; x_wconf 90' lang='lat'><strong>6</strong></span> <span class='ocrx_word' id='word_1_428' title='bbox 801 3233 1006 3307; x_wconf 84' lang='grc' dir='ltr'>Κύριος</span> <span class='ocrx_word' id='word_1_429' title='bbox 1040 3234 1098 3288; x_wconf 84' lang='grc' dir='ltr'>ὲν</span> <span class='ocrx_word' id='word_1_430' title='bbox 1134 3237 1202 3307; x_wconf 82' lang='grc' dir='ltr'><strong>τῇ</strong></span> <span class='ocrx_word' id='word_1_431' title='bbox 1249 3236 1390 3309; x_wconf 81' lang='grc' dir='ltr'>ἀρχῇ</span> <span class='ocrx_word' id='word_1_432' title='bbox 1426 3236 1535 3291; x_wconf 88' lang='grc' dir='ltr'><strong>τῶν</strong></span> <span class='ocrx_word' id='word_1_433' title='bbox 1574 3237 2033 3307; x_wconf 79' lang='grc' dir='ltr'>ἀναγνωσθέντων</span> 
     </span>
    </p>
   </div>
   <div class='ocr_carea' id='block_1_59' title="bbox 451 3325 2031 3402">
    <p class='ocr_par' dir='ltr' id='par_1_59' title="bbox 451 3325 2031 3402">
     <span class='ocr_line' id='line_1_59' title="bbox 451 3325 2031 3402; baseline 0.004 -24"><span class='ocrx_word' id='word_1_434' title='bbox 451 3326 581 3396; x_wconf 73' lang='grc' dir='ltr'>περὶ</span> <span class='ocrx_word' id='word_1_435' title='bbox 604 3325 700 3379; x_wconf 88' lang='grc' dir='ltr'><strong>τοῦ</strong></span> <span class='ocrx_word' id='word_1_436' title='bbox 726 3327 968 3400; x_wconf 80' lang='grc' dir='ltr'>Ἰσραὴλ,</span> <span class='ocrx_word' id='word_1_437' title='bbox 1000 3329 1082 3383; x_wconf 87' lang='grc' dir='ltr'>ὄτι</span> <span class='ocrx_word' id='word_1_438' title='bbox 1107 3328 1311 3402; x_wconf 77' lang='grc' dir='ltr'>ἔρημος</span> <span class='ocrx_word' id='word_1_439' title='bbox 1335 3330 1399 3383; x_wconf 79' lang='grc' dir='ltr'>αὖ</span> <span class='ocrx_word' id='word_1_440' title='bbox 1414 3329 1482 3401; x_wconf 75' lang='grc' dir='ltr'>τῷ</span> <span class='ocrx_word' id='word_1_441' title='bbox 1505 3330 1606 3384; x_wconf 79' lang='grc' dir='ltr'><strong>οὐκ</strong></span> <span class='ocrx_word' id='word_1_442' title='bbox 1639 3330 1876 3401; x_wconf 75' lang='grc' dir='ltr'>ἐγένετο,</span> <span class='ocrx_word' id='word_1_443' title='bbox 1910 3331 2031 3385; x_wconf 81' lang='grc' dir='ltr'>οὐδὲ</span> 
     </span>
    </p>
   </div>
   <div class='ocr_carea' id='block_1_60' title="bbox 453 3416 2029 3495">
    <p class='ocr_par' dir='ltr' id='par_1_60' title="bbox 453 3416 2029 3495">
     <span class='ocr_line' id='line_1_60' title="bbox 453 3416 2029 3495; baseline 0.004 -24"><span class='ocrx_word' id='word_1_444' title='bbox 453 3416 519 3489; x_wconf 82' lang='grc' dir='ltr'>γῆ</span> <span class='ocrx_word' id='word_1_445' title='bbox 547 3417 956 3491; x_wconf 81' lang='grc' dir='ltr'>κεχερσωμένη.</span> <span class='ocrx_word' id='word_1_446' title='bbox 989 3419 1086 3484; x_wconf 87' lang='grc' dir='ltr'>Τίς</span> <span class='ocrx_word' id='word_1_447' title='bbox 1113 3418 1206 3475; x_wconf 80' lang='grc' dir='ltr'>οὖν</span> <span class='ocrx_word' id='word_1_448' title='bbox 1236 3422 1528 3493; x_wconf 86' lang='grc' dir='ltr'>γενόμενος</span> <span class='ocrx_word' id='word_1_449' title='bbox 1559 3423 1619 3476; x_wconf 83' lang='grc' dir='ltr'>ὲν</span> <span class='ocrx_word' id='word_1_450' title='bbox 1644 3421 1722 3494; x_wconf 79' lang='grc' dir='ltr'>τῷ</span> <span class='ocrx_word' id='word_1_451' title='bbox 1754 3421 1904 3495; x_wconf 82' lang='grc' dir='ltr'>τόπῳ</span> <span class='ocrx_word' id='word_1_452' title='bbox 1929 3425 2029 3477; x_wconf 72' lang='grc' dir='ltr'>οὐκ</span> 
     </span>
    </p>
   </div>
   <div class='ocr_carea' id='block_1_61' title="bbox 455 3506 2025 3588">
    <p class='ocr_par' dir='ltr' id='par_1_61' title="bbox 455 3506 2025 3588">
     <span class='ocr_line' id='line_1_61' title="bbox 455 3506 2025 3588; baseline 0.006 -27"><span class='ocrx_word' id='word_1_453' title='bbox 455 3506 487 3560; x_wconf 68' lang='grc' dir='ltr'>ἃ</span> <span class='ocrx_word' id='word_1_454' title='bbox 501 3526 520 3561; x_wconf 68' lang='grc' dir='ltr'><em>δ</em></span> <span class='ocrx_word' id='word_1_455' title='bbox 534 3508 763 3582; x_wconf 80' lang='grc' dir='ltr'>ζητήσαι</span> <span class='ocrx_word' id='word_1_456' title='bbox 780 3511 854 3581; x_wconf 77' lang='grc'><strong>(1)</strong></span> <span class='ocrx_word' id='word_1_457' title='bbox 873 3510 1139 3577; x_wconf 79' lang='grc' dir='ltr'>ἐξετάζων</span> <span class='ocrx_word' id='word_1_458' title='bbox 1153 3512 1215 3566; x_wconf 81' lang='grc' dir='ltr'>τὸ</span> <span class='ocrx_word' id='word_1_459' title='bbox 1234 3512 1479 3587; x_wconf 84' lang='grc' dir='ltr'>βούλημα</span> <span class='ocrx_word' id='word_1_460' title='bbox 1495 3515 1589 3569; x_wconf 85' lang='grc' dir='ltr'><strong>τοῦ</strong></span> <span class='ocrx_word' id='word_1_461' title='bbox 1608 3517 1992 3588; x_wconf 80' lang='grc' dir='ltr'>γεγραμμένου</span> <span class='ocrx_word' id='word_1_462' title='bbox 2010 3534 2025 3584; x_wconf 90' lang='lat'><strong>;</strong></span> 
     </span>
    </p>
   </div>
   <div class='ocr_carea' id='block_1_62' title="bbox 455 3600 2024 3681">
    <p class='ocr_par' dir='ltr' id='par_1_62' title="bbox 455 3600 2024 3681">
     <span class='ocr_line' id='line_1_62' title="bbox 455 3600 2024 3681; baseline 0.005 -27"><span class='ocrx_word' id='word_1_463' title='bbox 455 3600 652 3668; x_wconf 71' lang='grc' dir='ltr'>Ἔστω,</span> <span class='ocrx_word' id='word_1_464' title='bbox 682 3605 712 3657; x_wconf 90' lang='lat'><strong>6</strong></span> <span class='ocrx_word' id='word_1_465' title='bbox 743 3603 875 3668; x_wconf 75' lang='grc' dir='ltr'>Θεὸς</span> <span class='ocrx_word' id='word_1_466' title='bbox 904 3605 960 3656; x_wconf 81' lang='grc' dir='ltr'>ὲν</span> <span class='ocrx_word' id='word_1_467' title='bbox 1002 3603 1080 3675; x_wconf 83' lang='grc' dir='ltr'>τῷ</span> <span class='ocrx_word' id='word_1_468' title='bbox 1124 3606 1340 3680; x_wconf 82' lang='grc' dir='ltr'>Ἰσραὴλ</span> <span class='ocrx_word' id='word_1_469' title='bbox 1360 3608 1431 3676; x_wconf 71' lang='grc' dir='ltr'>ζού</span> <span class='ocrx_word' id='word_1_470' title='bbox 1459 3608 1681 3678; x_wconf 81' lang='grc' dir='ltr'>γέγονεν</span> <span class='ocrx_word' id='word_1_471' title='bbox 1709 3609 1934 3681; x_wconf 75' lang='grc' dir='ltr'>ἕρημος,</span> <span class='ocrx_word' id='word_1_472' title='bbox 1964 3609 2024 3662; x_wconf 82' lang='grc' dir='ltr'>οὐ</span> 
     </span>
    </p>
   </div>
   <div class='ocr_carea' id='block_1_63' title="bbox 446 3693 2026 3773">
    <p class='ocr_par' dir='ltr' id='par_1_63' title="bbox 446 3693 2026 3773">
     <span class='ocr_line' id='line_1_63' title="bbox 446 3693 2026 3773; baseline 0.006 -27"><span class='ocrx_word' id='word_1_473' title='bbox 446 3693 669 3763; x_wconf 75' lang='grc' dir='ltr'>γέγονεν</span> <span class='ocrx_word' id='word_1_474' title='bbox 710 3696 769 3748; x_wconf 84' lang='grc' dir='ltr'>ὲν</span> <span class='ocrx_word' id='word_1_475' title='bbox 811 3697 890 3768; x_wconf 84' lang='grc' dir='ltr'>τῷ</span> <span class='ocrx_word' id='word_1_476' title='bbox 942 3697 1157 3770; x_wconf 78' lang='grc' dir='ltr'>Ἰσραὴλ</span> <span class='ocrx_word' id='word_1_477' title='bbox 1197 3698 1271 3769; x_wconf 83' lang='grc' dir='ltr'>γῆ</span> <span class='ocrx_word' id='word_1_478' title='bbox 1309 3700 1732 3772; x_wconf 70' lang='grc' dir='ltr'>κεχερςωμένησ</span> <span class='ocrx_word' id='word_1_479' title='bbox 1780 3697 1889 3773; x_wconf 84' lang='grc' dir='ltr'>ἆρα</span> <span class='ocrx_word' id='word_1_480' title='bbox 1932 3695 2026 3755; x_wconf 78' lang='grc' dir='ltr'><strong>οῦν</strong></span> 
     </span>
    </p>
   </div>
   <div class='ocr_carea' id='block_1_64' title="bbox 444 3785 2023 3863">
    <p class='ocr_par' dir='ltr' id='par_1_64' title="bbox 444 3785 2023 3863">
     <span class='ocr_line' id='line_1_64' title="bbox 444 3785 2023 3863; baseline 0.004 -25"><span class='ocrx_word' id='word_1_481' title='bbox 444 3785 540 3858; x_wconf 76' lang='grc' dir='ltr'><strong>ἐρη</strong></span> <span class='ocrx_word' id='word_1_482' title='bbox 551 3802 651 3857; x_wconf 87' lang='grc' dir='ltr'><strong>μος</strong></span> <span class='ocrx_word' id='word_1_483' title='bbox 684 3787 902 3856; x_wconf 84' lang='grc' dir='ltr'>γέγονεν</span> <span class='ocrx_word' id='word_1_484' title='bbox 928 3790 956 3841; x_wconf 91' lang='lat'><strong>6</strong></span> <span class='ocrx_word' id='word_1_485' title='bbox 973 3790 1176 3861; x_wconf 85' lang='grc' dir='ltr'>Κύριος</span> <span class='ocrx_word' id='word_1_486' title='bbox 1202 3789 1283 3863; x_wconf 81' lang='grc' dir='ltr'>τῷ</span> <span class='ocrx_word' id='word_1_487' title='bbox 1295 3790 1512 3863; x_wconf 82' lang='grc' dir='ltr'>Ἰσραὴλ</span> <span class='ocrx_word' id='word_1_488' title='bbox 1530 3791 1606 3863; x_wconf 71' lang='grc'><strong>(9.)</strong></span> <span class='ocrx_word' id='word_1_489' title='bbox 1624 3791 1882 3862; x_wconf 76' lang='grc' dir='ltr'>σήμερον,</span> <span class='ocrx_word' id='word_1_490' title='bbox 1901 3792 1934 3863; x_wconf 77' lang='grc' dir='ltr'>ἢ</span> <span class='ocrx_word' id='word_1_491' title='bbox 1950 3790 2023 3863; x_wconf 84' lang='grc' dir='ltr'>γῆ</span> 
     </span>
    </p>
   </div>
   <div class='ocr_carea' id='block_1_65' title="bbox 443 3879 2025 3954">
    <p class='ocr_par' dir='ltr' id='par_1_65' title="bbox 443 3879 2025 3954">
     <span class='ocr_line' id='line_1_65' title="bbox 443 3879 2025 3954; baseline 0.001 -22"><span class='ocrx_word' id='word_1_492' title='bbox 443 3879 833 3951; x_wconf 81' lang='grc' dir='ltr'>κεχερσωμένη</span> <span class='ocrx_word' id='word_1_493' title='bbox 857 3880 953 3934; x_wconf 89' lang='grc' dir='ltr'><strong>νῦν</strong></span> <span class='ocrx_word' id='word_1_494' title='bbox 977 3880 1125 3952; x_wconf 84' lang='grc' dir='ltr'>αύτῷ</span> <span class='ocrx_word' id='word_1_495' title='bbox 1145 3882 1326 3947; x_wconf 62' lang='lat' dir='ltr'><strong>scr-av;</strong></span> <span class='ocrx_word' id='word_1_496' title='bbox 1352 3882 1475 3935; x_wconf 75' lang='grc' dir='ltr'>Ὀτι</span> <span class='ocrx_word' id='word_1_497' title='bbox 1495 3882 1554 3935; x_wconf 82' lang='grc' dir='ltr'>δὲ</span> <span class='ocrx_word' id='word_1_498' title='bbox 1580 3882 1669 3936; x_wconf 80' lang='grc' dir='ltr'>ὅτε</span> <span class='ocrx_word' id='word_1_499' title='bbox 1692 3880 1770 3952; x_wconf 82' lang='grc' dir='ltr'><strong>τῷ</strong></span> <span class='ocrx_word' id='word_1_500' title='bbox 1798 3881 2025 3954; x_wconf 81' lang='grc' dir='ltr'>Ἰσραὴλ</span> 
     </span>
    </p>
   </div>
   <div class='ocr_carea' id='block_1_66' title="bbox 440 3966 2024 4045">
    <p class='ocr_par' dir='ltr' id='par_1_66' title="bbox 440 3966 2024 4045">
     <span class='ocr_line' id='line_1_66' title="bbox 440 3966 2024 4045; baseline 0.003 -22"><span class='ocrx_word' id='word_1_501' title='bbox 440 3966 510 4043; x_wconf 75' lang='grc' dir='ltr'>ἦν</span> <span class='ocrx_word' id='word_1_502' title='bbox 547 3973 648 4024; x_wconf 86' lang='grc' dir='ltr'>οὐκ</span> <span class='ocrx_word' id='word_1_503' title='bbox 678 3971 901 4044; x_wconf 77' lang='grc' dir='ltr'>ἔρημος,</span> <span class='ocrx_word' id='word_1_504' title='bbox 934 3972 1055 4027; x_wconf 76' lang='grc' dir='ltr'>οὐδὲ</span> <span class='ocrx_word' id='word_1_505' title='bbox 1089 3973 1162 4044; x_wconf 79' lang='grc' dir='ltr'>γῆ</span> <span class='ocrx_word' id='word_1_506' title='bbox 1203 3974 1615 4045; x_wconf 81' lang='grc' dir='ltr'>κεχερσωμένη,</span> <span class='ocrx_word' id='word_1_507' title='bbox 1659 3977 1776 4039; x_wconf 81' lang='grc' dir='ltr'>τοῖς</span> <span class='ocrx_word' id='word_1_508' title='bbox 1815 3973 2024 4027; x_wconf 74' lang='grc' dir='ltr'>ἔθνεσιν</span> 
     </span>
    </p>
   </div>
   <div class='ocr_carea' id='block_1_67' title="bbox 440 4056 2023 4138">
    <p class='ocr_par' dir='ltr' id='par_1_67' title="bbox 440 4056 2023 4138">
     <span class='ocr_line' id='line_1_67' title="bbox 440 4056 2023 4138; baseline 0.001 -22"><span class='ocrx_word' id='word_1_509' title='bbox 440 4056 511 4136; x_wconf 80' lang='grc' dir='ltr'>ἦν</span> <span class='ocrx_word' id='word_1_510' title='bbox 554 4063 778 4136; x_wconf 76' lang='grc' dir='ltr'>ἔρημος,</span> <span class='ocrx_word' id='word_1_511' title='bbox 821 4066 914 4118; x_wconf 71' lang='grc' dir='ltr'>καὶ</span> <span class='ocrx_word' id='word_1_512' title='bbox 940 4065 1011 4136; x_wconf 86' lang='grc' dir='ltr'>γῆ</span> <span class='ocrx_word' id='word_1_513' title='bbox 1049 4065 1468 4138; x_wconf 80' lang='grc' dir='ltr'>κεχερσωμένη·</span> <span class='ocrx_word' id='word_1_514' title='bbox 1509 4068 1559 4119; x_wconf 85' lang='grc' dir='ltr'><strong>εί</strong></span> <span class='ocrx_word' id='word_1_515' title='bbox 1604 4065 1712 4137; x_wconf 81' lang='grc' dir='ltr'><strong>γὰρ</strong></span> <span class='ocrx_word' id='word_1_516' title='bbox 1744 4068 1909 4121; x_wconf 77' lang='grc' dir='ltr'>πᾶσιν</span> <span class='ocrx_word' id='word_1_517' title='bbox 1937 4065 2023 4120; x_wconf 78' lang='grc' dir='ltr'>ἀεὶ</span> 
     </span>
    </p>
   </div>
   <div class='ocr_carea' id='block_1_68' title="bbox 440 4155 2020 4233">
    <p class='ocr_par' dir='ltr' id='par_1_68' title="bbox 440 4155 2020 4233">
     <span class='ocr_line' id='line_1_68' title="bbox 440 4155 2020 4233; baseline 0.003 -24"><span class='ocrx_word' id='word_1_518' title='bbox 440 4156 542 4210; x_wconf 79' lang='grc' dir='ltr'>οὐκ</span> <span class='ocrx_word' id='word_1_519' title='bbox 573 4155 777 4228; x_wconf 76' lang='grc' dir='ltr'>ἔρημός</span> <span class='ocrx_word' id='word_1_520' title='bbox 818 4158 956 4222; x_wconf 78' lang='grc' dir='ltr'>ἐστι,</span> <span class='ocrx_word' id='word_1_521' title='bbox 988 4157 1082 4212; x_wconf 64' lang='grc' dir='ltr'><strong>καλ⁵</strong></span> <span class='ocrx_word' id='word_1_522' title='bbox 1119 4160 1284 4212; x_wconf 79' lang='grc' dir='ltr'>πᾶσιν</span> <span class='ocrx_word' id='word_1_523' title='bbox 1313 4158 1399 4211; x_wconf 83' lang='grc' dir='ltr'><strong>ἀεί</strong></span> <span class='ocrx_word' id='word_1_524' title='bbox 1428 4159 1574 4213; x_wconf 76' lang='grc' dir='ltr'>ἐστιν</span> <span class='ocrx_word' id='word_1_525' title='bbox 1611 4159 1671 4212; x_wconf 75' lang='grc' dir='ltr'>οὔ</span> <span class='ocrx_word' id='word_1_526' title='bbox 1711 4159 1784 4230; x_wconf 85' lang='grc' dir='ltr'><strong>γῆ</strong></span> <span class='ocrx_word' id='word_1_527' title='bbox 1825 4176 2020 4233; x_wconf 88' lang='grc' dir='ltr'>κεχερ-</span> 
     </span>
    </p>
   </div>
   <div class='ocr_carea' id='block_1_69' title="bbox 442 4249 2019 4325">
    <p class='ocr_par' dir='ltr' id='par_1_69' title="bbox 442 4249 2019 4325">
     <span class='ocr_line' id='line_1_69' title="bbox 442 4249 2019 4325; baseline 0.003 -25"><span class='ocrx_word' id='word_1_528' title='bbox 442 4249 685 4321; x_wconf 77' lang='grc' dir='ltr'>σωμένη·</span> <span class='ocrx_word' id='word_1_529' title='bbox 716 4251 798 4313; x_wconf 85' lang='grc' dir='ltr'><strong>τίς</strong></span> <span class='ocrx_word' id='word_1_530' title='bbox 826 4251 983 4322; x_wconf 87' lang='grc' dir='ltr'>χρεία</span> <span class='ocrx_word' id='word_1_531' title='bbox 1008 4249 1166 4304; x_wconf 87' lang='grc' dir='ltr'>τοῦτο</span> <span class='ocrx_word' id='word_1_532' title='bbox 1194 4249 1339 4315; x_wconf 79' lang='grc' dir='ltr'>ἰδίως</span> <span class='ocrx_word' id='word_1_533' title='bbox 1369 4251 1506 4322; x_wconf 81' lang='grc' dir='ltr'>πρὸς</span> <span class='ocrx_word' id='word_1_534' title='bbox 1529 4251 1620 4306; x_wconf 83' lang='grc' dir='ltr'>τὸν</span> <span class='ocrx_word' id='word_1_535' title='bbox 1649 4250 1867 4325; x_wconf 72' lang='grc' dir='ltr'>Ἰσραὴλ</span> <span class='ocrx_word' id='word_1_536' title='bbox 1899 4251 2019 4306; x_wconf 87' lang='grc' dir='ltr'>κατ’</span> 
     </span>
    </p>
   </div>
   <div class='ocr_carea' id='block_1_70' title="bbox 440 4340 2019 4415">
    <p class='ocr_par' dir='ltr' id='par_1_70' title="bbox 440 4340 2019 4415">
     <span class='ocr_line' id='line_1_70' title="bbox 440 4340 2019 4415; baseline 0.004 -22"><span class='ocrx_word' id='word_1_537' title='bbox 440 4340 719 4413; x_wconf 78' lang='grc' dir='ltr'>ἐξαίρετον</span> <span class='ocrx_word' id='word_1_538' title='bbox 742 4341 1018 4414; x_wconf 81' lang='grc' dir='ltr'>λεχθῆναι’</span> <span class='ocrx_word' id='word_1_539' title='bbox 1061 4341 1160 4413; x_wconf 77' lang='grc' dir='ltr'><strong>Μὴ</strong></span> <span class='ocrx_word' id='word_1_540' title='bbox 1186 4343 1408 4412; x_wconf 79' lang='grc' dir='ltr'>ἕρημος</span> <span class='ocrx_word' id='word_1_541' title='bbox 1436 4344 1730 4415; x_wconf 75' lang='grc' dir='ltr'>ἐγενόμην</span> <span class='ocrx_word' id='word_1_542' title='bbox 1768 4343 1850 4411; x_wconf 84' lang='grc' dir='ltr'>τῷ</span> <span class='ocrx_word' id='word_1_543' title='bbox 1875 4344 2019 4410; x_wconf 79' lang='grc' dir='ltr'>οἴκῳ</span> 
     </span>
    </p>
   </div>
   <div class='ocr_carea' id='block_1_71' title="bbox 452 4431 2019 4506">
    <p class='ocr_par' dir='ltr' id='par_1_71' title="bbox 452 4431 2019 4506">
     <span class='ocr_line' id='line_1_71' title="bbox 452 4431 2019 4506; baseline 0.002 -20"><span class='ocrx_word' id='word_1_544' title='bbox 452 4431 713 4502; x_wconf 77' lang='grc' dir='ltr'>Ἰσραὴλ,</span> <span class='ocrx_word' id='word_1_545' title='bbox 757 4433 796 4505; x_wconf 81' lang='grc' dir='ltr'><strong>ἢ</strong></span> <span class='ocrx_word' id='word_1_546' title='bbox 835 4434 912 4505; x_wconf 68' lang='grc' dir='ltr'>γῆ</span> <span class='ocrx_word' id='word_1_547' title='bbox 956 4434 1413 4506; x_wconf 70' lang='grc' dir='ltr'>κεχερσωμένης</span> <span class='ocrx_word' id='word_1_548' title='bbox 1475 4434 1616 4489; x_wconf 77' lang='grc' dir='ltr'>Ἀλλ’</span> <span class='ocrx_word' id='word_1_549' title='bbox 1653 4435 1800 4489; x_wconf 80' lang='grc' dir='ltr'>ἔστιν</span> <span class='ocrx_word' id='word_1_550' title='bbox 1844 4435 2019 4489; x_wconf 72' lang='grc' dir='ltr'>ἐλθεῖν</span> 
     </span>
    </p>
   </div>
   <div class='ocr_carea' id='block_1_72' title="bbox 440 4523 2021 4600">
    <p class='ocr_par' dir='ltr' id='par_1_72' title="bbox 440 4523 2021 4600">
     <span class='ocr_line' id='line_1_72' title="bbox 440 4523 2021 4600; baseline 0.002 -22"><span class='ocrx_word' id='word_1_551' title='bbox 440 4525 535 4578; x_wconf 76' lang='grc' dir='ltr'><strong>ἐπὶ</strong></span> <span class='ocrx_word' id='word_1_552' title='bbox 559 4525 660 4590; x_wconf 75' lang='grc' dir='ltr'><strong>τὰς</strong></span> <span class='ocrx_word' id='word_1_553' title='bbox 703 4525 991 4591; x_wconf 82' lang='grc' dir='ltr'>καθολικάς</span> <span class='ocrx_word' id='word_1_554' title='bbox 1029 4527 1344 4600; x_wconf 79' lang='grc' dir='ltr'>εὐεργεσίας</span> <span class='ocrx_word' id='word_1_555' title='bbox 1383 4525 1479 4582; x_wconf 83' lang='grc' dir='ltr'><strong>τοῦ</strong></span> <span class='ocrx_word' id='word_1_556' title='bbox 1516 4526 1680 4581; x_wconf 83' lang='grc' dir='ltr'>Θεοῦ·</span> <span class='ocrx_word' id='word_1_557' title='bbox 1716 4523 1836 4581; x_wconf 85' lang='grc' dir='ltr'>εἷτα</span> <span class='ocrx_word' id='word_1_558' title='bbox 1884 4527 2021 4600; x_wconf 68' lang='grc' dir='ltr'><strong>μετά</strong></span> 
     </span>
    </p>
   </div>
   <div class='ocr_carea' id='block_1_73' title="bbox 437 4616 2022 4691">
    <p class='ocr_par' dir='ltr' id='par_1_73' title="bbox 437 4616 2022 4691">
     <span class='ocr_line' id='line_1_73' title="bbox 437 4616 2022 4691; baseline 0.002 -22"><span class='ocrx_word' id='word_1_559' title='bbox 437 4616 538 4682; x_wconf 77' lang='grc' dir='ltr'>τὰς</span> <span class='ocrx_word' id='word_1_560' title='bbox 576 4616 870 4683; x_wconf 78' lang='grc' dir='ltr'>καθολικάς</span> <span class='ocrx_word' id='word_1_561' title='bbox 905 4618 1225 4691; x_wconf 82' lang='grc' dir='ltr'>εὐεργεσίας</span> <span class='ocrx_word' id='word_1_562' title='bbox 1256 4617 1422 4673; x_wconf 82' lang='grc' dir='ltr'>αὐτοῦ</span> <span class='ocrx_word' id='word_1_563' title='bbox 1467 4619 1561 4673; x_wconf 77' lang='grc' dir='ltr'><strong>ἐπὶ</strong></span> <span class='ocrx_word' id='word_1_564' title='bbox 1588 4618 1686 4684; x_wconf 80' lang='grc' dir='ltr'>τὰς</span> <span class='ocrx_word' id='word_1_565' title='bbox 1722 4618 1891 4683; x_wconf 62' lang='lat' dir='ltr'><strong>tam;</strong></span> <span class='ocrx_word' id='word_1_566' title='bbox 1923 4635 2022 4673; x_wconf 87' lang='grc' dir='ltr'>κα-</span> 
     </span>
    </p>
   </div>
   <div class='ocr_carea' id='block_1_74' title="bbox 437 4707 847 4782">
    <p class='ocr_par' dir='ltr' id='par_1_74' title="bbox 437 4707 847 4782">
     <span class='ocr_line' id='line_1_74' title="bbox 437 4707 847 4782; baseline 0.005 -22"><span class='ocrx_word' id='word_1_567' title='bbox 437 4707 659 4763; x_wconf 73' lang='grc' dir='ltr'>ταϐαίνε</span> <span class='ocrx_word' id='word_1_568' title='bbox 668 4725 715 4762; x_wconf 91' lang='grc' dir='ltr'><strong>ιν</strong></span> <span class='ocrx_word' id='word_1_569' title='bbox 750 4708 847 4782; x_wconf 78' lang='grc'><strong>(5).</strong></span> 
     </span>
    </p>
   </div>
   <div class='ocr_carea' id='block_1_75' title="bbox 508 4801 2018 4876">
    <p class='ocr_par' dir='ltr' id='par_1_75' title="bbox 508 4801 2018 4876">
     <span class='ocr_line' id='line_1_75' title="bbox 508 4801 2018 4876; baseline 0.003 -23"><span class='ocrx_word' id='word_1_570' title='bbox 508 4801 698 4858; x_wconf 73' lang='grc' dir='ltr'>Οὐδενὶ</span> <span class='ocrx_word' id='word_1_571' title='bbox 725 4801 928 4876; x_wconf 75' lang='grc' dir='ltr'>ἔρημός</span> <span class='ocrx_word' id='word_1_572' title='bbox 946 4804 1088 4857; x_wconf 71' lang='grc' dir='ltr'>ἐστιν</span> <span class='ocrx_word' id='word_1_573' title='bbox 1107 4804 1136 4857; x_wconf 90' lang='lat'><strong>6</strong></span> <span class='ocrx_word' id='word_1_574' title='bbox 1159 4802 1311 4870; x_wconf 83' lang='grc' dir='ltr'>Θεὸς,</span> <span class='ocrx_word' id='word_1_575' title='bbox 1339 4803 1687 4859; x_wconf 72' lang='grc' dir='ltr'>ἀνατέλλων</span> <span class='ocrx_word' id='word_1_576' title='bbox 1712 4805 1820 4859; x_wconf 80' lang='grc' dir='ltr'>τὸν</span> <span class='ocrx_word' id='word_1_577' title='bbox 1841 4804 2018 4872; x_wconf 75' lang='grc' dir='ltr'>ἣλιον</span> 
     </span>
    </p>
   </div>
   <div class='ocr_carea' id='block_1_76' title="bbox 436 4891 2015 4971">
    <p class='ocr_par' dir='ltr' id='par_1_76' title="bbox 436 4891 2015 4971">
     <span class='ocr_line' id='line_1_76' title="bbox 436 4891 2015 4971; baseline 0.006 -27"><span class='ocrx_word' id='word_1_578' title='bbox 436 4891 535 4945; x_wconf 78' lang='grc' dir='ltr'><strong>ἐπὶ</strong></span> <span class='ocrx_word' id='word_1_579' title='bbox 586 4894 889 4961; x_wconf 79' lang='grc' dir='ltr'>πονηροὺς</span> <span class='ocrx_word' id='word_1_580' title='bbox 936 4895 1032 4949; x_wconf 77' lang='grc' dir='ltr'>καὶ</span> <span class='ocrx_word' id='word_1_581' title='bbox 1073 4896 1360 4965; x_wconf 77' lang='grc' dir='ltr'>ἀγαθούς·</span> <span class='ocrx_word' id='word_1_582' title='bbox 1409 4896 1583 4951; x_wconf 75' lang='grc' dir='ltr'>οὐδενὶ</span> <span class='ocrx_word' id='word_1_583' title='bbox 1628 4899 2015 4971; x_wconf 81' lang='grc' dir='ltr'>κεχερσωμένη</span> 
     </span>
    </p>
   </div>
   <div class='ocr_carea' id='block_1_77' title="bbox 437 4981 2019 5055">
    <p class='ocr_par' dir='ltr' id='par_1_77' title="bbox 437 4981 2019 5055">
     <span class='ocr_line' id='line_1_77' title="bbox 437 4981 2019 5055; baseline 0.004 -20"><span class='ocrx_word' id='word_1_584' title='bbox 437 4981 510 5052; x_wconf 78' lang='grc' dir='ltr'>γῆ</span> <span class='ocrx_word' id='word_1_585' title='bbox 541 4984 680 5049; x_wconf 74' lang='grc' dir='ltr'>ἐστι,</span> <span class='ocrx_word' id='word_1_586' title='bbox 699 4984 941 5053; x_wconf 80' lang='grc' dir='ltr'>βρέχων</span> <span class='ocrx_word' id='word_1_587' title='bbox 963 4983 1038 5054; x_wconf 70' lang='grc'><strong>(4)</strong></span> <span class='ocrx_word' id='word_1_588' title='bbox 1055 4984 1155 5038; x_wconf 78' lang='grc' dir='ltr'><strong>ἐπὶ</strong></span> <span class='ocrx_word' id='word_1_589' title='bbox 1181 4986 1448 5054; x_wconf 80' lang='grc' dir='ltr'>δικαίους</span> <span class='ocrx_word' id='word_1_590' title='bbox 1474 4988 1571 5042; x_wconf 77' lang='grc' dir='ltr'>καὶ</span> <span class='ocrx_word' id='word_1_591' title='bbox 1605 4987 1869 5055; x_wconf 79' lang='grc' dir='ltr'>ἀδίκους.</span> <span class='ocrx_word' id='word_1_592' title='bbox 1895 4987 2019 5052; x_wconf 86' lang='grc' dir='ltr'>Πῶς</span> 
     </span>
    </p>
   </div>
   <div class='ocr_carea' id='block_1_78' title="bbox 437 5070 2017 5147">
    <p class='ocr_par' dir='ltr' id='par_1_78' title="bbox 437 5070 2017 5147">
     <span class='ocr_line' id='line_1_78' title="bbox 437 5070 2017 5147; baseline 0.007 -25"><span class='ocrx_word' id='word_1_593' title='bbox 437 5070 664 5143; x_wconf 82' lang='grc' dir='ltr'>ἔρημος,</span> <span class='ocrx_word' id='word_1_594' title='bbox 690 5073 996 5128; x_wconf 81' lang='grc' dir='ltr'>ἀνατέλλων</span> <span class='ocrx_word' id='word_1_595' title='bbox 1018 5074 1253 5147; x_wconf 82' lang='grc' dir='ltr'>ἡμέραν,</span> <span class='ocrx_word' id='word_1_596' title='bbox 1278 5079 1372 5131; x_wconf 86' lang='grc' dir='ltr'><strong>καί</strong></span> <span class='ocrx_word' id='word_1_597' title='bbox 1396 5077 1567 5132; x_wconf 82' lang='grc' dir='ltr'>νύκτα</span> <span class='ocrx_word' id='word_1_598' title='bbox 1599 5081 1685 5143; x_wconf 88' lang='grc' dir='ltr'><strong>είς</strong></span> <span class='ocrx_word' id='word_1_599' title='bbox 1710 5079 2017 5133; x_wconf 77' lang='grc' dir='ltr'>ἀνάπαυσιν</span> 
     </span>
    </p>
   </div>
   <div class='ocr_carea' id='block_1_79' title="bbox 436 5163 2020 5244">
    <p class='ocr_par' dir='ltr' id='par_1_79' title="bbox 436 5163 2020 5244">
     <span class='ocr_line' id='line_1_79' title="bbox 436 5163 2020 5244; baseline 0.007 -30"><span class='ocrx_word' id='word_1_600' title='bbox 436 5163 634 5223; x_wconf 74' lang='grc' dir='ltr'>ποιῶνξ</span> <span class='ocrx_word' id='word_1_601' title='bbox 667 5164 792 5230; x_wconf 89' lang='grc' dir='ltr'>Πῶς</span> <span class='ocrx_word' id='word_1_602' title='bbox 810 5165 1014 5239; x_wconf 76' lang='grc' dir='ltr'>ἕρημος</span> <span class='ocrx_word' id='word_1_603' title='bbox 1040 5166 1138 5240; x_wconf 81' lang='grc' dir='ltr'>τὴν</span> <span class='ocrx_word' id='word_1_604' title='bbox 1154 5168 1257 5240; x_wconf 82' lang='grc' dir='ltr'>γῆν</span> <span class='ocrx_word' id='word_1_605' title='bbox 1276 5169 1443 5225; x_wconf 86' lang='grc' dir='ltr'>ποιῶν</span> <span class='ocrx_word' id='word_1_606' title='bbox 1465 5175 1831 5244; x_wconf 74' lang='grc' dir='ltr'>καρποφορεῖν</span> <span class='ocrx_word' id='word_1_607' title='bbox 1854 5189 1868 5238; x_wconf 89' lang='lat'><strong>;</strong></span> <span class='ocrx_word' id='word_1_608' title='bbox 1895 5172 2020 5237; x_wconf 87' lang='grc' dir='ltr'>Πῶς</span> 
     </span>
    </p>
   </div>
   <div class='ocr_carea' id='block_1_80' title="bbox 434 5252 2014 5335">
    <p class='ocr_par' dir='ltr' id='par_1_80' title="bbox 434 5252 2014 5335">
     <span class='ocr_line' id='line_1_80' title="bbox 434 5252 2014 5335; baseline 0.009 -31"><span class='ocrx_word' id='word_1_609' title='bbox 434 5252 640 5328; x_wconf 68' lang='grc' dir='ltr'>ἕρημος</span> <span class='ocrx_word' id='word_1_610' title='bbox 663 5256 891 5312; x_wconf 72' lang='grc' dir='ltr'>ῐναστον</span> <span class='ocrx_word' id='word_1_611' title='bbox 914 5258 1214 5332; x_wconf 79' lang='grc' dir='ltr'>οἰκονομῶν</span> <span class='ocrx_word' id='word_1_612' title='bbox 1234 5261 1378 5316; x_wconf 84' lang='grc' dir='ltr'><strong>κατά</strong></span> <span class='ocrx_word' id='word_1_613' title='bbox 1402 5262 1503 5333; x_wconf 79' lang='grc' dir='ltr'>τὴν</span> <span class='ocrx_word' id='word_1_614' title='bbox 1529 5262 1726 5335; x_wconf 79' lang='grc' dir='ltr'>ψυχὴν,</span> <span class='ocrx_word' id='word_1_615' title='bbox 1759 5264 1845 5319; x_wconf 81' lang='grc' dir='ltr'>ἵνα</span> <span class='ocrx_word' id='word_1_616' title='bbox 1865 5264 2014 5334; x_wconf 89' lang='grc' dir='ltr'>λογι-</span> 
     </span>
    </p>
   </div>
   <div class='ocr_carea' id='block_1_81' title="bbox 2057 2864 2107 2934">
    <p class='ocr_par' dir='ltr' id='par_1_81' title="bbox 2057 2864 2107 2934">
     <span class='ocr_line' id='line_1_81' title="bbox 2057 2864 2107 2934; baseline 0 0"><span class='ocrx_word' id='word_1_617' title='bbox 2057 2864 2107 2934; x_wconf 87' lang='lat' dir='ltr'><strong>c</strong></span> 
     </span>
    </p>
   </div>
   <div class='ocr_carea' id='block_1_82' title="bbox 2623 2866 3208 2942">
    <p class='ocr_par' dir='ltr' id='par_1_82' title="bbox 2623 2866 3208 2942">
     <span class='ocr_line' id='line_1_82' title="bbox 2623 2866 3208 2942; baseline 0.024 -31"><span class='ocrx_word' id='word_1_618' title='bbox 2623 2868 2789 2942; x_wconf 72' lang='grc' dir='ltr'>ιω</span> <span class='ocrx_word' id='word_1_619' title='bbox 2809 2866 3087 2923; x_wconf 77' lang='lat' dir='ltr'><strong>[IOMILIA</strong></span> <span class='ocrx_word' id='word_1_620' title='bbox 3118 2867 3208 2925; x_wconf 83' lang='lat' dir='ltr'><strong>lli.</strong></span> 
     </span>
    </p>
   </div>
   <div class='ocr_carea' id='block_1_83' title="bbox 2796 2959 3055 3016">
    <p class='ocr_par' dir='ltr' id='par_1_83' title="bbox 2796 2959 3055 3016">
     <span class='ocr_line' id='line_1_83' title="bbox 2796 2959 3055 3016; baseline 0 0"><span class='ocrx_word' id='word_1_621' title='bbox 2796 2959 2853 3016; x_wconf 83' lang='lat' dir='ltr'><strong>lu</strong></span> <span class='ocrx_word' id='word_1_622' title='bbox 2875 2962 3014 3016; x_wconf 89' lang='lat' dir='ltr'><strong>istud</strong></span> <span class='ocrx_word' id='word_1_623' title='bbox 3039 2976 3055 3016; x_wconf 87' lang='lat'><strong>:</strong></span> 
     </span>
    </p>
   </div>
   <div class='ocr_carea' id='block_1_84' title="bbox 2138 3048 3716 3127">
    <p class='ocr_par' dir='ltr' id='par_1_84' title="bbox 2138 3048 3716 3127">
     <span class='ocr_line' id='line_1_84' title="bbox 2138 3048 3716 3127; baseline 0.005 -22"><span class='ocrx_word' id='word_1_624' title='bbox 2138 3048 2395 3124; x_wconf 82' lang='lat' dir='ltr'><strong>Nunquid</strong></span> <span class='ocrx_word' id='word_1_625' title='bbox 2425 3052 2656 3108; x_wconf 78' lang='lat' dir='ltr'><strong>solitudo</strong></span> <span class='ocrx_word' id='word_1_626' title='bbox 2679 3055 2854 3124; x_wconf 82' lang='lat' dir='ltr'><strong>[actus</strong></span> <span class='ocrx_word' id='word_1_627' title='bbox 2886 3072 3003 3109; x_wconf 87' lang='lat' dir='ltr'><strong>sum</strong></span> <span class='ocrx_word' id='word_1_628' title='bbox 3024 3056 3205 3127; x_wconf 78' lang='lat' dir='ltr'><strong>dotuui</strong></span> <span class='ocrx_word' id='word_1_629' title='bbox 3243 3055 3432 3127; x_wconf 83' lang='lat' dir='ltr'><strong>Israel,</strong></span> <span class='ocrx_word' id='word_1_630' title='bbox 3462 3056 3543 3112; x_wconf 80' lang='lat' dir='ltr'><strong>vel</strong></span> <span class='ocrx_word' id='word_1_631' title='bbox 3570 3065 3716 3114; x_wconf 83' lang='lat' dir='ltr'><strong>terra</strong></span> 
     </span>
    </p>
   </div>
   <div class='ocr_carea' id='block_1_85' title="bbox 2752 3126 3091 3196">
    <p class='ocr_par' dir='ltr' id='par_1_85' title="bbox 2752 3126 3091 3196">
     <span class='ocr_line' id='line_1_85' title="bbox 2752 3126 3091 3196; baseline 0.006 -18"><span class='ocrx_word' id='word_1_632' title='bbox 2752 3127 2975 3196; x_wconf 80' lang='lat' dir='ltr'><strong>agrestis</strong></span> <span class='ocrx_word' id='word_1_633' title='bbox 3006 3126 3091 3180; x_wconf 70' lang='lat' dir='ltr'><strong>&quot;Y</strong></span> 
     </span>
    </p>
   </div>
   <div class='ocr_carea' id='block_1_86' title="bbox 2204 3233 3710 3307">
    <p class='ocr_par' dir='ltr' id='par_1_86' title="bbox 2204 3233 3710 3307">
     <span class='ocr_line' id='line_1_86' title="bbox 2204 3233 3710 3307; baseline 0.002 -17"><span class='ocrx_word' id='word_1_634' title='bbox 2204 3233 2257 3290; x_wconf 77' lang='grc'><strong>1.</strong></span> <span class='ocrx_word' id='word_1_635' title='bbox 2300 3234 2391 3290; x_wconf 80' lang='lat' dir='ltr'><strong>Ait</strong></span> <span class='ocrx_word' id='word_1_636' title='bbox 2410 3233 2678 3290; x_wconf 89' lang='lat' dir='ltr'><strong>Dominus</strong></span> <span class='ocrx_word' id='word_1_637' title='bbox 2710 3234 2869 3290; x_wconf 90' lang='lat' dir='ltr'><strong>initio</strong></span> <span class='ocrx_word' id='word_1_638' title='bbox 2893 3249 3084 3291; x_wconf 88' lang='lat' dir='ltr'><strong>eorum</strong></span> <span class='ocrx_word' id='word_1_639' title='bbox 3117 3250 3240 3307; x_wconf 70' lang='lat' dir='ltr'><strong>qua:</strong></span> <span class='ocrx_word' id='word_1_640' title='bbox 3275 3236 3343 3291; x_wconf 90' lang='lat' dir='ltr'><strong>de</strong></span> <span class='ocrx_word' id='word_1_641' title='bbox 3370 3234 3539 3292; x_wconf 88' lang='lat' dir='ltr'><strong>Israel</strong></span> <span class='ocrx_word' id='word_1_642' title='bbox 3569 3237 3710 3293; x_wconf 86' lang='lat' dir='ltr'><strong>lecta</strong></span> 
     </span>
    </p>
   </div>
   <div class='ocr_carea' id='block_1_87' title="bbox 2132 3325 3709 3396">
    <p class='ocr_par' dir='ltr' id='par_1_87' title="bbox 2132 3325 3709 3396">
     <span class='ocr_line' id='line_1_87' title="bbox 2132 3325 3709 3396; baseline -0.001 -13"><span class='ocrx_word' id='word_1_643' title='bbox 2132 3336 2283 3394; x_wconf 88' lang='lat' dir='ltr'><strong>sunt,</strong></span> <span class='ocrx_word' id='word_1_644' title='bbox 2335 3341 2396 3382; x_wconf 92' lang='lat' dir='ltr'><strong>se</strong></span> <span class='ocrx_word' id='word_1_645' title='bbox 2443 3341 2544 3382; x_wconf 89' lang='lat' dir='ltr'><strong>nec</strong></span> <span class='ocrx_word' id='word_1_646' title='bbox 2592 3325 2671 3380; x_wconf 86' lang='lat' dir='ltr'><strong>illi</strong></span> <span class='ocrx_word' id='word_1_647' title='bbox 2722 3325 2896 3381; x_wconf 85' lang='lat' dir='ltr'><strong>fuisse</strong></span> <span class='ocrx_word' id='word_1_648' title='bbox 2947 3326 3322 3396; x_wconf 86' lang='lat' dir='ltr'><strong>solitudinem,</strong></span> <span class='ocrx_word' id='word_1_649' title='bbox 3362 3341 3461 3383; x_wconf 91' lang='lat' dir='ltr'><strong>nec</strong></span> <span class='ocrx_word' id='word_1_650' title='bbox 3510 3336 3709 3383; x_wconf 79' lang='lat' dir='ltr'><strong>terram</strong></span> 
     </span>
    </p>
   </div>
   <div class='ocr_carea' id='block_1_88' title="bbox 2130 3417 3712 3490">
    <p class='ocr_par' dir='ltr' id='par_1_88' title="bbox 2130 3417 3712 3490">
     <span class='ocr_line' id='line_1_88' title="bbox 2130 3417 3712 3490; baseline 0 -16"><span class='ocrx_word' id='word_1_651' title='bbox 2130 3427 2420 3489; x_wconf 81' lang='lat' dir='ltr'><strong>agrestem.</strong></span> <span class='ocrx_word' id='word_1_652' title='bbox 2469 3417 2606 3486; x_wconf 83' lang='lat' dir='ltr'><strong>Quis</strong></span> <span class='ocrx_word' id='word_1_653' title='bbox 2648 3418 2813 3490; x_wconf 89' lang='lat' dir='ltr'><strong>igitur</strong></span> <span class='ocrx_word' id='word_1_654' title='bbox 2852 3432 2976 3474; x_wconf 90' lang='lat' dir='ltr'><strong>cum</strong></span> <span class='ocrx_word' id='word_1_655' title='bbox 3018 3418 3073 3473; x_wconf 90' lang='lat' dir='ltr'><strong>in</strong></span> <span class='ocrx_word' id='word_1_656' title='bbox 3112 3418 3262 3473; x_wconf 88' lang='lat' dir='ltr'><strong>hunc</strong></span> <span class='ocrx_word' id='word_1_657' title='bbox 3289 3419 3469 3474; x_wconf 87' lang='lat' dir='ltr'><strong>locum</strong></span> <span class='ocrx_word' id='word_1_658' title='bbox 3498 3419 3712 3474; x_wconf 82' lang='lat' dir='ltr'><strong>incide-</strong></span> 
     </span>
    </p>
   </div>
   <div class='ocr_carea' id='block_1_89' title="bbox 2130 3510 3710 3583">
    <p class='ocr_par' dir='ltr' id='par_1_89' title="bbox 2130 3510 3710 3583">
     <span class='ocr_line' id='line_1_89' title="bbox 2130 3510 3710 3583; baseline 0.001 -17"><span class='ocrx_word' id='word_1_659' title='bbox 2130 3512 2223 3576; x_wconf 91' lang='lat' dir='ltr'><strong>rit,</strong></span> <span class='ocrx_word' id='word_1_660' title='bbox 2265 3511 2452 3567; x_wconf 89' lang='lat' dir='ltr'><strong>sedula</strong></span> <span class='ocrx_word' id='word_1_661' title='bbox 2492 3510 2843 3583; x_wconf 86' lang='lat' dir='ltr'><strong>indagatione</strong></span> <span class='ocrx_word' id='word_1_662' title='bbox 2874 3526 2985 3565; x_wconf 90' lang='lat' dir='ltr'><strong>non</strong></span> <span class='ocrx_word' id='word_1_663' title='bbox 3013 3511 3265 3580; x_wconf 79' lang='lat' dir='ltr'><strong>exquirat</strong></span> <span class='ocrx_word' id='word_1_664' title='bbox 3296 3526 3518 3567; x_wconf 89' lang='lat' dir='ltr'><strong>sensum</strong></span> <span class='ocrx_word' id='word_1_665' title='bbox 3544 3512 3710 3582; x_wconf 80' lang='lat' dir='ltr'><strong>hujus</strong></span> 
     </span>
    </p>
   </div>
   <div class='ocr_carea' id='block_1_90' title="bbox 2129 3601 3707 3674">
    <p class='ocr_par' dir='ltr' id='par_1_90' title="bbox 2129 3601 3707 3674">
     <span class='ocr_line' id='line_1_90' title="bbox 2129 3601 3707 3674; baseline -0.002 -16"><span class='ocrx_word' id='word_1_666' title='bbox 2129 3603 2364 3674; x_wconf 78' lang='lat' dir='ltr'><strong>scripti?</strong></span> <span class='ocrx_word' id='word_1_667' title='bbox 2407 3602 2610 3658; x_wconf 89' lang='lat' dir='ltr'><strong>Demus</strong></span> <span class='ocrx_word' id='word_1_668' title='bbox 2656 3601 2828 3658; x_wconf 90' lang='lat' dir='ltr'><strong>Deum</strong></span> <span class='ocrx_word' id='word_1_669' title='bbox 2870 3601 3055 3658; x_wconf 89' lang='lat' dir='ltr'><strong>lsraeli</strong></span> <span class='ocrx_word' id='word_1_670' title='bbox 3110 3617 3287 3672; x_wconf 90' lang='lat' dir='ltr'><strong>neque</strong></span> <span class='ocrx_word' id='word_1_671' title='bbox 3336 3602 3707 3669; x_wconf 90' lang='lat' dir='ltr'><strong>solitudinem,</strong></span> 
     </span>
    </p>
   </div>
   <div class='ocr_carea' id='block_1_91' title="bbox 2126 3692 3708 3766">
    <p class='ocr_par' dir='ltr' id='par_1_91' title="bbox 2126 3692 3708 3766">
     <span class='ocr_line' id='line_1_91' title="bbox 2126 3692 3708 3766; baseline -0.001 -15"><span class='ocrx_word' id='word_1_672' title='bbox 2126 3710 2305 3766; x_wconf 87' lang='lat' dir='ltr'><strong>neque</strong></span> <span class='ocrx_word' id='word_1_673' title='bbox 2334 3702 2533 3749; x_wconf 89' lang='lat' dir='ltr'><strong>terram</strong></span> <span class='ocrx_word' id='word_1_674' title='bbox 2563 3703 2829 3765; x_wconf 79' lang='lat' dir='ltr'><strong>agrestem</strong></span> <span class='ocrx_word' id='word_1_675' title='bbox 2864 3692 3069 3749; x_wconf 87' lang='lat' dir='ltr'><strong>factum</strong></span> <span class='ocrx_word' id='word_1_676' title='bbox 3119 3693 3325 3760; x_wconf 89' lang='lat' dir='ltr'><strong>fuisse;</strong></span> <span class='ocrx_word' id='word_1_677' title='bbox 3377 3707 3507 3749; x_wconf 90' lang='lat' dir='ltr'><strong>num</strong></span> <span class='ocrx_word' id='word_1_678' title='bbox 3546 3692 3708 3749; x_wconf 89' lang='lat' dir='ltr'><strong>hodie</strong></span> 
     </span>
    </p>
   </div>
   <div class='ocr_carea' id='block_1_92' title="bbox 2126 3775 3708 3850">
    <p class='ocr_par' dir='ltr' id='par_1_92' title="bbox 2126 3775 3708 3850">
     <span class='ocr_line' id='line_1_92' title="bbox 2126 3775 3708 3850; baseline 0.003 -14"><span class='ocrx_word' id='word_1_679' title='bbox 2126 3782 2311 3839; x_wconf 85' lang='lat' dir='ltr'><strong>lsracli</strong></span> <span class='ocrx_word' id='word_1_680' title='bbox 2364 3782 2543 3838; x_wconf 87' lang='lat' dir='ltr'><strong>factus</strong></span> <span class='ocrx_word' id='word_1_681' title='bbox 2597 3790 2687 3837; x_wconf 79' lang='lat' dir='ltr'><strong>est</strong></span> <span class='ocrx_word' id='word_1_682' title='bbox 2743 3781 3010 3839; x_wconf 88' lang='lat' dir='ltr'><strong>Dominus</strong></span> <span class='ocrx_word' id='word_1_683' title='bbox 3063 3782 3303 3838; x_wconf 87' lang='lat' dir='ltr'><strong>solitudo</strong></span> <span class='ocrx_word' id='word_1_684' title='bbox 3335 3824 3351 3850; x_wconf 86' lang='lat'><strong>,</strong></span> <span class='ocrx_word' id='word_1_685' title='bbox 3409 3775 3522 3838; x_wconf 83' lang='lat' dir='ltr'><strong>aut</strong></span> <span class='ocrx_word' id='word_1_686' title='bbox 3562 3790 3708 3840; x_wconf 80' lang='lat' dir='ltr'><strong>terra</strong></span> 
     </span>
    </p>
   </div>
   <div class='ocr_carea' id='block_1_93' title="bbox 2126 3870 3703 3944">
    <p class='ocr_par' dir='ltr' id='par_1_93' title="bbox 2126 3870 3703 3944">
     <span class='ocr_line' id='line_1_93' title="bbox 2126 3870 3703 3944; baseline 0.001 -18"><span class='ocrx_word' id='word_1_687' title='bbox 2126 3873 2361 3944; x_wconf 84' lang='lat' dir='ltr'><strong>agrestis</strong></span> <span class='ocrx_word' id='word_1_688' title='bbox 2409 3887 2557 3927; x_wconf 90' lang='lat' dir='ltr'><strong>nunc</strong></span> <span class='ocrx_word' id='word_1_689' title='bbox 2600 3871 2679 3926; x_wconf 91' lang='lat' dir='ltr'><strong>illi</strong></span> <span class='ocrx_word' id='word_1_690' title='bbox 2724 3871 2847 3927; x_wconf 78' lang='lat' dir='ltr'><strong>est?</strong></span> <span class='ocrx_word' id='word_1_691' title='bbox 2879 3870 3152 3938; x_wconf 82' lang='lat' dir='ltr'><strong>Quoniam</strong></span> <span class='ocrx_word' id='word_1_692' title='bbox 3179 3887 3330 3939; x_wconf 84' lang='lat' dir='ltr'><strong>vero,</strong></span> <span class='ocrx_word' id='word_1_693' title='bbox 3358 3887 3482 3928; x_wconf 92' lang='lat' dir='ltr'><strong>cum</strong></span> <span class='ocrx_word' id='word_1_694' title='bbox 3519 3871 3703 3927; x_wconf 86' lang='lat' dir='ltr'><strong>lsraeli</strong></span> 
     </span>
    </p>
   </div>
   <div class='ocr_carea' id='block_1_94' title="bbox 2126 3962 3705 4034">
    <p class='ocr_par' dir='ltr' id='par_1_94' title="bbox 2126 3962 3705 4034">
     <span class='ocr_line' id='line_1_94' title="bbox 2126 3962 3705 4034; baseline 0.001 -17"><span class='ocrx_word' id='word_1_695' title='bbox 2126 3977 2235 4017; x_wconf 89' lang='lat' dir='ltr'><strong>non</strong></span> <span class='ocrx_word' id='word_1_696' title='bbox 2284 3970 2403 4019; x_wconf 89' lang='lat' dir='ltr'><strong>erat</strong></span> <span class='ocrx_word' id='word_1_697' title='bbox 2437 3962 2698 4030; x_wconf 86' lang='lat' dir='ltr'><strong>solitudo,</strong></span> <span class='ocrx_word' id='word_1_698' title='bbox 2750 3977 2929 4033; x_wconf 85' lang='lat' dir='ltr'><strong>neque</strong></span> <span class='ocrx_word' id='word_1_699' title='bbox 2971 3970 3112 4017; x_wconf 82' lang='lat' dir='ltr'><strong>terra</strong></span> <span class='ocrx_word' id='word_1_700' title='bbox 3157 3964 3412 4032; x_wconf 78' lang='lat' dir='ltr'><strong>agrestis,</strong></span> <span class='ocrx_word' id='word_1_701' title='bbox 3449 3963 3705 4034; x_wconf 86' lang='lat' dir='ltr'><strong>gentibus</strong></span> 
     </span>
    </p>
   </div>
   <div class='ocr_carea' id='block_1_95' title="bbox 2122 4055 3701 4127">
    <p class='ocr_par' dir='ltr' id='par_1_95' title="bbox 2122 4055 3701 4127">
     <span class='ocr_line' id='line_1_95' title="bbox 2122 4055 3701 4127; baseline 0 -14"><span class='ocrx_word' id='word_1_702' title='bbox 2122 4065 2243 4113; x_wconf 86' lang='lat' dir='ltr'><strong>erat</strong></span> <span class='ocrx_word' id='word_1_703' title='bbox 2272 4056 2509 4113; x_wconf 88' lang='lat' dir='ltr'><strong>solitudo</strong></span> <span class='ocrx_word' id='word_1_704' title='bbox 2539 4066 2594 4111; x_wconf 89' lang='lat' dir='ltr'><strong>et</strong></span> <span class='ocrx_word' id='word_1_705' title='bbox 2632 4064 2775 4112; x_wconf 85' lang='lat' dir='ltr'><strong>terra</strong></span> <span class='ocrx_word' id='word_1_706' title='bbox 2826 4055 3078 4127; x_wconf 81' lang='lat' dir='ltr'><strong>agrestis,</strong></span> <span class='ocrx_word' id='word_1_707' title='bbox 3130 4056 3329 4110; x_wconf 84' lang='lat' dir='ltr'><strong>idcirco</strong></span> <span class='ocrx_word' id='word_1_708' title='bbox 3381 4056 3492 4112; x_wconf 61' lang='lat' dir='ltr'><strong>haec</strong></span> <span class='ocrx_word' id='word_1_709' title='bbox 3545 4056 3701 4113; x_wconf 81' lang='lat' dir='ltr'><strong>dicit.</strong></span> 
     </span>
    </p>
   </div>
   <div class='ocr_carea' id='block_1_96' title="bbox 2125 4146 3702 4219">
    <p class='ocr_par' dir='ltr' id='par_1_96' title="bbox 2125 4146 3702 4219">
     <span class='ocr_line' id='line_1_96' title="bbox 2125 4146 3702 4219; baseline -0.001 -14"><span class='ocrx_word' id='word_1_710' title='bbox 2125 4149 2183 4205; x_wconf 89' lang='lat' dir='ltr'><strong>Si</strong></span> <span class='ocrx_word' id='word_1_711' title='bbox 2224 4150 2369 4205; x_wconf 89' lang='lat' dir='ltr'><strong>enim</strong></span> <span class='ocrx_word' id='word_1_712' title='bbox 2415 4149 2671 4204; x_wconf 87' lang='lat' dir='ltr'><strong>omnibus</strong></span> <span class='ocrx_word' id='word_1_713' title='bbox 2704 4163 2921 4219; x_wconf 87' lang='lat' dir='ltr'><strong>semper</strong></span> <span class='ocrx_word' id='word_1_714' title='bbox 2942 4163 3052 4205; x_wconf 90' lang='lat' dir='ltr'><strong>non</strong></span> <span class='ocrx_word' id='word_1_715' title='bbox 3080 4146 3321 4204; x_wconf 88' lang='lat' dir='ltr'><strong>solitudo</strong></span> <span class='ocrx_word' id='word_1_716' title='bbox 3343 4157 3447 4217; x_wconf 79' lang='lat' dir='ltr'><strong>est,</strong></span> <span class='ocrx_word' id='word_1_717' title='bbox 3477 4157 3531 4205; x_wconf 91' lang='lat' dir='ltr'><strong>et</strong></span> <span class='ocrx_word' id='word_1_718' title='bbox 3553 4164 3702 4205; x_wconf 85' lang='lat' dir='ltr'><strong>sem-</strong></span> 
     </span>
    </p>
   </div>
   <div class='ocr_carea' id='block_1_97' title="bbox 2053 4234 3704 4314">
    <p class='ocr_par' dir='ltr' id='par_1_97' title="bbox 2053 4234 3704 4314">
     <span class='ocr_line' id='line_1_97' title="bbox 2053 4234 3704 4314; baseline 0.001 -17"><span class='ocrx_word' id='word_1_719' title='bbox 2053 4234 2095 4289; x_wconf 83' lang='lat' dir='ltr'><strong>D</strong></span> <span class='ocrx_word' id='word_1_720' title='bbox 2123 4257 2220 4314; x_wconf 89' lang='lat' dir='ltr'><strong>per</strong></span> <span class='ocrx_word' id='word_1_721' title='bbox 2255 4242 2512 4297; x_wconf 88' lang='lat' dir='ltr'><strong>onmibus</strong></span> <span class='ocrx_word' id='word_1_722' title='bbox 2551 4248 2636 4298; x_wconf 91' lang='lat' dir='ltr'><strong>est</strong></span> <span class='ocrx_word' id='word_1_723' title='bbox 2664 4251 2807 4296; x_wconf 84' lang='lat' dir='ltr'><strong>terra</strong></span> <span class='ocrx_word' id='word_1_724' title='bbox 2840 4256 2950 4297; x_wconf 91' lang='lat' dir='ltr'><strong>non</strong></span> <span class='ocrx_word' id='word_1_725' title='bbox 2977 4240 3229 4312; x_wconf 85' lang='lat' dir='ltr'><strong>agrestis,</strong></span> <span class='ocrx_word' id='word_1_726' title='bbox 3256 4240 3387 4311; x_wconf 88' lang='lat' dir='ltr'><strong>quid</strong></span> <span class='ocrx_word' id='word_1_727' title='bbox 3423 4256 3561 4311; x_wconf 89' lang='lat' dir='ltr'><strong>opus</strong></span> <span class='ocrx_word' id='word_1_728' title='bbox 3585 4250 3704 4299; x_wconf 82' lang='lat' dir='ltr'><strong>erat</strong></span> 
     </span>
    </p>
   </div>
   <div class='ocr_carea' id='block_1_98' title="bbox 2120 4331 3704 4404">
    <p class='ocr_par' dir='ltr' id='par_1_98' title="bbox 2120 4331 3704 4404">
     <span class='ocr_line' id='line_1_98' title="bbox 2120 4331 3704 4404; baseline -0.001 -14"><span class='ocrx_word' id='word_1_729' title='bbox 2120 4334 2189 4390; x_wconf 90' lang='lat' dir='ltr'><strong>ad</strong></span> <span class='ocrx_word' id='word_1_730' title='bbox 2235 4332 2402 4391; x_wconf 86' lang='lat' dir='ltr'><strong>Israel</strong></span> <span class='ocrx_word' id='word_1_731' title='bbox 2448 4332 2804 4404; x_wconf 78' lang='lat' dir='ltr'><strong>peculiariter</strong></span> <span class='ocrx_word' id='word_1_732' title='bbox 2847 4332 2955 4389; x_wconf 89' lang='lat' dir='ltr'><strong>dici</strong></span> <span class='ocrx_word' id='word_1_733' title='bbox 3005 4351 3020 4388; x_wconf 88' lang='lat'><strong>:</strong></span> <span class='ocrx_word' id='word_1_734' title='bbox 3060 4331 3316 4403; x_wconf 83' lang='lat' dir='ltr'><strong>Nunquid</strong></span> <span class='ocrx_word' id='word_1_735' title='bbox 3354 4333 3583 4388; x_wconf 78' lang='lat' dir='ltr'><strong>solitudo</strong></span> <span class='ocrx_word' id='word_1_736' title='bbox 3618 4334 3704 4404; x_wconf 75' lang='lat' dir='ltr'><strong>fa-</strong></span> 
     </span>
    </p>
   </div>
   <div class='ocr_carea' id='block_1_99' title="bbox 2122 4424 3702 4497">
    <p class='ocr_par' dir='ltr' id='par_1_99' title="bbox 2122 4424 3702 4497">
     <span class='ocr_line' id='line_1_99' title="bbox 2122 4424 3702 4497; baseline 0.001 -17"><span class='ocrx_word' id='word_1_737' title='bbox 2122 4436 2238 4482; x_wconf 88' lang='lat' dir='ltr'><strong>ctus</strong></span> <span class='ocrx_word' id='word_1_738' title='bbox 2268 4443 2386 4480; x_wconf 88' lang='lat' dir='ltr'><strong>sum</strong></span> <span class='ocrx_word' id='word_1_739' title='bbox 2425 4428 2605 4480; x_wconf 86' lang='lat' dir='ltr'><strong>domui</strong></span> <span class='ocrx_word' id='word_1_740' title='bbox 2644 4424 2837 4492; x_wconf 82' lang='lat' dir='ltr'><strong>Israel,</strong></span> <span class='ocrx_word' id='word_1_741' title='bbox 2873 4425 2954 4480; x_wconf 76' lang='lat' dir='ltr'><strong>vel</strong></span> <span class='ocrx_word' id='word_1_742' title='bbox 2985 4436 3126 4481; x_wconf 88' lang='lat' dir='ltr'><strong>terra</strong></span> <span class='ocrx_word' id='word_1_743' title='bbox 3158 4426 3422 4496; x_wconf 82' lang='lat' dir='ltr'><strong>agrestis?</strong></span> <span class='ocrx_word' id='word_1_744' title='bbox 3473 4425 3577 4481; x_wconf 86' lang='lat' dir='ltr'><strong>Sed</strong></span> <span class='ocrx_word' id='word_1_745' title='bbox 3609 4442 3702 4497; x_wconf 83' lang='lat' dir='ltr'><strong>ge-</strong></span> 
     </span>
    </p>
   </div>
   <div class='ocr_carea' id='block_1_100' title="bbox 2123 4517 3702 4592">
    <p class='ocr_par' dir='ltr' id='par_1_100' title="bbox 2123 4517 3702 4592">
     <span class='ocr_line' id='line_1_100' title="bbox 2123 4517 3702 4592; baseline 0.001 -19"><span class='ocrx_word' id='word_1_746' title='bbox 2123 4519 2325 4575; x_wconf 88' lang='lat' dir='ltr'><strong>neralia</strong></span> <span class='ocrx_word' id='word_1_747' title='bbox 2374 4521 2613 4590; x_wconf 89' lang='lat' dir='ltr'><strong>primum</strong></span> <span class='ocrx_word' id='word_1_748' title='bbox 2664 4517 2759 4575; x_wconf 90' lang='lat' dir='ltr'><strong>Dei</strong></span> <span class='ocrx_word' id='word_1_749' title='bbox 2818 4518 3101 4588; x_wconf 73' lang='lat' dir='ltr'><strong>beneficia,</strong></span> <span class='ocrx_word' id='word_1_750' title='bbox 3161 4519 3352 4575; x_wconf 89' lang='lat' dir='ltr'><strong>deinde</strong></span> <span class='ocrx_word' id='word_1_751' title='bbox 3402 4517 3702 4592; x_wconf 86' lang='lat' dir='ltr'><strong>singularia</strong></span> 
     </span>
    </p>
   </div>
   <div class='ocr_carea' id='block_1_101' title="bbox 2125 4609 2653 4666">
    <p class='ocr_par' dir='ltr' id='par_1_101' title="bbox 2125 4609 2653 4666">
     <span class='ocr_line' id='line_1_101' title="bbox 2125 4609 2653 4666; baseline -0.002 -1"><span class='ocrx_word' id='word_1_752' title='bbox 2125 4609 2479 4666; x_wconf 87' lang='lat' dir='ltr'><strong>considerare</strong></span> <span class='ocrx_word' id='word_1_753' title='bbox 2510 4610 2653 4665; x_wconf 72' lang='lat' dir='ltr'><strong>licet.</strong></span> 
     </span>
    </p>
   </div>
   <div class='ocr_carea' id='block_1_102' title="bbox 2185 4795 3713 4868">
    <p class='ocr_par' dir='ltr' id='par_1_102' title="bbox 2185 4795 3713 4868">
     <span class='ocr_line' id='line_1_102' title="bbox 2185 4795 3713 4868; baseline -0.005 -11"><span class='ocrx_word' id='word_1_754' title='bbox 2185 4801 2244 4856; x_wconf 74' lang='lat'><strong>2.</strong></span> <span class='ocrx_word' id='word_1_755' title='bbox 2267 4797 2481 4854; x_wconf 76' lang='lat' dir='ltr'><strong>Nemini</strong></span> <span class='ocrx_word' id='word_1_756' title='bbox 2513 4797 2654 4854; x_wconf 88' lang='lat' dir='ltr'><strong>Deus</strong></span> <span class='ocrx_word' id='word_1_757' title='bbox 2684 4806 2769 4854; x_wconf 88' lang='lat' dir='ltr'><strong>est</strong></span> <span class='ocrx_word' id='word_1_758' title='bbox 2786 4798 3044 4863; x_wconf 88' lang='lat' dir='ltr'><strong>solitudo,</strong></span> <span class='ocrx_word' id='word_1_759' title='bbox 3072 4797 3163 4868; x_wconf 85' lang='lat' dir='ltr'><strong>qui</strong></span> <span class='ocrx_word' id='word_1_760' title='bbox 3193 4796 3353 4851; x_wconf 80' lang='lat' dir='ltr'><strong>solem</strong></span> <span class='ocrx_word' id='word_1_761' title='bbox 3383 4810 3537 4850; x_wconf 86' lang='lat' dir='ltr'><strong>suum</strong></span> <span class='ocrx_word' id='word_1_762' title='bbox 3567 4795 3713 4851; x_wconf 79' lang='lat' dir='ltr'><strong>oriri</strong></span> 
     </span>
    </p>
   </div>
   <div class='ocr_carea' id='block_1_103' title="bbox 2118 4888 3699 4964">
    <p class='ocr_par' dir='ltr' id='par_1_103' title="bbox 2118 4888 3699 4964">
     <span class='ocr_line' id='line_1_103' title="bbox 2118 4888 3699 4964; baseline -0.003 -17"><span class='ocrx_word' id='word_1_763' title='bbox 2118 4893 2252 4964; x_wconf 79' lang='lat' dir='ltr'><strong>facit</strong></span> <span class='ocrx_word' id='word_1_764' title='bbox 2303 4907 2460 4961; x_wconf 83' lang='lat' dir='ltr'><strong>super</strong></span> <span class='ocrx_word' id='word_1_765' title='bbox 2505 4893 2665 4946; x_wconf 83' lang='lat' dir='ltr'><strong>bonos</strong></span> <span class='ocrx_word' id='word_1_766' title='bbox 2704 4902 2754 4946; x_wconf 87' lang='lat' dir='ltr'><strong>et</strong></span> <span class='ocrx_word' id='word_1_767' title='bbox 2797 4891 3002 4957; x_wconf 84' lang='lat' dir='ltr'><strong>malos;</strong></span> <span class='ocrx_word' id='word_1_768' title='bbox 3032 4890 3237 4946; x_wconf 87' lang='lat' dir='ltr'><strong>nemini</strong></span> <span class='ocrx_word' id='word_1_769' title='bbox 3271 4898 3415 4945; x_wconf 86' lang='lat' dir='ltr'><strong>terra</strong></span> <span class='ocrx_word' id='word_1_770' title='bbox 3444 4888 3699 4959; x_wconf 83' lang='lat' dir='ltr'><strong>agrestis,</strong></span> 
     </span>
    </p>
   </div>
   <div class='ocr_carea' id='block_1_104' title="bbox 2118 4977 3704 5056">
    <p class='ocr_par' dir='ltr' id='par_1_104' title="bbox 2118 4977 3704 5056">
     <span class='ocr_line' id='line_1_104' title="bbox 2118 4977 3704 5056; baseline -0.004 -17"><span class='ocrx_word' id='word_1_771' title='bbox 2118 4984 2210 5056; x_wconf 85' lang='lat' dir='ltr'><strong>qui</strong></span> <span class='ocrx_word' id='word_1_772' title='bbox 2259 4985 2396 5055; x_wconf 81' lang='lat' dir='ltr'><strong>pluit</strong></span> <span class='ocrx_word' id='word_1_773' title='bbox 2447 5001 2603 5055; x_wconf 83' lang='lat' dir='ltr'><strong>super</strong></span> <span class='ocrx_word' id='word_1_774' title='bbox 2635 4983 2811 5054; x_wconf 79' lang='lat' dir='ltr'><strong>justas</strong></span> <span class='ocrx_word' id='word_1_775' title='bbox 2839 4996 2887 5039; x_wconf 89' lang='lat' dir='ltr'><strong>et</strong></span> <span class='ocrx_word' id='word_1_776' title='bbox 2923 4984 3150 5054; x_wconf 86' lang='lat' dir='ltr'><strong>injustas</strong></span> <span class='ocrx_word' id='word_1_777' title='bbox 3185 4983 3250 5037; x_wconf 71' lang='grc'><strong>⁸⁸.</strong></span> <span class='ocrx_word' id='word_1_778' title='bbox 3292 4981 3582 5050; x_wconf 89' lang='lat' dir='ltr'><strong>Quomodo</strong></span> <span class='ocrx_word' id='word_1_779' title='bbox 3630 4977 3704 5034; x_wconf 88' lang='lat' dir='ltr'><strong>sit</strong></span> 
     </span>
    </p>
   </div>
   <div class='ocr_carea' id='block_1_105' title="bbox 2122 5072 3698 5147">
    <p class='ocr_par' dir='ltr' id='par_1_105' title="bbox 2122 5072 3698 5147">
     <span class='ocr_line' id='line_1_105' title="bbox 2122 5072 3698 5147; baseline -0.004 -15"><span class='ocrx_word' id='word_1_780' title='bbox 2122 5075 2388 5143; x_wconf 88' lang='lat' dir='ltr'><strong>solitudo,</strong></span> <span class='ocrx_word' id='word_1_781' title='bbox 2411 5077 2507 5147; x_wconf 91' lang='lat' dir='ltr'><strong>qui</strong></span> <span class='ocrx_word' id='word_1_782' title='bbox 2552 5077 2697 5141; x_wconf 72' lang='lat' dir='ltr'><strong>diem</strong></span> <span class='ocrx_word' id='word_1_783' title='bbox 2744 5076 2975 5147; x_wconf 73' lang='lat' dir='ltr'><strong>profert,</strong></span> <span class='ocrx_word' id='word_1_784' title='bbox 3020 5086 3073 5131; x_wconf 90' lang='lat' dir='ltr'><strong>et</strong></span> <span class='ocrx_word' id='word_1_785' title='bbox 3107 5088 3322 5131; x_wconf 91' lang='lat' dir='ltr'><strong>noctem</strong></span> <span class='ocrx_word' id='word_1_786' title='bbox 3363 5073 3429 5129; x_wconf 90' lang='lat' dir='ltr'><strong>ad</strong></span> <span class='ocrx_word' id='word_1_787' title='bbox 3459 5072 3698 5142; x_wconf 88' lang='lat' dir='ltr'><strong>quietem</strong></span> 
     </span>
    </p>
   </div>
   <div class='ocr_carea' id='block_1_106' title="bbox 2122 5167 3701 5243">
    <p class='ocr_par' dir='ltr' id='par_1_106' title="bbox 2122 5167 3701 5243">
     <span class='ocr_line' id='line_1_106' title="bbox 2122 5167 3701 5243; baseline -0.004 -17"><span class='ocrx_word' id='word_1_788' title='bbox 2122 5170 2249 5226; x_wconf 85' lang='lat' dir='ltr'><strong>dat?</strong></span> <span class='ocrx_word' id='word_1_789' title='bbox 2296 5169 2586 5237; x_wconf 89' lang='lat' dir='ltr'><strong>Quomodo</strong></span> <span class='ocrx_word' id='word_1_790' title='bbox 2633 5172 2871 5227; x_wconf 89' lang='lat' dir='ltr'><strong>solitudo</strong></span> <span class='ocrx_word' id='word_1_791' title='bbox 2913 5172 3005 5243; x_wconf 91' lang='lat' dir='ltr'><strong>qui</strong></span> <span class='ocrx_word' id='word_1_792' title='bbox 3059 5171 3375 5242; x_wconf 81' lang='lat' dir='ltr'><strong>frugiferam</strong></span> <span class='ocrx_word' id='word_1_793' title='bbox 3417 5167 3549 5222; x_wconf 81' lang='lat' dir='ltr'><strong>facit</strong></span> <span class='ocrx_word' id='word_1_794' title='bbox 3591 5174 3701 5221; x_wconf 90' lang='lat' dir='ltr'><strong>ter-</strong></span> 
     </span>
    </p>
   </div>
   <div class='ocr_carea' id='block_1_107' title="bbox 2122 5258 3700 5334">
    <p class='ocr_par' dir='ltr' id='par_1_107' title="bbox 2122 5258 3700 5334">
     <span class='ocr_line' id='line_1_107' title="bbox 2122 5258 3700 5334; baseline -0.004 -16"><span class='ocrx_word' id='word_1_795' title='bbox 2122 5262 2285 5318; x_wconf 73' lang='lat' dir='ltr'><strong>rami</strong></span> <span class='ocrx_word' id='word_1_796' title='bbox 2320 5261 2606 5330; x_wconf 84' lang='lat' dir='ltr'><strong>Quomodo</strong></span> <span class='ocrx_word' id='word_1_797' title='bbox 2635 5263 2872 5320; x_wconf 91' lang='lat' dir='ltr'><strong>solitudo</strong></span> <span class='ocrx_word' id='word_1_798' title='bbox 2905 5263 2998 5334; x_wconf 90' lang='lat' dir='ltr'><strong>qui</strong></span> <span class='ocrx_word' id='word_1_799' title='bbox 3031 5263 3299 5334; x_wconf 84' lang='lat' dir='ltr'><strong>cujusque</strong></span> <span class='ocrx_word' id='word_1_800' title='bbox 3336 5258 3580 5315; x_wconf 82' lang='lat' dir='ltr'><strong>animum</strong></span> <span class='ocrx_word' id='word_1_801' title='bbox 3611 5270 3700 5312; x_wconf 80' lang='lat' dir='ltr'><strong>re-</strong></span> 
     </span>
    </p>
   </div>
   <div class='ocr_carea' id='block_1_108' title="bbox 511 5420 2034 5495">
    <p class='ocr_par' dir='ltr' id='par_1_108' title="bbox 511 5420 2034 5493">
     <span class='ocr_line' id='line_1_108' title="bbox 511 5420 2034 5493; baseline 0.005 -19"><span class='ocrx_word' id='word_1_802' title='bbox 511 5420 556 5450; x_wconf 73' lang='lat'>“</span> <span class='ocrx_word' id='word_1_803' title='bbox 577 5420 679 5475; x_wconf 78' lang='lat' dir='ltr'><strong>lsa.</strong></span> <span class='ocrx_word' id='word_1_804' title='bbox 707 5436 785 5488; x_wconf 78' lang='lat' dir='ltr'><strong>xl,</strong></span> <span class='ocrx_word' id='word_1_805' title='bbox 810 5423 863 5478; x_wconf 81' lang='lat' dir='ltr'><strong>i.</strong></span> <span class='ocrx_word' id='word_1_806' title='bbox 938 5423 981 5457; x_wconf 80' lang='grc'><strong>⁶¹</strong></span> <span class='ocrx_word' id='word_1_807' title='bbox 1008 5421 1141 5480; x_wconf 84' lang='lat' dir='ltr'><strong>Heb.</strong></span> <span class='ocrx_word' id='word_1_808' title='bbox 1173 5439 1274 5493; x_wconf 87' lang='lat' dir='ltr'><strong>xu,</strong></span> <span class='ocrx_word' id='word_1_809' title='bbox 1296 5425 1390 5482; x_wconf 71' lang='lat'><strong>29.</strong></span> <span class='ocrx_word' id='word_1_810' title='bbox 1464 5427 1508 5459; x_wconf 79' lang='grc'><strong>⁶¹</strong></span> <span class='ocrx_word' id='word_1_811' title='bbox 1531 5428 1552 5480; x_wconf 89' lang='grc' dir='ltr'><strong>Ι</strong></span> <span class='ocrx_word' id='word_1_812' title='bbox 1572 5425 1729 5482; x_wconf 81' lang='lat' dir='ltr'><strong>Joan.</strong></span> <span class='ocrx_word' id='word_1_813' title='bbox 1755 5443 1793 5493; x_wconf 90' lang='grc' dir='ltr'><strong>ι,</strong></span> <span class='ocrx_word' id='word_1_814' title='bbox 1818 5428 1872 5484; x_wconf 82' lang='lat'><strong>5.</strong></span> <span class='ocrx_word' id='word_1_815' title='bbox 1948 5424 2034 5481; x_wconf 78' lang='lat' dir='ltr'><strong>&quot;J</strong></span> 
     </span>
    </p>
   </div>
   <div class='ocr_carea' id='block_1_109' title="bbox 2136 5420 2947 5495">
    <p class='ocr_par' dir='ltr' id='par_1_109' title="bbox 2136 5426 2947 5495">
     <span class='ocr_line' id='line_1_109' title="bbox 2136 5426 2947 5495; baseline 0 -12"><span class='ocrx_word' id='word_1_816' title='bbox 2136 5442 2210 5483; x_wconf 88' lang='lat' dir='ltr'><strong>m.</strong></span> <span class='ocrx_word' id='word_1_817' title='bbox 2238 5442 2301 5495; x_wconf 85' lang='lat' dir='ltr'><strong>tl,</strong></span> <span class='ocrx_word' id='word_1_818' title='bbox 2326 5428 2414 5483; x_wconf 77' lang='lat' dir='ltr'><strong>5i.</strong></span> <span class='ocrx_word' id='word_1_819' title='bbox 2492 5429 2538 5461; x_wconf 69' lang='grc'>⁸³</span> <span class='ocrx_word' id='word_1_820' title='bbox 2556 5426 2751 5485; x_wconf 83' lang='lat' dir='ltr'><strong>Matth.</strong></span> <span class='ocrx_word' id='word_1_821' title='bbox 2775 5443 2829 5495; x_wconf 90' lang='lat' dir='ltr'><strong>v,</strong></span> <span class='ocrx_word' id='word_1_822' title='bbox 2857 5429 2947 5484; x_wconf 73' lang='grc'><strong>45.</strong></span> 
     </span>
    </p>
   </div>
   <div class='ocr_carea' id='block_1_110' title="bbox 510 5578 2009 5651">
    <p class='ocr_par' dir='ltr' id='par_1_110' title="bbox 510 5578 2009 5651">
     <span class='ocr_line' id='line_1_110' title="bbox 510 5578 2009 5651; baseline 0.01 -22"><span class='ocrx_word' id='word_1_823' title='bbox 510 5578 586 5629; x_wconf 74' lang='lat' dir='ltr'><strong>Ill</strong></span> <span class='ocrx_word' id='word_1_824' title='bbox 609 5582 748 5651; x_wconf 65' lang='grc' dir='ltr'><strong>Δοιήε</strong></span> <span class='ocrx_word' id='word_1_825' title='bbox 776 5580 1147 5651; x_wconf 56' lang='lat' dir='ltr'><strong>armarium.</strong></span> <span class='ocrx_word' id='word_1_826' title='bbox 1185 5581 1278 5640; x_wconf 89' lang='lat' dir='ltr'><strong>Sic</strong></span> <span class='ocrx_word' id='word_1_827' title='bbox 1310 5584 1474 5641; x_wconf 85' lang='lat' dir='ltr'><strong>habet</strong></span> <span class='ocrx_word' id='word_1_828' title='bbox 1498 5585 1667 5642; x_wconf 86' lang='lat' dir='ltr'><strong>codex</strong></span> <span class='ocrx_word' id='word_1_829' title='bbox 1693 5584 2009 5646; x_wconf 82' lang='lat' dir='ltr'><strong>Vaticanus:</strong></span> 
     </span>
    </p>
   </div>
   <div class='ocr_carea' id='block_1_111' title="bbox 432 5645 1786 5744">
    <p class='ocr_par' dir='ltr' id='par_1_111' title="bbox 432 5645 1786 5744">
     <span class='ocr_line' id='line_1_111' title="bbox 432 5645 1786 5744; baseline 0.001 -1"><span class='ocrx_word' id='word_1_830' title='bbox 432 5656 490 5708; x_wconf 68' lang='grc' dir='ltr'>αι</span> <span class='ocrx_word' id='word_1_831' title='bbox 507 5645 1076 5744; x_wconf 35' lang='lat' dir='ltr'><strong>sufﬁt???“</strong></span> <span class='ocrx_word' id='word_1_832' title='bbox 1100 5671 1114 5706; x_wconf 75' lang='grc' dir='ltr'><strong>ε</strong></span> <span class='ocrx_word' id='word_1_833' title='bbox 1141 5653 1243 5744; x_wconf 69' lang='grc' dir='ltr'>οιέκ</span> <span class='ocrx_word' id='word_1_834' title='bbox 1270 5655 1473 5744; x_wconf 55' lang='lat' dir='ltr'><strong>“Fiet!</strong></span> <span class='ocrx_word' id='word_1_835' title='bbox 1500 5655 1786 5744; x_wconf 52' lang='grc' dir='ltr'><strong>ἐξετάζειν·</strong></span> 
     </span>
    </p>
   </div>
   <div class='ocr_carea' id='block_1_112' title="bbox 506 5718 2004 5799">
    <p class='ocr_par' dir='ltr' id='par_1_112' title="bbox 506 5718 2004 5799">
     <span class='ocr_line' id='line_1_112' title="bbox 506 5718 2004 5799; baseline 0.007 -26"><span class='ocrx_word' id='word_1_836' title='bbox 506 5719 581 5799; x_wconf 60' lang='grc' dir='ltr'><strong>β)</strong></span> <span class='ocrx_word' id='word_1_837' title='bbox 621 5718 801 5799; x_wconf 71' lang='lat' dir='ltr'><strong>Codex</strong></span> <span class='ocrx_word' id='word_1_838' title='bbox 830 5719 1143 5799; x_wconf 60' lang='lat' dir='ltr'><strong>Vaticanus,</strong></span> <span class='ocrx_word' id='word_1_839' title='bbox 1175 5726 1235 5778; x_wconf 83' lang='grc' dir='ltr'>ὲν</span> <span class='ocrx_word' id='word_1_840' title='bbox 1263 5723 1342 5799; x_wconf 64' lang='grc' dir='ltr'>τῷ</span> <span class='ocrx_word' id='word_1_841' title='bbox 1384 5718 1618 5799; x_wconf 57' lang='grc' dir='ltr'>ιιᾱρᾳῆλ.</span> <span class='ocrx_word' id='word_1_842' title='bbox 1668 5718 1809 5784; x_wconf 81' lang='lat' dir='ltr'><strong>idem</strong></span> <span class='ocrx_word' id='word_1_843' title='bbox 1839 5729 2004 5798; x_wconf 71' lang='lat' dir='ltr'><strong>paulo</strong></span> 
     </span>
    </p>
   </div>
   <div class='ocr_carea' id='block_1_113' title="bbox 435 5787 2005 5871">
    <p class='ocr_par' dir='ltr' id='par_1_113' title="bbox 435 5787 2005 5871">
     <span class='ocr_line' id='line_1_113' title="bbox 435 5787 2005 5871; baseline 0.009 -28"><span class='ocrx_word' id='word_1_844' title='bbox 435 5787 576 5845; x_wconf 74' lang='lat' dir='ltr'><strong>inira</strong></span> <span class='ocrx_word' id='word_1_845' title='bbox 602 5789 825 5847; x_wconf 85' lang='lat' dir='ltr'><strong>omisit:</strong></span> <span class='ocrx_word' id='word_1_846' title='bbox 852 5793 901 5845; x_wconf 86' lang='grc' dir='ltr'>εἱ</span> <span class='ocrx_word' id='word_1_847' title='bbox 929 5792 1035 5864; x_wconf 80' lang='grc' dir='ltr'><strong>γὰρ</strong></span> <span class='ocrx_word' id='word_1_848' title='bbox 1064 5795 1228 5850; x_wconf 71' lang='grc' dir='ltr'>πᾶσιν</span> <span class='ocrx_word' id='word_1_849' title='bbox 1250 5787 1339 5851; x_wconf 63' lang='grc' dir='ltr'>ἀεὶ</span> <span class='ocrx_word' id='word_1_850' title='bbox 1362 5787 1473 5861; x_wconf 70' lang='grc' dir='ltr'>σῦκ’</span> <span class='ocrx_word' id='word_1_851' title='bbox 1490 5787 1693 5871; x_wconf 55' lang='grc' dir='ltr'>ἕρῇμός</span> <span class='ocrx_word' id='word_1_852' title='bbox 1718 5787 1883 5865; x_wconf 70' lang='grc' dir='ltr'>ἐςτιν,</span> <span class='ocrx_word' id='word_1_853' title='bbox 1910 5802 2005 5857; x_wconf 77' lang='grc' dir='ltr'>καὶ</span> 
     </span>
    </p>
   </div>
   <div class='ocr_carea' id='block_1_114' title="bbox 2120 5589 3202 5661">
    <p class='ocr_par' dir='ltr' id='par_1_114' title="bbox 2120 5589 3202 5661">
     <span class='ocr_line' id='line_1_114' title="bbox 2120 5589 3202 5661; baseline -0.001 -19"><span class='ocrx_word' id='word_1_854' title='bbox 2120 5589 2286 5661; x_wconf 78' lang='grc' dir='ltr'>πᾶσιν</span> <span class='ocrx_word' id='word_1_855' title='bbox 2306 5590 2400 5661; x_wconf 66' lang='grc' dir='ltr'><strong>ἀεί</strong></span> <span class='ocrx_word' id='word_1_856' title='bbox 2427 5591 2574 5645; x_wconf 77' lang='grc' dir='ltr'>ἐστιν</span> <span class='ocrx_word' id='word_1_857' title='bbox 2600 5590 2668 5661; x_wconf 73' lang='grc' dir='ltr'>οὐ</span> <span class='ocrx_word' id='word_1_858' title='bbox 2693 5589 2762 5660; x_wconf 84' lang='grc' dir='ltr'>γῆ</span> <span class='ocrx_word' id='word_1_859' title='bbox 2794 5590 3202 5661; x_wconf 81' lang='grc' dir='ltr'>κεχερσωμένη.</span> 
     </span>
    </p>
   </div>
   <div class='ocr_carea' id='block_1_115' title="bbox 2187 5656 3691 5729">
    <p class='ocr_par' dir='ltr' id='par_1_115' title="bbox 2187 5656 3691 5729">
     <span class='ocr_line' id='line_1_115' title="bbox 2187 5656 3691 5729; baseline 0.002 -15"><span class='ocrx_word' id='word_1_860' title='bbox 2187 5660 2266 5729; x_wconf 82' lang='grc'><strong>(5)</strong></span> <span class='ocrx_word' id='word_1_861' title='bbox 2306 5659 2362 5713; x_wconf 90' lang='lat' dir='ltr'><strong>In</strong></span> <span class='ocrx_word' id='word_1_862' title='bbox 2397 5661 2583 5729; x_wconf 77' lang='lat' dir='ltr'><strong>codice</strong></span> <span class='ocrx_word' id='word_1_863' title='bbox 2598 5656 3231 5729; x_wconf 59' lang='lat' dir='ltr'><strong>Vaticano&#39;deest&#39;abe&#39;oﬁ</strong></span> <span class='ocrx_word' id='word_1_864' title='bbox 3253 5656 3691 5729; x_wconf 77' lang='grc' dir='ltr'>οικατασαίνειν.</span> 
     </span>
    </p>
   </div>
   <div class='ocr_carea' id='block_1_116' title="bbox 2188 5727 3555 5803">
    <p class='ocr_par' dir='ltr' id='par_1_116' title="bbox 2188 5727 3555 5803">
     <span class='ocr_line' id='line_1_116' title="bbox 2188 5727 3555 5803; baseline 0.002 -20"><span class='ocrx_word' id='word_1_865' title='bbox 2188 5727 2267 5803; x_wconf 55' lang='grc' dir='ltr'>(τί)</span> <span class='ocrx_word' id='word_1_866' title='bbox 2304 5727 2886 5803; x_wconf 47' lang='lat' dir='ltr'><strong>godcxscorialcnsis</strong></span> <span class='ocrx_word' id='word_1_867' title='bbox 2908 5727 3095 5803; x_wconf 70' lang='lat' dir='ltr'><strong>habet,</strong></span> <span class='ocrx_word' id='word_1_868' title='bbox 3121 5730 3195 5803; x_wconf 82' lang='grc' dir='ltr'>γῆ</span> <span class='ocrx_word' id='word_1_869' title='bbox 3224 5728 3555 5802; x_wconf 68' lang='grc' dir='ltr'>ὲπιϐρέχωντ</span> 
     </span>
    </p>
   </div>
   <div class='ocr_carea' id='block_1_117' title="bbox 2186 5796 3127 5872">
    <p class='ocr_par' dir='ltr' id='par_1_117' title="bbox 2186 5796 3127 5872">
     <span class='ocr_line' id='line_1_117' title="bbox 2186 5796 3127 5872; baseline 0.01 -22"><span class='ocrx_word' id='word_1_870' title='bbox 2186 5796 2265 5872; x_wconf 79' lang='lat'><strong>(5)</strong></span> <span class='ocrx_word' id='word_1_871' title='bbox 2303 5798 2432 5857; x_wconf 80' lang='lat' dir='ltr'><strong>Mss.</strong></span> <span class='ocrx_word' id='word_1_872' title='bbox 2471 5797 2640 5871; x_wconf 76' lang='lat' dir='ltr'><strong>Regii,</strong></span> <span class='ocrx_word' id='word_1_873' title='bbox 2672 5796 2982 5869; x_wconf 76' lang='lat' dir='ltr'><strong>mysterium</strong></span> <span class='ocrx_word' id='word_1_874' title='bbox 3015 5800 3127 5859; x_wconf 84' lang='lat' dir='ltr'><strong>Dei.</strong></span> 
     </span>
    </p>
   </div>
  </div>
