4130 6432
456 328 560 380 9.87

1899 322 2226 383 οιιιοΕΝιε

3611 327 3717 384 288

457 445 725 518 mysticus
769 445 1054 517 significet.
1107 441 1331 499 Vocatio
1387 443 1626 509 gentium
1690 457 1756 498 ex
1816 455 2019 512 peccatt

2138 447 2192 500 τί
2222 445 2471 516 βούλεται
2503 444 2563 497 ἐν
2591 440 2801 504 τούτοις
2830 439 3141 508 δηλοῦσθαι.
3181 440 3390 513 κλῆσις
3418 441 3528 496 τῶν
3551 441 3724 498 ἐθνῶν

459 538 628 593 Israel
653 541 842 595 habuit
870 539 1174 604 exordium,
1211 545 1270 590 ut
1312 543 1580 590 testantur
1618 535 1874 604 apostoli,
1911 548 2019 605 post

2137 538 2311 610 ἀρχὴν
2346 536 2502 605 ἔσχεν
2532 535 2597 587 ἐκ
2627 533 2718 586 τοῦ
2747 532 3195 604 παραπτώματος
3221 533 3316 586 τοῦ
3358 535 3595 605 Ἰσραὴλ,
3629 535 3723 589 λι-

459 633 926 687 annuntiationem
953 646 1115 701 quam
1137 628 1445 683 Judmrum
1484 627 1913 697 praedicaverunt
1948 643 2037 698 sy-

2136 644 2326 694 γουσιν
2350 628 2399 680 οἱ
2429 624 2716 680 ἀπόστολοι
2756 624 3093 695 κηρύξαντες
3130 626 3251 686 ταῖς
3291 624 3400 676 τῶν
3451 626 3724 682 Ἰουδαίων

459 724 686 792 nagogis
721 743 731 776 :
762 722 839 776 Ad
866 738 972 785 vos,
1019 721 1279 786 dicentes,
1322 728 1436 772 erat
1478 719 1671 771 missus
1721 734 1912 783 sermo,
1945 735 2019 771 seu

2138 721 2501 788 συναγωγαῖς,
2535 719 2638 781 ὅτι,
2675 717 2846 786 ’Υμῖν
2881 712 2960 786 ἦν
2989 715 3518 785 ἐξαπεσταλμένος
3550 721 3584 771 ό
3617 721 3722 775 λό-

455 816 578 880 quia
610 813 852 882 indignos
878 829 964 866 vos
981 812 1242 881 judicatis
1273 821 1484 866 (eterna
1509 813 1652 878 vita,
1677 827 1792 865 ecce
1821 828 2034 864 conuer—

453 903 616 956 timur
642 903 711 956 ad
749 914 922 973 gentes
941 903 1004 958 ⁸⁸.
1023 902 1228 959 Paulus
1254 918 1474 974 quoque
1509 917 1666 959 sacra
1692 917 1822 957 voce
1853 903 2033 973 loqui-

453 1005 541 1048 tur
569 1013 579 1046 :
609 992 833 1047 Illorum
863 1002 1076 1063 peccato
1104 995 1250 1049 salus
1281 997 1518 1066 gentibus
1555 994 1701 1065 facta
1734 1002 1810 1048 est
1837 995 1906 1047 ad
1946 1013 2031 1048 ze-

451 1086 671 1139 landum
705 1103 792 1140 eos
817 1085 882 1140 “’.
939 1087 1111 1157 igitur
1162 1087 1332 1140 multa
1379 1097 1601 1156 peccata
1649 1086 1795 1141 illius
1845 1088 2028 1156 pepuli

451 1177 694 1232 l'ecerunt
721 1193 845 1232 eum
883 1193 914 1233 a
939 1177 1172 1233 Domino
1211 1177 1535 1248 derelinqui,
1569 1186 1624 1233 et
1652 1192 1751 1233 nos
1777 1176 1842 1232 ad
1878 1193 2028 1247 spem

448 1269 642 1323 salutis
669 1269 876 1335 venire,
910 1269 1003 1339 qui
1045 1269 1204 1324 alieni
1235 1283 1455 1324 eramus
1471 1268 1948 1323 Testamentorum
1975 1278 2030 1324 et

446 1361 912 1428 repromissionis
954 1358 1107 1415 Unde
1137 1360 1337 1414 etenim
1374 1359 1508 1414 mihi
1533 1362 1720 1415 nescio
1753 1360 1843 1414 ubi
1877 1371 2028 1416 extra

447 1459 696 1504 sanctam
744 1459 947 1505 terram
1003 1462 1152 1517 nato,
1204 1467 1351 1507 nunc
1388 1451 1456 1505 de
1507 1453 2030 1520 repromissionibus

445 1541 755 1611 disputare,
819 1551 874 1597 et
925 1543 1145 1598 credere
1205 1544 1260 1598 in
1327 1545 1494 1600 Deum
1554 1544 2030 1614 patriarcharum,

444 1632 741 1696 Abraham,
775 1630 925 1687 lsaac
951 1644 1003 1688 et
1027 1632 1215 1697 Jacob,
1240 1644 1294 1689 et
1326 1636 1378 1688 in
1411 1634 1597 1689 Jesum
1621 1634 1903 1689 Christum
1931 1637 2024 1703 qui

444 1723 688 1778 nuntium
736 1727 1122 1795 prophetarum
1171 1727 1397 1780 vocibus
1445 1727 1770 1796 praedicatus
1812 1727 1928 1780 est?
1967 1728 2024 1780 Si

2135 829 2240 881 τος
2272 810 2380 879 τῆς
2427 810 2743 878 σωτηρίας·
2797 807 3006 876 ἐπειδὴ
3052 808 3122 862 δὲ
3159 809 3448 876 ἀναξίους
3484 813 3721 880 κρίνετε

2133 901 2406 966 ἑαυτοὺς,
2466 900 2593 953 ίδοὺ
2641 900 3015 967 στρεφόμεθα
3060 901 3148 966 εις
3196 901 3268 953 τὰ
3312 899 3480 969 ἔθνη.
3534 903 3645 956 Καὶ
3689 905 3720 956 ό

2146 990 2466 1054 Ἀπόστολος
2495 990 2624 1060 περὶ
2648 989 2851 1043 τούτων
2885 988 3062 1053 είδὼς,
3092 988 3128 1042 ἀ
3152 983 3260 1042 οίδε
3290 989 3460 1056 λέγει’
3497 991 3580 1056 Τῷ
3605 993 3715 1046 αὑ-

2132 1082 2250 1136 τῶν
2275 1082 2699 1151 παραπτώματι
2725 1083 2762 1151 ἡ
2795 1082 3060 1149 σωτηρία
3087 1081 3212 1147 τοῖς
3234 1081 3500 1145 ἔθνεσιν,
3535 1085 3622 1148 είς
3648 1081 3717 1135 τὸ

2133 1177 2555 1246 παραζηλῶσαι
2589 1178 2832 1243 αὐτούς.
2876 1175 3086 1231 Οὐκοῦν
3119 1177 3174 1230 ai
3212 1175 3406 1230 πολλαὶ
3446 1177 3715 1248 ἁμαρτίαι

2130 1272 2338 1324 ἐκείνου
2357 1271 2452 1324 τοῦ
2473 1270 2602 1325 λαοῦ
2624 1271 2990 1341 πεποιήκασιν
3012 1269 3172 1323 αὑτὸν
3195 1269 3710 1340 ἐγκαταλειφθῆναι,

2132 1364 2225 1418 καὶ
2253 1365 2401 1434 ἡμᾶς
2441 1363 2722 1434 ἧκειν’ἐπὶ
2746 1363 2842 1432 τὴν
2888 1361 3077 1416 ἐλπίδα
3111 1361 3212 1430 τῆς
3254 1361 3556 1431 σωτηρίας,
3588 1363 3713 1427 τοὺς

2131 1457 2311 1523 ξένους
2351 1454 2458 1509 τῶν
2486 1454 2792 1524 Διαθηκῶν,
2828 1455 2953 1517 τοὺς
2981 1453 3292 1526 ἀλλοτρίους
3326 1453 3434 1505 τῶν
3485 1455 3715 1522 εὐαγγε-

2129 1547 2277 1600 λιῶν.
2312 1546 2483 1600 Πόθεν
2507 1546 2617 1616 γὰρ
2643 1546 2767 1616 ἐμοὶ
2789 1544 3126 1598 δπουποτοῦν
3153 1543 3431 1614 γενομένῳ
3459 1543 3593 1614 ξένῳ
3613 1545 3713 1616 τῆς

2129 1637 2426 1708 λεγομένης
2461 1636 2623 1704 ἁγίας
2647 1635 2771 1704 γῆς,
2798 1632 2894 1687 νῦν
2925 1632 3055 1701 περὶ
3080 1632 3188 1686 τῶν
3233 1631 3572 1700 εὐαγγελιῶν
3597 1633 3715 1686 δια-

2129 1725 2380 1793 λέγεσθαι
2421 1724 2516 1778 τοῦ
2556 1723 2714 1786 Θεοῦ,
2755 1725 2851 1777 καί⁷
2882 1724 3156 1776 πιστεύειν
3203 1724 3281 1785 είς
3311 1721 3402 1774 τὸν
3439 1721 3571 1774 Θεὸν
3601 1723 3712 1778 τῶν

441 1815 748 1871 intellexisti
778 1794 916 1872 duos
945 1819 1192 1888 populos,
1226 1819 1389 1873 Israel
1411 1794 1463 1872 et
1491 1820 1756 1888 gentium,
1787 1819 2019 1890 intelligo

2127 1816 2501 1888 πατριαρχῶν,
2557 1815 2829 1888 Ἀϐραὰμ,
2862 1816 2958 1870 καὶ
3001 1814 3207 1878 Ἰσαὰκ,
3241 1815 3334 1868 κα¹ι
3374 1814 3588 1881 Ἰακὼϐ,
3616 1818 3705 1870 καὶ

440 1909 970 1980 transmigrationem
1002 1909 1168 1965 Israel
1195 1910 1261 1964 de
1286 1911 1488 1980 popqu
1518 1909 1851 1974 Judaeorum,
1874 1919 1927 1964 et
1955 1912 2023 1966 de

436 2012 504 2052 eo
533 1999 793 2070 scriptum
832 2015 954 2056 esse
989 2019 1002 2055 :
1037 2001 1231 2055 Dimisi
1278 2019 1417 2065 eam,
1451 2011 1499 2055 et
1531 2001 1653 2064 dedi
1696 2003 1744 2055 ei
1785 2000 2021 2055 libellum

437 2091 666 2158 repudii.
708 2089 923 2146 Dimisit
952 2091 1097 2146 enim
1129 2107 1255 2146 vere
1291 2091 1436 2148 Deus
1466 2093 1728 2162 pupulum
1758 2091 1943 2160 Israel,
1972 2103 2026 2147 et

435 2181 585 2236 dedit
603 2181 845 2236 libellum
870 2182 1108 2252 repudii,
1143 2192 1202 2238 ut
1223 2199 1458 2252 sequens
1482 2184 1664 2240 llrmat
1687 2185 2019 2254 exemplum.

433 2270 599 2327 lubet
645 2274 728 2328 lex
773 2272 942 2345 Moysi
991 2274 1204 2328 mulieri
1251 2275 1559 2346 displicenti
1600 2277 1721 2331 viro
1764 2292 1866 2331 suo
1903 2276 2020 2331 dari

438 2365 678 2421 libellum
707 2367 940 2438 repudii,
966 2377 1018 2422 et
1039 2368 1238 2423 dimitti
1267 2385 1409 2434 eam,
1430 2381 1483 2426 et
1502 2379 1630 2426 tunc
1647 2371 1763 2425 viro
1781 2370 1944 2425 licere
1966 2376 2024 2422 ut

436 2456 661 2512 alteram
678 2461 857 2514 ducat.
873 2459 1032 2516 Juxta
1049 2463 1190 2518 hunc
1205 2478 1424 2519 sensum
1439 2463 1678 2533 intellige
1694 2462 2023 2532 accipientes

431 2546 652 2606 Jttda‘os
670 2552 908 2606 libellum
925 2554 1158 2624 repudii,
1173 2562 1227 2608 et
1240 2555 1468 2609 omnino
1486 2554 1779 2608 derelictos
1797 2569 1824 2607 a
1846 2552 2024 2606 Domi-

433 2658 526 2697 no.
547 2641 647 2699 Ubi
665 2646 808 2700 cnim
825 2646 936 2716 jam
958 2647 1100 2718 apud
1118 2663 1212 2702 eos
1230 2647 1540 2718 prepheue?
1559 2647 1660 2703 Ubi
1679 2649 1831 2719 signa
1848 2647 2023 2702 virtu-

431 2732 703 2788 ttnu?Ubi
725 2736 1093 2792 manifestatio
1123 2735 1258 2792 Dei?
1281 2736 1400 2792 Non
1424 2738 1710 2807 templum,
1737 2753 1846 2792 non
1866 2738 2024 2792 victi-

431 2840 555 2886 mae.
572 2839 677 2878 non
693 2826 832 2880 alius
847 2827 1267 2896 quilibetcultus
1281 2828 1652 2883 voluminibus
1665 2829 1798 2898 legis
1810 2843 2024 2898 expres-

432 2932 550 2971 sus.
583 2915 750 2986 Ejecti
794 2928 922 2972 sunt
956 2919 1022 2973 de
1064 2919 1377 2990 regionibus
1407 2920 1542 2984 suis,
1579 2926 1745 2990 atque
1775 2919 1848 2972 ita
1876 2918 2024 2974 dedit

433 3006 698 3062 Dominus
721 3009 959 3063 libellum
980 3011 1189 3080 repudii
1216 3010 1400 3066 Israel.
1420 3010 1553 3066 Post
1574 3025 1692 3077 eos,
1725 3025 1826 3066 nos
1846 3011 1938 3080 qui
1966 3010 2021 3066 in

433 3097 731 3166 Scripturis
763 3098 932 3157 Judaei
965 3116 1250 3170 vocamur,
1283 3102 1454 3158 Judasi
1486 3113 1664 3177 autem
1686 3113 1904 3173 propter
1920 3102 2019 3156 tri-

433 3182 561 3236 bum
576 3181 606 3237 J
613 3185 736 3248 uda,
751 3201 814 3240 ex
834 3187 990 3256 cujus
1011 3187 1260 3244 Salvator
1275 3191 1442 3261 stirpe
1458 3192 1754 3255 descendit,
1768 3193 2017 3247 conversi

433 3289 626 3330 sumus
658 3277 724 3329 ad
756 3275 1080 3347 Dominum;
1115 3289 1169 3336 et
1198 3283 1498 3338 novissima
1529 3292 1738 3349 nostra,
1763 3299 1884 3354 qua:
1908 3283 2019 3339 uti-

434 3377 560 3417 ram
588 3365 781 3420 saltem
815 3366 867 3420 in
900 3368 1004 3425 hoc
1051 3379 1293 3441 tempore.
1337 3389 1444 3428 non
1484 3375 1904 3445 complerentur,
1939 3376 2016 3431 si-

435 3454 581 3509 milia
608 3455 788 3512 l'utura
819 3471 946 3515 sunt
971 3465 1206 3531 peccatis
1235 3463 1394 3532 Juda,
1425 3467 1534 3522 imo
1557 3473 1761 3538 pejora.

2137 1908 2343 1980 Ἰησοῦν
2368 1909 2602 1980 Χριστὸν
2628 1909 2719 1962 τὸν
2755 1907 3278 1980 προκεκηρυγμένον
3307 1907 3411 1961 ὑπὸ
3436 1907 3543 1960 τῶν
3577 1927 3710 1980 προ-

2124 1998 2309 2068 φητῶν
2336 1997 2521 2069 χάριτι
2551 1997 2688 2050 Θεοῦ
2724 1996 3163 2069 παραδέχεσθαι;
3199 1997 3262 2049 Ei
3292 2000 3432 2060 νοεῖς
3464 1999 3588 2062 τοὺς
3616 1998 3710 2052 δύο

2122 2089 2344 2152 τούτους
2362 2089 2548 2153 λαοὺς,
2579 2089 2671 2142 τὸν
2705 2089 2812 2144 ἀπὸ
2838 2089 2930 2142 τοῦ
2980 2090 3218 2161 Ἰσραὴλ,
3245 2092 3337 2144 καὶ⁸
3359 2093 3449 2146 τὸν
3481 2092 3589 2147 ἀπὸ
3614 2093 3709 2149 τοῦ

2138 2181 2336 2246 Ἰούδα,
2373 2183 2466 2234 ἐπὶ
2495 2181 2590 2234 τοῦ
2627 2181 2758 2235 λαοῦ
2787 2181 2996 2235 ἐκείνου
3040 2183 3137 2236 τοῦ
3185 2183 3420 2254 Ἰσραὴλ,
3452 2186 3546 2238 καὶ
3580 2187 3710 2258 περὶ

2123 2271 2334 2324 ἐκείνου
2363 2271 2474 2324 νόει
2512 2288 2600 2342 μοι
2630 2272 2967 2343 γεγράφθαι·
3009 2272 3458 2338 Ἐξαπέσταλκα
3489 2277 3708 2344 αὐτὴν,

2124 2363 2221 2417 καὶ
2246 2363 2441 2417 ἔδωκα
2463 2362 2618 2431 αὐτῇ
2632 2365 2876 2428 βιϐλίον
2891 2365 3293 2420 ἀποστασίου.
3331 2367 3708 2434 Ἐξαπέστειλε

2123 2456 2233 2528 γὰρ
2259 2455 2351 2509 τὸν
2396 2455 2525 2509 λαὸν
2559 2458 2768 2510 ἐκεῖνον
2800 2459 2829 2510 ό
2869 2458 3023 2522 Θεὸς,
3073 2459 3168 2512 καὶ
3195 2459 3399 2513 ἔδωκεν
3439 2461 3589 2531 αύτῷ
3629 2461 3710 2532 βι-

2123 2547 2270 2600 ϐλίον
2296 2547 2649 2602 ἀποστασίου.
2696 2549 2872 2620 Ὅπερ
2897 2549 3138 2603 τοιοῦτόν
3167 2551 3316 2603 ἐστιν
3347 2553 3440 2605 ἐπὶ⁸
3472 2553 3580 2606 τῶν
3624 2571 3709 2622 γε·

2123 2637 2477 2710 γαμηκότωνο
2534 2638 2661 2692 Ἐὰν
2706 2639 3036 2710 δυσάρεστος
3144 2641 3176 2711 ή
3227 2641 3367 2712 γυνὴ
3408 2642 3488 2713 τῷ
3529 2643 3708 2714 ἀνδρὶ,

2123 2731 2269 2799 λέγει
2303 2733 2329 2784 ό
2359 2731 2635 2795 Μωῦσέως
2660 2731 2843 2801 νόμος,
2878 2730 3086 2801 βιϐλίον
3108 2733 3442 2786 ἀποστασίου
3476 2734 3584 2787 ἀπὸ
3612 2734 3710 2789 τοῦ

2123 2821 2317 2889 ἀνδρὸς
2343 2823 2572 2890 ἐγίνετο,
2609 2822 2704 2876 καὶ
2733 2822 3206 2894 ὲξαπεστέλλετοή
3244 2825 3401 2895 γυνή.
3440 2826 3549 2878 Καὶ
3579 2825 3707 2896 ἐξῆν

2123 2915 2200 2985 τῷ
2228 2914 2606 2968 ἀποστείλαντι
2634 2913 2731 2986 τὴν
2753 2914 3022 2987 προτέραν
3045 2918 3301 2984 γυναῖκα,
3330 2915 3419 2970 διὰ
3447 2917 3508 2970 τὸ
3529 2918 3707 2972 δοκεῖν

2123 3007 2592 3079 ἠσχημονηκέναι,
2633 3009 2832 3078 γαμεῖν
2874 3008 3067 3079 ἑτέραν
3105 3011 3378 3075 γυναῖκαο
3420 3009 3594 3074 οὕτως,
3629 3009 3708 3082 τῷ

2122 3098 2266 3169 λόγῳ
2297 3099 2371 3152 ίδε
2407 3100 2647 3164 ἐκείνους
2707 3098 3084 3170 λαμϐάνοντας
3117 3098 3320 3170 βιϐλίον
3347 3102 3702 3156 ἀποστασίου.

2120 3192 2233 3244 Καὶ
2261 3193 2381 3245 ἐπεὶ
2403 3192 2589 3246 ἔλαϐον
2611 3192 2672 3246 τὸ
2699 3192 2902 3262 βιϐλίον
2928 3191 3021 3245 τοῦ
3045 3194 3398 3260 ἀποστασίου,
3426 3195 3514 3248 διὰ
3544 3195 3702 3249 τοῦτο

2121 3285 2622 3356 ἐγκατελείφθησαν
2652 3284 2851 3353 πάντη.
2880 3283 2994 3337 Ποῦ
3029 3284 3137 3356 γὰρ
3163 3286 3438 3358 προφῆται
3463 3287 3543 3339 ἔτι
3573 3288 3704 3358 παρ’

2118 3379 2330 3443 αύτοϊςς
2363 3378 2472 3431 Ποῦ
2504 3380 2704 3450 σημεῖα
2737 3378 2815 3430 ἔτι
2850 3378 2976 3447 παρ’
3016 3379 3238 3442 αύτοϊς;
3269 3377 3380 3430 Ποῦ
3409 3379 3704 3446 ἐπιφάνεια

2119 3469 2292 3535 Θεοῦ;
2329 3470 2438 3523 Ποῦ
2470 3472 2504 3542 ἡ
2539 3470 2801 3543 λατρεία;
2848 3471 2908 3523 '0
2935 3471 3086 3535 ναὸς,
3113 3473 3168 3525 αἱ
3201 3471 3382 3525 θυσίαι
3409 3472 3704 3544 ἐξεϐλήθη-

433 3565 531 3600 σαν
559 3549 665 3603 ἀπὺ
693 3550 788 3604 τοῦ
835 3553 998 3607 τόπου
1029 3556 1256 3611 ἑαυτῶν.
1297 3559 1536 3614 Ἔδωκεν
1557 3557 1649 3615 οὖν
1677 3559 1753 3630 τῷ
1792 3560 2006 3632 Ἰσραὴλ
2047 3561 2247 3632 βιϐλίον
2285 3565 2639 3620 ἀποστασίου.
2691 3560 2824 3618 Εἶτα
2872 3567 3036 3635 ἡμεῖς
3079 3564 3276 3619 Ἰούδα·
3318 3567 3487 3620 Ἰούδα
3523 3569 3578 3622 δέ
3613 3571 3714 3626 διὰ⁴

430 3641 521 3695 τὸν
551 3643 778 3717 Σωτῆρα
809 3647 867 3712 ἐξ
916 3648 1085 3705 Ἰούδα
1121 3652 1294 3723 φυλῆς
1330 3653 1708 3710 ἀνατείλαντα·
1742 3656 2007 3727 πρόδηλον
2044 3657 2172 3727 γάρ,
2203 3658 2285 3710 ὅτι
2326 3658 2384 3722 ἐξ
2421 3658 2590 3711 Ἰούδα
2627 3657 2992 3711 ἀνατέταλκεν
3033 3659 3061 3710 ό
3096 3657 3299 3729 Κύριος
3330 3659 3485 3729 ἡμῶν
3510 3677 3523 3691 ·
3573 3662 3701 3716 ἐπε-

434 3739 740 3812 στρέψαμεν
783 3743 918 3814 πρὸς
961 3745 1184 3818 Κύριον,
1239 3750 1333 3803 καὶ
1377 3749 1445 3804 τὰ
1493 3751 1781 3806 τελευταῖα
1825 3751 2004 3824 ἡμῶν,
2045 3751 2188 3823 ἅπερ
2213 3751 2324 3806 είθε
2370 3753 2446 3825 μὴ
2483 3753 2582 3824 ῆᾶη
2601 3751 3087 3824 εἴη,παραπλήσια
3124 3751 3266 3805 ἔοικε
3301 3752 3547 3821 γίνεσθαι
3589 3759 3704 3820 τοῖς

430 3836 652 3890 ἐκείνων
682 3839 1032 3907 τελευταίοις,
1061 3844 1107 3895 εί
1144 3843 1217 3915 μὴ
1241 3845 1348 3918 ἄρα
1379 3847 1473 3900 καὶ
1505 3848 1745 3920 χείρονα.

501 3929 552 3983 3.
595 3928 659 3984 Et
682 3941 743 3986 ut
776 3935 967 3990 credas
1004 3937 1055 3990 in
1101 3943 1579 3998 consummatione
1624 3944 1808 3999 saeculi
1856 3944 2011 4000 dete-

2188 3940 2310 3992 ’Ότι
2336 3937 2442 4010 γάρ
2466 3931 2692 3989 τοιαῦτα
2725 3932 2794 3986 τά
2836 3931 2957 3986 καθ’
2994 3933 3141 4004 ἡμᾶς
3165 3932 3258 3986 ἐπὶ
3295 3933 3572 4006 συντελείᾳ
3605 3933 3702 3988 τοῦ

435 4021 580 4074 riora
607 4023 766 4079 nobis
797 4037 1058 4081 eventura
1093 4045 1258 4099 quam
1293 4043 1592 4089 evenerunt
1626 4033 1849 4104 Iudaeis,
1884 4036 2012 4092 audi

2122 4030 2304 4093 ιίῶνος
2332 4027 2521 4088 τούτου
2557 4025 2730 4088 ἔσται,
2780 4022 2938 4094 δῆλον
2973 4023 3081 4076 ἀπὸ
3120 4023 3228 4077 τῶν
3278 4025 3336 4076 ἐν
3384 4025 3702 4096 Εὐαγγελίῳ

431 4111 764 4169 Salvatorem
796 4117 847 4171 in
880 4117 1171 4192 Evangelia
1203 4125 1587 4194 praedicantem
1622 4146 1635 4182 :
1663 4127 1796 4182 Cum
1827 4129 2011 4183 multi-

2122 4121 2220 4176 ὕπὸ
2248 4119 2342 4172 τοῦ
2381 4117 2631 4188 Σωτῆρος
2676 4115 3003 4187 εἰρημένων,
3045 4116 3103 4168 ἐν
3146 4109 3228 4180 οἷς
3260 4133 3413 4188 φησι·
3458 4135 3477 4167 ι
3511 4117 3613 4169 Διὰ
3639 4117 3702 4170 τὸ

429 4205 640 4272 plicatw
666 4207 864 4276 fuerint
900 4211 1232 4284 iniquitates,
1269 4217 1570 4288 refrigescet
1605 4219 1837 4274 charitas
1872 4221 2010 4274 mnt-

2122 4209 2480 4282 πληθυνθῆναι
2512 4209 2610 4278 τὴν
2641 4206 2889 4277 ἀνομίαν,
2931 4206 3235 4278 ψυγήσεται
3278 4209 3311 4279 ἡ
3348 4207 3542 4278 ἀγάπη
3590 4207 3700 4261 τῶν

430 4305 624 4355 torum.
671 4297 775 4363 Qui
806 4314 982 4356 autem
1013 4310 1420 4374 perseveraverit
1448 4325 1610 4379 usque
1638 4311 1694 4364 in
1717 4311 1896 4379 ﬁnem,
1925 4311 2008 4364 hic

2122 4304 2344 4360 πολλῶν.
2393 4302 2452 4355 '0
2485 4301 2540 4354 δέ
2589 4300 2890 4372 ὑπομείνας
2922 4303 3001 4364 είς
3051 4300 3225 4367 τέλος,
3271 4296 3426 4366 οὗτος
3459 4302 3701 4374 σωθήσε-

2044 4351 2086 4407 ι)

428 4388 604 4441 salvus
636 4391 734 4442 erit
759 4392 824 4447 τθ.
857 4391 922 4448 Et
946 4394 998 4448 in
1026 4395 1132 4450 alio
1152 4397 1302 4452 loco:
1327 4397 1483 4453 Fient
1506 4401 1656 4470 signa
1687 4410 1734 4454 et
1765 4403 2010 4472 prodigia

2122 4414 2225 4453 ται·
2266 4416 2284 4448 ι
2314 4395 2410 4449 καὶ
2443 4413 2462 4444 ι
2508 4395 2731 4464 Ποιήσει
2764 4395 2964 4464 σημεῖα
2995 4393 3090 4446 καὶ⁷
3123 4393 3324 4466 τέρατα
3353 4394 3381 4444 ό
3407 4392 3699 4463 ἐλευσόμεο

429 4480 484 4531 in
513 4478 640 4532 caelo
661 4489 710 4534 et
732 4483 784 4534 in
809 4492 948 4538 terra
972 4490 1040 4540 ad
1061 4488 1414 4557 decipiendos,
1434 4492 1480 4545 si
1501 4493 1618 4560 ﬁeri
1635 4505 1823 4561 posset,
1845 4497 2007 4548 etiam

2122 4507 2226 4553 vo;,
2269 4487 2411 4540 ὣστε
2442 4484 2881 4550 ἀποπλανᾶσθαι,
2916 4486 2964 4536 εἰ
2990 4484 3237 4551 δυνατὸν,
3270 4485 3512 4548 καὶτοὺς
3542 4485 3697 4538 ἐκλε-

427 4571 615 4625 electos
636 4571 679 4604 ⁷¹
715 4587 728 4626 :
773 4583 1030 4646 tantaque
1073 4579 1424 4638 incredulitas
1461 4583 1621 4656 1M
1664 4586 1716 4639 in
1755 4587 2008 4640 universo

2122 4580 2296 4645 κτούς·
2347 4599 2364 4630 ι
2411 4579 2506 4631 καὶ
2537 4577 2762 4631 τοιαῦτά
2791 4578 2908 4629 ἐστι
2943 4574 3011 4628 τά
3047 4577 3168 4630 καθ’
3217 4578 3385 4647 ἡμᾶς,
3429 4575 3571 4630 ὥστε
3603 4578 3696 4631 τὸν

429 4660 672 4718 humano
701 4681 896 4736 genere
931 4668 1110 4724 futura
1146 4681 1248 4738 est,
1283 4683 1343 4727 ut
1379 4674 1626 4730 Salvator
1657 4686 1863 4742 noster,
1910 4679 2004 4746 qui

2122 4672 2343 4743 Σωτῆρα
2377 4670 2557 4739 λέγειν
2591 4669 2717 4740 περὶ
2764 4667 2864 4738 τῆς
2907 4667 3099 4720 ἐαυτοῦ
3146 4667 3460 4739 ἐπιδημίας,
3509 4669 3584 4733 ὡς
3628 4669 3694 4722 ἐκ

429 4753 612 4808 omnia
655 4771 775 4824 qua:
816 4767 942 4813 sunt
979 4770 1205 4818 ventura
1249 4776 1607 4835 cognoverat,
1650 4767 2000 4837 loqueretur:

2122 4764 2218 4817 τῶν
2263 4761 2530 4816 τοσούτων
2545 4759 2884 4832 Ἐκκλησιῶν
2930 4759 3129 4812 πιστοῦ
3165 4761 3373 4830 ταχέως
3415 4760 3489 4832 μὴ
3538 4762 3689 4832 εὑρι-

431 4843 596 4898 Pulas
638 4848 844 4902 veniens
889 4848 1064 4906 Filius
1106 4853 1332 4910 hominis
1381 4858 1604 4913 inveniet
1649 4859 1806 4926 ﬁdem
1849 4874 2004 4927 super

2122 4854 2396 4926 πκομὲνουο
2419 4849 2592 4918 Πλὴν
2612 4847 2807 4903 ἐλθὼν
2830 4852 2862 4904 ὀ
2881 4852 3013 4917 Υἱὸς
3059 4851 3166 4906 τοῦ
3197 4852 3533 4920 ἀνθρώπου,
3575 4855 3690 4922 ἄρα

428 4943 624 4990 terram
648 4939 732 4993 7'?
769 4940 904 4997 Vere
940 4945 1138 5016 quippe
1171 4948 1214 5002 si
1243 4947 1552 5018 judicemus
1575 4951 1732 5005 [idem
1767 4960 1821 5005 et
1855 4951 2000 5005 veri-

428 5036 613 5098 tatem,
659 5049 764 5089 non
799 5038 1228 5109 multitudinem,
1254 5051 1308 5097 ct
1347 5042 1708 5111 respiciamus
1748 5041 2000 5097 volunta-

430 5127 536 5172 tem
586 5121 891 5194 hominum,
943 5145 1050 5185 non
1107 5133 1602 5202 congregationem,
1653 5133 1902 5188 videmus
1946 5134 2000 5189 in

427 5219 576 5266 tanto
619 5229 850 5271 numero
894 5217 1261 5277 Ecclesiarum
1302 5223 1460 5276 [idem
1504 5221 1715 5276 ditiicile
1754 5225 1998 5293 reperiri.

428 5300 580 5360 Tunc
609 5317 767 5364 erant
793 5326 920 5367 vere
943 5313 1148 5382 lldcles,
1181 5315 1401 5385 quando
1441 5327 1739 5386 martyrum
1768 5316 2002 5372 victima:

429 5391 798 5464 feriebantur;
829 5403 1050 5472 quando
1089 5412 1348 5457 cruentas
1381 5405 1672 5473 exsequias
1699 5405 1998 5474 prosecuti,

430 5487 611 5542 tristes
641 5490 706 5543 ad
731 5492 1019 5547 ecclesiam
1051 5495 1492 5562 revertebantur;
1517 5496 1696 5552 omnis
1715 5506 1831 5551 erat
1866 5497 2001 5551 mul-

433 5578 606 5635 titudo
661 5581 998 5653 lugentium,
1047 5587 1267 5657 quando
1314 5589 1690 5644 catechumeni
1741 5589 1794 5644 in
1825 5589 1998 5660 prima

503 5748 546 5778 "
575 5751 697 5807 Act.
730 5769 849 5822 xm,
878 5756 965 5810 46.
1045 5757 1088 5789 "
1119 5755 1273 5814 Rom.
1312 5775 1391 5830 ιι,
1426 5760 1508 5817 ll.
1581 5765 1624 5798 ⁷ο
1655 5762 1841 5820 Matth.
1877 5781 2019 5834 xxw,

2122 5807 2134 5823 .
2207 5767 2250 5801 τ’
2277 5764 2408 5822 ibid.
2446 5763 2536 5820 24.

2107 4946 2350 5014 εὑρήσει
2377 4943 2491 5012 τὴν
2516 4945 2726 4998 πίστιν
2754 4943 2851 4996 ἐπὶ
2884 4941 2993 5009 τῆς
3026 4941 3140 5013 τῆς
3163 4960 3180 5006 ;
3209 4945 3318 4998 Καὶ
3346 4944 3562 5014 ἀληθῶς
3595 4946 3689 4999 ἐὰν

2106 5037 2380 5109 κρίνωμεν
2409 5036 2478 5089 τά
2509 5036 2810 5107 πράγματα
2852 5035 3100 5106 ἀληθείᾳ,
3133 5036 3227 5089 καὶ
3267 5035 3342 5107 μὴ
3363 5036 3562 5105 δχλοις,
3599 5037 3694 5091 καὶ

2105 5129 2381 5200 κρίνωμεν
2415 5127 2485 5181 τὰ
2531 5129 2829 5199 πράγματα
2855 5127 3193 5199 προαιρέσει,
3226 5129 3321 5180 καὶ
3356 5127 3430 5198 μὴ
3459 5128 3536 5197 τῷ
3571 5129 3691 5198 βλέ-

2106 5235 2228 5272 πειν
2254 5218 2479 5283 πολλοὺς
2503 5219 2890 5290 συναρμὲνους,
2915 5218 3162 5289 ὀψόμεθα
3185 5217 3278 5272 νῦν
3297 5218 3372 5283 ὼς
3400 5220 3500 5273 οὐκ
3525 5221 3692 5290 ἐσμὲν

2108 5311 2288 5366 πιστοί
2313 5327 2327 5342 ⁶
2361 5312 2496 5367 ἀλλά
2524 5313 2643 5365 τότε
2677 5308 2817 5383 ἦσαν
2852 5314 3054 5379 πιστοὶ,
3085 5313 3174 5365 ὅτε
3208 5313 3275 5365 τά
3313 5311 3588 5384 μαρτύρια
3621 5315 3686 5383 τῇ

2107 5406 2271 5475 γενεᾷ
2304 5404 2563 5474 ἐγίνοντο,
2592 5404 2679 5457 ὅτε
2719 5405 2828 5458 ἀπὸ
2855 5403 2964 5457 τῶν
2994 5405 3387 5476 κοιμητηρίων,
3435 5406 3688 5475 προπέμ·

2103 5498 2301 5567 ψαντες
2321 5498 2446 5560 τοὺς
2469 5497 2770 5568 μάρτυρας,
2798 5496 3080 5567 ἠρχόμεθα
3099 5497 3190 5550 ἐπὶ
3215 5496 3313 5561 τάς
3342 5499 3691 5567 συναγωγὰς,

2106 5591 2198 5643 καὶ
2229 5590 2324 5662 ὅλη
2359 5592 2392 5661 ἡ
2421 5589 2718 5660 Ἐκκλησία
2749 5589 2824 5660 μὴ
2854 5589 3195 5661 ἐκτηκομένη
3223 5591 3568 5662 παρεγίνετο,
3594 5591 3687 5645 καὶ

2632 5765 2675 5797 ⁷·
2710 5762 2841 5821 Luc.
2872 5780 3026 5834 xvttt,
3049 5766 3102 5822 8.
