4130 6434
431 365 536 421 9.89

1567 353 1632 408 IN
1669 349 2015 408 JEREMIAM
2054 346 2339 403 llOMlLlA
2380 345 2469 402 IV.

3586 353 3691 408 290

432 484 484 536 οι
510 477 900 552 κατηχούμενοι
931 477 1022 531 ἐπὶ
1042 477 1155 540 τοῖς
1181 471 1501 546 μαρτυρίοις
1526 471 1886 542 κατηχοῦντο,
1914 466 2010 522 καὶ

2116 467 2295 522 statim
2322 463 2425 519 (ide
2454 477 2553 534 pro
2580 461 2800 518 ferendo
2819 463 3078 534 martyrio
3100 465 3477 538 ducebantur;
3510 484 3690 540 quan-

435 571 527 626 ἐπὶ
558 573 671 634 τοῖς
721 570 970 634 θανάτοις
1017 569 1126 622 τῶν
1163 566 1566 639 ὁμολογούντων
1611 564 1712 635 τὴν
1751 560 2008 633 ἀλήθειαν

436 664 596 736 μέχρι
643 663 892 726 θανάτου,
940 661 1012 733 μὴ
1054 661 1383 732 πειρώμενοι
1433 659 1566 731 μηδὲ
1611 655 2007 728 ταρασσόμενοι

433 755 525 808 ἐπὶ
554 755 646 808 τὸν
685 755 863 819 ζῶντα
895 754 1044 808 Θεόν.
1084 753 1217 806 Τότε
1241 751 1463 822 οἴδαμεν
1487 750 1582 804 καὶ
1609 751 1809 820 σημεῖα
1836 749 2010 818 ἑωρα-

429 850 596 912 κότας
629 846 902 919 παράδοξα
927 847 1021 900 καὶ
1047 847 1337 917 τεράστια·
1375 843 1497 896 τότε
1520 839 1660 912 ἦσαν
1691 839 1871 893 πιστοὶ
1900 838 2011 890 ὀλί-

433 955 520 1008 γοι
557 939 674 1010 μὲν,
711 940 891 992 πιστοὶ
921 938 978 991 δὲ
1019 937 1254 1009 ἀληθῶς,
1290 935 1388 1006 τὴν
1433 935 1622 1004 στενὴν
1655 933 1748 985 καὶ
1783 931 2008 1000 τεθλιμ-

439 1029 604 1099 μένην
632 1028 907 1092 ὁδεύοντες
949 1028 1067 1081 ὁδὸν
1097 1027 1194 1099 τὴν
1236 1027 1552 1095 ἀπάγουσαν
1591 1025 1670 1087 είς
1709 1023 1808 1093 τὴν
1840 1022 2007 1090 ζωήν.

435 1119 548 1174 Νῦν
572 1119 628 1172 δὲ
654 1121 740 1173 ὅτε
773 1118 1077 1189 γεγόναμεν
1105 1117 1308 1181 πολλοὶ,
1341 1116 1461 1169 ἐπεὶ
1508 1115 1568 1167 ού
1603 1112 1825 1166 δυνατὸν
1872 1106 2011 1164 εἶναι

435 1213 662 1276 πολλοὺς
691 1212 996 1275 ἐκλεκτούς·
1027 1212 1085 1264 οὐ
1112 1211 1220 1282 γὰρ
1245 1209 1495 1280 ψεύδεται
1523 1209 1551 1261 ό
1575 1204 1745 1260 εἰπὼν
1781 1203 2008 1275 Ἰησοῦς,

434 1306 657 1361 Πολλοὶ
703 1308 758 1360 οἱ
807 1305 1054 1372 κλητοὶ,
1106 1305 1295 1374 ὀλίγοι
1344 1300 1412 1356 δὲ
1453 1299 1723 1354 ἐκλεκτοὶ
1745 1340 1760 1364 ,
1809 1299 1872 1349 ὲκ
1917 1295 2010 1348 τοῦ

435 1398 672 1470 πλήθους
701 1397 809 1450 τῶν
844 1395 1324 1467 ἐπαγγελλομένων
1360 1391 1670 1446 θεοσέϐειαν
1702 1389 1908 1460 σφόδρα
1940 1387 2016 1440 εί-

436 1488 520 1540 σλν
551 1487 739 1556 ὀλίγοι,
765 1487 814 1539 οἱ
848 1485 1222 1548 καταντῶντες
1251 1483 1343 1536 ἐπὶ
1365 1483 1464 1552 τὴν
1494 1480 1724 1550 ἐκλογὴν
1756 1476 1852 1531 τοῦ
1877 1474 2012 1529 Θεοῦ

428 1577 528 1630 καὶ
554 1575 650 1648 τὴν
681 1575 1075 1648 μακαριότητα.

515 1668 640 1721 Ἐὰν
665 1664 758 1721 οὖν
786 1669 919 1739 λέγῃ
944 1668 1018 1730 ὡς
1048 1664 1184 1736 πρὸς
1205 1663 1292 1716 τό·
1319 1662 1393 1733 (1)
1412 1659 1794 1727 Ἐξαπέστειλα
1828 1655 1916 1710 διὰ
1946 1655 2015 1709 τά

433 1761 804 1832 ἁμαρτήματα
836 1761 927 1813 τὸν
976 1757 1211 1828 Ἰσραὴλ,
1255 1756 1348 1810 καὶ
1394 1753 1748 1820 ὲξαπέστειλα
1792 1752 1871 1814 είς
1921 1767 2015 1821 με-

431 1852 640 1906 τοικίαν
675 1851 869 1904 αὐτόν’
908 1851 936 1902 ό
967 1850 1024 1902 δὲ
1069 1847 1259 1911 Ἰούδα,
1296 1845 1509 1899 ἀκούων
1539 1843 1607 1897 τὰ
1641 1843 1907 1914 γενόμενα
1933 1841 2012 1912 τῷ

441 1940 684 2012 Ἰσραὴλ,
727 1940 829 1992 ούκ
865 1937 1192 2007 ἐπέστρεψε
1242 1935 1389 2003 λέγει
1434 1933 1700 2004 περὶτῶν
1731 1934 2012 2005 ἡμετέρων

438 2028 873 2100 άμαρτημάτων,
927 2028 1016 2080 ὅτε
1064 2023 1527 2095 ἀναγινώσκονται
1571 2023 1638 2077 τά
1679 2023 1757 2094 τῷ
1799 2021 2015 2095 Ἰσραὴλ

438 2118 838 2190 συμϐεϐηκότα.
875 2114 1008 2172 Εἶτα
1045 2116 1360 2188 πταίσματα
1393 2117 1520 2187 περὶ
1537 2117 1742 2169 ἐκεῖνον
1765 2117 1857 2169 τὸν
1887 2116 2014 2169 λαὸν

436 2209 554 2264 δέον
581 2210 730 2280 ἡμᾶς
765 2207 1065 2277 φοϐεῖσθαι,
1095 2210 1189 2262 καὶ
1217 2209 1413 2278 λέγειν·
1455 2209 1518 2261 Ei
1544 2207 1654 2260 τῶν
1684 2206 1825 2260 κατὰ
1854 2206 2014 2275 φύσιν

434 2300 644 2354 κλάδων
671 2300 771 2353 οὐκ
800 2300 1072 2369 ἐφείσατο,
1105 2299 1256 2370 πόσῳ
1289 2299 1451 2354 πλέον
1483 2298 1605 2351 οὐδὲ
1638 2297 1796 2368 ήμῶν
1833 2296 2016 2365 φείσε-

431 2407 557 2457 sat;
603 2391 665 2444 Εί
710 2390 949 2454 ἐκείνους
975 2390 1100 2453 τοὺς
1138 2389 1436 2462 αὐχοῦντας
1485 2383 1625 2443 εἷναι
1678 2387 2015 2442 καλλιέλαιον

431 2481 559 2544 τοὺς
606 2480 1006 2553 ὲρριζωμένους
1039 2484 1120 2546 είς
1157 2481 1256 2554 τὴν
1289 2481 1443 2553 ῥίζαν
1481 2479 1590 2534 τῶν
1639 2477 2013 2550 πατριαρχῶν,

445 2571 716 2644 Ἁϐραάμ,
752 2574 844 2625 καὶ
882 2572 1088 2634 Ἰσαὰκ,
1124 2572 1220 2626 καὶ
1256 2569 1470 2634 Ἰακὼϐ,
1509 2570 1583 2642 μὴ
1635 2569 1962 2640 φεισάμενος
1988 2571 2016 2622 ό

432 2663 670 2735 χρηστὸς
710 2664 824 2732 ἅμα
857 2664 951 2716 καὶ
980 2661 1358 2733 φιλάνθρωπος
1391 2660 1523 2724 Θεὸς
1552 2659 1829 2729 ἐξέκοψεν·
1866 2659 2018 2730 πόσῳ

434 2754 596 2807 πλέον
626 2753 782 2824 ἡμῶν
808 2755 868 2807 ού
914 2754 1196 2824 φείσεται;
1233 2754 1336 2806 Ἴδε
1367 2750 1710 2826 χρηστότητα
1757 2750 1851 2804 καὶ
1885 2751 2019 2803 ἀπο-

431 2846 628 2917 τομίαν
657 2845 814 2900 Θεοῦ.
840 2846 912 2898 Ού
950 2845 1056 2916 γὰρ
1082 2844 1316 2917 χρηστὸς
1343 2844 1463 2915 μὲν,
1493 2843 1594 2895 οὐκ
1623 2841 1895 2912 ἀπότομος
1926 2841 2014 2893 δέ·

432 2937 554 2990 οὐδὲ
584 2937 858 3008 ἀπότομος
891 2937 1011 3008 μὲν,
1061 2935 1295 3007 χρηστὸς
1327 2934 1385 2988 δὲ
1424 2933 1506 2988 οὗ.
1543 2935 1607 2987 Et
1639 2933 1746 3004 γάρ
1784 2931 2018 3005 χρηστὸς

437 3029 597 3100 μόνον
636 3025 724 3100 ἦν,
756 3029 1030 3101 ἀπότομος
1057 3028 1115 3080 δὲ
1168 3026 1242 3097 μὴ
1272 3022 1361 3096 ἦν,
1407 3027 1502 3079 ἐπὶ
1544 3025 1726 3078 πλεῖον
1753 3025 1820 3078 ἂν
1859 3041 2020 3077 κατεο

439 3124 784 3192 φρονήσαμεν
809 3121 903 3191 τῆς
929 3109 1294 3191 χρηστότητος
1319 3117 1502 3170 αὐτοῦ’
1529 3119 1577 3170 εἰ
1609 3117 1883 3186 ἀπότομος
1916 3115 2013 3186 μὲν

434 3207 524 3284 ἦν,
556 3211 789 3284 χρηστὸς
818 3211 875 3263 δὲ
913 3212 985 3281 μὴ
1018 3206 1106 3279 ἦν,
1137 3209 1277 3279 τάχα
1303 3207 1368 3263 ἂν
1397 3207 1748 3278 κατέγνωμεν
1778 3208 1872 3261 ἐπὶ
1894 3208 2015 3270 ταῖς

437 3301 733 3374 ἁμαρτίαις
780 3300 954 3373 ἡμῶν.
996 3301 1111 3354 Νῦν
1158 3301 1215 3352 δὲ
1249 3300 1325 3363 ὡς
1373 3298 1506 3362 Θεὸς
1545 3286 1853 3370 ἀμφότερον
1881 3298 2013 3369 ἔχει.

439 3392 728 3464 Χρῄζομεν
753 3393 860 3464 γὰρ
881 3393 929 3444 οἱ
943 3388 1242 3462 ἄνθρωποι,
1256 3387 1770 3462 μετανωῦντες,τῆς
1785 3387 2017 3461 χρηστό-

441 3501 596 3556 τητος
623 3483 809 3549 αὐτοῦ,
842 3483 1168 3555 ἐμμένοντες
1193 3483 1250 3536 δὲ
1280 3484 1403 3546 ταῖς
1433 3480 1864 3553 ἀμαρτίαις,τῆς
1883 3481 2018 3533 ἀπο-

444 3574 655 3647 τομίαςο
683 3577 732 3628 εί
761 3575 994 3648 χρηστός
1022 3575 1137 3628 ἐστι
1165 3571 1239 3645 (2)
1261 3573 1352 3627 καὶ
1383 3572 1656 3642 ἀπότομος
1681 3573 1711 3624 ό
1741 3569 1893 3634 Θεὸς,
1922 3569 2017 3623 καὶ

439 3666 586 3722 λαλεῖ
628 3670 760 3740 ἡμῖν
809 3666 896 3720 διὰ
943 3666 1051 3719 τῶν
1093 3665 1407 3737 προφητῶν,
1441 3666 1533 3718 καὶ
1565 3663 1738 3732 λέγει’
1780 3659 1954 3728 Εἶδες
1977 3661 2018 3716 d

437 3756 689 3824 ἐποίησέ
709 3773 810 3826 μοι
834 3758 872 3826 ἡ
901 3758 1171 3810 κατοικία
1194 3755 1302 3810 τοῦ
1339 3754 1605 3824 Ἰσραὴλ,
1630 3753 1757 3824 (τὸν
1799 3752 2018 3824 Ἰσραὴλ

436 3847 528 3900 τὸν
557 3846 688 3900 λαόν
737 3865 827 3917 μοι
875 3847 983 3900 νόει
1010 3847 1274 3918 ἐκεῖνον,)
1317 3846 1384 3913 ὃς
1431 3846 1725 3914 ἐπορεύθη
1757 3845 1856 3897 ἐπὶ
1894 3842 2018 3898 πᾶν

440 3939 577 4008 ὄρος
609 3939 874 4008 ὑψηλὸν,
913 3940 1010 3993 καί
1038 3939 1317 3994 ὑποκάτω
1359 3937 1587 4003 παντὸς
1617 3936 1808 4000 ξύλου
1841 3952 2019 3990 κατα-

440 4031 640 4085 σκίου.
691 4031 816 4084 Ἐὰν
854 4029 972 4104 ἴδῃς
1022 4031 1114 4084 τὸν
1151 4033 1442 4103 Φαρισαῖον
1475 4030 1557 4092 εἰς
1599 4027 1659 4081 τὸ
1709 4026 1853 4098 ἱερὸν
1889 4029 2020 4081 ἀνα-

435 4119 691 4175 ϐαίνοντα
736 4120 1069 4186 ἀλαζονικῶς
1120 4121 1216 4175 καὶ
1272 4120 1348 4192 μὴ
1395 4118 1667 4172 τύπτοντα
1710 4117 1903 4172 ἑαυτοῦ
1956 4119 2018 4172 τὸ

439 4211 656 4284 ιπτῆθος,
689 4213 824 4284 μηδὲ
851 4213 1149 4285 κηδόμενον
1189 4211 1297 4265 τῶν
1347 4211 1494 4265 ἰδίων
1526 4207 1733 4272 κακῶν,
1767 4209 1904 4263 ἀλλά
1932 4210 2019 4264 λέ-

437 4319 625 4372 γοντα·
665 4324 684 4357 ι
715 4302 1031 4377 Εὑχαριστῶ
1056 4319 1158 4367 σοι,
1185 4302 1380 4355 ὅτιούκ
1404 4301 1522 4372 είμὶ
1535 4301 1610 4366 ῶς
1634 4303 1682 4356 0i
1707 4302 1885 4356 λοιποὶ
1909 4301 2018 4356 τῶν

443 4392 765 4466 ἀνθρώπων,
802 4394 1069 4466 ἅρπαγες,
1100 4391 1296 4449 ἄδικοι,
1327 4391 1536 4462 μοιχοί·
1566 4391 1599 4463 ἢ
1630 4391 1724 4444 καὶ
1752 4392 1828 4455 ὡς
1861 4383 2018 4455 οὗτος

2111 556 2181 612 do
2207 555 2544 610 muliercula:
2584 564 2638 609 et
2670 554 2918 611 inﬁrmus
2951 572 3116 612 sexus
3149 573 3319 628 usque
3348 560 3414 615 ad
3453 568 3689 616 mortem

2111 647 2370 702 manebat
2401 647 2721 717 intrepidus.
2755 645 2909 702 Tunc
2940 663 3066 703 vere
3093 650 3246 721 signa
3275 650 3342 705 de
3369 653 3527 718 coelo,
3561 662 3692 708 tunc

2112 738 2310 792 liebant
2337 745 2584 806 portenta
2609 737 2674 791 de
2703 746 2868 791 terra.
2901 736 3055 793 Tunc
3077 749 3232 794 erant
3256 741 3413 810 pauci
3443 743 3687 811 quidem,

2111 827 2204 882 sed
2239 842 2366 881 vere
2396 826 2602 891 fideles,
2647 836 2935 895 angustam
2984 838 3039 883 et
3070 838 3272 884 arctam
3324 831 3690 901 ingredientes

2110 919 2274 985 viam,
2319 933 2440 987 quae
2468 919 2619 973 ducit
2651 921 2718 973 ad
2745 921 2932 974 vitam.
2972 919 3124 976 Nunc
3151 937 3279 976 vero
3311 925 3526 992 quando
3559 923 3690 978 facti

2111 1024 2303 1063 sumus
2347 1009 2552 1078 plures,
2601 1010 2731 1079 quia
2778 1010 2994 1066 diﬂicile
3019 1021 3102 1066 est
3128 1013 3314 1082 plures
3345 1029 3463 1070 esse
3490 1015 3688 1078 bonos,
3724 1017 3733 1054 ί

2112 1113 2287 1168 neque
2328 1099 2472 1153 enim
2514 1100 2773 1155 mentitur
2815 1099 2996 1166 Jesus,
3037 1103 3226 1159 dicens
3254 1122 3268 1158 :
3295 1103 3452 1159 Multi
3496 1108 3687 1172 uocati,

2111 1190 2266 1258 pauci
2315 1202 2486 1244 autem
2537 1190 2687 1245 electi
2709 1191 2775 1258 ⁷³,
2824 1206 2890 1246 ex
2939 1195 3103 1249 tantis
3128 1193 3499 1250 Christianam
3528 1184 3689 1251 [idem

2112 1281 2514 1349 pollicentibus,
2567 1283 2724 1352 pauci
2773 1299 2906 1338 sane
2955 1286 3299 1354 reperiuntur
3331 1289 3425 1357 qui
3457 1288 3694 1344 habeant

2112 1369 2294 1438 ﬁdem,
2319 1382 2372 1426 et
2397 1373 2701 1441 veritatem,
2725 1382 2780 1428 et
2809 1374 3141 1432 beatitudine
3171 1377 3318 1448 digni
3345 1379 3475 1433 sint.
3557 1384 3564 1390 '

2186 1632 2241 1686 4.
2285 1631 2341 1685 Si
2375 1633 2556 1702 itaque
2593 1633 2722 1688 dicit
2753 1653 2765 1688 :
2804 1635 3047 1690 Primum
3092 1646 3307 1706 propter
3348 1647 3570 1707 peccata
3602 1641 3688 1696 di-

2118 1721 2241 1776 misi
2277 1720 2482 1787 lsrael,
2533 1735 2586 1777 ct
2628 1723 2823 1792 reliqui
2867 1741 2990 1780 eum
3043 1726 3099 1780 in
3149 1729 3686 1798 commigrationem;

2045 1819 2090 1878 Β
2115 1811 2255 1868 Juda
2278 1822 2460 1868 autem
2485 1814 2714 1868 audiens
2741 1830 2803 1868 ea
2831 1831 2953 1885 qua:
2973 1818 3284 1872 acciderant
3308 1818 3505 1888 Israel,
3522 1822 3696 1876 noluit

2115 1905 2181 1959 ad
2226 1920 2312 1959 me
2357 1906 2597 1959 converti
2629 1924 2642 1960 :
2671 1906 2738 1960 de
2771 1908 2974 1982 nostris
3025 1908 3267 1977 loquitur
3303 1912 3560 1978 peccatis,
3598 1913 3694 1982 qui

2113 1996 2352 2065 legentes
2388 2011 2450 2050 ea
2488 2011 2610 2066 quae
2637 2013 2832 2066 passus
2856 2007 2938 2053 est
2970 1999 3202 2067 populus
3225 1997 3558 2067 Iudaeorum,
3585 2017 3695 2056 non

2117 2088 2393 2154 timemus,
2431 2103 2606 2158 neque
2629 2089 2901 2146 dicimus:
2937 2089 2994 2146 Si
3024 2092 3367 2149 naturalibus
3391 2095 3559 2148 ramis
3586 2109 3697 2148 non

2112 2181 2374 2249 pepercit,
2418 2191 2624 2250 quanto
2660 2181 2834 2252 magis
2879 2199 2980 2238 nec
3026 2184 3186 2240 nobis
3219 2193 3406 2254 parcet
3445 2184 3698 2241 Deus"?

2116 2273 2174 2328 Si
2199 2274 2321 2328 illos
2350 2276 2646 2346 gloriantes
2673 2291 2793 2330 esse
2815 2292 2872 2331 se
2897 2277 3096 2332 olivam
3122 2278 3345 2346 bonam,
3376 2289 3430 2335 et
3458 2281 3696 2335 radicem

2114 2368 2546 2436 patriarcharum
2567 2410 2581 2433 ,
2621 2369 2919 2433 Abraham,
2951 2367 3105 2424 Isaac
3139 2378 3193 2424 et
3221 2369 3410 2440 Jacob,
3442 2373 3699 2430 Christus

2117 2458 2580 2514 clementissimus
2632 2458 2777 2515 Deus
2827 2474 2926 2528 pro
2979 2476 3081 2516 suo
3127 2462 3321 2516 merito
3365 2464 3699 2531 eradicavit;

2116 2560 2322 2619 quanto
2355 2551 2531 2620 magis
2561 2564 2739 2618 neque
2775 2550 2933 2604 nobis
2966 2559 3169 2619 parcet,
3205 2552 3250 2606 si
3279 2552 3478 2606 similia
3507 2551 3703 2607 feceri-

2118 2641 2276 2696 mus?
2310 2641 2444 2695 Vide
2476 2641 2865 2711 benignitatem
2897 2650 2952 2694 et
2992 2642 3337 2695 severitatem
3370 2640 3484 2695 Dei.
3516 2641 3702 2712 Neque

2118 2733 2262 2788 enim
2297 2733 2568 2804 benignus
2602 2741 2811 2786 tantum
2848 2739 2954 2798 est,
2996 2741 3051 2786 et
3086 2747 3194 2786 non
3229 2745 3484 2800 severas;
3527 2750 3702 2805 neque

2117 2839 2341 2878 severus
2369 2832 2601 2891 tantum,
2628 2832 2682 2878 et
2711 2839 2820 2878 non
2845 2823 3007 2878 etiam
3040 2824 3326 2894 benignus.
3357 2823 3412 2879 Si
3432 2825 3702 2897 benignus

2118 2922 2264 2968 esset
2293 2914 2695 2977 tantummodo,
2722 2913 3018 2968 bonitatem
3048 2915 3167 2983 ejus
3190 2924 3697 2984 contemneremus,

2118 3001 2164 3056 si
2199 3017 2424 3058 severus
2456 3011 2689 3070 tantum,
2735 3002 3044 3073 desperatio
3084 3019 3185 3059 nos
3228 3005 3446 3073 salutis,
3481 3016 3702 3076 propter

2117 3103 2340 3163 peccata
2384 3109 2508 3164 quae
2551 3092 2807 3161 fecimus,
2860 3095 3223 3166 praecipitaret
3271 3095 3326 3150 in
3359 3097 3510 3151 vitia.
3544 3097 3702 3154 Nunc

2119 3201 2250 3241 vero
2281 3187 2437 3256 quasi
2484 3187 2653 3252 Deus,
2691 3188 3060 3243 necessariam
3093 3189 3292 3258 quippe
3327 3189 3403 3258 (5)
3436 3189 3700 3244 habemus

2119 3291 2312 3333 omnes
2345 3277 2642 3333 bonitatem
2677 3279 2796 3348 ejus
2826 3280 2896 3333 ob
2927 3280 3327 3350 poeuitentiam,
3359 3289 3414 3334 et
3439 3280 3703 3336 severita.

2120 3376 2228 3424 tem
2277 3369 2347 3423 0h
2391 3369 2606 3438 delicta,
2640 3379 2696 3424 et
2742 3370 3010 3442 benignus
3050 3381 3154 3439 est,
3176 3379 3231 3426 et
3271 3386 3515 3437 severus,
3537 3380 3588 3426 et
3620 3373 3703 3426 lo-

2117 3463 2305 3531 quitur
2343 3462 2408 3516 ad
2441 3478 2540 3517 nos
2572 3477 2667 3532 per
2697 3463 3041 3532 prophetam,
3070 3463 3257 3519 dicens
3286 3481 3299 3517 :
3346 3461 3542 3516 Vidisti
3571 3461 3700 3532 quid

2121 3553 2243 3622 fecit
2271 3553 2399 3606 mihi
2428 3553 2684 3608 habitatio
2713 3553 2902 3608 domus
2917 3553 3322 3626 Israel?(lsrael
3359 3555 3414 3607 in
3443 3555 3700 3624 praesenti

2121 3659 2219 3713 pro
2245 3642 2558 3698 Judseorum
2606 3643 2806 3714 populo
2852 3643 3082 3712 accipe.)
3117 3643 3260 3696 Abiit
3313 3658 3464 3708 super
3495 3659 3702 3696 onmem

2120 3743 2345 3787 montem
2391 3733 2676 3798 excelsum,
2731 3731 2888 3804 1&5
2925 3741 2974 3785 et
3022 3730 3183 3784 subiit
3228 3748 3391 3802 usque
3441 3732 3510 3784 ad
3549 3748 3701 3785 omne

2119 3823 2320 3893 lignum
2347 3839 2700 3876 nemorosum.
2727 3821 2784 3876 Si
2815 3821 3130 3877 consideres
3148 3821 3482 3876 l’harisaaum
3515 3837 3702 3878 ascen-

2120 3914 2336 3968 dentem
2366 3915 2623 3984 tcmplum
2647 3929 2770 3969 cum
2801 3913 3077 3982 superbia,
3097 3921 3151 3968 et
3175 3929 3281 3968 non
3309 3915 3699 3982 percuticntem

2121 4014 2311 4074 pectus
2349 4019 2530 4072 suum,
2561 4021 2736 4075 neque
2759 4005 2900 4059 mala
2930 4005 3148 4074 propria
3179 4005 3522 4073 sentientem,
3557 4021 3701 4076 quo-

2121 4097 2282 4152 modo
2320 4097 2465 4154 dicat
2497 4116 2510 4152 :
2551 4095 2766 4152 Gratias
2798 4096 2893 4150 tibi
2918 4113 3038 4167 ago,
3075 4098 3202 4167 quia
3233 4113 3336 4150 non
3366 4113 3483 4150 sum
3513 4107 3569 4150 ut
3593 4113 3700 4150 σαι-

2121 4189 2219 4242 leri
2244 4183 2513 4255 homines,
2539 4199 2799 4257 raptores,
2834 4187 3045 4256 injusli,
3076 4187 3329 4252 adulteri,
3371 4197 3420 4240 et
3444 4189 3581 4240 sicut
3603 4189 3701 4240 iste

2118 4279 2432 4351 publicanus
2467 4295 2485 4333 :
2524 4280 2700 4349 jejuno
2741 4279 2821 4333 bis
2863 4279 2916 4330 in
2954 4275 3212 4342 Sabbato,
3257 4277 3494 4330 decimas
3526 4277 3594 4330 do
3636 4282 3702 4332 de

2120 4371 2421 4426 substantia
2470 4385 2584 4422 mea
2603 4370 2651 4400 ⁷⁵
2683 4386 2697 4423 ;
2729 4367 2894 4422 Vides
2942 4367 3216 4436 quomodo
3266 4366 3511 4422 ascendit
3536 4382 3701 4436 super

437 4483 469 4538 ὁ
496 4458 758 4556 τελώνης.
780 4458 1044 4556 Νηστεύω
1067 4481 1148 4545 δὶς
1169 4479 1264 4535 τοῦ
1285 4458 1922 4546 σαϐϐάτουξάποδεκατῶ
1947 4477 2016 4533 τά

2124 4477 2340 4517 omnem
2364 4471 2606 4516 montem
2636 4459 2934 4526 excelsum,
2963 4470 3015 4513 et
3045 4458 3414 4514 inﬂammatus
3439 4473 3702 4530 arrogan-

438 4575 751 4648 ὕπάρχοντά
783 4592 904 4647 μου’
939 4593 958 4626 ι
990 4573 1131 4644 Mat,
1161 4575 1244 4626 ὅτι
1277 4571 1615 4642 ἀναϐέϐηκεν
1637 4571 1730 4624 ἐπὶ
1755 4571 1863 4624 πᾶν
1891 4570 2015 4642 ὅρος
2095 4621 2097 4624 ι

441 4669 642 4739 ὑψηλὸν
667 4667 903 4738 ψεκτῶς,
938 4667 1031 4720 καὶ
1061 4666 1354 4736 ἀγαπήσας
1383 4661 1881 4734 μεγαλοφροσύνην,
1921 4662 2016 4716 καὶ

446 4760 586 4813 κατά
613 4761 711 4829 τὴν
750 4757 1146 4828 ὑπερηφανίαν.
1183 4757 1279 4819 Ὃς
1304 4756 1360 4808 δὲ
1387 4753 1696 4825 ἀναϐέϐηκε
1719 4753 1811 4805 ἐπὶ
1839 4752 2013 4806 πάντα

450 4851 638 4921 βουνὸν
675 4848 898 4920 ὑψηλὸν,
941 4848 1035 4900 καὶ
1057 4846 1278 4916 γέγονεν
1305 4844 1561 4898 ὑποκάτω
1593 4843 1791 4906 παντὸς
1829 4841 2011 4909 ξύλου,

379 4955 382 4958 ‘
445 4940 506 4993 οὐ
540 4939 841 5011 καρπίμου,
877 4936 990 4990 ἀλλ’
1029 4934 1328 4996 ἀλσώδους·
1372 4932 1501 4987 ἀλλο
1542 4932 1651 5004 γὰρ
1689 4932 1750 4986 τὸ
1776 4931 2016 4997 ἀλσῶδες

447 5028 620 5094 ξύλον,
643 5027 770 5083 ἄλλο
794 5029 852 5079 τὸ
878 5023 1246 5099 καρποφόρον.
1273 5023 1367 5086 Είς
1394 5022 1529 5093 ἄλση
1558 5023 1686 5076 ὅταν
1721 5023 2013 5090 φυτεύωσι,

446 5119 579 5188 ξύλα
623 5119 942 5190 φυτεύουσιν
980 5120 1040 5172 οὐ
1082 5117 1152 5170 τά
1197 5115 1543 5187 καρποφόρα,
1580 5115 1642 5168 οὐ
1675 5115 1868 5186 συκῆν,
1895 5114 2016 5169 οὐδὲ

445 5213 706 5284 ἄμπελον,
756 5211 891 5266 ἀλλά
922 5211 1079 5282 μόνον
1107 5208 1349 5281 τέρψεως
1393 5207 1552 5281 χάριν
1594 5207 1821 5280 ἄκαρπα
1864 5206 2015 5272 ξύλα.

445 5301 730 5368 Τοιούτους
756 5303 1007 5374 εὑρήσεις
1037 5300 1163 5364 τοὺς
1193 5297 1386 5367 λόγους
1425 5297 1534 5351 τῶν
1559 5297 1901 5370 ἑτεροδόξων,
1926 5297 2020 5351 καὶ

2122 4559 2199 4614 tia
2247 4557 2352 4613 ista
2396 4561 2710 4626 praesumat.
2763 4551 2902 4606 Sunt
2935 4561 3114 4606 autem
3148 4551 3241 4606 alii
3269 4551 3364 4621 qui
3397 4550 3703 4605 ascendunt

2121 4664 2286 4718 super
2313 4647 2500 4712 colles,
2534 4653 2587 4699 et
2614 4643 2750 4698 ﬁunt
2778 4643 2972 4697 subtus
3002 4657 3164 4697 omne
3201 4641 3409 4711 lignum
3438 4654 3548 4694 non
3584 4639 3718 4693 fru-'

2123 4740 2399 4806 ctil'erum,
2439 4737 2533 4793 sed
2567 4751 2948 4802 nemorosum;
2999 4733 3268 4804 siquidem
3328 4731 3553 4787 alterius
3598 4747 3702 4784 na-

2122 4843 2259 4889 turae
2291 4838 2375 4886 est
2405 4831 2609 4901 lignum
2658 4826 2802 4897 quod
2848 4826 3096 4881 ubertate
3131 4824 3307 4880 fertile
3338 4829 3442 4889 est,
3475 4821 3701 4877 alterius

2123 4922 2270 4994 quod
2303 4930 2511 4976 tantum
2547 4920 2790 4974 abundat
2823 4914 3015 4972 fronde
3051 4914 3328 4969 foliorum.
3367 4911 3425 4966 lu
3461 4911 3702 4967 nemori-

2123 5015 2226 5070 bus
2265 5022 2320 5068 et
2363 5013 2502 5068 lucis
2549 5026 2710 5065 nemo
2756 5010 2964 5080 plantat
3011 5007 3198 5073 ﬁcum,
3251 5017 3413 5060 nemo
3461 5003 3700 5066 vineam,

2123 5122 2284 5162 nemo
2315 5108 2540 5162 arbores
2567 5102 2795 5169 fertiles,
2823 5100 2917 5156 sed
2945 5096 3292 5154 oblectationi
3316 5096 3468 5151 visus
3490 5102 3700 5148 tantum

2124 5199 2266 5270 ligna
2295 5176 2622 5254 frondentia.
2653 5195 2813 5250 Tales
2844 5200 2970 5249 sunt
2993 5190 3254 5256 haeretici,
3279 5186 3373 5259 qui
3399 5184 3700 5241 orationem

2126 5306 2280 5348 suam
2312 5289 2600 5345 verborum
2633 5285 2830 5342 decore
2859 5285 3217 5353 componunt,
3251 5290 3361 5331 non
3388 5281 3448 5329 ut
3473 5285 3703 5327 convero

505 5484 555 5521 ⁷⁸
575 5483 764 5542 Matth.
795 5499 888 5549 xx,
931 5483 1018 5538 16.
1093 5481 1140 5513 ⁷⁸
1173 5479 1334 5536 llom.
1374 5495 1427 5534 XI
1449 5521 1463 5543 ,
1495 5478 1584 5534 21.
1627 5477 1674 5509 ⁷⁵
1701 5476 1831 5534 Luc.
1862 5495 2016 5548 xvui,
2047 5481 2134 5537 Η.

523 5648 600 5719 (l)
651 5647 751 5719 Ὠς
779 5646 926 5714 πρὸς
954 5646 1040 5699 τό.
1085 5641 1323 5714 Legebat
1363 5637 1730 5708 Hieronymus
1766 5635 2024 5708 ιπρῶτον

447 5717 828 5786 ἑξαπέστειλα.

518 5787 599 5858 (2)
638 5789 710 5842 El
746 5785 1010 5856 χρηστός
1045 5783 1194 5839 ἐστι.
1227 5781 1388 5854 Lege,
1414 5780 1508 5834 καὶ
1534 5777 1768 5850 χρηστός
1793 5779 1928 5831 ἐστι.

2201 5633 2278 5704 (5)
2324 5630 2485 5704 Deus,
2535 5622 2887 5704 necessariam
2943 5619 3152 5704 quippe,
3206 5621 3342 5704 etc;
3362 5607 3704 5704 Snio-A9392?

2127 5685 2288 5765 ms‘s'f,
2339 5685 2484 5753 libri'
2521 5703 2703 5752 autem
2761 5698 2922 5745 antea
2956 5685 3148 5754 'editi,
3205 5685 3342 5737 dans
3388 5685 3705 5744 necessaria,

2128 5774 2336 5845 quippe,
2374 5777 2478 5824 etc.
