4130 6470
471 365 570 423 291

1914 352 2243 409 οιιιοῖξιιδ

3629 360 3736 418 293

476 493 594 539 tant
630 480 913 538 audientes
949 495 978 533 a
1007 478 1175 544 vitiis,
1205 477 1300 532 sed
1336 483 1393 530 ut
1423 472 1709 533 delectent.
1746 470 1924 544 Igitur
1953 486 2027 542 qu

2153 471 2222 526 τὰ
2253 469 2427 541 κάλλη
2453 469 2563 523 τῶν
2602 469 2978 543 πιθανοτήτων
3021 471 3220 542 αὐτῶν,
3250 470 3352 527 οὒκ
3379 472 3762 546 ἐπιστρεφόψ.

475 575 785 633 istiusmodi
843 573 1158 629 seductione
1213 583 1504 639 persuasus
1534 577 1637 633 est,
1691 567 1825 621 abiit
1851 566 2049 621 subtus

474 685 636 725 omne
658 669 887 737 lignum.
914 665 1200 733 Simulque
1224 661 1442 717 attende
1464 675 1634 730 quare
1660 674 1771 714 non
1804 659 2041 725 dixerit,

474 776 637 816 omne
661 760 889 829 lignum,
918 764 974 810 et
998 754 1256 821 tacuerit;
1283 767 1459 823 neque
1488 766 1710 806 rursum
1747 750 2045 811 addiderit,

472 864 637 904 omne
671 847 875 917 lignum
921 841 1287 910 fruetiferum,
1320 841 1414 897 sed
1437 841 1808 913 signiﬁcanter
1830 840 2046 910 adjece-

470 940 562 1003 rit,
605 938 785 992 subtus
818 952 973 994 omne
1003 936 1203 1006 lignum
1240 934 1568 997 frondosum.
1609 931 1977 997 Quamobrem
2000 931 2046 986 si

472 1029 746 1099 intelligas
790 1043 891 1083 cur
924 1026 1275 1097 praecipiatur
1312 1024 1366 1079 in
1408 1022 1587 1094 Lege:
1623 1022 1745 1077 Non
1783 1023 2046 1094 plantabis

468 1137 619 1175 omne
649 1120 849 1189 lignum
864 1118 1028 1189 juxta
1060 1119 1229 1172 altare
1265 1117 1478 1171 Domini
1506 1115 1599 1170 Dei
1628 1116 1729 1182 tui,
1763 1132 1853 1169 nec
1881 1116 2045 1185 {acies

468 1230 650 1267 nemus
674 1214 750 1278 ἠς
798 1214 1123 1268 nominatim
1172 1213 1373 1283 quippe
1413 1210 1757 1266 interdicitur
1797 1224 1864 1264 ne
1889 1209 2046 1263 lucus

456 1304 749 1369 plantetur
785 1303 838 1356 in
873 1303 1098 1369 templo.

536 1381 590 1437 5.
634 1381 692 1436 Si
732 1382 1110 1439 observaveris
1156 1398 1327 1453 quare
1366 1384 1569 1439 dictum
1608 1384 1717 1441 sit:
1753 1385 2039 1441 Fornicata
2130 1429 2139 1434 -

460 1481 541 1530 est
572 1473 705 1540 illic,
748 1482 799 1527 et
820 1474 959 1539 dixi,
996 1485 1273 1546 postquam
1306 1476 1570 1545 fornicata
1597 1486 1674 1532 est
1702 1479 1813 1533 hac
1838 1481 2037 1545 omnia,

466 1565 546 1621 Ad
568 1579 647 1617 me
673 1574 989 1631 convertere,
1040 1577 1088 1619 et
1132 1582 1236 1621 non
1264 1576 1340 1620 est
1372 1584 1637 1634 conversa,
1664 1579 1714 1623 et
1743 1571 1872 1624 vidit
1898 1588 2040 1640 prce-

462 1654 837 1709 varieationem
866 1656 980 1726 ejus
1002 1658 1403 1726 pmoricatrix
1432 1658 1610 1724 Iuda;
1640 1660 1708 1716 de
1740 1662 1900 1717 nobis
1928 1663 2036 1717 dici

460 1745 718 1817 intellige,
752 1747 843 1817 qui
879 1748 1315 1818 derelinquentes
1349 1759 1568 1820 pactum
1602 1754 1746 1822 quod
1770 1769 1895 1809 cum
1922 1752 2033 1809 Deo

2146 581 2257 618 των
2287 562 2416 626 τοὺς
2443 561 2761 626 ἀκούοντας.
2797 564 2964 616 Ὅταν
2999 558 3092 616 οὖν
3127 566 3240 628 τοῖς
3266 563 3529 629 τοιούτοις
3555 565 3735 634 λόγοις

2146 669 2231 715 τις
2261 652 2451 707 ἑαυτὸν
2484 651 2674 723 ἐπιδῷ,
2698 653 3030 726 πεπόρευται
3065 654 3320 709 ὑποκάτω
3348 654 3548 720 παντὸς
3575 655 3731 723 ξύλου

2144 744 2441 809 ἀλσώδους.
2462 736 2580 799 Ὁύκ
2600 742 2788 815 εἴρηκε
2815 745 3012 809 παντὸς
3038 744 3217 811 ξύλου,
3241 745 3336 800 καὶ
3360 746 3727 818 σεσιώπηκενο

2146 837 2269 891 οὐδὲ
2293 837 2456 891 πάλιν
2481 835 2792 908 προσέθηκε
2836 836 3037 901 παντὸς
3083 836 3241 902 ξύλου
3284 836 3379 890 τοῦ
3423 840 3727 911 καρπίμου,

2144 927 2263 981 ἀλλ’
2295 927 2536 999 εἴρηκενο
2574 926 2854 983 ὑποκάτω
2890 926 3116 994 παντὸς
3154 927 3346 992 ξύλου
3385 928 3725 996 ἀλσώόους.

2144 1016 2246 1081 Διὰ
2271 1016 2429 1070 τοῦτο
2451 1018 2686 1088 νοήσεις,
2721 1016 2774 1070 τί
2817 1016 3015 1088 δήποτε
3044 1019 3074 1070 6
3102 1016 3398 1088 νομοθέτης
3433 1018 3601 1087 λέγει·
3642 1023 3726 1076 Οὐ

2142 1108 2463 1177 φυτεύσεις
2492 1106 2613 1161 πᾶν
2642 1106 2834 1171 ξύλον
2859 1106 3020 1175 παρὰ
3045 1106 3110 1160 τὸ
3148 1107 3582 1175 θυσιαστήριον
3603 1114 3727 1165 Κυ-

2135 1200 2277 1270 ρίου
2299 1200 2406 1252 τοῦ
2436 1198 2585 1253 Θεοῦ
2614 1216 2756 1263 σου,
2782 1198 2882 1252 καί
2917 1201 2988 1255 οὺ
3019 1201 3294 1266 ποιήσεις
3326 1198 3548 1267 ἄλσος·
3581 1200 3725 1272 ἔχεις

2141 1291 2252 1363 γὰρ
2282 1292 2377 1345 καὶ
2400 1290 2461 1343 τὸ
2493 1284 2664 1361 ὄνομα
2691 1289 2787 1343 τοῦ
2809 1290 3002 1354 ἄλσους
3031 1292 3502 1363 ἀπηγορευμένον.

2219 1401 2236 1433 ι
2279 1381 2393 1436 Καὶ
2435 1381 2760 1451 ὲπόρνευσεν
2802 1381 2942 1435 ἐκεῖ·
2987 1383 3082 1436 καὶ
3123 1377 3275 1448 εἶπα,
3322 1383 3461 1453 μετὰ
3492 1383 3555 1437 τὸ
3595 1403 3723 1457 πορ-

2138 1473 2327 1527 νεῦσαι
2347 1472 2515 1544 αύτὴν
2543 1471 2715 1526 ταῦτα
2748 1471 2946 1526 πάντα·
2982 1473 3126 1546 Πρὸς
3155 1472 3222 1547 με
3245 1474 3606 1548 ἀνάστρεψον
3631 1479 3724 1531 καὶ

2140 1567 2242 1619 οὐκ
2293 1564 2610 1636 ἀνέστρεψε.
2661 1565 2770 1618 Καὶ
2824 1560 2932 1618 εἶδε
2982 1564 3078 1636 τὴν
3126 1565 3447 1621 ἀσυνθεσίαν
3474 1569 3645 1639 αὐτῆς
3688 1572 3721 1642 ή

2136 1657 2430 1722 ἀσύνθετος
2482 1656 2673 1711 Ἰούδα.
2713 1675 2732 1708 ι
2779 1655 3212 1728 Λελοιδορήμεθα
3248 1659 3344 1712 καὶ
3372 1660 3550 1731 ⁴ἡμεῖς,
3579 1660 3721 1729 λέγω

2134 1750 2191 1803 οἱ
2213 1750 2637 1822 ἁμαρτάνοντες,
2662 1750 2755 1803 καὶ
2778 1748 2852 1820 μὴ
2880 1748 3173 1820 τηροῦντες
3201 1748 3297 1814 τὰς
3324 1750 3597 1822 συνθήκας
3623 1751 3717 1805 τοῦ

457 1837 708 1905 fecimus,
738 1856 845 1895 non
874 1855 1194 1908 servamus;
1230 1857 1406 1912 neque
1435 1844 1758 1915 respicimus
1791 1846 2028 1916 priorem

2139 1840 2297 1904 Θεοῦ,
2331 1841 2467 1912 μηδὲ
2495 1839 2804 1911 βλέποντες,
2840 1841 2922 1894 ὅτι
2954 1839 3361 1894 ἀπολωλέκασιν
3397 1843 3593 1894 ἐκεῖνοι
3620 1842 3719 1915 την

452 1932 738 2001 populum,
761 1934 1168 1989 Testamentum
1188 1977 1203 2003 ,
1240 1945 1293 1991 ct
1333 1935 1806 2006 repromissiones,
1841 1945 1895 1991 et
1924 1952 2030 1993 no-

451 2019 716 2076 bilitatem
768 2024 983 2092 generis
1021 2039 1121 2094 per
1164 2032 1446 2094 peccatum
1488 2024 1668 2080 simile
1701 2026 2025 2095 perdidisse.

450 2109 514 2166 Si
524 2116 705 2166 essetis
718 2113 819 2181 filii
845 2114 1129 2181 Abraham,
1153 2131 1313 2185 opera
1331 2116 1501 2185 patris
1521 2117 1683 2170 uestri
1705 2118 2025 2187 faceretis",

449 2203 584 2258 dicit
610 2205 690 2259 eis
722 2204 1003 2262 Dominus.
1029 2206 1098 2261 Et
1125 2207 1179 2260 in
1207 2207 1316 2283 alio
1340 2207 1462 2263 loco
1485 2206 1723 2265 Joannes
1750 2208 2023 2281 Baptista:

451 2293 541 2349 Ne'
568 2296 862 2366 incipiatis,
901 2299 1097 2369 inquit,
1134 2301 1307 2357 dicere
1354 2303 1409 2356 in
1438 2302 1604 2367 vobis,
1650 2302 1777 2373 quia
1821 2312 2022 2373 patrem

449 2386 700 2441 habemus
730 2388 1000 2443 Abraham
1032 2405 1052 2444 :
1077 2391 1194 2446 dico
1219 2393 1356 2447 enim
1387 2394 1552 2459 vobis,
1586 2394 1711 2464 quia
1739 2402 1919 2464 potens
1948 2403 2027 2448 est

445 2475 707 2533 Dominus
726 2494 791 2533 ea:
807 2479 1071 2548 lapidibus
1114 2484 1235 2538 istis
1261 2486 1518 2540 suscitare
1537 2486 1678 2555 ﬁlios
1706 2486 2019 2542 Abrahae":

443 2565 652 2637 lapides
682 2583 804 2624 esse
842 2584 943 2625 nos
964 2570 1299 2642 significans,
1334 2574 1464 2645 quia
1503 2575 1569 2630 ad
1605 2575 2019 2631 similitudinem

441 2655 682 2729 lapidum
712 2660 1045 2719 obdurantes
1073 2665 1237 2720 corda
1283 2675 1469 2721 nostra
1513 2667 1790 2722 tenuimus
1820 2669 2021 2723 verita-

440 2758 572 2803 tem.
629 2747 696 2805 Et
745 2766 873 2807 vere
924 2755 1273 2825 omnipotens
1331 2756 1475 2812 Deus
1532 2759 1823 2813 suscitabit
1878 2760 2018 2815 ﬁlios

438 2839 673 2895 Abrahae
702 2842 769 2897 de
798 2844 1092 2913 lapidibus,
1122 2846 1168 2900 si
1195 2860 1615 2915 permaneamus
1637 2849 1692 2903 in
1723 2850 2017 2919 adoptione

437 2928 584 2999 ejus,
612 2941 667 2987 et
694 2933 943 3003 spiritum
980 2951 1079 3005 per
1122 2952 1285 3007 quem
1313 2938 1554 3008 adoptati
1585 2955 1799 3008 sumus,
1829 2949 2014 2997 custo-

439 3021 656 3078 diamus
691 3025 742 3077 in
776 3026 953 3082 nobis.
985 3024 1135 3082 Vidit
1162 3043 1290 3099 ergo
1321 3031 1820 3100 prazvaricationem
1847 3031 2015 3088 Israel

436 3114 839 3193 prmrarieatrix
863 3116 1023 3182 Iuda,
1061 3135 1182 3187 qum
1215 3136 1327 3174 non
1353 3121 1587 3177 servavit
1616 3130 1831 3192 paetum
1863 3122 2010 3193 quod

430 3203 555 3243 cum
580 3190 693 3246 Deo
724 3192 885 3264 146
910 3194 1116 3251 fecerat
1138 3215 1151 3251 :
1175 3197 1245 3252 Et
1266 3200 1394 3254 vidit
1415 3190 1665 3270 quoniam
1692 3208 1757 3261 de
1775 3190 2017 3268 omnibus

426 3279 618 3348 quibus
644 3284 1019 3352 mmelmbatur,
1057 3290 1426 3357 comprehensa
1470 3303 1545 3347 est
1584 3295 1680 3350 illa
1723 3303 2015 3368 generatio.

428 3371 626 3429 Omnia
651 3376 851 3447 quippe
877 3393 999 3448 quae
1021 3396 1217 3450 passus
1239 3394 1323 3438 est
1355 3384 1550 3452 Israel,
1576 3404 1679 3445 nos
1708 3392 1801 3461 qui
1829 3380 2019 3451 sumus

432 3465 606 3532 Iuda,
653 3469 897 3541 legentes
946 3473 1000 3528 in
1048 3476 1218 3532 sacris
1259 3478 1654 3551 voluminibus,
1708 3485 2018 3546 invenimus

430 3557 687 3625 quoniam
736 3561 804 3615 de
847 3564 1103 3620 omnibus
1143 3568 1341 3637 quibus
1372 3574 1771 3643 comprehensa
1802 3587 1918 3646 est,
1961 3582 2017 3636 in

429 3650 627 3719 quibus
677 3656 1055 3712 mtechabatur
1099 3659 1359 3718 habitatio
1404 3663 1598 3731 Israel,
1650 3667 1853 3727 dimisit
1896 3690 2017 3730 eam

431 3740 708 3810 Dominus,
738 3755 794 3801 et
821 3748 969 3803 dedit
995 3749 1045 3804 ei
1075 3751 1315 3809 libellum
1340 3757 1574 3827 repudii.
1610 3759 1820 3817 Etcum
1848 3764 2018 3820 debe-

429 3846 612 3889 remus
651 3851 720 3891 ex
765 3838 850 3893 his
889 3856 1011 3910 qua:
1046 3842 1120 3896 illi
1153 3845 1297 3913 passi
1343 3858 1491 3912 sunt,
1533 3864 1636 3906 nos
1679 3853 1747 3908 ad
1791 3855 2014 3913 meliora

428 3928 693 3994 converti,
726 3938 784 3985 et
816 3932 1089 4002 inspicere
1115 3938 1260 4005 quod
1301 3938 1375 3993 illi
1405 3950 1631 4010 propter
1654 3956 1874 4013 peccata
1903 3956 2017 4003 tra-

428 4015 526 4071 diti
551 4028 682 4074 sunt
708 4023 1029 4091 captivitati,
1058 4035 1114 4080 et
1139 4027 1410 4084 interfecti
1437 4030 1506 4086 ab
1532 4032 1766 4091 inimicis
1793 4037 1870 4107 (et
1892 4040 2019 4096 civi-

427 4116 567 4164 tates
588 4125 777 4167 eorum
808 4114 917 4185 igni
947 4124 1153 4172 exustae
1179 4120 1366 4189 sunt);
1398 4138 1522 4177 cum
1553 4124 1755 4195 itaque,
1780 4136 1841 4183 ut
1873 4130 2015 4186 dixi-

426 4213 570 4267 mus,
616 4202 734 4257 lnec
775 4206 1062 4263 nobiscum
1106 4208 1435 4267 deberemus
1473 4224 1763 4285 reputare,
1804 4221 1930 4289 quia
1967 4222 2013 4278 si

2138 1930 2433 2003 Διαθήκην,
2463 1932 2699 2001 εὐγενεῖς
2721 1932 2892 1997 ὄντες,
2924 1930 2982 1999 ἐξ
3010 1930 3259 2004 ’Δϐραὰμ
3283 1932 3453 1996 ὄντες,
3480 1934 3717 2003 ἐπαγγε-

2134 2022 2258 2077 λίαν
2297 2022 2573 2090 λαϐόντες.
2607 2022 2735 2076 Δέον
2768 2017 2862 2077 οὗν
2893 2023 3042 2095 ήμᾶς
3075 2022 3406 2092 λογίζεσθαι,
3438 2024 3521 2078 ὅτι
3552 2025 3719 2078 ἐκπει-

2138 2111 2417 2166 πτώκασιν
2450 2113 2645 2166 ἐκεῖνοι
2669 2112 2777 2166 τῶν
2801 2111 3061 2181 εὐλογιῶν
3098 2112 3193 2166 καὶ
3222 2112 3327 2165 τῶν
3356 2113 3713 2183 ἐπαγγελιῶν,

2099 2210 2110 2220 ’
2135 2204 2234 2258 καὶ
2258 2204 2409 2259 οὐδὲν
2440 2203 2650 2275 ὤνησεν
2677 2204 2874 2268 αὐτοὺς
2906 2203 2967 2257 τὸ
2995 2200 3133 2258 εἶναι
3166 2204 3277 2258 ἀπὸ
3303 2205 3411 2258 τῶν
3444 2207 3711 2279 πατέρωνο

2137 2296 2291 2366 πόσῳ
2350 2295 2511 2350 πλέον
2569 2298 2732 2367 ἡμεῖς
2786 2297 3191 2367 ἁμαρτάνοντες
3230 2297 3718 2369 ὲγκαταλειφθησό-

2090 2386 2093 2391 ’
2134 2387 2315 2459 μεθα;
2358 2388 2427 2441 El
2465 2383 2570 2457 ἦτε
2615 2386 2796 2440 τέκνα
2836 2387 2943 2441 τοῦ
2991 2387 3265 2457 Ἀϐραὰμ,
3314 2387 3387 2442 τὰ
3433 2389 3577 2459 ἔργα
3611 2388 3716 2443 τοῦ

2147 2479 2402 2549 Ἀϐραὰμ
2435 2480 2517 2534 ἂν
2562 2478 2834 2544 ἐποιεῖτε,
2879 2478 3026 2549 λέγει
3067 2480 3251 2544 αὐτοῖς
3282 2481 3312 2532 6
3350 2481 3571 2553 Σωτήρ·
3622 2481 3715 2534 καὶ

2131 2572 2295 2626 πάλιν
2329 2573 2359 2626 ὁ
2403 2572 2652 2643 Ἰωάννης
2672 2589 2688 2603 ·
2730 2591 2750 2624 ι
2790 2571 2881 2643 Μὴ
2922 2572 3160 2643 ἄρξησθε
3185 2572 3363 2641 λέγειν
3393 2574 3449 2625 ὲν
3480 2574 3711 2638 ἑαυτοῖς,

2132 2663 2238 2727 ὅτι.
2272 2662 2495 2736 Πατέρα
2526 2663 2723 2735 ἔχομεν
2765 2663 2852 2716 τὸν
2913 2662 3194 2735 Ἀϐραάμ·
3239 2663 3383 2732 λέγω
3422 2663 3530 2733 γὰρ
3563 2664 3709 2733 ὑμῖν,

2132 2756 2215 2810 ὅτι
2266 2754 2488 2809 δύναται
2537 2757 2567 2808 6
2611 2755 2743 2817 Θεὸς
2789 2756 2855 2808 ἐκ
2900 2754 3009 2807 τῶν
3054 2752 3216 2809 λίθων
3260 2753 3463 2808 τούτων
3505 2756 3711 2824 ἐγεῖραι

2116 2848 2299 2902 »τέκνα
2344 2846 2424 2918 τῷ
2483 2846 2764 2918 ’Δϐραάμ’
2823 2865 2842 2898 ι
2899 2845 3079 2910 λίθους
3123 2845 3498 2916 αἰνισσόμενος
3544 2846 3709 2915 ἡμᾶς,

2130 2940 2258 3004 τοὺς
2292 2939 2533 3011 σκληρὰν
2564 2938 2659 2991 καὶ
2690 2936 2895 3008 λιθίνην
2925 2937 3144 3008 ἔχοντας
3188 2936 3285 3007 τὴν
3326 2936 3575 3010 καρδίαν,
3617 2937 3710 2989 καὶ

2132 3032 2582 3103 ισκληρωμένους
2606 3030 2741 3102 πρὸς
2767 3031 2865 3103 τὴν
2890 3029 3166 3101 ἀλήθειαν.
3198 3030 3308 3083 Καὶ
3328 3028 3542 3101 ἀληθῶς
3572 3027 3600 3078 ὁ
3623 3027 3713 3080 δυ-

2132 3125 2291 3187 νατδς
2319 3122 2451 3187 Θεὸς
2489 3123 2676 3194 ἤγειρε
2713 3122 2880 3176 τέκνα
2916 3122 2994 3193 τῷ
3046 3121 3302 3193 Ἀϐραὰμ
3334 3120 3442 3176 ἀπὸ
3481 3120 3590 3176 τῶν
3626 3120 3709 3177 λί-

2131 3217 2259 3281 θων,
2294 3216 2387 3270 ἐὰν
2417 3215 2687 3287 μείνωμεν
2718 3217 2778 3268 ὲν
2804 3218 2871 3285 τῇ
2903 3213 3218 3286 τεκνογονίᾳ
3251 3214 3345 3268 καὶ
3386 3214 3709 3286 τηρήσωμεν

2128 3303 2190 3356 τὸ
2222 3303 2438 3372 πνεῦμα
2471 3303 2568 3372 τῆς
2611 3302 2897 3365 υἱοθεσίας.
2945 3298 3098 3355 Εἷδεν
3128 3297 3219 3355 οὖν
3258 3304 3355 3373 τὴν
3387 3302 3707 3357 ἀσυνθεσίαν

2127 3395 2299 3466 αὐτῆς
2326 3395 2427 3464 τῆς
2450 3393 2731 3457 κατοικίας
2755 3392 2850 3446 τοῦ
2891 3392 3107 3466 Ἰσραὴλ
3132 3395 3165 3464 η
3192 3392 3481 3458 ἁσύνθετος
3521 3393 3707 3457 Ἰούδα,

2128 3489 2164 3558 ὴ
2198 3487 2273 3558 μὴ
2300 3487 2587 3558 τηρήσασα
2609 3484 2707 3547 τὰς
2742 3483 3013 3556 συνθήκας
3045 3485 3142 3549 τὰς
3173 3484 3309 3556 πρὸς
3337 3484 3501 3539 Θεόνι
3539 3504 3559 3536 ι
3599 3487 3709 3540 Καὶ

2126 3577 2285 3645 εἶδεν,
2348 3582 2433 3635 ὅτι
2477 3580 2604 3653 περὶ
2659 3578 2875 3633 πάντων
2924 3572 2999 3632 ὧν
3058 3580 3335 3651 ὲμοιχᾶτο,
3396 3578 3706 3650 κατελήφθη

2124 3673 2332 3743 ἐκείνη.
2409 3691 2429 3724 ι
2474 3670 2666 3728 Ταῦτα
2726 3669 2835 3742 γὰρ
2888 3670 3067 3726 πάντα
3120 3672 3285 3743 ἡμεῖς
3344 3670 3608 3741 βλέπομεν
3656 3670 3705 3723 οἱ

2136 3764 2341 3820 Ἰούδα·
2389 3762 2837 3834 ἀναγινώσκομεν
2868 3763 2968 3833 τὴν
3008 3763 3251 3835 Γραφὴν,
3293 3762 3373 3815 ὅτι
3407 3763 3532 3834 περὶ
3574 3762 3707 3816 πάν-

2123 3873 2232 3910 των
2277 3848 2351 3910 ὧν
2384 3854 2694 3926 κατελήφθη
2722 3856 2756 3925 ή
2808 3853 3059 3909 κατοικία
3103 3853 3196 3907 τοῦ
3252 3853 3484 3925 Ἰσραὴλ,
3527 3854 3586 3906 ὲν
3627 3846 3708 3917 οἷς

2125 3947 2403 4018 ὲμοιχᾶτο,
2457 3944 2837 4009 ἐξαπέστειλεν
2871 3944 3040 4015 αὐτὴν
3083 3943 3114 3996 ό
3167 3943 3320 4007 Θεὸς,
3370 3944 3464 3997 καὶ
3507 3943 3706 3999 ἔδωκεν

2124 4038 2261 4108 αὐτῇ
2301 4036 2501 4107 βιϐλίον
2549 4035 2903 4090 ἀποστασίου.
2961 4035 3074 4088 Καὶ
3116 4034 3234 4088 δέον
3285 4036 3430 4107 qua;
3484 4034 3707 4091 παιδευ-

2125 4129 2283 4201 θῆναι
2314 4127 2376 4194 ὲξ
2417 4121 2493 4181 ὧν
2534 4126 2766 4191 ἐκείνοις
2801 4127 3047 4198 εποίησε,
3085 4124 3277 4195 κρίνας
3315 4127 3512 4192 αὐτοὺς
3564 4125 3706 4183 κατὰ

2092 4218 2192 4275 -τὰ
2245 4220 2648 4291 ἁμαρτήματα,
2700 4216 3105 4287 ἐγκαταλιπὼν,
3164 4217 3258 4270 καὶ
3304 4216 3578 4289 παραδοὺς
3623 4218 3705 4278 εἰς

323 4571 329 4577 ’
425 4581 653 4622 necesse
687 4570 759 4625 sit
802 4583 1022 4629 vocatos
1052 4591 1116 4631 ex
1164 4580 1415 4648 gentibus
1443 4585 1595 4654 pati?
1633 4587 1770 4643 nihil
1814 4588 2011 4645 horum

408 4289 571 4347 *Deus
610 4295 949 4352 naturalibus
976 4299 1142 4354 ramis
1183 4315 1294 4356 non
1321 4305 1585 4373 pepercit,
1614 4317 1820 4378 quanto
1840 4312 2012 4384 magis

2130 4289 2530 4384 αἰχμαλωσίαν,
2578 4311 2674 4365 καὶ
2725 4310 2995 4383 παραδοὺς
3035 4310 3114 4373 είς
3165 4310 3353 4379 φόνον,
3389 4307 3485 4365 καὶ
3527 4325 3704 4378 παρα-

424 4396 529 4436 nec
554 4385 714 4439 nobis
738 4391 963 4455 parcet?
979 4391 1024 4445 si
1052 4390 1172 4447 illos
1192 4394 1283 4464 qui
1305 4411 1337 4450 e
1361 4398 1790 4467 patriarcharum
1813 4420 2012 4475 genere

2130 4404 2245 4468 Eoi);
2296 4405 2410 4467 τοῖς
2461 4403 2742 4474 πολεμίοις
2764 4419 2776 4430 ·
2829 4401 2949 4455 δέον
3012 4402 3078 4454 ὲκ
3129 4401 3334 4455 τούτων
3388 4402 3533 4474 ἡμᾶς
3579 4403 3700 4455 ἑπι-

426 4474 853 4547 deseendebant,
883 4481 962 4537 sic
983 4494 1208 4555 propter
1238 4498 1459 4557 peccata
1489 4491 1713 4561 dimisit,
1753 4474 1882 4566 quid
1911 4511 2016 4551 nos

2130 4494 2382 4567 στρέψαι,
2432 4495 2527 4549 καί⁸
2584 4493 2815 4549 ἕκαστον
2872 4491 3032 4563 iuqu
3085 4491 3422 4561 λογίσασθαι,
3478 4492 3591 4554 ὅτι,
3650 4491 3699 4543 εί

2119 4585 2150 4637 6
2185 4582 2453 4647 Θεδςτῶν
2481 4581 2622 4636 κατὰ
2656 4581 2818 4651 φύσιν
2856 4581 3067 4635 κλάδων
3099 4584 3203 4637 οὐκ
3231 4583 3505 4652 ἐφείσατο,
3549 4581 3700 4651 πόσῳ

427 4667 764 4730 reputamus,
792 4671 848 4719 et
887 4664 1009 4721 ideo
1037 4683 1138 4724 nos
1169 4682 1391 4729 vocatos
1417 4686 1477 4731 ut
1508 4677 1583 4732 illi
1617 4679 1916 4736 incitentur
1943 4681 2013 4737 ad

2130 4675 2283 4729 πλέον
2332 4674 2488 4745 ἡμῶν
2531 4675 2594 4727 οὐ
2645 4673 2920 4742 φείσεταις
3005 4674 3054 4725 εί
3098 4675 3225 4737 τοὺς
3274 4673 3382 4727 ἀπὸ
3434 4672 3543 4727 τῶν
3597 4689 3701 4725 πα-

424 4750 622 4844 zelum,
650 4753 900 4811 videntes
931 4774 1118 4816 servos
1146 4762 1454 4836 aliquando,
1480 4769 1711 4839 liberos;
1746 4771 2012 4844 ignobiles

2130 4766 2293 4839 κέρων
2356 4765 2528 4829 οὕτως
2581 4765 2779 4831 ἐξέωσε
2835 4764 3160 4836 γενομένους
3211 4764 3590 4837 ἁμαρτωλοὺς,
3645 4764 3698 4816 τί

422 4841 736 4913 aliquando,
771 4863 919 4905 nunc
959 4851 1054 4907 Dei
1088 4852 1243 4911 ﬁlios.
1274 4857 1327 4912 Si
1363 4868 1545 4915 autem
1582 4862 1656 4916 illi
1689 4841 1837 4917 tanta
1866 4864 2010 4934 passi

2130 4860 2279 4929 ήμεῖς
2306 4858 2354 4911 οἱ
2378 4857 2487 4910 ἀπὸ
2516 4856 2624 4910 τῶν
2650 4854 2817 4909 ἐθνῶν
2848 4854 3135 4925 κληθέντες
3170 4855 3504 4927 πεισόμεθα;
3539 4856 3698 4925 ἡμεῖς

423 4944 575 5026 sunt,
600 4946 805 5007 quanto
826 4943 995 5015 magis
1016 4960 1137 5012 nos,
1162 4945 1207 5003 si
1233 4951 1657 5018 peccaverimus,
1685 4952 1870 5024 pejora
1908 4969 2014 5026 pa-

2130 4944 2273 4999 )ύδὲν
2309 4943 2513 4998 τούτων
2553 4942 2914 5014 ἐλογισάμεθα
2961 4943 3271 5015 κληθέντες,
3317 4944 3403 4997 ἵνα
3450 4943 3700 5015 παραζη-

422 5025 665 5081 tiemur?
710 5028 771 5085 In
821 5034 1019 5104 quibus
1076 5040 1455 5097 mmchabatur
1503 5044 1768 5101 habitatio
1814 5025 2011 5105 domus

2130 5033 2264 5108 ιὼσῃ
2292 5037 2497 5099 ἐκεῖνος
2535 5037 2564 5089 6
2595 5035 2721 5099 λαὸς
2767 5035 2911 5107 ὀρῶν
2957 5035 3047 5089 τὸν
3081 5036 3266 5091 δοῦλον
3312 5036 3695 5108 τετιμημένον,

424 5117 611 5187 Israel,
655 5121 834 5210 dimisi
872 5142 1026 5193 eam,
1069 5141 1125 5210 et
1173 5133 1296 5188 dedi
1337 5134 1387 5189 ei
1426 5134 1669 5191 libellum
1707 5140 1917 5210 repudii
1956 5141 2009 5197 in

2130 5124 2327 5179 Βλέπων
2367 5125 2461 5178 τὸν
2502 5125 2669 5197 ἀγενῆ
2712 5126 3170 5198 προσεληλυθότα.
3216 5128 3279 5181 El
3321 5128 3425 5200 ήδη
3460 5128 3697 5183 τοσαῦτα

431 5212 633 5291 manus
665 5201 803 5271 ejus,
841 5213 896 5259 et
920 5222 1028 5263 non
1060 5209 1241 5266 timuit
1278 5216 1685 5284 praevaricatrix
1722 5201 1860 5277 Iuda
1891 5223 2005 5280 haec

2130 5219 2308 5271 :xeivot
2354 5216 2674 5281 πεπόνθασι,
2718 5217 2869 5288 πόσῳ
2910 5216 3090 5283 πλέον,
3127 5217 3223 5271 ἐὰν
3271 5218 3695 5291 ἁμαρτάνωμεν,

426 5303 550 5382 qua:
575 5290 704 5349 fecit
730 5295 995 5355 habitatio
1024 5299 1212 5367 Israel,
1244 5307 1373 5374 quia
1404 5307 1588 5366 dimisi
1623 5327 1766 5381 eam,
1795 5324 1849 5371 et
1877 5317 2001 5372 dedi

2130 5310 2273 5378 ῇμείς
2302 5308 3052 5380 ὲγκαταλειφθησόμεθαςἘν
3083 5303 3164 5373 οἷς
3196 5290 3456 5381 ὲμοιχᾶτο
3510 5310 3547 5382 ή
3595 5326 3696 5362 κα-

424 5381 477 5434 ei
504 5383 744 5441 libellum
775 5391 1019 5458 repudii;
1058 5410 1156 5449 nec
1190 5396 1370 5453 timuit
1405 5405 1806 5469 prsevariealrix
1831 5407 1993 5474 Juda,

2130 5400 2294 5453 ιοικία
2330 5399 2424 5454 τοῦ
2472 5400 2706 5472 Ἰσραὴλ,
2744 5401 3103 5469 ἐξαπέστειλα
3146 5403 3336 5473 αὐτὴν,
3379 5401 3473 5455 καὶ
3520 5381 3697 5456 ἔδωκα

424 5480 485 5566 ut
510 5489 578 5529 ne
601 5475 725 5566 ipsa
769 5490 990 5551 propter
1037 5494 1256 5553 peccata
1285 5504 1405 5557 sua,
1445 5491 1642 5550 similia
1674 5499 1992 5556 sustineret.

2130 5492 2254 5563 ιύτῇ
2298 5490 2502 5562 βιϐλίον
2533 5493 2862 5549 ἀποστασίου
2891 5496 2971 5556 είς
2998 5493 3099 5558 τὰς
3135 5496 3325 5565 χεῖρας
3357 5494 3555 5566 αὐτῆς·
3601 5492 3727 5548 καὶ*

418 5563 479 5621 Si
519 5564 646 5639 quis
671 5582 841 5638 nuper
880 5581 1096 5643 emptus
1136 5575 1355 5633 domum
1396 5586 1655 5652 emptoris
1695 5596 1748 5642 et
1782 5590 1990 5646 domini

2130 5584 2215 5637 ιύκ
2247 5583 2488 5655 ἐφοϐήθη
2523 5584 2556 5653 ἡ
2588 5584 2878 5645 ἁσύνθετος
2902 5585 3070 5640 Ἰούδα
3096 5563 3435 5657 stemma
3481 5563 3555 5653 τῇ
3591 5597 3692 5634 κα-

470 5734 515 5768 "
540 5735 696 5797 Deut.
718 5759 824 5813 xw,
848 5753 934 5807 c3|.
1013 5756 1056 5788 ⁷⁷
1082 5754 1239 5815 Joan.
1267 5777 1385 5829 vui,
1418 5766 1508 5821 59.
1585 5770 1629 5801 ⁷⁸
1655 5768 1787 5825 Luc.
1829 5787 1910 5838 ιιι,
1944 5774 1997 5829 8.
