4130 6458
458 285 563 343 295

1040 425 1325 485 ιιοιιιι.ιΑ
1365 425 1431 483 ν.

1103 519 1161 574 ln
1189 520 1337 576 istud
1368 538 1384 576 :

444 611 798 682 Rerertintini,
823 612 947 684 filii,
987 622 1318 674 reuertentes,
1355 622 1406 668 et
1443 614 1645 669 sonabo
1679 615 2022 670 contritiones

471 700 675 738 vestras
702 686 782 752 ";
808 698 982 755 usque
1003 684 1072 739 ad
1100 684 1266 738 illud:
1292 685 1565 756 Accingite
1590 702 1678 741 vos
1708 685 1900 741 ciliciis
1914 687 1984 742 '°.

510 865 563 919 l.
604 864 663 920 ln
706 864 934 921 Actibus
990 867 1365 936 apostolorum
1426 868 1714 938 perspicue
1762 867 2017 939 legimus,

434 958 717 1029 apostolos
745 959 985 1029 primum
1015 960 1069 1015 in
1094 975 1428 1032 synagogam
1454 959 1777 1016 ludasorum
1809 960 2021 1031 ingres-

434 1066 549 1117 sos,
582 1052 664 1106 eis
705 1060 969 1122 tanquam
996 1055 1247 1133 cognatis
1287 1063 1510 1124 propter
1540 1053 1841 1119 Abraham,
1864 1050 2019 1107 Isaac

431 1154 487 1198 et
513 1141 710 1211 Jacob,
752 1146 1114 1201 annuntiasse
1155 1161 1279 1217 quae
1328 1145 1396 1200 ad
1440 1143 1569 1200 Jesu
1607 1143 1812 1199 Christi
1851 1144 2020 1215 perti-

432 1244 563 1291 nent
601 1236 895 1292 adventum
935 1252 1101 1293 :cum
1150 1244 1357 1301 autem,
1389 1236 1497 1291 illis
1541 1236 1685 1291 dicta
1725 1250 1835 1290 non
1876 1234 2016 1290 reci-

429 1326 883 1397 pientibus,alios
938 1334 1217 1397 oporteret
1258 1341 1379 1382 esse
1405 1327 1676 1381 dictorum
1708 1325 2012 1393 auditores,

428 1427 562 1473 tunc
585 1420 737 1474 omni
770 1435 800 1473 a
830 1436 891 1474 se
921 1421 1079 1488 culpa
1114 1428 1320 1473 remota
1354 1419 1696 1489 reliquerunt
1717 1434 1845 1483 eos;
1871 1419 2010 1474 scri-

427 1517 582 1577 ptum
613 1517 697 1563 est
732 1510 878 1563 enim
895 1509 1049 1579 quia:
1076 1506 1231 1564 Vobis
1259 1510 1529 1577 oportebat
1562 1509 1873 1562 annuntiari
1902 1524 2013 1561 ver-

427 1599 555 1654 bum
594 1601 719 1667 Dei;
764 1602 855 1656 sed
903 1603 1155 1673 quoniam
1200 1602 1442 1673 indignos
1473 1618 1561 1656 uos
1582 1601 1865 1673 judicatis,
1894 1616 2012 1655 ecce

427 1695 781 1747 convenimur
817 1694 886 1747 ad
916 1703 1095 1765 gentes
1122 1694 1188 1745 ".
1227 1691 1341 1748 [loc
1371 1701 1553 1748 autem
1601 1693 1887 1763 perspicue
1917 1692 2007 1747 di-

1910 312 2240 369 ORIGEMS

2050 439 2099 494 Δ

3614 334 3722 391 ἳθθ

2705 435 3007 492 OMIAIA
3054 436 3124 495 εο.

2814 532 2908 597 Εἰς
2942 532 3023 586 τόν

2139 615 2590 705 Ἐπιστράφητε,
2604 622 2720 705 vlol
2732 661 2747 685 ,
2754 622 3248 705 ἐπιστρέφοντες,
3262 625 3360 705 κιρ
3383 626 3625 705 Isigonus
3644 632 3715 705 τὰ

2192 690 2613 826 ἕὲζῑςξᾷιατα
2657 692 2856 763 ὑμῶν·
2911 690 3075 766 μέχρι
3131 690 3258 748 τοῦ·
3302 690 3719 767 Περιζώὶγασυιι

2194 859 2386 930 Σαφῶς
2416 861 2520 933 μὲν
2550 863 2610 916 ἐν
2634 867 2752 928 ταῖς
2772 865 2880 920 τῶν
2900 866 3213 922 ἀποστόλων
3236 867 3549 941 γέγραπται
3575 870 3718 945 Πρά-

2125 951 2269 1016 ξεσιν
2302 955 2385 1007 ὅτι
2418 956 2465 1008 oi
2501 955 2787 1011 ἀπόστολοι
2820 960 3073 1031 εἰσῄεσαν
3121 960 3337 1031 πρῶτον
3367 964 3448 1025 είς
3477 962 3575 1034 τὴν
3604 963 3714 1018 τῶν

2134 1041 2402 1095 Ἰουδαίων
2459 1045 2802 1119 συναγωγὴν,
2867 1048 3329 1117 καταγγέλλοντες
3386 1052 3592 1117 αὐτοῖς,
3634 1053 3713 1121 ῶς

2120 1132 2409 1200 συγγενέσι
2439 1132 2529 1187 διά
2556 1134 2645 1188 τὸν
2681 1134 2952 1209 Ἀϐραάμ,
2979 1140 3073 1193 καὶ
3120 1140 3327 1207 Ἰσαάκ,
3358 1144 3453 1198 καὶ
3489 1145 3709 1210 Ἰακὼϐ,

2116 1220 2187 1275 τὰ
2228 1224 2358 1295 περί
2381 1225 2481 1295 τῆς
2522 1224 2601 1296 (Ι)
2647 1229 2951 1299 παρουσίας
2997 1230 3173 1302 Ἰησοῦ
3213 1233 3449 1305 Χριστοῦ
3473 1251 3487 1266 ·
3521 1236 3609 1290 ὅτε
3648 1238 3729 1291 δὲ·

2117 1312 2342 1368 ἐκείνων
2372 1315 2441 1369 τὰ
2469 1315 2738 1388 λεγόμενα
2766 1319 2842 1391 μὴ
2858 1321 3160 1393 δεχομένων
3186 1322 3293 1377 ἔδει
3319 1325 3540 1398 ἐτέρους
3569 1324 3706 1384 εἶναι

2113 1404 2241 1468 τοὺς
2273 1404 2546 1477 ἀκροατάς
2576 1407 2687 1461 τῶν
2725 1409 3051 1482 λεγομένων,
3086 1414 3203 1468 τότε
3237 1416 3707 1491 άπολογησάμενοι

2114 1496 2343 1561 ἐκείνοις
2362 1500 2766 1572 κατελίμπανον
2786 1501 2862 1573 (2)
2880 1503 3098 1569 αὐτούς’
3124 1505 3434 1580 γέγραπται.
3454 1509 3583 1581 γάρ,
3599 1512 3703 1578 ὅτι,

2126 1588 2299 1660 Ὑμῖν
2334 1590 2455 1646 ἔδει
2495 1594 2972 1664 καταγηλθῆναι
3006 1589 3113 1651 τόν
3150 1601 3338 1670 λόγον
3372 1601 3479 1657 τοῦ
3515 1602 3703 1659 Θεοῦ·

2110 1682 2241 1738 ἐπεὶ
2281 1683 2350 1738 δὲ
2377 1686 2490 1740 οὐκ
2516 1685 2730 1753 ἀξίους
2763 1688 2997 1757 κρίνετε
3039 1690 3315 1759 ἑαυτοὺς,
3360 1693 3489 1748 ἰδοὺ
3530 1711 3703 1765 στρε-

424 1792 575 1839 ctum
610 1786 662 1839 in
688 1787 837 1841 Actis
861 1788 1257 1857 apostolorum,
1292 1786 1492 1841 virtute
1517 1785 1681 1841 etiam
1716 1800 1748 1840 ιι
1780 1785 1996 1855 prophe-

2106 1780 2336 1848 φόμεθα
2366 1780 2455 1846 εὶς
2481 1777 2555 1832 τὰ
2586 1777 2752 1848 ἔθνη.
2785 1780 2955 1836 Τοῦτο
2984 1781 3063 1849 δὲ,
3101 1782 3287 1853 σαφῶς
3319 1787 3611 1859 εἰρημένον
3641 1790 3701 1845 ἐν

423 1877 495 1932 tis
529 1892 675 1947 saepe
708 1877 915 1933 dictum
952 1886 1056 1933 est.
1096 1876 1311 1933 Etenim
1353 1875 1593 1947 Spiritus
1638 1885 1864 1932 sanctus
1908 1891 2007 1947 per

419 1967 715 2038 prOphetas
760 1965 1113 2038 potissimum
1162 1966 1407 2037 loquitur
1449 1965 1518 2021 iis
1546 1964 1640 2036 qui
1671 1964 1738 2020 de
1771 1965 1876 2021 isto
1910 1980 2009 2036 po-

417 2058 550 2129 pulo
583 2067 746 2125 sunt;
777 2058 824 2114 si
848 2058 1071 2129 quando
1094 2067 1300 2124 autem,
1328 2067 1622 2129 postquam
1650 2054 1813 2129 148
1833 2056 2006 2113 multa

417 2149 645 2218 dixerit,
674 2166 785 2207 non
815 2160 902 2209 est
933 2152 1177 2216 auditus,
1210 2152 1541 2207 vaticinatur
1568 2151 1795 2205 verbum
1826 2148 2006 2222 genti-

418 2247 525 2302 bus
559 2246 917 2318 praedicatum
950 2246 1039 2302 iri.
1089 2245 1206 2302 Hoc
1251 2254 1307 2302 et
1344 2247 1399 2301 in
1428 2244 1698 2316 principio
1728 2243 2006 2300 hodiernae

417 2338 668 2395 lectionis
693 2339 876 2395 videre
913 2347 1017 2407 est,
1050 2338 1497 2410 quandoquidem
1528 2346 1656 2393 ante
1689 2336 1822 2393 illud
1854 2336 2004 2394 Isra-

414 2432 561 2489 elitis
584 2432 784 2489 dicitur
809 2449 824 2486 :
846 2430 1065 2486 Patrem
1092 2446 1172 2485 me
1192 2428 1467 2495 vocabitis,
1496 2438 1547 2484 et
1575 2445 1607 2482 a
1630 2445 1709 2484 me
1734 2444 1837 2483 non
1861 2443 2006 2483 aver-

414 2525 621 2582 temini.
678 2523 1053 2580 Verumtamen
1097 2524 1237 2578 sicut
1270 2523 1660 2593 pravaricatur
1706 2519 1900 2577 mulier
1945 2519 2002 2575 in

413 2617 800 2673 cohabitantem
832 2618 903 2684 ei,
942 2616 1019 2670 sic
1062 2614 1414 2687 prwvaricata
1455 2623 1534 2669 est
1579 2615 1634 2669 in
1677 2629 1759 2668 me
1807 2611 2000 2668 domus

413 2707 611 2776 Israel,
635 2708 769 2764 dicit
794 2707 1056 2764 Dominus
1073 2708 1140 2761 ".
1168 2706 1296 2763 Hac
1317 2722 1442 2763 cum
1472 2708 1714 2778 primum
1741 2705 1884 2763 dicta
1911 2721 2001 2761 cs-

412 2809 535 2857 sent
581 2800 650 2856 de
700 2798 887 2867 Israel,
922 2809 978 2855 et
1017 2800 1300 2855 audissent
1342 2799 1437 2853 ﬁlii
1486 2798 1655 2855 lsracl
1685 2816 1698 2852 :
1733 2796 1997 2863 Quoniam

409 2894 607 2965 injuste
635 2902 849 2964 egerunt
876 2894 936 2946 in
991 2889 1088 2943 viis
1133 2892 1269 2957 suis,
1294 2901 1344 2945 et
1373 2891 1528 2946 obliti
1552 2900 1675 2945 sunt
1704 2889 1801 2944 Dei
1823 2892 1998 2945 sancti

409 2989 495 3041 sui
519 3003 536 3042 :
557 2986 816 3056 deinceps
850 2983 1089 3056 Spiritus
1126 2991 1353 3043 sanctus
1381 2984 1649 3041 transfert
1678 2998 1994 3043 sermonem

408 3077 479 3134 ad
503 3093 607 3134 nos
631 3078 727 3150 qui
766 3092 960 3133 sumus
993 3092 1063 3133 ex
1087 3079 1361 3148 gentibus,
1387 3087 1443 3134 et
1474 3080 1551 3133 ait
1576 3096 1590 3133 :
1626 3075 1990 3141 Recertimini,

2107 1873 2231 1935 ταῖς
2258 1871 2499 1943 Πράξεσι
2529 1871 2641 1926 τῶν
2671 1873 3006 1939 ἀποστόλων,
3037 1875 3263 1950 δυνάμει
3303 1878 3572 1952 πολλαχοῦ
3607 1884 3700 1937 καὶ

2107 1961 2216 2015 τῶν
2248 1962 2546 2035 προφητῶν
2570 1963 2845 2019 λέλεκται·
2878 1967 2973 2021 καὶ
2998 1966 3105 2042 γὰρ
3137 1953 3570 2045 προηγουμένῶς
3600 1973 3699 2045 μὲν

2107 2055 2259 2111 λαλεῖ
2287 2058 2347 2111 τὸ
2368 2058 2593 2132 Πνεῦμα
2621 2058 2681 2113 τὸ
2709 2059 2864 2129 άγιον
2885 2061 2972 2117 διὰ
2992 2062 3101 2119 τῶν
3133 2065 3430 2138 προφητῶν
3457 2070 3569 2131 τοῖς
3591 2069 3698 2122 άτιδ

2106 2147 2201 2202 τοῦ
2231 2148 2362 2204 λαοῦ
2401 2151 2606 2207 ἐκείνου
2630 2169 2642 2182 ·
2680 2153 2729 2205 εί
2763 2152 2819 2207 δέ
2854 2171 2984 2208 ποτε
3020 2154 3160 2227 μετὰ
3185 2156 3246 2210 τὸ
3278 2157 3447 2213 πολλὰ
3474 2159 3695 2231 είρηκὲ-

2106 2257 2216 2307 ναι,
2237 2242 2338 2296 ούκ
2367 2242 2633 2316 ⁴ἠκούσθη,
2650 2245 2989 2318 προφητεύει
3004 2247 3094 2302 τὸν
3112 2247 3269 2318 λόγον
3288 2248 3471 2321 (5)τὺν
3492 2268 3694 2322 κηρυσ-

2106 2331 2334 2404 σόμενον
2374 2337 2485 2399 τοῖς
2517 2334 2712 2389 ἔθνεσι.
2738 2334 2910 2391 Τοῦτο
2939 2336 2997 2391 δὲ
3026 2338 3122 2393 καὶ
3149 2339 3242 2392 ἐπὶ
3267 2340 3368 2410 τῆς
3394 2341 3569 2413 ἀρχῆς
3599 2340 3695 2396 τοῦ

2107 2428 2346 2500 σήμερον
2386 2425 2813 2497 ἀναγνώσματος
2863 2428 3179 2501 γεγένηται,
3238 2432 3537 2504 ἐπειδήπερ
3587 2432 3696 2505 πρδ

2108 2519 2209 2591 μὲν
2259 2518 2355 2573 τοῦ
2388 2517 2553 2573 αὐτοῦ
2598 2521 2709 2583 τοῖς
2756 2519 2865 2574 ἀπὸ
2914 2519 3007 2575 τοῦ
3058 2521 3280 2595 Ἰσραὴλ
3331 2522 3551 2593 λέγεται
3593 2526 3691 2579 τόο

2108 2629 2130 2665 ι
2168 2612 2391 2685 Πατέρα
2435 2629 2503 2683 με
2554 2611 2838 2677 καλέσετε,
2884 2612 2976 2667 καὶ
3018 2612 3152 2685 ἐμοῦ
3194 2614 3293 2668 οὐκ
3338 2616 3693 2689 ἀποστραφή-

2103 2705 2265 2760 σεσθε
2283 2705 2384 2778 (4)’
2408 2704 2547 2778 πλὴν
2567 2705 2643 2771 ῶς
2675 2706 2859 2760 ἀθετεῖ
2879 2705 3016 2777 γυνὴ
3044 2706 3125 2770 είς
3150 2706 3239 2760 τὸν
3274 2707 3502 2763 συνόντα
3531 2710 3687 2782 αὐτῇ-

2102 2797 2276 2862 οῦτως
2321 2797 2585 2868 ὴθέτησεν
2626 2800 2706 2863 είς
2734 2798 2834 2870 ἐμὲ
2865 2800 2893 2852 ό
2923 2794 3069 2862 οἶκος
3114 2799 3353 2871 Ἰσραὴλ,
3387 2799 3536 2871 λέγει
3580 2802 3693 2855 Κύ-

2104 2907 2240 2963 ριος.
2276 2910 2295 2943 ›
2317 2891 2427 2944 Καὶ
2455 2890 2542 2944 ὅτε
2574 2889 2999 2964 προηγουμένως
3029 2888 3201 2945 ταῦτα
3226 2893 3440 2963 εἴρηται
3466 2893 3535 2949 τά
3562 2895 3693 2966 περὶ

2101 2979 2196 3036 τοῦ
2245 2982 2477 3056 Ἰσραὴλ,
2509 2985 2604 3038 καὶ
2636 2986 2876 3055 ἥκουσαν
2911 2985 2960 3037 oi
2993 2984 3099 3038 υἱοὶ
3120 2985 3376 3058 Πσραὴλ,
3412 2986 3542 3041 ὀτι
3568 2987 3695 3056 ἡδί.

2102 3090 2303 3143 κησαν
2327 3076 2398 3129 ἐν
2415 3075 2544 3142 ταῖς
2569 3076 2730 3144 ὁδοῖς
2752 3076 2971 3143 αὐτῶν,
3018 3078 3117 3131 καὶ
3138 3077 3505 3135 ἐπελάθοντο
3534 3079 3690 3135 Θεοῦ

411 3170 517 3240 ﬁlii
541 3139 872 3235 reuertentes,
902 3179 952 3224 et
966 3170 1175 3224 sonabo
1207 3171 1548 3225 contritiones
1576 3178 1777 3225 vestras
1792 3168 1859 3222 ⁸³.
1882 3165 1996 3223 Nos

2101 3139 2276 3237 ἁγνίου
2305 3139 2533 3223 absim;
2569 3139 2821 3240 éiﬁcvual
2850 3168 2913 3222 τὸ
2944 3139 3171 3241 Πνεῦμα
3193 3169 3253 3223 τὸ
3279 3171 3432 3240 ἅγιον
3468 3172 3687 3243 μετατί-

411 3260 559 3316 enim
595 3277 787 3317 sumus
818 3262 1005 3331 repleti
1038 3261 1464 3328 contritionibus
1492 3280 1508 3316 :
1537 3264 1773 3333 quisque
1816 3260 1998 3315 dicere

406 3363 616 3424 potest,
666 3354 883 3409 etiamsi
930 3369 1077 3410 nunc
1118 3367 1382 3430 purgatus
1408 3364 1463 3413 et
1488 3363 1717 3412 sanatus
1742 3369 1775 3408 a
1797 3352 1997 3409 contri-

404 3445 651 3502 tionibus
694 3446 768 3503 sit
800 3465 815 3501 :
865 3446 1096 3503 Eramus
1135 3450 1277 3503 enim
1312 3458 1363 3504 et
1403 3465 1497 3503 nos
1538 3445 1825 3514 increduli,
1858 3447 1993 3500 insi-

403 3538 629 3608 pientes,
654 3548 914 3604 errantes,
942 3541 1224 3596 sentientes
1245 3541 1523 3597 desideriis
1550 3549 1601 3595 et
1631 3538 1989 3609 voluptatibus

400 3629 644 3700 pluribus
673 3639 723 3683 et
755 3632 942 3692 uariis.
973 3633 1030 3685 in
1054 3632 1273 3687 malitia
1295 3642 1346 3688 et
1375 3633 1584 3688 invidia
1609 3642 1845 3703 agmtes,
1878 3632 1990 3688 odi-

400 3721 550 3787 biles,
581 3721 817 3776 odientes
846 3722 1102 3788 inuicem;
1122 3739 1246 3777 cum
1275 3734 1453 3778 autem
1484 3724 1779 3795 benignitas
1804 3733 1859 3779 et
1884 3724 1987 3778 ltu-

399 3814 633 3867 rnanitas
654 3815 906 3883 apparuit
925 3812 1222 3872 Saluatoris
1252 3818 1420 3871 nostri
1443 3816 1563 3885 Dei,
1597 3834 1691 3888 per
1708 3817 1986 3874 lavacrum

398 3906 812 3975 regenerationis
838 3905 886 3938 ⁸⁸
930 3905 1127 3961 eﬂ'udit
1171 3907 1607 3964 miscricordiam
1640 3924 1797 3966 suam
1822 3923 1987 3979 super

397 4008 524 4049 nos.
571 3993 844 4050 Caeterum
874 3995 1007 4051 illud
1037 3998 1398 4066 apostolicum
1425 3999 1656 4066 dictum,
1685 4000 1846 4070 cujus
1893 4015 1984 4057 se-

397 4086 504 4142 mel
554 4086 804 4154 memini,
855 4087 1102 4157 apertius
1149 4089 1426 4145 elucidarc
1473 4089 1738 4146 conabor.
1794 4088 1986 4162 Neque

391 4178 540 4235 enim
586 4179 724 4236 dixit
760 4197 773 4234 :
804 4178 1039 4237 Eramus
1090 4180 1382 4253 aliquando
1427 4181 1766 4252 insipientes,
1808 4183 1981 4237 incre-

392 4271 509 4326 duli
533 4289 555 4339 ;
611 4274 707 4329 sed
735 4271 942 4329 Paulus
980 4274 1271 4346 apostolus
1295 4275 1395 4347 qui
1424 4290 1492 4331 cx
1526 4273 1711 4340 Israel,
1737 4274 1835 4346 qui
1861 4286 1982 4331 erat

391 4359 693 4414 secundum
723 4375 847 4416 eam
870 4378 996 4433 quae
1019 4363 1074 4419 in
1094 4363 1214 4435 lege
1235 4373 1324 4421 est
1344 4365 1616 4436 justitiam
1642 4366 1975 4436 inculpatus,

2103 3253 2230 3329 θησι
2271 3257 2361 3313 τὸν
2404 3257 2561 3327 λόγον
2607 3259 2692 3329 ἐφ’
2721 3259 2869 3331 ἡμᾶς
2911 3259 3040 3323 τοὺς
3074 3259 3182 3314 ἀπὸ
3215 3258 3323 3315 τῶν
3357 3261 3546 3327 ἐθνῶν,
3592 3262 3687 3317 καί

2099 3366 2293 3422 φησιν’·
2342 3349 2780 3420 Ἑπιστράφητε
2810 3350 2927 3406 υἱοὶ
2963 3350 3447 3422 ἐπιστρέφοντες,
3476 3354 3571 3408 καὶ
3604 3353 3689 3409 ld-

2099 3456 2280 3512 σομαι
2318 3440 2393 3496 τὰ
2440 3442 2857 3512 συντρίμματα
2904 3440 3091 3513 ὑμῶν.
3142 3443 3341 3516 Ἡμεῖς
3369 3446 3482 3517 γὰρ
3521 3446 3686 3519 ἐσμὲν

2097 3536 2146 3588 oi
2168 3535 2587 3607 πεπληρωμένοι
2611 3534 3035 3607 συντριμμάτων
3058 3532 3159 3608 (5),
3176 3535 3405 3601 ⁸εέκιιστος
3426 3538 3569 3592 εἴποι
3594 3537 3681 3602 ἂν,

2095 3628 2145 3681 εὶ
2176 3626 2271 3681 καὶ
2299 3626 2394 3681 νῦν
2423 3626 2840 3699 κεκαθάρισται,
2869 3628 2965 3682 καὶ
2988 3629 3133 3681 ἰᾶται
3151 3627 3265 3682 άπὸ
3292 3628 3400 3682 τῶν
3426 3646 3685 3702 συντριμ·

2096 3719 2310 3790 μάτων·
2366 3738 2387 3770 ι
2437 3714 2622 3790 Ἦμεν
2657 3717 2767 3791 γὰρ
2811 3720 2907 3774 κα)⁸
2945 3720 3106 3791 ἡμεῖς
3132 3718 3397 3785 ἀπειθεῖς,
3439 3721 3681 3794 ἀνόητοι,

2093 3810 2456 3883 πλανώμενοι,
2491 3810 2833 3876 δουλεύοντες
2855 3811 3168 3884 ἐπιθυμίαις
3194 3812 3290 3867 καὶ
3309 3812 3526 3885 ἡδοναῖς
3548 3813 3681 3869 πολ·

2089 3904 2209 3969 λαῖς
2256 3905 2350 3959 καὶ
2389 3903 2693 3969 ποικίλαις,
2735 3905 2794 3958 ἐν
2826 3903 2997 3976 κακίᾳ
3029 3903 3123 3959 καὶ
3168 3904 3349 3978 φθόνῳ
3380 3905 3679 3976 διάγοντες,

2091 3998 2370 4071 στυγητοὶ,
2408 3995 2694 4068 μισοῦντες
2737 3996 3035 4069 ἀλλήλους·
3070 3996 3160 4051 ὅτε
3204 3997 3262 4051 δὲ
3308 3999 3341 4070 ἡ
3372 4001 3680 4073 χρηστότης

2087 4090 2180 4144 καὶ
2208 4091 2243 4161 ἡ
2270 4089 2652 4163 φιλανθρωπία
2673 4089 2918 4161 ἐπεφάνη
2941 4089 3035 4146 τοῦ
3062 4090 3315 4162 Σωτῆρος
3330 4091 3493 4162 ἡμῶν
3515 4091 3674 4155 Θεοῦ,

2084 4182 2176 4238 διὰ
2205 4181 2430 4254 λουτροῦ
2468 4182 2886 4253 παλιγγενεσίας
2924 4202 2943 4236 ι
2978 4182 3172 4255 ἐπέχεε
3203 4184 3294 4238 τὸν
3327 4184 3474 4239 ἔλεον
3507 4185 3675 4239 αὐτοῦ

2084 4275 2170 4345 ἐφ’
2190 4276 2359 4347 ἡμᾶς.
2390 4275 2654 4345 Καίτοιγε
2684 4275 2908 4330 κάκεῖνο
2940 4273 3020 4345 (6)
3047 4275 3108 4328 τι»
3129 4276 3510 4343 άποστολικδν,
3525 4275 3674 4344 άπαξ

2087 4365 2369 4439 μνησθεὶς,
2432 4367 2767 4441 σαφέστερον
2802 4369 3136 4440 πειράσομαι
3178 4368 3545 4441 παραστῆσαι.
3593 4370 3672 4424 03

387 4449 468 4505 ait
505 4466 521 4504 :
569 4449 800 4507 Erasinus
849 4455 992 4508 enim
1033 4457 1321 4527 aliquando
1351 4468 1403 4512 et
1438 4474 1533 4512 nos
1562 4458 1657 4529 qui
1685 4473 1754 4513 ex
1786 4458 1974 4528 Israel,

2100 4455 2191 4529 γὰρ
2229 4455 2483 4530 εἴρηκενο
2522 4452 2709 4527 Ἦμεν
2752 4456 2865 4528 γάρ
2904 4474 3049 4513 ποτε
3084 4460 3349 4528 ἀνόητοι,
3376 4459 3672 4528 ἀπειθεῖς·

388 4540 669 4611 increduli,
700 4544 1026 4615 insipientes.
1062 4547 1247 4618 Itaque
1271 4564 1379 4604 non
1411 4551 1591 4605 solum
1625 4550 1719 4621 qui
1748 4567 1816 4605 ex
1843 4566 1976 4621 gen-

391 4631 558 4700 tibus,
594 4633 916 4704 insipientes
953 4647 1133 4706 erant,
1160 4655 1339 4711 neque
1394 4642 1499 4697 soli
1532 4642 1608 4697 illi
1632 4652 1970 4715 peccatores,

386 4724 483 4779 sed
513 4735 568 4781 et
593 4743 692 4783 nos
728 4729 899 4799 legem
933 4729 1135 4799 edocti,
1183 4733 1325 4789 tales
1358 4749 1581 4791 eramus
1613 4745 1740 4792 ante
1768 4738 1972 4793 adven-

386 4824 504 4871 tum
542 4817 770 4875 Christi.
830 4820 962 4878 Post
1001 4822 1092 4878 illa
1140 4824 1307 4896 igitur
1355 4841 1480 4896 quae
1508 4828 1579 4883 ad
1628 4828 1796 4885 lsrael
1823 4831 1969 4886 dicta

385 4919 535 4977 sunt,
576 4913 645 4968 ad
681 4927 782 4969 nos
815 4914 910 4985 qui
945 4930 1014 4971 ex
1045 4917 1299 4986 gentibus
1328 4934 1543 4986 smnus,
1580 4919 1782 4975 dicitur
1819 4940 1833 4976 :
1869 4922 1968 4977 Re-

381 5006 675 5072 uertirnini,
701 5006 827 5077 filii,
857 5019 1185 5077 revertentes,
1209 5021 1258 5065 et
1289 5012 1490 5066 sonabo
1519 5016 1860 5070 contritiones
1889 5033 1971 5070 ve-

382 5109 545 5153 stras.

2082 4547 2218 4603 ἀλλὰ
2234 4548 2444 4615 Παῦλος
2457 4550 2492 4603 ό
2509 4550 2825 4618 ἀπόστολος,
2839 4552 2868 4604 ό
2883 4552 2991 4606 άπὸ
3012 4550 3104 4607 τοῦ
3123 4552 3337 4625 Ἰσραὴλ
3354 4554 3457 4624 (7),
3477 4556 3507 4608 ό
3526 4554 3672 4609 κατὰ

2079 4641 2179 4713 την
2204 4642 2262 4696 ἐν
2295 4642 2447 4715 νόμῳ
2470 4642 2817 4716 δικαιοσύνην
2838 4645 3128 4715 γενόμενος
3152 4644 3461 4717 ἄμεμπτος,
3486 4646 3632 4717 λέγει
3650 4665 3666 4680 ο

2078 4728 2265 4804 Ἦμεν
2303 4733 2414 4805 γὰρ
2451 4733 2556 4789 καὶ
2598 4734 2773 4804 ἡμεῖς
2823 4751 2991 4801 ποτε,
3042 4736 3091 4789 oi
3124 4736 3233 4788 ἀπὸ
3263 4735 3359 4789 τοῦ
3428 4737 3668 4811 Ἰσραὴλ,

2079 4819 2634 4896 ἀπειθεῖς,ὰνόητοι.
2655 4822 2890 4881 Ἀλλ’ού
2922 4828 3084 4901 μόνον
3121 4829 3171 4881 oi
3203 4828 3312 4882 ἀπὸ
3350 4829 3462 4885 τῶν
3495 4830 3668 4886 ἐθνῶν

2076 4917 2301 4988 ἀνόητοι
2333 4911 2494 4989 ἦσαν,
2534 4918 2655 4973 οὐδὲ
2682 4920 2829 4990 μόνοι
2854 4921 2903 4974 oi
2926 4921 3034 4975 ἀπὸ
3060 4922 3170 4975 τῶν
3199 4921 3369 4977 ἐθνῶν
3395 4923 3663 4989 ἀπειθεῖς,

2076 5008 2197 5063 οὐδὲ
2242 5008 2393 5080 μόνοι
2434 5011 2632 5063 ἐκεῖνοι
2674 5011 3009 5084 ἁμαρτωλοὶ,
3056 5012 3149 5066 καὶ
3192 5015 3354 5084 ἡμεῖς
3386 5014 3444 5068 δέ
3481 5014 3532 5067 oi
3570 5014 3664 5069 τὸν

2078 5101 2241 5170 νόμον
2292 5101 2664 5172 δεδιδαγμένοι
2722 5103 2951 5157 τοιοῦτοι
3000 5105 3373 5177 ἐτυγχάνομεν
3416 5107 3522 5179 πρὸ
3562 5105 3663 5177 τῆς

387 5183 693 5255 παρουσίας
722 5180 819 5236 τοῦ
848 5182 1110 5252 Χριστοῦ.
1141 5182 1380 5253 Λέγεται
1411 5182 1503 5237 οὖν
1534 5185 1674 5256 μετὰ
1708 5188 1777 5242 τὰ
1809 5189 2079 5261 εἰρημένα
2107 5192 2184 5262 τῷ
2215 5194 2433 5265 Ἰσραὴλ
2463 5196 2602 5266 πρὸς
2647 5200 2794 5271 ἡμᾶς
2824 5200 2952 5264 τοὺς
2971 5198 3080 5253 ἀπὸ
3104 5198 3215 5254 τῶν
3238 5198 3410 5255 ἐθνῶν
3429 5213 3445 5229 ⁸
3491 5200 3661 5254 Ἐπι-

384 5277 718 5348 στράερητε,
751 5277 872 5334 vlol
892 5276 1385 5365 ἐπιστρέφοντες,
1418 5281 1519 5336 καὶ
1552 5280 1801 5352 ἰάσομαι
1832 5285 1904 5341 τὰ
1925 5288 2350 5359 συντριμματα
2374 5291 2565 5362 ὑμῶν.

419 5399 467 5432 τ’
493 5396 698 5453 lerem.
736 5412 817 5460 ιιι,
848 5395 943 5451 2|.
982 5394 1029 5427 ⁸⁸
1057 5392 1265 5452 lerem.
1291 5412 1363 5462 tv,
1389 5397 1442 5453 8.
1491 5398 1535 5431 "
1573 5400 1696 5455 Act.
1727 5416 1846 5465 xm,
1881 5403 1968 5462 46.
2012 5404 2059 5437 ⁸⁸
2081 5405 2290 5463 let-cm.
2322 5423 2403 5475 ιιι,
2441 5410 2528 5465 l9.
2569 5411 2618 5445 ⁸³
2643 5412 2849 5469 lercm.
2885 5429 2967 5481 ιιι,
2998 5413 3086 5469 22.
3131 5413 3178 5446 “
3203 5412 3313 5469 Tit.
3349 5427 3434 5481 ιιι,
3458 5413 3591 5482 3,4,
3618 5411 3674 5471 5.

575 5510 714 5588 Cod.
742 5512 953 5588 ffatim,
977 5510 1530 5588 adiunxisypappévwv
1556 5514 1623 5568 τὰ
1653 5532 1719 5569 πε
1730 5517 1784 5586 ρὶ
1814 5516 1937 5588 τῆς.

464 5579 542 5642 (2)
573 5580 707 5634 Cod.
742 5580 944 5643 Vatic..
969 5579 1279 5638 κατέλιπσν.

461 5649 542 5725 (23)
578 5649 634 5725 [ιι
666 5651 791 5725 (τοᾷ.
827 5652 1000 5725 Yatic.
1024 5654 1194 5725 rdcest
1221 5654 1517 5725 τὸνλόγον.

466 5718 544 5790 (4)
573 5717 710 5774 Cod.
747 5721 948 5792 Vatic.,
987 5724 1067 5789 είς
1098 5724 1317 5796 Πατέρα
1346 5717 1424 5797 μέ
1449 5728 1726 5796 καλέσεις,
1764 5729 1857 5783 καὶ
1879 5727 1978 5787 ἀπ’

2087 5521 2230 5599 ista“?
2247 5523 2349 5599 οέκ
2366 5526 2806 5599 ,ἀποεττραιφήσιιε

2158 5594 2237 5668 ({5}
2266 5593 2868 5668 CodcnScorialct'isis,
2918 5597 3328 5668 συντρίμματα.

2158 5662 2237 5729 (6)
2267 5662 2404 5718 Cod.
2431 5666 2692 5731 Scm-ial.,
2722 5667 2903 5720 καίτοι
2928 5662 3173 5722 κάκεῖνο.
3573 5719 3581 5727 .

2158 5734 2234 5807 (7)
2265 5731 2401 5792 Cod.
2432 5734 2692 5805 Scorial.,
2715 5737 2743 5790 ό
2773 5737 2937 5804 αὐτὸς
2960 5740 2987 5793 ὀ
3018 5737 3127 5795 ἀπὸ
3160 5739 3261 5797 τοῦ
3303 5740 3544 5815 Ἰσραήλ.
