4130 6432
397 374 496 429 εοι

1587 364 1655 420 IN
1687 365 2036 433 JEBEMIAM
2076 363 2355 419 IIOMILIA
2392 365 2457 419 γ’.

3548 374 3656 429 309.

396 490 589 545 ταῦτα.
619 492 819 559 Διόπερ
853 486 1056 539 οἴονται
1104 484 1229 547 τοὺς
1262 485 1543 554 χρησμοὺς
1568 485 1661 536 καὶ
1692 485 1790 547 τὰς
1819 485 1976 555 θερα-

2084 485 2398 540 curationes
2445 498 2602 538 veras
2657 498 2779 539 esse
2828 485 3167 561 existimant,
3223 504 3330 544 non
3382 504 3667 548 cernentes

396 584 558 645 πείας
581 579 838 650 ἀληθινὰς
871 574 1011 631 εἶναι
1038 576 1359 648 θεραπείας,
1394 575 1492 647 οὐχ
1522 575 1757 647 ὁρῶντες
1797 576 1982 646 διαιρο-

400 674 500 746 ρὰν
558 672 738 743 πάσης
781 670 1083 740 δυνάμεως,
1136 669 1231 721 καὶ
1287 667 1551 738 σημείων,
1600 668 1694 721 καὶ
1738 669 1982 740 τεράτων

395 764 642 827 ψεύδους,
678 764 736 815 ἐν
767 762 917 834 πάσῃ
950 760 1134 833 ἀπάτῃ
1176 758 1388 822 ἀδικίας
1435 760 1549 821 τοῖς
1587 757 1982 829 ἀπολλυμένοις

398 856 714 928 γινομένων,
764 855 902 927 πρός
945 855 1125 907 πᾶσαν
1158 852 1385 922 δύναμιν
1415 852 1655 923 σημείων
1695 852 1789 905 καὶ
1821 853 1984 923 τερά-

397 966 506 1002 των
541 947 823 1019 ἀληθείας·
850 944 984 1017 (1)3.
1016 944 1115 1016 μὲν
1153 944 1261 1016 γὰρ
1287 943 1457 996 ἐποίει
1484 943 1716 1013 Χριστὸς
1753 943 1979 1014 Ἰησοῦς,

399 1041 571 1096 ταῦτα
618 1038 685 1111 ἦν
735 1041 937 1110 σημεῖα
980 1036 1260 1108 ἀληθείας.
1297 1037 1407 1089 Καὶ
1449 1034 1554 1106 πρὸ
1597 1034 1762 1087 αὐτοῦ
1811 1036 1908 1106 μὲν
1947 1035 1983 1088 ἃ

399 1134 572 1187 ἐποίει
602 1132 829 1203 Μωσῆς,
860 1129 1087 1200 δύναμις
1114 1125 1182 1200 ἦν
1216 1127 1471 1199 ἀληθείας
1490 1144 1504 1157 ·
1538 1126 1574 1180 ἆ
1598 1127 1654 1180 δὲ
1683 1125 1902 1180 ἐποίουν
1932 1128 1982 1179 οἱ

399 1223 705 1293 Αἰγύπτιοι,
735 1221 938 1293 σημεῖα
950 1215 1017 1291 ἦν
1041 1218 1117 1291 (2)
1140 1219 1235 1273 καὶ
1260 1218 1464 1290 τέρατα
1477 1216 1722 1287 ψεύδους.
1754 1216 1907 1269 Οὕτω
1928 1216 1985 1270 δὲ

400 1315 495 1369 καὶ
525 1313 561 1368 ἃ.
584 1314 758 1368 ἐποίει
789 1313 971 1382 Σίμων
1011 1309 1149 1382 μετὰ
1182 1309 1274 1362 τὸν
1313 1307 1516 1379 Ἰησοῦν
1543 1310 1572 1361 6
1615 1305 1808 1378 μάγος,
1844 1305 1984 1359 ὥστε

399 1408 715 1478 ἀποπλανᾷν
745 1407 804 1460 τὸ
837 1405 987 1470 ἔθνος
1013 1405 1110 1476 τῆς
1155 1404 1490 1475 Σαμαρείας,
1533 1402 1627 1455 καί
1668 1399 1985 1471 νομίζεσθαι

398 1501 563 1556 αὑτὸν
594 1494 734 1552 εἶναι
767 1497 996 1569 δύναμιν
1030 1496 1195 1550 Θεοῦ·
1246 1497 1339 1549 καὶ
1377 1493 1518 1548 αὐτὰ
1549 1490 1617 1566 ἦν
1653 1496 1855 1564 σημεῖα
1891 1494 1985 1546 καὶ

397 1593 600 1665 τέρατα
629 1580 876 1660 ψεῦδους.
915 1590 1080 1642 Ὅταν
1107 1583 1201 1640 οὖν
1228 1584 1589 1656 καταγνῶμεν
1622 1584 1864 1646 ἐκείνων,
1899 1581 1988 1635 λέ-

398 1701 566 1754 νομεν
590 1685 640 1737 οἱ
665 1680 1103 1751 κατεγνωκότες·
1137 1681 1356 1743 Ὄντως
1381 1680 1467 1742 εὶς
1492 1675 1719 1745 ψεῦδος
1738 1671 1904 1746 ἦσαν
1929 1677 1986 1728 οὶ

392 1775 610 1842 ,ϐουνοί
644 1774 742 1828 καὶ
775 1774 813 1842 ἠ
848 1772 1103 1840 δύναμις
1134 1768 1252 1821 τῶν
1284 1767 1488 1836 ὀρέων.

2086 583 2351 643 quantum
2387 574 2567 629 omnis
2605 574 2778 629 virtus
2829 592 2952 630 cum
2982 578 3286 648 signorum,
3327 587 3442 635 tum
3480 586 3661 653 prodi-

2080 666 2295 736 giorum
2315 665 2467 736 151
2490 664 2782 734 mendacii,
2815 684 2935 736 tutae
2965 670 3019 723 in
3048 671 3196 724 omni
3224 672 3539 742 deceptione
3562 676 3668 729 ini-

2083 757 2313 828 quitatis
2330 760 2465 812 Iiunt
2488 756 2554 813 iis
2572 759 2663 828 qui
2703 770 2949 827 pereunt,
2973 762 3183 818 dill‘erat
3212 764 3280 818 ab
3301 766 3451 820 omni
3471 769 3669 822 virtute

2084 849 2363 914 signorum
2391 857 2445 902 et
2470 849 2842 919 prodigiorum
2869 854 3138 911 veritatis.
3172 854 3305 922 Qua:
3331 857 3474 911 enim
3506 857 3669 912 Chri-

2083 946 2201 993 stus
2238 936 2397 994 Jesus
2437 939 2689 1007 faciebat,
2740 941 2857 997 haec
2881 953 3038 998 erant
3072 947 3230 1016 signa
3280 949 3566 1017 veritatis;
3614 960 3669 1006 ct

2083 1039 2209 1082 ante
2260 1031 2436 1100 ipsum
2488 1032 2707 1102 quidem
2754 1049 2876 1103 quae
2921 1034 3155 1091 faciebat
3204 1036 3443 1111 Moyses,
3493 1043 3668 1097 virtus

2082 1127 2240 1173 erant
2269 1121 2556 1176 veritatis:
2591 1136 2719 1192 quae
2757 1138 2885 1177 vero
2919 1121 3157 1196 Egyptii
3181 1124 3476 1193 iaciebant,
3512 1132 3668 1198 signa

2083 1218 2240 1264 erant
2261 1220 2316 1267 et
2339 1213 2587 1285 prodigia
2616 1213 2885 1268 mendacii
2915 1233 2927 1269 :
2963 1216 3043 1270 sic
3081 1217 3245 1271 etiam
3279 1235 3402 1289 quae
3430 1231 3553 1289 post
3572 1220 3667 1274 ,1ο-

2085 1316 2207 1355 sum
2245 1300 2480 1360 faciebat
2536 1306 2724 1361 Simon
2749 1304 2961 1378 Magus,
3013 1320 3073 1364 ut
3118 1319 3335 1381 gentem
3401 1311 3667 1370 Samaria:

2084 1392 2356 1464 deciperet
2395 1398 2618 1469 ipseque
2648 1402 2822 1457 virtus
2870 1401 2966 1455 Dei
3000 1416 3121 1457 esse
3168 1413 3476 1474 putaretur,
3514 1406 3666 1476 signa

2085 1491 2244 1539 erant
2278 1495 2333 1541 et
2369 1489 2618 1559 prodigia
2667 1493 2955 1547 mendacii.
3002 1491 3299 1564 Postquam
3349 1495 3518 1566 igitur
3562 1496 3666 1550 ista

2084 1573 2397 1642 rejccimus,
2428 1577 2690 1635 dicimus:
2720 1580 2848 1636 Vere
2875 1583 2929 1636 in
2949 1582 3280 1639 mendacium
3302 1595 3455 1640 erant
3506 1587 3666 1640 colle:

2086 1671 2136 1716 et
2167 1664 2429 1732 fortitudo
2460 1672 2738 1726 montium.

470 1863 606 1919 Εἶτα
633 1837 817 1937 ἡμεῖς,
858 1865 906 1916 οἱ
944 1837 1053 1915 ἀπὸ
1084 1860 1193 1913 τῶν
1228 1859 1417 1923 ἐθνῶν,
1454 1859 1634 1929 ἴσμεν,
1659 1859 1740 1912 ὅτι
1765 1857 1842 1929 τῷ
1876 1876 1976 1912 πα-

2158 1843 2212 1898 4.
2259 1843 2465 1908 Deinde
2509 1863 2630 1914 nos,
2674 1851 2766 1922 qui
2798 1866 2992 1907 sumus
3023 1869 3087 1908 ex
3129 1856 3407 1925 gentibus,
3457 1858 3666 1915 scimus

404 1956 732 2028 ραπτὼματι
772 1952 868 2008 τοῦ
931 1951 1148 2024 Ἰσραὴλ
1204 1952 1322 2006 ὁδὸν
1374 1950 1638 2024 ἐλάϐομεν
1689 1951 1979 2024 σωτηρίας,

402 2048 499 2101 καὶ
538 2048 734 2099 ἐκεῖνοι
776 2042 880 2111 ἔξω
919 2043 1054 2098 εἰσὶν
1095 2041 1504 2113 ἐκϐεϐλημένοι,
1546 2040 1705 2113 μέχρι
1748 2042 1810 2095 τὸ
1847 2043 1982 2113 πλή-

405 2151 566 2206 ρωμα
595 2131 758 2205 ἡμῶν
784 2132 997 2205 είσέλθῃ
1016 2148 1030 2163 ο
1074 2130 1232 2203 ἴσμεν
1273 2131 1350 2195 δὲ,
1382 2132 1462 2185 ὅτι
1496 2130 1592 2185 ἐὰν
1617 2132 1679 2185 τὸ
1708 2131 1982 2205 πλήρωμα

402 2226 509 2279 τῶν
530 2225 701 2281 ἐθνῶν
730 2223 962 2295 εἰσέλθῃ,
997 2222 1134 2295 μετὰ
1158 2223 1316 2277 τοῦτο
1349 2224 1459 2286 πᾶς
1496 2222 1710 2295 Ἰσραὴλ
1743 2225 1989 2296 σωθήσε-

399 2336 517 2371 ται·
553 2316 642 2371 διὰ
684 2316 842 2371 τοῦτό
884 2332 1062 2387 φαμεν
1093 2314 1309 2387 πρῶτον
1357 2315 1456 2387 μὲν
1494 2315 1587 2369 τό·
1631 2318 1848 2383 Ὄντως
1892 2320 1981 2383 εὶς

397 2409 623 2480 ψεῦδος
649 2406 813 2479 ἦσαν
837 2411 893 2462 οἱ
913 2408 1129 2472 βουνοί
1159 2406 1257 2461 καὶ
1281 2408 1320 2476 ἡ
1349 2407 1603 2478 δύναμις
1627 2407 1748 2462 τῶν
1773 2407 1976 2477 ὀρέων·

392 2490 546 2557 δεύτε
552 2520 645 2575 ρον
661 2502 718 2555 δὲ
737 2520 803 2555 πε
813 2501 866 2575 pl.
894 2500 987 2554 τοῦ
1016 2500 1232 2572 Ἰσραὴλ
1249 2498 1632 2572 σωθησομένου
1663 2502 1800 2572 μετὰ
1821 2502 1882 2556 τὸ
1901 2502 1978 2573 (5)

394 2594 668 2666 πλήρωμα
694 2593 802 2647 τῶν
828 2592 997 2646 ἐθνῶν
1014 2607 1028 2621 ο
1052 2591 1233 2658 Πλὴν
1255 2590 1355 2645 διὰ
1376 2590 1599 2659 Κυρίου
1633 2591 1782 2646 Θεοῦ
1810 2591 1981 2661 ἡμῶν

394 2688 434 2755 ἠ
472 2685 751 2753 σωτηρία
779 2684 888 2738 τοῦ
933 2682 1201 2751 Ἰσραήλ.
1244 2683 1400 2736 Ἐπεὶ
1425 2682 1482 2735 δὲ
1522 2681 1671 2748 ἅπαξ
1701 2684 1978 2755 ἐμνήσθη-

399 2793 500 2847 μεν
531 2773 626 2827 τοῦ
660 2774 1017 2827 ἁποστολικοῦ
1063 2773 1226 2844 ῥητοῦ
1256 2774 1526 2843 λέγοντος,
1562 2774 1644 2828 ὅτι
1682 2773 1761 2844 τῷ
1801 2791 1982 2846 παρα-

395 2864 674 2937 πτώματι,
789 2866 1098 2936 παρέπεσεν
1126 2869 1153 2920 6
1190 2865 1425 2938 Ἰσραὴλ,
1451 2867 1485 2939 ή
1513 2864 1758 2938 σωτηρία
1786 2866 1978 2935 γέγονε

396 2959 510 3020 τοῖς
536 2955 734 3021 ἔθνεσι,
756 2956 853 3010 καὶ
877 2957 1002 3010 ὅταν
1028 2956 1091 3010 τὸ
1115 2956 1385 3029 πλήρωμα
1414 2955 1524 3010 τῶν
1548 2956 1716 3010 ἐθνῶν
1736 2956 1974 3030 εἰσέλθῃ,

398 3046 504 3114 ἔξω
526 3046 775 3119 μένοντος
802 3046 896 3100 τοῦ
933 3047 1145 3120 Ἰσραὴλ
1176 3048 1313 3120 μετὰ
1341 3049 1402 3102 τὸ
1433 3049 1808 3120 εἰσερχόμενον
1839 3048 1979 3122 πλή-

2083 1932 2280 1989 ιΙοιίοιο
2303 1934 2518 1994 Israelis
2543 1940 2686 1994 viam
2719 1956 2817 1995 nos
2844 1940 3036 1997 salutis
3059 1945 3292 2013 cepisse,
3322 1959 3524 2014 eosque
3545 1960 3668 2002 esse

2078 2022 2287 2093 ejectos
2334 2027 2504 2096 foras,
2560 2031 2738 2087 donec
2790 2031 3076 2102 plenitudo
3129 2044 3318 2090 nostra
3363 2035 3661 2092 advenerit.

2084 2115 2302 2174 Scimus
2331 2125 2481 2188 item,
2510 2132 2800 2194 postquam
2829 2125 3116 2194 plenitudo
3144 2127 3386 2196 gentium
3420 2128 3664 2185 intrave-

2081 2223 2173 2287 rit,
2220 2229 2351 2276 tunc
2382 2232 2600 2273 omnem
2651 2216 2821 2273 Israel
2855 2216 3066 2272 salvum
3102 2217 3346 2275 futurum
3398 2238 3412 2276 :
3459 2221 3666 2277 idcirco

2080 2315 2319 2384 primum
2376 2311 2596 2383 quidem
2651 2309 2888 2366 dicimus
2933 2329 2948 2366 :
3022 2310 3153 2367 Vere
3196 2314 3253 2367 iu
3332 2314 3663 2370 mendacium

2079 2421 2231 2466 erant
2263 2410 2423 2463 colles
2450 2417 2502 2462 et
2545 2404 2810 2476 fortitudo
2844 2409 3138 2472 montium;
3178 2408 3375 2463 deinde
3408 2410 3664 2468 addimus

2079 2501 2147 2556 de
2168 2497 2428 2555 salvando
2451 2507 2574 2565 post
2596 2494 2989 2565 plenitudinem
3014 2495 3259 2564 gentium
3288 2496 3452 2550 Israel
3512 2514 3526 2551 :
3566 2497 3663 2553 Ve-

2082 2600 2378 2647 rumtamen
2408 2604 2502 2658 per
2532 2586 2813 2639 Dominum
2837 2586 3003 2640 Deum
3026 2597 3265 2641 nostrum
3289 2591 3437 2644 salus
3469 2590 3663 2649 Israel.

2081 2683 2353 2751 Quoniam
2375 2689 2558 2735 autem
2590 2677 2759 2733 semel
2789 2678 3072 2747 apostolici
3098 2687 3282 2735 textus
3312 2683 3666 2739 meminimm

2079 2776 2331 2839 dicentis,
2363 2772 2561 2830 delicto
2590 2785 2701 2841 quo
2733 2769 2940 2825 corruit
2965 2770 3150 2838 Israel,
3192 2771 3427 2828 salutem
3474 2783 3653 2833 ortam

2079 2869 2367 2941 gentibus;
2414 2872 2472 2921 et
2523 2864 2745 2933 quando
2791 2862 3074 2932 plenitudo
3118 2865 3363 2934 gentium
3405 2866 3666 2937 intrarit,

2079 2960 2244 3018 Israel
2272 2958 2407 3015 foris
2452 2964 2726 3021 manente,
2779 2962 2903 3024 post
2945 2954 3255 3026 ingressum
3311 2956 3662 3026 plenitudinis

2078 3052 2345 3126 gentium,
2380 3063 2599 3105 omnem
2628 3044 2797 3101 Israel
2854 3045 3064 3102 salvum
3115 3046 3256 3111 fore,
3289 3051 3549 3120 agedum,
3598 3070 3661 3109 ea

397 3152 561 3208 ρωμα
609 3138 715 3191 τῶν
773 3137 961 3204 ἐθνῶν,
1018 3137 1139 3192 τότε
1190 3141 1299 3203 πᾶς
1367 3138 1584 3212 Ἰσραὴλ
1638 3140 1970 3213 σωθήσεται·

2080 3160 2204 3219 quae
2231 3146 2299 3200 ad
2323 3143 2441 3199 luce
2470 3142 2591 3196 loca
2629 3140 2925 3213 pertinent,
2949 3139 3305 3208 explicemus.
3337 3141 3469 3198 Erat
3495 3143 3663 3201 Israel

393 3229 550 3301 φέρε,
596 3227 666 3281 τὰ
709 3226 850 3282 κατὰ
891 3227 1019 3293 τοὺς
1067 3227 1264 3293 τόπους
1303 3229 1526 3295 τούτους
1557 3230 1972 3303 ἁναπτύξωμεν.

389 3316 501 3373 Ἦν
544 3319 759 3391 Ἰσραὴλ
784 3318 1109 3390 σωζόμενος.
1158 3319 1443 3385 Ἐξέπεσεν
1466 3322 1495 3374 6
1522 3322 1692 3386 πολὺς
1724 3324 1972 3395 Ἰσραήλο

389 3412 528 3466 ἀλλὰ
576 3410 795 3482 λεῖμμα
839 3413 967 3465 κατ’
1006 3411 1274 3482 ἐκλογὴν
1299 3411 1538 3499 χάριτος
1574 3413 1811 3485 γέγονε’
1848 3416 1977 3488 περὶ

390 3499 453 3559 οὗ
483 3503 786 3575 λείμματος
823 3501 1102 3574 μυστικῶς
1136 3506 1195 3557 ἐν
1240 3504 1398 3576 Ἠλίᾳ
1422 3503 1666 3560 λέλεκται
1685 3523 1700 3537 ⁸
1730 3505 1977 3562 Κατέλι-

391 3612 510 3652 πον
534 3596 768 3667 ἐμαυτῷ
794 3597 1285 3666 ἑπτακισχιλίους
1313 3596 1537 3666 ἄνδρας
1555 3639 1570 3664 ,
1616 3597 1834 3667 οἵτινες
1861 3601 1974 3654 οὐκ

391 3688 674 3759 ἔκαμψαν
698 3689 847 3759 γόνυ
882 3687 959 3758 τῇ
994 3688 1180 3743 Βαάλ.
1222 3690 1332 3743 Καὶ
1360 3690 1681 3762 ἑρμηνεύων
1711 3691 1841 3763 περὶ
1876 3690 1972 3744 τοῦ

389 3777 689 3850 λείμματος
718 3777 905 3831 τούτου
924 3779 953 3831 6
988 3778 1309 3843 Ἀπόστολός
1336 3797 1500 3853 φησιν
1522 3796 1538 3810 ο
1574 3778 1690 3850 Ἆρ’
1723 3777 1840 3836 οὖν⁹
1873 3779 1972 3833 καὶ

387 3868 458 3924 ἐν
496 3868 577 3936 τῷ
612 3868 730 3923 νῦν
768 3867 951 3938 καιρῷ
997 3868 1217 3939 λεῖμμα
1245 3870 1371 3924 κατ’
1421 3870 1689 3940 ἐκλογὴν
1733 3869 1974 3940 χάριτος

387 3960 653 4031 γέγονεν.
687 3959 896 4015 Οὐκοῦν
917 3960 1010 4014 τοῦ
1048 3962 1267 4034 Ἰσραὴλ
1300 3963 1379 4032 (4)
1401 3962 1610 4033 λεῖμμα
1642 3963 1970 4032 σωζόμενον,

388 4054 838 4125 καταλειφθέντος
868 4053 963 4108 τοῦ
1001 4050 1239 4127 Ἰσραήλ.
1269 4054 1457 4108 Ταῦτα
1488 4054 1546 4108 δὲ
1570 4055 1664 4109 δύο
1692 4057 1969 4128 τάγματα,

387 4149 437 4200 εί
469 4146 690 4210 δυνατὸς
725 4143 796 4211 εἶ,
839 4145 1116 4218 μετάγαγέ
1161 4162 1250 4217 μοι
1293 4146 1387 4202 καὶ
1418 4147 1511 4200 ἐπὶ
1550 4149 1678 4213 τοὺς
1709 4149 1819 4202 ἀπὸ
1862 4147 1972 4203 τῶν

387 4234 588 4291 ἐθνῶν·
623 4237 683 4291 οὐ
717 4237 826 4308 γὰρ
861 4232 1043 4290 εἶπεν·
1095 4236 1263 4290 Ὅταν
1291 4236 1469 4291 πάντα
1514 4237 1583 4293 τὰ
1621 4239 1748 4311 ἔθνη
1797 4239 1968 4311 σωθῇ,

385 4328 508 4382 τότε
547 4328 655 4392 πᾶς
708 4326 925 4400 Ἰσραὴλ
959 4315 1296 4398 σωθήσεταν
1338 4328 1478 4395 ἀλλ’,
1505 4328 1679 4384 Ὅταν
1726 4330 1789 4384 τὸ
1835 4329 1971 4403 πλή-

389 4437 550 4493 ρωμα
572 4419 682 4474 τῶν
715 4418 887 4473 ἐθνῶν
912 4418 1148 4491 εἰσέλθῃ,
1178 4419 1300 4474 τότε
1333 4421 1443 4484 πᾶς
1486 4420 1704 4495 Ἰσραὴλ
1734 4422 1970 4495 σωθήσε-

2079 3240 2173 3310 qui
2202 3236 2537 3298 salvabatur.
2569 3231 2770 3289 excidit
2805 3247 3000 3302 magna
3032 3247 3160 3301 pars
3199 3231 3386 3301 Israel,
3419 3235 3513 3291 sed
3537 3236 3666 3291 reli-

2077 3334 2218 3402 quia:
2242 3329 2529 3386 secundum
2553 3326 2742 3397 gratim
2785 3324 3088 3378 electionem
3132 3323 3291 3392 factw
3320 3337 3444 3380 sunt
3468 3328 3547 3393 ης
3594 3327 3663 3385 de

2077 3422 2278 3492 quibus
2308 3419 2536 3493 mystice
2557 3419 2612 3473 in
2649 3416 2764 3471 Elia
2796 3415 3003 3471 dictum
3034 3424 3118 3470 est
3144 3433 3157 3469 :
3190 3415 3404 3488 Reliqui
3425 3421 3555 3474 milii
3579 3437 3664 3475 se-

2074 3522 2217 3585 ptem
2242 3512 2414 3567 millia
2438 3512 2691 3575 uirorum,
2718 3508 2811 3579 qui
2832 3522 2934 3560 non
2957 3518 3309 3563 curvaverant
3346 3525 3515 3580 genua
3537 3522 3662 3565 ante

2074 3603 2215 3658 Baal
2245 3603 2330 3670 ";
2361 3601 2507 3672 quod
2537 3601 2899 3668 interpretans
2937 3597 3005 3652 de
3037 3597 3188 3653 hisce
3235 3598 3485 3668 reliquiis
3515 3600 3662 3669 Apo-

2075 3697 2252 3751 stolus
2281 3695 2359 3748 ait
2391 3713 2403 3747 :
2439 3692 2528 3746 Sic
2566 3706 2693 3761 ergo
2735 3692 2790 3745 in
2822 3690 2920 3743 hoc
2946 3701 3174 3758 tempore
3208 3689 3444 3760 reliquiae
3474 3706 3648 3744 secun-

2074 3786 2203 3839 dum
2229 3784 2538 3839 electionem
2576 3783 2768 3853 gratia:
2792 3781 2954 3837 salute
2979 3781 3140 3851 facta
3185 3789 3327 3834 sunt.
3353 3781 3546 3851 Itaque
3583 3780 3661 3835 Isa

2075 3876 2189 3931 rael
2241 3873 2488 3931 derelieti
2537 3872 2782 3943 reliquiae
2832 3871 3131 3928 salvandaa.
3185 3869 3346 3926 Hunc
3385 3873 3659 3943 duplicent

2074 3965 2347 4032 ordinem,
2378 3963 2424 4021 si
2458 3973 2633 4034 potes,
2675 3961 2932 4029 transfer,
2983 3977 3193 4033 quaeso,
3227 3964 3391 4021 etiam
3445 3963 3514 4019 ad
3563 3979 3658 4022 eos

2072 4060 2168 4132 qui
2193 4075 2261 4115 ex
2290 4058 2545 4130 gentibus
2573 4064 2723 4113 sunt.
2749 4054 2870 4111 Non
2900 4055 3048 4114 enim
3084 4055 3223 4113 dixit
3249 4076 3265 4115 :
3300 4056 3438 4115 Cum
3465 4074 3656 4115 omnes

2071 4161 2260 4227 gentes
2287 4152 2451 4209 salvas
2479 4149 2636 4207 facta
2662 4148 2886 4218 fuerint,
2910 4156 3044 4207 tunc
3069 4150 3254 4206 omnis
3280 4151 3447 4206 Israel
3470 4152 3657 4208 salvus

2071 4246 2210 4310 erit;
2238 4243 2332 4299 sed
2359 4260 2372 4296 :
2401 4242 2540 4297 Cum
2570 4239 2857 4314 plenitudo
2887 4241 3131 4310 gentium
3175 4241 3488 4307 intraverit,
3526 4251 3657 4299 tunc

2071 4335 2252 4390 omnis
2278 4331 2444 4390 Israel
2472 4331 2656 4386 salvus
2686 4329 2792 4384 erit
2807 4328 2875 4383 “.
2908 4326 3026 4384 Non
3057 4329 3238 4400 portio
3271 4329 3438 4387 Israel
3474 4333 3657 4390 salva-

2069 4427 2219 4482 bitur
2257 4433 2386 4496 post
2422 4437 2614 4477 omnes
2647 4429 2862 4492 gentes,
2908 4421 3005 4477 sed
3040 4431 3164 4492 post
3196 4423 3439 4494 gentium
3474 4426 3652 4498 pleni-

383 4527 495 4566 ται.
529 4508 603 4565 Οὔ
631 4527 717 4574 τις
753 4508 971 4581 Ἰσραὴλ
999 4508 1301 4582 σωθήσεται
1337 4512 1475 4582 μετὰ
1505 4510 1684 4568 πάντα
1712 4512 1784 4567 τὰ
1811 4513 1964 4585 ἔθνη,

2077 4520 2336 4575 tudinem.
2387 4514 2445 4570 Si
2479 4514 2604 4585 quis
2649 4523 2851 4585 potest,
2888 4514 3168 4570 residuum
3216 4518 3404 4588 (prout
3451 4521 3655 4590 reperit

381 4602 522 4659 ἀλλὰ
547 4601 686 4674 μετὰ
704 4602 768 4655 τὸ
793 4600 1068 4674 πλήρωμα
1093 4601 1203 4655 τῶν
1231 4601 1421 4657 ἐθνῶν.
1448 4602 1516 4658 Εἴ
1529 4620 1615 4669 τις
1638 4606 1882 4673 δύναται,
1906 4606 1968 4661 τὸ

381 4694 589 4763 λοιπὸν,
627 4692 838 4765 (ὥσπερ
865 4689 991 4767 εὗρε
1017 4693 1110 4748 τὸν
1156 4694 1371 4768 Ἰσραὴλ
1401 4695 1709 4769 σωζόμενον
1735 4701 1873 4771 μετὰ
1903 4700 1967 4754 τὸ

382 4787 659 4863 πλήρωμα
699 4787 809 4841 τῶν
857 4785 1084 4859 ἐθνῶν,)
1131 4786 1325 4852 διαϐὰς
1371 4788 1450 4861 τῷ
1493 4789 1655 4862 λόγῳ,
1698 4809 1968 4865 κατανοηα

382 4880 554 4943 σάτω,
581 4881 662 4933 ὃτι
684 4879 760 4951 (5)
780 4879 909 4934 ποτέ
926 4880 1125 4942 πάντες
1155 4879 1676 4947 δουλεύσουσι,κατὰ
1700 4883 1768 4937 τὰ
1796 4885 1855 4937 ἐν
1886 4882 1965 4955 τῷ

379 4973 612 5045 Σοφονίᾳ
650 4973 932 5044 εἰρημένα,
975 4971 1052 5042 τῷ
1095 4971 1214 5043 Θεῷ
1251 4973 1357 5026 ὑπὸ
1392 4973 1557 5043 ζυγὸν
1597 4975 1716 5042 ἕνα,
1755 4976 1848 5030 καὶ
1897 4978 1963 5031 ἐκ

380 5066 633 5136 περάτων
667 5066 952 5129 Αἰθιοπίας
985 5066 1188 5119 οἴσουσι
1228 5064 1418 5129 θυσίας
1448 5066 1628 5137 αὐτῷ·
1661 5069 1765 5132 ὅτι,
1798 5068 1876 5133 ὠς
1904 5072 1963 5123 ἐν

380 5158 460 5226 ξς
488 5159 703 5227 λέγεται
729 5159 802 5231 (6)
818 5158 1038 5231 ψαλμῷ,
1057 5159 1327 5213 Αἰθιοπία
1338 5159 1668 5228 προφθάσει
1684 5161 1965 5230 χεῖρααῠ-

378 5249 493 5320 τῆς
524 5251 604 5317 τῷ
630 5250 782 5316 (θεῷ’
824 5250 920 5304 καὶ
948 5252 1070 5314 ταῖς
1100 5249 1394 5320 βασιλείαις
1433 5250 1535 5321 τῆς
1558 5251 1662 5322 γῆς
1690 5254 1961 5324 προστάσ-

2068 4613 2321 4670 Ιςιοοειεπι
2351 4612 2560 4668 salvum
2594 4607 2711 4664 fore
2740 4617 2864 4679 post
2910 4607 3154 4680 gentium
3186 4608 3643 4682 plenitudinem),

2067 4706 2279 4762 ratione
2310 4716 2636 4775 percurrens
2670 4699 2891 4772 cogitet,
2920 4714 3115 4755 omnes
3162 4699 3457 4773 aliquando
3492 4703 3651 4773 juxta

2069 4798 2160 4853 illa
2190 4811 2314 4869 qua:
2341 4795 2397 4849 in
2428 4792 2705 4865 Sophonia
2739 4792 2886 4847 dicta
2908 4796 3058 4858 sunt,
3088 4791 3392 4849 servituros
3418 4790 3530 4849 Deo
3547 4796 3652 4850 sub

2065 4889 2198 4959 jugo
2229 4900 2362 4952 uno,
2389 4892 2444 4941 et
2475 4885 2543 4939 de
2572 4881 2773 4938 ﬁnibus
2799 4880 3091 4950 Ethiopise
3108 4881 3372 4936 allaturos
3400 4882 3650 4938 victimas

2066 4978 2115 5033 ei
2134 4996 2149 5043 ;
2175 4976 2305 5047 quia
2338 4975 2542 5032 sicutin
2557 4973 2768 5046 psalmo
2789 4973 3129 5044 sexagesimo
3150 4975 3384 5044 septimo
3396 4975 3599 5031 dicitur
3629 4995 3643 5031 :

2066 5069 2346 5141 Ethiopia
2380 5067 2540 5140 152
2558 5067 2836 5137 prteveniet
2868 5082 3057 5119 manus
3092 5066 3206 5133 ejus
3240 5066 3380 5133 Deo,
3412 5076 3467 5122 et
3500 5069 3645 5139 regi-

2066 5163 2171 5218 bus
2205 5171 2363 5216 terrae
2388 5160 2634 5230 praecipit
2662 5173 2843 5213 sermo
2870 5158 3060 5213 dicens
3087 5174 3099 5210 :
3131 5156 3358 5212 Caulate
3393 5156 3644 5223 Domina,

2066 5253 2279 5324 psallite
2308 5252 2413 5305 Deo
2440 5248 2608 5305 Iacob
2628 5250 2698 5303 “.

380 5364 465 5401 σει
502 5345 535 5400 6
568 5344 725 5417 λόγος
754 5345 925 5415 λέγων
944 5361 959 5376 ο
988 5347 1210 5416 ’ᾼσατε
1238 5342 1320 5410 τῷ
1358 5347 1573 5415 Κιιρίφ,
1611 5346 1848 5415 dalata
1877 5348 1960 5417 τῷ
1997 5349 2120 5416 Θεῷ
2165 5346 2388 5404 Ἰακώϐ.

450 5484 495 5517 ’³
529 5484 689 5540 Rom.
713 5501 789 5551 χι,
824 5484 879 5539 5.
952 5484 1000 5515 ’⁸
1024 5483 1093 5538 Ill
1124 5483 1256 5556 Reg.
1284 5498 1400 5546 xux,
1433 5482 1534 5550 18;
1586 5482 1743 5538 Rom.
1781 5502 1856 5551 XI,
1886 5489 1940 5543 4.

2104 5485 2264 5542 Rom.
2304 5499 2386 5551 ιι,
2415 5482 2508 5539 26.
2582 5482 2630 5516 ”
2655 5480 2799 5535 Psal.
2829 5495 2998 5541 vau,
3021 5477 3112 5542 52,
3139 5477 3226 5531 55.

449 5600 528 5672 (l)
556 5599 693 5656 Cod.
720 5599 864 5672 Yat.,
892 5592 1141 5672 ἀληθοῦς.

449 5668 529 5745 (2)
552 5672 688 5745 Cm!-
720 5669 875 5745 ‘jal-o,
912 5668 1119 5745 mea
1144 5674 1243 5745 μὲν
1270 5668 1358 5745 ἦν·

453 5739 528 5815 (ὃ)
555 5742 691 5797 Cod.
725 5739 1257 5819 ξοοιςὲξιὶ.,’περὶ’τοῦ
1295 5739 1535 5818 Ἰσραὴλ,
1574 5744 1736 5798 αὑτὸν
1769 5745 1958 5819 σωθη-

378 5812 602 5883 σόμενον
638 5812 777 5883 μετᾶ
802 5814 885 5869 τό.

2137 5602 2215 5675 (4)
2245 5598 2383 5656 Cod.
2403 5592 3080 5675 _Vat.‘,.06xoﬁv~’lgpai;):,‘
3098 5592 3199 5646 κᾶν
3226 5592 3434 5663 λεῖμμα
3472 5605 3635 5668 σωζό-

2074 5662 2233 5747 μενον
2257 5662 2712 5747 καταλειφθέντος
2732 5662 2828 5747 τοῦ
2857 5662 3111 5747 ,Ἰκσραήλη

2143 5743 2222 5810 (5)
2256 5739 2312 5794 In
2360 5732 2877 5810 codj'YaticL-dcest
2897 5732 3001 5785 ὅτι.

2141 5803 2221 5883 (6)
2277 5809 2414 5867 Cod.
2435 5807 2610 5864 Vatia.
2635 5803 2905 5858 λέλεκται.
