4130 6430
480 416 590 472 503

1955 406 2117 465 ORIG
2126 406 2284 464 ENIS

3654 409 3762 466 305

552 532 607 587 5.
632 530 821 601 Itaque
849 543 950 585 nos
972 527 1024 585 in
1044 523 1454 595 nobismetipsis
1481 523 1861 595 paenitentiam
1891 538 2058 597 agen-

2234 521 2445 578 Ούκοῢν
2472 521 2705 594 λέγομεν
2733 524 2897 594 ἡμεῖς
2929 523 2977 578 οἰ
3011 521 3118 578 ἀπὸ
3155 521 3265 576 τῶν
3297 522 3465 579 ἐθνῶν
3502 524 3631 597 περί
3663 526 3765 597 μιν

479 629 584 690 tes,
617 621 686 679 de
717 618 1036 684 mendaciis,
1082 632 1205 687 qua:
1229 615 1560 686 putabamus
1587 630 1711 670 esse
1736 630 1888 682 vera,
1919 615 2061 671 dici-

481 730 607 770 mus
640 731 655 768 :
692 711 823 767 Vere
856 712 913 765 in
946 707 1283 764 mendacium
1321 715 1475 762 erant
1510 706 1669 762 colles
1706 715 1757 761 et
1797 706 2062 776 fortitudo

477 807 774 869 montium;
803 804 870 860 de
900 802 1065 859 lsrael
1126 815 1259 855 vero
1289 809 1415 870 post
1446 815 1550 856 nos
1588 800 1852 856 salvando
1879 818 1892 855 :
1959 798 2061 855 Ve-

478 907 771 951 rumtamen
805 912 897 965 per
916 893 1204 948 Dominum
1229 892 1398 946 Deum
1425 900 1669 945 nostrum
1704 892 1852 947 salus
1876 894 2062 949 domus

482 989 675 1044 Israel.
712 988 917 1044 Deinde
945 987 1271 1044 conﬁtentes
1304 993 1525 1057 peccata
1568 985 1622 1039 in
1657 988 1860 1057 quibus
1894 997 1947 1042 et
1968 1003 2063 1057 pa-

479 1095 592 1138 tres
623 1081 799 1136 nostri
836 1079 1081 1146 fuerunt,
1114 1095 1324 1149 nosque
1353 1081 1458 1151 ipsi
1488 1080 1633 1135 idola
1676 1081 1942 1145 colentes,
1977 1080 2064 1134 di-

476 1176 701 1228 cimus:
740 1171 996 1241 Confusio
1032 1181 1207 1225 autem
1250 1174 1575 1242 consumpsit
1594 1173 1808 1227 labores
1847 1183 2063 1243 patrum

476 1273 782 1318 nostrorum
832 1261 895 1315 ab
929 1260 1286 1315 adolescentia
1307 1278 1511 1329 eorum,
1556 1279 1673 1316 oves
1698 1279 1879 1317 eorum
1904 1272 1953 1315 et
1987 1262 2063 1315 ri-

478 1356 618 1410 tulos
648 1370 853 1421 eorum,
886 1355 1027 1424 ﬁlios
1054 1369 1237 1407 eorum
1257 1364 1306 1408 et
1333 1354 1477 1424 ﬁlias
1502 1370 1684 1409 eorum
1705 1356 1773 1411 ⁸⁸.
1808 1355 1994 1427 Itaque
2016 1356 2061 1413 si

476 1463 680 1519 pravus
712 1446 865 1500 labor
888 1445 1298 1501 consumendus
1328 1456 1503 1512 est,et
1532 1448 1763 1502 mendax
1791 1464 1929 1518 opus
1966 1464 2063 1520 pa-

477 1551 625 1594 trum
670 1537 1052 1594 confusionem
1088 1539 1238 1593 nasci
1274 1554 1498 1594 necesse
1540 1551 1657 1605 est;
1695 1549 1821 1595 ante
1869 1541 2063 1597 conlu-

480 1633 689 1687 sionem
721 1632 866 1686 enim
899 1647 1007 1686 non
1041 1632 1383 1687 consumitur
1411 1633 1565 1688 labor
1594 1642 1810 1703 patrum
1836 1645 2060 1691 nostro-

477 1740 624 1789 rum,
655 1732 709 1777 et
740 1739 862 1793 qua;
896 1725 1190 1779 adduntur.
1236 1724 1530 1793 Propterea
1576 1727 1924 1795 peccantium
1955 1727 2063 1782 dif-

477 1815 737 1871 ferentias
778 1816 1211 1873 consideremus.
1250 1816 1392 1870 Sunt
1433 1817 1528 1886 qui
1565 1828 1813 1888 peccent,
1855 1829 1911 1875 et
1948 1835 2060 1876 non

478 1907 912 1972 confunduntur,
942 1924 1117 1978 neque
1151 1908 1539 1964 verecundiam
1576 1911 1913 1981 concipiunt,
1963 1928 2065 1969 nec

475 2001 807 2056 erubescunt
843 2002 910 2054 de
940 2001 1179 2070 peccatis
1206 2002 1324 2057 suis
1363 2021 1376 2056 ε
1414 2002 1724 2061 istiusmodi
1763 2012 1927 2070 sunt,
1969 2005 2064 2072 qui

475 2099 864 2163 desperantes,
901 2092 1227 2163 semetipsos
1266 2094 1610 2149 tradiderunt
1639 2095 1789 2149 omni
1824 2095 2066 2166 impudi-

476 2184 641 2247 citim,
671 2193 725 2238 et
752 2184 900 2237 omni
947 2183 1310 2238 immunditia:
1332 2185 1401 2238 ’7.
1450 2184 1611 2240 Vides
1656 2186 1805 2240 enim
1837 2187 2064 2257 gentiles

477 2290 585 2345 quo
615 2285 775 2345 pacto
807 2275 962 2343 quasi
995 2275 1209 2344 egregia
1250 2274 1498 2331 facinora
1536 2276 1808 2333 interdum
1837 2286 2064 2333 narrent

475 2380 607 2421 suas
633 2362 1024 2420 fornicationes
1053 2373 1107 2420 et
1137 2364 1429 2432 adulteria,
1465 2381 1643 2436 neque
1664 2367 1869 2438 pudeat
1891 2368 2062 2423 conﬁ-

474 2459 574 2511 teri
608 2472 667 2512 se
708 2456 839 2511 talia
867 2467 1131 2527 patrasse.
1171 2455 1282 2512 Nec
1312 2458 1402 2512 illa
1429 2469 1654 2528 peccata
1698 2468 1931 2525 vocant,
1965 2476 2061 2517 ne-

473 2549 603 2601 dum
627 2546 976 2614 erubescant,
1007 2562 1184 2617 neque
1204 2556 1609 2602 consumuntur
1633 2550 1875 2620 ipsorum
1906 2552 2061 2608 labo-

474 2654 584 2703 res,
612 2653 790 2709 neque
812 2647 1216 2694 consumuntur
1234 2655 1424 2694 eorum
1449 2651 1689 2712 peccata.
1720 2640 2056 2715 Principium

471 2731 742 2785 bonorum
800 2739 885 2786 est
934 2732 1143 2802 pudore
1181 2731 1320 2787 allici
1346 2733 1417 2787 ob
1445 2748 1510 2788 ea
1543 2750 1781 2803 quorum
1814 2749 1926 2789 non
1957 2752 2059 2806 pu-

472 2820 654 2875 debat.
685 2820 1051 2887 Quamobrem
1077 2837 1179 2893 ego
1198 2838 1313 2877 non
1338 2824 1776 2881 maledictionem
1799 2828 2059 2885 existimo

477 2918 528 2973 id
558 2918 703 2989 quod
727 2919 781 2972 in
805 2918 1084 2989 prephetis
1111 2919 1343 2974 habetur
1370 2937 1384 2973 :
1414 2919 1826 2990 Confundantur
1847 2934 1897 2980 et
1924 2942 2055 2980 con-

474 3018 750 3065 vertantur
771 3017 1064 3063 retrorsum
1092 3024 1270 3064 omnes
1297 3011 1387 3081 qui
1416 3011 1638 3068 oderunt
1669 3010 1821 3068 Sion.
1850 3014 2019 3073 Proca
2037 3045 2056 3061 ο

476 3113 565 3157 tur
589 3101 733 3156 enim
764 3110 825 3156 ut
847 3101 940 3172 qui
968 3102 1346 3172 pudendorum
1386 3118 1614 3174 operum
1658 3122 1884 3165 sensum
1927 3110 2053 3166 nul-

2167 615 2373 668 ἑαυτῶν
2410 614 2794 687 μετανοοῦντες
2825 615 2917 668 ἐπὶ
2942 617 3054 679 τοῖς
3075 614 3334 686 ψευδέσιν
3367 613 3404 669 ἃ
3443 616 3767 688 ἐνομίζομεν

2166 703 2305 761 εἶναι
2351 707 2559 779 ἀληθῆ·
2604 708 2823 775 Ὄντως
2870 711 2958 775 εἰς
2992 707 3217 777 ψεῦδος
3252 703 3420 779 ἦσαν
3453 713 3510 765 οἰ
3542 710 3763 775 βουνοί

2165 801 2263 853 καὶ
2296 801 2333 869 ἠ
2374 798 2631 870 δύναμις
2669 798 2790 853 τῶν
2823 799 3031 868 ἐρέων·
3067 801 3197 871 περὶ
3238 800 3295 854 δὲ
3325 798 3421 854 τοῦ
3467 801 3586 871 μεθ’
3616 804 3766 873 ήμᾶς

2168 891 2554 963 σωθησομένου
2625 892 2880 965 Ἰσραήλ·
2953 892 3129 960 Πλὴν
3181 891 3278 946 διὰ
3328 894 3554 959 Κυρίου
3616 894 3765 949 Θεοῦ

2164 982 2335 1051 ἡμῶν
2361 984 2400 1051 ὴ
2431 983 2693 1051 σωτηρία
2725 983 2830 1036 τοῦ
2866 982 3038 1036 οἷκου
3087 982 3192 1037 τοῦ
3236 983 3497 1051 Ἰσραήλ.
3534 979 3768 1054 (“Eis-ts

2166 1076 2645 1148 ἐξομολογούμενοι
2674 1078 2805 1148 περὶ
2844 1077 2952 1129 τῶν
2999 1077 3431 1149 ἁμαρτημάτων,
3467 1078 3526 1131 ὲν
3557 1069 3639 1140 οἷς
3672 1077 3766 1133 καὶ

2163 1172 2210 1224 οἱ
2243 1170 2477 1241 πατέρες
2520 1170 2677 1240 ἡμῶν
2715 1170 2991 1237 γεγόνασι,
3025 1172 3117 1223 καὶ
3157 1171 3318 1240 ἡμεῖς
3357 1170 3511 1223 αὐτοὶ
3553 1167 3767 1222 εἰδωλο-

2165 1258 2489 1333 λατροῦντές
2513 1277 2692 1331 φαμεν
2709 1277 2723 1289 ο
2750 1260 2823 1319 ἸΙ
2834 1260 2905 1313 δὲ
2920 1262 3186 1331 αἰσχύνη
3206 1259 3598 1329 κατηνάλωσε
3625 1258 3763 1326 τοὺς

2158 1357 2427 1426 μόχθους
2452 1353 2571 1409 τῶν
2597 1354 2871 1422 πατέρων
2900 1352 3073 1423 ἡμῶν
3091 1352 3208 1407 ἀπὸ
3236 1354 3518 1420 νεότητος
3541 1350 3758 1417 αὐτῶν,

2163 1448 2236 1501 τὰ
2258 1448 2521 1516 πρόϐατα
2542 1445 2740 1500 αὐτῶν
2763 1446 2862 1499 καί
2919 1446 3063 1512 τοὺς
3088 1446 3246 1512 ,ϐόας
3277 1444 3500 1510 αὐτῶν,
3548 1443 3648 1498 καὶ
3681 1444 3763 1514 (‘2)

2164 1541 2305 1606 τοὺς
2330 1539 2735 1606 υἰοὺςαὺτῶν,
2758 1539 2855 1593 καί
2882 1540 2987 1606 τὰς
3008 1538 3334 1610 θυγατέρας
3366 1538 3584 1593 αὐτῶν.
3622 1540 3767 1594 Obu-

2163 1632 2259 1685 οὖν
2298 1632 2345 1683 εἰ
2397 1630 2579 1702 μέλλει
2618 1628 3110 1682 καταναλίσκεσθαι
3150 1630 3179 1681 ὁ
3214 1626 3488 1698 μοχθηρὸς
3541 1625 3762 1698 μόχθος,

2165 1724 2260 1778 καὶ
2309 1724 2372 1776 τὸ
2401 1723 2598 1793 ψεῦδος
2627 1723 2787 1795 ἔργον
2816 1723 2925 1775 τῶν
2964 1723 3242 1795 πατέρων,
3276 1720 3537 1792 αἰσχύνην
3565 1722 3647 1775 δεῖ
3673 1737 3767 1790 γε·

2169 1816 2355 1871 νέσοαι
2380 1834 2393 1845 ·
2429 1817 2559 1889 πρὶν
2582 1816 2691 1889 γὰρ
2723 1815 2986 1887 αἰσχύνης
3015 1815 3075 1869 ού
3108 1815 3568 1869 καταναλίσκεται
3602 1816 3631 1868 ό
3675 1815 3767 1886 μό-

2171 1909 2299 1979 χθος
2323 1908 2431 1962 τῶν
2469 1909 2724 1980 πατέρων
2763 1908 2943 1980 ήμῶν,
2981 1908 3076 1961 καὶ
3120 1907 3189 1962 τά
3230 1909 3623 1980 ἐπιφερόμενα.
3661 1909 3761 1964 Διά

2169 2002 2328 2056 τοῦτο
2370 2003 2795 2074 κατανοήσωμεν
2827 2002 3251 2073 ἁμαρτανόντων
3278 2002 3562 2074 διαφοράς.
3609 2002 3762 2055 Εἰσὶν

2168 2096 2596 2167 ἁμαρτάνοντες,
2626 2096 2721 2148 καὶ
2750 2095 2852 2147 οὐκ
2877 2093 3278 2164 αἰσχυνόμενοι,
3308 2094 3427 2147 ούδὲ
3456 2094 3761 2165 αἰδούμενοι

2166 2189 2259 2241 ἐπὶ
2281 2190 2402 2251 ταῖς
2434 2187 2732 2259 ἁμαρτίαις
2768 2186 2971 2251 αὐτῶν,
3013 2185 3131 2239 οὐδὲ
3159 2184 3539 2257 ὲρυθριῶντες.
3574 2184 3764 2241 Τοιοῦ-

2163 2282 2247 2334 τοί
2264 2281 2401 2334 εἰσιν
2421 2280 2471 2334 οἰ
2491 2279 2893 2351 ἀπηλγηκότες,
2909 2279 3003 2332 καὶ
3018 2279 3245 2341 ἑαυτοὺς
3258 2278 3593 2350 παραδόντες
3610 2284 3761 2354 πέσῃ

2163 2372 2443 2444 ἀσελγείᾳ,
2476 2373 2570 2426 καὶ
2584 2372 2732 2442 πάσῃ
2748 2369 3078 2442 ἀκαθαρσίᾳ.
3128 2369 3354 2433 Βλέπεις
3383 2369 3493 2442 γὰρ
3515 2371 3640 2435 τοὺς
3655 2371 3760 2424 ἀπὺ

2160 2467 2270 2520 τῶν
2290 2465 2463 2519 ὲθνῶν
2490 2465 2612 2519 τίνα
2634 2465 2836 2537 τρόπον
2868 2463 2944 2527 ὡς
2966 2462 3247 2535 ἀριστείας
3273 2463 3385 2517 ῑσο’
3421 2465 3509 2517 ὅτε
3533 2462 3759 2519 καταλέ-

2160 2576 2316 2627 γουσι
2349 2558 2448 2622 τάς
2488 2557 2744 2629 πορνείας
2768 2557 2862 2610 καὶ
2885 2555 2981 2618 τὰς
3001 2555 3246 2626 μοιχείας
3270 2555 3500 2620 ἑαυτῶν,
3536 2556 3659 2610 οὐδὲ
3679 2557 3761 2609 αἰ-

2162 2650 2416 2721 δούμενοι
2447 2648 2733 2718 ὁμολογεῖν
2773 2648 2840 2701 τὰ
2873 2647 3099 2700 τοιαῦτα
3141 2647 3519 2718 πεποιηκέναι.
3554 2647 3664 2701 Καὶ
3696 2644 3758 2701 οὐ

2158 2739 2408 2808 λέγουσιν
2438 2738 2577 2791 αύτά
2606 2738 2827 2809 ἀμαρτή
2838 2754 3002 2807 ματα,
3020 2736 3143 2788 ὅσον
3165 2736 3265 2789 οὐκ
3284 2735 3759 2806 αἰσχύνονται,ούκ

2157 2829 2539 2885 ἀναλίσκονται
2557 2828 2736 2882 αὐτῶν
2759 2829 2809 2880 οἱ
2840 2828 3052 2899 μόχθοι,
3077 2829 3180 2881 ούκ
3200 2827 3551 2882 ἀναλίσκεται
3581 2827 3759 2883 αὐτῶν

2155 2923 2223 2976 τὰ
2238 2922 2631 2993 ἁμαρτήματα.
2651 2918 2815 2991 Ἀρχὴ
2832 2919 3047 2988 ἀγαθῶν
3062 2921 3176 2973 ἐστι
3195 2919 3256 2973 τὸ
3269 2918 3620 2992 αἰσχυνθῆναί
3639 2935 3763 2975 τινα

2147 3014 2182 3068 ἃ
2210 3015 2311 3068 οὐκ
2342 3012 2624 3085 ᾐσχύνετο.
2660 3012 2759 3067 Διά
2781 3010 2938 3065 τοῦτο
2969 3009 3080 3081 ἐγὼ
3101 3011 3162 3064 ού
3191 3011 3436 3084 κατάραν
3473 3008 3675 3081 νομίζω
3698 3012 3761 3063 ιν

2154 3107 2265 3171 τοῖς
2281 3106 2586 3178 προφήταις
2601 3102 2855 3171 λέγεσθαι
2883 3104 2942 3158 ὲν
2964 3102 3043 3175 τῷ
3058 3119 3072 3133 ·
3101 3102 3633 3173 Αἰσχυνθήτωσαν,
3656 3100 3760 3156 και

475 3197 588 3250 lum
617 3194 839 3262 habent,
870 3195 908 3250 ii
933 3210 1157 3251 sensum
1183 3196 1475 3266 accipiant,
1505 3207 1565 3252 ut
1590 3197 1808 3257 confusi
1844 3205 2057 3275 possint

2163 3198 2635 3270 ἐντραπήτωσαν
2660 3196 2883 3264 πάντες
2912 3198 2966 3251 οἱ
2987 3196 3316 3266 μισοῦντες
3327 3193 3506 3249 Σιών·
3539 3193 3759 3266 εὔχεται

475 3300 608 3341 suos
633 3286 846 3341 labores
868 3295 922 3341 et
953 3296 1173 3356 peccata
1207 3301 1553 3344 consumere.

2162 3295 2241 3369 (5)
2271 3292 2380 3365 γάρ
2427 3291 2554 3355 τοὺς
2592 3289 2953 3361 ἀναισθήτους
2976 3289 3086 3342 τῶν
3126 3287 3230 3359 τῆς
3274 3288 3535 3360 αἰσχύνης
3579 3287 3760 3361 ἔργων

474 3379 557 3443 εἰς
595 3377 946 3450 συναίσθησιν
971 3378 1255 3449 ἔρχεσθαι,
1296 3380 1384 3434 ἵνα
1428 3383 1807 3455 αἰσχυνθέντες
1844 3387 2148 3463 δυνηθῶσιν
2166 3386 2438 3445 ἀναλῶσαι
2481 3385 2609 3447 τοὺς
2651 3382 2884 3455 μόχθους
2918 3381 3014 3435 καὶ
3054 3380 3122 3435 τά
3154 3381 3526 3452 ἁμαρτήματα
3559 3379 3758 3433 αὐτῶν.

558 3471 615 3526 6.
684 3471 1034 3527 lrrationales
1091 3486 1253 3543 porro
1316 3481 1533 3542 patrum
1604 3486 1786 3534 motus
1852 3482 2072 3538 vocavit

1085 3578 1266 3634 neque
1316 3563 1463 3619 enim
1495 3568 1681 3624 ouiitia
1725 3570 1889 3627 bruta
1945 3573 2062 3628 lau-

2174 3564 2299 3624 είπι
2326 3565 2422 3622 καὶ
2455 3564 2708 3636 μόσχους.
2735 3563 2811 3616 Οὐ
2841 3561 2951 3633 γὰρ
2983 3561 3159 3616 πάντα
3191 3561 3260 3616 τά
3286 3561 3454 3631 ἀλσγα
3475 3561 3757 3618 ἐπαινετά·

476 3579 629 3621 oves,
663 3578 731 3619 ac
761 3563 962 3619 vitulos
1012 3582 1027 3620 :

476 3658 714 3727 dabilia,
768 3657 867 3716 sed
895 3667 1026 3714 sunt
1070 3659 1233 3714 bruta
1274 3660 1523 3730 quaedam
1565 3662 1729 3733 digna
1772 3665 2067 3737 vituperio,

1784 3775 1914 3823 sunt
1969 3783 2069 3823 allo

475 3876 584 3921 tem
642 3864 893 3934 quaedam
942 3863 1102 3920 bruta
1167 3865 1327 3921 laude
1391 3865 1589 3938 digna,
1652 3868 1811 3941 juxta
1873 3870 2010 3927 illud
2053 3889 2068 3927 :

476 3966 610 4025 Oves
639 3983 770 4023 mea:
793 3983 965 4023 vocem
1001 3985 1173 4023 meam
1201 3969 1428 4023 audiunt
1448 3969 1517 4024 ".
1553 3967 1695 4027 Oves
1719 3981 1879 4027 erant
1902 3975 2065 4031 etiam

475 4062 561 4117 ha:
584 4062 782 4132 quibus
804 4076 911 4117 non
933 4060 1242 4116 absimilem
1266 4061 1535 4117 habemus
1555 4062 1846 4129 rationem,
1865 4064 2069 4121 baben-

473 3759 621 3816 sieut
679 3772 812 3816 oves
872 3766 1093 3831 patrum
1140 3760 1244 3830 'qui
1293 3771 1655 3832 peccaverant
1708 3784 1724 3821 :

476 4160 557 4208 tes
604 4162 877 4224 pastorem
911 4152 1114 4207 bonum
1159 4152 1214 4206 in
1248 4151 1539 4207 animabus
1576 4152 1802 4209 nostris.
1830 4152 2063 4220 Quando

474 4256 621 4311 enim
670 4252 918 4310 Salvator
963 4254 1075 4310 ait:
1113 4251 1226 4325 Ego
1255 4269 1373 4308 sum
1410 4262 1596 4324 pastor
1626 4253 1793 4308 bonus
1828 4255 1899 4322 ”,
1950 4271 2058 4311 non

477 4356 687 4402 tantum
729 4356 788 4401 ut
821 4344 1022 4412 caeteri,
1063 4346 1320 4401 universe
1372 4343 1581 4400 dictum
1628 4343 1894 4417 intelligo,
1930 4361 2057 4401 eum

2248 3476 2331 3532 Τά
2378 3474 2438 3529 δὲ
2485 3472 2657 3542 ἀλογα
2696 3471 2822 3525 ’τῶν
2878 3471 3131 3541 πατέρων
3185 3472 3461 3542 κινήματα
3511 3471 3756 3544 πρόϐατα

2174 3658 2290 3714 ἀλλ’
2314 3656 2461 3711 εστιν
2487 3652 2660 3722 ἀλογά
2683 3669 2804 3707 τινα
2827 3650 3026 3723 ψεκτὰ,
3051 3649 3241 3723 ὥσπερ
3272 3650 3339 3705 τὰ
3376 3651 3624 3723 πρόϐατα
3652 3651 3761 3705 τῶν

2175 3748 2428 3820 πατέρων
2461 3744 2539 3818 (4)
2568 3743 2677 3798 τῶν
2734 3741 3162 3816 ἡμαρτηκότων
3188 3740 3306 3794 εστι
3333 3740 3394 3796 δέ
3434 3758 3555 3797 τινα
3590 3741 3760 3810 ἄλογα

2171 3839 2455 3905 ἐπαινετὰ,
2489 3826 2633 3894 οἷονο
2674 3836 2751 3892 Τὰ
2787 3835 2901 3906 ἐμὰ
2940 3835 3209 3905 πρόϐατα
3242 3832 3357 3902 τῆς
3399 3833 3605 3904 φθῆ-ῆς
3634 3850 3756 3903 μου

2171 3933 2485 3990 ἀκούουσι.
2546 3927 2802 4001 Πρόϐατα
2852 3923 2920 4000 ἦν
2999 3926 3094 3982 καὶ
3134 3923 3310 3979 ταῦτα
3363 3920 3445 3989 οἷς
3498 3923 3755 3992 ἀνάλογον

2171 4025 2368 4097 ἔχομεν
2398 4023 2490 4078 τὸν
2520 4020 2700 4091 λόγον,
2732 4020 2947 4092 ἔχοντες
2972 4019 3065 4074 τὸν
3108 4018 3341 4090 ποιμένα
3372 4019 3467 4073 τὸν
3496 4018 3658 4073 καλὸν
3699 4020 3758 4071 ὲν

2170 4117 2289 4179 ταῖς
2316 4113 2517 4186 ψυχαῖς
2553 4109 2729 4183 ἡμῶν.
2780 4108 2948 4164 Ἐπάν
2975 4109 3087 4181 γάρ
3125 4108 3258 4182 λέγῃ
3284 4110 3315 4162 ό
3339 4108 3560 4182 Σωτήρ
3611 4106 3760 4177 Ἐγώ

2165 4208 2281 4275 εἰμι
2309 4209 2343 4260 ό
2381 4202 2607 4274 ποιμὴν
2627 4206 2659 4257 d
2706 4203 2895 4269 καλός
2920 4218 2934 4232 ·
2973 4201 3076 4256 οὐκ
3109 4201 3294 4255 ἀκούω
3339 4201 3501 4273 μόνον
3534 4199 3756 4255 καθολι-

2166 4299 2298 4366 κῶς,
2332 4297 2408 4362 ὼς
2440 4296 2641 4359 πάντες
2668 4292 2980 4357 ἀκούουσιν,
3016 4294 3098 4348 δτι
3136 4294 3341 4365 ποιμήν
3373 4294 3490 4346 ἐστι
3522 4291 3633 4346 τῶν
3664 4308 3757 4345 πισ-

2167 4390 2465 4444 στευόντων
2484 4405 2497 4419 ·
2531 4387 2626 4440 καὶ
2657 4385 2815 4440 τοῦτο
2845 4386 2945 4457 μὲν
2973 4385 3082 4458 γάρ
3112 4386 3207 4440 καὶ
3232 4386 3381 4455 ὑγιὲς
3410 4385 3505 4439 καὶ
3533 4384 3755 4455 ἀληθέςο

475 4462 672 4517 nempe
696 4463 817 4502 esse
842 4457 1117 4517 pastorem
1151 4446 1509 4508 credentium.
1525 4457 1580 4503 et
1604 4446 1710 4503 hoc
1725 4448 1870 4502 enim
1896 4447 2054 4520 153

2164 4435 2431 4535 ἐιᾷζζιὲιῖ
2448 4435 2518 4534 ἐν
2533 4435 2625 4550 ’ἔεῇ
2649 4435 3509 4550 454.31.;tazs1gggzist
3538 4435 3638 4547 ῥιοᾴ
3653 4435 3757 4529 τόν

473 4553 670 4595 sanum
686 4550 767 4593 est
788 4550 842 4593 et
856 4554 1078 4605 verum;
1109 4538 1203 4593 sed
1229 4538 1350 4592 etin
1372 4552 1492 4592 mea
1511 4538 1693 4593 anima
1717 4538 1889 4596 debeo
1902 4541 2063 4596 Chri-

473 4651 621 4697 stum
652 4640 799 4695 intus
834 4640 1058 4704 habere,
1088 4639 1294 4693 bonum
1323 4647 1599 4710 pastorem
1627 4640 1722 4711 qui
1754 4642 1807 4696 in
1843 4657 1928 4697 me
1969 4658 2059 4699 re-

474 4743 566 4805 gat
597 4742 779 4788 motus
828 4730 1198 4795 irrationales,
1245 4745 1314 4785 ne
1355 4730 1593 4800 amplius
1626 4733 1693 4789 ad
1725 4749 1959 4804 pascua,
1998 4743 2060 4789 ut

472 4840 639 4881 casus
669 4825 875 4892 tulerit,
925 4833 1145 4891 exeant,
1194 4823 1287 4879 sed
1326 4839 1356 4877 a
1398 4832 1618 4894 pastore
1662 4825 1835 4893 ducti,
1882 4826 2059 4897 ipsius

473 4928 678 5000 proprii
707 4928 838 4983 [iant
859 4929 952 4998 qui
973 4927 1041 4982 ab
1070 4943 1137 4982 eo
1157 4927 1318 4982 alieni
1346 4927 1644 4999 aliquando
1665 4939 1839 4985 erant.
1863 4929 2060 4997 Quam-

473 5033 662 5088 obrem
707 5032 753 5087 si
802 5047 950 5087 nunc
983 5031 1054 5086 sit
1101 5031 1156 5086 in
1190 5048 1279 5087 me
1310 5042 1497 5103 pastor
1545 5034 1639 5104 qui
1670 5043 1820 5104 regat
1858 5048 2054 5090 sensus

473 5140 650 5191 meos,
682 5139 791 5180 non
827 5124 1069 5194 amplius
1096 5124 1332 5180 subsunt
1361 5126 1530 5181 menti
1556 5125 1767 5191 alienae,
1790 5124 1875 5179 vel
1909 5123 2053 5180 Pha-

543 5244 590 5277 "
623 5243 825 5299 Jerem.
854 5257 938 5307 ιιι,
970 5240 1060 5294 24.
1136 5239 1181 5273 "'
1221 5238 1419 5311 Ephcs.
1457 5256 1533 5305 tv,
1562 5239 1650 5295 19.
1725 5240 1772 5274 ⁸⁸
1811 5237 1972 5295 Joan.
2000 5256 2056 5307 κ,
2088 5238 2180 5294 27.

544 5359 620 5429 (ί)
656 5357 790 5429 ϐοάς
835 5354 1094 5429 SceriaL-a
1119 5355 1269 5429 ,πρὸς
1296 5354 1396 5429 .δέ-
1414 5354 1508 5429 τοῦ
1544 5354 1661 5429 e59]
1686 5354 1847 5429 ήμᾷς,
1868 5351 2047 5429 σιρθητ

474 5423 701 5500 σομένου
740 5425 977 5508 Ἰσραήλ.
1032 5423 1192 5505 Πλλήν
1232 5423 1322 5478 διὰ
1354 5423 1561 5548 Κυρίου
1615 5423 1789 5495 Ἰησοῦ
1822 5423 1979 5547 ημῶν
2013 5425 2047 5494 ή

474 5497 717 5548 σωτηρία
739 5514 832 5548 του
858 5496 1008 5548 οἴκου
1034 5512 1128 5548 του
1176 5493 1410 5548 Ἰσραήλ.
1464 5495 1621 5548 ‘odex
1664 5508 1796 5548 vero
1894 5504 2047 5548 attc..

471 5493 717 5570 σωτηρία
739 5493 832 5570 τοῦ
858 5493 1015 5570 οἴκου
1034 5493 1146 5570 τού
1176 5493 1410 5570 Ἰσραήλ.
1438 5493 1824 5570 Qodex__vero__
1847 5493 2048 5570 Vatic.,

472 5563 687 5639 περὶ’δὲ
720 5566 816 5639 τοῦ
837 5566 963 5639 μεθῖ
995 5567 1141 5639 ύμᾷς
1173 5563 1593 5639 σωθησομένου*
1622 5564 1875 5639 Ἰσραήλ·
1912 5563 2052 5639 πλὴν

470 5634 563 5709 δια
589 5637 795 5709 Κυρίου
825 5634 961 5690 Θεοῦ
984 5634 1195 5709 ήμῶνή
1226 5634 1475 5709 σωτηρία
1503 5634 1596 5690 τοῦ
1628 5634 1777 5689 οῐκου
1798 5634 2050 5709 Ἰσραήλ.

470 5707 529 5765 lu
572 5706 760 5762 nostro
779 5715 952 5770 textu,
983 5706 1147 5761 modo
1188 5706 1318 5762 'cod.

472 5778 765 5833 rialensem
796 5776 1102 5845 sequimur.
1252 5792 1257 5797 λ

544 5846 622 5921 (2)
647 5845 705 5903 ln
738 5843 925 5903 codice
974 5843 1309 5903 Scorialensi
1337 5845 1488 5904 deest
1535 5846 1649 5902 καί.
1703 5844 1908 5902 Ibidem
1932 5854 2057 5917 post

1408 5707 1682 5762 aticanum
1704 5745 1718 5769 ,
1749 5703 1913 5760 modo
1937 5703 2068 5760 8co-

2163 4571 2420 4643 Χριστὸν,
2453 4568 2600 4623 ἔνδον
2644 4586 2746 4640 μου
2779 4568 2871 4622 τὸν
2901 4569 3065 4623 καλὸν
3098 4569 3364 4640 ποιμένα,
3400 4565 3757 4638 ποιμαίνοντα

2165 4664 2236 4718 τὰ
2267 4664 2326 4719 ὲν
2356 4662 2478 4735 ἐμοὶ
2516 4662 2688 4731 ἄλογα
2721 4664 3019 4734 κινήματα,
3052 4661 3140 4714 ἵνα
3177 4660 3375 4732 μηκέτι
3409 4660 3502 4713 ἐπὶ
3542 4658 3642 4730 τὴν
3670 4675 3759 4711 νο-

2165 4756 2294 4830 μὴν,
2352 4756 2429 4821 ὡς
2487 4755 2696 4826 ἔτυχεν,
2766 4753 3096 4825 ἐξέρχηται,
3161 4751 3274 4805 ἀλλ’
3343 4751 3588 4821 ἀγόμενα
3651 4749 3758 4803 ὑπὸ

2163 4847 2259 4902 τοῦ
2292 4846 2569 4919 ποιμένος,
2604 4846 2777 4900 ταῦτα
2825 4846 2893 4899 τά
2936 4842 3194 4917 ἀλλότριά
3248 4859 3379 4897 ποτε
3419 4843 3756 4912 τυγχάνοντα

2164 4936 2331 4993 αὐτοῦ
2382 4938 2491 4993 ἴδια
2528 4937 2779 5006 γενέσθαι
2804 4936 2881 5007 (5)
2915 4934 3101 4990 αὑτοῦ.
3161 4934 3262 4988 Διά
3304 4933 3460 4987 τοῦτο
3517 4933 3610 4986 νῦν
3662 4932 3757 4985 ἐὰν

2162 5029 2367 5102 ποιμὴν
2462 5031 2519 5083 ὲν
2560 5030 2702 5100 ἐμοὶ,
2764 5030 2824 5093 ὃς
2877 5029 3035 5100 ἄρχει
3096 5045 3194 5098 μου
3257 5026 3362 5080 τῶν
3428 5025 3753 5096 αἰσθήσεων,

2158 5126 2344 5179 οὐκέτι
2409 5126 2547 5178 εἰσὶν
2607 5124 2713 5179 ὑπὸ
2756 5122 2880 5179 νοῦν
2940 5122 3314 5194 ἀλλότριον,ἢ
3377 5120 3482 5174 ὑπὸ
3530 5117 3754 5191 Φαραὼ,

2284 5240 2328 5272 ’³
2360 5237 2496 5294 Ibid.
2535 5238 2622 5294 11.

2154 5337 2464 5422 θυγατέρας
2484 5350 2687 5418 αὐτῶν,
2716 5351 2889 5405 codex
2909 5349 3211 5422 Vaticanus
3234 5348 3388 5422 addit
3416 5366 3430 5402 :
3457 5349 3491 5422 ή
3516 5346 3753 5422 αἰσχύνη

2154 5419 2509 5495 κατηνάλωσε
2537 5424 2668 5486 τοὺς
2704 5421 2937 5504 μόχθους
2985 5420 3095 5476 τῶν
3141 5421 3396 5492 πατέρων
3446 5419 3625 5491 ἡμῶν,
3660 5419 3754 5472 καὶ

2153 5494 2281 5547 τάδε
2315 5493 2382 5546 τά
2411 5493 2699 5548 εἰρημένα.
2738 5495 2968 5548 Ούκουν.

2230 5510 2281 5547 οε
2315 5510 2382 5546 τα
2411 5510 2699 5566 ειρημενα.
2738 5510 2968 5548 υνκουν.

2230 5565 2307 5635 (5)
2351 5563 2486 5618 Cod.
2558 5565 2815 5635 SporiaL,
2875 5564 3061 5635 ἔχεται
3093 5561 3204 5635 γὰρ
3234 5561 3359 5635 τούς
3386 5559 3753 5635 ἀναισθήτους

2166 5630 2264 5707 τῆς
2281 5630 2561 5707 *αἰσχύνης
2582 5634 2758 5707 ἔργων
2789 5636 2869 5697 εἰς
2892 5630 3259 5707 Δ’συναίσθιπισιν
3296 5630 3572 5701 ἔρχεσθαι.

2244 5704 2322 5774 (4)
2352 5701 2488 5759 Gud.
2511 5701 2695 5758 'Vat'ic.
2729 5704 2953 5767 omittit,
2983 5702 3091 5774 τῶν
3116 5701 3392 5774 πατέρων.

2240 5770 2318 5846 (5)
2361 5774 2777 5846 ιαμ-γένηται.
2816 5774 2938 5846 Mox
2964 5773 3086 5827 cod.
3122 5770 3273 5846 νειμ,
3300 5781 3420 5846 post
3435 5772 3538 5827 ista
3556 5770 3747 5837 verba.

2166 5841 2260 5900 ἐὰν
2283 5841 2487 5917 ποιμήν
2507 5841 2623 5919 ᾖὲν
2649 5841 2793 5917 ἐμοί,
2821 5845 3023 5901 omittit
3047 5841 3337 5899 articulum
3368 5844 3448 5907 ὃς.
