4130 6438
356 425 465 485 ἔθῦ

1593 427 1660 483 IN
1696 425 2043 482 JEREMIAM
2080 426 2357 484 ﬂOMlL’A
2399 427 2462 481 V.

3287 268 3315 313 I

3524 426 3629 483 500

359 542 393 615 ἢ
432 541 533 598 imo
564 542 1047 613 Ναϐουχοδονόσορ,
1096 540 1233 597 ἀλλά
1254 539 1358 594 ὑπὸ
1388 538 1479 593 τὸν
1504 539 1666 592 καλὸν
1697 536 1922 608 ποιμένα

2024 540 2255 605 .raoni,
2311 538 2395 594 vel
2447 536 2998 603 Nahuchodonosori,
3064 537 3158 592 sed
3205 537 3351 594 bono
3399 546 3624 608 pastori.

427 634 536 690 Καί
563 636 825 703 αἰσχύνη
856 632 971 690 οὖν
995 634 1383 703 κατηνάλωσε
1409 632 1485 705 (1)
1514 631 1657 697 τοὺς
1675 632 1946 701 μόχθους

356 728 478 782 τῶν
507 729 781 798 πατέρων
806 726 981 798 ἡμῶν
1000 726 1119 782 ἀπὸ
1143 729 1425 794 νεότητος
1451 722 1670 787 αὐτῶν,
1697 720 1770 775 τὰ
1802 722 1946 789 πρό-

358 822 505 876 ϐατα
535 822 755 880 αὐτῶν.
782 821 881 875 καί
914 820 1055 887 τοὺς
1075 821 1233 886 ,βόας
1267 817 1483 874 αὐτῶν.
1514 818 1700 870 Ἔστιν
1728 816 1785 869 ὲν
1813 816 1944 885 ἡμῖν

358 912 637 980 γεωργοῦν
671 914 703 982 ἡ
712 913 841 982 μᾶς,
873 912 991 982 ἦτοι
1004 912 1059 964 δὲ
1078 909 1262 972 κακῶς
1278 907 1576 981 γεωργοῦν,
1595 905 1725 974 εἷ’γε
1756 906 1836 958 δεῖ
1849 904 1941 958 λέ-

355 1017 474 1071 γειν
495 1003 556 1056 τὸ
575 1004 757 1067 κακῶς
781 1005 899 1056 ἐστι
919 1002 1012 1055 τοῦ
1042 1000 1461 1072 γεωργοῦντοςῆ
1483 998 1663 1081 καλῶς
1681 998 1757 1068 (2)
1772 1014 1942 1068 γεωρ-

353 1093 503 1160 γοῦν.
541 1095 605 1148 Εἰ
640 1094 736 1165 μὲν
778 1088 872 1147 οὖν
913 1092 1099 1156 κακῶς
1141 1094 1403 1161 γεωργεῖ,
1455 1088 1655 1161 μόχθος
1688 1089 1807 1140 ἐστὶ
1832 1087 1941 1139 τῶν

353 1184 605 1256 πατέρων
634 1183 1165 1253 καταναλισκόμενος
1192 1182 1295 1235 ὑπὸ
1317 1184 1415 1253 τῆς
1442 1178 1705 1251 αἰσχύνης
1724 1177 1905 1231 αὐτῶν
1922 1193 1937 1206 ·

348 1275 482 1330 εἰδὲ
511 1275 692 1340 καλῶς
723 1277 978 1348 γεωργεῖ,
1004 1276 1109 1328 οὐκ
1134 1274 1248 1328 ἔστι
1278 1274 1388 1329 τῶν
1416 1272 1674 1346 πατέρων
1709 1269 1937 1342 μόχθος·

348 1365 488 1420 ἀλλά
519 1366 715 1438 μόχθος
747 1370 894 1420 ἐστὶν
935 1366 1027 1436 ἀφ’
1060 1360 1135 1421 ὧν
1164 1367 1231 1421 τὰ
1257 1366 1581 1439 πρωτότοκα
1607 1362 1941 1435 ἀναφέρεται

346 1454 444 1508 ἐπὶ
470 1455 565 1508 τοῦ
596 1455 980 1528 θυσιαστηρίου
1014 1455 1111 1510 τοῦ
1140 1456 1299 1510 Θεοῦ.
1334 1456 1481 1523 Τοὺς
1512 1454 1685 1521 υἱοὺς
1717 1451 1938 1518 αὐτῶν,

346 1551 446 1604 καί
482 1553 590 1617 τὰς
629 1551 959 1621 θυγατέρας
990 1551 1207 1606 αὐτῶν.
1248 1551 1513 1621 Λέγουσιν
1555 1541 1726 1603 οὗτοι·
1763 1549 1939 1603 Τίνων

344 1640 523 1694 αὐτῶν
543 1658 557 1707 ;
578 1642 648 1695 Ἦ
675 1643 782 1697 τῶν
804 1644 1054 1715 πατέρων
1070 1644 1179 1695 υἱοὶ
1207 1642 1283 1713 (5)
1311 1641 1692 1696 ἀναλίσκονται
1713 1640 1822 1694 ἀπὺ
1839 1642 1939 1712 τῆς

345 1733 606 1805 αἰσχύνης
632 1735 832 1801 αὐτῶν,
862 1737 958 1788 καὶ
981 1736 1040 1787 αἱ
1061 1733 1397 1803 θυγατέρες;
1424 1731 1691 1794 Πολλάκις
1714 1730 1940 1802 εἴπομεν

342 1826 413 1881 τά
439 1828 538 1899 τῆς
577 1827 757 1899 ψυχῆς
788 1828 1111 1898 γεννήματα
1138 1827 1223 1880 ὅτι
1273 1824 1342 1878 τὰ
1383 1824 1631 1895 νοήματα
1667 1824 1763 1895 μέν
1802 1824 1939 1876 ei.qu

2123 633 2177 687 7.
2218 630 2288 687 Et
2323 630 2565 700 confusio
2589 631 2913 697 consumpsit
2941 627 3148 683 labores
3179 640 3390 699 patrum
3413 642 3626 687 nostro-

2048 742 2164 780 rum
2200 724 2267 778 ab
2301 722 2662 777 adolescentia
2694 738 2899 787 eorum,
2938 738 3054 776 oues
3082 738 3261 776 eorum
3286 733 3335 776 et
3366 722 3515 778 boves
3536 741 3628 779 eo-

2047 835 2188 873 rum.
2217 816 2316 873 Est
2354 814 2487 885 quid
2518 817 2570 868 in
2604 815 2761 870 nobis
2786 814 2933 883 quod
2966 824 3170 869 terram
3194 826 3437 870 nostram
3474 817 3626 884 colit,

2044 910 2138 965 sed
2163 910 2247 964 vel
2280 907 2423 962 male
2453 906 2604 973 colit,
2637 905 2684 960 si
2713 907 2855 960 male
2888 907 3068 961 colere
3089 907 3353 962 dicendus
3374 915 3456 961 est
3477 907 3625 978 agri-

2042 1002 2193 1065 cola,
2245 999 2329 1054 vel
2369 998 2507 1053 bene
2552 998 2703 1052 colit.
2740 996 2799 1051 Si
2826 1012 2958 1066 ergo
2993 998 3135 1054 male
3162 998 3311 1063 colit,
3344 997 3496 1053 labor
3538 1007 3624 1053 est

2046 1100 2263 1163 patrum
2300 1098 2663 1159 consumptus
2708 1103 2739 1143 a
2780 1088 3102 1145 confusione
3141 1105 3373 1156 em‘um;
3413 1089 3460 1145 si
3493 1104 3624 1144 vero

2045 1185 2180 1239 bene
2209 1182 2360 1247 colit,
2393 1196 2502 1236 non
2538 1190 2623 1237 est
2656 1189 2871 1251 patrum
2902 1180 3078 1246 labor,
3112 1181 3207 1237 sed
3239 1181 3395 1237 labor
3433 1193 3621 1237 eorum

2041 1286 2126 1332 est
2151 1292 2181 1330 a
2210 1275 2410 1345 quibus
2443 1274 2806 1344 primogenita
2840 1288 3006 1345 super
3030 1275 3207 1329 altare
3254 1274 3345 1330 Dei
3378 1276 3623 1331 oﬂerun-

2043 1370 2154 1417 tur.
2193 1360 2366 1415 Filios
2404 1377 2585 1415 eorum
2619 1371 2666 1415 et
2713 1361 2858 1431 ﬁlias
2884 1378 3087 1417 eorum.
3117 1361 3318 1419 Dicunt
3343 1365 3398 1419 hi
3431 1363 3622 1432 δρυο-

2041 1468 2163 1508 rum
2195 1453 2433 1508 eorum?
2453 1454 2535 1508 An
2574 1462 2789 1523 patrum
2823 1456 2919 1509 ﬁlii
2958 1464 3015 1510 et
3061 1455 3187 1512 ﬁlia:
3218 1469 3622 1513 consumuntur

2042 1562 2072 1602 ει
2106 1545 2433 1602 confusione
2471 1547 2756 1617 ipsorum?
2795 1547 2949 1619 Saepe
2988 1550 3231 1606 diximus
3256 1551 3398 1607 inter
3423 1552 3621 1606 anima:

2040 1639 2186 1695 fetus
2207 1640 2566 1711 cogitationes
2592 1643 2811 1711 quidem
2838 1658 2963 1699 esse
3000 1644 3143 1700 ﬁlios
3161 1683 3176 1710 ,
3206 1660 3373 1715 opera
3406 1660 3536 1700 vero
3566 1653 3621 1698 et

2042 1739 2198 1787 actus
2245 1731 2342 1801 qui
2396 1746 2628 1801 corpore
2679 1732 2836 1797 fiunt,
2870 1750 2994 1790 esse
3015 1736 3174 1792 ﬁlias.
3201 1736 3470 1803 Quoniam
3513 1738 3607 1808 igi-

2041 1832 2131 1879 tur
2153 1832 2283 1879 sunt
2316 1823 2677 1897 cogitationes
2705 1841 2885 1895 prava:
2909 1826 3099 1896 quales
3126 1827 3278 1882 fuere
3309 1829 3616 1899 gentilium,

345 1919 476 1980 uio't,
508 1919 577 1971 τά
605 1919 663 1972 δὲ
693 1916 831 1989 ἔργα
861 1918 959 1971 καὶ
996 1917 1053 1970 αἱ
1087 1914 1316 1988 πράξεις
1348 1915 1522 1970 αἰδιά
1550 1914 1642 1969 τοῦ
1683 1913 1922 1987 σώματος

2039 1924 2167 1971 sunt
2195 1914 2322 1971 item
2360 1931 2527 1986 opera
2558 1932 2754 1987 prava:
2776 1916 2897 1972 ideo
2921 1916 3018 1972 ﬁlii
3043 1928 3098 1973 et
3124 1917 3247 1973 ﬁliae
3274 1935 3616 1975 consumun-

343 2007 661 2080 θυγατέρες.
729 2009 883 2063 Ἐπεὶ
929 2005 1025 2063 οὖν
1070 2009 1197 2063 ἐστῖ
1215 2025 1333 2062 τινα
1369 2008 1618 2079 νοήματα
1649 2006 1928 2079 μοχθηρὰ,

342 2097 506 2151 ὁποῖα
545 2098 771 2170 ἐνόησαν
805 2099 854 2153 oi
898 2100 1007 2154 ἀπὸ
1050 2099 1159 2154 τῶν
1190 2099 1388 2154 ἐθνῶν·
1423 2100 1538 2154 ἔστι
1569 2100 1628 2153 δὲ
1671 2099 1765 2155 καὶ
1793 2099 1931 2171 ἔργα

348 2187 624 2260 μοχθηρά·
659 2187 748 2243 διὰ
770 2189 926 2243 τοῦτο
949 2189 1057 2244 uisi.
1083 2190 1186 2243 καὶ.
1217 2189 1517 2263 θυγατέρες
1545 2187 1928 2242 ἀναλίσκονται

2039 2009 2128 2056 tur
2158 2001 2227 2057 ab
2251 2003 2568 2060 auctoribus
2598 2004 2739 2072 suis,
2761 2005 2809 2059 si
2837 2019 2934 2062 eos
2964 2013 3311 2076 peccatorum
3340 2008 3615 2078 puduerit.

2036 2094 2195 2150 Absit
2231 2104 2411 2151 autem
2442 2111 2475 2151 a
2506 2097 2662 2153 nobis
2704 2106 2765 2153 ut
2806 2112 3160 2168 procreemus
3204 2100 3343 2157 ﬁlios
3384 2108 3441 2155 et
3476 2100 3618 2156 ﬁlias

2035 2199 2173 2255 quas
2199 2185 2448 2241 consumi
2479 2202 2617 2256 opus
2643 2187 2714 2243 sit
2740 2204 2771 2243 ιι
2794 2186 3136 2244 confusione.

341 2277 449 2332 ὑπὸ
479 2277 588 2332 τῶν
616 2280 1013 2351 πεποιηκότων,
1044 2281 1140 2335 ὲάν
1172 2279 1400 2353 αἰσχύνη
1432 2280 1616 2344 αὐτοῖς
1641 2280 1932 2351 ἐγγένηται
1969 2276 2097 2350 περὶ
2118 2275 2228 2330 τῶν
2253 2266 2675 2350 ἡμαρτημένων.
2715 2278 2893 2351 Ἦμᾶς
2942 2278 3001 2333 δὲ
3045 2279 3213 2352 ἀπείη
3243 2282 3416 2336 ποιεῖν
3465 2280 3616 2348 υἰοὺς

336 2367 432 2421 καὶ
480 2367 784 2443 θυγατέρας
823 2369 1109 2443 δεομένους
1160 2371 1484 2437 ἀναλώσεως
1524 2373 1625 2444 τῆς
1673 2373 1781 2427 ἀπὸ
1823 2372 1923 2442 τῆς
1959 2367 2242 2440 αἰσχύνης.

402 2463 559 2518 Μετὰ
587 2464 763 2520 ταῦτα
792 2465 1043 2535 λέγουσιν
1072 2459 1220 2523 οὗτοι
1248 2470 1296 2522 οἰ
1324 2466 1807 2540 ἐξομολογούμενοι
1830 2466 1924 2520 τό’

343 2552 783 2627 Ἕκοιμήθημεν
838 2559 909 2613 ἐν
962 2559 1038 2628 τῇ
1083 2560 1351 2629 αἰσχύνῃ
1385 2559 1588 2629 ἡμῶν·
1644 2560 1740 2614 καὶ
1791 2559 1930 2631 μετά

327 2644 488 2700 τοῦτό
550 2664 716 2717 φασι·
780 2650 891 2703 Καί
950 2648 1350 2719 ἐπεκάλυψεν
1413 2647 1573 2719 ἡμᾶς
1634 2651 1674 2719 ἡ
1727 2651 1932 2720 ἀτιμία

327 2736 518 2806 ἡμῶν.
528 2737 605 2809 (4)
623 2740 760 2811 Περὶ
770 2738 865 2794 τοῦ
878 2740 1016 2793 καλύ
1025 2759 1065 2812 μ
1071 2758 1238 2812 ματος
1265 2739 1525 2805 πολλάκις
1541 2743 1673 2813 ἡμῖν
1689 2741 1902 2813 εἴρηται
1911 2772 1927 2800 ν

326 2827 424 2881 τοῦ
471 2828 825 2899 ἐπικειμένου
865 2830 944 2901 τῷ
984 2828 1264 2902 προσώπῳ
1308 2830 1416 2885 τῶν
1452 2833 1526 2903 μὴ
1568 2832 1928 2904 ἐπιστρεφόν-

327 2936 441 2972 των
471 2919 611 2991 πρὸς
631 2920 859 2993 Κύριον.
891 2924 969 2976 Δι’
994 2923 1022 2977 ὃ
1045 2922 1331 2995 κάλυμμα,
1360 2924 1455 2978 ἐὰν
1481 2922 1923 2994 ἀναγινώσκηται

2105 2462 2164 2519 8.
2202 2463 2335 2520 Post
2376 2464 2495 2521 haec
2524 2465 2678 2522 aiunt
2714 2465 2810 2537 qui
2846 2467 3175 2523 conﬁtentur
3195 2486 3217 2523 ι
3251 2465 3612 2523 Dormiuimm

2034 2555 2087 2609 in
2111 2556 2416 2619 confusione
2465 2567 2682 2621 nostra;
2716 2558 2915 2627 quibus
2940 2559 3187 2615 addunt:
3236 2557 3306 2612 Et
3344 2561 3612 2628 cooperuit

2035 2662 2129 2700 nos
2161 2648 2453 2717 ignominia
2491 2656 2674 2702 nostra
2707 2648 2746 2703 ί.
2784 2647 2938 2717 Saepe
2990 2648 3151 2704 nobis
3190 2665 3372 2705 sermo
3412 2649 3513 2704 fuit
3546 2652 3613 2705 du

2035 2737 2306 2793 velamine
2336 2739 2485 2808 quod
2514 2739 2721 2810 obtegit
2749 2738 2939 2795 faciem
2963 2756 3151 2795 eorum
3175 2741 3269 2809 qui
3295 2756 3400 2796 non
3432 2758 3615 2798 rever-

2035 2838 2229 2883 tuntur
2275 2829 2342 2885 ad
2372 2830 2689 2885 Dominum.
2723 2829 2952 2901 Propter
2986 2832 3132 2902 quod
3160 2833 3427 2900 velamen,
3450 2835 3497 2888 si
3530 2834 3607 2888 le-

2033 2929 2194 2991 gatur
2226 2918 2460 2992 Moyses.
2494 2930 2751 2990 peccator
2778 2937 2887 2976 non
2923 2921 3173 2994 intelligit
3213 2923 3413 2993 ipsum.
3451 2922 3610 2979 Vela-

331 3010 595 3081 Μωῦσῆς.
632 3014 662 3066 ό
693 3012 1014 3084 ἁμαρτωλὸς
1045 3014 1107 3067 ού
1146 3018 1256 3068 νοεῖ
1280 3015 1461 3069 αὐτόν.
1505 3015 1785 3086 Κάλυμμα
1803 3014 1915 3088 γὰρ

2029 3027 2154 3070 men
2178 3016 2322 3070 enim
2347 3015 2498 3071 cordi
2521 3015 2837 3085 impositum
2879 3016 3059 3081 habet,
3082 3030 3300 3086 propior
3331 3016 3477 3087 quod
3511 3033 3606 3072 ve-

331 3102 412 3166 εῖς
425 3102 524 3174 τὴν
540 3105 764 3176 καρδίαν
779 3105 943 3159 αὐτοῦ
964 3109 1161 3161 κεῖται.
1181 3106 1299 3159 Δι’ὃ
1322 3108 1604 3179 κάλυμμα,
1624 3108 1718 3161 ἐὰν
1729 3109 1922 3177 ἀναγι-

2028 3107 2233 3169 lamen,
2263 3106 2310 3162 si
2343 3107 2554 3178 legatur
2588 3106 2755 3162 Vetus
2801 3106 3213 3162 Testamentum
3240 3149 3256 3176 ,
3311 3111 3407 3180 qui
3456 3111 3608 3165 audit

330 3190 605 3265 νώσκηται
651 3198 683 3267 ἠ
710 3195 938 3251 Παλαιὰ
953 3197 1219 3270 Διαθήκη,
1240 3199 1300 3251 ού
1326 3200 1545 3270 συνήσει
1580 3199 1657 3270 (5)
1681 3198 1912 3253 ἀκούων.

2028 3216 2137 3256 non
2172 3200 2453 3269 intelliget.
2478 3201 2712 3271 Propter
2742 3200 2886 3270 quod
2918 3200 3186 3268 velamen,
3237 3202 3416 3271 ipsum
3462 3218 3605 3272 quo-

327 3285 407 3338 Δι’
427 3284 456 3338 ὃ
485 3287 748 3359 κάλυμμα
780 3290 873 3344 καὶ
904 3289 965 3343 τὸ
1010 3291 1342 3361 Εὑαγγέλιον
1371 3294 1484 3356 τοῖς
1522 3291 1917 3363 ἀπολλυμένοις

2024 3308 2130 3361 que
2162 3292 2515 3362 Evangelium
2551 3293 2619 3348 iis
2663 3292 2759 3362 qui
2793 3302 3022 3362 pereunt
3062 3303 3147 3348 est
3197 3294 3599 3349 absconditum.

327 3377 445 3431 ἐστὶ
488 3379 920 3450 κεκαλυμμένον.
974 3382 1264 3452 Ἐλέγομεν
1300 3382 1478 3437 τοίνυν
1522 3382 1652 3454 περί
1684 3382 1778 3437 τοῦ
1811 3401 1916 3437 κα-

2024 3384 2344 3441 Dicebamus
2376 3385 2557 3456 itaque
2582 3386 2650 3439 de
2683 3385 2950 3440 velamine
2976 3385 3029 3440 id
3050 3400 3172 3440 esse
3196 3385 3597 3442 confusionem.

324 3468 627 3540 λύμματος,
652 3473 734 3525 ὅτι
760 3474 793 3543 ἡ
815 3473 1043 3545 αἰσχύνη
1071 3475 1190 3527 ἐστὶ
1212 3474 1275 3528 τὸ
1305 3475 1587 3546 κάλυμμα.
1615 3476 1781 3530 Ὅσον
1806 3474 1916 3549 γὰρ

326 3558 520 3631 ἔχομεν
551 3560 625 3616 τὰ
660 3562 799 3634 ἔργα
837 3564 935 3633 τῆς
977 3564 1261 3638 αἰσχύνης,
1294 3565 1451 3638 δῆλον
1491 3566 1575 3619 ὅτι
1619 3565 1815 3638 ἔχομεν
1854 3567 1914 3620 τὸ

325 3651 609 3725 κάιλυμμα,
633 3654 776 3709 κατά
804 3656 864 3709 τὸ
888 3656 1176 3728 εἰρημένον
1201 3675 1305 3711 που
1328 3660 1386 3712 ὲν
1418 3665 1469 3730 μ’
1491 3659 1587 3712 καὶ
1604 3666 1652 3728 γ’
1681 3659 1910 3732 ψαλμῷ*

323 3744 433 3797 Καὶ
465 3747 503 3813 ἡ
544 3747 807 3815 αἰσχύνη
849 3748 955 3803 τοῦ
993 3748 1316 3817 προσώπου
1352 3768 1472 3820 μου
1514 3750 1788 3820 ἐκάλυψέ
1813 3769 1910 3822 με.

324 3834 680 3907 Παρεθέμην,
723 3838 805 3891 ὅτι
836 3840 864 3891 ὀ
895 3841 969 3912 μὴ
1001 3839 1141 3911 ἔχων
1176 3840 1436 3913 αἰσχύνης
1467 3841 1639 3914 ἔργα,
1670 3842 1772 3896 οὐκ
1801 3842 1913 3914 ἔχει

323 3927 591 4000 κάλυμμα
610 3945 624 3959 ·
671 3930 854 3994 ὁποῖος
886 3927 955 4002 ἦν
1001 3933 1031 3986 ό
1067 3932 1279 3997 Παῦλος
1330 3933 1537 4002 λέγων·
1595 3934 1795 4003 Ἡμεῖς
1845 3932 1917 3987 δὲ

325 4018 548 4087 πάντες
602 4022 1154 4097 ἀνακεκαλυμμένῳ
1209 4023 1511 4094 προσώπῳ
1564 4024 1677 4094 τὴν
1725 4025 1915 4090 δόξαν

318 4115 544 4181 Κυρίου
584 4114 1104 4187 κατοπτριζόμεθα.
1120 4119 1332 4183 Παῦλος
1344 4116 1439 4173 οὖν
1450 4120 1759 4174 ἀνακεκαλυ
1766 4119 1911 4193 μμέ-

322 4221 417 4284 νον
443 4205 557 4278 ἔχει
582 4209 645 4261 τὸ
671 4209 963 4281 πρόσωπον
981 4226 995 4240 ·
1018 4211 1079 4264 οὐ
1103 4211 1213 4281 γὰρ
1233 4209 1345 4281 ἔχει
1363 4209 1627 4282 αἰσχύνης
1656 4211 1810 4283 ἔργα.
1831 4212 1908 4284 (6)

333 4276 419 4356 Ὠς
442 4290 535 4348 οὖν
560 4297 704 4350 ἐκεῖ’
747 4298 817 4352 Ἦ
846 4300 1112 4367 αἰσχύνη
1145 4299 1251 4354 τοῦ
1278 4299 1604 4368 προσώπου
1625 4319 1746 4369 μου
1769 4300 1909 4356 ἐκά-

316 4383 484 4452 λυψέ
518 4403 618 4455 με.
665 4388 883 4460 εἴρηται
928 4392 988 4442 ὲν
1044 4396 1095 4461 μ’
1130 4390 1226 4444 καὶ
1262 4397 1311 4459 γ’
1347 4389 1584 4462 ψαλμῷι
1605 4392 1696 4444 τὸν
1745 4392 1919 4447 αὐτὸν

315 4475 518 4547 τρόπον
558 4478 773 4550 εἴρηται
799 4479 985 4534 ἐνθάδε
1005 4497 1019 4511 ⁶
1065 4480 1409 4550 Ἐκὰλυψεν
1440 4480 1599 4551 ἡμᾶς
1629 4483 1674 4551 ἡ
1706 4484 1910 4553 ἀτιμία

2019 3476 2271 3544 Quandiu
2301 3478 2449 3533 enim
2475 3477 2742 3531 habemus
2772 3491 2936 3545 Opera
2962 3475 3303 3533 confusionis
3322 3520 3337 3544 ,
3366 3477 3599 3532 manife-

2018 3576 2164 3623 stum
2218 3576 2304 3623 est
2361 3582 2464 3623 nos
2541 3567 2742 3622 habere
2783 3568 3049 3631 velamen,
3111 3568 3408 3623 secundum
3466 3569 3598 3624 illud

2016 3659 2213 3729 psalmi
2242 3657 2657 3729 quadragesimi.
2681 3657 2822 3711 tertii
2864 3674 2877 3710 :
2915 3656 2985 3711 Et
3011 3658 3250 3726 confusio
3284 3660 3441 3727 faciei
3468 3677 3597 3715 mete

2016 3751 2222 3821 operuit
2250 3765 2330 3802 me
2356 3751 2397 3803 ³.
2420 3749 2607 3816 Adjeci
2641 3750 2793 3802 illum
2819 3749 2919 3817 qui
2937 3765 3045 3803 non
3079 3749 3240 3804 habet
3272 3767 3437 3821 opera
3466 3768 3598 3809 con-

2017 3840 2272 3906 fusionis,
2298 3855 2407 3895 non
2436 3840 2634 3894 habere
2662 3840 2938 3903 velamen;
2968 3839 3274 3907 cuiusmodi
3307 3841 3466 3916 154.
3481 3854 3598 3898 erat

2014 3930 2218 3984 Paulus
2231 3929 2417 3983 dicens
2433 3947 2449 3982 :
2468 3927 2581 3982 Nos
2597 3938 2770 3982 autem
2787 3945 2961 3983 omnes
2978 3928 3201 3984 revelata
3223 3930 3359 4000 facie
3372 3934 3424 4002 gl
3430 3935 3597 3986 oriant

2015 4021 2230 4077 Domini
2252 4020 2588 4091 speculamur
2615 4021 2656 4077 ³.
2692 4021 2896 4077 Paulus
2934 4022 3118 4092 itaque
3164 4025 3457 4079 revelatam
3496 4025 3595 4080 ha-

2013 4116 2106 4170 bet
2148 4113 2340 4171 facicm
2378 4132 2392 4169 :
2429 4130 2538 4168 non
2589 4115 2733 4169 enim
2793 4115 2957 4170 habet
3013 4130 3179 4185 opera
3233 4117 3589 4173 confusionis.

2013 4205 2484 4272 Quemadmodum
2523 4205 2691 4274 igitur
2723 4207 2778 4259 in
2808 4205 3229 4275 quadragesimo
3262 4209 3422 4263 tertio
3448 4210 3595 4277 psal-

2013 4313 2104 4352 mo
2136 4297 2342 4352 dictum
2375 4304 2498 4351 est:
2531 4296 2786 4365 Confusio
2810 4297 3113 4365 fdcieimece
3135 4300 3337 4366 operuit
3367 4316 3488 4364 ine;
3520 4302 3591 4354 ita

2010 4391 2176 4444 etiam
2209 4389 2297 4444 hic
2325 4389 2531 4443 dictum
2571 4397 2688 4443 est:
2722 4386 3005 4457 Coeperuit
3040 4405 3134 4444 nos
3170 4391 3463 4461 ignominia
3498 4411 3592 4447 no-

2010 4492 2144 4537 stra.
2186 4479 2326 4534 Dum
2370 4479 2682 4550 ignominiae
2722 4479 2982 4548 operibus
3023 4478 3413 4545 incumbimus,
3443 4479 3593 4536 vela-

315 4566 507 4637 ἡμῶν.
541 4570 618 4641 (7)
643 4572 807 4626 Ὅσον
840 4573 1065 4643 ἀτιμίας
1081 4572 1218 4643 ἔργα
1245 4572 1617 4646 ἐργαζόμεθα,
1641 4575 1904 4647 κάλυμμα

2024 4589 2135 4629 .nen
2165 4573 2220 4627 in
2258 4573 2423 4628 corde
2448 4580 2636 4626 nostro
2663 4571 2901 4641 positum
2928 4572 3214 4629 habemus.
3249 4573 3306 4629 Si
3334 4574 3590 4632 volumus

315 4665 515 4731 ἔχομεν
543 4663 637 4717 ἐπὶ
684 4665 785 4734 τὴν
819 4664 1043 4736 καρδίαν
1075 4664 1231 4736 ήμῶν
1265 4666 1536 4737 κείμενον.
1568 4669 1632 4720 Εἰ
1679 4667 1906 4739 θέλομεν

311 4750 383 4804 τὸ
417 4752 682 4825 κάλυμμα
722 4754 785 4808 τὸ
822 4755 931 4808 ἀπὸ
957 4756 1056 4827 τῆς
1086 4757 1308 4828 ἀτιμίας
1351 4758 1671 4824 ἀποθέσθαι,
1711 4761 1804 4813 ἐπὶ
1835 4761 1907 4816 τά

312 4842 417 4913 τῆς
449 4845 614 4918 τιμῆς
639 4844 779 4916 ἔργα
810 4849 1260 4918 καταντήσωμεν,
1290 4848 1384 4902 καὶ
1412 4851 1697 4921 νοήσωμεν
1727 4853 1905 4906 ἐκεῖνο

310 4937 377 4989 τὸ
419 4937 526 4991 ὑπὸ
561 4936 657 4992 τοῦ
697 4939 951 5012 Σωτῆρος
999 4940 1319 5012 εἰρημένον·
1376 4941 1511 4994 Ἵνα
1549 4944 1773 5009 πάντες
1819 4960 1905 4998 τι-

308 5022 467 5094 μῶσι
493 5023 601 5080 τὸν
626 5026 783 5093 υἱὸν,
811 5027 1007 5095 καθὼς
1033 5027 1246 5098 τιμῶσι
1278 5027 1384 5081 τὸν
1408 5030 1654 5099 πατέρα’
1690 5033 1905 5104 νοήσω-

312 5131 418 5187 μεν
449 5117 546 5170 καὶ
575 5119 637 5172 τὸ
670 5118 821 5191 παρά
849 5118 928 5191 τῷ
965 5118 1273 5190 Ἀποστόλῳ
1297 5120 1618 5191 εἰρημένον⁸
1649 5123 1754 5178 Διὰ
1792 5121 1904 5196 τῆς

309 5204 706 5274 παραϐάσεως
757 5206 864 5261 τοῦ
901 5211 1088 5278 νόμου
1121 5206 1230 5261 τὸν
1268 5206 1417 5262 Θεὸν
1466 5210 1778 5281 ἀτιμάζεις.
1840 5214 1900 5266 ’0

303 5296 521 5362 δίκαιος
561 5298 637 5364 ὡς
667 5301 803 5373 τιμᾷ
835 5301 927 5355 τὸν
961 5302 1193 5375 πατέρα,
1225 5303 1360 5373 τιμᾷ
1390 5301 1482 5356 τὸν
1509 5303 1645 5356 υἱόν.
1686 5304 1751 5357 Ἡ
1784 5304 1904 5357 ἀτι-

306 5388 435 5461 μία,
470 5392 596 5446 ὅταν
630 5393 883 5466 ἀτιμάζω
921 5394 1011 5450 τὸν
1041 5397 1177 5463 υἱὸν,
1223 5398 1361 5470 αὑτὴ
1396 5399 1520 5453 καθ’
1553 5399 1621 5472 ἢν
1649 5398 1901 5471 ἀτιμάζω

2007 4666 2255 4721 velamen
2280 4663 2427 4734 quod
2449 4663 2510 4718 ﬁt
2537 4678 2606 4719 ex
2629 4664 2956 4734 ignominia,
2986 4664 3278 4734 deponere,
3317 4666 3386 4721 ad
3414 4667 3589 4724 bono-

2009 4758 2086 4811 ris
2115 4770 2282 4826 Opera
2308 4755 2733 4824 contendamus,
2772 4757 3017 4827 illudque
3060 4757 3361 4813 Salvatoris
3412 4759 3587 4814 nostri

2007 4849 2223 4904 dictum
2242 4847 2640 4918 intelligamus:
2686 4847 2754 4903 Ut
2775 4865 2952 4904 omnes
2980 4851 3325 4919 honoriﬁcam
3356 4849 3583 4918 Filium,

2005 4937 2146 4988 sicut
2164 4934 2518 5004 honoriﬁcam
2554 4934 2771 4991 Patrem
2810 4936 2865 5002 ‘;
2907 4953 3119 4993 necnon
3155 4947 3211 4994 ct
3260 4939 3393 4994 illud
3439 4942 3587 5010 Apo-

2008 5026 2166 5082 stoli:
2210 5025 2319 5080 Per
2346 5028 2839 5096 prmuaricationem
2875 5028 3004 5098 legis
3033 5029 3197 5084 Deum
3230 5030 3515 5086 inhonorus
3540 5032 3609 5083 "n

2002 5114 2192 5172 Iustus
2226 5118 2369 5173 sicut
2396 5117 2631 5173 honorat
2649 5117 2888 5183 Patrem,
2915 5120 3149 5176 honorat
3182 5120 3588 5195 Filium..lgnoo

2007 5211 2195 5273 minia,
2229 5211 2451 5281 quando
2487 5210 2761 5265 inhonoro
2788 5209 3010 5279 Filium,
3042 5214 3232 5268 eadem
3273 5228 3380 5280 qua
3428 5212 3585 5265 inho—

2007 5316 2142 5356 noro
2173 5299 2413 5365 Patrem,
2436 5299 2684 5356 velamen
2712 5300 2769 5355 ﬁt
2798 5299 2961 5356 faciei
2994 5317 3146 5367 meae,
3172 5310 3227 5355 et
3258 5301 3413 5355 dico:
3448 5298 3587 5355 Coa-

2003 5396 2178 5467 peruit
2203 5412 2297 5451 nos
2326 5395 2640 5466 ignominia.
2674 5393 3021 5465 Quapropter
3051 5404 3406 5466 agnoscentes
3433 5393 3579 5450 vela-

384 5508 403 5540 ¹
434 5507 639 5567 Jerem.
672 5526 757 5575 ut,
787 5511 879 5568 25.
957 5513 979 5544 ³
1007 5511 1210 5569 Psalm.
1248 5529 1401 5580 nili,
1444 5514 1534 5572 16.
1608 5515 1632 5548 ³
1663 5514 1705 5570 ll
1744 5515 1876 5572 Cor.
1911 5530 1922 5571 ι

2029 5513 2110 5569 l8.
2192 5513 2216 5546 δ
2245 5511 2405 5569 Joan.
2448 5528 2515 5578 ι’,
2548 5513 2641 5568 25.
2730 5513 2753 5544 ⁵
2790 5511 2952 5565 Rom.
2986 5526 3049 5576 ll,
3074 5510 3164 5566 25.

410 5604 462 5679 ξ)
495 5604 634 5679 qod.
668 5605 921 5679 Scorial.,
954 5610 1433 5679 ωγκατηνάλωσε.

407 5676 464 5745 ‘2)
672 5674 928 5754 Sgorial.,
960 5674 1080 5754 ἦτοι
1108 5674 1295 5754 καλῶς
1337 5682 1373 5754 ἢ
1398 5679 1616 5754 κακῶς,
1627 5683 1700 5754 εἰ
1708 5697 1773 5751 γε
1809 5680 1893 5736 δεῖ

307 5744 492 5824 λέγειν
509 5746 576 5824 τὸ
601 5746 790 5824 κακῶς
813 5744 919 5824 in}.
933 5744 1029 5824 τοῦ
1051 5744 1422 5824 γεωργοῦντος
1445 5753 1479 5824 ᾗ
1510 5744 1710 5816 καλῶς.

502 5816 637 5894 god.
667 5816 821 5894 Eat”
845 5819 900 5894 οἰ
931 5818 1040 5894 τῷν
1064 5814 1322 5894 στατέρων
1351 5814 1477 5894 uici:

385 5885 461 5957 ιι)
500 5889 633 5945 Cod.
667 5886 814 5954 ναι,
840 5889 1168 5961 ἐπεκάλυψε,
1203 5885 1388 5963 ῲησίν,
1418 5893 1451 5965 ή
1484 5890 1675 5963 ἀτιμία
1708 5890 1886 5964 ἡμῶν.

2072 5608 2151 5680 (5)
2172 5594 2329 5680 ‘Qod.
2358 5607 2622 5680 _S_cerial.,
2651 5607 2713 5680 ού
2750 5606 3023 5680 συνήσεις.

2070 5670 2148 5749 (6)
2187 5677 2325 5749 God.
2358 5674 2477 5749 vat.
2511 5685 2636 5749 post
2672 5675 2809 5749 ἔργα
2836 5670 3020 5749 addit:
3057 5672 3115 5738 ὃς
3147 5673 3223 5745 μὴ
3262 5670 3338 5736 ὡς
3369 5671 3585 5734 Παῦλος

1998 5743 2525 5822 ἀνάξξεκαλυμμεένον
2544 5743 2750 5822 ἔχειιτὸ
2772 5743 3087 5822 πρόσωπον.
3211 5743 3252 5822 ‘_
3324 5815 3338 5822 _
3399 5813 3413 5822 _
3536 5808 3548 5822 ο

2071 5819 2149 5900 (_7)
2189 5811 2331 5876 Cod;
2363 5811 2504 5872 'Vat.
2531 5811 2832 5887 ,Ἑκάλυψε
2850 5854 2865 5882 ,
2905 5816 3098 5887 φησὶν,
3135 5811 3284 5887 ἡμᾶς
3314 5815 3351 5889 η
3388 5811 3588 5880 ἀτιμία

1999 5890 2032 5962 ἡ
2039 5890 2177 5960 μῶν.
