4130 6466
500 410 605 468 5θῖ

1964 408 2291 467 ORICENIS

3670 402 3782 459 508

506 545 628 581 men
652 528 798 597 quod
827 544 991 599 opera
1016 528 1357 585 confusionis
1385 528 1706 598 imponunt,
1747 528 1818 583 ab
1847 528 2075 600 ignomi-

2183 524 2273 579 τδν
2298 521 2540 592 πατέρα,
2567 520 2929 591 ἐπικάλυμμα
2954 518 3163 588 γίνεται
3198 519 3292 575 τοῦ
3330 517 3622 593 προσώπου
3651 537 3778 590 μου,

504 620 608 674 uiue
643 621 855 675 actibus
886 622 1201 677 auferamus
1221 622 1492 676 velamen.
1518 620 1575 675 ln
1610 632 1795 677 nostra
1822 632 1905 677 est
1930 631 2084 692 pote-

500 719 644 768 state
676 713 865 768 tollere
897 714 1165 779 velamen,
1209 714 1412 768 nullius
1446 713 1693 768 alterius.
1755 712 1897 766 Dum
1943 715 2085 767 enim

500 803 574 858 ad
600 805 882 858 Dominum
915 804 1122 876 Moyses
1144 806 1501 861 revertebatur
1523 846 1539 868 ,
1583 805 1927 876 auferebatur
1949 805 2087 860 reta-

501 909 619 947 meu
650 894 691 949 ⁸.
723 894 915 949 Viden'
946 904 1007 950 ut
1037 895 1252 968 Moyses
1298 897 1630 967 quandoque
1682 905 1933 951 sumatur
1985 911 2082 966 pro

497 984 734 1055 populo?
775 983 912 1038 Dum
954 1000 1065 1040 non
1110 986 1491 1041 revertebatur
1535 986 1603 1040 ad
1643 983 1956 1049 Dominum,
1986 999 2086 1054 po-

498 1077 607 1146 puli
655 1078 722 1132 ad
753 1076 1044 1133 Dominum
1091 1093 1205 1133 non
1250 1078 1578 1133 revertentis
1610 1077 1839 1147 ﬁguram
1864 1091 2081 1147 gerens,

495 1161 745 1219 velamen
790 1164 983 1218 habuit
1023 1164 1263 1233 positum
1311 1179 1477 1234 super
1507 1163 1705 1219 faciem
1734 1177 2084 1226 suam;cum

494 1269 626 1309 vero
662 1252 738 1308 ad
789 1252 1083 1309 Dominum
1123 1255 1534 1319 revertebatur,
1580 1252 1972 1310 revertentium
2012 1252 2082 1306 ad

2187 615 2282 668 mi.
2308 613 2453 683 λέγω
2470 630 2486 643 ο
2505 610 2926 680 Ἐπεκάλυψεν
2941 611 3021 682 (l)
3039 608 3199 681 ἡμᾶς
3217 612 3256 677 ἠ
3274 611 3492 681 ἀτιμία.
3512 608 3611 663 Διὰ
3621 609 3783 665 τοῦτο

2184 709 2479 777 νοήσαντες
2506 705 2568 757 τὸ
2598 703 2891 774 κάλυμμα,
2920 703 2982 756 τὸ
3019 703 3370 775 ἐπικείμενον
3401 702 3511 757 ἀπὸ
3537 701 3646 755 τῶν
3679 701 3785 774 τῆς

2184 798 2450 870 αἰσχύνης
2485 797 2687 869 ἔργων,
2714 795 2826 850 άπὸ
2856 794 2966 849 τῶν
3005 794 3107 866 τῆς
3146 796 3367 867 ἀτιμίας
3398 794 3652 867 πράξεων
3677 812 3781 852 πι-

2191 888 2496 961 ριελὼμεθα
2539 888 2602 942 τὸ
2648 887 2933 959 κάλυμμα.
3003 888 3119 956 Ἐφ’
3163 889 3295 959 ἡμῖν
3337 889 3454 941 ἐστι
3497 904 3782 960 περιαιροο

2186 979 2342 1053 θῆναι
2371 980 2432 1035 τὸ
2458 979 2749 1051 κάλυμμα,
2783 978 2999 1044 οὐδενὸς
3026 978 3185 1035 άλλου
3211 978 3379 1033 ἐστίν.
3421 978 3635 1034 Ἠνίκιι
3667 978 3778 1049 γὰρ

2182 1073 2520 1142 ἐπέστρεψε
2564 1072 2715 1140 πρὸς
2757 1073 2979 1141 Κύριον
3021 1070 3307 1140 Μωῢσῆς,
3347 1069 3678 1139 περιῃρεῖτο
3708 1069 3779 1125 τὸ

2183 1165 2485 1236 κάλυμμα.
2515 1164 2677 1237 Ὁρᾷς
2708 1165 2785 1230 ὡς
2809 1165 3049 1237 Μωῦσῆς
3069 1181 3199 1218 ποτε
3233 1162 3309 1233 (2)
3327 1162 3668 1234 λαμϐάνεται
3680 1164 3781 1219 καὶ

2183 1260 2277 1314 ἐπὶ
2329 1258 2424 1312 τοῦ
2472 1258 2628 1313 λαοῦ.
2684 1259 2848 1312 Ὅσον
2894 1258 2996 1311 οὒκ
3034 1257 3340 1329 ἐπέστρεφε
3379 1257 3517 1330 πρὸς
3548 1254 3776 1326 Κύριον,

492 1339 790 1398 Dominum
830 1353 1018 1415 typum
1061 1358 1294 1415 gerens,
1327 1353 1458 1399 tunc
1503 1343 1758 1399 demebat
1809 1342 2075 1405 velamen,

2184 1346 2452 1418 σύμϐολον
2483 1346 2560 1401 ὣν
2598 1346 2694 1401 τοῦ
2724 1346 2857 1401 λαοῦ
2878 1348 2956 1418 (5)
2979 1347 3073 1401 τοῦ
3094 1346 3172 1418 μὴ
3185 1344 3601 1418 ἐπιστρέφοντος
3640 1344 3776 1418 πρὸς

496 1433 659 1506 idque
686 1450 792 1491 non
817 1436 981 1506 quale
1010 1434 1154 1491 Deus
1178 1436 1228 1491 ei
1260 1445 1613 1507 praeceperat.
1637 1435 1757 1491 Non
1779 1434 1928 1491 enim
1943 1434 2075 1490 dixit

2181 1436 2408 1509 Κύριον,
2442 1437 2710 1509 κάλυμμα
2742 1432 2888 1509 εἶχεν
2926 1438 3273 1508 ἐπικείμενον
3305 1434 3473 1490 αὑτοῦ
3501 1435 3579 1506 τῷ
3607 1451 3778 1509 προσ-

491 1525 759 1583 1).›ιιιίιιιιε
785 1527 955 1601 Moysi
993 1548 1007 1583 :
1057 1529 1281 1599 Appone
1324 1528 1601 1595 velamen,
1640 1529 1735 1583 sed
1769 1542 1895 1583 cum
1932 1526 2075 1583 vide-

2176 1527 2347 1598 ώπῳ·
2383 1527 2474 1582 ὅτε
2506 1526 2564 1582 δὲ
2609 1527 2915 1599 ἐπέστρεφε
2947 1526 3087 1597 πρὸς
3116 1525 3345 1598 Κύριον,
3385 1523 3655 1596 σύμϐολον
3685 1541 3778 1594 γι-

494 1626 577 1674 ret
612 1617 828 1691 Moyses
854 1635 963 1675 non
1000 1634 1164 1690 posse
1189 1618 1454 1689 populum
1482 1618 1663 1674 videre
1683 1618 1912 1690 gloriam
1936 1617 2075 1687 ejus,

2182 1616 2406 1688 νόμενος
2432 1616 2541 1672 τῶν
2554 1618 2990 1690 ἐπιστρεφόντων
3007 1616 3144 1688 πρὸς
3160 1617 3388 1688 Κύριον,
3429 1615 3553 1668 τότε
3574 1614 3654 1685 (4)
3676 1630 3774 1668 πε-

491 1712 729 1779 ponebat
761 1712 1004 1767 velamen
1028 1727 1195 1782 super
1221 1711 1417 1767 faciem
1450 1727 1631 1776 suam,
1664 1726 1768 1767 nec
1791 1720 2075 1780 exspecta-

2186 1713 2427 1784 ριηρεϊτο
2447 1710 2510 1764 τὸ
2532 1710 2817 1782 κάλυμμα,
2835 1711 2930 1764 καὶ
2944 1710 3044 1781 οὐχ
3056 1704 3167 1765 οἷον
3192 1710 3221 1761 6
3242 1709 3375 1772 Θεὸς
3395 1708 3471 1779 (5)
3494 1706 3639 1778 αὐτῷ
3650 1708 3773 1762 ἐκέ-

494 1803 564 1856 vit
590 1802 759 1858 Deum
783 1805 1082 1858 dicentem:
1117 1803 1352 1859 Detrahe
1377 1803 1651 1865 velamen,
1693 1819 1819 1859 cum
1856 1804 1925 1858 ad
1971 1801 2075 1857 Do-

2181 1806 2327 1859 λευε.
2374 1805 2451 1859 Οὐ
2480 1804 2593 1877 γάρ
2614 1800 2764 1858 εἶπεν
2794 1806 2825 1859 6
2856 1804 3060 1876 Κύριος
3076 1802 3211 1874 πρὸς
3245 1800 3509 1871 Μωῦσῆνο
3542 1799 3775 1871 Περίοου

492 1896 699 1951 minum
723 1897 1118 1951 revertebatur.

2200 1898 2264 1952 τὸ
2287 1896 2554 1968 κάλυμμα
2573 1913 2591 1927 ο
2615 1896 2732 1951 ἀλλ’
2751 1895 2874 1951 ἰδὼν
2887 1896 3147 1967 Μωῦσῆς,
3176 1896 3258 1950 ὅτι
3280 1895 3341 1948 οὐ
3363 1893 3585 1947 δύναται
3607 1890 3776 1956 ὁλαδς

489 1991 618 2045 ἰδεῖν
647 1992 749 2065 τὴν
777 1991 941 2057 δόξαν
966 1991 1158 2057 αὐτοῦ,
1178 1991 1303 2045 τότε
1342 1990 1582 2044 ἐπετίθει
1604 1991 1666 2045 τὸ
1693 1990 1958 2062 κάλυμμα
1981 1992 2074 2045 ἐπὶ
2108 1993 2170 2046 τὸ
2211 1993 2524 2066 πρόσωπονο
2544 1992 2642 2047 καὶ
2667 1992 2730 2047 οὐ
2765 1993 3082 2067 περιέμεινε
3102 1990 3185 2063 (6)
3213 1989 3349 2043 Θεὸν
3383 1988 3443 2041 λέ
3456 2004 3637 2058 γοντα,
3668 1986 3779 2040 Πε-

489 2083 668 2156 ριελοῦ
710 2086 773 2139 τὸ
806 2086 1096 2157 κάλυμμα,
1146 2085 1310 2157 ἡνίκα
1343 2085 1413 2141 ἂν
1450 2086 1754 2158 ἐπέστρεψε
1794 2088 1932 2158 πρὸς
1964 2087 2189 2160 Κύριον.

559 2180 614 2235 9.
649 2179 763 2237 Hoc
783 2182 968 2253 itaque
985 2182 1251 2250 scriptum
1280 2188 1365 2235 est
1390 2190 1450 2237 ut
1477 2190 1539 2253 tu
1557 2195 1799 2252 quoque,
1820 2200 1945 2239 cum
1975 2184 2075 2239 im-

2253 2191 2425 2245 Τοῦτο
2473 2186 2569 2246 οὖν
2614 2190 2963 2260 γέγραπται,
3004 2184 3094 2237 ἵνα
3135 2180 3233 2237 καὶ
3286 2181 3350 2234 σὺ
3399 2178 3461 2232 τὺ
3510 2176 3778 2248 κάλυμμα

485 2278 741 2343 posueris
790 2275 1041 2329 velamen
1093 2272 1251 2327 faciei
1286 2280 1395 2328 tua:
1431 2287 1526 2343 per
1563 2288 1728 2342 opera
1764 2275 2075 2345 ignominia:

2179 2283 2446 2349 ἐπιτιθείς
2485 2301 2579 2338 σου
2606 2281 2690 2353 τῷ
2717 2277 2996 2352 προσώπῳ
3021 2275 3110 2328 διὰ
3132 2274 3244 2329 τῶν
3274 2272 3376 2343 τῆς
3405 2270 3651 2342 ἀτιμίας,
3678 2268 3775 2324 καὶ

484 2376 542 2421 et
572 2366 952 2433 confusionis,
1005 2367 1059 2421 id
1093 2367 1339 2424 velamen
1376 2383 1539 2423 cures
1575 2366 1957 2421 auferendum.
2016 2366 2075 2423 Si

2176 2375 2284 2430 τῶν
2327 2376 2428 2447 τῆς
2461 2374 2724 2445 αἰσχύνης
2762 2372 2971 2442 ἔργων,
3010 2368 3174 2431 αὐτὸς
3206 2365 3418 2438 ἐργάσῃ
3449 2364 3544 2417 καὶ
3582 2362 3644 2416 τὺ
3676 2376 3774 2416 περ

485 2470 789 2511 conversus
846 2454 1015 2511 fueris
1072 2456 1141 2510 ad
1199 2456 1522 2521 Dominum,
1563 2465 1696 2510 tunc
1733 2454 1951 2511 auferes
1981 2472 2074 2512 ve-

486 2549 699 2610 lamen,
750 2562 861 2603 nec.
913 2549 1151 2618 amplius
1203 2549 1387 2605 dices:
1433 2548 1720 2618 Cooperuit
1763 2565 1857 2603 nos
1924 2550 2077 2620 igno-

486 2640 652 2693 minia
674 2649 883 2695 nostra.
916 2639 1079 2695 Verbi
1113 2642 1317 2712 gratia,
1365 2643 1410 2696 si
1448 2646 1501 2695 in
1534 2643 1719 2697 anima
1767 2650 1957 2698 nostra
1993 2642 2075 2698 ira

490 2732 756 2786 adversus
787 2734 1099 2802 quempiam
1133 2732 1418 2797 insederit,
1454 2733 1774 2802 impositum
1809 2742 1896 2788 est
1920 2733 2075 2788 vela-

479 2835 606 2876 men
638 2836 805 2892 super
836 2821 1034 2877 faciem
1062 2830 1335 2877 nostram.
1380 2822 1509 2877 Ideo
1536 2823 1585 2879 si
1622 2823 1879 2878 volumus
1911 2838 2077 2877 oran-

490 2926 564 2967 tes
582 2913 799 2967 dicere:
827 2911 1112 2983 Signatum
1146 2925 1223 2969 est
1257 2929 1417 2983 super
1449 2930 1543 2968 nos
1565 2913 1744 2968 lumen
1767 2914 1948 2970 vultus
1971 2916 2072 2981 tui,

486 3002 787 3068 Domine",
821 3003 1139 3060 auferamus
1186 3006 1436 3060 velamen
1467 3046 1481 3070 ,
1531 3013 1587 3060 et.
1639 3005 1776 3062 illud
1827 3007 2075 3077 Apostoli

482 3103 835 3163 praestemus:
879 3094 1010 3149 Volo
1062 3113 1187 3167 ergo
1226 3097 1385 3169 155
1432 3097 1572 3151 viros
1621 3114 1776 3152 orare
1828 3099 1886 3152 in
1930 3099 2074 3153 omni

481 3186 618 3251 loco,
641 3184 875 3241 levantes
898 3204 1062 3257 puras
1090 3206 1280 3242 manus
1298 3191 1412 3243 sine
1438 3190 1521 3243 ira
1549 3204 1601 3244 et
1625 3191 2007 3260 disceptatione
2028 3191 2071 3246 ⁸.

485 3275 540 3329 Si
563 3276 702 3330 iram
730 3277 1172 3347 deposuerimus,
1196 3278 1361 3332 simul
1384 3288 1440 3332 et
1463 3279 1709 3334 velamen
1734 3278 2072 3346 auferemus;

482 3368 764 3433 similiter,
793 3370 838 3424 si
866 3385 1060 3425 omnes
1087 3371 1256 3425 animi
1298 3371 1632 3429 ail‘ectiones.
1663 3373 1845 3427 Donec
1889 3385 2073 3427 autem

488 3462 571 3515 hae
612 3470 743 3516 sunt
790 3461 845 3517 in
906 3474 1086 3518 mente
1140 3473 1195 3519 et
1243 3464 1573 3537 cogitatione
1605 3474 1815 3531 nostra,
1848 3466 2075 3520 internae

2184 2467 2529 2539 ριαιρεθῆναι
2556 2465 2617 2519 τὸ
2651 2462 2935 2534 κάλυμμα.
2980 2458 3110 2514 Ἐὰν
3134 2456 3469 2528 ἐπιστρέψῃς
3497 2454 3632 2528 πρὸς
3660 2451 3773 2507 K6-

2178 2576 2314 2631 ριον,
2361 2559 2483 2611 τότε
2530 2557 2838 2629 περιαιρεῖς
2868 2553 2930 2607 τὸ
2958 2551 3245 2622 κάλυμμα,
3280 2549 3376 2603 καὶ
3412 2548 3598 2602 οὐκέτι
3626 2548 3774 2618 ἐρεῖς

2173 2651 2236 2704 τό
2254 2667 2268 2682 ο
2318 2649 2745 2717 Ἐπεκάλυψεν
2770 2644 2932 2716 ἡμᾶς
2966 2646 3006 2715 ή
3035 2645 3237 2713 ἀτιμία
3271 2640 3459 2712 ἡμῶν.
3484 2635 3613 2694 Οἴον
3633 2639 3777 2711 ὀργὴ

2175 2741 2504 2812 ἐπικειμένη
2534 2742 2601 2811 τῇ
2631 2738 2776 2809 ψυχῇ
2803 2736 2963 2808 ἡμῶν
2988 2734 3133 2789 κατά
3161 2750 3327 2796 τινος,
3362 2731 3635 2785 ἐπίκειται
3668 2728 3772 2783 κά-

2176 2831 2367 2901 λυμμα
2400 2829 2563 2901 ἡμῶν
2595 2831 2691 2883 ἐπὶ
2733 2829 2795 2882 τὸ
2825 2826 3136 2898 πρόσωπον.
3178 2822 3278 2876 Διά
3311 2820 3470 2875 τοῦτο
3528 2822 3578 2874 εί
3619 2818 3774 2873 θέλοο

2180 2939 2279 2993 μεν
2319 2923 2747 2995 προσευχόμενοι
2790 2922 2994 2974 εἰπεῖν·
3063 2914 3434 2987 Ἐσημειὼθη
3469 2915 3564 2985 ἐφ’
3611 2909 3775 2982 ἡμᾶς

2174 3013 2243 3069 τὸ
2268 3014 2394 3084 φῶς
2423 3013 2532 3069 τοῦ
2557 3012 2882 3082 προσώπου
2915 3026 3055 3074 σου,
3082 3010 3278 3078 Κύριε,
3310 3007 3684 3079 περιαίρωμεν
3705 3003 3777 3060 τδ

2176 3106 2471 3177 κάλυμμα,
2538 3105 2632 3159 καὶ
2692 3105 3014 3176 ποιήσωμεν
3064 3102 3126 3155 τὸ
3176 3097 3529 3154 άποστολικδν
3587 3100 3776 3152 ἐκεῖνο

2174 3197 2265 3250 τόο
2310 3198 2615 3265 Βούλομαι
2647 3192 2762 3250 οὖν
2790 3194 3237 3263 προσεύχεσθαι
3262 3190 3402 3257 τοὺς
3427 3189 3648 3257 ἄνδρας
3696 3190 3773 3243 ἐν

2175 3285 2353 3339 παντί
2381 3286 2561 3353 τόπῳ,
2597 3285 2956 3353 ἐπαίροντας
2985 3283 3199 3349 ὁσίους
3230 3281 3436 3352 χεῖρας
3468 3279 3647 3349 χωρὶς
3674 3280 3772 3348 ἰρ-

2175 3374 2287 3446 τῆς
2320 3377 2418 3431 καὶ
2447 3375 2875 3446 διαλογισμῶν.
2923 3375 3048 3428 Ἐάν
3074 3373 3418 3445 περιέλωμεν
3437 3372 3539 3443 τὴν
3572 3371 3771 3442 ὀργὴν,

2176 3468 2516 3541 περιέλωμεν
2536 3470 2597 3524 τὸ
2625 3469 2905 3540 κάλυμμω
2941 3467 3204 3530 ὡσαύτως
3234 3466 3333 3537 (7),
3369 3464 3465 3518 ἐάν
3514 3463 3585 3517 τὰ
3616 3461 3767 3532 πάθη

481 3550 684 3618 faciei,
714 3555 947 3626 principi
991 3572 1184 3627 nempe
1213 3558 1411 3613 anima:
1439 3558 1684 3614 facultati
1749 3556 2065 3627 impositum

2175 3558 2372 3612 πάντα.
2408 3560 2572 3613 Ὅσον
2596 3560 2655 3613 δὲ
2677 3558 2853 3613 ταῦτά
2890 3558 3037 3610 ἐστιν
3070 3558 3128 3610 ἐν
3163 3554 3243 3626 τῷ
3275 3555 3352 3627 νῷ
3383 3554 3562 3627 ἡμῶν,
3600 3555 3659 3607 ἐν
3684 3552 3765 3623 τῷ

486 3651 575 3697 est
643 3646 886 3700 velamen
933 3655 989 3701 et
1038 3647 1377 3717 ignominia,
1432 3666 1501 3705 ne
1551 3650 1925 3721 splendentem
1976 3649 2072 3704 Dei

484 3732 714 3803 gloriam
748 3736 1052 3792 videamus.
1078 3736 1196 3795 Non
1232 3748 1318 3794 est
1348 3739 1493 3796 Deus
1520 3742 1612 3811 qui
1646 3743 1875 3811 gloriam
1910 3757 2069 3796 suam

482 3843 513 3879 τι
556 3822 715 3883 nobis
771 3829 1078 3898 abscondit,
1129 3833 1225 3889 sed
1259 3850 1363 3891 nos
1408 3833 1503 3904 qui
1559 3836 1802 3890 velamen
1848 3835 2073 3890 malitiae

483 3917 653 3972 tuenti
682 3918 1040 3988 imponimus.

560 4191 645 4247 10.
679 4193 821 4258 Quia
859 4211 1038 4248 coram
1077 4195 1182 4250 Deo
1210 4207 1389 4252 nostra
1413 4199 1738 4268 peccavimus
1769 4216 1860 4251 nos
1880 4210 1927 4253 et
1971 4217 2069 4270 pa-

481 4298 585 4338 tres
613 4288 780 4340 nostri
805 4286 847 4341 '.
882 4287 1103 4343 Utinam
1139 4274 1478 4360 nosquoque
1507 4290 1651 4346 sicut
1681 4292 1733 4345 hi
1767 4294 2063 4347 secuudum

480 4391 898 4448 prosopoptnam
957 4379 1237 4450 Prophetas
1289 4382 1634 4438 diceremus:
1703 4383 2064 4441 Peccavimus.

481 4466 603 4520 Non
647 4469 788 4523 idem
816 4479 920 4534 est,
956 4473 1339 4540 peccavimus,
1392 4475 1537 4543 quod
1583 4491 1898 4545 peccamus.
1958 4478 2063 4544 Qui

478 4557 623 4610 enim
652 4558 833 4612 adhuc
855 4559 909 4612 in
941 4568 1167 4629 peccato
1194 4571 1298 4625 est,
1340 4577 1407 4615 ne
1442 4562 1621 4617 dicat:
1665 4562 2060 4633 Peccavimus;

477 4647 570 4717 qui
598 4662 725 4702 vero
751 4659 908 4703 antea
938 4652 1204 4719 peccavit,
1240 4664 1294 4706 et
1325 4653 1637 4724 diligentem
1684 4656 2061 4723 pmniteutiam

476 4742 610 4812 egit,
643 4741 692 4797 is
721 4742 888 4805 dicat,
912 4742 1264 4799 Peccavimus
1294 4762 1308 4811 ;
1343 4746 1804 4815 quemadmodum
1841 4756 1895 4801 et
1919 4750 2064 4817 apud

482 4832 752 4887 Danielem
778 4834 979 4904 scripta
1010 4828 1097 4891 εει
1138 4835 1412 4892 confessio
1457 4851 1646 4891 eorum
1700 4841 1795 4907 qui
1838 4854 2065 4908 peccare

476 4924 778 4985 desierunt.
811 4935 867 4980 ct
886 4927 1117 4982 dicunt:
1160 4928 1524 4993 Peccavimus,
1556 4929 1893 4998 iniquitatem
1928 4931 2060 5001 feci-

474 5033 596 5073 mus
627 5020 706 5087 ¹⁰;
758 5026 814 5072 ct
847 5020 900 5073 in
948 5018 1211 5076 Psalmis:
1253 5021 1336 5075 Ne
1376 5021 1675 5076 memineris
1716 5022 2060 5093 iniquitatum

477 5122 781 5166 nostrarum
811 5114 1155 5183 antiquarunt
1193 5116 1258 5179 ¹¹,
1291 5115 1369 5168 ait
1403 5113 1695 5183 Propheta.
1725 5112 1793 5167 Et
1830 5130 1931 5170 nos
1956 5117 2059 5170 ita-

551 5229 572 5260 ⁶
607 5227 777 5282 Exod.
816 5246 1000 5297 xxxiv,
1031 5233 1123 5285 56.

479 5315 722 5363 Lxxvut,
772 5302 824 5354 8.

549 5414 625 5489 (ᾖ)
664 5416 800 5489 Cod.
834 5417 981 5489 _Vat.,
1017 5419 1111 5471 καὶ
1134 5419 1496 5489 ἐπεκάλυψεν.

549 5485 628 5558 (2)
668 5488 802 5542 Cod.
830 5487 1062 5558 Scorial.
1088 5499 1211 5558 post
1240 5505 1368 5542 ποτε
1391 5485 1543 5546 addit.
1570 5489 1748 5545 τοῦτο.

552 5555 628 5631 (ἢ)
664 5558 798 5631 (30d.
845 5558 990 5631 _Va_t.,
1024 5555 1211 5631 ἦν’τοῦ
1232 5559 1383 5614 λαοῦ.

562 5626 630 5687 L4)
672 5626 727 5679 In
759 5628 886 5683 cod.
921 5626 1382 5685 Vatfdeest-core.

575 5654 630 5687 ἸΙ
673 5654 727 5679 Ill
759 5654 886 5683 υυιι.
931 5654 1040 5683 Vill.
1070 5654 1223 5685 UUCSI
1242 5654 1382 5684 τοτε.

552 5654 632 5767 (5)
675 5697 749 5751 Ita
771 5698 1239 5772 cod._Scorial._ct
1263 5701 1410 5765 νειμ,
1449 5712 1504 5757 at
1534 5700 1840 5772 Ghislerius
1874 5704 2058 5772 legen-

482 5765 608 5847 dum
640 5770 1079 5847 pittat.nxa‘to'bx}
1107 5770 1542 5847 69e6;._lbidem
1580 5775 1701 5828 cod.
1758 5771 1879 5827 Vat.
1927 5765 2060 5847 post

479 5834 693 5891 ἐκέλευε
717 5839 865 5893 addit
887 5858 897 5891 :
920 5834 1141 5910 περῗῦου
1157 5842 1222 5894 τὸ
1243 5842 1529 5915 κάλυμμα,
1552 5856 1602 5899 et
1625 5859 1770 5909 mox,
1796 5861 1892 5913 pro
1922 5834 2058 5915 πρὸς

1234 5232 1528 5298 'Psal.tv,
1566 5231 1615 5285 7.
1696 5232 1717 5263 ⁸
1782 5232 1969 5289 lTim.
2024 5253 2086 5302 ιι,
2145 5235 2199 5290 8.

2176 3649 2423 3722 λογισμῷ
2461 3650 2640 3722 ἡμῶν,
2682 3651 2954 3705 ἐπίκειται
2999 3649 3078 3722 τῷ
3119 3648 3267 3703 ἔνδον
3308 3646 3586 3720 προσώπῳ
3635 3648 3767 3716 ἡγε-

2179 3742 2384 3814 μονικῷ
2415 3741 2489 3813 (Β)
2518 3742 2676 3815 ἡμῶν
2710 3742 2774 3797 τὸ
2802 3741 3066 3813 κάλυμμα
3102 3740 3198 3794 καὶ
3240 3740 3274 3809 ἡ
3311 3738 3506 3807 άτιμία
3551 3733 3647 3790 τοῦ
3686 3737 3764 3804 μὴ

2177 3830 2398 3901 βλέπειν
2432 3833 2582 3902 ἡμᾶς
2622 3832 2723 3903 τὴν
2760 3830 2918 3896 δόξαν
2959 3829 3051 3884 τοῦ
3097 3828 3237 3882 Θεοῦ
3263 3827 3610 3898 λάμπουσαν.
3646 3823 3763 3877 Οὐκ

2172 3926 2320 3980 ἔστιν
2364 3927 2395 3978 6
2435 3925 2567 3989 Θεὸς
2622 3927 2651 3979 6
2689 3925 3075 3997 ἀποκρύπτων,
3103 3922 3268 3978 αὑτοῦ
3306 3922 3406 3993 τὴν
3455 3920 3613 3986 δόξαν
3665 3919 3757 3987 ἀφ’

2173 4017 2350 4088 ἡμῶν,
2380 4016 2494 4070 ἀλλ’
2538 4019 2671 4088 ἡμῖν
2695 4018 2759 4071 τὸ
2788 4016 3056 4088 κάλυμμα
3078 4016 3187 4083 ἀπὸ
3212 4015 3310 4087 τῆς
3340 4014 3539 4078 κακίας
3579 4014 3761 4066 ἐπιτι-

2178 4110 2364 4174 θέντες
2389 4108 2559 4182 (9)τῷ
2582 4108 2917 4180 ἡγεμονικῷ.

2242 4200 2398 4254 Διότι
2424 4199 2631 4253 ἔναντι
2656 4199 2768 4254 τοῦ
2801 4200 2949 4254 Θεοῦ
2989 4198 3160 4269 ἡμῶν
3186 4198 3532 4268 ἡμάρτομεν
3558 4196 3757 4267 ἡμεῖς,

2169 4290 2272 4345 καὶ
2295 4293 2350 4346 οἱ
2379 4290 2634 4359 πατέρες
2674 4289 2864 4360 ἡμῶν.
2909 4290 3036 4344 Εἴθε
3071 4290 3164 4345 καὶ
3196 4291 3358 4360 ἡμεῖς
3388 4288 3655 4359 λέγωμεν,
3681 4286 3760 4351 ὡς

2166 4376 2312 4436 οὗτοι
2324 4382 2576 4455 κατάτὴν
2589 4382 3031 4454 προσωποποιίαν
3046 4380 3143 4435 τοῦ
3153 4382 3458 4451 Προφήτου,
3475 4377 3758 4448 Ἠμάρτο-

2167 4490 2296 4541 μεν.
2312 4474 2386 4527 Οὐ
2403 4474 2846 4543 ταύτόν(1υ)ὲστι
2876 4475 2957 4541 τὸ,
2977 4474 3315 4544 ἡμάρτομεν,
3350 4470 3429 4542 τῷ
3459 4469 3763 4541 ἁμαρτάνο-

2170 4582 2267 4633 μεν
2283 4581 2296 4593 ο
2326 4565 2355 4616 6
2386 4564 2482 4634 μὲν
2504 4564 2610 4634 γάρ
2633 4564 2712 4618 ἔτι
2736 4565 2796 4616 ὲν
2819 4565 3062 4636 ἁμαρτίᾳ
3084 4562 3182 4626 ὢν,
3216 4561 3291 4634 μὴ
3316 4562 3541 4631 λεγέτω.
3558 4561 3763 4631 Ἡμάῖν

2165 4671 2330 4725 τομεν
2353 4671 2364 4683 ’
2399 4655 2427 4707 6
2455 4654 2514 4707 δὲ
2544 4655 2997 4725 προαμαρτήσας,
3029 4651 3274 4723 ἀκριϐῶς
3296 4651 3353 4705 δὲ
3388 4651 3755 4722 μετανοήσας,

2164 4743 2390 4813 λεγέτω,
2418 4744 2876 4817 Ἥμάρτομεν,ὠς
2906 4746 3001 4799 καὶ
3034 4747 3091 4797 ἐν
3115 4744 3192 4814 τῷ
3219 4743 3419 4815 Δανιὴλ
3441 4743 3761 4814 γέγραπται

2166 4836 2550 4909 ἐξομολόγησις
2586 4837 2697 4891 τῶν
2728 4838 2926 4909 μηκέτι
2973 4836 3421 4909 ἁμαρτανόντων,
3451 4835 3751 4903 λεγόντωνο

2180 4928 2986 4999 Ἦμιὶρτομεν,ήνομήσαμεν’
3015 4930 3110 4984 καὶ
3136 4930 3192 4983 ἐν
3205 4928 3477 4998 Ψαλμοῖς·
3494 4926 3592 4994 Μὴ
3603 4943 3759 4994 μνη-

2167 5021 2326 5090 σθῇς
2359 5022 2528 5092 ’ἡμῶν
2558 5021 2820 5092 ἀνομιῶν
2853 5023 3139 5093 ἀρχαίων,
3182 5021 3349 5093 φησὶν
3376 5022 3404 5074 6
3432 5021 3751 5092 Προφήτης.

2166 5118 2277 5172 Καὶ
2303 5117 2467 5186 ἡμεῖς
2487 5110 2579 5169 οὖν
2612 5114 3138 5187 ἐξομολογησώμεθα
3178 5116 3276 5179 τὰς
3308 5113 3605 5186 ἁμαρτίας,
3636 5110 3755 5165 εἴθε

2311 5233 2563 5290 ’Jcrcm.
2623 5253 2720 5301 ιιι,
2768 5235 2858 5289 ‘25.
2969 5236 3014 5267 '°
3048 5234 3182 5289 Dan.
3216 5251 3292 5300 Ix,
3342 5236 3395 5290 5.
3510 5234 3549 5265 τ’
3600 5229 3748 5288 [δεδι.

2173 5416 2424 5490 Minoam),
2456 5415 2618 5490 habet
2638 5415 2716 5489 τῷ
2739 5418 2967 5490 Μωῦσῇ.

2237 5489 2315 5559 (6)
2353 5488 2487 5545 Cod.
2516 5487 2664 5560 Vat..,
2689 5487 3002 5560 περιέμενε.

2239 5557 2254 5629 (
2266 5560 2317 5631 7)
2358 5560 2415 5613 ιιι
2441 5561 2568 5631 cod_._
2595 5557 2718 5614 Vat.
2750 5557 2922 5631 (locst,
2953 5559 3237 5631 ὡσαύτως.

2239 5628 2314 5699 (ὃ)
2356 5632 2492 5702 Cod.
2525 5628 2674 5702 ναι,
2720 5630 2797 5697 τῷ
2822 5630 3154 5702 ἡγεμονικῷ.

2239 5702 2314 5771 (9)
2352 5701 2488 5771 (ἰού.
2523 5700 2704 5771 soon.
2733 5700 3101 5763 ἅποτιῡέντες.

2238 5769 2353 5845 (id)
2393 5769 2526 5828 Cod.
2566 5769 2686 5825 Vat.
2721 5773 2883 5836 male,
2918 5771 3016 5823 οὐκ
3041 5772 3226 5829 αὐτόν.
