4130 6432
1743 349 1808 403 IN
1848 348 2092 403 JEREMI

2233 348 2521 405 HOMILIA
2561 350 2626 406 γ.
3694 351 3797 405 510

536 355 643 411 509

538 471 612 541 μὴ
658 469 867 540 χθιζὰς.
898 469 1007 524 ετοε
1054 469 1128 542 μὴ
1156 465 1532 541 τριημερινὰς,
1570 465 1682 519 ἀλλ’
1713 465 1826 518 εἴθε
1860 464 2098 536 ἐξομολο-

2212 479 2319 534 que
2346 466 2705 521 contiteamur
2727 474 2967 537 peccata,
3010 467 3216 522 utinam
3252 483 3358 521 non
3395 465 3651 522 hesterno
3682 467 3794 533 die,

535 557 792 629 γούμενοι
835 557 1361 631 ἐξομολογησώμεθα
1401 557 1528 627 περὶ
1560 556 1973 627 ἁμαρτημάτων
2014 553 2098 626 πρὲ

2222 569 2330 609 non
2382 564 2510 610 ante
2568 556 2881 613 hesternum
2925 558 3242 625 commissa,
3275 557 3369 613 sed
3403 566 3621 628 peccata
3671 568 3796 611 ante

532 648 694 703 πέντε
714 653 807 706 καὶ
821 651 950 704 δέκα
968 651 1101 705 ἐτῶν
1122 667 1317 720 γεγενη
1328 650 1523 720 μένων,
1537 644 1615 718 τῷ
1636 646 1828 717 μηκέτι
1846 643 2119 715 (1)ἁμαρ-

529 740 654 796 τίαν
678 742 821 814 ἐχειν
852 744 969 815 μετ’
1003 745 1187 797 ἐκεῖνα
1219 743 1312 795 ἐπὶ
1346 740 1507 794 πέντε
1538 739 1632 792 καὶ
1659 739 1789 791 δέκα
1820 734 1934 807 ἐτη.
1972 735 2032 787 Ei
2054 734 2118 787 δὲ

531 832 657 905 χθὲς
671 834 1010 905 ἡμάρτομεν,
1027 831 1178 885 οὖπω
1191 832 1264 903 (2)
1279 830 1576 899 ἀξιόπιστοι
1593 832 1757 900 ἐσμεν
1769 827 2118 899 ἐξομολογούο

536 924 838 997 pavor-1:591
858 925 965 978 τῶν
987 924 1403 996 ἁμαρτημάτων
1425 922 1579 994 ἡμῶν
1598 938 1611 951 ·
1638 921 1759 974 οὐδέ
1787 919 1970 992 χῶραν
1998 918 2115 990 ἔχει

529 1015 926 1087 απαλειφθῆναι
971 1017 1039 1069 τά
1084 1017 1459 1087 ἁμαρτήματα
1503 1012 1660 1084 ἡμῶν
1705 1010 1897 1064 ταῦτα.
1959 1010 2112 1063 Διότι

534 1106 872 1178 ἡμάρτομεν
914 1105 1087 1176 ἡμεῖς
1119 1106 1218 1160 καὶ
1252 1109 1305 1160 οἱ
1349 1106 1601 1173 πατέρες
1634 1102 1805 1174 ήμῶν
1835 1100 1955 1159 ἀπὸ
1991 1102 2115 1154 νεό-

528 1214 706 1265 τητος
733 1195 904 1267 ἡμῶν
938 1196 1049 1262 ἕως
1084 1194 1197 1264 τῆς
1226 1196 1450 1264 ἡμέρας
1476 1194 1719 1260 ταύτης.
1764 1192 1980 1245 Ἐκεῖνα
2016 1189 2114 1260 μὲν

528 1288 709 1353 ἄλλως
738 1286 975 1359 λελέχθω
1007 1288 1086 1351 εἰς
1114 1285 1460 1341 διδασκαλίαν
1482 1285 1582 1355 τῆς
1608 1284 1734 1356 περὶ
1759 1282 1962 1357 τρόπου
1995 1279 2115 1351 ἀρί-

530 1398 656 1433 στου
687 1378 1144 1451 ἐξομολογήσεως.
1180 1376 1365 1431 Ταῦτα
1387 1376 1445 1430 δέ
1474 1378 1589 1429 ἐστι
1612 1372 1915 1445 κατηγορία
1932 1370 2024 1424 τοῦ
2047 1373 2114 1424 ἐκ

528 1469 722 1525 πολλοῦ
744 1469 1093 1540 ἁμαρτάνειν⁸
1140 1466 1273 1521 Ἀπὸ
1300 1468 1600 1535 νεότητος,
1627 1465 1819 1536 φησὶν,
1862 1463 1974 1527 ἕως
2001 1458 2114 1528 τῆς

526 1561 749 1632 ἡμέρας
775 1563 1015 1630 ταύτης,
1029 1560 1129 1615 καί
1159 1563 1271 1630 οὐχ
1305 1559 1744 1627 ὑπηκούσαμεν
1774 1555 1849 1626 (5)
1866 1551 1971 1623 τῆς
1994 1569 2114 1623 φω-

524 1652 640 1721 νῆς
669 1653 891 1721 Κυρίου
933 1652 1038 1707 τοῦ
1090 1650 1240 1707 Θεοῦ
1283 1647 1482 1718 ἡμῶν·
1512 1645 1861 1719 ἡμάρτομεν,
1889 1644 1986 1698 καὶ
2010 1641 2112 1712 οὐχ

523 1741 911 1813 ὑπηκούσαμεν
932 1741 1036 1804 ἕως
1061 1739 1154 1794 τοῦ
1180 1737 1469 1810 παρόντος.
1499 1732 1633 1788 Εἶτα
1664 1732 2108 1806 ἐπιστρέψαντες,

524 1833 619 1887 καὶ⁵
659 1831 831 1904 ἀρχὴν
866 1831 1080 1901 ἔχοντες
1121 1826 1479 1899 ἐπιστροφῆς,
1516 1824 1737 1889 λέγουσι
1755 1825 1847 1877 τό-
1897 1821 2111 1892 Ἥμὰρ-

2220 660 2394 700 annos
2427 647 2615 702 decem
2648 657 2702 703 et
2734 649 2975 720 quinque
3006 659 3239 719 patrata,
3274 649 3422 703 nulla
3463 664 3531 703 ex
3560 663 3628 704 eo
3654 658 3795 703 tem-

2217 751 2350 805 pore
2381 736 2669 809 iniquitate
2721 740 2988 797 admissa.
3025 740 3121 796 Sin
3167 749 3347 796 autem
3380 741 3499 797 heri
3550 740 3797 809 peccavi-

2217 842 2360 891 mus,
2392 828 2460 883 de
2501 829 2885 900 iniquitatibus
2927 833 3133 888 nostris
3182 832 3521 893 conﬁtentes,
3551 832 3792 885 nondum

2215 914 2319 969 ﬁde
2347 914 2497 986 digni
2528 932 2742 984 sumus,
2775 935 2953 989 neque
2994 920 3173 976 locum
3210 920 3374 975 habet
3406 919 3605 974 horum
3636 921 3795 974 venia

2212 1016 2582 1075 peccatorum.
2633 1010 2901 1075 Quoniam
2933 1012 3264 1080 peccavimus
3301 1027 3398 1065 nos
3430 1021 3479 1065 et
3499 1021 3675 1081 patres
3702 1027 3797 1065 no-

2212 1101 2311 1152 stri
2339 1100 2404 1152 ab
2448 1099 2804 1156 adolescentia
2835 1112 3020 1157 nostra
3055 1119 3215 1173 usque
3251 1103 3305 1156 iu
3344 1103 3483 1158 diem
3520 1103 3677 1157 hanc.
3702 1102 3795 1159 illa

2212 1190 2433 1261 quidem
2463 1190 2601 1253 alias
2622 1190 2768 1247 dicta
2803 1192 2913 1249 sint
2945 1194 3012 1248 ad
3041 1192 3368 1249 tradendum
3401 1193 3620 1264 optima:
3658 1207 3795 1258 con;

2213 1276 2471 1334 fessionis
2515 1280 2782 1348 modum;
2830 1282 2943 1336 haec
2971 1290 3153 1336 autem
3190 1291 3320 1337 sunt
3346 1282 3618 1337 diuturnae
3670 1297 3797 1352 pec-

2213 1369 2371 1425 candi
2419 1370 2766 1427 assiduitatis
2796 1376 3116 1429 accusatio:
3174 1372 3253 1428 Ab
3282 1373 3657 1436 adolescentia,
3711 1373 3795 1427 itt-

2212 1460 2352 1529 quit,
2388 1476 2552 1532 usque
2572 1462 2627 1515 in
2652 1462 2792 1517 diem
2814 1463 2969 1530 lianc,
2991 1472 3041 1518 et
3069 1480 3172 1519 non
3199 1463 3525 1519 obedivimus
3550 1464 3662 1517 voci
3692 1463 3796 1516 Do-

2213 1552 2345 1607 mini
2368 1550 2471 1605 Dei
2496 1552 2687 1619 nostri,
2714 1555 3147 1623 peceavimus,et
3175 1555 3246 1610 ad
3274 1555 3416 1610 banc
3445 1570 3620 1624 usque
3649 1554 3792 1608 diem

2213 1658 2323 1698 non
2373 1643 2731 1701 obedivimus.
2768 1643 2970 1709 Deinde
3025 1648 3403 1718 resipisceutes
3466 1654 3520 1701 et
3578 1646 3791 1703 initium

2212 1734 2588 1790 conversionis
2644 1734 2907 1790 habentes
2949 1736 3132 1790 aiunt:
3194 1735 3535 1795 Peccavimus
3562 1774 3577 1799 ,
3609 1745 3658 1789 et
3690 1752 3792 1789 nou

2212 1824 2556 1880 obedivimus.
2603 1823 2791 1896 Neque
2821 1827 2967 1882 enim
2991 1828 3157 1882 simul
3183 1843 3248 1882 ac
3262 1827 3484 1883 obedire
3520 1827 3791 1892 volumus,

426 1946 430 1951 ·
520 1883 721 1991 teper:
734 1883 848 1976 ’καὶ
879 1883 991 1990 oni);
1019 1883 1472 1989 uarixoddafis'r.
1493 1916 1627 1972 Οὑδέ
1648 1917 1755 1989 γὰρ
1778 1916 1893 1987 ἅμα
1906 1883 1984 1986 et};
2006 1913 2098 1967 θέ-

2214 1916 2476 1972 continuo
2506 1915 2815 1973 obedimus.
2856 1916 3069 1973 Etenim
3104 1927 3345 1988 tempore
3368 1933 3508 1988 opus
3539 1927 3624 1971 est
3652 1917 3795 1972 sicut

522 2015 636 2069 λειν
653 2014 978 2079 ὑπακοῦσαι,
1009 2014 1208 2077 εὐθέως
1227 2013 1302 2084 (4)
1328 2010 1695 2083 ὑπακούομεν·
1726 2008 1822 2063 καὶ
1850 2007 1959 2080 γάρ
1988 2008 2108 2060 ἐπι-

525 2109 719 2180 χρόνου
747 2108 827 2162 δεῖ
845 2107 1033 2179 ὥσπερ
1056 2107 1149 2161 ἐπὶ
1174 2106 1281 2160 τῶν
1301 2106 1631 2178 τραυμάτων
1658 2101 1794 2172 πρὸς
1815 2101 1914 2171 τὴν
1941 2098 2104 2165 ἴασιν,

2214 2007 2267 2061 in
2303 2007 2620 2065 vulneribus
2643 2010 2711 2066 ad
2744 2010 3108 2076 curationem,
3140 2010 3222 2066 sic
3248 2021 3303 2065 et
3328 2011 3385 2064 in
3412 2011 3791 2075 conversione,

2213 2109 2273 2155 ut
2311 2101 2549 2173 perfecte
2573 2118 2635 2158 ac
2664 2119 2799 2175 pure
2835 2104 2902 2160 ad
2939 2102 3108 2159 Deum
3134 2102 3422 2161 conversio
3446 2102 3561 2158 fiat.

525 2201 696 2265 οὕτως
723 2204 817 2255 καὶ
847 2202 939 2255 ἐπὶ
979 2202 1077 2273 τῆς
1106 2201 1441 2271 ἐπιστροφῆς
1480 2199 1616 2271 πρὸς
1651 2195 1712 2251 τὸ
1756 2194 1978 2259 τελείως
2011 2196 2106 2249 καὶ
2143 2194 2399 2268 καθαρῶς
2422 2197 2744 2272 ἐπιστρέψαι
2773 2199 2912 2271 πρὸς
2939 2199 3031 2253 τὸν
3060 2199 3211 2253 Θεόν.

607 2288 728 2346 Ἐπὶ
758 2294 965 2357 τούτοις
992 2293 1119 2367 περὶ
1148 2293 1242 2346 τοῦ
1294 2291 1507 2367 Ἰσραὴλ
1533 2290 1682 2359 λέγει
1708 2292 1736 2343 ὁ
1768 2288 1919 2352 Θεός·
1966 2289 2107 2342 Ἐὰν

516 2384 857 2455 ἐπιστραφῇ
871 2386 1115 2454 Ἰσραὴλ
1134 2385 1283 2453 πρός
1294 2400 1391 2453 με,
1412 2382 1576 2452 λέγει
1595 2381 1830 2450 Κύριος,
1849 2378 1948 2432 καὶ
1971 2378 2105 2432 ἐπι-

513 2476 945 2546 στραφήσεται,
965 2478 1267 2542 τουτέστιν,
1293 2476 1390 2530 ἐὰν
1412 2473 1633 2537 τελείως
1658 2470 1962 2542 ἐπιστρέψῃ
2001 2468 2102 2541 (5),

512 2569 604 2621 καὶ
622 2569 1090 2641 ἐπιστραφήσεται
1130 2569 1458 2637 ἐπιστροφῇ,
1495 2564 1660 2619 οἱονεὶ
1711 2561 1944 2636 ἄρξηται
1979 2562 2098 2613 ἐπι-

511 2659 787 2731 στρέφειν.
817 2656 952 2713 Εἶτά
990 2676 1123 2731 φησι
1142 2675 1157 2690 ·
1192 2659 1301 2712 Καὶ
1340 2658 1450 2711 ἐὰν
1478 2654 1722 2724 περιέλῃ
1766 2651 1839 2706 τὰ
1866 2650 2099 2725 ,βδελύ-

510 2768 703 2821 γματιι
747 2752 934 2805 αὑτοῦ
975 2751 1045 2804 ἐκ
1083 2749 1191 2803 τοῦ
1240 2750 1539 2818 στόματος
1578 2744 1786 2809 αὐτοῦ,
1835 2744 1934 2799 καὶ
1980 2740 2101 2798 ἀπὸ

512 2845 838 2911 προσώπου
865 2860 985 2912 μου
1019 2839 1343 2909 εὺΜϐηθῇ,
1371 2840 1467 2894 καὶ
1502 2840 1720 2909 ὀμόσῃ·
1755 2835 1843 2905 Ζῇ
1884 2837 2101 2905 Κύριος

511 2935 584 2987 ἐν
613 2935 884 3001 ἀληθείᾳ,
916 2934 1011 2987 καὶ
1038 2934 1107 2987 ἐν
1136 2933 1330 3002 κρίσει
1359 2931 1455 2986 καὶ
1483 2930 1552 2983 ἐν
1587 2929 1963 2998 δικαιοσύνῃ·
1997 2927 2097 2981 καὶ

512 3025 1206 3097 εὐλογήσουσινέναὺτῴ
1221 3025 1384 3093 ἔθνη.
1408 3024 1482 3092 (6)
1501 3022 1624 3076 Ἐὰν
1640 3022 1762 3075 τάδε
1778 3021 2096 3092 ποιήσωσιν⁹

2284 2289 2372 2343 tl.
2414 2288 2546 2348 Post
2579 2293 2694 2348 haec
2720 2293 2787 2349 de
2820 2292 2984 2349 Israel
3044 2294 3175 2349 dicit
3207 2292 3384 2349 Deus:
3416 2291 3477 2348 Si
3510 2309 3788 2349 conversus

2208 2379 2369 2449 fuerit
2393 2379 2568 2437 Israel
2590 2384 2659 2437 ad
2689 2400 2789 2451 me,
2817 2385 2945 2438 dicit
2990 2383 3276 2448 Dominus,
3328 2385 3491 2439 etiam
3517 2397 3786 2440 converte-

2206 2479 2313 2524 tur.
2363 2470 2479 2528 Iloc
2527 2484 2630 2540 est,
2687 2477 2734 2531 si
2792 2476 3032 2546 perfecte
3058 2491 3359 2539 conversus
3407 2476 3589 2537 fuerit.
3617 2478 3782 2533 etiam

2204 2564 2566 2623 conversione
2615 2576 2986 2633 convertetur,
3027 2568 3186 2638 quasi
3239 2568 3484 2629 converti
3542 2569 3783 2639 incipiat.

2204 2652 2411 2710 Deinde
2436 2656 2543 2711 ait:
2566 2656 2695 2715 Etsi
2725 2659 3007 2714 abstulerit
3035 2659 3451 2719 abominationes
3478 2677 3603 2715 suas
3630 2660 3790 2735 156

2202 2745 2268 2800 de
2300 2763 2390 2800 ore
2412 2764 2528 2816 suo,
2552 2759 2600 2803 ct
2627 2766 2660 2803 a
2686 2750 2821 2819 facie
2842 2767 2959 2808 mea
2982 2752 3234 2807 reveritus
3271 2752 3465 2821 fuerit,
3492 2761 3541 2807 et
3567 2752 3789 2822 jurave-

2202 2838 2296 2903 rit,
2343 2835 2475 2893 Vivit
2498 2839 2778 2907 Dominus,
2806 2842 2859 2894 in
2898 2843 3137 2907 veritate,
3158 2852 3207 2896 et
3231 2843 3282 2903 in
3300 2842 3528 2913 judicio,
3558 2853 3604 2897 et
3629 2842 3788 2912 inju-

2200 2927 2394 2994 stitia;
2420 2939 2470 2984 et
2511 2932 2810 2987 benedicent
2835 2933 2890 2986 in
2923 2949 2981 2986 eo
3018 2943 3215 3003 gentes.
3263 2932 3320 2989 Si
3374 2934 3490 2990 haec
3532 2933 3782 3002 {cae-rint,

2204 3020 2527 3079 benedicent
2554 3023 2610 3079 in
2644 3040 2711 3083 eo
2742 3034 2951 3095 gentes.
2988 3024 3247 3092 Quaenam
3296 3042 3458 3097 porro
3493 3035 3622 3087 sunt
3668 3028 3785 3083 haec

513 3116 892 3187 εὐλογήσουσιν
926 3117 985 3169 ἐν
1013 3115 1161 3187 αὐτῷ
1190 3115 1342 3186 ἔθνη.
1376 3115 1508 3168 Τίνα
1530 3113 1587 3167 δὲ
1611 3112 1739 3169 τάδε
1770 3113 2090 3183 ποιήσωσιν,

2201 3126 2320 3182 qua:
2343 3112 2524 3169 facere
2548 3115 2800 3183 debeant,
2831 3124 2892 3171 ut
2922 3116 3243 3174 benedicant
3264 3118 3320 3174 in
3357 3134 3422 3175 eo
3446 3119 3668 3190 gentes?
3718 3118 3780 3175 Si

402 3272 413 3276 θ
513 3206 600 3261 ἵνα
645 3207 1009 3279 εύλογήσωσιν
1053 3209 1112 3263 ἐν
1142 3206 1289 3279 αὐτῷ
1339 3206 1501 3278 ἔθνης
1556 3205 1692 3260 Ἐὰν
1735 3204 1985 3273 περιέλῃ
2019 3203 2092 3257 τὰ

503 3298 897 3370 βδελύτματα
935 3302 1122 3355 αὑτοῦ
1163 3301 1230 3354 ἐκ
1270 3298 1376 3354 τοῦ
1421 3299 1721 3367 στόματος
1765 3296 1974 3350 αὑτοῦ.
2024 3295 2091 3349 Τί

505 3388 565 3442 δὲ
592 3390 654 3443 τὸ
693 3389 963 3462 περιελεῖν
998 3391 1067 3445 τέι
1096 3390 1442 3461 βδελύγματα
1479 3390 1545 3442 ἐκ
1577 3387 1672 3441 τοῦ
1700 3386 1967 3458 στόματος
1994 3386 2092 3439 αὐ-

506 3480 636 3545 τοῦς
670 3480 747 3553 (7)
768 3483 909 3537 Ὅσα
924 3482 1110 3547 κακῶς
1123 3483 1372 3554 λέγομεν,
1389 3480 1733 3552 βδελύγματά
1764 3480 1901 3533 εἰσιν
1928 3481 1987 3532 ἐν
2012 3476 2089 3549 τῷ

508 3573 736 3645 στόματι
763 3575 941 3646 ἡμῶν.
977 3576 1324 3647 Περιέλωμεν
1346 3574 1524 3629 τοίνυν
1556 3572 1625 3627 τὰ
1652 3571 1998 3643 βδελύγματα
2027 3573 2092 3625 ἐκ

504 3664 600 3719 τοῦ
639 3667 911 3738 στόματος
955 3667 1133 3740 ἡμῶν,
1179 3666 1590 3740 περιαιροῦντες
1622 3663 1973 3728 καταλαλιάς,
2002 3663 2091 3717 λό-

505 3773 634 3825 γους
670 3757 954 3828 ματαίους,
988 3758 1210 3830 ὰργοὺς,
1248 3758 1341 3811 καὶ
1392 3755 1686 3829 μέλλοντας
1723 3754 1872 3825 ἡμᾶς
1916 3755 2092 3806 ποιεῖν

505 3849 857 3917 ἐγκαλεῖσθαι
886 3852 943 3904 ἐν
962 3851 1148 3923 ἡμέρᾳ,
1173 3849 1433 3922 κρίσεως,
1492 3849 1589 3903 Ἐκ
1617 3848 1728 3919 γὰρ
1750 3845 1870 3901 τῶν
1895 3847 2095 3915 λόγων

503 3957 622 3995 σου
686 3928 1076 4010 δικαιωθήσῃ,
1131 3942 1208 4012 (8)
1250 3940 1349 3996 καὶ
1404 3941 1475 3993 ἐκ
1532 3938 1653 3994 τῶν
1690 3938 1890 4006 λόγων
1974 3950 2092 3989 σου

504 4030 1021 4101 καταδικασθήσῃ.
1048 4030 1219 4102 Εἴπερ
1247 4027 1340 4085 οὖν
1370 4030 1596 4100 θέλομεν
1618 4027 1928 4097 ἀπαντῆσαι
1960 4027 2092 4097 ἡμῖν

503 4120 595 4173 τόο
649 4120 763 4176 Καὶ
811 4120 1265 4191 εὐλογήσουσιν
1327 4121 1398 4174 ἐν
1442 4117 1604 4184 αὐτῷ
1654 4116 1821 4184 ἔθνη,
1880 4114 1981 4170 καὶ
2022 4115 2094 4170 ἐν

500 4214 665 4280 αὐτῷ
696 4215 1013 4270 αΙνέσουσι
1060 4213 1141 4280 τῷ
1182 4214 1305 4280 Θεῷ
1349 4215 1420 4267 ἐν
1454 4208 1892 4281 Ἰερουσαλὴμ,
1933 4215 2092 4282 ποιή-

504 4324 691 4380 σωμεν
732 4307 804 4362 τὰ
846 4308 942 4361 ἀπ’
974 4307 1151 4379 ἀρχῆς
1195 4305 1481 4379 εἰρημένα.
1536 4305 1695 4359 Ποῖον
1734 4303 1792 4356 δὲ
1841 4303 2086 4375 πρῶτον;

502 4394 784 4468 Περιελεῖν
832 4396 900 4449 τὰ
946 4394 1293 4466 βδελύγματα
1333 4395 1400 4448 ἐκ
1444 4392 1539 4448 τοῦ
1582 4391 1850 4464 στόματος
1894 4393 2084 4465 ἡμῶν

500 4486 630 4560 ἑξῆς
658 4488 775 4541 ἐστι
803 4489 900 4542 καὶ
943 4487 1005 4542 τό
1024 4506 1037 4519 ⁸
1091 4488 1226 4542 Ἀπὸ
1252 4487 1359 4542 τοῦ
1397 4484 1725 4555 προσώπου
1761 4503 1880 4555 μου
1905 4488 2086 4542 εὐλα-

500 4577 741 4646 ϐηθήσῃ
791 4577 1042 4650 δεύτερον
1068 4577 1224 4632 τοῦτο
1249 4578 1587 4650 ποιήσωμεν,
1621 4575 1720 4647 οὐχ
1743 4573 1951 4637 ἁπλῶς,
1993 4572 2083 4626 ἵνα

498 4669 911 4743 εὐλαϐηθῶμεν.
959 4670 1112 4742 Τάχα
1155 4670 1264 4743 γάρ
1312 4672 1460 4724 ἐστιν
1508 4667 1762 4723 εὐλάϐεια
1795 4664 2079 4735 γινομένη,

498 4764 603 4816 οὐκ
625 4763 736 4817 ἀπὸ
762 4762 1054 4835 προσώπου
1085 4764 1142 4817 δέ
1168 4762 1261 4818 τοῦ
1288 4762 1446 4817 Θεοῦ.
1477 4761 1539 4817 Οἱ
1567 4759 1699 4830 γοῦν
1728 4761 1829 4814 οὐκ
1855 4762 2083 4827 ἐπιστη-

503 4856 681 4926 μόνως
717 4856 1062 4929 φοϐούμενοι,
1107 4856 1486 4927 προτιθέμενοι
1526 4854 1585 4908 δὲ
1629 4851 1935 4924 φοϐεῖσθαι,
1983 4850 2084 4903 οὐκ

499 4949 610 5004 ἀπὸ
646 4950 941 5024 προσώπου
988 4950 1084 5004 τοῦ
1122 4947 1258 5003 Θεοῦ
1297 4945 1665 5000 εὐλαϐοῦνται·
1713 4945 1828 4997 ὅσοι
1861 4942 1919 4995 δέ
1963 4940 2082 5012 μετ’

501 5043 813 5115 ἐπιστήμης
840 5042 1211 5106 εὐλαϐοῦνται,
1247 5040 1325 5112 τῷ
1343 5039 1431 5094 ἀεὶ
1457 5038 1692 5110 βλέπειν,
1726 5035 1804 5107 (9)
1827 5034 1920 5088 καὶ
1954 5035 2085 5087 ἀνα-

2191 3205 2473 3262 abstulerit
2499 3207 2915 3267 abominationes
2946 3213 3011 3268 de
3032 3229 3121 3268 ore
3149 3228 3264 3267 suo.
3309 3211 3452 3279 Quid
3485 3224 3662 3267 autem
3697 3222 3781 3268 est

2190 3297 2409 3354 auferre
2431 3298 2869 3360 abominatioues
2888 3304 2957 3360 de
2980 3320 3076 3359 ore
3102 3304 3245 3360 suo?
3268 3303 3620 3375 Quaecunque
3641 3303 3779 3358 male

2190 3385 2451 3452 dicimus,
2485 3389 2922 3451 abominationes
2952 3395 3152 3450 suntin
3184 3410 3279 3455 ore
3307 3404 3520 3450 nostro.
3548 3393 3781 3451 Aufeia-

2191 3492 2316 3532 mus
2345 3478 2511 3548 igitur
2533 3481 2973 3538 abominationes
3006 3486 3074 3540 de
3104 3500 3202 3541 ore
3225 3495 3444 3550 nostro,
3482 3485 3779 3541 auferendo

2191 3565 2586 3635 detractiones,
2617 3574 2779 3629 verba
2818 3573 3026 3641 inania,
3061 3575 3263 3642 otiosa,
3299 3590 3366 3630 ex
3404 3576 3605 3646 quibus
3626 3575 3776 3630 futu-

2191 3676 2313 3715 rum
2344 3670 2429 3716 est
2452 3672 2511 3717 ut
2542 3663 2597 3717 in
2620 3664 2710 3719 die
2733 3666 2926 3734 judicii
2965 3667 3044 3722 rei
3079 3667 3272 3731 simus.
3313 3667 3399 3721 Ex
3427 3669 3594 3725 verbis
3636 3670 3776 3722 enim

2195 3752 2299 3805 tuis
2315 3752 2722 3822 justiﬁcaberis,
2759 3766 2809 3810 et
2834 3772 2898 3809 ea:
2924 3757 3093 3811 verbis
3125 3758 3231 3811 tuis
3256 3758 3684 3819 condemnaberis
3709 3759 3773 3812 “.

2195 3839 2252 3894 Si
2291 3842 2456 3912 igitur
2495 3844 2749 3899 volumus
2779 3854 2838 3901 ut
2865 3847 3325 3918 contingatnobis
3367 3848 3531 3904 illud:
3578 3847 3649 3903 Et
3689 3850 3775 3903 be-

2193 3933 2433 3991 nedicent
2473 3936 2529 3991 in
2564 3953 2624 3991 eo
2646 3948 2842 4008 gentes,
2888 3948 2936 3995 et
2958 3941 3012 3994 in
3050 3957 3115 3999 eo
3140 3940 3351 4003 laudem
3382 3944 3555 3997 dicent
3576 3942 3690 3998 Deo
3719 3946 3771 3996 iu

2192 4024 2512 4093 Jerusalem,
2545 4029 2813 4088 faciamus
2842 4048 2963 4103 quae
2989 4033 3144 4091 initio
3168 4034 3431 4093 diximus.
3466 4034 3638 4107 Quale
3668 4052 3771 4090 au-

2196 4127 2301 4174 tem
2352 4128 2438 4176 est
2468 4122 2749 4192 primum?
2797 4124 3029 4181 Auferre
3076 4126 3514 4182 abominatioues
3562 4128 3629 4182 de
3674 4141 3772 4182 ore

2191 4219 2403 4266 nostro.
2441 4210 2698 4285 Sequitur
2724 4216 2893 4275 illud:
2921 4216 2962 4275 Α
2988 4218 3127 4289 [acie
3156 4235 3272 4281 mea
3304 4220 3558 4277 reveritus
3585 4218 3767 4288 fuerit.

2192 4301 2309 4359 Hoc
2338 4306 2568 4365 alterum
2600 4306 2891 4377 faciamus,
2922 4328 3029 4367 non
3061 4311 3403 4386 simpliciter,
3432 4321 3493 4367 ut
3522 4327 3772 4369 reverea-

2191 4412 2346 4464 mur;
2384 4395 2522 4453 forte
2542 4399 2686 4455 enim
2716 4412 2800 4456 est
2826 4404 3076 4473 quaedam
3100 4404 3399 4463 reverentia
3424 4421 3545 4477 quae
3565 4421 3673 4460 non
3697 4408 3771 4462 sit

2189 4504 2217 4542 a
2254 4486 2393 4547 facie
2432 4489 2551 4551 Dei.
2593 4490 2700 4559 Qui
2732 4494 2897 4567 igitur
2925 4496 3133 4569 absque
3168 4499 3395 4554 scientia
3431 4506 3766 4563 reverentur,
3812 4566 3817 4572 ﬂ

2188 4580 2426 4634 revereri
2449 4589 2631 4637 autem
2659 4584 2762 4639 sibi
2792 4596 3125 4658 proponunt,
3172 4605 3285 4645 non
3318 4606 3347 4644 a
3373 4588 3513 4645 facie
3541 4588 3636 4644 Dei
3682 4605 3769 4645 re-

2188 4679 2484 4738 verentur;
2522 4674 2614 4744 qui
2651 4684 2831 4732 autem
2877 4693 3000 4734 cum
3043 4680 3269 4735 scicntia
3312 4690 3652 4745 reverentur,
3703 4697 3768 4736 eo

2191 4760 2336 4829 quod
2370 4778 2584 4834 semper
2605 4766 2942 4836 intueantur,
2971 4780 3026 4825 et
3060 4771 3113 4825 in
3146 4774 3456 4844 semetipsis
3486 4775 3555 4829 ad
3581 4774 3762 4828 vivum

2189 4854 2501 4923 exprimant
2529 4857 2722 4915 faciem
2749 4860 2866 4930 Dei,
2885 4880 3007 4934 qua:
3023 4873 3108 4922 est
3135 4882 3292 4936 super
3323 4866 3572 4936 facientes
3596 4866 3762 4925 mala.

2191 4952 2249 4995 ut
2281 4947 2467 5013 perdat
2488 4949 2549 5004 de
2587 4959 2728 5006 terra
2770 4957 3080 5010 memoriam
3113 4957 3352 5023 illorum,
3372 4958 3425 5011 hi
3453 4966 3582 5013 sunt
3607 4956 3701 5028 qui
3730 4970 3763 5012 a

2189 5034 2328 5091 facie
2350 5037 2445 5094 Dei
2470 5054 2805 5101 reverentur.

500 5138 811 5212 ζωγραφεῖν
840 5142 1052 5203 ἑαυτοῖς
1078 5139 1140 5193 τὸ
1168 5139 1455 5210 πρόσωπον
1492 5134 1586 5190 τοῦ
1617 5130 1776 5196 Θεοῦ,
1799 5130 2080 5201 γινόμενον
2124 5127 2254 5184 Ἐπὶ
2297 5134 2441 5201 τοὺς
2454 5139 2783 5209 ,ποιοῦντας
2800 5144 2874 5198 τὰ
2906 5145 3084 5210 κακὰ,
3120 5146 3230 5209 ,τοῦ
3265 5142 3760 5214 ἐξολοθρευθῆνιιι

498 5236 571 5289 ἐκ
615 5234 726 5306 γῆς
766 5236 835 5290 τὸ
880 5236 1278 5306 μνημόσυνον
1314 5230 1533 5296 αὐτῶν,
1566 5224 1710 5285 οῦτοί
1742 5228 1879 5280 εἰσιν
1910 5225 1961 5278 οἱ
2009 5222 2118 5278 ἀπὸ
2146 5226 2437 5296 προσώπου
2464 5233 2559 5287 τοῦ
2593 5235 2727 5290 Θεοῦ
2759 5237 3164 5311 εὐλαϐούμενοι.

575 5331 619 5362 ¹’
650 5332 839 5387 Matth.
874 5348 972 5399 xu,
996 5333 1086 5387 57.

688 5424 825 5500 ροᾲ.
858 5422 993 5500 Eat.
1025 5443 1330 5497 perperam,
1361 5427 1429 5500 τὸ
1453 5426 1673 5500 μηκέτι.

572 5494 651 5567 (2)
689 5495 824 5567 Cod.
858 5494 979 5551 Vat.
1011 5494 1286 5567 corrupte,
1327 5494 1488 5552 οὕτω.

691 5565 805 5651 Τῗις
832 5569 1012 5651 φωνῆς
1029 5563 1234 5651 Κυρίρυ
1255 5563 2072 5651 τοῦθεοῦ-ἡμῶνχῂμάιρτομίεν,

498 5636 725 5707 καῖ-οὑχ
740 5636 1150 5707 ὑπηκούσαμεν.
1177 5638 1300 5707 ῌιοο
1325 5641 1523 5695 desunt
1551 5636 1603 5692 in
1633 5636 1818 5707 codice
1844 5636 2078 5699 Scorial.

569 5703 650 5778 (4)
667 5703 1005 5779 ᾼᾩοιιζγειη
1033 5703 1136 5779 ἤδη
1160 5704 1361 5775 εὐθέως

506 5775 638 5844 del,
666 5777 816 5844 λέγει
844 5777 872 5829 ὁ
897 5776 1051 5842 Θεός.

1366 5750 1380 5763 .
1418 5709 1587 5767 Paulo
1620 5705 1762 5766 inl'ra
1806 5712 1946 5768 idem
1974 5729 2073 5768 co-

2252 5427 2328 5500 (5)
2368 5414 2502 5487 Cod.
2541 5430 2684 5498 Vat.,
2712 5433 2961 5490 τουτέστι
2982 5432 3202 5497 τελείως
3224 5428 3544 5500 ἐπιστρέψῃ.

2250 5497 2326 5568 (6)
2366 5501 2507 5580 ’ἐὰν
2521 5502 2661 5580 τάδε
2673 5497 3032 5580 ποιήσωσιν,
3053 5497 3586 5580 eodemeodem
3602 5497 3762 5568 αὑτῷ

2175 5569 2346 5637 ἔθνη.
2391 5570 2517 5627 Haec
2541 5574 2743 5629 omissa
2777 5569 2908 5628 sunt
2940 5574 2993 5627 iu
3019 5569 3217 5627 codice
3239 5571 3519 5625 Vaticano.

2248 5641 2324 5709 (7)
2360 5641 2534 5695 Αὑτοῦ
2567 5643 2722 5696 deest
2761 5643 2814 5695 in
2835 5642 2958 5696 cod.
3004 5640 3174 5695 Vatic.

2249 5708 2325 5785 (ξ)
2367 5710 2655 5785 Perpetem
2679 5711 2799 5785 cod;
2835 5709 2984 5785 ratu
3010 5709 3335 5785 δικασοήσῃο

2244 5779 2325 5853 (9)
2363 5779 2497 5838 Cod.
2537 5780 2681 5848 Vat.,
2705 5779 2799 5835 τοῦ
2824 5780 2913 5835 ἀεὶ
2939 5780 3180 5850 βλέπειν.
