4130 6446
484 344 584 406 511

1971 356 2297 417 ORIGENIS

3629 358 3736 418 Si!

554 466 647 524 il.
688 465 748 522 Si
775 468 1054 524 abstulerit
1079 468 1490 524 abominatimrcs
1515 486 1642 525 suas
1667 472 1732 527 de
1760 488 1849 527 ore
1870 489 1986 540 suo,
2010 488 2059 531 et

2247 474 2385 531 Ἐὰν
2406 473 2647 546 περιέλῃ
2669 474 3335 549 τὰβδελύγματααύτοῦ
3347 479 3465 537 ἀπὸ
3480 480 3583 535 τοῦ
3597 484 3743 536 στό-

488 576 520 611 a
554 560 693 628 facie
716 575 830 613 mea
860 561 1107 613 reveritus
1145 560 1323 625 fuerit,
1356 569 1409 615 et
1440 561 1736 629 jurarerit,
1774 561 1913 619 Vivit
1950 565 2059 620 Do-

491 655 688 715 minus,
717 652 772 704 in
794 652 1028 715 veritate,
1058 663 1107 705 et
1142 652 1194 705 in
1217 652 1448 720 judicio,
1483 662 1535 707 et
1562 655 1618 707 in
1644 654 1886 724 justitia.
1915 657 2060 713 Con-

489 745 791 799 sidercmus
822 744 1185 813 nosmetipsos
1223 745 1317 813 qui
1346 745 1617 815 iuramus,
1647 750 1924 818 quomodo
1951 767 2057 806 non

490 837 545 891 in
569 835 797 905 iudicio,
830 836 923 890 sed
976 836 1093 891 sine
1137 838 1348 907 iudicio
1388 839 1659 910 iuremus,
1709 841 1783 896 ita
1810 852 1868 898 ut
1908 844 2062 912 iura-

490 937 669 982 menta
720 936 905 983 nostra
955 931 1351 986 consuetudine
1390 932 1571 1001 potius
1633 949 1797 1003 quam
1852 935 2058 1004 iudicio

489 1018 639 1072 ﬁant.
674 1016 1007 1087 Surripimur
1038 1019 1252 1090 itaque:
1285 1023 1432 1091 quod
1466 1031 1521 1077 et
1564 1038 1747 1079 sermo
1783 1026 2063 1094 propheti-

486 1125 586 1166 cus
611 1109 958 1180 reprehendit
982 1112 1110 1166 dum
1155 1113 1269 1166 ait:
1296 1112 1365 1166 Et
1394 1114 1445 1169 si
1464 1113 1747 1182 juraverit,
1784 1114 1919 1170 Vivit
1949 1115 2061 1170 Do-

436 1210 464 1247 ⁴
486 1208 682 1273 minus,
715 1208 771 1261 in
801 1209 1038 1273 veritate,
1069 1218 1119 1262 et
1149 1210 1203 1264 in
1218 1211 1445 1280 judicio,
1484 1220 1534 1267 et
1568 1220 1620 1268 in
1659 1214 1905 1284 justitia.
1939 1213 2061 1270 Sci-

487 1312 611 1353 mus
641 1314 670 1353 a
694 1300 925 1354 Domino
953 1301 1236 1371 discipulis
1266 1304 1318 1356 iu
1355 1302 1648 1375 Evangelia
1672 1307 1875 1361 dictum
1904 1322 1918 1361 :
1950 1306 2062 1379 Ego

488 1398 666 1443 autem
694 1390 811 1443 dico
842 1390 1017 1457 vobis,
1058 1408 1163 1445 non
1190 1393 1372 1461 iurare
1413 1399 1624 1450 omnino
1662 1399 1725 1455 ".
1767 1397 2063 1456 Videamus

486 1482 652 1534 etiam
702 1479 832 1535 illud
853 1522 868 1547 ,
896 1490 951 1536 et
981 1481 1027 1536 si
1052 1482 1264 1539 dederit
1291 1485 1454 1551 Deus,
1479 1499 1707 1559 utraque
1727 1489 2065 1545 examinabi-

493 1588 642 1628 mus.
676 1572 888 1629 Etenim
915 1573 1153 1631 fortasse
1186 1578 1364 1646 primo
1387 1579 1681 1648 iurandum
1713 1592 1797 1637 est
1827 1583 1882 1636 in
1921 1582 2063 1637 veri-

491 1675 620 1733 tate,
645 1678 698 1723 et
711 1669 938 1739 iudicio,
965 1682 1018 1727 et
1038 1672 1272 1741 iustitia,
1309 1680 1370 1726 ut
1400 1681 1757 1743 posteaquam
1816 1675 2064 1745 profece-

490 1758 562 1812 rit
586 1758 731 1827 quis,
764 1759 962 1830 dignus
989 1761 1081 1815 ﬁat
1110 1776 1217 1816 non
1235 1761 1423 1829 iurare
1455 1763 1708 1818 omnino:
1744 1764 1839 1819 sed
1867 1764 2066 1821 habeat

491 1853 592 1917 ita,
619 1867 725 1907 non
764 1868 930 1924 egens
973 1854 1204 1909 testibus
1231 1862 1290 1908 ut
1322 1854 1395 1909 sit
1426 1854 1525 1920 ita,
1587 1863 1641 1909 et
1687 1855 1884 1911 habeat
1938 1874 2063 1925 non,
2096 1881 2138 1936 Β

495 1942 715 1997 minime
742 1943 991 2015 indigens
1025 1945 1275 2009 testibus,
1304 1953 1365 1999 ut
1386 1946 1457 2000 sit
1488 1947 1665 2015 ipsum
1691 1963 1817 2002 vere
1846 1964 1969 2002 non.
1993 1947 2067 2002 Et

496 2034 652 2105 157
676 2034 944 2105 juraverit
967 2036 1151 2106 igitur,
1190 2035 1328 2091 Vivit
1361 2036 1615 2091 Dominus
1643 2038 1699 2090 in
1733 2041 1969 2094 veritate.
2005 2038 2064 2093 In

484 2126 704 2197 iurante
734 2129 969 2197 primum
1003 2143 1190 2198 quaero
1230 2145 1339 2182 non
1369 2128 1595 2194 falsum,
1628 2128 1723 2185 sed
1764 2145 1976 2195 verum,
2006 2139 2068 2186 ut

489 2237 615 2276 cum
638 2222 863 2276 veritate
887 2221 1064 2290 iuret:
1091 2237 1192 2277 nos
1227 2231 1407 2275 autem
1445 2220 1633 2275 miseri
1657 2221 1822 2275 etiam
1854 2223 2066 2291 peiera-

490 2327 634 2367 mus.
699 2310 803 2366 Sed
837 2319 957 2367 esto
1002 2326 1125 2366 cum
1165 2311 1391 2365 veritate
1439 2311 1682 2365 nondum
1732 2322 1878 2366 recte
1911 2312 2067 2382 iura-

488 2415 731 2459 mentum
759 2405 838 2471 iit,
868 2404 961 2459 sed
996 2404 1048 2457 in
1078 2404 1303 2475 iudicio.
1351 2403 1500 2470 Esto,
1527 2405 1924 2461 consuetudine
1938 2406 2065 2475 iuro

490 2496 544 2548 in
576 2494 806 2564 judicio,
825 2511 954 2549 num
973 2497 1100 2552 ideo
1119 2496 1307 2552 deceat
1334 2496 1387 2550 in
1416 2496 1726 2552 istiusmodi
1752 2497 2067 2566 iuramento

490 2603 770 2643 assumere
801 2586 968 2642 Deum
993 2588 1254 2653 universi,
1283 2596 1337 2642 et
1358 2586 1638 2643 Christum
1671 2590 1792 2658 eius
1810 2588 1877 2643 ad
1902 2588 2068 2645 hocce

487 2680 806 2752 negotium?
833 2679 1155 2751 Cuiusmodi
1192 2695 1310 2734 rem
1358 2695 1480 2737 esse
1519 2688 1736 2751 oportet
1783 2689 1842 2736 ut
1890 2695 2067 2749 genua

486 2774 698 2829 nectam
727 2783 783 2828 et
810 2773 1026 2842 iurem?
1063 2772 1145 2826 Ad
1174 2787 1340 2841 quam
1375 2771 1558 2837 ﬁdem,
1589 2772 1637 2826 si
1660 2773 1900 2827 sermoni
1942 2786 2066 2827 meo

490 2867 545 2918 in
600 2864 874 2934 aliquibus
918 2863 1231 2934 derogatur,
1286 2863 1687 2917 resarciendam
1737 2864 1841 2917 hoc
1894 2863 2069 2919 facere

491 2955 697 3024 possim
730 2952 1061 3023 aliquando?
1094 2953 1189 3008 Sin
1214 2964 1418 3016 autem,
1464 2962 1525 3007 ut
1558 2968 1719 3009 casus
1754 2954 1954 3021 tulerit,
1989 2954 2069 3009 sic

485 3047 690 3119 iurem,
713 3046 1058 3117 peceabone?
1088 3043 1150 3100 Si
1181 3046 1344 3116 igitur
1366 3045 1670 3115 iuraverit,
1719 3045 1852 3101 Vivit
1881 3046 2070 3101 Domi-

492 3156 613 3205 nus,
648 3155 765 3193 cum
796 3139 1012 3192 veritate
1034 3147 1084 3192 et
1114 3138 1168 3191 in
1193 3138 1433 3207 judicio,
1458 3153 1566 3192 non
1598 3139 1716 3194 sine
1747 3139 1986 3209 judicio,
2018 3149 2067 3194 et

2156 585 2345 639 ματος
2358 569 2564 633 αὐτοῦ,
2578 569 2677 623 καὶ
2690 569 2806 623 ἀ.τύ
2823 570 2927 624 τοῦ
2938 568 3259 639 προσώπου
3268 590 3388 642 μου
3409 570 3742 643 εὐλαῶιθῇ,

2163 660 2264 715 καί
2282 662 2494 730 ὀμόσῃ,
2510 664 2557 714 Ζ
2562 659 2595 729 ᾖ
2611 663 2822 730 Κύριος
2838 661 2908 715 ἐν
2922 664 3188 731 ἀληθείᾳ,
3205 665 3302 718 καὶ
3320 664 3392 718 ἐν
3405 665 3621 733 κρίσει,
3636 666 3738 719 καὶ

2163 754 2233 807 ἐν
2252 753 2632 821 δικαιοσύνῃ.
2668 753 2983 824 ἰδωμεν(1)
3003 757 3163 826 ἡμεῖς
3186 757 3413 819 ἑαυτοὺς
3439 758 3488 809 οί
3520 756 3743 826 δμνύονυ

2164 859 2276 909 τες.
2292 844 2414 898 τίνα
2428 844 2626 916 τρόπον
2648 844 2748 898 οὐκ
2775 847 2832 898 ὲν
2852 844 3030 917 κρίσει
3045 846 3335 917 ὀμνύομεν,
3353 846 3467 900 ἀλλ’
3477 847 3738 920 ἀκρίτως,

2165 935 2309 990 ὥστε
2334 935 2589 1005 γενέσθαι
2619 937 2652 1007 ἡ
2660 936 2774 1007 μῶν
2790 938 2915 1000 τοὺς
2928 937 3123 1009 ὄρχους
3138 937 3248 991 ἔθει
3268 938 3467 1009 μᾶλλον
3483 938 3515 1009 ἢ
3539 939 3739 1010 κρίσει.

2166 1024 2636 1097 Συναρπαζόμεθα
2682 1024 2836 1093 γοῦν,
2898 1026 2992 1079 καὶ
3036 1025 3194 1080 τοῦτο
3233 1027 3471 1098 ἐλέγχων
3516 1029 3545 1080 6
3585 1028 3742 1096 λόγος

2168 1117 2337 1190 φησί·
2374 1117 2483 1172 Καὶ
2512 1117 2622 1170 ἐὰν
2641 1119 2855 1186 ὀμόσῃ,
2875 1116 2965 1187 Ζῇ
2990 1119 3203 1187 Κύριος
3240 1119 3311 1173 ἐν
3340 1120 3610 1188 ἀληθείᾳ,
3642 1121 3744 1174 καὶ

2164 1208 2455 1277 ἑνκρίσει,
2481 1208 2665 1262 καὶέν
2679 1207 3052 1278 δικαιοσύνῃ.
3080 1209 3312 1281 Οἴδαμεν
3343 1213 3400 1264 ὲν
3432 1211 3508 1282 τῷ
3568 1212 3745 1282 Εὐαγ-

2166 1302 2331 1374 γελίῳ
2357 1303 2644 1374 εἰρημένον
2668 1303 2772 1355 ὑπὸ
2792 1303 2884 1357 τοῦ
2917 1304 3122 1376 Κυρίου
3146 1304 3279 1374 πρὸς
3308 1306 3433 1367 τοὺς
3475 1304 3741 1377 μαθητάς

2179 1393 2320 1463 Ἐγὼ
2334 1393 2568 1464 δὲλέγω
2597 1393 2832 1463 ύμῖνμὴ
2868 1395 2944 1465 (2)
2963 1396 3175 1464 ὀμόσαι
3207 1394 3382 1461 ὅλως.
3420 1394 3648 1465 Ἷδωμεν
3683 1395 3747 1450 δὲ

2169 1484 2265 1538 καὶ
2296 1484 2453 1538 τοῦτο
2473 1483 2533 1538 τὸ
2563 1486 2744 1556 ῥητόν·
2777 1486 2872 1539 καὶ
2899 1485 2993 1539 ἐὰν
3024 1486 3149 1557 διδῷ
3174 1486 3326 1551 Θεὸς,
3358 1486 3747 1560 συνεξετασθή-

2170 1590 2320 1630 σεται
2351 1576 2421 1630 τὰ
2447 1576 2763 1649 ἀμφότεραο
2797 1576 2939 1648 τάχα
2966 1577 3076 1650 γὰρ
3107 1578 3321 1649 πρῶτον
3344 1578 3426 1632 δεῖ
3453 1579 3649 1651 ὀμόσαι
3683 1582 3746 1635 ὲν

2167 1668 2416 1741 ἀληθείᾳ,
2451 1668 2546 1723 καὶ
2585 1672 2644 1722 ὲν
2683 1668 2887 1743 κρίσει,
2921 1671 3015 1723 καὶ
3035 1672 3094 1735 ἐν
3124 1668 3458 1742 δικαιοσύνῃ,
3489 1672 3585 1749 ἵνα
3602 1672 3740 1743 μετὰ

2166 1761 2327 1815 τοῦτο
2358 1760 2641 1833 προκόιῖκας
2690 1779 2792 1824 τις,
2835 1762 2985 1826 ἄξιος
3041 1763 3265 1834 γένηται
3295 1763 3390 1817 τοῦ
3422 1764 3496 1836 μὴ
3524 1764 3742 1836 ὀμνύειν

2168 1852 2323 1916 ὅλως,
2341 1851 2454 1905 ἀλλ’
2469 1852 2570 1925 ἔχῃ
2581 1851 2701 1916 ναὶ,
2723 1852 2797 1922 μὴ
2809 1852 3059 1923 δεόμενον
3080 1853 3371 1927 μαρτύρων
3388 1855 3461 1927 (3)
3486 1854 3579 1908 τοῦ
3607 1851 3745 1910 εἶναι

2166 1945 2225 1998 τὺ
2251 1945 2357 1997 ναί
2369 1960 2384 1976 ο
2419 1944 2514 1998 καὶ
2542 1943 2640 2017 ἔχῃ
2661 1944 2754 2007 οὒ,
2781 1945 2854 2016 μή
2887 1945 3138 2017 δεόμενον
3170 1947 3460 2019 μαρτύρων
3478 1946 3573 2001 τοῦ
3608 1942 3751 2002 εἶναι

2166 2036 2298 2089 αὐτὸ
2343 2035 2559 2107 ἀληθῶς
2591 2035 2683 2090 οὔ.
2732 2035 2843 2091 Καὶ
2888 2037 3083 2106 ὀμόσῃ
3118 2032 3250 2102 οὖν,
3280 2037 3366 2106 Ζῇ
3410 2040 3645 2106 Κύριος,
3675 2039 3754 2092 ἐν

2166 2128 2436 2196 ἀληθείᾳ.
2473 2129 2561 2183 Ἐν
2588 2116 2665 2198 τῷ
2685 2128 2938 2200 ὀμνύοντι
2954 2128 3172 2201 πρῶτον
3192 2128 3339 2199 ζητῶ
3360 2129 3421 2182 τὸ
3442 2130 3517 2201 μὴ
3531 2129 3746 2200 ψεῦδος,

2165 2218 2302 2272 ἀλλὰ
2331 2219 2390 2272 τὸ
2416 2218 2635 2291 ἀληθὲς,
2672 2219 2761 2273 ἵνα
2795 2219 2933 2292 μετὰ
2959 2219 3219 2292 ἀληθείας
3249 2220 3453 2291 ὀμόσῃ·
3498 2223 3660 2292 ἡμεῖς
3688 2221 3746 2275 δὲ

2165 2311 2214 2364 οἱ
2252 2311 2481 2375 τάλανες
2523 2312 2617 2365 καὶ
2646 2311 3030 2384 ὲπιορκοῦμεν.
3092 2311 3233 2365 Ἀλλ’
3264 2312 3407 2365 ἔστω
3440 2313 3579 2383 μετὰ
3616 2313 3757 2384 ἀλη-Γ

2167 2401 2339 2467 θείας,
2385 2403 2505 2456 οὐδὲ
2553 2403 2734 2467 καλῶς
2782 2405 2944 2475 ὅρκος
2993 2404 3223 2473 γίνεται,
3277 2403 3393 2456 ἀλλ’
3442 2406 3498 2457 ἐν
3544 2404 3747 2476 κρίσει.

2166 2493 2406 2547 Δεδόσθω
2420 2494 2498 2559 δὲ,
2518 2494 2593 2567 (4)
2611 2494 2723 2548 ἔθει
2750 2494 2935 2567 ὀμνύω
2950 2497 3008 2548 ὲν
3028 2496 3227 2566 κρίσει,
3248 2497 3294 2548 εἰ
3312 2495 3428 2548 δέον
3459 2497 3751 2567 παραλαμ-

2169 2587 2351 2640 6άνειν
2374 2588 2455 2651 είς
2480 2588 2572 2641 τὸν
2601 2587 2843 2641 τοιοῦτον
2860 2589 3020 2659 ὅρκον
3050 2588 3142 2642 τόν
3160 2587 3292 2641 Θεὸν
3310 2589 3400 2641 τὸν
3422 2588 3516 2642 τοῦ
3546 2589 3747 2653 παντὸς

2168 2679 2262 2733 καὶ
2290 2679 2380 2733 τὸν
2421 2678 2656 2751 Χριστὸν
2685 2679 2851 2733 αὐτοῦ
2887 2680 2979 2734 ἑ.πὶ
3008 2681 3127 2734 τόδε
3166 2679 3228 2732 τδ
3261 2681 3527 2752 πρᾶγμα;
3575 2681 3748 2753 Πηλί-

2168 2789 2262 2825 κον
2281 2772 2365 2824 δεῖ
2384 2767 2522 2825 εἶναι
2540 2771 2600 2825 τὸ
2624 2774 2855 2844 πρᾶγμα
2875 2772 2966 2825 ἴνα
2985 2772 3054 2825 τὰ
3079 2772 3281 2841 γόνατα
3303 2772 3382 2826 θῶ
3411 2773 3504 2827 καὶ
3525 2772 3706 2845 δμὸσω
3726 2791 3753 2840 ;

2170 2862 2314 2934 Πρὸς
2328 2863 2394 2934 ἦν
2410 2863 2669 2917 ἀπιστίαν
2688 2865 2984 2936 γενομένην
3008 2865 3083 2935 (5)
3102 2864 3159 2918 ἔν
3186 2883 3295 2919 τισι
3325 2867 3454 2937 περὶ
3478 2867 3572 2921 τοῦ
3587 2868 3749 2938 λόγου

2173 2967 2272 3021 μου
2305 2949 2622 3023 θεραπεύων
2652 2952 2808 3007 τοῦτο
2833 2954 3122 3026 ποιήσαιμί
3155 2973 3318 3021 mss;
3348 2957 3411 3010 Ei
3429 2955 3506 3021 δὲ,
3526 2958 3602 3022 ὡς
3628 2959 3751 3012 ἔτυ-

2169 3059 2281 3113 χεν,
2305 3042 2476 3106 οὕτως
2493 3044 2768 3115 ὀμνύοιμι,
2791 3046 3090 3118 ἁμάρτοιμι
3106 3046 3205 3112 ᾶν;
3238 3047 3378 3101 Ἐὰν
3404 3044 3497 3101 οὖν
3531 3051 3748 3118 ὀμόσῃ,

2170 3136 2218 3187 Ζ
2224 3131 2259 3202 ᾖ
2278 3133 2511 3201 Κύριος,
2530 3134 2681 3203 μετὰ
2698 3135 3000 3202 ἀληθείας,
3028 3135 3211 3189 καὶέν
3237 3137 3447 3205 κρίσει,
3485 3136 3560 3208 μὴ
3586 3138 3751 3209 expi-

490 3232 548 3285 in
561 3231 802 3300 justitia,
836 3246 943 3285 non
971 3230 1191 3301 iniuste,
1244 3239 1295 3285 et
1326 3231 1625 3285 benedicent
1660 3232 1716 3285 in
1771 3249 1829 3287 eo
1870 3244 2065 3303 gentes.

2173 3243 2300 3290 τως,
2330 3225 2429 3279 καὶ
2468 3225 2540 3279 ἐν
2573 3225 2945 3296 δικαιοσύνῃ,
2980 3227 3063 3299 μὴ
3096 3228 3333 3291 ἀδίκωςο
3367 3228 3463 3282 καί
3498 3229 3752 3299 εὐλογή-

497 3317 740 3388 Utraque
784 3319 1072 3388 coniunxit
1095 3363 1108 3384 ,
1135 3327 1190 3373 et
1213 3334 1306 3374 eos
1332 3320 1426 3389 qui
1457 3335 1486 3374 a
1523 3321 1774 3391 gentibus
1816 3331 1962 3389 sunt,
2014 3331 2069 3377 et

492 3407 744 3463 lsraelem
767 3449 782 3475 ,
817 3415 872 3462 et
921 3411 988 3463 de
1041 3409 1295 3479 gentibus
1332 3421 1387 3464 ct
1428 3410 1494 3465 de
1525 3409 1723 3467 lsraelc
1756 3426 2066 3467 sermonem

494 3502 704 3556 habuu.

567 3590 652 3642 13.
696 3586 986 3660 Subiungit
1013 3608 1025 3643 :
1058 3589 1127 3643 Et
1167 3590 1466 3645 benedicent
1498 3593 1553 3645 in
1593 3608 1654 3647 eo
1685 3602 1903 3663 gentes;
1929 3603 1980 3648 et
2009 3593 2061 3646 in

489 3698 549 3736 eo
582 3681 793 3736 laudem
821 3681 998 3736 dicent
1027 3683 1135 3737 Deo
1167 3685 1224 3737 in
1248 3682 1566 3739 Jerusalem.
1603 3684 1733 3740 Ilaec
1762 3688 1901 3740 enim
1930 3686 2063 3740 dicit

493 3773 751 3829 Dominus
780 3775 907 3828 viris
935 3772 1102 3836 Iuda.
1136 3785 1187 3829 et
1231 3775 1592 3831 habitantibus
1613 3776 1931 3833 Jerusalem.
1974 3778 2069 3831 Al-

494 3865 708 3920 locutus
729 3875 814 3920 est
840 3880 937 3920 eos
959 3868 1054 3937 qui
1082 3875 1211 3922 sunt
1235 3883 1301 3922 ex
1334 3866 1521 3933 Israel,
1578 3868 1711 3924 dicit
1738 3871 1873 3925 viris
1901 3869 2062 3925 Juda.

492 3956 852 4027 Tropologias
876 3995 892 4022 ,
934 3972 1073 4027 quas
1102 3974 1277 4029 nuper
1316 3960 1384 4015 de
1423 3958 1563 4014 Juda
1593 3969 1649 4014 et
1690 3961 2065 4018 habitantibus

490 4046 796 4103 Jerusalem
845 4049 1111 4118 exposui,
1170 4051 1433 4106 memoria
1489 4051 1689 4106 recolo.
1745 4051 2068 4110 Habitamus

492 4141 637 4196 enim
668 4155 790 4203 nos,
827 4141 871 4195 si
905 4139 1050 4195 Deus
1080 4140 1324 4204 dederit,
1351 4141 1405 4195 in
1427 4140 1771 4210 Jerusalem;
1804 4144 2066 4212 quoniam

491 4235 585 4288 ubi
631 4234 937 4301 thesaurus,
984 4233 1061 4290 ibi
1099 4241 1149 4288 et
1198 4233 1370 4288 cor“.
1424 4234 1483 4289 Si
1527 4235 1964 4292 thesaurizamus
2011 4236 2064 4290 in

494 4325 682 4392 ctelis,
726 4341 822 4383 cor
849 4327 1014 4382 etiam
1059 4326 1326 4383 habemus
1376 4326 1431 4382 in
1477 4342 1542 4382 ea
1575 4342 1699 4397 qua:
1732 4342 1951 4383 sursum
1983 4338 2069 4385 est

2170 3331 2394 3371 σουσιν
2415 3315 2485 3371 ἐν
2505 3313 2664 3382 αὐτῷ
2683 3318 2849 3385 ἔθνη.
2878 3319 3123 3373 Ἥνωσεν
3152 3320 3459 3392 ἀμφότερα,
3494 3320 3621 3385 τοὺς
3642 3320 3759 3374 ἀπὸ

2170 3408 2278 3461 τῶν
2309 3408 2477 3463 ὲθνῶν
2510 3410 2605 3463 καὶ
2644 3411 2735 3463 τὸν
2796 3412 3034 3485 Ἰσραήλ·
3078 3408 3200 3465 εἷπε
3235 3414 3364 3487 περὶ
3398 3412 3508 3468 τῶν
3553 3413 3747 3477 ἐθνῶν,

2170 3497 2290 3553 εἷπε
2320 3501 2413 3555 καὶ
2437 3502 2563 3575 περὶ
2597 3500 2693 3554 τοῦ
2723 3502 2960 3573 Ἰσραήλ.

2254 3591 2533 3663 Ἐπιφὲρει
2553 3607 2567 3622 ο
2585 3593 2697 3645 Καὶ
2717 3593 3169 3663 εὐλογήσουσιν
3190 3595 3261 3648 ἐν
3278 3593 3437 3661 αὐτῷ
3455 3595 3623 3663 ἔθνη,
3647 3595 3751 3650 καὶ

2175 3682 2247 3735 ἐν
2279 3680 2441 3747 αὐτῷ
2477 3681 2794 3737 αίνέσουσι
2826 3682 2906 3748 τῷ
2936 3682 3060 3748 Θεῷ
3116 3684 3188 3738 ἐν
3218 3684 3625 3755 Ἰερουσαλήμ·
3660 3684 3749 3739 ὅτι

2172 3772 2313 3827 τάδε
2336 3772 2498 3843 λέγει
2527 3773 2742 3842 Κύριος
2772 3773 2895 3841 τοῖς
2920 3773 3217 3844 ἀνδράσιν
3264 3776 3478 3843 Ἰούδα,
3507 3777 3607 3831 καὶ
3627 3776 3750 3843 τοῖς

2171 3862 2559 3918 κατοικοῦσιν
2613 3864 3018 3935 Ἰερουσαλήμ.
3067 3867 3271 3938 Εῐρηκε
3319 3870 3433 3932 τοῖς
3483 3867 3591 3921 ἀπὸ
3640 3868 3753 3922 τῶν

2179 3954 2363 4020 ἐθνῶν,
2399 3956 2586 4029 εἴρηκε
2624 3958 2719 4011 καὶ
2752 3960 2865 4021 τοῖς
2894 3958 3005 4011 ἀπὸ
3046 3959 3282 4032 Ἰσραὴλ,
3310 3958 3455 4030 λέγει
3496 3963 3608 4025 τοῖς
3643 3960 3752 4013 ἀπὺ

2173 4044 2268 4097 τοῦ
2302 4043 2491 4098 Ἰούδα.
2510 4046 2705 4119 Μέμνη
2716 4064 2813 4117 μαι
2834 4046 2943 4100 τῶν
2971 4046 3162 4121 πρώην
3186 4050 3486 4121 εἰρημένων
3510 4050 3755 4123 περὶτοῦ

2182 4136 2352 4191 Ἰούδα
2388 4130 2484 4191 καὶ
2514 4139 2623 4191 τῶν
2667 4138 3064 4192 κατοικούντων
3110 4139 3168 4193 ὲν
3221 4141 3578 4214 Ἰερουσαλήμ
3622 4159 3752 4215 τροη

2176 4229 2461 4297 πολογιῶν.
2485 4230 2565 4301 (6)
2577 4231 2844 4284 Κατοικοῦ
2853 4249 2950 4301 μεν
2963 4232 3035 4301 τὰ
3041 4252 3073 4305 ρ
3091 4234 3123 4304 ἡ
3131 4235 3269 4303 μεῐς,
3288 4233 3381 4287 ἐὰν
3400 4235 3428 4285 ὁ
3439 4232 3570 4297 Θεὸς
3602 4233 3755 4306 διδῷ,

2175 4323 2235 4374 ὲν
2261 4323 2328 4392 τῇ
2377 4321 2747 4394 Ἰερουσαλήμο
2778 4324 2901 4376 ἐπεὶ
2926 4323 3077 4377 ὅπου
3097 4325 3125 4377 ὁ
3145 4327 3470 4392 θησαιῳὸς,
3499 4323 3629 4377 ἐκεῖ
3652 4323 3753 4377 καὶ

491 4413 796 4472 Jerusalem
839 4418 907 4473 de
934 4433 1043 4488 qua
1089 4417 1383 4487 Apostolus
1419 4418 1539 4473 ait:
1581 4392 1693 4472 illa
1738 4428 1913 4472 autem
1954 4436 2067 4491 qua

2178 4413 2217 4481 ὴ
2257 4392 2489 4480 καρδία.
2537 4392 3107 4484 Ἐὰννθησαυρίζωμεν
3137 4415 3194 4466 ὲν
3226 4413 3460 4486 οὐρανῷ,
3495 4414 3589 4467 καὶ
3618 4412 3757 4482 ἔχω-

494 4523 707 4561 sursum
739 4516 816 4561 est
843 4506 1142 4561 Jerusalem
1161 4551 1175 4573 ,
1212 4508 1378 4562 libera
1415 4518 1490 4563 est
1518 4524 1637 4579 qua:
1673 4519 1750 4563 est
1786 4520 1956 4564 mater
1978 4527 2072 4565 no-

495 4610 629 4666 stra,
661 4601 795 4655 sicut
823 4601 1078 4668 scriptum
1120 4611 1197 4655 est
1218 4600 1283 4665 ",
1324 4607 1379 4653 et
1412 4614 1534 4670 quae
1574 4610 1899 4669 sequuntur.
1941 4602 2071 4657 Haec

497 4692 660 4762 igitur
687 4691 819 4745 dicit
872 4691 1126 4744 Dominus
1173 4691 1299 4746 uiris
1324 4689 1469 4745 Juda
1506 4699 1557 4745 et
1588 4691 1948 4749 habitantibus
1974 4694 2070 4749 Je-

496 4785 724 4839 rusalem
748 4801 766 4838 :
794 4781 998 4837 Novate
1024 4782 1164 4837 vobis
1202 4784 1411 4837 novalia
1441 4792 1490 4837 et
1528 4783 1689 4838 nolite
1713 4802 1885 4841 serere
1912 4804 2069 4858 super

498 4876 676 4946 spinas
696 4878 760 4932 η.
787 4876 1070 4948 Ρνςεοίριιε
1101 4878 1168 4932 ad
1207 4877 1457 4932 doctores
1491 4886 1701 4947 spectat
1734 4878 1824 4934 hic
1863 4894 2077 4959 sermo,

496 4983 566 5023 ne
595 4968 746 5038 prius
779 4968 1125 5023 auditoribus
1156 4969 1320 5023 verba
1354 4971 1609 5037 credant,
1660 4984 1826 5041 quam
1852 4971 2068 5025 novalia

2182 4520 2283 4574 μεν
2317 4504 2416 4573 τὴν
2449 4503 2677 4574 καρδίαν
2710 4504 2771 4556 ὲν
2808 4504 3164 4576 Ἰερουσαλὴμ
3189 4507 3256 4577 τῇ
3291 4505 3423 4570 ἄνω,
3471 4504 3599 4576 περὶ
3621 4500 3691 4575 ἧς
3726 4507 3759 4559 ὀ

2191 4594 2509 4659 Ἀπόστολός
2536 4612 2717 4667 φησιν’
2747 4595 2816 4650 Ἦ
2828 4595 2897 4649 δὲ
2920 4596 3040 4649 ἀνω
3073 4596 3457 4666 Ἰερουσαλὴμ
3469 4595 3758 4664 ἐλευθέρα

2175 4686 2369 4751 ἐστὶν,
2402 4686 2535 4757 ἣτις
2558 4685 2691 4743 ἐστὶ
2721 4687 2918 4756 μητὴρ
2944 4687 3141 4758 ἡμῶν,
3166 4689 3246 4755 ὡς
3281 4687 3624 4759 γέγραπται,
3658 4691 3759 4743 καὶ

2175 4779 2243 4833 τὰ
2296 4780 2441 4850 ἑξῆς.
2494 4778 2638 4833 Τάδε
2680 4774 2775 4833 οὖν
2826 4778 2988 4849 λέγει
3035 4781 3250 4849 Κύριος
3297 4779 3422 4845 τοῖς
3457 4777 3758 4846 ἀνδράσιν

2187 4871 2402 4935 Ἰούδα,
2416 4872 2512 4926 καὶ
2528 4871 2653 4939 τοῖς
2666 4871 3051 4927 κατοικοῦσιν
3062 4869 3759 4941 ἸερουσαλήμΝεώσατε

2173 4962 2413 5028 ἑαυτοῖς
2444 4961 2734 5032 νεώματα,
2764 4963 2865 5017 καὶ
2890 4962 2976 5033 μὴ
3003 4963 3277 5032 excipere
3313 4962 3407 5016 ἐπ’
3438 4960 3755 5030 ἀκάνθαις.

571 5174 615 5206 ³³
638 5172 827 5228 Matth.
864 5189 917 5240 ν,
943 5173 1033 5229 54.
1113 5174 1156 5205 ’δ
1187 5173 1376 5229 Matth.
1405 5193 1495 5242 γι,
1532 5176 1621 5232 2L
1701 5176 1745 5209 ¹⁸
1773 5174 1894 5231 Gal.
1929 5191 2003 5243 tv,
2035 5174 2067 5230 Ξ

2203 5176 2248 5207 ¹⁶
2271 5173 2471 5230 Jerem.
2502 5190 2575 5242 tv,
2603 5174 2657 5230 3.

569 5373 645 5441 (ἱ)
686 5372 1048 5445 Scribendum
1085 5385 1240 5445 putat
1267 5374 1518 5440 Huetius,
1544 5376 1785 5445 οἴδαμεν.
1872 5355 1887 5369 κ

568 5445 647 5511 (2)
686 5446 744 5499 ln
760 5445 883 5500 cod.
902 5441 1022 5500 Vat.
1040 5441 1181 5501 male
1203 5448 1422 5501 omissa:
1444 5456 1572 5500 sunt
1601 5441 1683 5500 hae
1704 5460 1897 5500 voces:
1921 5444 2067 5515 λέγω

497 5512 796 5601 “giliis.
1086 5585 1228 5601 ...
1504 5583 1530 5596 -
1588 5578 1612 5601 .
1784 5582 1799 5601 .
1862 5582 1907 5601 ,.

570 5578 819 5656 (ὄγδοά.
855 5583 1020 5656 γαίη
1040 5586 1115 5656 μὴ
1144 5585 1395 5656 δεόμενον
1438 5583 1532 5639 τοῦ
1562 5578 1703 5656 εἶναι
1748 5582 1810 5637 τὸ
1840 5582 1912 5656 οὗ
1932 5600 1946 5613 ·
1976 5583 2073 5656 καὶ

626 5653 693 5775 αξξ
709 5652 807 5720 ob;
835 5656 910 5726 μὴ
937 5651 1187 5727 δεόμενον
1216 5651 1506 5727 μαρτύρων
1526 5655 1603 5726 τῷ
1635 5651 1771 5708 εἶναι
1792 5654 1923 5707 αὐτὸ
1938 5654 2073 5726 ἀλη-

569 5762 817 5860 artiori.
853 5792 973 5849 Vat.
993 5835 1007 5859 ,
1037 5794 1279 5866 γένηται.
1315 5793 1437 5853 Mox
1469 5796 1608 5851 idem
1641 5794 1812 5852 codex
1837 5793 2069 5848 δεδόσθω

2180 5380 2443 5452 γαρ...ηεὶ
2469 5379 2579 5452 δέοι
2611 5378 3053 5452 παραλαμϐάνειν
3083 5381 3163 5445 είς
3198 5378 3291 5432 τὸν
3317 5375 3559 5431 τοιοῦτον
3591 5375 3757 5449 ὅρκον

2180 5397 2359 5452 γαρ...
2392 5398 2443 5435 ει
2469 5397 2577 5434 osos
2611 5397 3053 5503 παραΑῗέιοανειν
3083 5397 3163 5445 εις
3198 5397 3291 5432 τον
3317 5397 3386 5431 τοι

2179 5450 2397 5529 τὸν-’τοᾷ
2428 5450 2659 5529 ωντρς,
2680 5449 2770 5503 τὸν
2850 5449 3052 5529 ριστρν.
3088 5519 3100 5529 _
3168 5516 3180 5529 .
3287 5518 3300 5529 .
3373 5515 3386 5529 .

2252 5521 2329 5591 (5)
2369 5522 2445 5575 lta
2483 5523 2651 5575 codex
2673 5514 2917 5591 uterque.
2952 5516 3255 5574 Ghislerius
3286 5515 3389 5589 legi
3418 5515 3532 5571 vult
3562 5532 3580 5572 :
3612 5514 3756 5588 πρὸς

2179 5588 2277 5662 τὴν
2303 5588 2902 5663 ἀπιστίαν-γενομένην.
2938 5656 2951 5663 μ
3068 5656 3093 5663 _
3208 5657 3239 5663 _
3661 5652 3678 5663 _
3738 5630 3779 5661 χ

2253 5661 2330 5743 (ἒξ)
2368 5660 2501 5724 COd.
2557 5652 2728 5730 Vim;
2769 5652 3155 5741 τροπολογιῶν.
3205 5656 3438 5715 Scorial.
3488 5652 3754 5727 τροπολο-

2178 5747 2369 5798 γικως.
