4130 6438
399 362 508 424 313

1567 362 1636 421 ιη
1671 360 2019 422 JEREMIAM
2061 363 2340 421 HOMILIA
2382 363 2447 424 Υ.

3542 364 3650 422 3H

410 482 473 534 '0
482 476 641 554 λόγος
654 473 807 545 οὗτος
829 477 1062 554 μάλιστα
1077 485 1188 549 τοῖς
1208 478 1766 551 διδάσκουσιλέγεται,
1790 481 1877 535 ἵνα
1899 482 1967 552 μὴ

2080 480 2306 538 fecerint
2351 482 2406 537 in
2457 495 2650 537 eorum
2695 481 2916 539 animis.
2947 481 3178 549 Quando
3223 482 3368 539 enim
3404 480 3652 537 adhibito

402 573 667 645 πρότερον
694 573 1099 646 ὲμπιπεύσωσι
1123 573 1192 629 τά
1210 573 1479 645 λεγόμενα
1498 577 1612 638 τοῖς
1654 574 1971 646 ἀκροαταῖς,

400 665 507 736 πρὸ
521 663 611 718 τοῦ
634 663 891 736 νεὼματα
918 667 1138 738 ποιῆσαι
1166 668 1224 720 ὲν
1243 670 1363 730 ταῖς
1377 666 1573 737 ψυχαῖς
1586 664 1785 719 αὐτῶν.
1808 665 1973 720 Ὅταν

398 756 508 827 γὰρ
535 756 751 830 ἀρότρῳ
790 757 1137 822 ἐπιὸαλόντες
1159 758 1259 830 τὴν
1281 760 1439 829 χεῖρα
1458 755 1712 827 νεὼματα
1739 757 1975 828 ποιήσω-

403 861 485 904 σιν
516 848 571 902 ὲν
604 852 723 913 ταῖς
746 850 965 921 ψυχαῖς,
986 851 1130 904 κατὰ
1144 851 1244 922 τὴν
1269 850 1376 921 γῆν
1401 850 1500 921 τὴν
1526 849 1697 921 καλὴν
1719 849 1812 903 καὶ
1837 849 1975 917 ἀγα-

401 940 498 1011 θὴν
525 940 729 995 τούτων
761 943 1083 1007 ἀκουόντων,
1110 943 1234 996 τότε
1265 941 1579 1013 σπείροντες
1617 942 1678 994 οὐ
1722 940 1975 1011 σπείρου-

404 1047 484 1085 σιν
523 1033 610 1086 ἐπ’
643 1034 928 1099 ἀκάνθαις·
964 1034 1060 1088 ἐὰν
1089 1034 1148 1087 δὲ
1180 1034 1288 1105 πρὸ
1316 1033 1411 1086 τοῦ
1449 1033 1701 1106 ἀρότρου,
1737 1032 1831 1086 καὶ
1866 1033 1974 1102 πρὸ

396 1118 490 1173 τοῦ
516 1119 774 1192 νεώματα
813 1124 1034 1193 ποιῆσαι
1064 1125 1124 1176 ἐν
1155 1121 1234 1192 τῷ
1260 1123 1571 1194 ἡγεμονικῷ
1608 1122 1718 1175 τῶν
1744 1122 1972 1175 ἀκουόν-

396 1228 526 1274 των,
559 1212 698 1285 λάϐῃ
735 1232 820 1278 τις
855 1215 925 1268 τὰ
961 1214 1253 1286 σπέρματα
1300 1216 1369 1270 τά
1403 1215 1555 1283 ἀγια,
1593 1215 1685 1267 τὸν
1719 1214 1847 1284 περὶ
1878 1213 1972 1266 τοῦ

397 1302 614 1376 Πατρὸς
642 1303 818 1374 λόγον,
847 1306 937 1358 τὸν
967 1306 1094 1377 περὶ
1124 1305 1219 1359 τοῦ
1236 1305 1384 1369 Υἰοῦ,
1416 1306 1507 1358 τὸν
1533 1305 1662 1376 περὶ
1690 1304 1783 1357 τοῦ
1817 1303 1971 1373 άγίου

396 1396 732 1469 Πνεύματος,
761 1398 853 1452 τὸν
882 1397 1038 1467 λόγον
1069 1399 1159 1452 τὸν
1197 1403 1324 1470 περὶ
1354 1398 1725 1463 ἀναστάσεως,
1759 1396 1853 1449 τὸν
1889 1395 1975 1448 λό-

394 1505 492 1559 γον
519 1490 613 1544 τὸν
644 1490 773 1562 περὶ
806 1490 1099 1557 κολάσεως,
1132 1489 1226 1544 τὸν
1252 1490 1409 1560 λόγον
1434 1491 1526 1543 τὸν
1567 1489 1698 1560 περὶ
1724 1487 1973 1543 ἀναπαύ-

396 1599 557 1646 σεως,
584 1583 678 1636 τὸν
697 1583 827 1655 περὶ
843 1582 1030 1653 νόμου,
1063 1583 1156 1638 τὸν
1176 1582 1304 1654 περὶ
1331 1580 1647 1653 προφητῶν,
1683 1583 1777 1635 καὶ
1797 1580 1975 1647 ἀπαξ-

394 1673 584 1737 απλῶς
608 1674 837 1728 ἑκάστου
883 1673 992 1729 τῶν
1034 1672 1454 1744 γεγραμμένων,
1488 1673 1584 1725 καὶ
1614 1672 1833 1743 σπείρῃ,
1869 1688 1975 1725 πα-

397 1763 643 1837 ραϐαίνει
668 1764 768 1836 τὴν
807 1764 1072 1833 λέγουσαν
1124 1762 1343 1833 ἐντολὴν
1399 1761 1639 1833 πρῶτονο
1698 1761 1976 1816 Νεώσατε

393 1855 632 1922 ἑαυτοῖς
654 1854 944 1925 νεώματα·
980 1854 1251 1927 δεύτερον,
1299 1852 1412 1908 Καὶ
1443 1851 1531 1923 μὴ
1577 1852 1854 1921 σπείρετε
1878 1853 1973 1908 ἐπ’

394 1943 709 2011 ἀκάνθαις.
756 1944 917 1998 Ἀλλά
946 1947 1064 2017 ὲρεῖ
1102 1962 1185 2009 τις
1225 1944 1335 1998 τῶν
1373 1943 1708 1999 ἀκουόντων’
1727 1944 1870 2014 Ἐγὼ
1909 1945 1970 1999 ού

397 2036 656 2101 διδάσκω,
668 2036 767 2108 οὐχ
785 2036 1076 2108 ὑπόκειμαι
1095 2036 1265 2109 ταύτῃ
1281 2039 1346 2109 τῇ
1365 2035 1570 2108 ἐντολῇ.
1589 2037 1699 2091 Καὶ
1720 2036 1783 2090 σὺ
1798 2054 1974 2109 γεωρ-

399 2126 496 2196 γὸς
513 2127 671 2196 γενοῦ
698 2128 955 2194 σεαυτοῦ,
988 2129 1064 2199 (Ι)
1086 2129 1181 2181 καὶ
1205 2128 1278 2199 μὴ
1304 2127 1533 2201 σπείρης
1577 2130 1663 2182 ἐπ’
1687 2128 1968 2195 ἀκάνθαις,

397 2214 533 2269 ἀλλά
554 2220 736 2287 ν’ωμα
769 2217 990 2289 ποίησόν
1020 2233 1109 2288 μοι
1133 2216 1194 2269 τὸ
1221 2217 1418 2287 χωρίον
1438 2215 1467 2269 ὃ
1487 2216 1821 2271 πεπίστευκέ
1843 2233 1923 2269 σοι
1942 2218 1972 2270 ό

396 2305 527 2370 Θεὸς
546 2307 654 2361 τῶν
671 2308 825 2363 ὅλων.
871 2308 1219 2380 Κατανόησον
1258 2309 1318 2363 τὸ
1356 2309 1573 2380 χωρίον,
1605 2309 1681 2362 ἴδε
1709 2310 1812 2363 ποῦ
1832 2310 1970 2362 εἰσιν

393 2398 642 2464 ἄκανθαι,
661 2399 764 2453 ποῦ
781 2399 1041 2473 μέριμναι
1058 2401 1310 2472 ptumam}.
1320 2402 1413 2455 καὶ
1425 2400 1655 2455 πλούτου
1672 2400 1887 2472 φιληδον
1895 2400 1968 2453 ία.

392 2489 500 2544 Καὶ
515 2493 854 2564 κατανοήσας
870 2492 969 2556 τὰς
984 2492 1225 2557 ἀκάνθας
1235 2492 1335 2556 τάς
1350 2495 1408 2545 ὲν
1429 2496 1495 2564 τῇ
1517 2492 1662 2564 ψυχῇ
1682 2510 1797 2555 σου,
1814 2492 1973 2563 ζήτη-

392 2595 484 2634 σον
501 2581 561 2635 τὸ
590 2580 804 2651 λογικὸν
831 2582 1081 2654 ἄροτρον,
1112 2583 1240 2653 περὶ
1260 2576 1320 2635 οῦ
1354 2582 1563 2653 Ἰησοῦς
1586 2598 1717 2653 φησι
1739 2582 1829 2635 τόο
1866 2585 1972 2636 Οὐ-

388 2671 513 2739 δείς
533 2673 750 2738 βαλὼν
775 2672 893 2742 τὴν
918 2674 1086 2744 χεῖρα
1118 2674 1211 2727 ἐπ’
1238 2672 1512 2743 ἄροτρον,
1548 2673 1648 2726 καὶ
1683 2672 1972 2743 στραφεὶς

387 2764 475 2827 εὶς
501 2761 577 2815 τὰ
600 2763 814 2825 ὀπίσω,
841 2763 1083 2827 εὔθετός
1113 2762 1246 2815 ἐστι
1268 2760 1343 2831 τῇ
1356 2762 1639 2828 βασιλείᾳ
1668 2762 1775 2817 τοῦ
1797 2763 1966 2818 Θεοῦ.

392 2853 641 2925 Ζητήσας
672 2852 824 2918 αὐτὸ,
848 2852 942 2906 καὶ
974 2850 1169 2925 εὑρὼν,
1200 2853 1307 2907 ἀπὸ
1337 2853 1446 2907 τῶν
1471 2854 1702 2926 Γραφῶν
1736 2872 1970 2924 συναγα-

388 2942 503 3013 γὼν
526 2944 652 3007 τοὺς
670 2943 815 3015 βοῦς,
844 2944 969 3008 τοὺς
994 2944 1231 3017 ἐργάτας
1253 2945 1380 3010 τοὺς
1404 2945 1697 3019 καθαροὺς,
1720 2947 1971 3020 ἀροτρία-

393 3048 506 3095 σον,
538 3031 630 3085 καὶ
658 3032 859 3086 νέωσον
891 3034 988 3105 τὴν
1032 3034 1155 3106 γῆν,
1191 3034 1287 3087 καὶ
1316 3035 1406 3089 ἴνα
1432 3036 1629 3108 μηκέτι
1738 3037 1964 3103 παλαιὰ,

388 3123 613 3194 ποίησον
634 3123 805 3195 αὐτὴν
822 3124 961 3178 νέαν.
999 3125 1390 3197 Ἐκδυσάμενος
1403 3127 1493 3180 τὸν
1510 3128 1736 3181 παλαιὸν
1760 3128 1968 3202 ἄνθρω-

386 3229 488 3267 πον
529 3214 626 3267 σὺν
666 3217 788 3277 ταῖς
820 3216 1082 3286 πράξεσιν
1119 3214 1306 3279 αὑτοῦ,
1349 3217 1443 3270 καὶ
1489 3217 1844 3288 ἐνδυσάμενος
1874 3218 1966 3274 τὸν

383 3306 504 3359 νέον
551 3305 646 3360 τὸν
695 3306 1154 3378 ἀνακαινούμενον
1202 3309 1282 3371 εἰς
1342 3308 1659 3376 ἐπίγνωσιν,
1720 3311 1967 3382 ποιήσεις

387 3397 596 3469 σεαυτῷ
615 3398 818 3469 νέωμα.
839 3400 946 3452 Καὶ
965 3399 1061 3453 ἐὰν
1081 3402 1311 3473 ποιήσῃς
1338 3400 1400 3453 τὸ
1425 3400 1631 3471 νὲωμα,
1655 3402 1787 3455 λάϐε
1810 3403 1969 3473 σπέρ-

388 3505 535 3559 ματα
566 3488 675 3542 ἀπὸ
705 3488 813 3541 τῶν
841 3489 1219 3554 διδασκόντων,
1245 3490 1379 3544 λάϐε
1412 3491 1702 3561 σπέρματα
1732 3492 1840 3546 ἀπὸ
1870 3492 1964 3546 τοῦ

384 3581 573 3653 νόμου,
610 3580 744 3636 λάϐε
790 3582 897 3635 ἀπὸ
931 3581 1041 3635 τῶν
1077 3582 1393 3655 προφητῶν,
1438 3583 1546 3635 ἀπὸ
1592 3584 1964 3652 εύαγγελικῶν

383 3670 638 3744 ΓραφιῖΝ,
680 3674 1051 3728 ἀποστολικῶν
1089 3674 1283 3743 λόγων,
1326 3674 1422 3728 καὶ
1461 3674 1641 3730 λαϐὼν
1687 3675 1862 3728 ταῦτα
1895 3674 1964 3728 τὰ

386 3764 697 3837 σπέρματα,
718 3769 936 3838 σπεῖρον
958 3767 1056 3837 τὴν
1070 3766 1246 3838 ψυχὴν
1273 3765 1351 3837 (Ξ)
1384 3764 1475 3819 διὰ
1495 3768 1593 3838 τῆς
1629 3769 1848 3838 μνήμης
1869 3767 1965 3819 καὶ

382 3855 483 3927 τῆς
524 3856 773 3928 μελέτης.
809 3858 1102 3928 Αὐτόματα
1133 3857 1305 3911 ταῦτα
1352 3857 1494 3922 δόξει
1541 3855 1871 3920 ἀνατέλλειν,
1906 3856 1967 3909 τὸ

384 3948 601 4022 άληθῶς
627 3949 685 4002 δὲ
718 3951 817 4002 ούκ
847 3949 986 4004 αὐτὰ
1019 3950 1295 4003 ἀνατέλλει
1329 3950 1467 4021 μετὰ
1489 3949 1589 4020 τὴν
1619 3951 1838 4019 μνήμην
1870 3947 1967 3999 αὑ-

382 4038 515 4107 τῶν,
558 4040 673 4094 ἀλλ’
721 4039 749 4092 ὁ
809 4039 942 4104 Θεὸς
989 4040 1130 4095 αὐτὰ
1184 4039 1369 4105 αὔξει·
1442 4040 1591 4112 Ἐγὼ
1638 4041 1964 4110 ἐφύτευσα,

397 4124 688 4196 Ἀπολλὼς
732 4131 1037 4196 ἐπότισεν,
1098 4132 1235 4187 ἀλλ’
1284 4134 1317 4185 ό
1365 4132 1510 4200 Θεὸς
1548 4132 1805 4202 ηὔξησε.
1852 4131 1965 4186 Καὶ

382 4223 437 4277 εἰ
462 4224 546 4288 τίς
583 4240 645 4292 γε
671 4222 950 4295 δεδύνηται
998 4221 1072 4295 (3)
1113 4224 1442 4295 κατανοῆσαι
1473 4223 1571 4288 τὰς
1608 4223 1850 4296 Γραφάς,
1874 4216 1965 4278 οῦ-

379 4332 473 4379 τος
516 4316 785 4387 πεποίηκε
836 4316 1057 4385 νέωμα·
1109 4316 1204 4369 καὶ
1244 4317 1476 4386 ποιήσας
1521 4316 1729 4386 νέωμα,
1775 4316 1963 4369 ἔσπει-

384 4424 478 4478 ρεν
514 4408 616 4461 οὐκ
656 4409 713 4460 ὲν
745 4406 1031 4470 ἀκάνθαις.
1080 4406 1262 4460 Ταῦτα
1325 4407 1394 4461 τὰ
1440 4408 1728 4480 σπέρματα
1763 4410 1964 4463 οἰκονοι

2077 580 2260 627 aratro
2305 572 2524 628 novalia
2555 571 2784 629 fecerim
2813 573 2867 627 in
2899 582 3045 629 terra
3070 574 3211 631 bona
3236 584 3290 630 et
3313 573 3567 639 fecunda,
3593 574 3651 628 in

2076 665 2365 721 animabus
2398 680 2594 736 nempe
2634 666 2944 721 auditorum
2967 707 2982 733 ,
3014 674 3145 723 tunc
3182 668 3511 722 seminantes
3539 682 3652 721 non

2076 757 2352 813 seminam
2392 772 2557 828 super
2606 760 2827 828 spinas;
2879 761 2926 814 si
2955 775 3086 815 vero
3114 771 3244 814 ante
3288 767 3564 824 aratrum,
3597 767 3654 816 et

2074 849 2394 920 priusquam
2426 851 2642 906 novalia
2675 851 2818 906 facta
2872 853 2982 908 sint
3010 853 3066 907 in
3100 862 3278 908 mente
3303 853 3611 907 auditorum
3631 894 3648 920 ,

2074 941 2347 1010 acceperit
2386 941 2511 1011 quis
2538 952 2725 996 sancta
2753 942 2963 998 semina
2983 984 2997 1008 ,
3029 958 3340 998 sermonem
3373 944 3439 998 de
3467 941 3648 1009 Patre,

2075 1047 2384 1088 sermonem
2431 1033 2499 1087 de
2539 1031 2679 1086 Filio
2699 1071 2714 1097 ,
2747 1048 3055 1088 sermonem
3087 1035 3155 1089 de
3186 1033 3390 1103 Spiritu
3435 1042 3649 1091 sancto.

2076 1137 2380 1178 sermonem
2416 1122 2485 1178 de
2535 1124 2959 1189 resurrectione,
2997 1139 3305 1178 sermonem
3340 1123 3406 1176 de
3440 1122 3650 1191 suppli-

2074 1214 2209 1277 ciis,
2254 1228 2564 1269 sermonem
2593 1214 2660 1269 de
2689 1214 2908 1284 requie,
2940 1227 3249 1268 sermonem
3292 1211 3359 1267 de
3397 1212 3544 1282 lege,
3584 1212 3651 1265 de

2076 1304 2385 1374 prophetis,
2406 1313 2483 1371 et,
2515 1313 2576 1359 ut
2608 1320 2718 1360 uno
2741 1306 2908 1362 verbo
2938 1305 3140 1371 dicam,
3178 1306 3246 1360 de
3279 1306 3510 1376 singulis
3530 1320 3653 1376 quas

2077 1395 2278 1465 scripta
2309 1403 2459 1461 sunt,
2483 1402 2538 1449 et
2563 1395 2933 1459 seminaverit,
2961 1397 3129 1452 violat
3152 1396 3470 1451 mandatum
3502 1395 3651 1466 quod

2076 1486 2155 1540 ait
2173 1486 2382 1554 primo:
2405 1484 2611 1541 Novate
2626 1487 2767 1541 vobis
2783 1488 3027 1553 navalia;
3052 1488 3249 1544 deinde
3267 1505 3279 1540 ε
3304 1487 3374 1541 Et
3393 1487 3553 1542 nolite
3575 1503 3654 1541 se-

2076 1593 2189 1631 rere
2201 1593 2358 1646 super
2374 1577 2789 1646 spirras.Verum
2806 1580 2951 1635 dicet
2968 1595 3243 1636 nonnemo
3260 1578 3422 1649 158
3434 1578 3653 1634 audito-

2075 1683 2199 1722 rum
2226 1666 2377 1735 :Ego
2413 1682 2522 1722 non
2544 1669 2737 1734 doceo,
2767 1682 3038 1739 praecepto
3060 1670 3190 1725 huic
3223 1686 3332 1727 non
3365 1669 3646 1739 subjaceo.

2078 1756 2185 1814 Sed
2217 1758 2589 1829 tuimetipsius
2623 1760 2861 1830 agricola
2890 1759 2967 1815 sis
2988 1801 3005 1825 ,
3028 1769 3084 1814 et
3115 1761 3228 1814 noli
3258 1774 3440 1815 serere
3484 1774 3651 1830 super

2003 1842 2047 1897 Β
2075 1850 2282 1920 spinas.
2315 1848 2519 1906 Novale
2570 1848 2656 1906 fac
2695 1866 2884 1921 agrum
2927 1866 3088 1921 quem
3121 1851 3217 1905 tibi
3247 1851 3476 1906 credidit
3505 1850 3652 1910 Deus

2073 1943 2476 1999 universorum.
2532 1942 2832 1999 Considera
2896 1958 3119 2013 agrum,
3181 1942 3306 1998 vide
3364 1942 3456 1996 ubi
3522 1950 3651 1997 sunt

2072 2036 2278 2105 spinae,
2321 2035 2417 2090 ubi
2449 2035 2574 2091 vitae
2606 2036 2772 2105 hujus
2821 2036 3182 2106 cogitationes
3234 2043 3290 2089 et
3334 2033 3649 2090 divitiarum

2070 2141 2262 2194 amor;
2294 2136 2350 2182 et
2392 2128 2486 2183 ubi
2519 2129 2709 2198 spinas
2747 2144 2872 2198 quae
2921 2138 3051 2183 sunt
3088 2127 3143 2182 in
3175 2127 3358 2182 anima
3406 2135 3499 2181 tua
3553 2141 3651 2180 co-

2071 2217 2343 2288 gnoveris,
2373 2232 2555 2289 quaere
2583 2217 2909 2273 rationabile
2937 2225 3179 2273 aratrum
3211 2217 3278 2273 de
3309 2230 3422 2287 quo
3456 2215 3531 2269 ait
3558 2212 3649 2268 ,Ιο-

2072 2324 2204 2365 sus:
2233 2308 2401 2365 Nemo
2430 2311 2640 2365 mittens
2672 2327 2890 2366 martum
2922 2310 2992 2365 ad
3024 2320 3264 2364 aratrum
3288 2318 3337 2364 et
3362 2308 3647 2379 respiciens

2071 2408 2232 2465 retro,
2261 2411 2413 2470 aptus
2442 2410 2520 2455 est
2550 2417 2705 2471 regno
2753 2401 2850 2458 Dei
2868 2402 2933 2456 ’⁷.
2984 2399 3099 2456 Hoc
3146 2401 3450 2472 perquisito
3478 2407 3533 2453 et
3562 2399 3648 2452 iu-

2070 2502 2267 2559 vento,
2317 2507 2349 2547 e
2397 2492 2696 2562 Scripturis
2752 2494 3068 2549 conducens
3115 2495 3311 2558 boves,
3365 2493 3650 2561 operarios

2072 2584 2347 2651 mundos,
2398 2594 2583 2639 aratro
2632 2584 2854 2655 subige,
2891 2593 2945 2640 et
2987 2584 3187 2639 iunova
3220 2593 3454 2648 terram,
3487 2592 3539 2637 et
3582 2599 3649 2636 ne

2071 2676 2308 2746 amplius
2352 2677 2426 2731 sit
2463 2684 2698 2741 vetusta,
2741 2676 2826 2730 fac
2859 2677 3029 2745 ipsam
3059 2691 3275 2731 novam.
3306 2674 3525 2729 Exueus
3557 2688 3650 2729 ve-

2073 2778 2243 2824 terem
2270 2768 2544 2823 hominem
2575 2782 2701 2822 cum
2733 2767 2943 2827 actibus
2978 2767 3093 2822 suis
3112 2766 3175 2833 ¹⁸,
3206 2774 3259 2820 et
3285 2765 3518 2819 induens
3552 2780 3651 2817 no-

2069 2875 2200 2914 vum
2229 2860 2322 2929 qui
2373 2867 2670 2914 renovatur
2698 2859 2751 2913 in
2784 2857 3118 2929 agnitionem
3144 2896 3159 2919 ,
3199 2857 3365 2910 facies
3410 2856 3650 2910 tibimet-

2070 2952 2172 3022 ipsi
2225 2951 2455 3019 novale;
2509 2959 2565 3007 et
2597 2951 2690 3006 ubi
2722 2949 2920 3006 feceris
2963 2948 3187 3013 novale,
3224 2964 3254 3003 a
3289 2947 3644 3014 doctoribus,

2070 3043 2206 3113 lege,
2233 3043 2537 3113 prophetis,
2569 3042 2899 3111 evangelicis
2928 3040 3227 3111 Scripturis
3248 3081 3263 3106 ,
3296 3039 3645 3110 apostolicis-

2068 3150 2175 3205 que
2218 3135 2566 3189 sermonibus
2593 3133 2776 3203 accipe
2803 3132 3013 3189 semina
3041 3139 3095 3186 et
3119 3146 3182 3185 ea
3216 3131 3269 3184 in
3299 3130 3535 3185 animam
3559 3128 3645 3198 ja-

2068 3226 2178 3282 cito
2226 3226 2504 3282 memoriae
2549 3226 2815 3280 mandans
2862 3233 2916 3279 et
2971 3224 3323 3278 meditatione
3365 3221 3643 3276 excolcns.

2066 3317 2343 3374 Pullulare
2389 3318 2507 3374 haec
2542 3333 2641 3374 sua
2682 3327 2877 3387 sponte
2927 3316 3302 3370 videbuntur:
3334 3330 3520 3367 revera
3564 3321 3646 3365 ta-

2065 3425 2191 3465 men
2234 3425 2342 3464 non
2390 3425 2454 3464 ea
2506 3424 2601 3479 per
2650 3409 2971 3463 memoriam
3024 3411 3308 3473 oriuntur,
3363 3406 3457 3460 sed
3501 3403 3645 3459 Deus

2066 3502 2201 3572 ipsis
2251 3501 2651 3557 incrementum
2691 3501 2785 3556 dat
2818 3517 2830 3552 :
2867 3498 2980 3570 Ego
3018 3498 3292 3568 plantavi,
3346 3495 3536 3565 Apollo
3568 3497 3647 3548 ri-

2062 3593 2245 3663 gavit,
2292 3591 2434 3646 Deus
2482 3600 2660 3645 autem
2701 3592 3082 3645 incrementum
3132 3589 3277 3643 dedit
3298 3587 3361 3640 ι’.
3411 3587 3564 3652 Quod
3596 3587 3642 3639 si

2063 3684 2187 3754 quis
2205 3682 2518 3752 Scriptores
2543 3681 2847 3752 intelligere
2868 3681 3127 3751 potuerit,
3149 3682 3237 3734 hic
3266 3679 3397 3733 iecit
3417 3677 3640 3743 novale;

2064 3782 2118 3830 et
2139 3789 2264 3828 cum
2291 3772 2478 3828 fecerit
2502 3773 2717 3838 novale,
2743 3787 2849 3825 non
2885 3773 2938 3826 in
2972 3768 3145 3842 spinis
3180 3769 3490 3825 seminavit.
3516 3766 3644 3824 llaec

2064 3863 2309 3929 semina,
2359 3864 2471 3917 Deo
2512 3863 2588 3916 ita
2632 3861 2992 3930 disponente,
3035 3877 3143 3916 non
3199 3869 3422 3931 repente
3477 3860 3644 3929 spica“:

2065 3954 2221 4016 liunt,
2252 3952 2367 4016 sed,
2396 3958 2456 4005 ut
2483 3950 2537 4005 in
2569 3950 2864 4022 Evangelio
2894 3952 3196 4007 secundum
3225 3952 3470 4006 Marcum
3512 3951 3643 4021 legi-

2066 4045 2236 4108 tur",
2285 4043 2522 4113 primum
2569 4042 2732 4097 herba
2754 4081 2768 4105 ,
2803 4042 2998 4097 deinde
3032 4046 3204 4112 spica,
3231 4043 3450 4097 demum
3481 4057 3643 4111 para-

2062 4143 2178 4190 tum
2211 4135 2548 4191 frumentum
2574 4135 2642 4191 ad
2673 4150 2932 4190 messem.
2964 4134 3102 4190 Cum
3145 4143 3329 4205 aptum
3379 4132 3543 4188 fuerit
3571 4136 3639 4188 ad

2062 4240 2333 4291 messem,
2362 4225 2583 4280 venient
2624 4226 2716 4292 hi,
2764 4226 2860 4295 qui
2905 4225 2973 4279 ad
3026 4240 3260 4281 messem
3302 4224 3456 4279 missi
3486 4233 3637 4278 sunt.

2061 4315 2198 4371 Cum
2241 4326 2427 4385 aptum
2486 4314 2653 4369 fuerit
2680 4315 2748 4369 ad
2778 4329 3010 4370 messem
3034 4356 3048 4382 ,
3082 4316 3300 4370 venient
3327 4315 3381 4368 hi
3408 4315 3475 4368 ad
3502 4330 3641 4384 quos

2061 4407 2265 4463 dictum
2310 4415 2435 4463 est:
2465 4405 2656 4463 Levate
2696 4407 2876 4461 oculos
2920 4416 3138 4474 vestros,
3182 4416 3229 4462 et
3266 4409 3433 4462 videte
3470 4409 3641 4478 regio-

386 4501 570 4570 μετται
614 4499 719 4553 ὑπὸ
765 4499 857 4552 τοῦ
898 4498 1055 4562 Θεοῦ,
1105 4500 1207 4553 οὐκ
1249 4498 1513 4569 αἰφνίδιον
1555 4498 1806 4568 γενέσθαι
1837 4498 1957 4553 στά-

2068 4515 2173 4565 nes,
2206 4501 2334 4569 quia
2375 4498 2509 4555 alba:
2542 4509 2663 4552 sunt
2699 4500 2818 4568 jam
2850 4498 2919 4553 ad
2962 4500 3261 4555 messem“.
3314 4500 3407 4553 Ait
3456 4500 3639 4569 itaque

381 4607 499 4660 χυς,
513 4589 626 4643 ἀλλ’
652 4589 729 4661 (4)
757 4589 831 4655 ὡς
847 4592 905 4643 ὲν
919 4588 996 4660 τῷ
1012 4589 1153 4644 κατά
1170 4590 1394 4661 Μάρκον
1410 4589 1727 4661 Εὐαγγελίῳ
1743 4590 1957 4662 πρῶτον

380 4679 590 4752 χόρτος,
614 4675 730 4732 εἶτα
766 4679 986 4750 στάχυς,
1014 4674 1131 4732 εἶτα
1164 4679 1382 4750 ἕτοιμον
1412 4678 1624 4746 γίνεται
1653 4678 1790 4750 πρὸς
1821 4678 1960 4751 θερι-

382 4771 540 4842 σμόν.
570 4773 738 4824 Ὅταν
769 4770 991 4843 γένηιαι
1004 4770 1220 4843 ἕτοιμον
1247 4772 1383 4844 πρὸς
1398 4772 1677 4845 θερισμὸν,
1707 4770 1957 4825 ἐλεύσον-

377 4880 470 4918 ται
486 4863 536 4918 οί
565 4865 658 4916 ἐπὶ
680 4864 773 4918 τὸν
795 4863 1052 4936 θερισμὸν
1085 4865 1617 4937 ὲξαποστελλόμενοι,
1643 4866 1771 4920 ὅταν
1797 4866 1960 4935 γένη-

377 4954 694 5026 ταιέτοιμον
711 4955 848 5029 πρὸς
871 4957 963 5009 τὸν
976 4956 1255 5029 θερισμὸν,
1272 4957 1581 5012 ἐλεύσονται
1613 4957 1686 5027 (5)
1705 4957 1839 5028 πρὸς
1863 4954 1958 5020 οὒς

380 5044 589 5115 ὸλόγος
630 5047 826 5118 φησίν⁸
869 5047 1156 5117 Ἐεάρατε
1193 5048 1337 5116 τοὺς
1385 5049 1733 5118 ὀφθαλμοὺς
1771 5047 1957 5118 ὑμῶν,

2063 4590 2262 4645 nobis:
2297 4588 2501 4644 Novate
2528 4590 2671 4644 vobis
2699 4590 2940 4658 novalia,
2983 4599 3034 4644 et
3080 4590 3242 4644 nolite
3271 4606 3442 4645 serere
3480 4606 3639 4660 super

2063 4682 2265 4751 spinas.
2334 4679 2392 4736 Si
2434 4690 2616 4737 autem
2665 4682 2985 4753 priusquam
3030 4682 3348 4753 purgaveris
3396 4683 3635 4736 animam

2063 4784 2237 4841 tuam,
2266 4774 2446 4830 adhuc
2469 4775 2678 4831 habens
2712 4776 2899 4846 spinas
2931 4776 3265 4847 processeris
3287 4777 3353 4830 ad
3384 4791 3512 4830 eum
3541 4775 3633 4844 qui

2064 4866 2260 4920 docere
2288 4865 2372 4918 vel
2405 4866 2598 4935 possit,
2625 4866 2709 4920 vel
2734 4877 2972 4936 putetur,
3001 4866 3084 4921 vel
3113 4865 3427 4935 promittat,
3459 4873 3514 4918 et
3541 4879 3636 4933 pc-

2065 4965 2148 5012 tas
2180 4956 2548 5013 institutiones
2579 4973 2645 5012 ac
2674 4958 2883 5013 semina
2921 4957 3184 5028 spiritalia
3208 4996 3224 5023 ,
3270 4957 3440 5011 violas
3473 4971 3635 5011 mau-

2067 5047 2256 5101 datum
2285 5048 2431 5117 quod
2466 5049 2539 5102 ait
2575 5063 2589 5077 ο
2630 5045 2812 5102 Nolite
2837 5065 3007 5103 serere
3033 5063 3185 5114 super
3218 5046 3416 5114 spinas.
3466 5088 3483 5101 .

376 5139 479 5193 καὶ
517 5139 775 5195 θεὰσατε
828 5141 934 5209 τὰς
978 5140 1195 5211 χώρας,
1230 5143 1336 5208 ,ὅτι
1381 5145 1595 5199 λευκαί
1632 5147 1752 5198 εισι
1785 5143 1937 5213 πρὸς
1999 5143 2280 5213 θερισμὸν
2326 5142 2443 5213 ἤδη
2460 5161 2475 5176 ο
2537 5144 2702 5217 φησὶν
2748 5141 2839 5199 οὖν
2877 5146 3007 5216 ἡμῖν
3028 5160 3043 5176 ο
3087 5138 3363 5198 Νεώσατε
3403 5138 3633 5206 ἑαυτοῖς

450 5340 494 5374 ⁸⁷
526 5339 660 5399 Luc.
710 5360 799 5413 Ix,
830 5345 919 5401 62.
998 5345 1042 5379 ³⁸
1072 5345 1284 5401 Coloss.
1333 5359 1426 5411 tu,
1464 5347 1515 5402 9.
1594 5349 1637 5379 ¹⁹
1670 5347 1686 5400 l
1718 5347 1844 5404 Cor.
1882 5364 1966 5417 Ill,
1995 5348 2047 5403 6.
2125 5346 2348 5401 "Marc.
2381 5361 2454 5414 iv,
2478 5345 2569 5401 28.
2627 5346 2668 5378 ¹¹
2696 5343 2849 5401 Joan.
2885 5345 3066 5408 rv,55.

478 5571 532 5646 ξ)
573 5571 710 5646 Male
734 5574 856 5646 eod.
890 5573 1073 5646 δεον..
1120 5573 1214 5629 σοῦ
1245 5572 1491 5646 γεωργὸς
1514 5572 1674 5643 γενοῦ
1708 5570 1955 5627 σεαυτοῦ.

469 5639 528 5717 ἓ)
567 5642 702 5717 904.-
737 5641 886 5717 ἵει-ν
915 5647 979 5717 τῇ
999 5645 1180 5717 anno,

477 5712 532 5771 5)
572 5713 720 5784 Cod._
740 5711 922 5778 Scor.,
1248 5712 1613 5779 ἀναστέλλειν,
1645 5712 1706 5767 τὸ
1737 5711 1954 5784 ἀληθῶς

379 5779 438 5836 δὲ
460 5772 565 5837 οὐκ
598 5781 737 5836 αὐτὰ
781 5772 1133 5848 ἀναστέλλέιξ
1159 5784 1293 5857 μετὰ
1329 5785 1429 5856 τὴν
1475 5772 1693 5855 μνήμην
1733 5772 1949 5848 αὐτῶν,

2050 5571 2166 5626 ἀλλ’
2196 5573 2226 5624 ὁ
2255 5572 2389 5642 Θεὸς
2415 5570 2641 5642 ηὔξησε.
2664 5572 2777 5642 Καὶ
2800 5569 2854 5642 εί
2869 5569 2957 5642 τίς
2983 5586 3048 5639 γε
3078 5562 3382 5632 δεδύνηται.

2154 5643 2208 5708 ι)
2251 5641 2306 5694 In
2338 5638 2461 5695 cod.
2495 5638 2616 5695 vat.
2648 5640 2801 5695 deest
2832 5638 2967 5692 ἀλλ’.

2154 5643 2208 5708 ι)
2251 5643 2306 5694 In
2338 5643 2461 5695 cod.
2495 5643 2616 5695 Vat.
2648 5643 2801 5695 deest
2832 5643 2967 5692 ἀλλ’.

2133 5643 2210 5780 ίό)
2251 5710 2305 5762 In
2338 5710 2458 5764 cod.
2498 5709 2727 5780 Scorial.
2762 5709 2977 5780 desunt
3000 5710 3113 5780 hac
3142 5704 3305 5780 verba
3334 5719 3347 5757 :
3380 5703 3511 5759 ὅταν
3538 5706 3632 5773 ys-

2058 5773 2213 5853 νηται
2241 5779 2456 5849 ἕτοιμον
2490 5781 2624 5852 πρὸς
2649 5778 2738 5833 τὸν
2766 5775 3045 5849 θερισμὸν,
3074 5773 3404 5833 ἐλεύσονται.
