4130 6476
420 404 527 464 ΞΠ

1595 399 1661 454 lN
1699 398 2047 457 JEREMIAM
2087 401 2372 459 HOMILIA
2410 403 2477 457 V.

3571 405 3679 463 518

417 525 608 594 ὑμῶν,
636 525 835 596 νοήσας
864 521 926 577 τὸ
966 521 1148 595 ῥητὸν,
1193 519 1458 593 μετάϐηθι
1488 520 1583 573 καὶ
1610 521 1702 577 ἐπὶ
1739 521 1840 592 τὴν
1872 538 1998 592 τρο-

2103 523 2278 578 transi
2306 523 2471 577 etiam
2504 523 2570 577 ad
2605 521 2888 588 moralem,
2914 530 2974 577 ut
3007 522 3247 591 reperias
3277 538 3386 592 quo
3412 531 3570 591 pacto
3593 538 3683 576 eo-

418 616 696 684 πολογίαν,
711 613 796 667 ῐνα
815 611 982 686 εὖρῃς
1000 612 1116 676 πῶς
1129 610 1239 665 τῶν
1254 628 1321 665 πε
1330 611 1726 685 ριτεμνομένων
1739 611 1970 681 τροπολο
1982 639 1999 650 -

417 707 610 778 γικῶς,
636 704 765 760 ὥστ’
792 704 859 759 ἂν
890 707 1062 759 εἰπεῖν
1087 706 1230 775 τάχα
1259 704 1411 768 τινας
1441 705 1520 776 (1)
1554 704 1733 758 αὐτῶν
1758 721 1772 735 ’
1809 706 2000 773 Ἥμεῐς

416 800 587 869 ὶςμεν
616 799 652 870 ή
681 796 976 870 περιτομὴ,
1006 797 1056 850 οί
1093 798 1192 868 μὲν
1225 796 1640 868 περιτέμνονται
1666 795 1745 867 τῷ
1776 795 1915 865 Θεῷ,
1949 796 2000 848 oi

416 887 476 943 δὲ
506 889 923 961 περιτέμνονται
950 889 1069 960 μὲν,
1102 888 1163 941 οὐ
1190 887 1269 959 τῷ
1292 886 1411 958 Θεῷ
1439 886 1515 943 δέ.
1534 886 1654 940 Εἰσὶ
1672 887 1730 940 δὲ
1745 887 1838 939 καί
1849 886 1999 939 ἄλλοι

419 982 569 1050 λῦγοι
595 982 745 1054 παρὰ
771 981 862 1036 τὸν
889 981 1047 1049 λόγον
1070 982 1162 1035 τὸν
1189 981 1292 1050 τῆς
1319 979 1593 1052 ἀληθείας,
1626 982 1779 1050 παρὰ
1809 978 1887 1048 (2)
1909 978 1999 1033 τὸν

418 1071 573 1141 λόγον
596 1073 687 1125 τὸν
712 1072 813 1142 τῆς
849 1069 1190 1143 Ἐκκλησίας.
1221 1071 1642 1143 Περιτὲμνονται
1674 1069 1746 1122 τὰ
1772 1069 1876 1140 ἢθη
1905 1068 2001 1122 καὶ

417 1163 516 1236 τὴν
543 1163 794 1236 καρδίαν,
826 1163 970 1216 ὥστε
1002 1164 1200 1229 εἰπεῖν,
1236 1162 1658 1233 σωφρονίζουσιν
1698 1162 1748 1214 οἱ
1786 1160 2003 1230 φιλοσο-

420 1254 672 1326 φοῦντες,
713 1255 1142 1327 σωφρονίζουσιν
1184 1255 1237 1309 οἱ
1278 1255 1385 1308 ἀπὸ
1431 1253 1540 1308 τῶν
1582 1254 1872 1324 αἱρέσεων,
1907 1252 2003 1306 καὶ

416 1346 624 1419 γίνεται
649 1348 834 1412 αὐτοῖς
869 1346 1176 1418 περιτομή·
1211 1345 1348 1400 ἀλλὰ
1372 1343 1643 1418 περιτομὴ
1679 1344 1809 1414 μὲν,
1832 1344 1895 1398 οὐ
1924 1342 2003 1414 τῷ

417 1436 539 1509 θεῷ
567 1436 647 1491 δέ·
679 1436 948 1509 περιτομὴ
972 1436 1081 1507 γὰρ
1106 1435 1248 1507 λόγῳ
1272 1436 1458 1506 ψευδεῖ
1488 1437 1621 1507 παρ’
1659 1434 1890 1498 ἐκείνοις
1917 1433 2004 1503 γί-

418 1545 592 1585 νεται.
645 1530 812 1584 Ὅταν
856 1529 917 1583 δὲ
957 1528 1101 1583 κατά
1148 1528 1242 1582 τὸν
1285 1527 1739 1599 ἐκκλησιαστικὸν
1780 1528 2001 1591 κανόνα,

415 1621 561 1676 κατὰ
586 1620 686 1693 τὴν
717 1621 974 1695 πρόθεσιν
1000 1620 1100 1690 τῆς
1120 1620 1308 1688 ὑγιοῦς
1321 1620 1669 1684 διδασκαλίας
1688 1617 2004 1681 κοινωνικὸς

419 1713 494 1784 (5)
531 1709 618 1787 ᾖς,
648 1714 709 1767 οὐ
740 1711 1139 1785 περιτέτμησαι
1176 1711 1354 1783 μόνον,
1385 1710 1522 1765 ἀλλὰ
1551 1710 1648 1763 καὶ
1679 1708 2006 1781 περιτετμη-

416 1821 509 1858 σαι
539 1804 619 1876 τῷ
656 1803 796 1874 Θεῷ.
843 1803 1245 1872 Περιτμήθητε
1279 1796 1375 1855 οὖν
1417 1800 1498 1865 τῷ
1533 1798 1656 1866 Θεῷ
1678 1799 1866 1869 ὑμῶν,
1901 1797 2001 1853 καί

417 1897 805 1964 περιτέμεσ-θε
827 1893 945 1962 τὴν
968 1892 1378 1959 ἀκροϐυστίαν
1407 1889 1517 1958 τῆς
1537 1890 1788 1960 καρδίας
1811 1890 1997 1961 ὑμῶν.

417 1988 513 2050 Τίς
522 1986 696 2039 ταῦτα
712 1986 774 2039 οὺ
787 1985 1124 2058 παρέρχεται
1149 1984 1224 2051 t'u;
1247 1985 1388 2057 σαφῆ
1407 2001 1423 2050 ;
1444 1983 1652 2039 οὐκοῦν
1669 1983 1788 2037 ἐστί
1809 2001 1892 2045 τις
1923 1984 1999 2056 (4)

418 2076 757 2148 ἀκροϐυστία
784 2077 884 2147 τῆς
916 2076 1174 2151 καρδίας,
1207 2076 1302 2130 καὶ
1330 2076 1531 2148 ταύτην
1556 2075 1638 2129 δεῖ
1679 2076 2004 2148 περιτέμνε-

423 2168 569 2223 σθαι.
605 2167 662 2220 ’0
693 2166 1004 2238 ἀκριϐώσας
1025 2167 1119 2222 τὸν
1149 2167 1326 2236 λόγον,
1360 2167 1584 2222 τοιαῦτα
1614 2166 1795 2238 ζητῶν
1833 2170 1892 2222 ὲν
1925 2167 2002 2239 τῷ

416 2254 566 2325 τόπῳ
595 2253 837 2319 ἐξετάσει
858 2272 873 2286 θ
909 2257 941 2327 ή
986 2257 1321 2329 ἀκροϐυστία
1352 2260 1731 2328 συγγεννᾶται,
1774 2259 1809 2330 ή
1843 2275 2002 2330 περι-

412 2347 550 2416 τομὴ
577 2346 869 2416 ἐπίκτητός
896 2349 1032 2414 ἐστι,
1062 2348 1159 2402 καὶ
1185 2349 1322 2421 ὅπερ
1356 2350 1420 2403 ἐκ
1455 2348 1725 2418 γενέσεως
1751 2348 1999 2419 ἐλήλυθε,

409 2437 568 2491 τοῦτο
614 2442 894 2512 περιαιρεί
937 2441 970 2512 ή
1027 2444 1322 2514 περιτομή.
1372 2443 1438 2496 Εί
1482 2441 1667 2495 τοίνυν
1699 2445 2004 2515 περιαιρεῖ-

409 2529 528 2582 σῖὶαι
549 2530 753 2584 κελεύει
788 2532 1477 2605 ὁλόγοςτὴνάκροϐυστίαν
1505 2533 1603 2604 τῆς
1644 2533 1871 2606 καρδίας
1900 2532 1999 2604 (5),

407 2621 610 2689 ὀφείλει
636 2639 690 2675 τι
722 2618 863 2676 εἶναι
894 2624 1397 2694 συγγεγεννημένον
1436 2626 1504 2694 τῇ
1539 2623 1758 2696 καρδίᾳ,
1805 2623 2002 2693 δλέγει

407 2712 794 2783 ἀκροϐυστίαν,
820 2715 958 2785 ὅπερ
1007 2713 1427 2785 περιαιρεθῆναι
1454 2714 1556 2782 δεῖ,
1584 2716 1668 2768 ἵνα
1680 2732 1764 2779 τις
1794 2716 2007 2787 περιτέ-

407 2819 614 2874 τμηται
639 2803 738 2874 τὴν
767 2803 1137 2875 ἀκροϐυστίαν
1179 2804 1280 2875 τῆς
1301 2804 1546 2875 καρδίας.
1570 2806 1698 2859 Ἐάν
1724 2823 1807 2871 τις
1834 2808 2004 2880 νοήσῃ

407 2896 489 2950 τό·
518 2898 745 2966 Ἠμεθα
766 2896 841 2966 (6)
861 2895 1046 2951 τέκνα
1074 2897 1256 2966 φύσει
1287 2895 1576 2965 ὀργῆς,ὠς
1591 2898 1691 2951 καὶ
1709 2901 1764 2952 οἱ
1777 2900 1998 2952 λοιποί·

413 2988 509 3040 ἐάν
537 3003 623 3051 τις
644 2988 810 3058 νοήσῃ
834 2987 894 3040 τὸ
916 2988 1090 3057 σῶμα
1113 2987 1222 3055 τῆς
1251 2987 1662 3056 ταπεινώσεως
1680 2983 1794 3058 ὲνῷ
1813 3007 2003 3060 γεγεν-

413 3075 643 3147 νήμεθα·
660 3076 757 3130 ὲάν
767 3095 850 3142 τις
866 3080 1034 3152 νοήσῃ
1049 3078 1129 3131 τό·
1148 3079 1359 3145 Οὐδείς
1375 3079 1633 3148 καθαρὸς
1648 3081 1765 3135 ἀπὸ
1774 3083 1998 3149 ῥύπου,

410 3164 553 3259 mide
588 3167 643 3220 εί
659 3166 769 3236 μία
789 3166 990 3259 Δἡμέρα
1014 3166 1108 3234 εἴη
1143 3168 1180 3235 ἠ
1210 3166 1321 3235 ζωὴ
1342 3169 1529 3223 αὑτοῦ
1549 3186 1562 3199 ο
1589 3169 1900 3241 ἀριθμητοὶ
1929 3171 1998 3225 δὲ
2023 3195 2071 3259 C

400 3253 599 3324 μῆνες
622 3257 833 3313 αὐτοῦ·
864 3258 1051 3328 ὄψεται
1075 3259 1198 3314 τίνα
1224 3259 1426 3332 τρόπον
1450 3263 1824 3335 γεγεννήμεθα
1856 3264 1994 3337 μετὰ

406 3349 749 3420 ἀκαθαρσίας
776 3349 870 3402 καὶ
894 3349 1263 3421 ἀκροϐυστίας
1292 3351 1392 3422 τῆς
1426 3352 1653 3423 καρδίας
1685 3355 1866 3426 ήμῶν.

478 3440 594 3494 ’Ίνα
624 3441 682 3494 δὲ
721 3441 861 3495 κατᾶ
904 3443 968 3495 τὸ
1011 3443 1380 3516 ἁπλούστερον
1415 3446 1766 3519 παράδειγμα
1804 3448 1992 3522 λεχθῇ,

405 3532 706 3604 δυνάμενον
754 3538 1125 3606 προσαγαγεῖν
1154 3537 1298 3607 ὑμᾶς
1329 3536 1405 3607 (7)
1424 3537 1502 3609 τῷ
1542 3538 1669 3592 ἰδεῖν
1688 3541 1787 3612 τὴν
1816 3543 1983 3614 ἀκρο-

406 3624 632 3679 ϐυστίαν
675 3625 778 3695 τῆς
831 3625 1078 3698 καρδίας,
1129 3626 1524 3701 παραθήσομαι
1575 3631 1659 3684 ὅτι
1704 3632 1848 3686 κατὰ
1895 3632 1994 3703 τὴν

408 3715 632 3785 πρώτην
671 3715 885 3786 ἡλικίαν
925 3715 1264 3784 ψευδοδοξίαι
1301 3718 1521 3782 πάντως
1553 3718 1794 3787 γίνονται
1822 3720 1881 3775 ὲν
1926 3724 1991 3793 τῇ

403 3806 585 3877 ψυχῇο
622 3806 684 3859 οὐ
721 3798 827 3878 γὰρ
856 3800 966 3860 οἶόν
998 3807 1058 3860 τέ
1089 3809 1236 3861 ἐστιν
1266 3808 1508 3881 ἀρχῆθεν
1546 3809 1721 3880 ἀληθῆ
1748 3810 1996 3881 δόγματα

406 3898 500 3951 καὶ
526 3897 743 3970 καθαρά
762 3898 944 3952 λαϐεῖν
963 3897 1039 3969 (8)
1057 3898 1148 3951 τὸν
1165 3898 1259 3953 ἀνθ
1270 3917 1469 3968 ρωπον,
1492 3903 1861 3973 προενοήσατο
1886 3903 1943 3956 δὲ
1966 3906 1994 3957 ὁ

404 3987 537 4052 Θεὸς
565 3988 722 4056 λόγον
753 3987 990 4061 ἱστορίας
1020 3989 1115 4041 καὶ
1156 3988 1381 4060 Γραιρῆς
1410 3990 1512 4059 τῆς
1541 3989 1684 4043 κατά
1710 3990 1770 4043 τὸ
1811 3991 1992 4062 ῥητὸν,

407 4078 494 4134 ἵνα
510 4077 684 4152 θρέψῃ
712 4080 803 4132 τὸν
820 4079 961 4133 κατὰ
983 4077 1163 4149 σάρκα
1180 4079 1577 4150 γεγεννημένον
1610 4080 1690 4153 τῷ
1719 4081 1991 4155 Ἀϐραὰμ,

403 4171 466 4225 ὲν
510 4172 624 4234 τοῖς
672 4169 816 4224 κατὰ
883 4170 1062 4242 σάρκα
1111 4171 1331 4242 πρῶτον
1378 4169 1577 4239 λόγοις,
1626 4171 1722 4226 καὶ
1767 4173 1993 4245 γένηται

405 4261 623 4335 πρῶτος
663 4263 692 4315 ὁ
735 4263 799 4315 ἐκ
831 4262 930 4332 τῆς
979 4261 1289 4332 παιδίσκης,
1318 4260 1398 4327 είς
1431 4262 1494 4315 τὸ
1533 4262 1825 4336 δυνηθῆναι
1855 4266 1994 4337 μετά

402 4355 593 4410 τοῦτον
634 4354 960 4426 γεννηθῆναι
1007 4356 1099 4408 τὸν
1140 4354 1239 4425 τῆς
1278 4353 1589 4428 ἐλευθέρας,
1628 4356 1722 4409 καὶ
1769 4357 1860 4411 τὸν
1905 4358 1994 4414 διὰ

402 4449 504 4519 τῆς
536 4446 888 4516 ἐπαγγελίας.
911 4448 974 4500 Εἰ
1002 4446 1251 4517 νενόηται
1273 4445 1433 4500 τοῦτο
1460 4446 1549 4501 διὰ
1567 4448 1621 4501 τί
1642 4449 1990 4524 παρελήφθη,

2102 628 2223 667 rum
2258 615 2351 683 qui
2391 614 2721 684 tropologice
2754 615 2828 667 ita
2854 612 3339 680 circumciduntur,
3361 622 3419 665 ut
3455 612 3674 682 Quidam

2100 718 2164 759 ex
2209 702 2277 758 iis
2303 704 2488 759 dicant
2514 720 2528 757 :
2557 703 2669 759 Nos
2700 718 2892 759 sumus
2930 703 3297 770 circumcisio,
3332 704 3423 758 alii
3455 703 3670 774 quidem

2099 794 2568 851 circumciduntur
2600 797 2711 850 Deo
2731 837 2747 861 ,
2775 796 2866 850 alii
2900 811 3029 850 vero
3075 793 3556 862 circumciduntur,
3583 795 3676 849 sed

2100 901 2211 941 non
2260 884 2392 942 Deo.
2440 884 2555 942 Hoc
2603 888 2766 941 etiam
2803 889 2927 943 aliis
2963 887 3140 944 modis
3189 887 3455 956 accipitur
3484 894 3681 956 praeter

2105 978 2355 1034 veritatis
2389 989 2444 1033 et
2473 977 2735 1033 Ecclesiae
2773 994 3014 1035 sensum.
3040 979 3449 1034 Circumcidunt
3480 988 3533 1032 et
3559 993 3681 1032 mo—

2101 1083 2189 1124 res
2238 1078 2291 1123 et
2338 1084 2467 1133 cor,
2518 1068 2620 1122 hoc
2664 1076 2784 1135 est,
2839 1070 2908 1124 ad
2961 1071 3284 1125 modestiam
3323 1078 3679 1140 componunt,

2101 1160 2194 1230 qui
2241 1160 2604 1230 philosophiae
2631 1161 2830 1215 addicti
2860 1170 3021 1228 sunt,
3052 1176 3264 1217 necnon
3289 1161 3557 1225 haeretici,
3591 1159 3680 1214 (it-

2102 1265 2211 1320 que
2257 1251 2394 1321 ipsis
2448 1252 2833 1320 circumcisio;
2882 1253 2977 1308 sed
3023 1253 3129 1308 etsi
3177 1253 3529 1308 circumcisio
3559 1259 3682 1318 est,

2104 1339 2217 1395 Deo
2247 1348 2429 1397 tamen
2469 1358 2577 1396 non
2609 1352 2727 1410 est;
2757 1343 2898 1399 falso
2930 1343 3132 1413 quippe
3158 1343 3506 1399 circumcisio
3538 1342 3682 1413 apud

2105 1432 2231 1488 illos
2272 1433 2350 1488 tit.
2398 1433 2633 1502 Quando
2663 1451 2794 1491 vero
2829 1437 3128 1492 secundum
3175 1434 3432 1491 Ecclesia:
3465 1435 3683 1505 regulas

2104 1533 2161 1581 et
2190 1539 2337 1580 sana:
2368 1525 2633 1582 doctrinae
2663 1529 3002 1598 propositum
3046 1528 3316 1599 particeps
3343 1528 3686 1582 communio-

2105 1617 2193 1672 nis
2238 1631 2335 1684 es,
2387 1633 2497 1672 non
2527 1618 2703 1674 solum
2739 1617 3099 1676 circumcisus
3138 1636 3233 1683 es,
3283 1636 3471 1675 verum
3518 1620 3683 1675 etiam

2106 1703 2465 1759 circumcisus
2499 1721 2559 1760 es
2586 1705 2715 1760 Deo.
2747 1705 2954 1776 Itaque,
2980 1708 3439 1763 Circumcidimini
3466 1708 3574 1763 Deo
3601 1726 3687 1764 ve-

2105 1803 2217 1849 stro
2233 1835 2247 1860 ,
2268 1806 2314 1848 et
2352 1796 2717 1851 circumcidite
2744 1800 3065 1868 prwputium
3090 1800 3264 1854 cordis
3289 1803 3446 1855 vestri
3462 1801 3528 1857 ".
3550 1800 3686 1867 Quis

2103 1887 2205 1944 ista
2225 1887 2387 1958 160
2411 1904 2517 1943 non
2543 1889 3052 1960 prwlerittanquam
3076 1891 3390 1946 manifesta?
3402 1890 3499 1947 Est
3522 1893 3688 1963 igitur

2100 1977 2374 2047 quoddam
2407 1979 2734 2048 praeputium
2781 1980 2965 2035 cordis
2985 2021 3000 2045 ,
3033 1990 3088 2036 et
3116 1981 3248 2037 illud
3291 1983 3690 2038 circumciden-

2100 2069 2230 2123 dum
2262 2080 2366 2124 est.
2414 2068 2519 2135 Qui
2564 2086 2875 2126 sermonem
2910 2073 3198 2144 diligenter
3225 2074 3684 2143 consideraverit,

2100 2160 2216 2214 haec
2245 2176 2496 2229 quaerens
2550 2162 2657 2217 hoc
2699 2164 2819 2218 loco
2858 2166 3147 2234 expendet.
3182 2165 3513 2237 Praeputium
3556 2182 3691 2221 con-

2099 2252 2341 2321 genitum
2370 2262 2475 2316 est,
2504 2254 2861 2311 circumcisio
2891 2256 3167 2312 adscititia
3199 2269 3301 2325 est,
3333 2259 3591 2330 quodque
3620 2275 3689 2314 ex

2102 2346 2450 2416 generatione
2493 2347 2749 2413 advenit,
2804 2348 2912 2404 hoc
2956 2349 3151 2404 adimit
3198 2350 3570 2406 circumcisio.
3629 2349 3688 2404 Si

2103 2436 2269 2505 igitur
2293 2436 2509 2492 auferre
2530 2437 2686 2507 jubet
2713 2453 2897 2493 sermo
2919 2439 3245 2509 prmpntium
3281 2440 3485 2504 cordis,
3522 2454 3688 2509 opor-

2104 2536 2179 2580 tet
2205 2543 2327 2583 esse
2355 2528 2638 2598 quidpiam
2671 2545 2780 2583 una
2808 2545 2934 2584 cum
2964 2532 3130 2585 corde
3165 2540 3377 2597 natum,
3409 2532 3554 2601 quod
3586 2545 3684 2586 vo-

2103 2628 2192 2673 cat
2218 2619 2574 2688 praeputium,
2607 2622 2865 2689 quodque
2916 2620 3275 2675 auferendum
3322 2632 3438 2686 est,
3471 2632 3533 2676 ut
3564 2623 3690 2691 quis

2104 2709 2431 2778 praeputium
2460 2710 2641 2766 cordis
2669 2712 2754 2766 sui
2790 2711 3170 2766 circumcidat.
3199 2710 3256 2764 Si
3284 2712 3409 2780 quis
3433 2711 3688 2765 conside—

2104 2801 2311 2854 I'averit
2340 2802 2475 2855 illud
2504 2819 2520 2856 :
2559 2801 2789 2856 Eramus
2832 2812 3026 2856 natura
3049 2803 3152 2872 ﬁlii
3184 2802 3311 2867 ine,
3342 2803 3480 2855 sicut
3513 2811 3562 2855 et
3584 2816 3689 2855 ca:-

2106 2893 2204 2947 tm’
2220 2893 2297 2962 '3;
2337 2894 2385 2948 si
2413 2895 2537 2964 quis
2567 2892 3002 2949 consideraverit
3033 2895 3137 2949 hoc
3165 2910 3357 2963 corpus
3406 2893 3687 2947 humilita-

2104 2986 2171 3040 tis
2190 2984 2238 3017 ”
2281 2986 2337 3039 in
2372 3001 2484 3056 quo
2518 2986 2631 3041 nati
2665 3002 2888 3054 sumus;
2942 2986 2986 3041 si
3017 2986 3142 3056 quis
3176 2987 3339 3041 etiam
3375 2986 3688 3041 considera—

2102 3080 2242 3134 verit
2275 3080 2417 3134 istud
2451 3096 2465 3134 :
2497 3078 2668 3133 Nemo
2701 3095 2866 3149 purus
2896 3096 2928 3130 a
2958 3078 3236 3146 sordibus,
3282 3095 3445 3149 neque
3484 3078 3531 3132 εξ
3578 3095 3686 3133 una

2101 3170 2212 3223 dies
2258 3170 2417 3239 fuerit
2465 3170 2575 3223 rita
2628 3169 2780 3240 ejus;
2836 3169 3191 3223 numerabiles
3243 3179 3419 3222 autem
3485 3186 3686 3226 menses

2097 3261 2212 3330 ejus
2236 3263 2304 3326 ³⁸,
2352 3260 2557 3316 videbit
2587 3275 2824 3333 quonam
2874 3258 3037 3315 modo
3069 3275 3197 3316 cum
3248 3260 3566 3331 impuritate
3630 3268 3686 3314 et

2094 3354 2366 3424 pra‘putio
2397 3354 2582 3409 cordis
2611 3352 2724 3407 nati
2754 3367 2969 3407 sumus.

2167 3446 2256 3501 15.
2298 3444 2371 3501 Ut
2403 3455 2588 3501 autem
2622 3446 2927 3516 simplicius
2966 3444 3187 3515 aliquod
3214 3445 3526 3515 exemplum
3555 3460 3683 3514 pro-

2095 3551 2353 3610 ponatur,
2375 3539 2522 3609 quod
2547 3553 2644 3594 vos
2675 3538 2742 3592 ad
2778 3539 3105 3608 praeputium
3135 3538 3315 3593 cordis
3348 3540 3684 3608 cognoScen-

2096 3634 2226 3685 dum
2249 3630 2735 3702 possitaddncere,
2754 3627 2951 3683 addam
2976 3627 3143 3683 falsas
3170 3630 3395 3683 omnino
3427 3629 3479 3681 in
3508 3628 3684 3698 prima

2095 3732 2255 3777 aetate
2285 3722 2575 3791 opiniones
2620 3720 2767 3789 gigni
2813 3719 2867 3772 in
2903 3719 3110 3773 anima.
3160 3717 3347 3787 Neque
3386 3719 3530 3772 enim
3566 3718 3685 3773 ﬁeri

2096 3819 2275 3877 potest
2304 3816 2364 3861 ut
2395 3823 2426 3861 a
2472 3806 2558 3862 sui
2593 3807 2824 3860 exordio
2858 3822 2987 3879 vera
3037 3817 3092 3861 et
3128 3822 3264 3876 pura
3296 3806 3549 3877 dogmata
3592 3824 3685 3863 ca-

2096 3901 2211 3973 piat
2235 3900 2421 3963 homo,
2452 3896 2598 3952 Deus
2629 3886 2811 3951 autem
2845 3896 3103 3950 historias
3132 3904 3188 3950 et
3222 3896 3506 3951 litteralcm
3532 3896 3683 3953 Scri-

2097 4001 2274 4063 pturze
2323 4002 2548 4044 sensum
2597 3985 2671 4041 ita
2702 3986 2943 4058 providit
2973 3996 3033 4041 ut
3076 3986 3220 4042 Illius
3248 3987 3684 4053 Abrahae,natus

2096 4081 2399 4137 secundum
2432 4093 2685 4146 carnem,
2718 4078 2955 4149 primum
2990 4078 3058 4133 iis
3089 4079 3183 4148 qui
3229 4077 3530 4133 secundum
3558 4094 3682 4134 car-

2095 4189 2220 4236 nem
2248 4181 2376 4229 sunt
2403 4171 2750 4228 sermonibus
2786 4170 3106 4239 nutriretur,
3136 4169 3454 4240 primusque
3481 4172 3576 4241 qui
3610 4188 3676 4226 ex

2096 4263 2294 4318 ancilla
2329 4271 2482 4330 erat,
2514 4270 2864 4325 nasceretur,
2895 4270 2954 4315 ut
2985 4272 3171 4331 postea
3199 4263 3290 4332 qui
3340 4274 3458 4316 erat
3497 4279 3564 4317 ex
3614 4264 3682 4317 li-

2094 4356 2227 4411 bera
2260 4363 2315 4410 et
2358 4369 2456 4424 per
2486 4354 2930 4424 promissionem,
2963 4354 3016 4407 in
3050 4354 3226 4409 lucem
3250 4355 3474 4409 veniret.
3501 4353 3555 4410 Si
3576 4356 3681 4412 hoc

2096 4448 2226 4518 quid
2252 4447 2357 4503 sibi
2392 4447 2544 4513 velit,
2579 4445 2918 4501 intellectum
2951 4447 3135 4515 fuerit,
3173 4449 3360 4518 utique
3390 4455 3570 4519 potest
3602 4449 3683 4503 in-

403 4538 629 4592 δύναται
657 4538 896 4592 νοεῖσθαι
929 4540 964 4610 ἡ
991 4538 1329 4610 ἀκροϐυστία
1357 4539 1456 4611 τῆς
1484 4539 1713 4611 καρδίας
1742 4559 1993 4613 προγινο-

2102 4540 2269 4610 telligi
2296 4539 2623 4610 praeputium
2645 4539 2826 4595 cordis
2848 4548 2975 4595 ante
2997 4540 3477 4596 circumcisionem
3509 4538 3683 4596 fuisse

406 4630 544 4702 μένη
577 4632 678 4701 τῆς
707 4631 1025 4703 περιτομῆς.
1070 4629 1245 4701 Χρεία
1273 4627 1365 4685 οὖν
1400 4633 1530 4703 ἡμῖν
1572 4631 1662 4685 τὸν
1694 4631 1850 4703 λόγον
1884 4652 1989 4689 πα-

404 4719 658 4793 ραλαϐεῖν
688 4720 780 4775 τὸν
828 4721 1159 4793 καθαίροντα
1200 4720 1271 4775 τὰ
1320 4721 1587 4793 δόγματα,
1635 4725 1729 4777 καὶ
1772 4743 1989 4797 περιαι-

406 4810 603 4886 ροῦντα
631 4812 811 4867 πάντα
835 4811 903 4865 τὰ
926 4813 1196 4883 γενόμενα
1217 4812 1360 4867 κατὰ
1377 4813 1723 4883 ψευδοδοξίαν
1751 4817 1810 4870 ἐν
1833 4820 1984 4890 ἡμῖν·

397 4903 560 4960 τοῦτο
611 4900 705 4960 οὖν
734 4906 850 4959 ἐστι
894 4903 956 4957 τὸ
1005 4902 1304 4958 ἀποθέσθαι
1348 4905 1448 4974 τὴν
1475 4905 1843 4977 ἀκροϐυστίαν
1890 4910 1989 4983 τῆς

2095 4640 2445 4706 prognatum.
2473 4632 2625 4702 Opus
2667 4647 2798 4702 ergo
2829 4634 2989 4689 nobis
3033 4643 3116 4690 est
3145 4635 3357 4690 ratione
3391 4650 3513 4704 quae
3546 4635 3680 4704 dog-

2101 4737 2247 4781 mata
2279 4733 2576 4796 expurget,
2607 4735 2663 4780 et
2696 4723 2906 4780 auferat
2935 4727 3119 4782 omnia
3169 4742 3292 4798 qua:
3323 4730 3378 4781 in
3412 4727 3569 4783 nobis
3607 4742 3675 4781 ex

2100 4818 2252 4874 falsis
2278 4816 2633 4887 opinionibus
2668 4817 3048 4874 innascuntur.
3093 4818 3208 4875 Hoc
3232 4820 3399 4891 igitur
3421 4828 3506 4875 est
3537 4833 3677 4889 prae-

2097 4911 2310 4982 putium
2343 4910 2526 4967 cordis
2552 4911 2725 4967 nostri
2758 4911 3051 4982 deponere.
3100 4913 3158 4965 In
3200 4912 3364 4968 corde
3389 4912 3535 4967 enim
3571 4926 3677 4980 pu-

474 5072 742 5131 κιαι-ειη.
777 5090 850 5141 ιν,
879 5074 937 5129 4.
1011 5073 1057 5107 ³³
1090 5070 1292 5143 Ephes.
1334 5089 1398 5139 ll,
1425 5073 1479 5128 5.
1555 5073 1606 5106 ³⁸
1625 5074 1824 5149 Philip.
1860 5097 1943 5150 ιιι,
1974 5085 1998 5138 9

2149 5083 2197 5114 ’³
2225 5081 2329 5137 Job
2360 5096 2488 5149 xxv,
2520 5080 2577 5135 4.

502 5187 555 5253 Ι)
594 5185 778 5241 Codex
812 5186 1368 5257 Scorialensismﬁxat
1398 5187 1561 5251 τινες.

495 5257 552 5325 2)
590 5257 759 5327 Παρὰ
800 5257 909 5311 τὸν
940 5260 1128 5327 λόγον
1152 5256 1261 5310 τὸν
1287 5256 1400 5327 τῆς
1429 5259 1733 5325 ἀληθείας.
1774 5259 1901 5317 Haec
1926 5263 1984 5319 in

399 5326 854 5410 editioneﬂuetii
890 5326 1255 5410 omissasth
1279 5328 1513 5410 incuria
1531 5332 1878 5410 typographi,
1904 5335 1986 5410 si-

403 5398 625 5479 quidem
656 5398 924 5479 habentur
955 5407 1068 5453 tum
1102 5398 1161 5453 in
1191 5394 1455 5455 Vaticano
1501 5394 1616 5454 tum
1659 5394 1717 5455 in
1762 5394 1983 5458 Scoria-

403 5470 554 5611 ὶὲηῶ
578 5469 971 5611 Ῠὲϐίνωφτικός.
1007 5536 1476 5611 Εκείἀὶῐᾉαυοιιυε
1512 5538 1630 5595 haec
1657 5556 1761 5596 vox
1788 5542 1845 5596 in
1873 5545 1983 5599 edi-

402 5606 763 5689 tionellueti,
788 5609 913 5666 licet
938 5610 1204 5665 habeatur
1231 5606 1286 5664 iri
1319 5606 1552 5681 utroque
1573 5611 1761 5668 codice
1782 5629 1981 5669 manu-

401 5688 774 5819 πῗῖἶῐίέοόεκ
803 5746 1123 5819 Vaticanus,
1147 5750 1248 5803 οὐκ
1279 5750 1345 5805 ἄν
1373 5749 1492 5803 ἐστί
1516 5769 1633 5817 τις,
1670 5754 1832 5809 male.

476 5816 552 5891 (5)
603 5818 1025 5888 ‘Axpo6vc7rlar
1055 5816 1160 5889 τῆς
1195 5818 1474 5890 καρδίας,
1510 5816 1627 5879 etc.
1650 5820 1728 5879 ita
1757 5823 1979 5895 quidem

2095 5204 2242 5250 recte
2267 5195 2429 5249 habet
2456 5193 2626 5248 codex
2658 5190 2982 5259 Vaticanus;
3014 5192 3105 5247 sed
3144 5192 3198 5247 in
3226 5190 3551 5248 Scorialensi
3577 5208 3672 5248 eo.

2091 5266 2214 5321 dice
2242 5279 2433 5321 vocem
2457 5264 2530 5317 ἀκ
2598 5263 2823 5317 ϐυστίαν
2845 5263 3158 5318 immediate
3188 5262 3545 5333 sequiturzct
3574 5263 3674 5335 δή·

2091 5353 2223 5388 ποτε
2257 5280 2671 5388 πεοιαιοεθςιοναι
2703 5333 2803 5388 δεῖ.
2838 5333 2927 5388 ἵνα
2950 5350 3036 5388 τις
3069 5332 3490 5388 περιτετμηται,
3522 5339 3629 5386 etc.

2091 5353 2232 5412 ’ποτεΔ
2257 5332 2671 5412 περιαιρεθῆναι
2703 5333 2803 5398 δεῖ,
2838 5333 2927 5412 ἵνα
2950 5350 3036 5396 τις
3069 5332 3629 5412 περιτέτμήταιηεςε.

2119 5478 2130 5490 ι
2162 5407 2240 5477 (6)
2280 5398 2466 5490 (inde-ri
2499 5398 2814 5490 V'a'ticauus,
2841 5405 3010 5477 νοήσῃ
3040 5398 3327 5474 τό·’ἦμεν.’
3360 5398 3674 5457 Seorialen-

2088 5473 2819 5667 εἰῗἹῖοὲῗιῃόεξμξτῗιῗίεεηυε,
2853 5543 3022 5667 ἡμᾶς.
3099 5612 3127 5625 η
3412 5608 3423 5620 .
3620 5612 3632 5623 _

2183 5618 2239 5667 8i
2275 5616 2545 5667 Δόφαατα
2570 5613 2670 5667 καὶ
2701 5616 2885 5667 καθαο
2952 5614 3178 5667 Matr.
3213 5609 3268 5665 ln
3304 5608 3491 5665 codice
3517 5607 3632 5665 Vati

2182 5548 2238 5612 7)
2277 5548 2458 5601 Codex
2494 5548 2819 5607 Vaticanus,
2853 5548 3022 5667 ἡμᾶς.
3099 5612 3127 5625 η
3412 5608 3423 5620 .
3620 5612 3632 5623 ,

2160 5548 2239 5688 ξε)
2275 5616 2545 5697 “fecit?
2570 5613 2670 5697 κειλ
2694 5616 2915 5697 Mer.
2952 5614 3182 5697 Mm:
3213 5609 3268 5665 ιη
3291 5608 3491 5697 ρρψος
3517 5607 3668 5697 Yet":

2089 5680 2229 5741 cano
2251 5680 2562 5753 ριό’λα6εῖν
2605 5683 2801 5751 legitur
2827 5680 3033 5736 λαλεῖν.
3062 5683 3117 5739 1η
3150 5680 3480 5737 Scorialensi
3514 5680 3668 5747 deest

2090 5757 2203 5800 mi-
2233 5754 2399 5800 Paulo
2430 5761 2552 5800 nost
2573 5753 2740 5800 codex
2764 5751 3056 5800 Vaticanum
3085 5755 3265 5800 habet-
3296 5749 3667 5800 προενοήσατο

2090 5757 2204 5811 καί.
2233 5751 2399 5809 Paulo
2430 5761 2552 5822 post
2573 5753 2740 5806 codex
2764 5751 3056 5810 Vaticanus
3084 5755 3266 5821 habet,
3296 5751 3667 5824 προενοήσατο

2090 5826 2147 5879 δὲ
2179 5828 2207 5881 ό
2235 5824 2368 5887 Θεὸς
2398 5822 2552 5890 λόγος
2589 5821 2845 5895 ἱστορίας.
3652 5856 3656 5895 ἶ
