4130 6436
472 398 487 447 ζ
509 396 577 455 19
1936 374 2265 438 οῐιιοεΝιε

3637 375 3744 432 3ὶο

468 522 651 566 tamus
690 507 924 566 rationis
970 507 1221 561 humana:
1249 501 1432 559 sedem
1465 516 1587 557 esse
1621 499 1714 555 ubi
1747 496 2051 569 intelligen-

2154 490 2382 564 καρδίας
2419 486 2599 561 ἡμῶν.
2628 489 2692 542 Ἡ
2719 488 2827 559 γὰρ
2865 485 3151 559 (ι)καρδία
3191 487 3339 542 ἐστὶν
3371 487 3570 560 ἔχουσα
3618 495 3742 545 καθ’

477 601 551 653 tia
577 608 684 664 est,
709 600 852 653 unde
878 612 1056 667 prava:
1080 601 1281 649 exeunt
1311 592 1693 662 cogitationes.
1720 588 1826 656 Qui
1859 602 2056 659 pravas

478 692 658 746 aufert
710 690 1105 760 cogitationes,
1160 685 1206 739 is
1256 684 1581 755 praeputium
1626 681 1808 737 cordis
1852 678 2054 734 aufert.

476 785 581 851 Qui
614 784 805 838 falsam
850 781 1076 852 deponit
1106 779 1423 850 opinionem
1450 817 1463 842 ,
1500 775 1826 847 pricputium
1873 771 2057 828 cordis

475 877 559 931 sui
586 875 949 940 circumcidit,
1003 873 1169 943 ﬁtque
1192 872 1278 925 vir
1309 869 1447 924 Juda
1468 911 1483 935 ,
1510 880 1563 924 et
1593 868 1866 923 habitator
1895 864 2056 919 Jeru-

473 968 641 1023 salem
674 982 808 1037 pure
839 967 1225 1021 circumcisus.
1277 963 1335 1017 Si
1366 963 1491 1033 quis
1518 970 1698 1017 autem
1729 958 2055 1029 praeputium

469 1059 653 1115 cordis
684 1059 767 1113 sui
794 1074 901 1113 non
923 1057 1265 1126 deposuerit,
1293 1055 1577 1109 videamus
1608 1053 1737 1121 quid
1768 1052 1845 1105 illi
1874 1065 2057 1104 sermo

470 1149 837 1203 eomminetur
864 1167 878 1203 :
918 1147 1000 1203 Ne
1025 1149 1261 1218 quando,
1288 1148 1486 1217 inquit,
1506 1146 1812 1217 egrediatur
1832 1154 1889 1198 ut
1917 1144 2056 1213 ignis

471 1240 768 1311 indignatio
790 1255 928 1301 mea,
957 1248 1005 1291 et
1025 1240 1387 1299 succendetur.
1415 1247 1464 1293 et
1501 1256 1602 1294 non
1622 1240 1720 1294 erit
1746 1240 1837 1311 qui
1861 1240 2060 1293 exstin-

472 1340 602 1402 guat
633 1332 697 1384 ".
729 1332 1019 1402 Egreditur
1042 1331 1244 1401 itaque.
1273 1332 1423 1386 velut
1447 1331 1603 1401 ignis,
1635 1332 1932 1404 indignatio
1962 1331 2063 1386 Do-

470 1418 606 1472 mini
626 1419 779 1489 161
799 1420 1061 1474 adversus
1087 1435 1184 1476 eos
1209 1419 1301 1490 qui
1323 1418 1435 1474 Deo
1448 1435 1558 1474 non
1576 1429 1703 1475 sunt
1719 1419 2051 1486 circumcisi,

470 1511 736 1566 adversus
776 1525 873 1567 eos
915 1511 1010 1581 qui
1046 1511 1371 1581 praeputium
1407 1510 1589 1566 cordis
1621 1510 1706 1566 sui
1749 1527 1858 1565 non
1883 1511 2052 1581 depo-

470 1611 735 1667 suerunt,
776 1612 830 1657 et
881 1620 986 1657 non
1016 1605 1121 1659 erit
1154 1603 1247 1672 qui
1294 1605 1611 1674 exstinguat
1654 1619 1685 1657 a
1726 1602 1865 1658 facie
1897 1603 2053 1658 adin-

468 1686 789 1740 ventionum
822 1686 1088 1756 ipsorum.
1141 1685 1287 1757 Ignis
1318 1687 1421 1742 istc
1451 1687 1736 1742 materiam
1766 1688 1930 1742 habet
1956 1702 2051 1742 ne-

467 1775 698 1847 quitiam
756 1776 1208 1832 adinventionum
1279 1777 1548 1847 ipsorum.
1609 1776 1714 1832 Ubi
1787 1794 1898 1833 non
1965 1786 2050 1835 est

471 1867 707 1937 nequitia
743 1870 1192 1924 adinventionum
1216 1910 1231 1934 ,
1258 1884 1367 1925 non
1399 1869 1565 1924 habet
1596 1870 1739 1941 ignis
1770 1872 1916 1941 quod
1950 1872 2049 1926 de-
2082 1854 2124 1909 Β

466 1965 743 2027 pascatur.
780 1955 952 2012 Porro
983 1958 1271 2013 materiam
1304 1958 1465 2014 istius
1503 1958 1648 2029 ignis
1693 1974 1816 2013 esse
1857 1959 2052 2029 nequi-

465 2047 598 2103 tiam
644 2049 1092 2105 adinventionum
1118 2090 1136 2119 ,
1175 2050 1301 2104 audi
1352 2048 1679 2119 Prophetam
1732 2051 2045 2106 dicentem:

465 2139 534 2196 Et
562 2158 666 2195 non
695 2143 796 2196 erit
816 2143 906 2212 qui
946 2143 1255 2211 exstinguat
1291 2158 1325 2194 a
1367 2141 1505 2209 facie
1531 2139 1779 2209 nequitiis
1805 2140 2048 2193 adiuven-

465 2235 665 2288 tienum
693 2243 986 2288 uestrarum
1011 2249 1030 2284 :
1055 2235 1370 2288 aununtiate
1390 2234 1445 2287 in
1476 2232 1644 2297 Iuda,
1671 2242 1722 2285 et
1744 2232 1800 2284 in
1823 2230 2047 2285 Jerusa-

462 2325 565 2380 lem
591 2325 847 2379 audiatur
870 2340 889 2379 :
917 2325 1094 2392 dicite,
1130 2326 1464 2391 anuuntiate,
1487 2324 1785 2395 signiﬁcate
1808 2324 1933 2377 tuba
1956 2339 2047 2377 stt-

461 2435 554 2488 per
584 2426 777 2472 terram
798 2460 814 2484 ,
843 2428 892 2473 et
919 2418 1150 2473 clama’e
1181 2419 1470 2484 fortiter".
1496 2417 1655 2483 Haec,
1684 2416 1893 2486 inquit,
1924 2430 2047 2485 quae

461 2515 787 2566 annuntiata
840 2520 970 2566 sunt
1002 2511 1167 2566 dicite
1217 2511 1271 2565 in
1317 2508 1494 2575 Juda,
1545 2510 1613 2565 iis
1656 2510 1752 2580 qni
1794 2509 1862 2561 de
1902 2508 2046 2562 tribu

458 2599 618 2667 Juda,
655 2610 785 2657 sunt
828 2601 1055 2658 Christi.
1085 2601 1435 2657 Manifestum
1467 2600 1613 2656 enim
1660 2609 1745 2655 est
1795 2599 2048 2654 Salvato-

462 2708 571 2747 rem
605 2702 853 2748 nostrum
889 2709 920 2748 ε
947 2692 1084 2748 Juda
1115 2702 1368 2749 exortum
1399 2709 1540 2748 esse.

2157 583 2308 653 ἡμᾶς
2323 580 2383 634 τὸ
2400 579 2745 652 ἡγεμονικὸν,
2777 578 2904 632 ἔνθα
2919 579 3035 632 ἐστὶ
3062 577 3130 631 τά
3157 580 3407 649 νοήματα
3425 580 3548 634 ὅθεν
3563 582 3614 634 οἱ
3628 582 3745 637 δια-

2156 674 2409 745 λογισμοὶ⁵
2451 672 2765 745 ἐξέρχονται
2810 672 2860 724 οἱ
2906 670 3155 741 πονηροί.
3198 670 3257 724 Ὀ
3285 672 3744 744 περιαιρούμενος

2155 768 2284 830 τοὺς
2326 765 2707 835 διαλογισμοὺς
2735 763 2865 827 τοὺς
2910 762 3199 834 πονηροὺς,
3229 763 3332 834 τὴν
3374 764 3745 835 ἀκροὸυστίαν

2155 858 2254 928 τῆς
2294 855 2520 929 καρδίας
2551 857 2938 926 περιαιρεῖται,
2979 855 3008 906 6
3043 853 3435 924 ἀποτιθέμενος
3464 856 3566 925 τὴν
3605 857 3740 926 ψευ-

2155 948 2414 1013 δοδοξίαν,
2468 947 2864 1019 περιτέτμηται
2913 946 3011 1017 τὴν
3053 945 3418 1017 ἀκροϐυστίαν
3459 948 3561 1016 τῆς
3606 965 3745 1020 καρ-

2153 1040 2272 1105 δίας
2315 1040 2500 1105 αὐτοῦ,
2545 1040 2638 1095 καὶ
2683 1039 2892 1108 γίνεται
2922 1037 3061 1108 ἀνὴρ
3121 1037 3310 1098 Ἰούδα,
3348 1038 3442 1091 καὶ
3474 1040 3745 1093 κατοικῶν

2167 1131 2542 1203 Ἰερουσαλὴμ,
2575 1130 2833 1201 καθαρῶς
2872 1128 3353 1200 περιτεμνόμενος.
3416 1128 3539 1182 Ἐὰν
3575 1128 3634 1183 δέ
3661 1146 3746 1194 τις

2159 1224 2234 1296 μὴ
2266 1224 2538 1296 ἀπόθηται
2577 1224 2679 1295 τὴν
2723 1221 3094 1295 ἀκροϐυστίαν
3132 1220 3231 1291 τῆς
3274 1220 3504 1291 καρδίας
3550 1221 3741 1285 αὑτοῦ,

2156 1314 2356 1386 ἴδωμεν
2394 1314 2450 1367 τί
2480 1312 2697 1368 ἀπειλεῖ
2739 1312 2891 1384 αὐτῷ
2927 1313 2957 1366 6
3001 1311 3191 1381 λόγος·
3242 1311 3469 1380 Μήπως
3496 1312 3739 1383 ἐξέλθῃ,

2155 1406 2342 1478 φησὶν,
2375 1406 2455 1472 ὠς
2497 1404 2618 1474 πῦρ
2658 1408 2692 1460 d
2731 1407 2922 1475 θυμός
2939 1422 3084 1475 μου,
3132 1404 3235 1457 καὶ
3278 1403 3740 1470 ἐκκαυθήσεται,

2153 1498 2255 1553 καὶ
2285 1502 2398 1553 οὐκ
2424 1499 2597 1554 ἔσται
2626 1502 2660 1554 ό
2689 1498 2948 1554 σϐἐσων.
2990 1497 3302 1569 Ἐξέρχεται
3329 1493 3422 1551 οὖν
3454 1497 3531 1562 ὼς
3574 1498 3687 1571 πῦρ
3711 1500 3742 1553 6

2155 1590 2326 1661 θυμὸς
2353 1590 2446 1645 τοῦ
2494 1590 2705 1663 Κυρίου
2749 1590 2843 1644 ὲπί
2882 1589 3011 1652 τοὺς
3064 1588 3139 1660 μὴ
3184 1588 3624 1660 περιτμηθέντας
3661 1589 3740 1660 τῷ

2154 1682 2294 1754 Θεῷ,
2326 1681 2422 1735 ἐπὶ
2450 1683 2577 1745 τοὺς
2609 1681 2685 1754 μὴ
2714 1680 3086 1754 ἀποθεμένους
3104 1682 3205 1751 τὴν
3233 1680 3596 1750 ἀκροϐυστίαν
3636 1680 3737 1752 τῆς

2153 1775 2382 1849 καρδίας
2404 1774 2607 1841 αὐτῶν,
2660 1775 2757 1829 καὶ
2801 1775 2902 1829 οὐκ
2962 1774 3117 1829 ἔσται
3150 1777 3180 1829 6
3213 1774 3421 1828 σϐέσων
3442 1772 3551 1828 ἀπὸ
3569 1790 3736 1845 προσ-

2153 1867 2304 1922 ώπου
2346 1867 2613 1941 πονηρίας
2654 1866 2732 1940 (2)
2779 1867 3226 1940 ἐπιτηδευμάτων
3265 1866 3463 1920 αὐτῶν.
3500 1866 3572 1919 Τδ
3626 1863 3737 1937 πῦρ

2155 1960 2332 2013 ἐκεῖνο
2356 1956 2489 2030 ὕλην
2518 1957 2633 2029 ἔχει
2647 1957 2745 2030 τὴν
2761 1958 3025 2031 πονηρίαν
3053 1958 3165 2012 τῶν
3184 1955 3629 2027 ἐπιτηδευμάτων
3639 1955 3737 2009 αύ-

2151 2047 2469 2103 τῶν.”υπου
2497 2047 2598 2101 οὐκ
2625 2046 3472 2119 ἕστιπονηρίαὲπιτηδευμάτων,
3495 2045 3599 2098 οὐκ
3626 2046 3740 2114 ἔχει

2151 2138 2214 2193 τὸ
2234 2139 2347 2212 πῦρ
2374 2139 2508 2192 ὅπου
2537 2138 2770 2211 νεμηθῇ.
2803 2140 2925 2193 Ὅτι
2952 2138 3059 2209 δὲὴ
3097 2138 3194 2209 ὕλη
3224 2138 3433 2191 ἐκείνου
3454 2134 3549 2189 τοῦ
3568 2135 3739 2207 πυρὸς

2152 2233 2186 2303 ὴ
2216 2230 2453 2303 πονηρία
2480 2231 2601 2285 ἐστὶ
2629 2230 2739 2285 τῶν
2768 2231 3237 2303 ἐπιτηδευμάτων,
3266 2229 3432 2284 ἄκουε
3468 2228 3563 2283 τοῦ
3593 2229 3738 2298 Προ-

2150 2326 2322 2397 φήτου
2344 2325 2617 2395 λέγοντος·
2635 2324 2746 2380 Καὶ
2767 2328 2880 2379 οὐκ
2899 2325 3073 2378 ἔσται
3093 2327 3126 2379 ό
3144 2323 3386 2377 σϐέσων
3408 2322 3528 2377 ἀπὸ
3544 2333 3736 2391 κροσ-

2144 2417 2311 2472 ὠπου
2362 2418 2659 2486 πονηρίας
2691 2415 3177 2486 ἐπιτηδευμάτων
3212 2414 3402 2485 ὑμῶν·
3440 2416 3517 2485 (5)
3557 2416 3734 2484 ἀνατ-

2149 2511 2387 2581 γείλατε
2415 2510 2486 2563 ἐν
2513 2508 2594 2575 τῷ
2645 2508 2860 2577 Ἰούδᾳ,
2893 2509 2993 2562 καὶ
3020 2508 3092 2562 ἐν
3129 2507 3518 2577 Ἰερουσαλὴμ
3552 2507 3735 2562 ἀκου-

2148 2599 2352 2668 σθήτω
2367 2619 2381 2632 ·
2416 2602 2648 2666 εἵσατε,
2669 2602 3090 2671 ἀναγ-γείλατε,
3114 2599 3424 2670 σημάνατε
3447 2598 3737 2668 σάλπιγγι

2148 2690 2248 2744 ἐπὶ
2270 2689 2378 2759 τῆς
2403 2692 2539 2761 γῆς,
2568 2692 2668 2746 καὶ
2694 2690 2953 2758 κράξατε
2972 2689 3147 2768 μέγα..
3168 2689 3377 2753 Ταῦτα,
3405 2688 3641 2761 φησὶ,τά
3657 2687 3733 2757 (4)

458 2785 910 2857 ἀπαγγελλόμενα
939 2785 1014 2857 (ι)
1034 2785 1223 2841 εἴπατε
1252 2789 1309 2839 ἐν
1338 2785 1416 2857 τῷ
1444 2784 1634 2857 Ἰούδᾳ,
1663 2787 1776 2849 τοῖς
1805 2783 1914 2839 ἀπὸ
1936 2782 2035 2853 τῆς
2073 2781 2245 2852 φυλῆς
2293 2782 2386 2836 τοῦ
2427 2783 2598 2837 Ἰούδα
2651 2782 2753 2836 τοῦ
2778 2782 3037 2855 Χριστοῦ·
3091 2782 3357 2854 πρόδηλον
3415 2781 3524 2854 γὰρ
3565 2783 3648 2836 ὅτι
3673 2779 3736 2845 ἐξ

469 2877 640 2935 Ἰούδα
670 2880 1032 2936 ἀνατέταλκεν
1055 2884 1083 2934 6
1112 2881 1304 2954 Σωτὴρ
1334 2881 1487 2953 ἡμῶν

536 2976 624 3031 16.
658 2975 968 3048 Siqniﬁcate
1008 2980 1133 3032 tuba
1172 2994 1329 3049 super
1371 2987 1587 3035 terram.
1638 2979 1831 3037 Sermo
1875 2984 2045 3039 subli-

2219 2972 2534 3059 Σημάνατε
2581 2987 2872 3059 σάλπιγγι
2910 2988 3009 3042 ἐπὶ
3058 2985 3170 3056 τῆς
3217 2984 3354 3057 τῆς.
3412 2985 3470 3039 '0
3509 2983 3667 3052 λόγος
3705 2983 3735 3035 6

459 3068 589 3136 mis,
619 3070 868 3125 excitans
902 3070 1230 3135 auditorem,
1259 3086 1574 3141 praeparans
1615 3072 1793 3143 ipsum
1829 3075 1895 3129 ad
1924 3075 2042 3131 bel-

460 3158 574 3214 lum
625 3167 813 3214 contra
858 3161 1176 3230 passiones,
1215 3161 1283 3216 ad
1331 3162 1534 3215 bellum
1582 3171 1771 3218 contra
1803 3166 2045 3222 assultus

457 3252 726 3306 virtutum
757 3250 1220 3316 adversariarum,
1250 3268 1565 3323 prazparans
1600 3255 1777 3325 ipsum
1810 3257 1878 3311 ad
1909 3258 2047 3315 festa

458 3343 709 3399 cwlestia
741 3344 829 3415 (ad
864 3352 1097 3412 utraque
1121 3344 1265 3398 enim
1291 3345 1406 3400 hinc
1435 3348 1757 3419 assumitur)
1781 3350 2048 3420 accipitur

459 3450 563 3507 pro
610 3436 739 3491 tuba
783 3436 837 3490 in
882 3435 1159 3492 Numeris.
1205 3435 1517 3493 Istiusmodi
1564 3455 1747 3495 sermo
1778 3442 1905 3497 tuba
1940 3451 2043 3510 est,

460 3527 640 3599 qualis
671 3529 799 3582 mihi
841 3537 895 3583 et
942 3529 990 3584 si
1036 3529 1127 3585 cui
1168 3530 1326 3584 alteri
1376 3532 1465 3586 hic
1495 3533 1847 3602 praecipitur;
1885 3536 2047 3591 datur

458 3629 642 3675 autem
674 3621 874 3674 volenti
923 3630 976 3674 et
1022 3622 1285 3690 quaerenti
1336 3637 1559 3678 sensum
1615 3622 2043 3695 Scripturarum.

455 3708 620 3766 Jubet
666 3712 783 3766 ﬁeri
832 3713 992 3767 tubas
1049 3726 1337 3785 argenteas
1382 3715 1634 3771 ductiles.
1682 3715 1776 3773 Sic
1826 3720 1901 3773 ait
1956 3719 2047 3775 hic

457 3818 640 3857 sermo
674 3819 687 3856 :
721 3802 1035 3874 Signiﬁcate
1087 3809 1214 3859 tuba
1262 3821 1421 3876 super
1471 3816 1703 3875 terram,
1734 3817 1785 3862 et
1817 3809 2046 3866 clamate

456 3895 686 3966 fortiter,
715 3897 894 3963 dicite,
927 3894 1355 3968 Congregamini,
1387 3908 1438 3953 et
1481 3900 1846 3969 ingrediamur
1879 3902 1935 3957 in
1961 3905 2043 3957 ci-

458 3986 647 4040 vitates
696 3998 958 4040 muratas.
996 3985 1055 4038 ιιι
1089 3988 1365 4041 civitatem
1412 3989 1588 4044 muris
1623 4000 1898 4045 carentem
1932 4007 2042 4047 non

455 4079 573 4133 vult
606 4094 707 4133 nos
731 4079 934 4132 intrare
960 4084 1143 4134 serm‘o
1175 4079 1291 4148 Dei,
1325 4081 1420 4135 sed
1450 4080 1504 4134 in
1538 4089 1832 4138 muratam.
1865 4081 2047 4139 Eccle-

456 4171 539 4225 sia
594 4168 687 4224 Dei
741 4171 974 4227 viventis
1025 4172 1257 4228 veritate
1311 4170 1474 4227 Verbi
1522 4178 1731 4231 munita
1788 4187 1890 4231 est.
1944 4175 2043 4234 Hic

2154 3081 2377 3153 ὑψηλὸς,
2410 3084 2439 3137 6
2470 3082 2753 3154 διεγείρων
2784 3081 2875 3136 τὸν
2905 3082 3201 3154 ἀκροατὴν,
3238 3083 3266 3133 6
3296 3077 3733 3148 παρασκευάζων

2154 3173 2315 3228 αὐτὸν
2342 3176 2423 3238 είς
2450 3174 2541 3227 τὸν
2571 3173 2807 3244 πόλεμον
2849 3172 2943 3227 τὸν
2968 3171 3111 3226 κατά
3137 3171 3246 3225 τῶν
3275 3166 3482 3230 παθῶν,
3525 3167 3607 3229 είς
3636 3164 3731 3218 τὸν

2148 3265 2387 3337 πόλεμον
2426 3264 2525 3333 τὸν
2576 3266 2719 3319 κατὰ
2764 3265 2871 3320 τῶν
2916 3262 3207 3336 ἐνεργειῶν
3261 3260 3369 3314 τῶν
3424 3257 3735 3329 ἀντικειμέ-

2146 3372 2253 3412 νων
2285 3356 2360 3429 (6)
2396 3355 2701 3429 δυνάμεων,
2723 3358 2752 3410 6
2778 3356 3215 3428 παρασκευάζων
3232 3352 3393 3408 αὑτὸν
3420 3354 3500 3415 είς
3524 3350 3625 3413 τὰς
3639 3351 3733 3405 οὐ-

2152 3445 2366 3517 ρανίους
2376 3446 2590 3519 ἑορτὰς,
2604 3448 2683 3510 είς
2703 3446 2911 3518 ἀμφότε
2921 3463 2987 3519 ρα
2997 3445 3105 3515 γάρ
3119 3444 3290 3498 ταῦτα
3300 3443 3539 3512 λέγεται,
3557 3457 3734 3512 παρα-

2147 3536 2479 3608 λαμῆἀνεται
2515 3539 2591 3610 (7)
2633 3537 2867 3608 σάλπιγξ
2901 3538 2959 3591 ὲν
2991 3536 3393 3610 τοῖςἈριθμοῖς
3412 3536 3472 3587 ·ὁ
3492 3533 3732 3595 τοιοῦτος

2147 3629 2302 3699 λόγος
2333 3629 2567 3700 σάλπιγξ
2601 3632 2768 3693 ἐστὶν,
2805 3626 2914 3684 οἷον
2952 3630 3076 3700 ἐμοὶ
3118 3628 3331 3683 κελεύει
3356 3629 3385 3681 6
3427 3626 3605 3695 λόγος,
3639 3624 3732 3679 καὶ⁸

2148 3723 2202 3777 ετ
2228 3740 2334 3776 τινι
2363 3722 2527 3794 ἄλλῳ,
2558 3722 2764 3776 δέδοται
2783 3723 2839 3776 δὲ
2869 3721 2945 3793 τῷ
2979 3721 3285 3791 βουλομένῳ
3311 3718 3405 3771 καὶ
3432 3717 3728 3788 ζητήσαντι

2145 3815 2238 3869 τὸν
2281 3813 2406 3869 νοῦν
2447 3813 2555 3867 τῶν
2590 3814 2843 3886 Γραφῶν.
2877 3813 3105 3867 Κελεύει
3157 3812 3380 3883 ποιῆσαι
3428 3809 3729 3876 σάλπιγγας

2149 3910 2398 3982 ἀργυρᾶς
2442 3907 2658 3971 ὲλατάς.
2702 3906 2858 3960 Οὕτω
2910 3906 3072 3976 φησὶν
3109 3906 3138 3959 6
3185 3904 3372 3973 λόγος·
3420 3899 3728 3987 Σημᾴνατε

2144 4002 2433 4073 σάλπιγγι
2452 4002 2549 4055 ἐπὶ
2569 4000 2679 4070 τῆς
2700 4000 2829 4071 γῆς,
2854 4000 2951 4053 καί
2966 3998 3293 4067 κεκράξατε
3306 3999 3480 4068 μέγα·
3501 3996 3727 4050 εἴπατε·

2145 4093 2504 4164 Συνάχθητε,
2544 4092 2646 4146 καὶ
2690 4091 3059 4161 εἰσέλθωμεν
3101 4093 3190 4158 εὶς
3232 4089 3340 4156 τὰς
3378 4091 3580 4151 πόλεις
3623 4084 3730 4151 τὰς

2143 4185 2455 4257 τειχήρεις.
2504 4187 2599 4247 Εἰς
2645 4182 2947 4254 ἀτείχιστον
2990 4184 3143 4237 πόλιν
3188 4182 3249 4235 ού
3294 4180 3540 4253 βούλεται
3583 4178 3731 4249 ἡμᾶς

455 4279 694 4336 namque
727 4282 916 4322 murus
938 4276 1040 4334 est,
1073 4266 1214 4322 sicut
1242 4267 1297 4322 in
1324 4267 1537 4323 decimo
1567 4269 1800 4339 septimo
1828 4271 2041 4340 psalmo

2151 4278 2405 4331 εἰσελθεῖν
2436 4279 2465 4331 6
2507 4276 2663 4346 λόγος
2707 4277 2801 4329 τοῦ
2833 4275 2991 4338 Θεοῦ,
3034 4275 3148 4328 ἀλλ’
3174 4277 3252 4337 είς
3292 4271 3727 4344 τετειχισμένην.

454 4359 688 4414 habetur
713 4360 880 4414 Deum
907 4363 1068 4414 etiam
1096 4377 1311 4415 murum
1342 4377 1463 4416 esse
1494 4361 1558 4414 ’⁸.
1590 4362 1923 4420 Assumeutes
1951 4368 2042 4438 fu-

2156 4370 2223 4423 Ἦ
2238 4370 2533 4442 Ἐκκλησία
2560 4336 2657 4424 τοῦ
2687 4370 2887 4435 ζῶντος
2920 4336 3056 4423 Θεοῦ
3083 4336 3471 4439 τετειχισμένη.
3495 4336 3603 4418 ὑπὸ
3630 4336 3727 4431 τῆς

454 4447 561 4516 gite
582 4447 636 4500 in
661 4446 808 4502 Sion.
834 4448 1109 4518 Quotquot
1132 4450 1263 4504 estis
1283 4459 1433 4505 extra
1455 4451 1693 4517 Sionem,
1718 4466 2040 4512 assumentes

2151 4460 2400 4532 ἀληθείας
2442 4462 2536 4516 τοῦ
2562 4461 2758 4530 Λόγου.
2794 4455 2962 4524 Οὗτος
3019 4459 3129 4532 γάρ
3175 4462 3289 4513 ἐστι
3327 4458 3388 4512 τὸ
3428 4460 3606 4527 τεῖχος
3650 4455 3728 4518 ὡς

455 4533 625 4606 fugite
652 4536 709 4589 in
745 4534 896 4601 Sion,
945 4538 1212 4607 festinate,
1244 4540 1409 4595 nolite
1450 4552 1594 4598 stare
1625 4543 1691 4599 ²⁹.
1727 4542 1830 4611 Qui
1872 4546 2043 4615 profl-

2151 4554 2196 4604 ἐν
2229 4552 2307 4623 τῷ
2352 4550 2412 4616 ιζ’
2459 4554 2635 4606 κεῖται
2666 4550 2868 4623 ψαλμῷ
2920 4550 3019 4621 (8),
3069 4553 3149 4605 ὅτι
3192 4551 3282 4605 καὶ
3308 4549 3481 4619 τεῖχός
3519 4549 3665 4600 ἐστιν
3697 4547 3725 4599 6

454 4629 602 4694 citis,
636 4627 887 4685 festinate
930 4632 986 4685 in
1032 4634 1339 4700 speculum,
1384 4636 1510 4705 quia
1540 4653 1633 4707 ego
1662 4637 1805 4691 mala
1830 4637 2036 4693 adduco

2151 4644 2286 4708 ῦεός·
2330 4646 2756 4713 Ἆναλαϐόντες
2788 4647 3038 4716 φεύγετε
3069 4648 3159 4713 εἰς
3192 4644 3365 4699 Σιών.
3411 4644 3564 4696 Ὅσοι
3597 4638 3725 4694 ἐστὲ

454 4721 519 4774 ab
545 4720 819 4791 aquilone,
866 4732 915 4776 et
952 4725 1323 4780 contritionem
1361 4744 1610 4797 magnam
1645 4731 1913 4784 malorum
1953 4731 2030 4784 in-

2151 4734 2242 4803 Ξξω
2293 4737 2392 4809 τῆς
2439 4738 2598 4805 Σιὼν,
2657 4738 3064 4804 ἀναλαϐόντες
3114 4739 3367 4806 φεύγετε
3413 4737 3501 4801 εὶς
3549 4731 3721 4787 Σιών·

451 4814 761 4883 gruentium
790 4815 859 4869 ab
893 4817 1170 4886 aquilone,
1198 4815 1250 4871 id
1278 4825 1383 4883 est,
1416 4820 1753 4887 adversario,
1788 4821 1865 4875 uti
1894 4835 2036 4890 saepe

2151 4830 2473 4896 σπεύσατε,
2509 4829 2595 4901 μὴ
2631 4830 2836 4900 στῆτε.
2870 4831 2935 4885 Οἱ
2966 4831 3024 4883 ὲν
3054 4832 3119 4901 τῇ
3147 4830 3418 4903 προκοπῇ,
3452 4826 3721 4880 σπεύσατε

449 4906 660 4960 dictum
696 4915 799 4962 est.
829 4907 884 4963 Si
914 4911 1039 4981 quis
1070 4920 1318 4980 repertus
1366 4912 1533 4968 fuerit
1572 4913 1666 4983 qui
1700 4930 1808 4969 non
1841 4930 2037 4985 prope-

2151 4919 2237 4973 ἐπὶ
2288 4920 2349 4973 τὺ
2395 4923 2812 4994 σκοπευτήριον,
2860 4920 2951 4976 ὅτι
2998 4922 3161 4976 κακὰ
3205 4919 3321 4992 ἐγὼ
3366 4915 3566 4988 ἐπάγω
3606 4915 3723 4971 ἀπὸ

528 5075 579 5109 ³⁸
605 5072 808 5129 Jerem.
843 5091 922 5141 ιν,
956 5074 1011 5130 4.
1091 5077 1136 5109 ³⁷
1157 5073 1266 5132 Jer.
1297 5092 1372 5143 tv,
1400 5077 1455 5143 4,
1482 5076 1535 5132 5.
1615 5075 1661 5107 ³⁸
1683 5074 1828 5131 Psal.
1857 5078 2051 5146 xvn,»5

2151 5082 2183 5115 ¹⁹
2210 5079 2410 5139 Jerem.
2442 5101 2515 5154 ιν,
2540 5052 2616 5140 6.⁴

521 5238 601 5310 (l)
641 5236 824 5294 Codex
859 5236 1241 5311 Scorialensis,
1281 5241 1331 5293 ει
1362 5239 1510 5311 γάρ,
1544 5249 1645 5296 ειε.
1678 5239 1940 5310 Origenes
1980 5243 2035 5300 in
2213 5249 2269 5311 (5

521 5252 601 5310 (ι)
641 5252 824 5294 uouex
859 5252 1241 5305 sconatensis,
1281 5252 1331 5293 ει
1362 5252 1510 5311 γαρ,
1544 5252 1645 5296 ειε.
1678 5252 1940 5310 Urigenes
1980 5252 2035 5326 in
2235 5252 2269 5304 5
2325 5252 2492 5337 Idem,
2523 5252 2700 5375 Ψιιῗξν.

445 5307 824 5459 itaista
847 5310 1524 5459 ξελμξςτοξσξξπιοξξιαῗδεξτε
1549 5311 1615 5435 :3
1644 5313 1708 5459 si
1740 5312 2034 5459 sese
2211 5252 2292 5459 iii
2315 5321 2499 5446 333::
2534 5330 2700 5447 δεῖ

2325 5249 2492 5337 Idem,

2325 5321 2499 5375 Lodex
2579 5330 2633 5375 at

2318 5321 2499 5393 Qodex
2530 5319 3345 5393 Yaticanus,é11aﬁen6ucva.

2270 5249 2292 5532 Ξ

449 5379 651 5443 παντὸς
678 5375 817 5434 εἶναι
850 5378 1101 5450 σώματος
1126 5375 1224 5451 τὴν
1247 5380 1489 5464 ,καρδίαν
1508 5419 1523 5443 ,
1558 5382 1615 5435 ἐν
1644 5382 1702 5436 δὲ
1741 5375 1807 5452 τῇ
1836 5375 2034 5507 xath

449 5450 510 5502 τὸ
543 5449 640 5507 im
652 5450 868 5507 μονικὸν
915 5452 1011 5504 καὶ
1042 5450 1185 5504 κατὰ
1214 5467 1305 5505 τον
1342 5453 1399 5502 ὲν
1432 5452 1649 5507 ἑκάστω
1692 5450 1870 5507 λόγον.
1967 5471 2035 5507 οε

2211 5375 2498 5507 ὶδξεοάέχ
2534 5375 2918 5457 Scorialens'is,
2954 5375 3129 5463 ύμὶὒν.
3188 5375 3248 5393 "
3333 5375 3341 5377 ⁷

2211 5461 2266 5507 (6
2340 5461 2779 5507 Ἀντικειωζινων
2823 5459 3153 5507 δυνάιιεων,
3200 5460 3258 5507 In
3308 5460 3429 5507 om“

449 5450 510 5533 (εδ
543 5449 868 5533 ἡγεμονικὸν
892 5449 1011 5533 dial
1042 5449 1189 5504 κατὰ
1214 5450 1316 5533 τὸν.
1336 5449 1399 5502 ἐν
1432 5452 1649 5523 ἑκάστῳ
1692 5449 1891 5533 λόγον..
1917 5449 2035 5510 Hoc
2156 5531 2169 5533 _
2324 5461 2779 5533 nutriretptérwr
2823 5449 3154 5533 6vira'jtewr.
3200 5460 3259 5518 In
3308 5460 3498 5519 codice
3538 5463 3718 5522 Vatic.

452 5532 595 5603 vero
635 5521 1117 5603 IfeILipaleti‘c‘orum
1160 5530 1245 5603 est
1287 5521 1481 5602 dogma
1507 5560 1522 5585 ,
1563 5521 1708 5603 quod
1742 5524 2032 5603 amplexos
2139 5521 2292 5603 deest
2313 5521 2618 5603 δυνάμεωῦ.

451 5601 672 5656 quoque
719 5587 888 5645 fuisse
931 5589 1146 5648 Stoicos
1181 5587 1444 5647 discim‘us
1470 5607 1537 5648 ex
1572 5591 1794 5650 Laertio
1831 5587 1887 5649 in
1931 5593 2033 5649 Ze-
2233 5602 2258 5655 7
2321 5587 2465 5657 Cod.'
2490 5601 2692 5666 Vatie.,
2726 5601 2822 5656 καὶ
2852 5600 3359 5674 παραλαμϐάνεται.

456 5671 617 5743 ""3333
637 5656 959 5743 ,E'UFT'9§-_,
1178 5732 1192 5743 ,
1280 5725 1293 5743 ,
1359 5732 1380 5743 _
1426 5731 1448 5743 ,
1538 5733 1550 5743 _
1573 5734 1588 5743 _
1744 5735 1759 5743 Α
1908 5734 1929 5743 ἢ
2207 5602 2288 5742 ἕ8ἒ
2313 5667 2503 5743 ρῦτος
2526 5672 2637 5743 γάρ
2663 5673 2798 5743 ἐστι
2824 5672 2890 5725 τὸ
2921 5672 3120 5743 τεῖχος
3141 5675 3225 5740 ὡς
3243 5674 3315 5727 ἐν
3342 5668 3420 5735 τῷ
3445 5669 3507 5733 ιζ’
3534 5670 3720 5727 κεῖται

529 5725 606 5787 (‘2')
635 5725 815 5809 code}
845 5725 1339 5809 vaticanus,§cr1iv.
1359 5731 1505 5809 infra
1536 5733 1706 5807 idem,
1739 5734 2028 5809 ἐπιτηδευ-

460 5741 606 5819 ἐξ)
635 5741 815 5819 U209}
850 5741 1156 5819 *Βηθωρὰ
1172 5741 1339 5819 εξσίιςιν.
1361 5741 1505 5819 Infra
1536 5741 1706 5807 idem,
1739 5741 2028 5809 ἐπιτηδευ-

2151 5741 2376 5813 ψ-ανιμῷ.
2413 5744 2475 5802 ιιι
2508 5741 2699 5802 codice
2733 5741 3065 5801 Scorialen‘si
3098 5744 3253 5801 deest
3272 5743 3349 5811 ὥς
3370 5755 3424 5801 ει
3445 5745 3645 5799 κεῖται.

458 5792 644 5867 μάτων
678 5795 852 5868 ἡμῶν,
877 5799 1011 5855 ὅπου
1037 5792 1152 5856 οὐκ
1170 5801 1247 5857 ἔνι
1273 5803 1525 5877 πονηρία.
