4130 6438
461 378 567 437 535

1653 388 1718 442 IN
1755 386 2105 444 JEREMIAM
2144 385 2430 443 HOMILIA
2478 386 2565 445 Vl.

3620 398 3728 457 5‘26

461 502 531 554 ἶν’
560 501 736 567 οὕτως
770 504 943 568 εἴπω,
972 501 1320 572 ἀναίσθητος,
1354 478 1679 573 λεχθήσεται
1702 504 1832 574 περὶ
1850 503 2036 557 αὑτοῦ

2157 505 2301 569 quod
2333 503 2535 556 dicitur
2573 501 2819 557 animum
2867 500 2989 572 ejus
3015 503 3276 573 percellat
3305 506 3402 577 qui
3446 509 3735 565 conscien-

471 596 923 667 Ἕμαστίγωσας
963 595 1206 663 αὐτοὺς,
1257 595 1358 650 καὶ
1403 598 1516 650 οὐκ
1558 595 1897 663 ἐπόνησαν.
1939 594 2048 649 Τοῦ

458 687 624 745 αὑτοῦ
652 688 809 758 λόγου
848 688 1140 760 λεγομένου
1169 686 1521 758 ἐλεγκτικῶς,
1554 688 1687 759 φέρε
1711 689 1907 753 εἰπεῖν,
1955 689 2050 742 ἐπὶ

458 779 537 850 τῷ
553 779 877 834 καθικέσθαι
896 778 973 850 (ἰ)
1002 778 1239 843 διανοίας
1252 779 1347 832 τοῦ
1363 778 1462 850 τὴν
1491 779 1795 852 συνείδησιν
1811 797 1879 851 με
1885 778 2050 851 μολυ-

461 874 660 945 σμένου
690 873 780 925 ent
805 891 912 926 τινι
940 874 1207 946 ἁμαρτίᾳ,
1232 874 1294 928 τὸ
1317 873 1629 945 λεγόμενον,
1658 876 1755 929 ὲὰν
1783 878 1812 929 6
1837 876 1939 946 μέν
1960 892 2047 939 τις

458 966 565 1020 τῶν
606 966 908 1020 ἀκουόντων
934 966 1172 1038 ἀλγήσῃ,
1212 966 1354 1020 ὥστε
1382 966 1639 1039 λεχθῆναι
1681 968 1810 1039 περὶ
1852 967 2042 1033 αὑτοῦ,

462 1058 712 1131 ἑώρακας
738 1058 815 1122 ὡς
839 1060 1112 1129 κατενύγη
1135 1060 1164 1112 ὁ
1201 1059 1349 1113 δεῖνα
1366 1076 1381 1089 ·
1420 1062 1450 1113 ὁ
1480 1060 1538 1113 δέ
1570 1076 1653 1123 τις
1679 1058 1787 1112 τῶν
1815 1059 2045 1113 ἀκουόν-

458 1170 566 1206 των
612 1152 687 1225 μὴ
744 1151 978 1223 ἀλγήσῃ,
1026 1152 1162 1206 ἀλλά
1203 1150 1519 1223 ἀναισθητεῖ
1548 1151 1655 1206 τῶν
1688 1151 2041 1221 ἐλεγχόντων,

455 1244 612 1315 δῆλον
651 1245 733 1300 ὅτε
769 1244 1091 1315 λεχθήσεται
1133 1243 1262 1315 περὶ
1309 1242 1405 1297 τοῦ
1452 1243 1574 1316 μηδ’
1615 1241 2040 1314 αἰσθανομένου·

466 1336 909 1407 Ἐμαστίγωσας
952 1335 1194 1402 αὐτοὺς,
1248 1336 1349 1390 καὶ
1390 1337 1503 1390 οὐκ
1544 1337 1880 1403 ἐπόνησαν.
1927 1334 2045 1389 Μία

456 1428 554 1498 μὲν
581 1429 660 1499 (2)
684 1428 937 1500 διήγησις
972 1428 1110 1498 αὕτη
1141 1427 1268 1500 περὶ
1290 1427 1407 1492 τοῦ,
1441 1429 1554 1482 οὐκ
1578 1427 1916 1496 ἐπόνησαν,
1950 1426 2044 1479 καὶ

448 1519 791 1587 ἐπόνησαν·
831 1520 1027 1591 ἴδωμεν
1059 1520 1135 1583 δὲ,
1163 1521 1211 1572 εἰ
1236 1518 1433 1590 ἔχομεν
1459 1520 1553 1573 καὶ
1586 1518 1782 1591 ἑτέραν
1812 1517 2048 1572 ἀνάπτυ-

453 1610 553 1675 ξιν.
597 1611 840 1666 Γίνονταί
877 1629 1022 1676 τινες
1054 1612 1112 1664 ὲν
1143 1615 1256 1676 τοῖς
1292 1612 1509 1681 σώμασι
1546 1610 1728 1682 μερῶν
1757 1626 1916 1663 τινων
1953 1627 2043 1661 νε-

449 1703 712 1775 κρότητες
740 1705 837 1759 καὶ
871 1704 1168 1776 ξηρότητες
1189 1720 1201 1733 ·
1242 1705 1339 1756 καὶ
1384 1700 1643 1764 πολλάκις
1675 1700 1903 1755 τοιαῦτα
1935 1700 2044 1754 πά-

449 1812 571 1865 σχει
613 1796 682 1850 τὰ
733 1795 1118 1868 νενεκρωμένα
1172 1794 1311 1864 μέλη
1356 1793 1511 1864 παρά
1546 1792 1615 1846 τὰ
1658 1792 1859 1857 ζῶντα,
1904 1792 2045 1847 ὥστε

2155 592 2283 646 tiam
2310 593 2473 649 habet
2504 594 2689 664 aliquo
2719 604 2942 665 peccato
2968 596 3256 667 pollutam,
3287 598 3332 653 si
3356 598 3480 668 quis
3512 600 3736 657 audien~

2151 684 2286 739 tium
2315 686 2571 752 doluerit,
2606 686 2679 741 ita
2722 699 2781 743 ut
2830 689 2898 743 de
2939 703 3007 743 eo
3047 689 3303 745 dicatur:
3335 688 3529 748 Vidisti
3556 705 3615 747 ut
3639 694 3733 749 ille

2148 788 2513 847 compunctus
2557 781 2674 835 est?
2718 781 2858 836 alius
2902 796 3034 837 vero
3077 797 3422 852 nequaquam
3475 785 3729 853 doluerit,

2147 866 2243 921 sed
2276 881 2443 922 sensu
2486 870 2637 921 omni
2680 870 2887 925 amisso
2919 871 3348 941 reprehensores
3383 888 3491 927 non
3522 875 3730 941 audiat,

2148 956 2501 1013 manifestum
2533 967 2620 1013 est
2649 960 2717 1015 de
2757 975 2824 1015 eo
2872 961 2966 1031 qui
3024 976 3093 1017 ne
3142 963 3310 1018 sentit
3354 964 3572 1034 quidem
3621 966 3731 1021 dici

2147 1064 2350 1119 posse:
2394 1049 2717 1122 Flagellasti
2761 1068 2871 1123 eos,
2894 1064 2944 1109 et
2990 1070 3094 1107 non
3136 1056 3440 1111 doluerunt.
3491 1055 3572 1111 En
3621 1074 3731 1127 quo

2148 1154 2314 1195 sensu
2361 1140 2536 1210 accipi
2578 1141 2785 1211 possit,
2825 1159 2931 1197 non
2961 1143 3265 1210 doluerunt,
3297 1153 3394 1199 aut
3420 1144 3729 1202 doluerunt.

2148 1227 2445 1284 Videamus
2468 1244 2538 1283 an
2572 1231 2645 1284 sit
2675 1231 2836 1286 nobis
2867 1232 3034 1286 etiam
3069 1234 3172 1287 alia
3196 1234 3486 1303 expositio.
3519 1235 3733 1291 Accidit

2148 1319 2420 1374 interdum
2455 1319 2509 1374 in
2562 1322 2884 1391 corporibus
2937 1331 2997 1377 ut
3040 1332 3223 1391 partes
3271 1324 3520 1393 quaedam
3571 1340 3728 1380 cmo-

2148 1409 2364 1465 riantur
2407 1419 2461 1465 et
2505 1410 2672 1466 aridae
2701 1414 2855 1478 fiant,
2901 1423 2955 1469 et
2994 1430 3372 1484 saepenumero
3416 1417 3729 1472 istiusmodi

2147 1501 2395 1556 membra
2417 1512 2669 1557 emortua
2700 1519 2811 1573 prae
2834 1505 2971 1561 vivis
2999 1514 3150 1562 tanto
3187 1509 3376 1563 dolore
3419 1509 3730 1564 adliciuntur

2149 1601 2208 1647 ut
2238 1593 2500 1649 adhibitis
2524 1595 2743 1664 quidem
2782 1597 2906 1651 vivo
2940 1601 3188 1655 membro
3230 1601 3297 1656 iis
3326 1615 3449 1670 qua:
3480 1601 3726 1655 dolorem

2147 1683 2412 1749 inferunt,
2443 1684 2624 1740 doleat
2658 1685 2747 1741 ille
2768 1688 2856 1742 cui
2889 1688 2943 1744 id
2973 1691 3118 1760 quod
3148 1691 3393 1746 dolorem
3423 1692 3606 1758 ellicit,
3636 1691 3725 1746 in-

2148 1774 2352 1843 fertur,
2401 1777 2597 1831 iisdem
2637 1793 2767 1833 vero
2810 1782 3097 1837 tormentis
3142 1784 3388 1837 membro
3425 1799 3590 1839 sensu
3634 1800 3729 1839 ea-

450 1886 877 1954 προσαγομένων
915 1885 1013 1953 μὲν
1042 1883 1149 1936 τῶν
1183 1883 1345 1935 πόνον
1372 1885 1596 1953 ποιῆσαι
1623 1882 1934 1954 δυναμένων
1960 1882 2036 1954 τῷ

2147 1870 2288 1924 renti
2320 1867 2605 1935 adhibitis,
2636 1869 2862 1926 minime
2901 1872 3081 1927 doleat
3112 1873 3202 1929 ille
3231 1876 3389 1943 cujus
3416 1877 3725 1932 membrum

380 1966 391 1979 ’
453 1974 617 2038 ζῶντι
653 1975 828 2045 μέλει,
861 1975 1049 2044 ἀλγεῖν
1080 1976 1286 2031 ἐκεῖνον
1315 1970 1360 2044 ᾧ
1391 1976 1728 2047 προσάγεται
1762 1976 1825 2031 τὸ
1851 1978 2039 2032 ποιοῦν

454 2068 660 2130 πονεῖν,
712 2067 1137 2138 προσαγομένων
1174 2068 1231 2122 δὲ
1274 2067 1382 2122 τῶν
1421 2069 1719 2124 ποιούντων
1748 2073 1931 2125 πονεῖν
1960 2072 2040 2143 τῷ

458 2155 609 2226 μέλει
637 2155 714 2227 τῷ
740 2158 1051 2231 ἀναισθήτῳ
1090 2160 1190 2213 οὐκ
1222 2159 1540 2215 αἰσθάνεται
1580 2158 1809 2228 ἐκεῖνος,
1841 2163 1970 2218 ὅταν
2003 2166 2037 2235 ή

452 2249 712 2321 νεκρότης
743 2250 872 2323 περὶ
902 2251 1088 2306 αὐτόν.
1125 2252 1310 2306 Ταῦτα
1344 2253 1505 2326 εἰπερ
1539 2254 1655 2328 ἴδῃς
1683 2256 1777 2311 ἐπὶ
1802 2255 1897 2310 τοῦ
1929 2256 2036 2310 σώ-

450 2357 641 2410 ματος,
674 2342 905 2413 μετάθες
930 2344 1024 2397 ἐπὶ
1055 2343 1154 2415 τὴν
1184 2344 1364 2416 ψυχήν
1382 2361 1395 2375 ο
1432 2346 1527 2398 καὶ
1552 2346 1675 2419 ὅρα,
1698 2348 1780 2401 ὃτι
1813 2349 1925 2402 ἔστι
1952 2365 2037 2413 τις

446 2434 542 2484 καὶ
572 2432 715 2506 ψυχὴ
745 2437 1082 2508 νεκρουμένη
1112 2436 1183 2490 τὰ
1206 2437 1372 2508 μέλη,
1400 2437 1543 2492 ὥστε
1577 2438 1651 2511 μὴ
1684 2438 2035 2495 αἰσθάνεσθαι

443 2523 551 2577 ἀπὸ
588 2525 694 2578 τῶν
730 2529 1027 2598 μαστίγων,
1062 2529 1165 2583 κᾶν
1206 2530 1438 2585 ἐπίπονα
1480 2531 1855 2603 προσφέρηταί
1891 2548 2032 2587 τινα.

442 2616 931 2688 Διαπρισθήσεται,
961 2620 1037 2687 (5)
1067 2619 1182 2673 ἀλλ’
1215 2620 1316 2672 οὐκ
1361 2618 1787 2691 αἰσθανθήσεται
1817 2623 1851 2692 ή
1887 2620 2036 2676 δεῖνα

442 2706 610 2778 ψυχή’
644 2708 778 2780 ἄλλη
810 2709 869 2762 δὲ
900 2708 1346 2780 αἰσθανθήσεται,
1378 2711 1475 2762 καὶ
1498 2710 1641 2780 τάχα
1670 2710 1911 2782 ὡσπερεὶ
1945 2710 2038 2765 λυ-

446 2803 631 2854 πεῖται
667 2800 867 2871 μᾶλλον
908 2800 1003 2854 ἐπὶ
1037 2800 1113 2871 τῷ
1149 2801 1224 2873 μὴ
1257 2799 1611 2854 αἰσθάνεσθαι
1643 2801 1786 2873 ἥπερ
1825 2803 1921 2855 ἐπὶ
1955 2801 2036 2873 τῷ

447 2889 825 2954 αἰσθάνεσθαι,
877 2892 907 2944 ό
951 2890 1028 2963 μὴ
1071 2891 1462 2962 αἰσθανόμενος
1500 2892 1609 2944 ἀπὸ
1657 2892 1833 2945 πόνων
1886 2893 2035 2964 αὐτῷ

450 2982 931 3056 προσφερομένων,
977 2983 1269 3054 εὐχόμενος
1301 2983 1499 3054 μᾶλλον
1525 2986 1705 3036 πονεῖν
1730 2986 1779 3037 εἰ
1825 2985 2035 3058 προσά-

449 3090 599 3140 γοιτο
638 3076 706 3129 τὰ
754 3074 1008 3139 ἐπίπονα,
1048 3077 1175 3127 ἐπεὶ
1211 3076 1437 3146 σημεῖόν
1463 3077 1580 3128 ὲστι
1609 3075 1767 3129 τοῦτο
1799 3075 1894 3132 τοῦ
1932 3074 2032 3148 ζῇν

447 3164 1000 3236 αὐτὸν,ἀηδιζόμενος
1044 3165 1101 3219 δὲ
1131 3165 1224 3219 ἐπὶ
1255 3165 1332 3236 τῷ
1354 3167 1433 3238 (4)
1470 3170 1545 3238 μὴ
1573 3166 1924 3222 αἰσθάνεσθαι
1940 3169 2032 3221 ἐπὶ
2058 3198 2102 3255 C

442 3260 555 3321 τοῖς
584 3257 881 3321 ἐπιπόνοις.
910 3258 1118 3328 Ὥσπερ
1150 3255 1215 3327 δὴ
1238 3259 1396 3310 τοῦτο
1424 3257 1631 3326 γίνεται
1662 3260 1757 3312 ἐπὶ
1784 3258 1893 3311 τῶν
1925 3275 2030 3311 σω-

444 3350 651 3420 μάτων,
685 3348 829 3403 οὖτω
866 3348 1073 3421 νομίζω
1113 3352 1174 3404 ὲν
1219 3348 1329 3419 τῷ·
1370 3347 1742 3416 (θελήσωσιν,
1792 3352 1848 3404 εἰ
1898 3349 2028 3419 ἐτέ-

437 3430 617 3494 νσντο
635 3441 1056 3509 πυρίκαυστοι,
1083 3440 1324 3496 τοιοῦτόν
1347 3457 1401 3494 τι
1425 3440 1747 3513 δηλοῦσθαι·
1772 3438 1904 3506 οἷον,
1933 3442 2028 3497 τοῦ

439 3530 611 3602 πυρὸς
642 3530 1090 3603 προσφερομένου
1122 3532 1248 3593 τινὶ,
1279 3531 1374 3585 καὶ
1403 3532 1479 3603 μὴ
1512 3530 1904 3603 αἰσθανομένου
1932 3531 2027 3586 τοῦ

439 3622 730 3693 καιομένου
749 3662 765 3686 ,
796 3621 1094 3694 θελήσωσιν
1120 3625 1318 3677 ἐκεῖνοι
1334 3623 1731 3687 καταλαϐόντες
1743 3624 2028 3694 σύγκρισιν

440 3716 516 3785 μὴ
538 3713 946 3784 αἰσθανομένων
982 3715 1076 3768 ἐπὶ
1112 3718 1236 3780 ταῖς
1276 3715 1534 3787 ἀλγηδόσι
1566 3716 1662 3769 καὶ
1697 3712 2028 3786 αἰσθανομέ-

436 3821 563 3869 νων,
602 3804 803 3875 μᾶλλον
834 3804 1186 3860 αἰσθάνεσθαι
1227 3806 1321 3860 ἐπὶ
1362 3806 1441 3877 τῷ
1469 3806 1627 3877 πυρὶ,
1656 3806 1690 3876 ἢ
1726 3806 1802 3877 μή
1836 3804 2031 3860 αἰσθά-

434 3895 643 3951 νεσθαιι
661 3896 755 3952 καὶ
770 3895 984 3963 εὔξαιτο
999 3896 1066 3951 ἄν
1079 3914 1164 3961 τις
1185 3896 1285 3968 (5),
1301 3896 1716 3969 προσαγομένου
1729 3895 1824 3948 τοῦ
1842 3912 2031 3966 κεκρι-

394 3984 409 3991 ’
439 3988 603 4061 μένου
637 3990 814 4062 πυρὸς
839 3990 933 4043 ἐπὶ
954 3989 1083 4053 τοὺς
1104 3989 1484 4060 ἁμαρτωλοὺς,
1510 3985 1863 4041 αἰσθάνεσθαι
1890 3988 2031 4058 μᾶλ-

433 4082 523 4137 λον
550 4084 584 4156 ἢ
619 4083 695 4156 μὴ
717 4082 1091 4138 αἰσθάνεσθαι.
1119 4081 1305 4139 Ταῦτα
1332 4081 1423 4137 διὰ
1454 4081 1515 4135 τό
1534 4098 1548 4112 ο
1585 4080 2031 4151 Ἐμαστίγωας

433 4175 678 4242 αὐτοὺς,
716 4175 819 4229 καὶ
841 4178 955 4230 οὑκ
984 4174 1327 4242 ἐπόνησαν’
1348 4170 1763 4238 συνετέλεσας
1782 4170 2025 4237 αὐτοὺς,

434 4269 534 4324 καὶ
564 4271 679 4325 οὐκ
702 4268 1016 4338 ἠθέλησαν
1040 4266 1332 4331 δέξασθαι
1354 4265 1650 4320 παιδείαν.
1684 4265 1812 4319 Ὅτε
1838 4263 1906 4318 τὰ
1936 4281 2031 4318 κα-

437 4357 672 4432 θαρτικὰ
702 4360 850 4413 ποιεῖ
885 4360 914 4412 6
954 4355 1201 4427 προνοῶν
1228 4354 1337 4410 τῶν
1376 4356 1514 4409 ὅλων
1560 4354 1694 4418 Θεὸς
1727 4348 2028 4426 ἐπὶ’ψυχῆς

436 4450 837 4524 «implendas
852 4450 1021 4523 αὐτὴν
1038 4448 1373 4503 συνετέλεσε.
1404 4447 1479 4519 (6)
1494 4447 1727 4519 Νοήσεις
1757 4447 1844 4500 δέ’
1870 4450 2026 4501 Συν-

2143 1971 2455 2017 emortuum
2489 1971 2595 2020 est.
2638 1963 2765 2020 Haec
2796 1965 2842 2019 si
2884 1965 2940 2019 in
2988 1981 3219 2036 corpore
3266 1969 3621 2036 conspexisti,
3654 1971 3722 2023 ad

2142 2055 2382 2111 animam
2429 2058 2686 2123 transfer,
2734 2068 2787 2114 et
2836 2060 3127 2116 considera
3175 2061 3470 2132 quamdam
3505 2078 3727 2134 quoque

2141 2149 2382 2203 animam
2420 2164 2543 2205 esse
2580 2151 2744 2221 cujus
2785 2151 3026 2208 membra
3061 2152 3139 2207 ita
3172 2163 3422 2208 emortua
3456 2162 3619 2219 sunt,
3667 2163 3727 2209 ut

2141 2241 2348 2312 ﬂagella
2381 2259 2489 2299 non
2535 2246 2768 2313 sentiat,
2804 2248 3160 2315 quantumvis
3203 2247 3431 2303 molesta
3471 2249 3723 2319 quaedam

2142 2335 2466 2395 inferantur.
2515 2339 2888 2398 Dissecabitur
2936 2339 3126 2394 anima
3157 2339 3272 2407 illa,
3303 2340 3401 2396 sed
3435 2356 3544 2395 non
3595 2356 3723 2396 sen-

2142 2432 2273 2500 tiet;
2308 2433 2414 2487 alia
2444 2448 2576 2489 vero
2607 2432 2838 2499 sentiet;
2871 2440 2925 2487 et
2946 2430 3198 2487 fortassis
3240 2432 3337 2503 qui
3374 2448 3439 2487 ea
3467 2449 3589 2504 qua
3616 2434 3721 2490 do-

2139 2522 2309 2579 lorem
2337 2525 2584 2595 pariunt,
2618 2523 2948 2591 non-sentit,
2991 2524 3398 2593 quodammodo
3428 2527 3551 2595 plus
3575 2528 3725 2585 dolet

2140 2631 2267 2671 cum
2298 2631 2363 2671 ea
2389 2631 2499 2670 non
2535 2616 2722 2679 sentit,
2752 2630 2921 2685 quam
2961 2630 3089 2670 cum
3120 2616 3306 2683 sentit,
3332 2626 3595 2688 optatque
3625 2636 3725 2689 po-

2141 2706 2250 2763 tius
2296 2708 2484 2763 dolere
2532 2724 2661 2764 cum
2706 2710 2936 2763 molesta
2981 2708 3295 2763 inferuntur
3340 2711 3560 2780 (etenim
3617 2713 3726 2770 hoc

2138 2798 2357 2870 signum
2386 2810 2472 2855 est
2500 2801 2680 2870 ipsum
2711 2801 2939 2870 vivere),
2970 2812 3023 2855 et
3053 2816 3197 2870 aegre
3238 2800 3343 2857 fert
3368 2819 3427 2860 se
3457 2819 3565 2860 non
3596 2821 3723 2862 sen-

2135 2891 2239 2955 tire
2267 2908 2388 2961 quae
2412 2892 2657 2948 dolorem
2683 2909 2871 2962 parere
2892 2906 3319 2953 consueverunt.
3348 2895 3521 2953 Sicuti
3555 2914 3722 2969 porro

2136 2981 2244 3037 hoc
2269 2982 2325 3036 in
2351 2982 2675 3053 corporibus
2707 2984 2800 3049 lit,
2849 2983 2929 3039 sic
2973 2999 3097 3039 cum
3154 2987 3352 3042 dicitur
3384 3006 3398 3042 :
3444 2986 3644 3045 Vellent
3672 2990 3721 3046 si

2138 3072 2310 3141 forent
2342 3073 2594 3142 ambusti,
2626 3075 2733 3130 tale
2762 3078 2894 3146 quid
2926 3079 3081 3133 innui
3121 3080 3335 3149 opinor.
3366 3078 3525 3137 Velut
3556 3083 3604 3138 si
3632 3099 3721 3139 cut

2137 3162 2279 3234 ignis
2318 3165 2663 3231 admovetur,
2684 3176 2740 3221 et
2765 3168 2853 3223 ille
2878 3171 2973 3240 qui
2994 3172 3359 3237 comburitur,
3389 3188 3499 3228 non
3533 3181 3719 3235 sentit.

2134 3254 2336 3309 vellent
2373 3255 2450 3309 illi
2498 3254 2641 3311 facta
2694 3262 3109 3329 comparatione
3144 3262 3497 3318 sentientium
3529 3273 3584 3318 et
3607 3279 3718 3319 non

2134 3346 2509 3414 Sentientium,
2546 3347 2753 3404 sentire
2780 3352 2966 3420 potius
2998 3354 3054 3407 in
3101 3352 3226 3424 igne
3260 3369 3426 3423 quam
3453 3368 3563 3409 non
3593 3371 3721 3411 sen-

2134 3436 2256 3505 tire,
2289 3449 2345 3494 et
2382 3441 2584 3509 optarit
2629 3444 2817 3513 utique
2862 3444 3137 3515 quispiam
3185 3447 3367 3517 ignem
3397 3447 3492 3518 qui
3525 3463 3720 3519 pecea-

2130 3534 2346 3591 toribus
2390 3535 2735 3604 decernitur,
2777 3539 2981 3593 sentire
3030 3540 3216 3608 potius
3242 3556 3408 3611 quam
3445 3556 3553 3596 non
3588 3557 3717 3597 sen-

2130 3624 2253 3680 tire.
2282 3624 2408 3682 Haec
2433 3628 2577 3682 dicta
2599 3637 2728 3683 sunt
2746 3638 2968 3698 propter
2989 3630 3136 3685 istud
3167 3649 3182 3686 :
3211 3632 3371 3702 165
3398 3631 3718 3703 Flagellasti

2128 3733 2240 3779 eos,
2269 3728 2320 3772 et
2366 3734 2470 3771 non
2511 3719 2836 3785 doluerunt;
2872 3724 3254 3775 consummaui
3295 3739 3418 3787 eos,
3447 3732 3498 3776 et
3535 3722 3720 3778 nolue-

2131 3814 2256 3859 runt
2284 3806 2511 3874 recipere
2543 3806 2882 3875 disciplinam
2908 3807 2974 3863 ιι.
3023 3808 3254 3874 Quando
3300 3811 3552 3880 provisor
3596 3814 3718 3867 uni-

2130 3911 2414 3950 versorum
2456 3895 2599 3952 Deus
2650 3912 2750 3966 pro
2794 3898 2993 3954 anima:
3030 3901 3208 3957 salute
3267 3903 3557 3972 purgantia
3588 3919 3718 3974 pro-

2129 3989 2315 4060 pinat,
2372 3998 2505 4045 tunc
2550 3990 2726 4061 ipsam
2777 3995 3203 4050 consummavit.
3257 3994 3395 4050 lllud
3460 4005 3642 4052 autem
3694 4015 3713 4056 :

2130 4081 2526 4137 Consummatti
2553 4100 2664 4151 eos,
2688 4093 2739 4139 et
2764 4086 3048 4142 noluerunt
3081 4089 3308 4158 recipere
3349 4089 3714 4160 disciplinam,

2129 4173 2399 4246 intelliges
2429 4177 2680 4247 exemplo
2710 4177 2831 4247 ejus
2860 4178 2956 4248 qui
2987 4179 3274 4235 scientiam
3299 4182 3481 4248 tradit,
3511 4192 3567 4237 et
3593 4183 3714 4251 ejus

2128 4264 2223 4335 qui
2263 4264 2515 4320 traditam
2569 4266 2815 4336 recipere
2865 4283 2975 4324 non
3017 4270 3150 4324 vult.
3182 4267 3376 4325 Omnia
3414 4271 3557 4326 enim
3591 4287 3715 4341 quae

2129 4355 2217 4410 sui
2243 4354 2490 4409 muneris
2526 4364 2656 4410 sunt
2703 4356 2896 4412 doctor
2942 4358 3138 4426 faciat,
3168 4371 3222 4416 et
3261 4371 3484 4432 peragat
3527 4366 3713 4419 omnia

2130 4460 2253 4515 qua:
2296 4443 2365 4499 ad
2415 4442 2736 4499 tradendam
2793 4446 3081 4503 scientiam
3134 4458 3405 4519 spectant,
3449 4450 3541 4506 ille
3585 4468 3714 4508 vero

433 4542 722 4609 πέλεσας
775 4541 1028 4608 αὐτοὺς,
1081 4541 1182 4595 καί
1221 4542 1335 4594 οὐκ
1376 4540 1692 4609 ἠθέλησαν
1737 4538 2027 4604 δέξασθαι

2138 4552 2241 4592 non
2271 4536 2457 4592 audiat
2484 4552 2607 4607 qua:
2634 4538 2914 4606 dicuntur,
2942 4541 3010 4596 de
3035 4541 3139 4598 hoc
3165 4557 3266 4613 ego
3297 4545 3543 4599 auditore
3574 4561 3713 4615 prte-

435 4634 735 4702 ¹παιδείαν,
764 4634 874 4689 ἀπὸ
907 4634 1350 4707 παραδείγματος
1380 4631 1475 4687 τοῦ
1506 4632 1650 4687 κατά
1674 4632 1765 4685 τὸν
1792 4632 2025 4704 παραδι-

433 4725 595 4781 δόντα
632 4725 730 4798 τὴν
771 4727 1103 4797 ἐπιστήμην,
1139 4725 1235 4779 καὶ
1274 4723 1367 4778 τὸν
1419 4724 1495 4796 μὴ
1551 4723 1879 4795 βουλόμενον
1926 4740 2026 4777 πα-

436 4820 695 4893 ραλαϐεῖν
752 4820 853 4892 τὴν
905 4821 1216 4891 ἐπιστήμην
1273 4819 1384 4872 ἀπὸ
1444 4818 1539 4873 τοῦ
1610 4819 2022 4891 παραδιδόντος.

434 4911 620 4967 Πάντα
632 4911 742 4985 γὰρ
760 4911 830 4967 τά
854 4913 982 4984 παρ’
1001 4911 1150 4983 αὐτῷ
1167 4912 1243 4983 (7)
1262 4911 1485 4966 ποιείτω
1503 4912 1532 4964 6
1555 4911 1894 4977 διδάσκαλος,
1929 4912 2024 4965 καὶ

501 5061 763 5121 “Jerem.
790 5081 844 5133 v,
870 5064 923 5120 5.

512 5223 594 5347 (il
612 5223 797 5280 Codex
827 5222 1081 5307 Scorialq
1106 5224 1199 5277 ἐπὶ
1228 5222 1290 5276 τὸ
1321 5221 1761 5347 μηκαθικέσθαι,
1784 5234 1838 5281 et
1858 5223 2022 5292 infra,

512 5312 533 5347 ν
628 5295 725 5347 μέν
750 5312 833 5347 τις
858 5312 967 5347 των
1000 5295 1304 5347 ἀκουόντων
1335 5312 1373 5347 u.
1439 5294 1671 5347 ἀλγήση.

436 5296 533 5366 ἰὰν
565 5294 594 5347 ὀ
627 5295 725 5366 μέν
750 5312 833 5359 τις
858 5294 967 5348 τῶν
1000 5295 1304 5349 ἀκουόντων
1325 5294 1407 5366 μὴ
1439 5294 1671 5366 ἀλγήσῃ.

511 5364 585 5436 (2)
618 5361 729 5436 Καὶ
761 5368 872 5420 οὐκ
920 5366 1255 5436 ἐπόνησαν.
1301 5361 1423 5436 Μίά
1456 5361 1586 5431 μέν’,
1622 5361 1737 5436 ἕεις.
1774 5361 1933 5418 Deest
1970 5365 2023 5436 in

436 5432 628 5492 codice
662 5435 1015 5507 Scorialensi,
1046 5432 1159 5507 Μία
1192 5435 1291 5506 μὲν
1314 5435 1565 5507 διήγησις
1589 5432 2023 5507 αὖτηπερὶᾳτοῦ,

436 5506 542 5561 οὐκ
574 5506 865 5578 ἐπόνησαν,
902 5506 1016 5578 καὶ,
1052 5502 1345 5578 ἐπόνησαν.
1382 5502 1598 5578 Μόχᾼίη
1648 5502 1840 5560 codice
1876 5502 2027 5578 Vati-

437 5592 581 5645 cano
610 5576 762 5649 deest
779 5591 895 5649 vox_
908 5577 1232 5649 ἀνάπτυξιν,
1263 5592 1382 5648 quae
1407 5588 1462 5631 et
1482 5576 1674 5649 abesse
1701 5583 1879 5645 potest
1908 5576 2028 5632 sine

441 5661 641 5704 sensus
674 5646 974 5715 dispendio.

515 5718 591 5787 (5)
660 5714 1376 5787 Διαπρισθήσεται.ϐο‹1εκ
1394 5715 1692 5787 Vaticanus
1721 5717 1885 5772 habet
1911 5716 2029 5771 δια-

442 5784 1041 5859 προσφέρεταιηΡουιο
1068 5796 1189 5859 post
1212 5786 1792 5859 codex~Scorialensis,
1822 5787 1908 5859 ὡς
1930 5804 2029 5859 πεῖ

440 5854 748 5930 plateam
772 5855 974 5929 μᾶλλον
1004 5854 1094 5911 ἐπὶ
1118 5857 1197 5927 τῷ
1230 5857 1604 5924 αἰσθάνεσθαι,
1629 5854 1787 5929 εἴπερ
1828 5857 1922 5910 ἐπὶ
1948 5856 2027 5927 τῷ

2128 4626 2337 4698 eeptori
2373 4627 2603 4681 dixerim
2645 4645 2659 4682 :
2700 4629 3107 4687 Consummasti
3141 4648 3289 4697 eum,
3332 4643 3388 4688 et
3420 4635 3597 4689 noluit
3628 4653 3715 4691 re-

2127 4721 2307 4792 cipere
2343 4720 2712 4789 disciplinam.
2744 4721 2975 4789 Quando
3002 4726 3166 4796 igitur
3193 4741 3224 4781 a
3262 4724 3612 4783 Providentia
3653 4730 3711 4783 in

2127 4829 2231 4868 nos
2258 4813 2397 4868 ﬁunt
2423 4811 2611 4867 omnia
2658 4824 2717 4870 ut
2763 4831 3235 4883 consummemur,
3259 4827 3313 4873 et
3336 4819 3708 4889 perliciamur,

2128 4920 2232 4961 nos
2264 4920 2393 4963 vero
2437 4924 2549 4966 non
2594 4907 2890 4980 recipimus
2940 4925 3065 4980 quae
3118 4909 3471 4965 administrat
3518 4908 3711 4965 Provi-

2132 5217 2498 5274 αἰσθάνεσθαι.

2200 5290 2278 5364 (4)
2315 5292 2511 5364 υοάθιι
2553 5289 2811 5364 Scorial.,
2857 5293 2951 5346 ἐπὶ
2986 5294 3103 5364 τοῦ.
3146 5291 3342 5364 Paulo,
3369 5302 3492 5364 post
3539 5295 3709 5351 eode!

2129 5357 2451 5432 Vaticanus,
2490 5360 2825 5432 θελήσουσιν,
2868 5365 2919 5416 εἰ
2948 5362 3215 5431 ἐγένοντο,
3249 5371 3306 5417 et
3330 5357 3507 5430 infra,
3537 5380 3711 5419 κατα-

2127 5430 2364 5521 λαξέγῖιι
2391 5430 2698 5521 suum

2200 5502 2279 5575 (5)
2302 5501 2488 5575 Codex
2522 5501 2902 5575 Scorialensis,
2929 5503 2996 5558 ἄν
3023 5519 3129 5566 τις,
3159 5501 3573 5575 προσαγομόξνου
3603 5504 3708 5559 uti-

2128 5572 2309 5644 κείνου
2358 5572 2451 5626 τοῦ
2507 5573 2996 5644 συγκεκρυμμένου
3049 5571 3221 5641 πυρὸς
3263 5572 3358 5624 ἐπὶ
3409 5571 3568 5638 τοὺς.
3600 5585 3705 5632 etc.

2128 5642 2272 5697 Infra
2308 5644 2472 5713 idem,
2501 5642 2595 5696 ὅτε
2622 5642 2932 5713 καθαρτικά
2953 5645 3120 5713 ποιεῖ.

2204 5712 2282 5785 (6)
2328 5711 2465 5785 Τότε
2502 5711 2708 5785 αὐτὴν
2743 5711 3131 5785 συνετέλεσε.
3172 5711 3361 5771 Codex
3408 5712 3706 5780 Vaticanus

2129 5782 2407 5853 habet,_':o
2425 5784 2513 5836 ἐπ’
2530 5782 2685 5853 αὐτῷ
2717 5782 3049 5853 συνετέλεσε.

2206 5854 2285 5925 (7)
2307 5851 2491 5911 Codex
2519 5851 2900 5921 Seorialensis,
2922 5855 3051 5927 παρ’
3073 5853 3254 5911 αὐτόν.
