4130 6440
490 360 595 416 517

1972 376 2298 438 ORIGENIS

3656 399 3766 456 32c

494 475 684 531 dentia
714 477 781 531 ad
823 478 1207 549 perfectionem
1238 498 1338 538 nos
1370 485 1614 553 trahens,
1660 485 1771 544 Deo
1813 488 1883 545 ab
1915 491 2045 548 intel

2180 495 2501 553 συντελείτω
2535 500 2713 554 πάντα
2750 502 2829 566 εἰς
2857 503 3157 575 παράδοσιν
3194 506 3526 584 ἐπιστήμης,
3556 515 3768 582 ἐκεῖνος

491 567 691 639 ligente
714 570 819 625 dici
864 583 1048 641 posset
1077 591 1091 628 :
1130 572 1525 633 Consummasti
1567 597 1676 647 eos,
1706 591 1757 637 et
1787 585 2070 642 noluerunt

494 664 720 731 recipere
744 664 1103 731 disciplinam.

2176 590 2233 643 δὲ
2267 590 2341 662 μὴ
2362 591 2753 664 παραδεχέσθω
2786 594 2856 649 τὰ
2880 596 3166 670 λεγόμεναι
3194 602 3401 676 εἴποιμ’
3422 605 3490 660 ἂν
3510 610 3641 680 περὶ
3668 609 3767 667 τοῦ

2175 682 2419 737 τοιούτου
2464 684 2543 755 τῷ
2585 686 3408 763 διδασκάλῳσ(1)Συνετέλεσας
3447 700 3625 769 τόνδε,
3670 704 3767 759 καὶ

494 757 591 809 οὐκ
631 756 851 829 ἠθέλησε
883 759 1136 824 δέξασθαι
1164 762 1427 818 παιδείαν.
1472 766 1641 822 Ἐπάν
1681 765 1775 823 οῦν
1816 772 1886 826 τὰ
1924 774 2031 828 ἀπὸ
2061 779 2436 850 τῆςΠρονοίας
2452 781 2706 855 γίγνηται
2727 756 2904 839 πάντα
2930 756 3010 850 εἰξ
3031 790 3176 860 ἡμᾶς
3193 792 3281 847 ἵνα
3298 756 3763 869 συντελεσθιῦμεῦ,

485 850 580 959 ἴα).
604 852 994 970 τελειωθῶμεν,
1026 857 1381 970 ἡμείςρὲομῖι
1410 863 1847 937 παραδεχώμεθα
1871 869 1940 922 τὰ
1967 869 2066 939 τῆς
2104 874 2370 945 Προνοίας
2416 850 2533 948 τῆς
2568 850 2660 933 ἐπὶ
2690 879 3002 953 τελειότητα
3214 889 3496 962 ἑλκούσης,
3546 850 3768 970 λεχθεῐὸ

487 939 553 993 ἂν
598 941 701 993 ὑπὸ
732 942 826 995 τοῦ
860 944 1105 1011 νοοῦντος
1149 946 1228 1017 τῷ
1271 948 1421 1020 Θεῷ·
1459 954 1654 1022 Κύριε,
1681 959 2089 1028 συνετέλεσας
2124 939 2368 1033 αὐτοὺς,
2401 939 2507 1022 καὶ⁷
2526 972 2637 1024 οὐκ
2664 939 2978 1041 ἠθέλησαν
3002 939 3291 1042 δέξασθαι
3320 939 3616 1041 παιὲεἶιανί

558 1033 611 1085 5.
651 1031 1027 1089 Firmaverunt
1058 1037 1223 1106 facies
1248 1056 1373 1095 suas
1397 1059 1554 1112 super
1575 1056 1782 1115 petram
1816 1048 1884 1101 ".
1911 1048 2067 1105 Intel-

483 1124 693 1193 ligcset
744 1128 849 1183 hoc
896 1146 961 1185 ex
995 1131 1362 1189 crassioribus
1398 1140 1796 1206 peccatoribus.
1827 1139 2062 1208 Quidam

481 1218 626 1271 enim
683 1220 813 1273 dum
851 1224 1295 1292 reprehensionis
1351 1244 1635 1287 sermones
1688 1233 1940 1299 audiunt,
1996 1237 2064 1292 de

481 1319 705 1377 peccato
726 1311 1078 1379 erubescunt,
1141 1331 1310 1387 seque
1344 1319 1689 1376 abscondunt
1719 1332 1773 1378 et
1829 1327 2064 1382 submit-

480 1410 602 1455 tunt
629 1418 883 1459 sermone
913 1408 1185 1475 perstricti
1208 1420 1536 1480 coarguente
1560 1430 1574 1478 ;
1600 1414 1691 1468 alii
1719 1431 1848 1471 vero
1874 1417 2060 1472 istius-

480 1494 625 1546 modi
657 1507 807 1561 sunt,
833 1503 893 1549 ut
919 1498 1119 1554 rubore
1141 1514 1383 1568 careant,
1417 1504 1674 1574 nullaque
1722 1510 2058 1564 verecundia

480 1582 790 1638 adiciantur
821 1587 890 1641 ob
915 1602 979 1641 ea
1008 1590 1075 1643 de
1122 1591 1321 1659 quibus
1372 1596 1865 1665 reprehenduntur,
1918 1608 1972 1656 et
2000 1602 2057 1656 in

480 1676 683 1745 quibus
714 1688 1095 1746 peccaverunt.
1144 1681 1219 1737 De
1237 1683 1324 1739 bis
1355 1685 1538 1755 itaque
1564 1703 1705 1758 quos
1731 1707 1840 1745 non
1870 1694 2055 1763 pudet,

478 1766 658 1821 dicere
680 1769 883 1836 poteris
911 1788 925 1824 :
952 1769 1328 1828 Firmaverunt
1375 1776 1538 1846 facies
1588 1797 1715 1835 suas
1769 1800 1926 1852 super
1967 1802 2058 1855 pe-

2251 1054 2661 1125 Ἐστερέωσαν
2681 1059 2754 1113 τὰ
2783 1063 3075 1129 πρόσωπα
3099 1066 3301 1121 αὐτῶν
3321 1071 3475 1140 ὑπὲρ
3510 1074 3758 1145 πέτραν.

2166 1146 2401 1219 Νοήσεις
2449 1149 2543 1203 καὶ
2590 1149 2752 1205 τοῦτο
2796 1153 2905 1207 ἀπὸ
2963 1155 3071 1209 τῶν
3122 1164 3599 1234 σωματικωτέρων
3649 1169 3760 1225 τῶν

2163 1240 2609 1312 ἁμαρτανόντων.
2638 1245 2702 1297 Οἱ
2729 1246 2826 1315 μὲν
2844 1247 3137 1311 ἀκούοντες
3164 1250 3355 1320 λόγους
3382 1255 3754 1328 ὲλεγκτικοὺς,

2166 1333 2259 1387 ἐπὶ
2299 1337 2366 1405 τῇ
2419 1335 2666 1407 ἁμαρτίᾳ
2716 1338 3048 1412 ἐρυθριῶσι,
3096 1344 3190 1397 καὶ
3224 1346 3604 1416 καταδύονται,
3662 1353 3756 1409 καὶ

2165 1423 2582 1491 ὑποπίπτουσιν,
2622 1427 2927 1499 ἁπτομένου
2972 1432 3066 1484 τοῦ
3093 1432 3254 1502 λόγου
3292 1436 3386 1489 τοῦ
3435 1437 3756 1509 ὲλεγκτικοῦ

2163 1516 2343 1569 αὐτῶν
2362 1533 2376 1546 ·
2399 1518 2448 1569 οἱ
2487 1517 2545 1571 δὲ
2572 1519 2804 1573 τοιοῦτοί
2838 1524 2996 1589 είσιν,
3022 1522 3162 1578 ὥστε
3196 1527 3392 1592 αὐτοὺς
3426 1531 3752 1606 ἀνερυοριά-

2165 1626 2322 1674 στους
2356 1607 2493 1665 εἶναι
2549 1611 2626 1683 μὴ
2663 1613 3015 1684 αἰδουμένους
3052 1618 3137 1686 ἐφ’
3178 1613 3259 1684 οἷς
3288 1619 3618 1694 ἐλέγχονται,
3661 1629 3751 1699 ἐφ’

2162 1696 2245 1766 οἷς
2285 1704 2689 1775 ἡμαρτήκασιν.
2720 1706 2911 1771 Είποις
2948 1707 3014 1762 ἂν
3044 1706 3137 1763 οὖν
3170 1715 3297 1784 περὶ⁹
3325 1714 3528 1771 τούτων
3560 1719 3613 1773 οἳ
3644 1696 3745 1776 οὐκ

2164 1792 2455 1848 αἰδοῦνται·
2504 1796 2914 1865 Ἐστερέωσαν
2949 1799 3021 1853 τὰ
3047 1803 3338 1869 πρόσωπα
3359 1807 3558 1860 αὐτῶν
3592 1806 3743 1881 ὑπὲρ

477 1869 637 1912 trnm.
667 1857 721 1913 Si
748 1860 803 1913 in
853 1865 1133 1933 corporeis
1164 1865 1268 1922 hoc
1291 1867 1626 1938 intellexisti,
1650 1877 1890 1932 transfer
1922 1879 2045 1937 illud

2160 1884 2400 1954 πέτραν.
2438 1887 2500 1940 Ei
2537 1857 2801 1959 νενότικας
2828 1890 3055 1945 ἐπὶτῶν
3085 1857 3427 1966 ’σωματικῶν
3464 1900 3616 1964 αὐτὸ,
3650 1857 3747 1974 ps:

471 1949 803 2018 mgitatione
836 1953 903 2007 ad
951 1955 1213 2022 animam,
1265 1960 1574 2031 intelligens
1622 1963 1818 2022 faciem
1845 1968 1914 2024 de
1947 1987 2057 2041 qua

471 2038 673 2095 dicitur
702 2040 747 2073 “
777 2061 791 2096 :
832 2041 977 2098 Tum:
1009 2061 1128 2099 vero
1156 2048 1291 2117 {acie
1324 2052 1393 2103 ad
1428 2051 1619 2121 faciem
1643 2069 1662 2106 .·
1692 2066 1746 2111 et
1775 2059 1898 2115 vide
1931 2038 2056 2117 ani-

472 2148 617 2187 mam
643 2135 860 2199 duram,
897 2137 1059 2204 quale
1088 2147 1210 2192 erat
1242 2155 1340 2194 cor
1372 2139 1677 2202 Pharaonis
1712 2147 2051 2219 induratum,

471 2222 547 2278 ita
577 2233 637 2278 ut
695 2225 919 2282 monitis
970 2225 1291 2284 refractaria
1346 2233 1593 2303 resistat,
1635 2245 1690 2292 et
1737 2241 1964 2298 velutia
1994 2260 2054 2301 se

469 2318 724 2387 rejicix-ns
749 2334 810 2372 ca
869 2335 992 2389 quae
1042 2322 1326 2389 dicuntur,
1355 2329 1660 2385 secundum
1695 2335 1901 2389 monita
1944 2339 2050 2392 mi-

468 2408 615 2462 nime
644 2408 930 2465 formetur.
958 2409 1037 2466 lbi
1069 2415 1216 2469 enim
1245 2418 1488 2486 reperies
1539 2436 1845 2493 congruere
1875 2428 2006 2485 illud
2032 2448 2045 2485 :

476 2497 853 2554 Firmaverunt
884 2504 1049 2572 facies
1084 2522 1211 2562 suus
1263 2525 1419 2577 super
1440 2522 1666 2580 petram,
1696 2524 1747 2569 et
1766 2517 2047 2576 uoluerunt

465 2594 673 2647 reuerti.
699 2593 861 2665 166
878 2594 946 2647 Et
975 2612 1068 2665 ego
1094 2598 1212 2652 dixi
1238 2612 1258 2652 :
1276 2598 1531 2657 Fortasse
1551 2605 1730 2675 inopes
1758 2618 1900 2675 sunt,
1920 2613 2049 2681 quia

463 2684 745 2737 noluerunt
769 2700 1079 2754 cognoscere
1116 2690 1258 2743 uiam
1281 2690 1497 2747 Domini
1527 2707 1576 2748 et
1591 2698 1865 2764 judicium
1908 2700 2048 2765 Dei;

460 2798 548 2853 ibo
571 2801 641 2853 ad
679 2803 978 2866 optimates.
1003 2814 1051 2859 et
1094 2805 1286 2876 loquar
1323 2809 1399 2862 eis
1422 2810 1488 2865 δ’.
1517 2811 1652 2865 Cum
1683 2814 1799 2871 haec
1830 2816 2044 2873 intelle-

462 2892 721 2946 xissetde
752 2893 821 2948 iis
853 2896 947 2964 qui
976 2897 1168 2952 nolunt
1195 2898 1436 2968 recipere
1467 2901 1839 2973 disciplinam,
1869 2922 2045 2979 neque

462 2982 531 3037 de
571 2981 800 3053 ﬂagellis
825 2986 892 3040 ad
918 3002 1111 3042 sanam
1147 2998 1386 3044 mentem
1420 2992 1672 3059 redeunt,
1723 2995 1918 3051 borum
1968 2998 2046 3053 ait

461 3090 520 3129 se
552 3090 779 3129 causam
810 3081 1176 3148 perspexisse,
1208 3082 1339 3151 quia
1370 3098 1565 3155 nempe
1593 3085 1753 3157 inops
1780 3097 1866 3143 est
1898 3088 2046 3159 ipso-

458 3182 582 3221 rum
614 3169 817 3222 anima.
850 3166 922 3221 Et
942 3185 1035 3240 ego
1056 3170 1170 3224 dixi
1199 3170 1497 3229 :Forlasse
1531 3177 1708 3247 inapes
1731 3189 1880 3244 sunt,
1915 3182 2044 3251 quia

458 3275 561 3311 non
586 3267 892 3328 potuerunt,
923 3262 1051 3330 quia
1076 3278 1182 3316 non
1210 3276 1563 3334 cognouerunt
1622 3268 1763 3323 uiam
1798 3268 2037 3337 Domini,

458 3360 508 3404 et
537 3350 805 3419 judicium
843 3353 975 3419 Dei;
1038 3355 1125 3409 ibo
1176 3358 1245 3410 ad
1277 3358 1580 3428 optimates,
1625 3371 1675 3416 et
1716 3361 1907 3433 loquar
1939 3364 2036 3420 eis.

459 3442 766 3511 Optimatcs
786 3444 986 3501 animis
1021 3447 1249 3504 honoris
1275 3465 1442 3506 causa
1468 3451 1725 3508 dicuntur
1754 3473 1767 3508 :
1799 3455 1872 3510 ita
1892 3455 2038 3510 enim

457 3536 600 3605 apud
629 3534 849 3591 Grzecos
879 3537 939 3590 τὸ
970 3538 1132 3610 ἁδρὸν
1166 3540 1481 3611 frequenter
1515 3553 1815 3615 usurpatur
1861 3548 1930 3603 ad
1958 3547 2039 3604 si-

455 3627 821 3696 gniﬁcandam
855 3632 1053 3686 animae
1100 3634 1311 3689 ratione
1338 3636 1542 3691 utentis
1581 3639 2034 3708 magnitudinem.

454 3714 684 3787 Quando
710 3723 857 3778 enim
891 3724 1015 3793 quis
1058 3740 1289 3797 magnas
1338 3742 1427 3784 res
1454 3729 1790 3799 aggreditur,
1818 3740 1873 3786 et
1906 3747 2029 3802 pro-

454 3814 607 3883 ponit
640 3813 743 3869 sibi
774 3815 1063 3885 magniﬁca
1094 3832 1346 3888 quaeque,
1381 3835 1705 3891 semperque
1739 3824 1945 3895 c0gitat
1972 3840 2037 3880 ea

453 3918 576 3973 qua:
598 3904 812 3968 decent,
846 3904 1126 3975 quomodo
1154 3922 1220 3961 ex
1274 3916 1424 3963 recta
1472 3910 1686 3965 ratione
1740 3912 1905 3967 vitam
1950 3913 2038 3968 in-

453 3993 667 4058 stituat,
700 3995 839 4049 nihil
891 3996 1120 4061 humile,
1172 3997 1314 4051 nihil
1348 4013 1576 4067 parvum
1605 4002 1831 4071 cupiens
1859 4018 2038 4073 neque

453 4094 727 4153 spectans,
792 4085 883 4140 hic
932 4086 1201 4155 optimum
1257 4087 1659 4159 sublimemque
1710 4093 1873 4148 habet
1913 4095 2036 4148 ani-

452 4191 625 4230 mum.
668 4174 734 4231 Hi
782 4177 990 4246 itaque,
1044 4178 1306 4248 quoniam
1358 4189 1516 4234 erant
1551 4197 1840 4252 pauperes,
1895 4201 2036 4256 quos

454 4269 671 4339 priores
699 4286 881 4326 sermo
936 4272 1305 4341 reprehendit,
1353 4288 1463 4328 non
1511 4275 1822 4342 audierunt,
1857 4277 2037 4348 inquit

452 4359 722 4432 Propheta
747 4380 761 4417 :
789 4363 996 4418 idcirco
1030 4379 1137 4418 non
1162 4364 1476 4433 audierunt,
1498 4367 1627 4438 quia
1662 4370 1853 4438 inopes
1869 4379 2030 4443 sunt;

453 4448 552 4504 Ibo
576 4451 645 4503 at!
669 4453 973 4520 optimates,
1004 4464 1053 4506 et
1082 4454 1271 4524 loquar
1292 4456 1390 4508 eis.
1449 4454 1606 4522 Quod
1638 4458 1685 4513 si
1716 4459 1927 4513 beatum
1956 4469 2035 4514 est

2158 1976 2299 2030 τάὅα
2319 1995 2407 2049 μοι
2422 1977 2501 2049 τῷ
2531 1978 2674 2050 λόγῳ
2706 1981 2798 2033 ἐπὶ
2811 1980 2911 2053 τὴν
2936 1983 3218 2055 ψυχὴν,(2)
3238 1989 3438 2059 νοήσας
3457 1991 3747 2060 πρόσωπον

2158 2085 2225 2122 πε
2233 2072 2285 2141 pl.
2300 2065 2361 2124 οὗ
2377 2069 2591 2139 λέγεται
2610 2088 2623 2100 ·
2658 2074 2795 2127 Τότε
2810 2073 2878 2126 δὲ
2893 2076 3218 2141 πρόσωπον
3234 2079 3384 2147 πρὸς
3398 2084 3744 2149 πρόσωπονο

2156 2162 2252 2214 καὶ
2285 2164 2387 2233 ὅρα
2426 2163 2605 2234 ψυχὴν
2655 2164 2898 2237 στερεὰν,
2942 2169 3101 2221 ὁποία
3129 2165 3197 2241 ἦν
3239 2173 3272 2243 ἡ
3318 2174 3512 2245 καρδία
3546 2176 3746 2249 Φαραὼ

2155 2251 2568 2324 ἐσκληρωμένη,
2602 2253 2743 2308 ὥστε
2771 2257 2942 2329 αὐτὴν
2971 2261 3064 2313 ἐπὶ
3099 2262 3213 2325 τοῖς
3249 2263 3746 2339 ἀπαγγελλομένοις

2153 2343 2376 2397 ἑστάναι
2419 2344 2728 2411 ἀντίτυπον,
2771 2349 2865 2401 καὶ
2893 2348 3081 2422 ὥσπερ
3108 2353 3518 2411 ἀποὸἀλλουσαν
3549 2359 3617 2413 τὰ
3651 2360 3738 2415 λε-

2153 2435 2390 2505 γόμενα,
2425 2435 2498 2507 μὴ
2541 2440 2925 2511 μορφουμένην
2974 2443 3115 2497 κατά
3160 2443 3230 2497 τὰ
3263 2447 3730 2523 ἀπαγγελλόμενα.

2166 2524 2315 2578 Ἐκεῖ
2333 2526 2440 2597 γὰρ
2457 2527 2712 2598 εὑρήσεις
2738 2532 2819 2584 ὅτι
2843 2532 3071 2603 ἁρμόζει
3097 2535 3188 2588 τό·
3231 2537 3641 2609 Ἑστερέωσαν
3667 2546 3739 2601 τὰ

2150 2616 2445 2684 πρόσωπα
2485 2617 2686 2705 αὐξῶν
2730 2621 2883 2690 ὑπὲρ
2925 2623 3151 2693 πέτραν
3169 2666 3183 2690 ,
3229 2629 3329 2683 καὶ
3362 2634 3475 2686 οὐκ
3523 2634 3739 2705 ἠθέλη-

2150 2723 2273 2763 σαν
2295 2688 2766 2782 ἐπιστραφδῆναι,
2801 2688 2963 2785 κάγὼ
2991 2688 3141 2771 sirm
3158 2688 3176 2749 'V
3204 2722 3388 2790 Ἴσως
3414 2688 3638 2798 πτωχοί
3650 2688 3734 2782 έὶ-

2148 2812 2276 2864 σιν,
2311 2800 2403 2855 ὅτι
2433 2805 2544 2857 οὐκ
2573 2804 2888 2873 ἠθέλησαν
2922 2807 3143 2878 γνῶναι
3173 2811 3319 2867 ὁδὸν
3357 2818 3598 2886 Κυρίου,
3632 2821 3733 2875 καί

2151 2892 2356 2961 κρίσιν
2384 2894 2554 2949 Θεοῦ⁹
2585 2899 2952 2968 πορεύσομαι
2980 2901 3129 2969 πρὸς
3167 2903 3312 2972 τοὺς
3349 2906 3588 2977 ἁδροὺς,
3631 2913 3731 2967 καὶ

2148 2987 2402 3058 λαλήσω
2428 2989 2653 3057 αὐτοῖς.
2687 2992 2874 3048 Ταῦτα
2911 2996 3111 3066 νοήσας
3152 2998 3281 3070 περὶ
3309 3000 3418 3054 τῶν
3447 3001 3521 3073 μὴ
3549 3004 3731 3058 θελόν-

2148 3094 2255 3131 των
2284 3079 2658 3151 παιδευθῆναι,
2697 3081 2770 3153 μὴ
2802 3082 3065 3137 νοούντων
3097 3086 3192 3139 ἐπὶ
3229 3091 3347 3152 ταῖς
3379 3091 3594 3160 μάστιξι
3634 3096 3731 3149 τοῦ

2148 3168 2284 3223 Θεοῦ
2305 3209 2320 3234 ,
2376 3173 2510 3243 φησὶ
2580 3173 2851 3245 νενοηκὼς
2902 3175 2965 3228 τὸ
3021 3176 3224 3233 τούτων
3278 3180 3482 3235 αἴτιον
3526 3184 3725 3258 Πτωχή

2145 3261 2294 3316 ἐστιν
2355 3264 2536 3318 αὐτῶν
2592 3267 2627 3336 ἡ
2676 3265 2843 3338 ψυχή.
2874 3267 3050 3338 Κάγὼ
3080 3264 3251 3324 εἶπα·
3280 3274 3461 3340 Ἴσως
3506 3278 3735 3347 πτωχοί

2144 3356 2285 3419 εισι,
2337 3354 2485 3409 διότι
2528 3359 2643 3411 οὐκ
2693 3357 3117 3429 ἠδυνήθησαν,
3157 3361 3248 3415 ὅτι
3292 3365 3405 3418 οὐκ
3452 3366 3736 3437 ἔγνωσαν

2145 3446 2290 3500 ὁδὸν
2361 3449 2618 3517 Κυρίου,
2685 3449 2787 3503 καί
2857 3453 3060 3520 κρίσιν
3124 3453 3304 3508 Θεοῦ·
3361 3460 3731 3532 πορεύσομαι

2144 3538 2295 3606 πρὸς
2325 3539 2468 3606 τοὺς
2493 3541 2735 3610 ἁδροὺς,
2773 3542 2874 3597 καὶ
2913 3545 3168 3612 λαλήσω
3210 3549 3436 3617 αὐτοῖς.
3480 3553 3544 3605 Οί
3580 3555 3730 3627 ἁδροὶ

2142 3633 2265 3711 ταῖς
2287 3630 2485 3702 ψυχαῖς
2498 3634 2556 3685 ὲν
2575 3634 2782 3705 ἐπαίνῳ
2811 3634 3080 3705 λέγονται·
3107 3641 3201 3693 καὶ
3226 3642 3357 3712 παρ’
3376 3642 3598 3714 Ἕλλησι
3620 3645 3729 3718 γάρ

2144 3721 2211 3776 τὸ
2225 3706 2407 3791 ἆδρὸν
2431 3725 2669 3795 συνεχῶς
2699 3726 3045 3797 ὀνομάζεται,
3063 3730 3205 3784 κατά
3232 3731 3294 3784 τὸ
3311 3706 3609 3803 ’μεγαλεῖον
3632 3706 3725 3807 ’(έ)

2141 3813 2245 3884 τῆς
2273 3813 2498 3885 λογικῆς
2522 3815 2725 3886 ψυχῆς.
2743 3818 2911 3871 Ὅταν
2938 3819 3048 3891 γάρ
3072 3838 3155 3884 τις
3179 3822 3433 3893 μεγάλοις
3465 3822 3724 3897 ἐπιϐάλλῃ

2143 3904 2452 3976 πράγμασι,
2497 3912 2590 3960 καὶ
2623 3907 2910 3979 προθέσεις
2948 3911 3047 3985 ἔχῃ
3086 3912 3419 3983 ἀξιολόγους,
3463 3917 3556 3970 καὶ
3599 3932 3725 3971 σκο-

2142 3999 2237 4051 πεῖ
2261 3998 2349 4051 ἀεὶ
2376 3998 2448 4052 τὰ
2469 3998 2677 4065 δέοντα,
2713 4002 2830 4066 πῶς
2861 4002 3033 4078 βιώσῃ
3067 4006 3209 4060 κατά
3233 4006 3324 4060 τὸν
3357 4007 3514 4077 ὀρθὸν
3545 4007 3729 4077 λόγον,

2145 4089 2313 4160 μηδὲν
2332 4092 2586 4146 ταπεινὸν
2607 4094 2701 4147 καὶ
2730 4096 2925 4167 μικρὸν
2947 4096 3138 4161 θέλων,
3164 4097 3298 4169 μηδὲ
3313 4099 3476 4171 ὁρῶν,
3500 4100 3529 4153 ό
3550 4100 3728 4156 τοιοῦ-

2140 4197 2232 4244 τος
2249 4179 2311 4232 τὸ
2331 4181 2496 4254 ἁδρὸν
2527 4185 2622 4237 καὶ
2645 4184 2706 4239 τὸ
2737 4186 3020 4257 μεγαλεῖον
3045 4187 3157 4259 ἔχει
3186 4191 3244 4242 ὲν
3270 4193 3336 4262 τῇ
3368 4190 3514 4264 ψυχῇ
3536 4207 3551 4223 ·
3579 4188 3724 4247 οὗτοι

2140 4267 2254 4335 οὖν,
2279 4272 2400 4325 ἐπεὶ
2434 4267 2577 4344 ἦσαν
2615 4277 2836 4349 πτωχοὶ,
2872 4280 2921 4331 οἱ
2954 4278 3208 4352 πρότεροι
3231 4279 3326 4345 οὒς
3363 4281 3552 4352 ἔψεξεν
3586 4285 3616 4338 ό
3638 4284 3728 4338 λό-

2140 4382 2256 4435 γος,
2290 4366 2390 4420 οὐκ
2422 4368 2682 4440 ἤκουσαν,
2720 4371 2885 4442 φησὶν
2917 4374 2947 4426 ό
2989 4375 3294 4446 προφήτης.
3322 4374 3422 4430 Διά
3442 4375 3603 4432 τοῦτο
3619 4378 3724 4433 οὐκ

2139 4458 2379 4530 ἥκουσαν
2421 4460 2543 4513 ἐπεὶ
2574 4463 2779 4532 πτωχοί
2822 4464 2958 4516 εἰσι·
2992 4466 3366 4536 Πορεύσομαι
3403 4467 3554 4535 πρὸς
3581 4468 3724 4535 τοὺς

451 4548 508 4597 in
541 4559 696 4597 aures
744 4545 1079 4600 audientium
1148 4548 1326 4617 loqui,
1378 4549 1597 4605 beatum
1655 4562 1739 4607 est
1789 4554 2033 4624 reperire

2150 4549 2378 4618 ἁδροὺς,
2430 4550 2528 4605 καί
2567 4554 2822 4623 λαλήσω
2870 4557 3093 4624 αὐτοῖς.
3136 4557 3247 4611 Καὶ
3291 4561 3339 4613 ει
3373 4557 3488 4612 ἔστι
3524 4559 3722 4630 μακά-

452 4636 770 4705 optimatem
805 4645 861 4692 et
915 4653 1178 4710 magnum
1235 4639 1563 4699 auditorem.
1597 4644 1809 4699 Idcirco
1842 4644 1927 4701 his
1957 4646 2032 4702 ita

2150 4659 2269 4697 οιον
2321 4639 2474 4697 εἶναι
2524 4644 2621 4698 ἐπὶ
2665 4647 2746 4712 τῷ
2798 4647 3001 4717 λέγειν
3042 4651 3130 4716 εις
3188 4644 3311 4703 ὦτα
3353 4652 3720 4716 ἀκουόντων,

453 4727 635 4792 dictis,
664 4730 901 4785 scientes
952 4746 1058 4785 non
1108 4740 1316 4787 tantum
1346 4733 1605 4789 damnum
1652 4751 1774 4791 esse
1803 4735 2005 4793 dicenti

453 4820 576 4881 bus.
612 4830 881 4891 quantum
909 4824 1282 4891 audientibus,
1322 4826 1507 4881 sinon
1539 4829 1884 4898 susceperint
1909 4844 2032 4898 quae

450 4910 713 4967 dicuntur
748 4914 889 4986 (eam
921 4917 1067 4971 enim
1095 4917 1165 4972 ob
1192 4933 1306 4973 rem
1333 4918 1616 4975 incusatur
1637 4922 1836 4978 mentis
1866 4931 1922 4977 et
1946 4923 2033 4977 in-

450 5005 762 5074 telligentia:
799 5006 1026 5079 impia),
1086 5011 1341 5081 precibus
1388 5027 1418 5066 a
1458 5010 1569 5068 Deo
1627 5022 1901 5083 petamus,
1946 5025 2027 5079 ut,

445 5106 731 5152 crescente
784 5099 839 5153 in
886 5099 1043 5155 nobis
1094 5102 1328 5170 ratione,
1360 5104 1470 5158 vim
1500 5113 1554 5159 et
1592 5106 2026 5177 magnitudinem

2139 4738 2406 4812 μακάριόν
2456 4740 2604 4793 ἐστιν
2652 4741 2746 4793 ὲάν
2808 4739 3050 4813 πορεύσῃ
3098 4757 3183 4804 τις
3233 4742 3315 4805 είς
3380 4742 3566 4815 ἀδροῦ,
3628 4743 3723 4797 καὶ

2138 4830 2375 4902 μεγάλου
2413 4829 2703 4904 ἀκροατοῦ.
2736 4829 2833 4883 Διά
2862 4830 3020 4884 τοῦτο
3065 4831 3270 4886 τούτων
3310 4832 3452 4888 οῦτω
3494 4833 3725 4905 λεγομέ-

2134 4941 2260 4988 νων,
2296 4924 2497 4989 εῑδότες
2531 4924 2613 4977 ὃτι
2659 4924 2722 4977 ού
2766 4922 2939 4995 ζημία
2970 4927 3083 4988 τοῖς
3130 4923 3400 4993 λέγουσιν,
3432 4927 3557 4980 ὅσον
3606 4929 3722 4990 τοῖς

2134 5016 2422 5071 ἀκούουσιν
2451 5016 2589 5080 ἐστι,
2621 5016 2682 5069 τὸ
2729 5017 2803 5087 μὴ
2844 5016 3244 5089 παραδέχεσθαι
3277 5017 3345 5073 τά
3375 5018 3720 5088 ἀπαγγελλό-

2138 5109 2390 5182 μενα,διὸ
2407 5109 2484 5181 (4)
2502 5109 2596 5163 καὶ
2622 5112 2917 5181 κατηγορεῖ
2943 5110 3217 5181 πτωχείας
3227 5110 3320 5165 τοῦ
3340 5110 3432 5165 νοῦ
3446 5110 3609 5167 αὑτοῦ
3624 5112 3719 5167 καὶ

444 5201 853 5259 consequamur
880 5190 934 5245 in
963 5190 1183 5249 Christo
1205 5193 1356 5261 Jesu,
1394 5202 1454 5250 ut
1486 5211 1672 5256 sacros
1692 5207 2028 5270 sanctosque

2150 5204 2230 5275 τῆς
2272 5202 2529 5267 διανοίας.
2570 5203 3035 5276 παρακαλέσωμεν
3070 5203 3179 5257 ἀπὸ
3213 5203 3307 5259 τοῦ
3353 5203 3489 5259 Θεοῦ
3536 5204 3719 5259 λαὸεἰν

520 5326 568 5361 ⁴⁸
591 5326 797 5385 Jerem.
834 5345 888 5396 ν,
922 5329 979 5387 3.
1059 5331 1148 5385 Ι’⁸1
1176 5331 1308 5388 Cor.
1340 5348 1463 5401 stu,
1492 5334 1579 5389 12.
1658 5334 1702 5368 ⁸⁷
1752 5334 1868 5392 Jer.
1899 5352 1951 5403 v,
1985 5339 2039 5404 5,
2070 5338 2126 5394 4.

507 5468 714 5550 (Ι)-Τῷ
766 5476 1135 5544 διδασκάλῳ.
1199 5479 1434 5550 Legebat
1461 5481 1777 5550 Corderius,
1823 5484 1917 5538 τοῦ
1944 5485 2026 5538 δι-

452 5544 745 5610 δασκάλου,
770 5550 933 5603 vertit
957 5550 1135 5604 enim:
1161 5544 1385 5605 dixerim
1411 5553 1593 5624 utique
1619 5555 1683 5610 de
1722 5544 2028 5610 istiusmodi

451 5629 787 5687 p‘wceptore.

452 5753 498 5768 ν
524 5686 603 5768 (‘21
634 5685 824 5768 Codex_
855 5685 1168 5768 Vaticanus,
1211 5690 1310 5768 τῆς
1338 5691 1624 5768 ψυχῆςηρι
1642 5694 1808 5768 infra,
1830 5696 1865 5768 ἡ
1899 5713 2034 5767 καρ-

447 5730 1740 5837 szgjt.;;s_1saa;2;;s,,'summa?
1755 5730 1825 5820 ξι
1838 5730 2035 5836 "te;

444 5823 748 5896 γελλόμενα
774 5823 1030 5910 ἑστάναι.¹

2196 5489 2285 5574 β)
2322 5488 2507 5544 Codex
2536 5489 2917 5556 Scorialensis,
2949 5488 3297 5560 ὀνομάζεται,
3334 5488 3431 5543 καὶ
3456 5488 3516 5543 τὸ
3548 5506 3720 5565 μεγα-

2313 5629 2593 5711 Ιηροᾱίος
2615 5628 2879 5711 Ῡριίςιιπρ
2903 5628 3174 5711 amittitur
3202 5628 3716 5711 6t6,_cthpaulo_post

2138 5699 2334 5770 legitur
2364 5700 2474 5770 ἀπό
2503 5700 2595 5754 τοῦ
2627 5699 2761 5753 Θεοῦ
2782 5699 2961 5753 λαλεῖν
2987 5699 3351 5770 αῦξοντοςᾼη
3381 5698 3713 5759 Scoriaieusi

2139 5769 2289 5827 deest
2330 5769 2489 5838 Θεοῦ,
2521 5780 2573 5826 et
2596 5786 2696 5841 pro
2722 5770 2902 5824 λαλεῖν
2934 5771 3161 5827 habetur
3186 5769 3394 5825 λαϐεῖν.

2436 5966 2443 5967 ε
2466 5946 2549 5963 ε⁴¹““γ
