  <div class='ocr_page' id='page_1' title='image "/cluster/home/n/w/nwhite01/storage/ocr_20150623/13:no.3/coo.31924054872910/174.png"; bbox 0 0 4130 6436; ppageno 0'>
   <div class='ocr_carea' id='block_1_1' title="bbox 574 332 683 405">
    <p class='ocr_par' dir='ltr' id='par_1_1' title="bbox 574 332 683 405">
     <span class='ocr_line' id='line_1_1' title="bbox 574 332 683 405; baseline 0.018 -2"><span class='ocrx_word' id='word_1_1' title='bbox 574 332 683 405; x_wconf 70' lang='lat'><strong>‘33:.</strong></span> 
     </span>
    </p>
   </div>
   <div class='ocr_carea' id='block_1_2' title="bbox 1760 342 2691 404">
    <p class='ocr_par' dir='ltr' id='par_1_2' title="bbox 1760 342 2691 404">
     <span class='ocr_line' id='line_1_2' title="bbox 1760 342 2691 404; baseline -0.008 -2"><span class='ocrx_word' id='word_1_2' title='bbox 1760 347 1827 404; x_wconf 84' lang='lat' dir='ltr'><strong>IN</strong></span> <span class='ocrx_word' id='word_1_3' title='bbox 1865 346 2215 403; x_wconf 71' lang='grc' dir='ltr'><strong>ΙΕΠΕΜΙΑΜ</strong></span> <span class='ocrx_word' id='word_1_4' title='bbox 2260 343 2539 400; x_wconf 68' lang='grc' dir='ltr'><strong>ΠΟΜΙΜΔ</strong></span> <span class='ocrx_word' id='word_1_5' title='bbox 2580 342 2691 398; x_wconf 82' lang='lat' dir='ltr'><strong>V&#39;il.</strong></span> 
     </span>
    </p>
   </div>
   <div class='ocr_carea' id='block_1_3' title="bbox 3732 331 3837 388">
    <p class='ocr_par' dir='ltr' id='par_1_3' title="bbox 3732 331 3837 388">
     <span class='ocr_line' id='line_1_3' title="bbox 3732 331 3837 388; baseline 0.01 -1"><span class='ocrx_word' id='word_1_6' title='bbox 3732 331 3837 388; x_wconf 66' lang='lat'><strong>335</strong></span> 
     </span>
    </p>
   </div>
   <div class='ocr_carea' id='block_1_4' title="bbox 580 448 2164 533">
    <p class='ocr_par' dir='ltr' id='par_1_4' title="bbox 580 459 2156 533">
     <span class='ocr_line' id='line_1_4' title="bbox 580 459 2156 533; baseline 0.001 -19"><span class='ocrx_word' id='word_1_7' title='bbox 580 478 697 533; x_wconf 80' lang='grc' dir='ltr'>ριον</span> <span class='ocrx_word' id='word_1_8' title='bbox 730 461 808 526; x_wconf 83' lang='grc' dir='ltr'><strong>ὡς</strong></span> <span class='ocrx_word' id='word_1_9' title='bbox 853 459 996 533; x_wconf 80' lang='grc' dir='ltr'>μέγα</span> <span class='ocrx_word' id='word_1_10' title='bbox 1028 461 1233 530; x_wconf 83' lang='grc' dir='ltr'>ἀγαθὸν</span> <span class='ocrx_word' id='word_1_11' title='bbox 1273 462 1365 515; x_wconf 69' lang='grc' dir='ltr'><strong>καὶ</strong></span> <span class='ocrx_word' id='word_1_12' title='bbox 1419 460 1511 514; x_wconf 80' lang='grc' dir='ltr'><strong>τὸν</strong></span> <span class='ocrx_word' id='word_1_13' title='bbox 1552 460 1781 516; x_wconf 85' lang='grc' dir='ltr'>πλοῦτον</span> <span class='ocrx_word' id='word_1_14' title='bbox 1828 462 1922 516; x_wconf 80' lang='grc' dir='ltr'><strong>τὸν</strong></span> <span class='ocrx_word' id='word_1_15' title='bbox 1970 463 2156 527; x_wconf 60' lang='lat' dir='ltr'><strong>nam;</strong></span> 
     </span>
    </p>
   </div>
   <div class='ocr_carea' id='block_1_5' title="bbox 2266 448 3837 533">
    <p class='ocr_par' dir='ltr' id='par_1_5' title="bbox 2266 448 3837 526">
     <span class='ocr_line' id='line_1_5' title="bbox 2266 448 3837 526; baseline -0.008 -11"><span class='ocrx_word' id='word_1_16' title='bbox 2266 460 2545 518; x_wconf 81' lang='lat' dir='ltr'><strong>Mainonas</strong></span> <span class='ocrx_word' id='word_1_17' title='bbox 2571 468 2673 515; x_wconf 87' lang='lat' dir='ltr'><strong>est.</strong></span> <span class='ocrx_word' id='word_1_18' title='bbox 2709 457 2868 514; x_wconf 82' lang='lat' dir='ltr'><strong>Jesus</strong></span> <span class='ocrx_word' id='word_1_19' title='bbox 2916 471 3152 526; x_wconf 86' lang='lat' dir='ltr'><strong>namque</strong></span> <span class='ocrx_word' id='word_1_20' title='bbox 3202 456 3379 525; x_wconf 86' lang='lat' dir='ltr'><strong>ipsum</strong></span> <span class='ocrx_word' id='word_1_21' title='bbox 3403 462 3700 508; x_wconf 79' lang='lat' dir='ltr'><strong>avarorum</strong></span> <span class='ocrx_word' id='word_1_22' title='bbox 3735 448 3837 505; x_wconf 85' lang='lat' dir='ltr'><strong>do-</strong></span> 
     </span>
    </p>
   </div>
   <div class='ocr_carea' id='block_1_6' title="bbox 579 552 2161 627">
    <p class='ocr_par' dir='ltr' id='par_1_6' title="bbox 579 552 2161 627">
     <span class='ocr_line' id='line_1_6' title="bbox 579 552 2161 627; baseline -0.002 -19"><span class='ocrx_word' id='word_1_23' title='bbox 579 553 701 619; x_wconf 83' lang='grc' dir='ltr'>θεός</span> <span class='ocrx_word' id='word_1_24' title='bbox 731 552 826 608; x_wconf 90' lang='grc' dir='ltr'><strong>σού</strong></span> <span class='ocrx_word' id='word_1_25' title='bbox 851 555 998 607; x_wconf 75' lang='grc' dir='ltr'>ἐστιν</span> <span class='ocrx_word' id='word_1_26' title='bbox 1017 554 1045 607; x_wconf 87' lang='grc' dir='ltr'>ὁ</span> <span class='ocrx_word' id='word_1_27' title='bbox 1066 555 1346 625; x_wconf 83' lang='grc' dir='ltr'>Μαμωνᾶς</span> <span class='ocrx_word' id='word_1_28' title='bbox 1367 553 1460 608; x_wconf 80' lang='grc' dir='ltr'>καὶ</span> <span class='ocrx_word' id='word_1_29' title='bbox 1478 555 1683 627; x_wconf 69' lang='grc' dir='ltr'>κύριος.</span> <span class='ocrx_word' id='word_1_30' title='bbox 1716 554 1921 627; x_wconf 75' lang='grc' dir='ltr'>Ἰησοῦς</span> <span class='ocrx_word' id='word_1_31' title='bbox 1936 554 2044 625; x_wconf 89' lang='grc' dir='ltr'><strong>γάρ</strong></span> <span class='ocrx_word' id='word_1_32' title='bbox 2066 553 2161 605; x_wconf 81' lang='grc' dir='ltr'>αύ-</span> 
     </span>
    </p>
   </div>
   <div class='ocr_carea' id='block_1_7' title="bbox 579 641 2162 719">
    <p class='ocr_par' dir='ltr' id='par_1_7' title="bbox 579 641 2162 719">
     <span class='ocr_line' id='line_1_7' title="bbox 579 641 2162 719; baseline -0.002 -20"><span class='ocrx_word' id='word_1_33' title='bbox 579 645 669 699; x_wconf 86' lang='grc' dir='ltr'><strong>τὸν</strong></span> <span class='ocrx_word' id='word_1_34' title='bbox 683 641 804 700; x_wconf 80' lang='grc' dir='ltr'>εἷπε</span> <span class='ocrx_word' id='word_1_35' title='bbox 825 645 1016 719; x_wconf 84' lang='grc' dir='ltr'>κύριον</span> <span class='ocrx_word' id='word_1_36' title='bbox 1034 645 1141 699; x_wconf 80' lang='grc' dir='ltr'><strong>τῶν</strong></span> <span class='ocrx_word' id='word_1_37' title='bbox 1158 644 1505 718; x_wconf 72' lang='grc' dir='ltr'><strong>φιλαργύρων</strong></span> <span class='ocrx_word' id='word_1_38' title='bbox 1520 646 1744 716; x_wconf 82' lang='grc' dir='ltr'>φάσκων</span> <span class='ocrx_word' id='word_1_39' title='bbox 1762 660 1777 677; x_wconf 75' lang='grc' dir='ltr'><strong>ο</strong></span> <span class='ocrx_word' id='word_1_40' title='bbox 1800 646 1880 699; x_wconf 82' lang='grc' dir='ltr'><em>Οὐ</em></span> <span class='ocrx_word' id='word_1_41' title='bbox 1897 644 2162 698; x_wconf 73' lang='grc' dir='ltr'>δύνασθε</span> 
     </span>
    </p>
   </div>
   <div class='ocr_carea' id='block_1_8' title="bbox 582 736 2158 809">
    <p class='ocr_par' dir='ltr' id='par_1_8' title="bbox 582 736 2158 809">
     <span class='ocr_line' id='line_1_8' title="bbox 582 736 2158 809; baseline -0.003 -16"><span class='ocrx_word' id='word_1_42' title='bbox 582 737 703 804; x_wconf 81' lang='grc' dir='ltr'>Θεῷ</span> <span class='ocrx_word' id='word_1_43' title='bbox 720 738 1036 793; x_wconf 72' lang='grc' dir='ltr'><strong>δουλεύειν</strong></span> <span class='ocrx_word' id='word_1_44' title='bbox 1062 739 1158 793; x_wconf 75' lang='grc' dir='ltr'>καὶ</span> <span class='ocrx_word' id='word_1_45' title='bbox 1184 737 1446 809; x_wconf 80' lang='grc' dir='ltr'>Μαμωνᾷ</span> <span class='ocrx_word' id='word_1_46' title='bbox 1469 756 1482 769; x_wconf 76' lang='grc' dir='ltr'><strong>ο</strong></span> <span class='ocrx_word' id='word_1_47' title='bbox 1515 737 1713 804; x_wconf 74' lang='grc' dir='ltr'>οὐδεὶς</span> <span class='ocrx_word' id='word_1_48' title='bbox 1740 736 1989 791; x_wconf 81' lang='grc' dir='ltr'>δύναται</span> <span class='ocrx_word' id='word_1_49' title='bbox 2015 736 2158 789; x_wconf 79' lang='grc' dir='ltr'>δυσί</span> 
     </span>
    </p>
   </div>
   <div class='ocr_carea' id='block_1_9' title="bbox 579 826 2158 901">
    <p class='ocr_par' dir='ltr' id='par_1_9' title="bbox 579 826 2158 901">
     <span class='ocr_line' id='line_1_9' title="bbox 579 826 2158 901; baseline -0.001 -19"><span class='ocrx_word' id='word_1_50' title='bbox 579 831 809 898; x_wconf 81' lang='grc' dir='ltr'><strong>κυρίοις</strong></span> <span class='ocrx_word' id='word_1_51' title='bbox 862 830 1194 885; x_wconf 74' lang='grc' dir='ltr'><strong>δουλεύειν.</strong></span> <span class='ocrx_word' id='word_1_52' title='bbox 1229 829 1444 884; x_wconf 77' lang='grc' dir='ltr'>Οὐκοῦν</span> <span class='ocrx_word' id='word_1_53' title='bbox 1490 831 1519 884; x_wconf 88' lang='grc' dir='ltr'><strong>ό</strong></span> <span class='ocrx_word' id='word_1_54' title='bbox 1554 828 1730 901; x_wconf 81' lang='grc' dir='ltr'><strong>τιμῶν</strong></span> <span class='ocrx_word' id='word_1_55' title='bbox 1760 826 1822 883; x_wconf 89' lang='grc' dir='ltr'><strong>τὸ</strong></span> <span class='ocrx_word' id='word_1_56' title='bbox 1878 827 2158 900; x_wconf 84' lang='grc' dir='ltr'>ἀργύριον,</span> 
     </span>
    </p>
   </div>
   <div class='ocr_carea' id='block_1_10' title="bbox 580 921 2163 995">
    <p class='ocr_par' dir='ltr' id='par_1_10' title="bbox 580 921 2163 995">
     <span class='ocr_line' id='line_1_10' title="bbox 580 921 2163 995; baseline -0.001 -20"><span class='ocrx_word' id='word_1_57' title='bbox 580 924 675 976; x_wconf 74' lang='grc' dir='ltr'>καὶ</span> <span class='ocrx_word' id='word_1_58' title='bbox 705 923 1008 994; x_wconf 74' lang='grc' dir='ltr'><strong>θαυμάζων</strong></span> <span class='ocrx_word' id='word_1_59' title='bbox 1040 923 1131 977; x_wconf 89' lang='grc' dir='ltr'><strong>τὸν</strong></span> <span class='ocrx_word' id='word_1_60' title='bbox 1168 922 1416 992; x_wconf 86' lang='grc' dir='ltr'>πλοῦτον,</span> <span class='ocrx_word' id='word_1_61' title='bbox 1451 924 1545 978; x_wconf 67' lang='grc' dir='ltr'><strong>καὶ</strong></span> <span class='ocrx_word' id='word_1_62' title='bbox 1570 921 1806 995; x_wconf 79' lang='grc' dir='ltr'>νομίζων</span> <span class='ocrx_word' id='word_1_63' title='bbox 1830 922 2032 990; x_wconf 85' lang='grc' dir='ltr'>ἀγαθὸν</span> <span class='ocrx_word' id='word_1_64' title='bbox 2065 922 2163 974; x_wconf 86' lang='grc' dir='ltr'>αὐ-</span> 
     </span>
    </p>
   </div>
   <div class='ocr_carea' id='block_1_11' title="bbox 579 1007 2160 1085">
    <p class='ocr_par' dir='ltr' id='par_1_11' title="bbox 579 1007 2160 1085">
     <span class='ocr_line' id='line_1_11' title="bbox 579 1007 2160 1085; baseline -0.004 -18"><span class='ocrx_word' id='word_1_65' title='bbox 579 1013 668 1067; x_wconf 83' lang='grc' dir='ltr'><strong>τὸν</strong></span> <span class='ocrx_word' id='word_1_66' title='bbox 700 1010 837 1067; x_wconf 78' lang='grc' dir='ltr'>εἶναι</span> <span class='ocrx_word' id='word_1_67' title='bbox 870 1012 966 1069; x_wconf 77' lang='grc' dir='ltr'>καὶ</span> <span class='ocrx_word' id='word_1_68' title='bbox 994 1013 1389 1085; x_wconf 85' lang='grc' dir='ltr'>ἀποδεχόμενος</span> <span class='ocrx_word' id='word_1_69' title='bbox 1412 1012 1536 1076; x_wconf 74' lang='grc' dir='ltr'>τοὺς</span> <span class='ocrx_word' id='word_1_70' title='bbox 1564 1009 1852 1073; x_wconf 80' lang='grc' dir='ltr'><strong>πλουσίους</strong></span> <span class='ocrx_word' id='word_1_71' title='bbox 1877 1007 1953 1073; x_wconf 84' lang='grc' dir='ltr'>ὡς</span> <span class='ocrx_word' id='word_1_72' title='bbox 1984 1008 2160 1071; x_wconf 78' lang='grc' dir='ltr'>θεοὺς,</span> 
     </span>
    </p>
   </div>
   <div class='ocr_carea' id='block_1_12' title="bbox 577 1096 2164 1178">
    <p class='ocr_par' dir='ltr' id='par_1_12' title="bbox 577 1096 2164 1178">
     <span class='ocr_line' id='line_1_12' title="bbox 577 1096 2164 1178; baseline -0.003 -21"><span class='ocrx_word' id='word_1_73' title='bbox 577 1106 704 1169; x_wconf 74' lang='grc' dir='ltr'>τοὺς</span> <span class='ocrx_word' id='word_1_74' title='bbox 727 1104 787 1159; x_wconf 79' lang='grc' dir='ltr'><strong>δὲ</strong></span> <span class='ocrx_word' id='word_1_75' title='bbox 816 1104 1054 1176; x_wconf 79' lang='grc' dir='ltr'><strong>πένητας</strong></span> <span class='ocrx_word' id='word_1_76' title='bbox 1081 1105 1156 1169; x_wconf 85' lang='grc' dir='ltr'>ὡς</span> <span class='ocrx_word' id='word_1_77' title='bbox 1189 1103 1264 1178; x_wconf 84' lang='grc' dir='ltr'>μὴ</span> <span class='ocrx_word' id='word_1_78' title='bbox 1289 1104 1510 1176; x_wconf 78' lang='grc' dir='ltr'>ἔχοντας</span> <span class='ocrx_word' id='word_1_79' title='bbox 1538 1096 1629 1156; x_wconf 77' lang='grc' dir='ltr'><strong>τὸν</strong></span> <span class='ocrx_word' id='word_1_80' title='bbox 1659 1100 1780 1156; x_wconf 90' lang='grc' dir='ltr'>θεὸν</span> <span class='ocrx_word' id='word_1_81' title='bbox 1806 1098 1987 1155; x_wconf 70' lang='grc' dir='ltr'>αὐτῶν</span> <span class='ocrx_word' id='word_1_82' title='bbox 2014 1100 2164 1167; x_wconf 74' lang='grc' dir='ltr'>ἐξου-</span> 
     </span>
    </p>
   </div>
   <div class='ocr_carea' id='block_1_13' title="bbox 580 1191 2161 1269">
    <p class='ocr_par' dir='ltr' id='par_1_13' title="bbox 580 1191 2161 1269">
     <span class='ocr_line' id='line_1_13' title="bbox 580 1191 2161 1269; baseline 0 -20"><span class='ocrx_word' id='word_1_83' title='bbox 580 1196 769 1261; x_wconf 86' lang='grc' dir='ltr'>θενῶν,</span> <span class='ocrx_word' id='word_1_84' title='bbox 799 1191 953 1261; x_wconf 72' lang='grc' dir='ltr'>οὗτος</span> <span class='ocrx_word' id='word_1_85' title='bbox 982 1196 1222 1250; x_wconf 80' lang='grc' dir='ltr'>θεοποιετ</span> <span class='ocrx_word' id='word_1_86' title='bbox 1244 1197 1304 1251; x_wconf 77' lang='grc' dir='ltr'><strong>τὸ</strong></span> <span class='ocrx_word' id='word_1_87' title='bbox 1331 1196 1611 1269; x_wconf 81' lang='grc' dir='ltr'>ἀργύριον.</span> <span class='ocrx_word' id='word_1_88' title='bbox 1631 1194 1756 1248; x_wconf 85' lang='grc' dir='ltr'><strong>Ἐάν</strong></span> <span class='ocrx_word' id='word_1_89' title='bbox 1785 1211 1870 1257; x_wconf 92' lang='grc' dir='ltr'><strong>τις</strong></span> <span class='ocrx_word' id='word_1_90' title='bbox 1899 1194 1958 1247; x_wconf 84' lang='grc' dir='ltr'>ὲν</span> <span class='ocrx_word' id='word_1_91' title='bbox 1993 1194 2057 1264; x_wconf 79' lang='grc' dir='ltr'>τῇ</span> <span class='ocrx_word' id='word_1_92' title='bbox 2090 1194 2161 1262; x_wconf 73' lang='grc' dir='ltr'><strong>τῇ</strong></span> 
     </span>
    </p>
   </div>
   <div class='ocr_carea' id='block_1_14' title="bbox 579 1285 2164 1361">
    <p class='ocr_par' dir='ltr' id='par_1_14' title="bbox 579 1285 2164 1361">
     <span class='ocr_line' id='line_1_14' title="bbox 579 1285 2164 1361; baseline -0.003 -19"><span class='ocrx_word' id='word_1_93' title='bbox 579 1287 674 1342; x_wconf 88' lang='grc' dir='ltr'><strong>τοῦ</strong></span> <span class='ocrx_word' id='word_1_94' title='bbox 702 1289 858 1353; x_wconf 92' lang='grc' dir='ltr'>Θεοῦ,</span> <span class='ocrx_word' id='word_1_95' title='bbox 894 1292 959 1361; x_wconf 81' lang='grc' dir='ltr'>τῇ</span> <span class='ocrx_word' id='word_1_96' title='bbox 1006 1288 1320 1361; x_wconf 73' lang='grc' dir='ltr'>Ἐκκλησία,</span> <span class='ocrx_word' id='word_1_97' title='bbox 1357 1289 1640 1360; x_wconf 84' lang='grc' dir='ltr'>τυγχάνων</span> <span class='ocrx_word' id='word_1_98' title='bbox 1681 1287 1754 1359; x_wconf 81' lang='grc'><strong>(1)</strong></span> <span class='ocrx_word' id='word_1_99' title='bbox 1814 1285 2164 1357; x_wconf 82' lang='grc' dir='ltr'>προσκυνήσῃ</span> 
     </span>
    </p>
   </div>
   <div class='ocr_carea' id='block_1_15' title="bbox 580 1373 2162 1452">
    <p class='ocr_par' dir='ltr' id='par_1_15' title="bbox 580 1373 2162 1452">
     <span class='ocr_line' id='line_1_15' title="bbox 580 1373 2162 1452; baseline -0.004 -20"><span class='ocrx_word' id='word_1_100' title='bbox 580 1378 719 1443; x_wconf 82' lang='grc' dir='ltr'>θεοῖς</span> <span class='ocrx_word' id='word_1_101' title='bbox 758 1379 1075 1452; x_wconf 82' lang='grc' dir='ltr'><strong>ἀλλοτρίοις,</strong></span> <span class='ocrx_word' id='word_1_102' title='bbox 1108 1379 1370 1435; x_wconf 82' lang='grc' dir='ltr'>θεοποιῶν</span> <span class='ocrx_word' id='word_1_103' title='bbox 1398 1378 1465 1434; x_wconf 81' lang='grc' dir='ltr'>τὰ</span> <span class='ocrx_word' id='word_1_104' title='bbox 1511 1379 1586 1451; x_wconf 78' lang='grc' dir='ltr'>μὴ</span> <span class='ocrx_word' id='word_1_105' title='bbox 1617 1375 1983 1433; x_wconf 84' lang='grc' dir='ltr'>θεοποιεϊσθαι</span> <span class='ocrx_word' id='word_1_106' title='bbox 2016 1373 2162 1439; x_wconf 80' lang='grc' dir='ltr'>ἄξια,</span> 
     </span>
    </p>
   </div>
   <div class='ocr_carea' id='block_1_16' title="bbox 580 1465 2168 1543">
    <p class='ocr_par' dir='ltr' id='par_1_16' title="bbox 580 1465 2168 1543">
     <span class='ocr_line' id='line_1_16' title="bbox 580 1465 2168 1543; baseline -0.002 -21"><span class='ocrx_word' id='word_1_107' title='bbox 580 1469 974 1543; x_wconf 62' lang='grc' dir='ltr'>ἐκϐληθήσεται</span> <span class='ocrx_word' id='word_1_108' title='bbox 1019 1475 1097 1535; x_wconf 79' lang='grc' dir='ltr'>εἰς</span> <span class='ocrx_word' id='word_1_109' title='bbox 1144 1473 1249 1543; x_wconf 79' lang='grc' dir='ltr'>γῆν</span> <span class='ocrx_word' id='word_1_110' title='bbox 1288 1471 1598 1543; x_wconf 76' lang='grc' dir='ltr'>ἀλλοτρίαν,</span> <span class='ocrx_word' id='word_1_111' title='bbox 1647 1466 1741 1525; x_wconf 69' lang='grc' dir='ltr'><strong>καὶ</strong></span> <span class='ocrx_word' id='word_1_112' title='bbox 1792 1465 2168 1541; x_wconf 84' lang='grc' dir='ltr'>προσκυνείτω</span> 
     </span>
    </p>
   </div>
   <div class='ocr_carea' id='block_1_17' title="bbox 578 1554 2167 1636">
    <p class='ocr_par' dir='ltr' id='par_1_17' title="bbox 578 1554 2167 1636">
     <span class='ocr_line' id='line_1_17' title="bbox 578 1554 2167 1636; baseline -0.003 -21"><span class='ocrx_word' id='word_1_113' title='bbox 578 1562 705 1626; x_wconf 72' lang='grc' dir='ltr'>τοὺς</span> <span class='ocrx_word' id='word_1_114' title='bbox 747 1562 903 1627; x_wconf 76' lang='grc' dir='ltr'>θεοὺς</span> <span class='ocrx_word' id='word_1_115' title='bbox 945 1562 1039 1628; x_wconf 82' lang='grc' dir='ltr'><strong>οὒς</strong></span> <span class='ocrx_word' id='word_1_116' title='bbox 1079 1563 1228 1617; x_wconf 71' lang='grc' dir='ltr'>ἔνδον</span> <span class='ocrx_word' id='word_1_117' title='bbox 1278 1554 1659 1636; x_wconf 85' lang='grc' dir='ltr'>προσεκύνησε</span> <span class='ocrx_word' id='word_1_118' title='bbox 1702 1560 2025 1631; x_wconf 84' lang='grc' dir='ltr'>γενόμενος·</span> <span class='ocrx_word' id='word_1_119' title='bbox 2062 1557 2167 1622; x_wconf 75' lang='grc' dir='ltr'><strong>ἔξω</strong></span> 
     </span>
    </p>
   </div>
   <div class='ocr_carea' id='block_1_18' title="bbox 580 1650 2165 1727">
    <p class='ocr_par' dir='ltr' id='par_1_18' title="bbox 580 1650 2165 1727">
     <span class='ocr_line' id='line_1_18' title="bbox 580 1650 2165 1727; baseline -0.003 -21"><span class='ocrx_word' id='word_1_120' title='bbox 580 1652 915 1727; x_wconf 77' lang='grc' dir='ltr'>φιλάργυρος</span> <span class='ocrx_word' id='word_1_121' title='bbox 942 1654 1083 1709; x_wconf 75' lang='grc' dir='ltr'>ἔστω</span> <span class='ocrx_word' id='word_1_122' title='bbox 1112 1654 1221 1709; x_wconf 85' lang='grc' dir='ltr'><strong>ἀπὸ</strong></span> <span class='ocrx_word' id='word_1_123' title='bbox 1252 1655 1352 1724; x_wconf 82' lang='grc' dir='ltr'>τῆς</span> <span class='ocrx_word' id='word_1_124' title='bbox 1368 1652 1700 1724; x_wconf 85' lang='grc' dir='ltr'>Ἐκκλησίας</span> <span class='ocrx_word' id='word_1_125' title='bbox 1724 1650 2007 1720; x_wconf 78' lang='grc' dir='ltr'>ἐκϐληθείς</span> <span class='ocrx_word' id='word_1_126' title='bbox 2025 1667 2038 1679; x_wconf 90' lang='grc'><strong>·</strong></span> <span class='ocrx_word' id='word_1_127' title='bbox 2062 1665 2165 1717; x_wconf 82' lang='grc' dir='ltr'>γα-</span> 
     </span>
    </p>
   </div>
   <div class='ocr_carea' id='block_1_19' title="bbox 578 1743 2164 1821">
    <p class='ocr_par' dir='ltr' id='par_1_19' title="bbox 578 1743 2164 1821">
     <span class='ocr_line' id='line_1_19' title="bbox 578 1743 2164 1821; baseline -0.005 -19"><span class='ocrx_word' id='word_1_128' title='bbox 578 1749 917 1821; x_wconf 83' lang='grc' dir='ltr'>στρίμαργος</span> <span class='ocrx_word' id='word_1_129' title='bbox 962 1747 1037 1819; x_wconf 69' lang='grc'><strong>(2)</strong></span> <span class='ocrx_word' id='word_1_130' title='bbox 1079 1748 1279 1818; x_wconf 87' lang='grc' dir='ltr'>ὁμοίως</span> <span class='ocrx_word' id='word_1_131' title='bbox 1310 1745 1416 1811; x_wconf 74' lang='grc' dir='ltr'>ἔξω</span> <span class='ocrx_word' id='word_1_132' title='bbox 1447 1744 1588 1798; x_wconf 75' lang='grc' dir='ltr'>ἔστω</span> <span class='ocrx_word' id='word_1_133' title='bbox 1614 1745 1712 1814; x_wconf 80' lang='grc' dir='ltr'>τῆς</span> <span class='ocrx_word' id='word_1_134' title='bbox 1726 1743 2046 1814; x_wconf 75' lang='grc' dir='ltr'>Ἐκκλησίας</span> <span class='ocrx_word' id='word_1_135' title='bbox 2071 1759 2164 1811; x_wconf 81' lang='grc' dir='ltr'>γε·</span> 
     </span>
    </p>
   </div>
   <div class='ocr_carea' id='block_1_20' title="bbox 576 1834 2166 1910">
    <p class='ocr_par' dir='ltr' id='par_1_20' title="bbox 576 1834 2166 1910">
     <span class='ocr_line' id='line_1_20' title="bbox 576 1834 2166 1910; baseline -0.002 -17"><span class='ocrx_word' id='word_1_136' title='bbox 576 1839 827 1910; x_wconf 74' lang='grc' dir='ltr'><strong>Δνόμενος.</strong></span> <span class='ocrx_word' id='word_1_137' title='bbox 862 1838 1048 1892; x_wconf 88' lang='grc' dir='ltr'>Ταῦτα</span> <span class='ocrx_word' id='word_1_138' title='bbox 1082 1837 1224 1891; x_wconf 82' lang='grc' dir='ltr'><strong>κατά</strong></span> <span class='ocrx_word' id='word_1_139' title='bbox 1257 1837 1386 1908; x_wconf 87' lang='grc' dir='ltr'>μίαν</span> <span class='ocrx_word' id='word_1_140' title='bbox 1418 1834 1796 1909; x_wconf 86' lang='grc' dir='ltr'>τροπολογίαν,</span> <span class='ocrx_word' id='word_1_141' title='bbox 1824 1836 1912 1890; x_wconf 76' lang='grc' dir='ltr'>ἵνα</span> <span class='ocrx_word' id='word_1_142' title='bbox 1956 1836 2032 1909; x_wconf 85' lang='grc' dir='ltr'>μὴ</span> <span class='ocrx_word' id='word_1_143' title='bbox 2070 1836 2166 1891; x_wconf 91' lang='grc' dir='ltr'><strong>νῦν</strong></span> 
     </span>
    </p>
   </div>
   <div class='ocr_carea' id='block_1_21' title="bbox 585 1928 2164 2002">
    <p class='ocr_par' dir='ltr' id='par_1_21' title="bbox 585 1928 2164 2002">
     <span class='ocr_line' id='line_1_21' title="bbox 585 1928 2164 2002; baseline 0.001 -18"><span class='ocrx_word' id='word_1_144' title='bbox 585 1931 1039 2002; x_wconf 79' lang='grc' dir='ltr'>περιεργάζωμαι</span> <span class='ocrx_word' id='word_1_145' title='bbox 1070 1929 1139 1983; x_wconf 85' lang='grc' dir='ltr'>τὰ</span> <span class='ocrx_word' id='word_1_146' title='bbox 1178 1931 1318 2002; x_wconf 86' lang='grc' dir='ltr'>ὑπὲρ</span> <span class='ocrx_word' id='word_1_147' title='bbox 1345 1928 1598 2001; x_wconf 76' lang='grc' dir='ltr'>ἐμαυτὸν.</span> <span class='ocrx_word' id='word_1_148' title='bbox 1630 1928 1721 1983; x_wconf 76' lang='grc' dir='ltr'><strong>καὶ</strong></span> <span class='ocrx_word' id='word_1_149' title='bbox 1750 1930 1878 2000; x_wconf 79' lang='grc' dir='ltr'>περὶ</span> <span class='ocrx_word' id='word_1_150' title='bbox 1908 1929 2008 2000; x_wconf 84' lang='grc' dir='ltr'>τῆς</span> <span class='ocrx_word' id='word_1_151' title='bbox 2039 1930 2164 2001; x_wconf 77' lang='grc' dir='ltr'>γῆς,</span> 
     </span>
    </p>
   </div>
   <div class='ocr_carea' id='block_1_22' title="bbox 585 2014 2164 2092">
    <p class='ocr_par' dir='ltr' id='par_1_22' title="bbox 585 2014 2164 2092">
     <span class='ocr_line' id='line_1_22' title="bbox 585 2014 2164 2092; baseline 0.001 -20"><span class='ocrx_word' id='word_1_152' title='bbox 585 2021 712 2092; x_wconf 75' lang='grc' dir='ltr'>περὶ</span> <span class='ocrx_word' id='word_1_153' title='bbox 737 2014 806 2091; x_wconf 82' lang='grc' dir='ltr'>ἦς</span> <span class='ocrx_word' id='word_1_154' title='bbox 838 2014 960 2072; x_wconf 79' lang='grc' dir='ltr'>εἷπε</span> <span class='ocrx_word' id='word_1_155' title='bbox 998 2020 1206 2092; x_wconf 79' lang='grc' dir='ltr'>Σωτήρ·</span> <span class='ocrx_word' id='word_1_156' title='bbox 1242 2020 1311 2074; x_wconf 82' lang='grc' dir='ltr'><em>Τὸ</em></span> <span class='ocrx_word' id='word_1_157' title='bbox 1340 2018 1635 2090; x_wconf 74' lang='grc' dir='ltr'>ἡμέτερον</span> <span class='ocrx_word' id='word_1_158' title='bbox 1658 2019 1752 2086; x_wconf 83' lang='grc' dir='ltr'><strong>τίς</strong></span> <span class='ocrx_word' id='word_1_159' title='bbox 1788 2018 1964 2074; x_wconf 81' lang='grc' dir='ltr'>δώσει</span> <span class='ocrx_word' id='word_1_160' title='bbox 1990 2020 2164 2089; x_wconf 58' lang='lat' dir='ltr'><strong>mir;</strong></span> 
     </span>
    </p>
   </div>
   <div class='ocr_carea' id='block_1_23' title="bbox 587 2110 2165 2185">
    <p class='ocr_par' dir='ltr' id='par_1_23' title="bbox 587 2110 2165 2185">
     <span class='ocr_line' id='line_1_23' title="bbox 587 2110 2165 2185; baseline 0.003 -22"><span class='ocrx_word' id='word_1_161' title='bbox 587 2111 678 2164; x_wconf 72' lang='grc' dir='ltr'><strong>καλ⁸</strong></span> <span class='ocrx_word' id='word_1_162' title='bbox 708 2112 790 2164; x_wconf 86' lang='grc' dir='ltr'><strong>ὅτι</strong></span> <span class='ocrx_word' id='word_1_163' title='bbox 817 2110 1113 2183; x_wconf 84' lang='grc' dir='ltr'>γενομένης</span> <span class='ocrx_word' id='word_1_164' title='bbox 1144 2112 1567 2184; x_wconf 79' lang='grc' dir='ltr'>προσκυνήσεως</span> <span class='ocrx_word' id='word_1_165' title='bbox 1596 2112 1655 2166; x_wconf 81' lang='grc' dir='ltr'>ἐν</span> <span class='ocrx_word' id='word_1_166' title='bbox 1690 2113 1757 2184; x_wconf 74' lang='grc' dir='ltr'>τῇ</span> <span class='ocrx_word' id='word_1_167' title='bbox 1799 2114 1870 2184; x_wconf 78' lang='grc' dir='ltr'>γῇ</span> <span class='ocrx_word' id='word_1_168' title='bbox 1900 2128 2043 2177; x_wconf 83' lang='grc' dir='ltr'>τινος</span> <span class='ocrx_word' id='word_1_169' title='bbox 2088 2113 2165 2185; x_wconf 81' lang='grc'><strong>(5)</strong></span> 
     </span>
    </p>
   </div>
   <div class='ocr_carea' id='block_1_24' title="bbox 582 2202 2170 2276">
    <p class='ocr_par' dir='ltr' id='par_1_24' title="bbox 582 2202 2170 2276">
     <span class='ocr_line' id='line_1_24' title="bbox 582 2202 2170 2276; baseline 0.001 -20"><span class='ocrx_word' id='word_1_170' title='bbox 582 2202 882 2274; x_wconf 85' lang='grc' dir='ltr'>ἀλλοτρίου,</span> <span class='ocrx_word' id='word_1_171' title='bbox 927 2202 1098 2266; x_wconf 77' lang='grc' dir='ltr'>οὕτως</span> <span class='ocrx_word' id='word_1_172' title='bbox 1130 2205 1158 2257; x_wconf 88' lang='grc' dir='ltr'><strong>ό</strong></span> <span class='ocrx_word' id='word_1_173' title='bbox 1190 2202 1323 2267; x_wconf 82' lang='grc' dir='ltr'>Θεὸς</span> <span class='ocrx_word' id='word_1_174' title='bbox 1349 2202 1704 2276; x_wconf 81' lang='grc' dir='ltr'>ᾠκονόμησεν</span> <span class='ocrx_word' id='word_1_175' title='bbox 1732 2202 2066 2275; x_wconf 76' lang='grc' dir='ltr'>ὲκὸληθῆναί</span> <span class='ocrx_word' id='word_1_176' title='bbox 2087 2217 2170 2258; x_wconf 78' lang='grc' dir='ltr'>τι·</span> 
     </span>
    </p>
   </div>
   <div class='ocr_carea' id='block_1_25' title="bbox 582 2294 2168 2372">
    <p class='ocr_par' dir='ltr' id='par_1_25' title="bbox 582 2294 2168 2372">
     <span class='ocr_line' id='line_1_25' title="bbox 582 2294 2168 2372; baseline -0.008 -10"><span class='ocrx_word' id='word_1_177' title='bbox 582 2311 676 2360; x_wconf 85' lang='grc' dir='ltr'><strong>νας</strong></span> <span class='ocrx_word' id='word_1_178' title='bbox 699 2295 807 2349; x_wconf 74' lang='grc' dir='ltr'><strong>ἀπὸ</strong></span> <span class='ocrx_word' id='word_1_179' title='bbox 835 2296 933 2366; x_wconf 80' lang='grc' dir='ltr'><strong>τῆς</strong></span> <span class='ocrx_word' id='word_1_180' title='bbox 962 2295 1180 2362; x_wconf 76' lang='grc' dir='ltr'>ἑαυτοῦ,</span> <span class='ocrx_word' id='word_1_181' title='bbox 1210 2298 1306 2352; x_wconf 72' lang='grc' dir='ltr'><strong>καὶ</strong></span> <span class='ocrx_word' id='word_1_182' title='bbox 1338 2297 1515 2353; x_wconf 67' lang='grc' dir='ltr'>ἐλθεῖν</span> <span class='ocrx_word' id='word_1_183' title='bbox 1547 2298 1639 2352; x_wconf 79' lang='grc' dir='ltr'><strong>ἐπὶ</strong></span> <span class='ocrx_word' id='word_1_184' title='bbox 1665 2299 1765 2370; x_wconf 79' lang='grc' dir='ltr'><strong>τὴν</strong></span> <span class='ocrx_word' id='word_1_185' title='bbox 1797 2299 1905 2370; x_wconf 83' lang='grc' dir='ltr'>γῆν</span> <span class='ocrx_word' id='word_1_186' title='bbox 1935 2300 2064 2372; x_wconf 61' lang='grc' dir='ltr'>περὶ</span> <span class='ocrx_word' id='word_1_187' title='bbox 2098 2294 2168 2371; x_wconf 72' lang='grc' dir='ltr'>ἧς</span> 
     </span>
    </p>
   </div>
   <div class='ocr_carea' id='block_1_26' title="bbox 579 2389 2168 2462">
    <p class='ocr_par' dir='ltr' id='par_1_26' title="bbox 579 2389 2168 2462">
     <span class='ocr_line' id='line_1_26' title="bbox 579 2389 2168 2462; baseline 0.005 -22"><span class='ocrx_word' id='word_1_188' title='bbox 579 2389 918 2460; x_wconf 78' lang='grc' dir='ltr'>γέγραπται·</span> <span class='ocrx_word' id='word_1_189' title='bbox 969 2389 1199 2456; x_wconf 79' lang='grc' dir='ltr'>Ἄκουε,</span> <span class='ocrx_word' id='word_1_190' title='bbox 1246 2389 1528 2459; x_wconf 70' lang='grc' dir='ltr'>’1σραή.ί’·</span> <span class='ocrx_word' id='word_1_191' title='bbox 1580 2391 1639 2444; x_wconf 84' lang='grc' dir='ltr'><strong>τι</strong></span> <span class='ocrx_word' id='word_1_192' title='bbox 1678 2390 1775 2446; x_wconf 52' lang='grc' dir='ltr'><strong>⁴ὅτι</strong></span> <span class='ocrx_word' id='word_1_193' title='bbox 1816 2391 1889 2446; x_wconf 78' lang='grc' dir='ltr'><strong>ἐν</strong></span> <span class='ocrx_word' id='word_1_194' title='bbox 1926 2390 2005 2462; x_wconf 73' lang='grc' dir='ltr'><strong>τῇ</strong></span> <span class='ocrx_word' id='word_1_195' title='bbox 2048 2391 2168 2448; x_wconf 81' lang='grc' dir='ltr'>τῶν</span> 
     </span>
    </p>
   </div>
   <div class='ocr_carea' id='block_1_27' title="bbox 574 2478 2168 2553">
    <p class='ocr_par' dir='ltr' id='par_1_27' title="bbox 574 2478 2168 2553">
     <span class='ocr_line' id='line_1_27' title="bbox 574 2478 2168 2553; baseline 0.003 -19"><span class='ocrx_word' id='word_1_196' title='bbox 574 2478 804 2550; x_wconf 75' lang='grc' dir='ltr'>ἐχθρῶν</span> <span class='ocrx_word' id='word_1_197' title='bbox 834 2480 921 2546; x_wconf 84' lang='grc' dir='ltr'><strong>εἷ;</strong></span> <span class='ocrx_word' id='word_1_198' title='bbox 962 2483 1409 2551; x_wconf 73' lang='grc' dir='ltr'>συνελογίσθης</span> <span class='ocrx_word' id='word_1_199' title='bbox 1433 2482 1587 2553; x_wconf 82' lang='grc' dir='ltr'>μετὰ</span> <span class='ocrx_word' id='word_1_200' title='bbox 1617 2482 1738 2537; x_wconf 75' lang='grc' dir='ltr'>τῶν</span> <span class='ocrx_word' id='word_1_201' title='bbox 1774 2486 2168 2541; x_wconf 76' lang='grc' dir='ltr'>καταϐαινόν-</span> 
     </span>
    </p>
   </div>
   <div class='ocr_carea' id='block_1_28' title="bbox 574 2573 2174 2646">
    <p class='ocr_par' dir='ltr' id='par_1_28' title="bbox 574 2573 2174 2646">
     <span class='ocr_line' id='line_1_28' title="bbox 574 2573 2174 2646; baseline 0.005 -20"><span class='ocrx_word' id='word_1_202' title='bbox 574 2591 694 2627; x_wconf 74' lang='grc' dir='ltr'>των</span> <span class='ocrx_word' id='word_1_203' title='bbox 721 2576 806 2640; x_wconf 80' lang='grc' dir='ltr'>εὶς</span> <span class='ocrx_word' id='word_1_204' title='bbox 847 2573 1016 2640; x_wconf 81' lang='grc' dir='ltr'>ᾄδου-</span> <span class='ocrx_word' id='word_1_205' title='bbox 1054 2574 1445 2644; x_wconf 74' lang='grc' dir='ltr'>ὲγκατέλιπες</span> <span class='ocrx_word' id='word_1_206' title='bbox 1486 2575 1693 2646; x_wconf 75' lang='grc' dir='ltr'>πηγὴν·</span> <span class='ocrx_word' id='word_1_207' title='bbox 1719 2574 1871 2645; x_wconf 79' lang='grc' dir='ltr'>ζωῆς</span> <span class='ocrx_word' id='word_1_208' title='bbox 1907 2576 2015 2632; x_wconf 79' lang='grc' dir='ltr'><strong>τὸν</strong></span> <span class='ocrx_word' id='word_1_209' title='bbox 2054 2578 2174 2634; x_wconf 81' lang='grc' dir='ltr'>Κύ-</span> 
     </span>
    </p>
   </div>
   <div class='ocr_carea' id='block_1_29' title="bbox 568 2662 2180 2740">
    <p class='ocr_par' dir='ltr' id='par_1_29' title="bbox 568 2662 2180 2740">
     <span class='ocr_line' id='line_1_29' title="bbox 568 2662 2180 2740; baseline 0.001 -21"><span class='ocrx_word' id='word_1_210' title='bbox 568 2678 738 2733; x_wconf 76' lang='grc' dir='ltr'>ριονο</span> <span class='ocrx_word' id='word_1_211' title='bbox 770 2662 847 2732; x_wconf 77' lang='grc' dir='ltr'>τῇ</span> <span class='ocrx_word' id='word_1_212' title='bbox 879 2663 997 2730; x_wconf 81' lang='grc' dir='ltr'><strong>ὀδῷ</strong></span> <span class='ocrx_word' id='word_1_213' title='bbox 1028 2664 1136 2718; x_wconf 82' lang='grc' dir='ltr'><strong>τοῦ</strong></span> <span class='ocrx_word' id='word_1_214' title='bbox 1184 2665 1334 2720; x_wconf 79' lang='grc' dir='ltr'>Θεοῦ</span> <span class='ocrx_word' id='word_1_215' title='bbox 1369 2668 1420 2719; x_wconf 81' lang='grc' dir='ltr'>ει</span> <span class='ocrx_word' id='word_1_216' title='bbox 1461 2666 1790 2736; x_wconf 75' lang='grc' dir='ltr'>ἑπορεύθηζ·</span> <span class='ocrx_word' id='word_1_217' title='bbox 1832 2667 1908 2740; x_wconf 76' lang='grc'><strong>(4)</strong></span> <span class='ocrx_word' id='word_1_218' title='bbox 1929 2709 1944 2732; x_wconf 90' lang='grc'><strong>,</strong></span> <span class='ocrx_word' id='word_1_219' title='bbox 1986 2665 2180 2733; x_wconf 54' lang='lat' dir='ltr'><strong>arani).</strong></span> 
     </span>
    </p>
   </div>
   <div class='ocr_carea' id='block_1_30' title="bbox 579 2754 2171 2831">
    <p class='ocr_par' dir='ltr' id='par_1_30' title="bbox 579 2754 2171 2831">
     <span class='ocr_line' id='line_1_30' title="bbox 579 2754 2171 2831; baseline 0.001 -19"><span class='ocrx_word' id='word_1_220' title='bbox 579 2774 703 2823; x_wconf 77' lang='grc' dir='ltr'>κεις</span> <span class='ocrx_word' id='word_1_221' title='bbox 783 2755 864 2808; x_wconf 80' lang='grc' dir='ltr'><strong>ἂν</strong></span> <span class='ocrx_word' id='word_1_222' title='bbox 893 2754 963 2808; x_wconf 83' lang='grc' dir='ltr'><strong>ἐν</strong></span> <span class='ocrx_word' id='word_1_223' title='bbox 999 2754 1210 2825; x_wconf 77' lang='grc' dir='ltr'>είρήνῃ</span> <span class='ocrx_word' id='word_1_224' title='bbox 1245 2755 1355 2811; x_wconf 84' lang='grc' dir='ltr'>τὸν</span> <span class='ocrx_word' id='word_1_225' title='bbox 1389 2756 1595 2812; x_wconf 68' lang='grc' dir='ltr'>αἰῶνα.</span> <span class='ocrx_word' id='word_1_226' title='bbox 1624 2757 1740 2811; x_wconf 89' lang='grc' dir='ltr'>Νῦν</span> <span class='ocrx_word' id='word_1_227' title='bbox 1770 2754 1865 2813; x_wconf 80' lang='grc' dir='ltr'><strong>οῦν</strong></span> <span class='ocrx_word' id='word_1_228' title='bbox 1892 2760 1951 2812; x_wconf 83' lang='grc' dir='ltr'>ὲν</span> <span class='ocrx_word' id='word_1_229' title='bbox 1975 2762 2046 2831; x_wconf 80' lang='grc' dir='ltr'>γῇ</span> <span class='ocrx_word' id='word_1_230' title='bbox 2076 2760 2171 2814; x_wconf 85' lang='grc' dir='ltr'>ἀλ-</span> 
     </span>
    </p>
   </div>
   <div class='ocr_carea' id='block_1_31' title="bbox 579 2840 2171 2923">
    <p class='ocr_par' dir='ltr' id='par_1_31' title="bbox 579 2840 2171 2923">
     <span class='ocr_line' id='line_1_31' title="bbox 579 2840 2171 2923; baseline 0.005 -25"><span class='ocrx_word' id='word_1_231' title='bbox 579 2840 774 2917; x_wconf 73' lang='grc' dir='ltr'>λοτρίᾳ</span> <span class='ocrx_word' id='word_1_232' title='bbox 812 2844 997 2914; x_wconf 76' lang='grc' dir='ltr'>ἐσμὲν,</span> <span class='ocrx_word' id='word_1_233' title='bbox 1038 2846 1131 2900; x_wconf 81' lang='grc' dir='ltr'>καὶ</span> <span class='ocrx_word' id='word_1_234' title='bbox 1165 2847 1439 2918; x_wconf 79' lang='grc' dir='ltr'>εὐχόμεθα</span> <span class='ocrx_word' id='word_1_235' title='bbox 1462 2848 1525 2902; x_wconf 89' lang='grc' dir='ltr'><strong>τὸ</strong></span> <span class='ocrx_word' id='word_1_236' title='bbox 1549 2848 1788 2904; x_wconf 76' lang='grc' dir='ltr'>ἐναντίον</span> <span class='ocrx_word' id='word_1_237' title='bbox 1818 2850 2064 2923; x_wconf 79' lang='grc' dir='ltr'>ποιῆσαι,</span> <span class='ocrx_word' id='word_1_238' title='bbox 2091 2851 2171 2919; x_wconf 81' lang='grc' dir='ltr'>ὡς</span> 
     </span>
    </p>
   </div>
   <div class='ocr_carea' id='block_1_32' title="bbox 581 2934 2170 3015">
    <p class='ocr_par' dir='ltr' id='par_1_32' title="bbox 581 2934 2170 3015">
     <span class='ocr_line' id='line_1_32' title="bbox 581 2934 2170 3015; baseline 0.007 -27"><span class='ocrx_word' id='word_1_239' title='bbox 581 2934 848 3005; x_wconf 64' lang='grc' dir='ltr'>ἐποίησαν</span> <span class='ocrx_word' id='word_1_240' title='bbox 890 2936 939 2989; x_wconf 81' lang='grc' dir='ltr'>οἱ</span> <span class='ocrx_word' id='word_1_241' title='bbox 982 2937 1087 2990; x_wconf 70' lang='grc' dir='ltr'>υίοὶ</span> <span class='ocrx_word' id='word_1_242' title='bbox 1133 2936 1347 3009; x_wconf 78' lang='grc' dir='ltr'>Ἰσραὴλ</span> <span class='ocrx_word' id='word_1_243' title='bbox 1382 2939 1439 2992; x_wconf 82' lang='grc' dir='ltr'>ὲν</span> <span class='ocrx_word' id='word_1_244' title='bbox 1478 2936 1544 3012; x_wconf 77' lang='grc' dir='ltr'>τῇ</span> <span class='ocrx_word' id='word_1_245' title='bbox 1583 2943 1661 3013; x_wconf 74' lang='grc' dir='ltr'>γῇ</span> <span class='ocrx_word' id='word_1_246' title='bbox 1691 2944 1756 3014; x_wconf 82' lang='grc' dir='ltr'>τῇ</span> <span class='ocrx_word' id='word_1_247' title='bbox 1804 2942 1954 3015; x_wconf 76' lang='grc' dir='ltr'>ἀγίᾳ.</span> <span class='ocrx_word' id='word_1_248' title='bbox 1996 2943 2170 2998; x_wconf 80' lang='grc' dir='ltr'>Ἐκεῖ-</span> 
     </span>
    </p>
   </div>
   <div class='ocr_carea' id='block_1_33' title="bbox 578 3022 2163 3107">
    <p class='ocr_par' dir='ltr' id='par_1_33' title="bbox 578 3022 2163 3107">
     <span class='ocr_line' id='line_1_33' title="bbox 578 3022 2163 3107; baseline 0.005 -25"><span class='ocrx_word' id='word_1_249' title='bbox 578 3038 663 3082; x_wconf 80' lang='grc' dir='ltr'><strong>νοι</strong></span> <span class='ocrx_word' id='word_1_250' title='bbox 695 3027 795 3098; x_wconf 85' lang='grc' dir='ltr'>μὲν</span> <span class='ocrx_word' id='word_1_251' title='bbox 821 3027 928 3100; x_wconf 78' lang='grc' dir='ltr'>γὰρ</span> <span class='ocrx_word' id='word_1_252' title='bbox 958 3026 1027 3081; x_wconf 85' lang='grc' dir='ltr'><strong>τά</strong></span> <span class='ocrx_word' id='word_1_253' title='bbox 1056 3022 1314 3101; x_wconf 85' lang='grc' dir='ltr'>ἀλλότρια</span> <span class='ocrx_word' id='word_1_254' title='bbox 1346 3031 1404 3084; x_wconf 75' lang='grc' dir='ltr'>ὲν</span> <span class='ocrx_word' id='word_1_255' title='bbox 1435 3033 1500 3102; x_wconf 70' lang='grc' dir='ltr'><strong>τῇ</strong></span> <span class='ocrx_word' id='word_1_256' title='bbox 1527 3034 1597 3103; x_wconf 77' lang='grc' dir='ltr'>γῇ</span> <span class='ocrx_word' id='word_1_257' title='bbox 1624 3034 1690 3104; x_wconf 75' lang='grc' dir='ltr'>τῇ</span> <span class='ocrx_word' id='word_1_258' title='bbox 1721 3032 1854 3105; x_wconf 78' lang='grc' dir='ltr'>ἁγίᾳ</span> <span class='ocrx_word' id='word_1_259' title='bbox 1878 3034 2163 3107; x_wconf 75' lang='grc' dir='ltr'>ἐποίησαν,</span> 
     </span>
    </p>
   </div>
   <div class='ocr_carea' id='block_1_34' title="bbox 2263 542 3837 623">
    <p class='ocr_par' dir='ltr' id='par_1_34' title="bbox 2263 542 3837 623">
     <span class='ocr_line' id='line_1_34' title="bbox 2263 542 3837 623; baseline -0.009 -15"><span class='ocrx_word' id='word_1_260' title='bbox 2263 555 2472 609; x_wconf 88' lang='lat' dir='ltr'><strong>minum</strong></span> <span class='ocrx_word' id='word_1_261' title='bbox 2506 552 2797 623; x_wconf 82' lang='lat' dir='ltr'><strong>appellavit</strong></span> <span class='ocrx_word' id='word_1_262' title='bbox 2828 549 3017 604; x_wconf 90' lang='lat' dir='ltr'><strong>dicens</strong></span> <span class='ocrx_word' id='word_1_263' title='bbox 3045 549 3132 603; x_wconf 77' lang='grc' dir='ltr'>⁸⁶ι</span> <span class='ocrx_word' id='word_1_264' title='bbox 3176 546 3298 601; x_wconf 85' lang='grc' dir='ltr'><strong>Νοη</strong></span> <span class='ocrx_word' id='word_1_265' title='bbox 3331 545 3549 616; x_wconf 72' lang='lat' dir='ltr'><strong>potestis</strong></span> <span class='ocrx_word' id='word_1_266' title='bbox 3579 542 3691 597; x_wconf 85' lang='lat' dir='ltr'><strong>Deo</strong></span> <span class='ocrx_word' id='word_1_267' title='bbox 3722 557 3837 595; x_wconf 51' lang='lat' dir='ltr'><strong>ser-</strong></span> 
     </span>
    </p>
   </div>
   <div class='ocr_carea' id='block_1_35' title="bbox 2260 636 3837 713">
    <p class='ocr_par' dir='ltr' id='par_1_35' title="bbox 2260 636 3837 713">
     <span class='ocr_line' id='line_1_35' title="bbox 2260 636 3837 713; baseline -0.008 -13"><span class='ocrx_word' id='word_1_268' title='bbox 2260 648 2370 700; x_wconf 77' lang='lat' dir='ltr'><strong>vire</strong></span> <span class='ocrx_word' id='word_1_269' title='bbox 2403 655 2453 699; x_wconf 87' lang='lat' dir='ltr'><strong>et</strong></span> <span class='ocrx_word' id='word_1_270' title='bbox 2480 645 2762 700; x_wconf 65' lang='lat' dir='ltr'><strong>Mantonis.</strong></span> <span class='ocrx_word' id='word_1_271' title='bbox 2795 641 2965 697; x_wconf 85' lang='lat' dir='ltr'><strong><em>Nemo</em></strong></span> <span class='ocrx_word' id='word_1_272' title='bbox 2987 650 3155 713; x_wconf 85' lang='lat' dir='ltr'><strong>potest</strong></span> <span class='ocrx_word' id='word_1_273' title='bbox 3204 638 3407 693; x_wconf 82' lang='lat' dir='ltr'><strong>duobus</strong></span> <span class='ocrx_word' id='word_1_274' title='bbox 3452 636 3681 691; x_wconf 85' lang='lat' dir='ltr'><strong>dominis</strong></span> <span class='ocrx_word' id='word_1_275' title='bbox 3726 649 3837 688; x_wconf 85' lang='lat' dir='ltr'><strong>ser-</strong></span> 
     </span>
    </p>
   </div>
   <div class='ocr_carea' id='block_1_36' title="bbox 2261 727 3838 807">
    <p class='ocr_par' dir='ltr' id='par_1_36' title="bbox 2261 727 3838 807">
     <span class='ocr_line' id='line_1_36' title="bbox 2261 727 3838 807; baseline -0.007 -15"><span class='ocrx_word' id='word_1_276' title='bbox 2261 737 2386 792; x_wconf 78' lang='lat' dir='ltr'><strong>t-ire.</strong></span> <span class='ocrx_word' id='word_1_277' title='bbox 2431 736 2615 804; x_wconf 78' lang='lat' dir='ltr'><strong>Itaque</strong></span> <span class='ocrx_word' id='word_1_278' title='bbox 2638 737 2733 807; x_wconf 91' lang='lat' dir='ltr'><strong>qui</strong></span> <span class='ocrx_word' id='word_1_279' title='bbox 2791 734 3077 805; x_wconf 84' lang='lat' dir='ltr'><strong>pecuniam</strong></span> <span class='ocrx_word' id='word_1_280' title='bbox 3109 732 3240 788; x_wconf 86' lang='lat' dir='ltr'><strong>colit</strong></span> <span class='ocrx_word' id='word_1_281' title='bbox 3272 738 3326 787; x_wconf 92' lang='lat' dir='ltr'><strong>et</strong></span> <span class='ocrx_word' id='word_1_282' title='bbox 3354 730 3574 785; x_wconf 77' lang='lat' dir='ltr'><strong>divitias</strong></span> <span class='ocrx_word' id='word_1_283' title='bbox 3597 727 3838 783; x_wconf 81' lang='lat' dir='ltr'><strong>admira-</strong></span> 
     </span>
    </p>
   </div>
   <div class='ocr_carea' id='block_1_37' title="bbox 2261 819 3839 898">
    <p class='ocr_par' dir='ltr' id='par_1_37' title="bbox 2261 819 3839 898">
     <span class='ocr_line' id='line_1_37' title="bbox 2261 819 3839 898; baseline -0.008 -14"><span class='ocrx_word' id='word_1_284' title='bbox 2261 838 2370 894; x_wconf 88' lang='lat' dir='ltr'><strong>tur,</strong></span> <span class='ocrx_word' id='word_1_285' title='bbox 2397 844 2599 898; x_wconf 85' lang='lat' dir='ltr'><strong>easque</strong></span> <span class='ocrx_word' id='word_1_286' title='bbox 2632 836 2880 884; x_wconf 72' lang='lat' dir='ltr'><strong>recenset</strong></span> <span class='ocrx_word' id='word_1_287' title='bbox 2905 829 2959 882; x_wconf 89' lang='lat' dir='ltr'><strong>in</strong></span> <span class='ocrx_word' id='word_1_288' title='bbox 3007 826 3188 891; x_wconf 90' lang='lat' dir='ltr'><strong>bonis,</strong></span> <span class='ocrx_word' id='word_1_289' title='bbox 3215 832 3269 878; x_wconf 80' lang='lat' dir='ltr'><strong>et</strong></span> <span class='ocrx_word' id='word_1_290' title='bbox 3292 823 3488 878; x_wconf 88' lang='lat' dir='ltr'><strong>divites</strong></span> <span class='ocrx_word' id='word_1_291' title='bbox 3514 821 3690 876; x_wconf 88' lang='lat' dir='ltr'><strong>instar</strong></span> <span class='ocrx_word' id='word_1_292' title='bbox 3708 819 3839 875; x_wconf 89' lang='lat' dir='ltr'><strong>dco-</strong></span> 
     </span>
    </p>
   </div>
   <div class='ocr_carea' id='block_1_38' title="bbox 2261 913 3836 992">
    <p class='ocr_par' dir='ltr' id='par_1_38' title="bbox 2261 913 3836 992">
     <span class='ocr_line' id='line_1_38' title="bbox 2261 913 3836 992; baseline -0.006 -17"><span class='ocrx_word' id='word_1_293' title='bbox 2261 937 2383 976; x_wconf 81' lang='lat' dir='ltr'><strong>rum</strong></span> <span class='ocrx_word' id='word_1_294' title='bbox 2430 921 2649 992; x_wconf 82' lang='lat' dir='ltr'><strong>excipit,</strong></span> <span class='ocrx_word' id='word_1_295' title='bbox 2700 935 2968 990; x_wconf 84' lang='lat' dir='ltr'><strong>pauperes</strong></span> <span class='ocrx_word' id='word_1_296' title='bbox 3006 932 3138 973; x_wconf 85' lang='lat' dir='ltr'><strong>vero</strong></span> <span class='ocrx_word' id='word_1_297' title='bbox 3190 926 3450 986; x_wconf 80' lang='lat' dir='ltr'><strong>tanquam</strong></span> <span class='ocrx_word' id='word_1_298' title='bbox 3491 929 3599 968; x_wconf 92' lang='lat' dir='ltr'><strong>non</strong></span> <span class='ocrx_word' id='word_1_299' title='bbox 3628 913 3836 967; x_wconf 82' lang='lat' dir='ltr'><strong>haben-</strong></span> 
     </span>
    </p>
   </div>
   <div class='ocr_carea' id='block_1_39' title="bbox 2264 1004 3835 1081">
    <p class='ocr_par' dir='ltr' id='par_1_39' title="bbox 2264 1004 3835 1081">
     <span class='ocr_line' id='line_1_39' title="bbox 2264 1004 3835 1081; baseline -0.006 -14"><span class='ocrx_word' id='word_1_300' title='bbox 2264 1022 2345 1068; x_wconf 88' lang='lat' dir='ltr'><strong>tes</strong></span> <span class='ocrx_word' id='word_1_301' title='bbox 2364 1013 2526 1067; x_wconf 85' lang='lat' dir='ltr'><strong>deum</strong></span> <span class='ocrx_word' id='word_1_302' title='bbox 2550 1028 2710 1067; x_wconf 89' lang='lat' dir='ltr'><strong>suum</strong></span> <span class='ocrx_word' id='word_1_303' title='bbox 2747 1010 3050 1081; x_wconf 85' lang='lat' dir='ltr'><strong>vilipendit,</strong></span> <span class='ocrx_word' id='word_1_304' title='bbox 3099 1010 3188 1063; x_wconf 88' lang='lat' dir='ltr'><strong>hic</strong></span> <span class='ocrx_word' id='word_1_305' title='bbox 3216 1007 3501 1079; x_wconf 86' lang='lat' dir='ltr'><strong>pecuniam</strong></span> <span class='ocrx_word' id='word_1_306' title='bbox 3544 1006 3703 1061; x_wconf 91' lang='lat' dir='ltr'><strong>deum</strong></span> <span class='ocrx_word' id='word_1_307' title='bbox 3752 1004 3835 1059; x_wconf 76' lang='lat'><strong>{3--</strong></span> 
     </span>
    </p>
   </div>
   <div class='ocr_carea' id='block_1_40' title="bbox 2264 1099 3841 1175">
    <p class='ocr_par' dir='ltr' id='par_1_40' title="bbox 2264 1099 3841 1175">
     <span class='ocr_line' id='line_1_40' title="bbox 2264 1099 3841 1175; baseline -0.005 -16"><span class='ocrx_word' id='word_1_308' title='bbox 2264 1104 2356 1159; x_wconf 91' lang='lat' dir='ltr'><strong>cit.</strong></span> <span class='ocrx_word' id='word_1_309' title='bbox 2391 1102 2449 1158; x_wconf 92' lang='lat' dir='ltr'><strong>Si</strong></span> <span class='ocrx_word' id='word_1_310' title='bbox 2484 1104 2611 1175; x_wconf 86' lang='lat' dir='ltr'><strong>quis</strong></span> <span class='ocrx_word' id='word_1_311' title='bbox 2656 1103 2715 1159; x_wconf 91' lang='lat' dir='ltr'><strong>in</strong></span> <span class='ocrx_word' id='word_1_312' title='bbox 2768 1113 2915 1159; x_wconf 89' lang='lat' dir='ltr'><strong>terra</strong></span> <span class='ocrx_word' id='word_1_313' title='bbox 2976 1102 3094 1169; x_wconf 82' lang='lat' dir='ltr'><strong>Dei,</strong></span> <span class='ocrx_word' id='word_1_314' title='bbox 3152 1101 3395 1157; x_wconf 82' lang='lat' dir='ltr'><strong>Ecclesia</strong></span> <span class='ocrx_word' id='word_1_315' title='bbox 3446 1114 3660 1169; x_wconf 85' lang='lat' dir='ltr'><strong>nempe,</strong></span> <span class='ocrx_word' id='word_1_316' title='bbox 3709 1099 3841 1152; x_wconf 87' lang='lat' dir='ltr'><strong>deos</strong></span> 
     </span>
    </p>
   </div>
   <div class='ocr_carea' id='block_1_41' title="bbox 2265 1193 3842 1265">
    <p class='ocr_par' dir='ltr' id='par_1_41' title="bbox 2265 1193 3842 1265">
     <span class='ocr_line' id='line_1_41' title="bbox 2265 1193 3842 1265; baseline -0.003 -15"><span class='ocrx_word' id='word_1_317' title='bbox 2265 1197 2474 1253; x_wconf 86' lang='lat' dir='ltr'><strong>alienos</strong></span> <span class='ocrx_word' id='word_1_318' title='bbox 2496 1206 2788 1253; x_wconf 79' lang='lat' dir='ltr'><strong>veneratus</strong></span> <span class='ocrx_word' id='word_1_319' title='bbox 2819 1196 3004 1260; x_wconf 74' lang='lat' dir='ltr'><strong>fuerit,</strong></span> <span class='ocrx_word' id='word_1_320' title='bbox 3058 1195 3191 1252; x_wconf 85' lang='lat' dir='ltr'><strong>deos</strong></span> <span class='ocrx_word' id='word_1_321' title='bbox 3220 1196 3562 1252; x_wconf 89' lang='lat' dir='ltr'><strong>constituens</strong></span> <span class='ocrx_word' id='word_1_322' title='bbox 3589 1208 3710 1265; x_wconf 72' lang='lat' dir='ltr'><strong>quae</strong></span> <span class='ocrx_word' id='word_1_323' title='bbox 3740 1193 3842 1247; x_wconf 81' lang='lat' dir='ltr'><strong>ho-</strong></span> 
     </span>
    </p>
   </div>
   <div class='ocr_carea' id='block_1_42' title="bbox 2266 1284 3843 1360">
    <p class='ocr_par' dir='ltr' id='par_1_42' title="bbox 2266 1284 3843 1360">
     <span class='ocr_line' id='line_1_42' title="bbox 2266 1284 3843 1360; baseline -0.003 -17"><span class='ocrx_word' id='word_1_324' title='bbox 2266 1304 2402 1344; x_wconf 90' lang='lat' dir='ltr'><strong>nore</strong></span> <span class='ocrx_word' id='word_1_325' title='bbox 2440 1289 2628 1345; x_wconf 89' lang='lat' dir='ltr'><strong>divino</strong></span> <span class='ocrx_word' id='word_1_326' title='bbox 2656 1288 2876 1360; x_wconf 83' lang='lat' dir='ltr'><strong>indigna</strong></span> <span class='ocrx_word' id='word_1_327' title='bbox 2908 1297 3059 1351; x_wconf 88' lang='lat' dir='ltr'><strong>sunt,</strong></span> <span class='ocrx_word' id='word_1_328' title='bbox 3112 1288 3364 1358; x_wconf 84' lang='lat' dir='ltr'><strong>ejicietur</strong></span> <span class='ocrx_word' id='word_1_329' title='bbox 3400 1287 3454 1341; x_wconf 91' lang='lat' dir='ltr'><strong>in</strong></span> <span class='ocrx_word' id='word_1_330' title='bbox 3479 1297 3680 1341; x_wconf 86' lang='lat' dir='ltr'><strong>terram</strong></span> <span class='ocrx_word' id='word_1_331' title='bbox 3711 1284 3843 1339; x_wconf 82' lang='lat' dir='ltr'><strong>aiio-</strong></span> 
     </span>
    </p>
   </div>
   <div class='ocr_carea' id='block_1_43' title="bbox 2267 1374 3846 1449">
    <p class='ocr_par' dir='ltr' id='par_1_43' title="bbox 2267 1374 3846 1449">
     <span class='ocr_line' id='line_1_43' title="bbox 2267 1374 3846 1449; baseline -0.004 -17"><span class='ocrx_word' id='word_1_332' title='bbox 2267 1392 2415 1446; x_wconf 82' lang='lat' dir='ltr'><strong>nam,</strong></span> <span class='ocrx_word' id='word_1_333' title='bbox 2441 1386 2497 1433; x_wconf 88' lang='lat' dir='ltr'><strong>et</strong></span> <span class='ocrx_word' id='word_1_334' title='bbox 2526 1378 2715 1434; x_wconf 83' lang='lat' dir='ltr'><strong>adoret</strong></span> <span class='ocrx_word' id='word_1_335' title='bbox 2747 1378 2877 1434; x_wconf 89' lang='lat' dir='ltr'><strong>deos</strong></span> <span class='ocrx_word' id='word_1_336' title='bbox 2915 1392 3075 1449; x_wconf 88' lang='lat' dir='ltr'><strong>quos,</strong></span> <span class='ocrx_word' id='word_1_337' title='bbox 3105 1392 3229 1434; x_wconf 91' lang='lat' dir='ltr'><strong>cum</strong></span> <span class='ocrx_word' id='word_1_338' title='bbox 3266 1377 3413 1432; x_wconf 90' lang='lat' dir='ltr'><strong>intus</strong></span> <span class='ocrx_word' id='word_1_339' title='bbox 3435 1383 3601 1439; x_wconf 90' lang='lat' dir='ltr'><strong>esset,</strong></span> <span class='ocrx_word' id='word_1_340' title='bbox 3647 1374 3846 1429; x_wconf 80' lang='lat' dir='ltr'><strong>adora-</strong></span> 
     </span>
    </p>
   </div>
   <div class='ocr_carea' id='block_1_44' title="bbox 2267 1466 3845 1541">
    <p class='ocr_par' dir='ltr' id='par_1_44' title="bbox 2267 1466 3845 1541">
     <span class='ocr_line' id='line_1_44' title="bbox 2267 1466 3845 1541; baseline -0.003 -17"><span class='ocrx_word' id='word_1_341' title='bbox 2267 1478 2437 1526; x_wconf 84' lang='lat' dir='ltr'><strong>verat.</strong></span> <span class='ocrx_word' id='word_1_342' title='bbox 2471 1470 2635 1526; x_wconf 76' lang='lat' dir='ltr'><strong>Extra</strong></span> <span class='ocrx_word' id='word_1_343' title='bbox 2681 1469 2982 1527; x_wconf 85' lang='lat' dir='ltr'><strong>Ecelesiam</strong></span> <span class='ocrx_word' id='word_1_344' title='bbox 3016 1486 3216 1527; x_wconf 88' lang='lat' dir='ltr'><strong>avarus</strong></span> <span class='ocrx_word' id='word_1_345' title='bbox 3242 1469 3528 1541; x_wconf 73' lang='lat' dir='ltr'><strong>ejiciatur;</strong></span> <span class='ocrx_word' id='word_1_346' title='bbox 3552 1466 3701 1523; x_wconf 79' lang='lat' dir='ltr'><strong>foras</strong></span> <span class='ocrx_word' id='word_1_347' title='bbox 3727 1474 3845 1521; x_wconf 82' lang='lat' dir='ltr'><strong>esto</strong></span> 
     </span>
    </p>
   </div>
   <div class='ocr_carea' id='block_1_45' title="bbox 2268 1559 3843 1632">
    <p class='ocr_par' dir='ltr' id='par_1_45' title="bbox 2268 1559 3843 1632">
     <span class='ocr_line' id='line_1_45' title="bbox 2268 1559 3843 1632; baseline -0.002 -16"><span class='ocrx_word' id='word_1_348' title='bbox 2268 1562 2584 1632; x_wconf 86' lang='lat' dir='ltr'><strong>quicunque</strong></span> <span class='ocrx_word' id='word_1_349' title='bbox 2607 1564 2784 1619; x_wconf 86' lang='lat' dir='ltr'><strong>ventri</strong></span> <span class='ocrx_word' id='word_1_350' title='bbox 2801 1564 3018 1619; x_wconf 84' lang='lat' dir='ltr'><strong>deditus</strong></span> <span class='ocrx_word' id='word_1_351' title='bbox 3067 1571 3170 1618; x_wconf 87' lang='lat' dir='ltr'><strong>est.</strong></span> <span class='ocrx_word' id='word_1_352' title='bbox 3202 1562 3378 1632; x_wconf 84' lang='lat' dir='ltr'><strong>Atque</strong></span> <span class='ocrx_word' id='word_1_353' title='bbox 3403 1560 3517 1616; x_wconf 67' lang='lat' dir='ltr'><strong>haec</strong></span> <span class='ocrx_word' id='word_1_354' title='bbox 3542 1559 3843 1616; x_wconf 89' lang='lat' dir='ltr'><strong>secundum</strong></span> 
     </span>
    </p>
   </div>
   <div class='ocr_carea' id='block_1_46' title="bbox 2270 1652 3846 1724">
    <p class='ocr_par' dir='ltr' id='par_1_46' title="bbox 2270 1652 3846 1724">
     <span class='ocr_line' id='line_1_46' title="bbox 2270 1652 3846 1724; baseline -0.001 -18"><span class='ocrx_word' id='word_1_355' title='bbox 2270 1667 2438 1707; x_wconf 88' lang='lat' dir='ltr'><strong>unam</strong></span> <span class='ocrx_word' id='word_1_356' title='bbox 2465 1652 2672 1723; x_wconf 87' lang='lat' dir='ltr'><strong>tropice</strong></span> <span class='ocrx_word' id='word_1_357' title='bbox 2691 1654 2992 1710; x_wconf 83' lang='lat' dir='ltr'><strong>disserendi</strong></span> <span class='ocrx_word' id='word_1_358' title='bbox 3020 1656 3307 1718; x_wconf 89' lang='lat' dir='ltr'><strong>rationem,</strong></span> <span class='ocrx_word' id='word_1_359' title='bbox 3329 1669 3396 1708; x_wconf 88' lang='lat' dir='ltr'><strong>ne</strong></span> <span class='ocrx_word' id='word_1_360' title='bbox 3418 1667 3541 1724; x_wconf 72' lang='lat' dir='ltr'><strong>quae</strong></span> <span class='ocrx_word' id='word_1_361' title='bbox 3563 1666 3727 1722; x_wconf 81' lang='lat' dir='ltr'><strong>supra</strong></span> <span class='ocrx_word' id='word_1_362' title='bbox 3758 1664 3846 1706; x_wconf 91' lang='lat' dir='ltr'><strong>me</strong></span> 
     </span>
    </p>
   </div>
   <div class='ocr_carea' id='block_1_47' title="bbox 2272 1742 3846 1812">
    <p class='ocr_par' dir='ltr' id='par_1_47' title="bbox 2272 1742 3846 1812">
     <span class='ocr_line' id='line_1_47' title="bbox 2272 1742 3846 1812; baseline -0.003 -11"><span class='ocrx_word' id='word_1_363' title='bbox 2272 1752 2422 1810; x_wconf 85' lang='lat' dir='ltr'><strong>s’unt,</strong></span> <span class='ocrx_word' id='word_1_364' title='bbox 2448 1745 2722 1802; x_wconf 85' lang='lat' dir='ltr'><strong>curiosius</strong></span> <span class='ocrx_word' id='word_1_365' title='bbox 2752 1761 2900 1800; x_wconf 86' lang='lat' dir='ltr'><strong>nunc</strong></span> <span class='ocrx_word' id='word_1_366' title='bbox 2922 1754 3155 1812; x_wconf 89' lang='lat' dir='ltr'><strong>scruter,</strong></span> <span class='ocrx_word' id='word_1_367' title='bbox 3179 1745 3248 1801; x_wconf 90' lang='lat' dir='ltr'><strong>de</strong></span> <span class='ocrx_word' id='word_1_368' title='bbox 3296 1755 3440 1801; x_wconf 89' lang='lat' dir='ltr'><strong>terra</strong></span> <span class='ocrx_word' id='word_1_369' title='bbox 3483 1746 3742 1799; x_wconf 90' lang='lat' dir='ltr'><strong>nimirum</strong></span> <span class='ocrx_word' id='word_1_370' title='bbox 3777 1742 3846 1798; x_wconf 83' lang='lat' dir='ltr'><strong>de</strong></span> 
     </span>
    </p>
   </div>
   <div class='ocr_carea' id='block_1_48' title="bbox 2268 1836 3850 1908">
    <p class='ocr_par' dir='ltr' id='par_1_48' title="bbox 2268 1836 3850 1908">
     <span class='ocr_line' id='line_1_48' title="bbox 2268 1836 3850 1908; baseline 0.001 -17"><span class='ocrx_word' id='word_1_371' title='bbox 2268 1852 2377 1906; x_wconf 88' lang='lat' dir='ltr'><strong>qua</strong></span> <span class='ocrx_word' id='word_1_372' title='bbox 2393 1836 2642 1893; x_wconf 80' lang='lat' dir='ltr'><strong>Salvator</strong></span> <span class='ocrx_word' id='word_1_373' title='bbox 2663 1838 2773 1893; x_wconf 87' lang='lat' dir='ltr'><strong>ait:</strong></span> <span class='ocrx_word' id='word_1_374' title='bbox 2798 1836 2952 1904; x_wconf 76' lang='lat' dir='ltr'><strong>Quod</strong></span> <span class='ocrx_word' id='word_1_375' title='bbox 2980 1846 3219 1892; x_wconf 78' lang='lat' dir='ltr'><strong>nostrum</strong></span> <span class='ocrx_word' id='word_1_376' title='bbox 3233 1849 3333 1905; x_wconf 85' lang='lat' dir='ltr'><strong>est,</strong></span> <span class='ocrx_word' id='word_1_377' title='bbox 3359 1839 3477 1908; x_wconf 85' lang='lat' dir='ltr'><strong>quis</strong></span> <span class='ocrx_word' id='word_1_378' title='bbox 3494 1836 3641 1892; x_wconf 83' lang='lat' dir='ltr'><strong>dabit</strong></span> <span class='ocrx_word' id='word_1_379' title='bbox 3666 1836 3808 1891; x_wconf 77' lang='lat' dir='ltr'><strong>vobis</strong></span> <span class='ocrx_word' id='word_1_380' title='bbox 3823 1837 3850 1892; x_wconf 70' lang='grc'><em>2</em></span> 
     </span>
    </p>
   </div>
   <div class='ocr_carea' id='block_1_49' title="bbox 2267 1926 3849 2000">
    <p class='ocr_par' dir='ltr' id='par_1_49' title="bbox 2267 1926 3849 2000">
     <span class='ocr_line' id='line_1_49' title="bbox 2267 1926 3849 2000; baseline -0.001 -18"><span class='ocrx_word' id='word_1_381' title='bbox 2267 1926 2397 1991; x_wconf 86' lang='lat' dir='ltr'><strong>Item</strong></span> <span class='ocrx_word' id='word_1_382' title='bbox 2416 1944 2515 1984; x_wconf 89' lang='lat' dir='ltr'><strong>cur</strong></span> <span class='ocrx_word' id='word_1_383' title='bbox 2530 1929 2619 1984; x_wconf 88' lang='lat' dir='ltr'><strong>uhi</strong></span> <span class='ocrx_word' id='word_1_384' title='bbox 2640 1930 2852 1985; x_wconf 85' lang='lat' dir='ltr'><strong>alienus</strong></span> <span class='ocrx_word' id='word_1_385' title='bbox 2863 1928 3135 2000; x_wconf 87' lang='lat' dir='ltr'><strong>quispiam</strong></span> <span class='ocrx_word' id='word_1_386' title='bbox 3153 1930 3409 1983; x_wconf 89' lang='lat' dir='ltr'><strong>adoratus</strong></span> <span class='ocrx_word' id='word_1_387' title='bbox 3421 1936 3503 1982; x_wconf 90' lang='lat' dir='ltr'><strong>cst</strong></span> <span class='ocrx_word' id='word_1_388' title='bbox 3520 1927 3572 1981; x_wconf 92' lang='lat' dir='ltr'><strong>iu</strong></span> <span class='ocrx_word' id='word_1_389' title='bbox 3591 1936 3754 1990; x_wconf 89' lang='lat' dir='ltr'><strong>terra,</strong></span> <span class='ocrx_word' id='word_1_390' title='bbox 3774 1927 3849 1981; x_wconf 81' lang='lat' dir='ltr'><strong>ita</strong></span> 
     </span>
    </p>
   </div>
   <div class='ocr_carea' id='block_1_50' title="bbox 2270 2019 3847 2094">
    <p class='ocr_par' dir='ltr' id='par_1_50' title="bbox 2270 2019 3847 2094">
     <span class='ocr_line' id='line_1_50' title="bbox 2270 2019 3847 2094; baseline 0 -19"><span class='ocrx_word' id='word_1_391' title='bbox 2270 2020 2414 2078; x_wconf 86' lang='lat' dir='ltr'><strong>Deus</strong></span> <span class='ocrx_word' id='word_1_392' title='bbox 2435 2022 2705 2079; x_wconf 87' lang='lat' dir='ltr'><strong>ordinarit</strong></span> <span class='ocrx_word' id='word_1_393' title='bbox 2725 2024 2850 2094; x_wconf 86' lang='lat' dir='ltr'><strong>ejici</strong></span> <span class='ocrx_word' id='word_1_394' title='bbox 2875 2022 3169 2079; x_wconf 87' lang='lat' dir='ltr'><strong>nonnullos</strong></span> <span class='ocrx_word' id='word_1_395' title='bbox 3193 2033 3225 2072; x_wconf 75' lang='grc' dir='ltr'><strong>θ</strong></span> <span class='ocrx_word' id='word_1_396' title='bbox 3254 2032 3396 2079; x_wconf 85' lang='lat' dir='ltr'><strong>terra</strong></span> <span class='ocrx_word' id='word_1_397' title='bbox 3418 2028 3605 2086; x_wconf 89' lang='lat' dir='ltr'><strong>sua,et</strong></span> <span class='ocrx_word' id='word_1_398' title='bbox 3624 2020 3774 2075; x_wconf 87' lang='lat' dir='ltr'><strong>abire</strong></span> <span class='ocrx_word' id='word_1_399' title='bbox 3794 2019 3847 2075; x_wconf 92' lang='lat' dir='ltr'><strong>in</strong></span> 
     </span>
    </p>
   </div>
   <div class='ocr_carea' id='block_1_51' title="bbox 2266 2108 3851 2184">
    <p class='ocr_par' dir='ltr' id='par_1_51' title="bbox 2266 2108 3851 2184">
     <span class='ocr_line' id='line_1_51' title="bbox 2266 2108 3851 2184; baseline -0.003 -17"><span class='ocrx_word' id='word_1_400' title='bbox 2266 2122 2468 2169; x_wconf 87' lang='lat' dir='ltr'><strong>terram</strong></span> <span class='ocrx_word' id='word_1_401' title='bbox 2489 2112 2724 2184; x_wconf 72' lang='lat' dir='ltr'><strong>169de</strong></span> <span class='ocrx_word' id='word_1_402' title='bbox 2735 2120 2851 2184; x_wconf 65' lang='lat' dir='ltr'><strong>qua</strong></span> <span class='ocrx_word' id='word_1_403' title='bbox 2859 2113 3124 2184; x_wconf 89' lang='lat' dir='ltr'><strong>scriptum</strong></span> <span class='ocrx_word' id='word_1_404' title='bbox 3140 2121 3224 2169; x_wconf 89' lang='lat' dir='ltr'><strong>est</strong></span> <span class='ocrx_word' id='word_1_405' title='bbox 3237 2109 3279 2145; x_wconf 81' lang='grc'><strong>⁸⁷</strong></span> <span class='ocrx_word' id='word_1_406' title='bbox 3299 2129 3313 2166; x_wconf 92' lang='lat'><strong>:</strong></span> <span class='ocrx_word' id='word_1_407' title='bbox 3330 2110 3492 2178; x_wconf 74' lang='lat' dir='ltr'><strong>Audi,</strong></span> <span class='ocrx_word' id='word_1_408' title='bbox 3505 2108 3679 2165; x_wconf 75' lang='lat' dir='ltr'><strong>Israel</strong></span> <span class='ocrx_word' id='word_1_409' title='bbox 3691 2125 3710 2163; x_wconf 92' lang='lat'><strong><em>:</em></strong></span> <span class='ocrx_word' id='word_1_410' title='bbox 3721 2108 3851 2181; x_wconf 85' lang='lat' dir='ltr'><strong>quid</strong></span> 
     </span>
    </p>
   </div>
   <div class='ocr_carea' id='block_1_52' title="bbox 2264 2210 3835 2281">
    <p class='ocr_par' dir='ltr' id='par_1_52' title="bbox 2264 2210 3835 2281">
     <span class='ocr_line' id='line_1_52' title="bbox 2264 2210 3835 2281; baseline -0.001 -20"><span class='ocrx_word' id='word_1_411' title='bbox 2264 2216 2341 2261; x_wconf 83' lang='lat' dir='ltr'><strong>est</strong></span> <span class='ocrx_word' id='word_1_412' title='bbox 2369 2210 2510 2281; x_wconf 72' lang='lat' dir='ltr'><strong>quod</strong></span> <span class='ocrx_word' id='word_1_413' title='bbox 2542 2210 2599 2264; x_wconf 85' lang='lat' dir='ltr'><strong>in</strong></span> <span class='ocrx_word' id='word_1_414' title='bbox 2621 2218 2763 2264; x_wconf 86' lang='lat' dir='ltr'><strong>terra</strong></span> <span class='ocrx_word' id='word_1_415' title='bbox 2790 2210 3129 2264; x_wconf 79' lang='lat' dir='ltr'><strong>inimicorum</strong></span> <span class='ocrx_word' id='word_1_416' title='bbox 3151 2225 3204 2264; x_wconf 87' lang='lat' dir='ltr'><strong>es</strong></span> <span class='ocrx_word' id='word_1_417' title='bbox 3223 2210 3249 2264; x_wconf 76' lang='lat'><strong>.7</strong></span> <span class='ocrx_word' id='word_1_418' title='bbox 3276 2217 3606 2277; x_wconf 61' lang='lat' dir='ltr'><strong>computatur:</strong></span> <span class='ocrx_word' id='word_1_419' title='bbox 3630 2224 3683 2263; x_wconf 83' lang='lat' dir='ltr'><strong>es</strong></span> <span class='ocrx_word' id='word_1_420' title='bbox 3715 2224 3835 2262; x_wconf 81' lang='lat' dir='ltr'><strong>cum</strong></span> 
     </span>
    </p>
   </div>
   <div class='ocr_carea' id='block_1_53' title="bbox 2269 2300 3852 2372">
    <p class='ocr_par' dir='ltr' id='par_1_53' title="bbox 2269 2300 3852 2372">
     <span class='ocr_line' id='line_1_53' title="bbox 2269 2300 3852 2372; baseline -0.001 -18"><span class='ocrx_word' id='word_1_421' title='bbox 2269 2301 2709 2358; x_wconf 77' lang='lat' dir='ltr'><strong>descendentibus</strong></span> <span class='ocrx_word' id='word_1_422' title='bbox 2739 2303 2796 2356; x_wconf 85' lang='lat' dir='ltr'><strong>in</strong></span> <span class='ocrx_word' id='word_1_423' title='bbox 2826 2303 3091 2372; x_wconf 69' lang='lat' dir='ltr'><strong>internum</strong></span> <span class='ocrx_word' id='word_1_424' title='bbox 3122 2316 3142 2358; x_wconf 88' lang='lat'><strong><em>:</em></strong></span> <span class='ocrx_word' id='word_1_425' title='bbox 3174 2301 3505 2372; x_wconf 74' lang='lat' dir='ltr'><strong>dereliquisti</strong></span> <span class='ocrx_word' id='word_1_426' title='bbox 3537 2301 3737 2370; x_wconf 76' lang='lat' dir='ltr'><strong>fantem</strong></span> <span class='ocrx_word' id='word_1_427' title='bbox 3766 2300 3852 2353; x_wconf 78' lang='lat' dir='ltr'><strong>oi-</strong></span> 
     </span>
    </p>
   </div>
   <div class='ocr_carea' id='block_1_54' title="bbox 2271 2391 3848 2460">
    <p class='ocr_par' dir='ltr' id='par_1_54' title="bbox 2271 2391 3848 2460">
     <span class='ocr_line' id='line_1_54' title="bbox 2271 2391 3848 2460; baseline -0.002 -12"><span class='ocrx_word' id='word_1_428' title='bbox 2271 2404 2337 2449; x_wconf 66' lang='lat' dir='ltr'><strong>taz</strong></span> <span class='ocrx_word' id='word_1_429' title='bbox 2365 2393 2654 2449; x_wconf 76' lang='lat' dir='ltr'><strong>Dominum</strong></span> <span class='ocrx_word' id='word_1_430' title='bbox 2682 2410 2702 2449; x_wconf 90' lang='lat'><strong><em>:</em></strong></span> <span class='ocrx_word' id='word_1_431' title='bbox 2734 2395 2791 2449; x_wconf 82' lang='lat' dir='ltr'><strong>in</strong></span> <span class='ocrx_word' id='word_1_432' title='bbox 2820 2394 2906 2448; x_wconf 71' lang='lat' dir='ltr'><strong>via</strong></span> <span class='ocrx_word' id='word_1_433' title='bbox 2936 2393 3034 2449; x_wconf 87' lang='lat' dir='ltr'><strong>Dei</strong></span> <span class='ocrx_word' id='word_1_434' title='bbox 3062 2395 3110 2449; x_wconf 84' lang='lat' dir='ltr'><strong>si</strong></span> <span class='ocrx_word' id='word_1_435' title='bbox 3144 2393 3502 2460; x_wconf 80' lang='lat' dir='ltr'><strong>antbulasses,</strong></span> <span class='ocrx_word' id='word_1_436' title='bbox 3552 2391 3848 2447; x_wconf 76' lang='lat' dir='ltr'><strong>habitasees</strong></span> 
     </span>
    </p>
   </div>
   <div class='ocr_carea' id='block_1_55' title="bbox 2270 2482 3852 2556">
    <p class='ocr_par' dir='ltr' id='par_1_55' title="bbox 2270 2482 3852 2556">
     <span class='ocr_line' id='line_1_55' title="bbox 2270 2482 3852 2556; baseline -0.001 -16"><span class='ocrx_word' id='word_1_437' title='bbox 2270 2487 2452 2556; x_wconf 78' lang='lat' dir='ltr'><strong>utique</strong></span> <span class='ocrx_word' id='word_1_438' title='bbox 2477 2487 2530 2541; x_wconf 90' lang='lat' dir='ltr'><strong>in</strong></span> <span class='ocrx_word' id='word_1_439' title='bbox 2551 2503 2681 2553; x_wconf 86' lang='lat' dir='ltr'><strong>pace</strong></span> <span class='ocrx_word' id='word_1_440' title='bbox 2698 2486 2761 2540; x_wconf 84' lang='lat' dir='ltr'><strong>in</strong></span> <span class='ocrx_word' id='word_1_441' title='bbox 2781 2484 3053 2542; x_wconf 68' lang='lat' dir='ltr'><strong>saeculum.</strong></span> <span class='ocrx_word' id='word_1_442' title='bbox 3077 2482 3235 2540; x_wconf 87' lang='lat' dir='ltr'><strong>Nunc</strong></span> <span class='ocrx_word' id='word_1_443' title='bbox 3263 2485 3427 2555; x_wconf 85' lang='lat' dir='ltr'><strong>igitur</strong></span> <span class='ocrx_word' id='word_1_444' title='bbox 3457 2484 3512 2538; x_wconf 88' lang='lat' dir='ltr'><strong>in</strong></span> <span class='ocrx_word' id='word_1_445' title='bbox 3540 2492 3686 2539; x_wconf 87' lang='lat' dir='ltr'><strong>terra</strong></span> <span class='ocrx_word' id='word_1_446' title='bbox 3716 2483 3852 2538; x_wconf 83' lang='lat' dir='ltr'><strong>alic-</strong></span> 
     </span>
    </p>
   </div>
   <div class='ocr_carea' id='block_1_56' title="bbox 2272 2572 3852 2644">
    <p class='ocr_par' dir='ltr' id='par_1_56' title="bbox 2272 2572 3852 2644">
     <span class='ocr_line' id='line_1_56' title="bbox 2272 2572 3852 2644; baseline -0.004 -10"><span class='ocrx_word' id='word_1_447' title='bbox 2272 2595 2341 2635; x_wconf 87' lang='lat' dir='ltr'><strong>na</strong></span> <span class='ocrx_word' id='word_1_448' title='bbox 2368 2593 2585 2644; x_wconf 85' lang='lat' dir='ltr'><strong>sumus,</strong></span> <span class='ocrx_word' id='word_1_449' title='bbox 2609 2587 2665 2633; x_wconf 89' lang='lat' dir='ltr'><strong>et</strong></span> <span class='ocrx_word' id='word_1_450' title='bbox 2687 2576 3026 2633; x_wconf 87' lang='lat' dir='ltr'><strong>contrarium</strong></span> <span class='ocrx_word' id='word_1_451' title='bbox 3061 2591 3127 2632; x_wconf 86' lang='lat' dir='ltr'><strong>ac</strong></span> <span class='ocrx_word' id='word_1_452' title='bbox 3151 2577 3246 2632; x_wconf 83' lang='lat' dir='ltr'><strong>ﬁlii</strong></span> <span class='ocrx_word' id='word_1_453' title='bbox 3273 2572 3441 2631; x_wconf 76' lang='lat' dir='ltr'><strong>ist-ae!</strong></span> <span class='ocrx_word' id='word_1_454' title='bbox 3471 2576 3525 2630; x_wconf 90' lang='lat' dir='ltr'><strong>in</strong></span> <span class='ocrx_word' id='word_1_455' title='bbox 3555 2583 3699 2630; x_wconf 85' lang='lat' dir='ltr'><strong>terra</strong></span> <span class='ocrx_word' id='word_1_456' title='bbox 3723 2590 3852 2630; x_wconf 86' lang='lat' dir='ltr'><strong>san-</strong></span> 
     </span>
    </p>
   </div>
   <div class='ocr_carea' id='block_1_57' title="bbox 2270 2667 3850 2742">
    <p class='ocr_par' dir='ltr' id='par_1_57' title="bbox 2270 2667 3850 2742">
     <span class='ocr_line' id='line_1_57' title="bbox 2270 2667 3850 2742; baseline -0.006 -13"><span class='ocrx_word' id='word_1_457' title='bbox 2270 2680 2358 2729; x_wconf 88' lang='lat' dir='ltr'><strong>cta</strong></span> <span class='ocrx_word' id='word_1_458' title='bbox 2396 2671 2678 2737; x_wconf 80' lang='lat' dir='ltr'><strong>iecerunt,</strong></span> <span class='ocrx_word' id='word_1_459' title='bbox 2727 2685 2889 2742; x_wconf 88' lang='lat' dir='ltr'><strong>agere</strong></span> <span class='ocrx_word' id='word_1_460' title='bbox 2934 2669 3211 2740; x_wconf 78' lang='lat' dir='ltr'><strong>cupimus.</strong></span> <span class='ocrx_word' id='word_1_461' title='bbox 3275 2667 3355 2723; x_wconf 89' lang='lat' dir='ltr'><strong>Illi</strong></span> <span class='ocrx_word' id='word_1_462' title='bbox 3395 2668 3538 2723; x_wconf 89' lang='lat' dir='ltr'><strong>enim</strong></span> <span class='ocrx_word' id='word_1_463' title='bbox 3587 2667 3763 2721; x_wconf 74' lang='lat' dir='ltr'><strong>aliena</strong></span> <span class='ocrx_word' id='word_1_464' title='bbox 3794 2667 3850 2721; x_wconf 86' lang='lat' dir='ltr'><strong>in</strong></span> 
     </span>
    </p>
   </div>
   <div class='ocr_carea' id='block_1_58' title="bbox 2270 2759 3849 2827">
    <p class='ocr_par' dir='ltr' id='par_1_58' title="bbox 2270 2759 3849 2827">
     <span class='ocr_line' id='line_1_58' title="bbox 2270 2759 3849 2827; baseline -0.004 -8"><span class='ocrx_word' id='word_1_465' title='bbox 2270 2772 2413 2819; x_wconf 87' lang='lat' dir='ltr'><strong>terra</strong></span> <span class='ocrx_word' id='word_1_466' title='bbox 2440 2772 2626 2819; x_wconf 89' lang='lat' dir='ltr'><strong>sancta</strong></span> <span class='ocrx_word' id='word_1_467' title='bbox 2656 2762 2925 2827; x_wconf 82' lang='lat' dir='ltr'><strong>fecerunt,</strong></span> <span class='ocrx_word' id='word_1_468' title='bbox 2950 2761 3160 2816; x_wconf 80' lang='lat' dir='ltr'><strong>alienos</strong></span> <span class='ocrx_word' id='word_1_469' title='bbox 3184 2759 3513 2826; x_wconf 81' lang='lat' dir='ltr'><strong>adorarunt,</strong></span> <span class='ocrx_word' id='word_1_470' title='bbox 3540 2774 3642 2815; x_wconf 85' lang='lat' dir='ltr'><strong>nos</strong></span> <span class='ocrx_word' id='word_1_471' title='bbox 3668 2767 3849 2814; x_wconf 86' lang='lat' dir='ltr'><strong>autem</strong></span> 
     </span>
    </p>
   </div>
   <div class='ocr_carea' id='block_1_59' title="bbox 2269 2851 3847 2915">
    <p class='ocr_par' dir='ltr' id='par_1_59' title="bbox 2269 2851 3847 2915">
     <span class='ocr_line' id='line_1_59' title="bbox 2269 2851 3847 2915; baseline -0.003 -4"><span class='ocrx_word' id='word_1_472' title='bbox 2269 2855 2324 2911; x_wconf 87' lang='lat' dir='ltr'><strong>in</strong></span> <span class='ocrx_word' id='word_1_473' title='bbox 2363 2855 2541 2911; x_wconf 81' lang='lat' dir='ltr'><strong>aliena</strong></span> <span class='ocrx_word' id='word_1_474' title='bbox 2574 2864 2718 2910; x_wconf 86' lang='lat' dir='ltr'><strong>terra</strong></span> <span class='ocrx_word' id='word_1_475' title='bbox 2765 2854 3006 2910; x_wconf 83' lang='lat' dir='ltr'><strong>alienum</strong></span> <span class='ocrx_word' id='word_1_476' title='bbox 3051 2869 3083 2909; x_wconf 91' lang='lat' dir='ltr'><strong>a</strong></span> <span class='ocrx_word' id='word_1_477' title='bbox 3125 2862 3270 2910; x_wconf 85' lang='lat' dir='ltr'><strong>terra</strong></span> <span class='ocrx_word' id='word_1_478' title='bbox 3307 2853 3601 2907; x_wconf 82' lang='lat' dir='ltr'><strong>adoramus</strong></span> <span class='ocrx_word' id='word_1_479' title='bbox 3654 2851 3847 2915; x_wconf 82' lang='lat' dir='ltr'><strong>Deum,</strong></span> 
     </span>
    </p>
   </div>
   <div class='ocr_carea' id='block_1_60' title="bbox 2269 2945 3852 3020">
    <p class='ocr_par' dir='ltr' id='par_1_60' title="bbox 2269 2945 3852 3020">
     <span class='ocr_line' id='line_1_60' title="bbox 2269 2945 3852 3020; baseline -0.004 -14"><span class='ocrx_word' id='word_1_480' title='bbox 2269 2950 2510 3006; x_wconf 83' lang='lat' dir='ltr'><strong>alienum</strong></span> <span class='ocrx_word' id='word_1_481' title='bbox 2539 2964 2570 3004; x_wconf 88' lang='lat' dir='ltr'><strong>a</strong></span> <span class='ocrx_word' id='word_1_482' title='bbox 2595 2947 2829 3020; x_wconf 84' lang='lat' dir='ltr'><strong>negotiis</strong></span> <span class='ocrx_word' id='word_1_483' title='bbox 2856 2947 3120 3013; x_wconf 85' lang='lat' dir='ltr'><strong>terrenis;</strong></span> <span class='ocrx_word' id='word_1_484' title='bbox 3158 2945 3472 3002; x_wconf 82' lang='lat' dir='ltr'><strong>dominatur</strong></span> <span class='ocrx_word' id='word_1_485' title='bbox 3499 2959 3734 3015; x_wconf 82' lang='lat' dir='ltr'><strong>namque</strong></span> <span class='ocrx_word' id='word_1_486' title='bbox 3762 2945 3852 3000; x_wconf 87' lang='lat' dir='ltr'><strong>hic</strong></span> 
     </span>
    </p>
   </div>
   <div class='ocr_carea' id='block_1_61' title="bbox 2267 3037 3853 3113">
    <p class='ocr_par' dir='ltr' id='par_1_61' title="bbox 2267 3037 3853 3113">
     <span class='ocr_line' id='line_1_61' title="bbox 2267 3037 3853 3113; baseline -0.004 -16"><span class='ocrx_word' id='word_1_487' title='bbox 2267 3043 2526 3113; x_wconf 86' lang='lat' dir='ltr'><strong>princeps</strong></span> <span class='ocrx_word' id='word_1_488' title='bbox 2573 3041 2739 3112; x_wconf 86' lang='lat' dir='ltr'><strong>hujus</strong></span> <span class='ocrx_word' id='word_1_489' title='bbox 2777 3037 2966 3095; x_wconf 79' lang='lat' dir='ltr'><strong>saeculi</strong></span> <span class='ocrx_word' id='word_1_490' title='bbox 3002 3046 3059 3094; x_wconf 92' lang='lat' dir='ltr'><strong>et</strong></span> <span class='ocrx_word' id='word_1_491' title='bbox 3084 3039 3154 3094; x_wconf 89' lang='lat' dir='ltr'><strong>ab</strong></span> <span class='ocrx_word' id='word_1_492' title='bbox 3178 3038 3325 3094; x_wconf 87' lang='lat' dir='ltr'><strong>illius</strong></span> <span class='ocrx_word' id='word_1_493' title='bbox 3369 3037 3494 3094; x_wconf 87' lang='lat' dir='ltr'><strong>tlliis</strong></span> <span class='ocrx_word' id='word_1_494' title='bbox 3522 3037 3734 3093; x_wconf 72' lang='lat' dir='ltr'><strong>alienus</strong></span> <span class='ocrx_word' id='word_1_495' title='bbox 3766 3045 3853 3093; x_wconf 78' lang='lat' dir='ltr'><strong>est</strong></span> 
     </span>
    </p>
   </div>
   <div class='ocr_carea' id='block_1_62' title="bbox 578 3118 2164 3236">
    <p class='ocr_par' dir='ltr' id='par_1_62' title="bbox 578 3118 2160 3236">
     <span class='ocr_line' id='line_1_62' title="bbox 578 3118 2160 3201; baseline 0.004 -27"><span class='ocrx_word' id='word_1_496' title='bbox 578 3118 881 3191; x_wconf 72' lang='grc' dir='ltr'>ἀλλοτρίοις</span> <span class='ocrx_word' id='word_1_497' title='bbox 902 3118 1318 3192; x_wconf 73' lang='grc' dir='ltr'>προσεκύνησαν</span> <span class='ocrx_word' id='word_1_498' title='bbox 1336 3121 1434 3194; x_wconf 80' lang='grc'><strong>(5)·</strong></span> <span class='ocrx_word' id='word_1_499' title='bbox 1459 3122 1619 3195; x_wconf 77' lang='grc' dir='ltr'>ἡμεῖς</span> <span class='ocrx_word' id='word_1_500' title='bbox 1640 3123 1697 3178; x_wconf 84' lang='grc' dir='ltr'><strong>δὲ</strong></span> <span class='ocrx_word' id='word_1_501' title='bbox 1730 3126 1790 3179; x_wconf 77' lang='grc' dir='ltr'>ὲν</span> <span class='ocrx_word' id='word_1_502' title='bbox 1812 3125 2069 3199; x_wconf 76' lang='grc' dir='ltr'>ἀλλοτρίᾳ</span> <span class='ocrx_word' id='word_1_503' title='bbox 2091 3124 2160 3201; x_wconf 76' lang='grc' dir='ltr'>γῇ</span> 
     </span>
     <span class='ocr_line' id='line_1_63' title="bbox 578 3209 2158 3236; baseline 0.004 -2"><span class='ocrx_word' id='word_1_504' title='bbox 578 3210 667 3236; x_wconf 64' lang='grc' dir='ltr'><strong>,ιη</strong></span> <span class='ocrx_word' id='word_1_505' title='bbox 700 3209 974 3236; x_wconf 61' lang='grc' dir='ltr'><strong>ιππιυηη</strong></span> <span class='ocrx_word' id='word_1_506' title='bbox 1003 3210 1103 3236; x_wconf 54' lang='lat'><strong>.5-</strong></span> <span class='ocrx_word' id='word_1_507' title='bbox 1128 3210 1232 3236; x_wconf 62' lang='lat'><strong>“:1-</strong></span> <span class='ocrx_word' id='word_1_508' title='bbox 1264 3211 1674 3236; x_wconf 70' lang='lat'><strong>_-__---.-.-:-.-.--.</strong></span> <span class='ocrx_word' id='word_1_509' title='bbox 1705 3213 1837 3236; x_wconf 62' lang='grc' dir='ltr'>κω-.</span> <span class='ocrx_word' id='word_1_510' title='bbox 1888 3214 2070 3236; x_wconf 43' lang='grc' dir='ltr'><strong>μυ--</strong></span> <span class='ocrx_word' id='word_1_511' title='bbox 2111 3235 2121 3236; x_wconf 33' lang='grc' dir='ltr'><em>κ</em></span> <span class='ocrx_word' id='word_1_512' title='bbox 2154 3235 2158 3236; x_wconf 33' lang='grc' dir='ltr'><em>κ</em></span> 
     </span>
    </p>
   </div>
   <div class='ocr_carea' id='block_1_63' title="bbox 2266 3118 3848 3236">
    <p class='ocr_par' dir='ltr' id='par_1_63' title="bbox 2272 3129 3848 3199">
     <span class='ocr_line' id='line_1_64' title="bbox 2272 3129 3848 3199; baseline -0.004 -10"><span class='ocrx_word' id='word_1_513' title='bbox 2272 3131 2438 3189; x_wconf 84' lang='lat' dir='ltr'><strong>Deus.</strong></span> <span class='ocrx_word' id='word_1_514' title='bbox 2479 3131 2616 3188; x_wconf 87' lang='lat' dir='ltr'><strong>Cum</strong></span> <span class='ocrx_word' id='word_1_515' title='bbox 2641 3140 2826 3188; x_wconf 87' lang='lat' dir='ltr'><strong>autem</strong></span> <span class='ocrx_word' id='word_1_516' title='bbox 2849 3130 2977 3188; x_wconf 88' lang='lat' dir='ltr'><strong>dico</strong></span> <span class='ocrx_word' id='word_1_517' title='bbox 2998 3130 3262 3198; x_wconf 88' lang='lat' dir='ltr'><strong>alienum,</strong></span> <span class='ocrx_word' id='word_1_518' title='bbox 3289 3146 3398 3185; x_wconf 88' lang='lat' dir='ltr'><strong>non</strong></span> <span class='ocrx_word' id='word_1_519' title='bbox 3424 3129 3529 3185; x_wconf 87' lang='lat' dir='ltr'><strong>hoc</strong></span> <span class='ocrx_word' id='word_1_520' title='bbox 3550 3130 3672 3185; x_wconf 88' lang='lat' dir='ltr'><strong>dico</strong></span> <span class='ocrx_word' id='word_1_521' title='bbox 3691 3129 3848 3199; x_wconf 85' lang='lat' dir='ltr'><strong>quasi</strong></span> 
     </span>
    </p>
   </div>
   <div class='ocr_carea' id='block_1_64' title="bbox 576 3209 2164 3292">
    <p class='ocr_par' dir='ltr' id='par_1_64' title="bbox 576 3209 2160 3290">
     <span class='ocr_line' id='line_1_65' title="bbox 576 3209 2160 3290; baseline 0.004 -25"><span class='ocrx_word' id='word_1_522' title='bbox 576 3210 667 3265; x_wconf 81' lang='grc' dir='ltr'><strong>τὸν</strong></span> <span class='ocrx_word' id='word_1_523' title='bbox 696 3209 974 3283; x_wconf 88' lang='grc' dir='ltr'>ἀλλότριον</span> <span class='ocrx_word' id='word_1_524' title='bbox 1001 3210 1103 3282; x_wconf 81' lang='grc' dir='ltr'>τῆς</span> <span class='ocrx_word' id='word_1_525' title='bbox 1128 3210 1232 3282; x_wconf 79' lang='grc' dir='ltr'>γῆς</span> <span class='ocrx_word' id='word_1_526' title='bbox 1263 3211 1675 3285; x_wconf 82' lang='grc' dir='ltr'>προσκυνοῦμεν</span> <span class='ocrx_word' id='word_1_527' title='bbox 1705 3213 1857 3280; x_wconf 82' lang='grc' dir='ltr'>Θεὸν,</span> <span class='ocrx_word' id='word_1_528' title='bbox 1881 3214 2160 3290; x_wconf 88' lang='grc' dir='ltr'>ἀλλότριον</span> 
     </span>
    </p>
   </div>
   <div class='ocr_carea' id='block_1_65' title="bbox 2266 3209 3850 3292">
    <p class='ocr_par' dir='ltr' id='par_1_65' title="bbox 2266 3219 3850 3292">
     <span class='ocr_line' id='line_1_66' title="bbox 2266 3219 3850 3292; baseline -0.003 -11"><span class='ocrx_word' id='word_1_529' title='bbox 2266 3225 2533 3283; x_wconf 91' lang='lat' dir='ltr'><strong>mundum</strong></span> <span class='ocrx_word' id='word_1_530' title='bbox 2569 3240 2679 3281; x_wconf 87' lang='lat' dir='ltr'><strong>non</strong></span> <span class='ocrx_word' id='word_1_531' title='bbox 2706 3224 2996 3292; x_wconf 88' lang='lat' dir='ltr'><strong>creaverit,</strong></span> <span class='ocrx_word' id='word_1_532' title='bbox 3030 3224 3124 3281; x_wconf 84' lang='lat' dir='ltr'><strong>sed</strong></span> <span class='ocrx_word' id='word_1_533' title='bbox 3155 3223 3393 3280; x_wconf 86' lang='lat' dir='ltr'><strong>alienum</strong></span> <span class='ocrx_word' id='word_1_534' title='bbox 3422 3238 3452 3277; x_wconf 84' lang='lat' dir='ltr'><strong>a</strong></span> <span class='ocrx_word' id='word_1_535' title='bbox 3487 3222 3712 3278; x_wconf 88' lang='lat' dir='ltr'><strong>domino</strong></span> <span class='ocrx_word' id='word_1_536' title='bbox 3740 3219 3850 3277; x_wconf 86' lang='lat' dir='ltr'><strong>inl-</strong></span> 
     </span>
    </p>
   </div>
   <div class='ocr_carea' id='block_1_66' title="bbox 574 3301 2162 3382">
    <p class='ocr_par' dir='ltr' id='par_1_66' title="bbox 574 3301 2162 3382">
     <span class='ocr_line' id='line_1_67' title="bbox 574 3301 2162 3382; baseline 0.006 -26"><span class='ocrx_word' id='word_1_537' title='bbox 574 3301 682 3357; x_wconf 84' lang='grc' dir='ltr'><strong>τῶν</strong></span> <span class='ocrx_word' id='word_1_538' title='bbox 702 3302 796 3356; x_wconf 71' lang='grc' dir='ltr'><strong>ἐπὶ</strong></span> <span class='ocrx_word' id='word_1_539' title='bbox 820 3301 923 3374; x_wconf 83' lang='grc' dir='ltr'>τῆς</span> <span class='ocrx_word' id='word_1_540' title='bbox 945 3304 1047 3375; x_wconf 83' lang='grc' dir='ltr'>γῆς</span> <span class='ocrx_word' id='word_1_541' title='bbox 1070 3303 1433 3375; x_wconf 58' lang='grc' dir='ltr'>πραγμάτων</span> <span class='ocrx_word' id='word_1_542' title='bbox 1459 3304 1616 3379; x_wconf 77' lang='grc' dir='ltr'>ἄρχει</span> <span class='ocrx_word' id='word_1_543' title='bbox 1646 3306 1745 3378; x_wconf 79' lang='grc' dir='ltr'>μὲν</span> <span class='ocrx_word' id='word_1_544' title='bbox 1775 3306 1885 3380; x_wconf 84' lang='grc' dir='ltr'>γὰρ</span> <span class='ocrx_word' id='word_1_545' title='bbox 1916 3308 1945 3361; x_wconf 82' lang='grc' dir='ltr'>ὁ</span> <span class='ocrx_word' id='word_1_546' title='bbox 1978 3309 2162 3382; x_wconf 79' lang='grc' dir='ltr'>ἄρχων</span> 
     </span>
    </p>
   </div>
   <div class='ocr_carea' id='block_1_67' title="bbox 574 3395 2163 3471">
    <p class='ocr_par' dir='ltr' id='par_1_67' title="bbox 574 3395 2163 3471">
     <span class='ocr_line' id='line_1_68' title="bbox 574 3395 2163 3471; baseline 0.006 -22"><span class='ocrx_word' id='word_1_547' title='bbox 574 3395 669 3450; x_wconf 85' lang='grc' dir='ltr'><strong>τοῦ</strong></span> <span class='ocrx_word' id='word_1_548' title='bbox 700 3395 895 3460; x_wconf 75' lang='grc' dir='ltr'>αἰῶνος</span> <span class='ocrx_word' id='word_1_549' title='bbox 934 3395 1127 3450; x_wconf 87' lang='grc' dir='ltr'>τούτου</span> <span class='ocrx_word' id='word_1_550' title='bbox 1161 3396 1370 3462; x_wconf 76' lang='grc' dir='ltr'>ἐνθάδε,</span> <span class='ocrx_word' id='word_1_551' title='bbox 1417 3398 1513 3452; x_wconf 73' lang='grc' dir='ltr'>καὶ</span> <span class='ocrx_word' id='word_1_552' title='bbox 1554 3398 1836 3471; x_wconf 80' lang='grc' dir='ltr'>ἀλλότριος</span> <span class='ocrx_word' id='word_1_553' title='bbox 1875 3400 1985 3456; x_wconf 83' lang='grc' dir='ltr'><strong>τῶν</strong></span> <span class='ocrx_word' id='word_1_554' title='bbox 2030 3402 2163 3459; x_wconf 82' lang='grc' dir='ltr'>υἱῶν</span> 
     </span>
    </p>
   </div>
   <div class='ocr_carea' id='block_1_68' title="bbox 576 3487 2161 3563">
    <p class='ocr_par' dir='ltr' id='par_1_68' title="bbox 576 3487 2161 3563">
     <span class='ocr_line' id='line_1_69' title="bbox 576 3487 2161 3563; baseline 0.006 -22"><span class='ocrx_word' id='word_1_555' title='bbox 576 3488 743 3542; x_wconf 81' lang='grc' dir='ltr'>αὐτοῦ</span> <span class='ocrx_word' id='word_1_556' title='bbox 781 3489 929 3542; x_wconf 76' lang='grc' dir='ltr'>ἐστιν</span> <span class='ocrx_word' id='word_1_557' title='bbox 973 3490 1002 3544; x_wconf 86' lang='grc' dir='ltr'>ὀ</span> <span class='ocrx_word' id='word_1_558' title='bbox 1037 3487 1189 3554; x_wconf 87' lang='grc' dir='ltr'>Θεός.</span> <span class='ocrx_word' id='word_1_559' title='bbox 1242 3489 1543 3562; x_wconf 84' lang='grc' dir='ltr'>Ἀλλότριον</span> <span class='ocrx_word' id='word_1_560' title='bbox 1574 3490 1631 3545; x_wconf 80' lang='grc' dir='ltr'><strong>δὲ</strong></span> <span class='ocrx_word' id='word_1_561' title='bbox 1666 3491 1734 3547; x_wconf 80' lang='grc' dir='ltr'>ἂν</span> <span class='ocrx_word' id='word_1_562' title='bbox 1780 3490 1944 3558; x_wconf 72' lang='grc' dir='ltr'>εἴπω,</span> <span class='ocrx_word' id='word_1_563' title='bbox 1974 3489 2053 3563; x_wconf 87' lang='grc'><strong>(6)</strong></span> <span class='ocrx_word' id='word_1_564' title='bbox 2096 3496 2161 3551; x_wconf 79' lang='grc' dir='ltr'><strong>οὐ</strong></span> 
     </span>
    </p>
   </div>
   <div class='ocr_carea' id='block_1_69' title="bbox 576 3578 2161 3659">
    <p class='ocr_par' dir='ltr' id='par_1_69' title="bbox 576 3578 2161 3659">
     <span class='ocr_line' id='line_1_70' title="bbox 576 3578 2161 3659; baseline 0.004 -25"><span class='ocrx_word' id='word_1_565' title='bbox 576 3578 735 3635; x_wconf 87' lang='grc' dir='ltr'>τοῦτο</span> <span class='ocrx_word' id='word_1_566' title='bbox 766 3578 929 3650; x_wconf 83' lang='grc' dir='ltr'>λέγω,</span> <span class='ocrx_word' id='word_1_567' title='bbox 963 3580 1026 3635; x_wconf 77' lang='grc' dir='ltr'><strong>οὐ</strong></span> <span class='ocrx_word' id='word_1_568' title='bbox 1048 3579 1311 3635; x_wconf 82' lang='grc' dir='ltr'>κτίσαντα</span> <span class='ocrx_word' id='word_1_569' title='bbox 1344 3581 1436 3635; x_wconf 85' lang='grc' dir='ltr'><strong>τὸν</strong></span> <span class='ocrx_word' id='word_1_570' title='bbox 1462 3578 1688 3654; x_wconf 77' lang='grc' dir='ltr'>κόσμον,</span> <span class='ocrx_word' id='word_1_571' title='bbox 1714 3583 1852 3640; x_wconf 84' lang='grc' dir='ltr'><strong>ἀλλά</strong></span> <span class='ocrx_word' id='word_1_572' title='bbox 1879 3584 2161 3659; x_wconf 80' lang='grc' dir='ltr'>ἀλλότριον</span> 
     </span>
    </p>
   </div>
   <div class='ocr_carea' id='block_1_70' title="bbox 576 3666 2163 3749">
    <p class='ocr_par' dir='ltr' id='par_1_70' title="bbox 576 3666 2163 3749">
     <span class='ocr_line' id='line_1_71' title="bbox 576 3666 2163 3749; baseline 0.004 -24"><span class='ocrx_word' id='word_1_573' title='bbox 576 3669 672 3725; x_wconf 81' lang='grc' dir='ltr'><strong>τοῦ</strong></span> <span class='ocrx_word' id='word_1_574' title='bbox 719 3671 909 3744; x_wconf 88' lang='grc' dir='ltr'>κυρίου</span> <span class='ocrx_word' id='word_1_575' title='bbox 956 3671 1056 3744; x_wconf 84' lang='grc' dir='ltr'>τῆς</span> <span class='ocrx_word' id='word_1_576' title='bbox 1104 3666 1322 3736; x_wconf 80' lang='grc' dir='ltr'>κακίας,</span> <span class='ocrx_word' id='word_1_577' title='bbox 1377 3667 1658 3745; x_wconf 84' lang='grc' dir='ltr'>ἀλλότριον</span> <span class='ocrx_word' id='word_1_578' title='bbox 1716 3674 1826 3729; x_wconf 85' lang='grc' dir='ltr'><strong>τῶν</strong></span> <span class='ocrx_word' id='word_1_579' title='bbox 1881 3677 2163 3749; x_wconf 80' lang='grc' dir='ltr'>παρόντων</span> 
     </span>
    </p>
   </div>
   <div class='ocr_carea' id='block_1_71' title="bbox 577 3760 2162 3839">
    <p class='ocr_par' dir='ltr' id='par_1_71' title="bbox 577 3760 2162 3839">
     <span class='ocr_line' id='line_1_72' title="bbox 577 3760 2162 3839; baseline 0.004 -25"><span class='ocrx_word' id='word_1_580' title='bbox 577 3760 1010 3833; x_wconf 79' lang='grc' dir='ltr'>ἁμαρτημάτων.</span> <span class='ocrx_word' id='word_1_581' title='bbox 1047 3762 1307 3831; x_wconf 86' lang='grc' dir='ltr'>Καίτοιγε</span> <span class='ocrx_word' id='word_1_582' title='bbox 1346 3764 1441 3817; x_wconf 76' lang='grc' dir='ltr'><strong>καὶ</strong></span> <span class='ocrx_word' id='word_1_583' title='bbox 1477 3763 1723 3830; x_wconf 85' lang='grc' dir='ltr'>θέλοντες</span> <span class='ocrx_word' id='word_1_584' title='bbox 1750 3765 1842 3820; x_wconf 89' lang='grc' dir='ltr'><strong>τὸν</strong></span> <span class='ocrx_word' id='word_1_585' title='bbox 1882 3767 2162 3839; x_wconf 86' lang='grc' dir='ltr'>ἀλλότριον</span> 
     </span>
    </p>
   </div>
   <div class='ocr_carea' id='block_1_72' title="bbox 576 3851 2160 3931">
    <p class='ocr_par' dir='ltr' id='par_1_72' title="bbox 576 3851 2160 3931">
     <span class='ocr_line' id='line_1_73' title="bbox 576 3851 2160 3931; baseline 0.003 -25"><span class='ocrx_word' id='word_1_586' title='bbox 576 3851 685 3907; x_wconf 77' lang='grc' dir='ltr'><strong>τῶν</strong></span> <span class='ocrx_word' id='word_1_587' title='bbox 710 3854 810 3924; x_wconf 81' lang='grc' dir='ltr'>τῆς</span> <span class='ocrx_word' id='word_1_588' title='bbox 839 3853 1114 3926; x_wconf 81' lang='grc' dir='ltr'>ἁμαρτίας</span> <span class='ocrx_word' id='word_1_589' title='bbox 1135 3853 1480 3927; x_wconf 78' lang='grc' dir='ltr'>πραγμάτων</span> <span class='ocrx_word' id='word_1_590' title='bbox 1509 3860 1839 3927; x_wconf 79' lang='grc' dir='ltr'>προσκυνεῖν</span> <span class='ocrx_word' id='word_1_591' title='bbox 1857 3856 1989 3913; x_wconf 87' lang='grc' dir='ltr'>Θεὸν</span> <span class='ocrx_word' id='word_1_592' title='bbox 2013 3860 2071 3912; x_wconf 79' lang='grc' dir='ltr'><strong>ὲν</strong></span> <span class='ocrx_word' id='word_1_593' title='bbox 2091 3860 2160 3931; x_wconf 80' lang='grc' dir='ltr'>τῇ</span> 
     </span>
    </p>
   </div>
   <div class='ocr_carea' id='block_1_73' title="bbox 578 3942 2163 4021">
    <p class='ocr_par' dir='ltr' id='par_1_73' title="bbox 578 3942 2163 4021">
     <span class='ocr_line' id='line_1_74' title="bbox 578 3942 2163 4021; baseline -0.013 -5"><span class='ocrx_word' id='word_1_594' title='bbox 578 3948 650 4019; x_wconf 65' lang='grc' dir='ltr'><strong>τῇ</strong></span> <span class='ocrx_word' id='word_1_595' title='bbox 686 3945 861 4020; x_wconf 65' lang='grc' dir='ltr'><strong>ταύτῃ</strong></span> <span class='ocrx_word' id='word_1_596' title='bbox 884 3945 985 4017; x_wconf 77' lang='grc' dir='ltr'>τῆς</span> <span class='ocrx_word' id='word_1_597' title='bbox 1012 3942 1329 4013; x_wconf 79' lang='grc' dir='ltr'>κακώσεως,</span> <span class='ocrx_word' id='word_1_598' title='bbox 1359 3942 1412 4000; x_wconf 92' lang='grc' dir='ltr'><strong>τί</strong></span> <span class='ocrx_word' id='word_1_599' title='bbox 1441 3948 1703 4020; x_wconf 83' lang='grc' dir='ltr'>ποιοῦμεν</span> <span class='ocrx_word' id='word_1_600' title='bbox 1733 3949 1949 4021; x_wconf 72' lang='grc' dir='ltr'>ἴδωμεν.</span> <span class='ocrx_word' id='word_1_601' title='bbox 1970 3952 2043 4006; x_wconf 84' lang='grc' dir='ltr'><strong>Οὐ</strong></span> <span class='ocrx_word' id='word_1_602' title='bbox 2073 3950 2163 4006; x_wconf 79' lang='grc' dir='ltr'>λέ..</span> 
     </span>
    </p>
   </div>
   <div class='ocr_carea' id='block_1_74' title="bbox 579 4039 2166 4117">
    <p class='ocr_par' dir='ltr' id='par_1_74' title="bbox 579 4039 2166 4117">
     <span class='ocr_line' id='line_1_75' title="bbox 579 4039 2166 4117; baseline 0.004 -22"><span class='ocrx_word' id='word_1_603' title='bbox 579 4054 747 4113; x_wconf 81' lang='grc' dir='ltr'>γομεν</span> <span class='ocrx_word' id='word_1_604' title='bbox 762 4059 776 4071; x_wconf 91' lang='grc'><strong>·</strong></span> <span class='ocrx_word' id='word_1_605' title='bbox 808 4040 942 4108; x_wconf 84' lang='grc' dir='ltr'>Πῶς</span> <span class='ocrx_word' id='word_1_606' title='bbox 965 4039 1194 4110; x_wconf 78' lang='grc' dir='ltr'>ᾇσομεν</span> <span class='ocrx_word' id='word_1_607' title='bbox 1220 4040 1337 4110; x_wconf 81' lang='grc' dir='ltr'>τὴν</span> <span class='ocrx_word' id='word_1_608' title='bbox 1358 4041 1526 4110; x_wconf 76' lang='grc' dir='ltr'><strong>ᾠδὴν</strong></span> <span class='ocrx_word' id='word_1_609' title='bbox 1551 4043 1773 4113; x_wconf 80' lang='grc' dir='ltr'>Κυρίου</span> <span class='ocrx_word' id='word_1_610' title='bbox 1796 4045 1893 4100; x_wconf 77' lang='grc' dir='ltr'><strong>ἐπὶ</strong></span> <span class='ocrx_word' id='word_1_611' title='bbox 1922 4044 2034 4117; x_wconf 75' lang='grc' dir='ltr'><strong>τῆς</strong></span> <span class='ocrx_word' id='word_1_612' title='bbox 2058 4047 2166 4101; x_wconf 74' lang='grc' dir='ltr'>ἀλ-</span> 
     </span>
    </p>
   </div>
   <div class='ocr_carea' id='block_1_75' title="bbox 578 4131 2165 4210">
    <p class='ocr_par' dir='ltr' id='par_1_75' title="bbox 578 4131 2165 4210">
     <span class='ocr_line' id='line_1_76' title="bbox 578 4131 2165 4210; baseline 0.003 -20"><span class='ocrx_word' id='word_1_613' title='bbox 578 4135 846 4204; x_wconf 68' lang='lat' dir='ltr'><strong>Jorplac;</strong></span> <span class='ocrx_word' id='word_1_614' title='bbox 857 4133 995 4188; x_wconf 88' lang='grc' dir='ltr'><strong>ἀλλά</strong></span> <span class='ocrx_word' id='word_1_615' title='bbox 1011 4146 1026 4166; x_wconf 74' lang='grc' dir='ltr'>δ</span> <span class='ocrx_word' id='word_1_616' title='bbox 1050 4132 1175 4197; x_wconf 85' lang='grc' dir='ltr'>Πῶς</span> <span class='ocrx_word' id='word_1_617' title='bbox 1196 4132 1399 4205; x_wconf 77' lang='grc' dir='ltr'>ᾇσομεν</span> <span class='ocrx_word' id='word_1_618' title='bbox 1422 4133 1520 4207; x_wconf 82' lang='grc' dir='ltr'>τὴν</span> <span class='ocrx_word' id='word_1_619' title='bbox 1542 4131 1683 4208; x_wconf 80' lang='grc' dir='ltr'><strong>ᾠδὴν</strong></span> <span class='ocrx_word' id='word_1_620' title='bbox 1710 4136 1914 4210; x_wconf 81' lang='grc' dir='ltr'>Κυρίου</span> <span class='ocrx_word' id='word_1_621' title='bbox 1943 4139 2043 4194; x_wconf 82' lang='grc' dir='ltr'><strong>οὐκ</strong></span> <span class='ocrx_word' id='word_1_622' title='bbox 2073 4140 2165 4194; x_wconf 76' lang='grc' dir='ltr'><strong>ἐπὶ</strong></span> 
     </span>
    </p>
   </div>
   <div class='ocr_carea' id='block_1_76' title="bbox 579 4224 2164 4303">
    <p class='ocr_par' dir='ltr' id='par_1_76' title="bbox 579 4224 2164 4303">
     <span class='ocr_line' id='line_1_77' title="bbox 579 4224 2164 4303; baseline 0.004 -23"><span class='ocrx_word' id='word_1_623' title='bbox 579 4226 683 4299; x_wconf 83' lang='grc' dir='ltr'>γῆς</span> <span class='ocrx_word' id='word_1_624' title='bbox 719 4224 1004 4298; x_wconf 84' lang='grc' dir='ltr'>ἀλλοτρίας</span> <span class='ocrx_word' id='word_1_625' title='bbox 1032 4225 1140 4297; x_wconf 82' lang='lat'><strong>(7);</strong></span> <span class='ocrx_word' id='word_1_626' title='bbox 1165 4224 1368 4279; x_wconf 85' lang='grc' dir='ltr'>Τούτου</span> <span class='ocrx_word' id='word_1_627' title='bbox 1393 4227 1559 4281; x_wconf 87' lang='grc' dir='ltr'>τόπον</span> <span class='ocrx_word' id='word_1_628' title='bbox 1592 4225 1862 4301; x_wconf 78' lang='grc' dir='ltr'>ζητοῦμεν</span> <span class='ocrx_word' id='word_1_629' title='bbox 1898 4230 1993 4285; x_wconf 86' lang='grc' dir='ltr'><strong>τοῦ</strong></span> <span class='ocrx_word' id='word_1_630' title='bbox 2018 4231 2164 4303; x_wconf 77' lang='grc' dir='ltr'>ᾄδειν</span> 
     </span>
    </p>
   </div>
   <div class='ocr_carea' id='block_1_77' title="bbox 578 4314 2164 4397">
    <p class='ocr_par' dir='ltr' id='par_1_77' title="bbox 578 4314 2164 4397">
     <span class='ocr_line' id='line_1_78' title="bbox 578 4314 2164 4397; baseline 0.003 -23"><span class='ocrx_word' id='word_1_631' title='bbox 578 4320 677 4392; x_wconf 81' lang='grc' dir='ltr'>τὴν</span> <span class='ocrx_word' id='word_1_632' title='bbox 703 4320 846 4393; x_wconf 82' lang='grc' dir='ltr'>ᾠδὴν</span> <span class='ocrx_word' id='word_1_633' title='bbox 889 4314 1117 4392; x_wconf 86' lang='grc' dir='ltr'>Κυρίου,</span> <span class='ocrx_word' id='word_1_634' title='bbox 1147 4317 1313 4374; x_wconf 85' lang='grc' dir='ltr'>τόπον</span> <span class='ocrx_word' id='word_1_635' title='bbox 1341 4319 1436 4375; x_wconf 87' lang='grc' dir='ltr'><strong>τοῦ</strong></span> <span class='ocrx_word' id='word_1_636' title='bbox 1472 4324 1796 4394; x_wconf 76' lang='grc' dir='ltr'>προσκυνεῖν</span> <span class='ocrx_word' id='word_1_637' title='bbox 1833 4323 2036 4397; x_wconf 82' lang='grc' dir='ltr'>Κύριον</span> <span class='ocrx_word' id='word_1_638' title='bbox 2072 4324 2164 4379; x_wconf 91' lang='grc' dir='ltr'><strong>τὸν</strong></span> 
     </span>
    </p>
   </div>
   <div class='ocr_carea' id='block_1_78' title="bbox 580 4410 2166 4488">
    <p class='ocr_par' dir='ltr' id='par_1_78' title="bbox 580 4410 2166 4488">
     <span class='ocr_line' id='line_1_79' title="bbox 580 4410 2166 4488; baseline 0.003 -20"><span class='ocrx_word' id='word_1_639' title='bbox 580 4413 713 4468; x_wconf 86' lang='grc' dir='ltr'>Θεὸν</span> <span class='ocrx_word' id='word_1_640' title='bbox 741 4410 899 4485; x_wconf 82' lang='grc' dir='ltr'>ἡμῶν</span> <span class='ocrx_word' id='word_1_641' title='bbox 930 4414 1023 4467; x_wconf 77' lang='grc' dir='ltr'><strong>ἐπὶ</strong></span> <span class='ocrx_word' id='word_1_642' title='bbox 1054 4414 1158 4484; x_wconf 80' lang='grc' dir='ltr'>γῆς</span> <span class='ocrx_word' id='word_1_643' title='bbox 1211 4413 1287 4487; x_wconf 87' lang='grc'><strong>(8)</strong></span> <span class='ocrx_word' id='word_1_644' title='bbox 1329 4412 1636 4488; x_wconf 82' lang='grc' dir='ltr'>ἀλλοτρίας.</span> <span class='ocrx_word' id='word_1_645' title='bbox 1667 4414 1763 4481; x_wconf 90' lang='grc' dir='ltr'>Τίς</span> <span class='ocrx_word' id='word_1_646' title='bbox 1788 4411 1881 4471; x_wconf 78' lang='grc' dir='ltr'><strong>οὖν</strong></span> <span class='ocrx_word' id='word_1_647' title='bbox 1910 4416 1941 4472; x_wconf 83' lang='grc' dir='ltr'>ὁ</span> <span class='ocrx_word' id='word_1_648' title='bbox 1966 4416 2166 4485; x_wconf 83' lang='grc' dir='ltr'>τόπος;</span> 
     </span>
    </p>
   </div>
   <div class='ocr_carea' id='block_1_79' title="bbox 2263 3310 3850 3389">
    <p class='ocr_par' dir='ltr' id='par_1_79' title="bbox 2263 3310 3850 3389">
     <span class='ocr_line' id='line_1_80' title="bbox 2263 3310 3850 3389; baseline -0.004 -15"><span class='ocrx_word' id='word_1_649' title='bbox 2263 3319 2488 3389; x_wconf 82' lang='lat' dir='ltr'><strong>quitatis</strong></span> <span class='ocrx_word' id='word_1_650' title='bbox 2510 3357 2526 3385; x_wconf 92' lang='lat'><strong>,</strong></span> <span class='ocrx_word' id='word_1_651' title='bbox 2564 3319 2802 3374; x_wconf 87' lang='lat' dir='ltr'><strong>alienum</strong></span> <span class='ocrx_word' id='word_1_652' title='bbox 2856 3332 2889 3373; x_wconf 77' lang='grc' dir='ltr'>ι</span> <span class='ocrx_word' id='word_1_653' title='bbox 2923 3317 3164 3387; x_wconf 85' lang='lat' dir='ltr'><strong>peccatis</strong></span> <span class='ocrx_word' id='word_1_654' title='bbox 3196 3315 3577 3388; x_wconf 75' lang='lat' dir='ltr'><strong>praesentibus.</strong></span> <span class='ocrx_word' id='word_1_655' title='bbox 3636 3310 3850 3368; x_wconf 81' lang='lat' dir='ltr'><strong>Etenim</strong></span> 
     </span>
    </p>
   </div>
   <div class='ocr_carea' id='block_1_80' title="bbox 2265 3407 3848 3481">
    <p class='ocr_par' dir='ltr' id='par_1_80' title="bbox 2265 3407 3848 3481">
     <span class='ocr_line' id='line_1_81' title="bbox 2265 3407 3848 3481; baseline -0.003 -16"><span class='ocrx_word' id='word_1_656' title='bbox 2265 3411 2507 3466; x_wconf 84' lang='lat' dir='ltr'><strong>alienum</strong></span> <span class='ocrx_word' id='word_1_657' title='bbox 2535 3411 2606 3464; x_wconf 89' lang='lat' dir='ltr'><strong>ab</strong></span> <span class='ocrx_word' id='word_1_658' title='bbox 2630 3409 2942 3481; x_wconf 77' lang='lat' dir='ltr'><strong>iniquitatis</strong></span> <span class='ocrx_word' id='word_1_659' title='bbox 2987 3409 3246 3480; x_wconf 88' lang='lat' dir='ltr'><strong>operibus</strong></span> <span class='ocrx_word' id='word_1_660' title='bbox 3290 3407 3459 3463; x_wconf 81' lang='lat' dir='ltr'><strong>Deum</strong></span> <span class='ocrx_word' id='word_1_661' title='bbox 3490 3407 3722 3462; x_wconf 74' lang='lat' dir='ltr'><strong>adorare</strong></span> <span class='ocrx_word' id='word_1_662' title='bbox 3747 3420 3848 3461; x_wconf 91' lang='lat' dir='ltr'><strong>vo-</strong></span> 
     </span>
    </p>
   </div>
   <div class='ocr_carea' id='block_1_81' title="bbox 2263 3497 3845 3571">
    <p class='ocr_par' dir='ltr' id='par_1_81' title="bbox 2263 3497 3845 3571">
     <span class='ocr_line' id='line_1_82' title="bbox 2263 3497 3845 3571; baseline 0 -18"><span class='ocrx_word' id='word_1_663' title='bbox 2263 3500 2459 3565; x_wconf 84' lang='lat' dir='ltr'><strong>lentes,</strong></span> <span class='ocrx_word' id='word_1_664' title='bbox 2511 3500 2642 3570; x_wconf 91' lang='lat' dir='ltr'><strong>quid</strong></span> <span class='ocrx_word' id='word_1_665' title='bbox 2687 3515 2915 3571; x_wconf 88' lang='lat' dir='ltr'><strong>agamus</strong></span> <span class='ocrx_word' id='word_1_666' title='bbox 2966 3500 3347 3570; x_wconf 87' lang='lat' dir='ltr'><strong>inspiciamus.</strong></span> <span class='ocrx_word' id='word_1_667' title='bbox 3399 3497 3516 3554; x_wconf 89' lang='lat' dir='ltr'><strong>Non</strong></span> <span class='ocrx_word' id='word_1_668' title='bbox 3556 3498 3845 3557; x_wconf 89' lang='lat' dir='ltr'><strong>dicimus:</strong></span> 
     </span>
    </p>
   </div>
   <div class='ocr_carea' id='block_1_82' title="bbox 2266 3588 3846 3659">
    <p class='ocr_par' dir='ltr' id='par_1_82' title="bbox 2266 3588 3846 3659">
     <span class='ocr_line' id='line_1_83' title="bbox 2266 3588 3846 3659; baseline -0.001 -12"><span class='ocrx_word' id='word_1_669' title='bbox 2266 3592 2544 3659; x_wconf 81' lang='lat' dir='ltr'><strong>Quomodo</strong></span> <span class='ocrx_word' id='word_1_670' title='bbox 2566 3588 2901 3647; x_wconf 79' lang='lat' dir='ltr'><strong>cantabimus</strong></span> <span class='ocrx_word' id='word_1_671' title='bbox 2927 3593 3196 3646; x_wconf 82' lang='lat' dir='ltr'><strong>canticum</strong></span> <span class='ocrx_word' id='word_1_672' title='bbox 3224 3590 3437 3646; x_wconf 84' lang='lat' dir='ltr'><strong>Domini</strong></span> <span class='ocrx_word' id='word_1_673' title='bbox 3457 3592 3516 3644; x_wconf 88' lang='lat' dir='ltr'><strong>in</strong></span> <span class='ocrx_word' id='word_1_674' title='bbox 3545 3600 3687 3645; x_wconf 86' lang='lat' dir='ltr'><strong>terra</strong></span> <span class='ocrx_word' id='word_1_675' title='bbox 3710 3590 3846 3645; x_wconf 80' lang='lat' dir='ltr'><strong>alie-</strong></span> 
     </span>
    </p>
   </div>
   <div class='ocr_carea' id='block_1_83' title="bbox 2263 3683 3848 3751">
    <p class='ocr_par' dir='ltr' id='par_1_83' title="bbox 2263 3683 3848 3751">
     <span class='ocr_line' id='line_1_84' title="bbox 2263 3683 3848 3751; baseline -0.001 -11"><span class='ocrx_word' id='word_1_676' title='bbox 2263 3703 2334 3741; x_wconf 86' lang='lat' dir='ltr'><strong>na</strong></span> <span class='ocrx_word' id='word_1_677' title='bbox 2363 3685 2451 3740; x_wconf 71' lang='lat' dir='ltr'><strong>&quot;i</strong></span> <span class='ocrx_word' id='word_1_678' title='bbox 2495 3686 2591 3741; x_wconf 88' lang='lat' dir='ltr'><strong>sed</strong></span> <span class='ocrx_word' id='word_1_679' title='bbox 2620 3704 2633 3740; x_wconf 87' lang='lat'><strong>:</strong></span> <span class='ocrx_word' id='word_1_680' title='bbox 2669 3683 2959 3751; x_wconf 84' lang='lat' dir='ltr'><strong>Quomodo</strong></span> <span class='ocrx_word' id='word_1_681' title='bbox 2985 3684 3331 3740; x_wconf 87' lang='lat' dir='ltr'><strong>cantabimus</strong></span> <span class='ocrx_word' id='word_1_682' title='bbox 3362 3683 3635 3739; x_wconf 89' lang='lat' dir='ltr'><strong>canticum</strong></span> <span class='ocrx_word' id='word_1_683' title='bbox 3660 3683 3848 3739; x_wconf 86' lang='lat' dir='ltr'><strong>Domi-</strong></span> 
     </span>
    </p>
   </div>
   <div class='ocr_carea' id='block_1_84' title="bbox 2267 3775 3848 3845">
    <p class='ocr_par' dir='ltr' id='par_1_84' title="bbox 2267 3775 3848 3845">
     <span class='ocr_line' id='line_1_85' title="bbox 2267 3775 3848 3845; baseline 0 -16"><span class='ocrx_word' id='word_1_684' title='bbox 2267 3776 2321 3830; x_wconf 87' lang='grc' dir='ltr'>ιιὶ</span> <span class='ocrx_word' id='word_1_685' title='bbox 2348 3776 2403 3830; x_wconf 92' lang='lat' dir='ltr'><strong>in</strong></span> <span class='ocrx_word' id='word_1_686' title='bbox 2429 3784 2575 3830; x_wconf 84' lang='lat' dir='ltr'><strong>terra</strong></span> <span class='ocrx_word' id='word_1_687' title='bbox 2602 3791 2712 3830; x_wconf 92' lang='lat' dir='ltr'><strong>non</strong></span> <span class='ocrx_word' id='word_1_688' title='bbox 2735 3775 2952 3831; x_wconf 79' lang='lat' dir='ltr'><strong>aliena?</strong></span> <span class='ocrx_word' id='word_1_689' title='bbox 2981 3776 3291 3841; x_wconf 67' lang='lat' dir='ltr'><strong>Quaerimus</strong></span> <span class='ocrx_word' id='word_1_690' title='bbox 3311 3775 3492 3830; x_wconf 91' lang='lat' dir='ltr'><strong>locum</strong></span> <span class='ocrx_word' id='word_1_691' title='bbox 3518 3775 3571 3829; x_wconf 91' lang='lat' dir='ltr'><strong>in</strong></span> <span class='ocrx_word' id='word_1_692' title='bbox 3593 3790 3703 3845; x_wconf 87' lang='lat' dir='ltr'><strong>quo</strong></span> <span class='ocrx_word' id='word_1_693' title='bbox 3725 3788 3848 3832; x_wconf 83' lang='lat' dir='ltr'><strong>can-</strong></span> 
     </span>
    </p>
   </div>
   <div class='ocr_carea' id='block_1_85' title="bbox 2267 3863 3845 3935">
    <p class='ocr_par' dir='ltr' id='par_1_85' title="bbox 2267 3863 3845 3935">
     <span class='ocr_line' id='line_1_86' title="bbox 2267 3863 3845 3935; baseline -0.001 -14"><span class='ocrx_word' id='word_1_694' title='bbox 2267 3876 2444 3923; x_wconf 88' lang='lat' dir='ltr'><strong>temus</strong></span> <span class='ocrx_word' id='word_1_695' title='bbox 2477 3866 2750 3922; x_wconf 87' lang='lat' dir='ltr'><strong>canticum</strong></span> <span class='ocrx_word' id='word_1_696' title='bbox 2792 3864 3047 3931; x_wconf 84' lang='lat' dir='ltr'><strong>Domini,</strong></span> <span class='ocrx_word' id='word_1_697' title='bbox 3090 3867 3144 3920; x_wconf 92' lang='lat' dir='ltr'><strong>in</strong></span> <span class='ocrx_word' id='word_1_698' title='bbox 3188 3880 3300 3935; x_wconf 90' lang='lat' dir='ltr'><strong>quo</strong></span> <span class='ocrx_word' id='word_1_699' title='bbox 3341 3863 3633 3920; x_wconf 90' lang='lat' dir='ltr'><strong>Dominum</strong></span> <span class='ocrx_word' id='word_1_700' title='bbox 3675 3863 3845 3920; x_wconf 88' lang='lat' dir='ltr'><strong>Deum</strong></span> 
     </span>
    </p>
   </div>
   <div class='ocr_carea' id='block_1_86' title="bbox 2268 3954 3847 4028">
    <p class='ocr_par' dir='ltr' id='par_1_86' title="bbox 2268 3954 3847 4028">
     <span class='ocr_line' id='line_1_87' title="bbox 2268 3954 3847 4028; baseline 0.001 -17"><span class='ocrx_word' id='word_1_701' title='bbox 2268 3965 2517 4013; x_wconf 86' lang='lat' dir='ltr'><strong>nostrum</strong></span> <span class='ocrx_word' id='word_1_702' title='bbox 2555 3956 2610 4011; x_wconf 91' lang='lat' dir='ltr'><strong>in</strong></span> <span class='ocrx_word' id='word_1_703' title='bbox 2643 3965 2789 4013; x_wconf 88' lang='lat' dir='ltr'><strong>terra</strong></span> <span class='ocrx_word' id='word_1_704' title='bbox 2822 3956 3001 4012; x_wconf 86' lang='lat' dir='ltr'><strong>aliena</strong></span> <span class='ocrx_word' id='word_1_705' title='bbox 3032 3956 3347 4012; x_wconf 83' lang='lat' dir='ltr'><strong>adoremus.</strong></span> <span class='ocrx_word' id='word_1_706' title='bbox 3404 3954 3539 4023; x_wconf 85' lang='lat' dir='ltr'><strong>Quis</strong></span> <span class='ocrx_word' id='word_1_707' title='bbox 3561 3954 3726 4028; x_wconf 78' lang='lat' dir='ltr'><strong>igitur</strong></span> <span class='ocrx_word' id='word_1_708' title='bbox 3756 3956 3847 4013; x_wconf 85' lang='lat' dir='ltr'><strong>hic</strong></span> 
     </span>
    </p>
   </div>
   <div class='ocr_carea' id='block_1_87' title="bbox 2265 4045 3843 4121">
    <p class='ocr_par' dir='ltr' id='par_1_87' title="bbox 2265 4045 3843 4121">
     <span class='ocr_line' id='line_1_88' title="bbox 2265 4045 3843 4121; baseline 0.002 -18"><span class='ocrx_word' id='word_1_709' title='bbox 2265 4048 2461 4104; x_wconf 75' lang='lat' dir='ltr'><strong>locus?</strong></span> <span class='ocrx_word' id='word_1_710' title='bbox 2492 4047 2678 4104; x_wconf 80' lang='lat' dir='ltr'><strong>Inveni</strong></span> <span class='ocrx_word' id='word_1_711' title='bbox 2710 4048 2913 4119; x_wconf 91' lang='lat' dir='ltr'><strong>ipsum.</strong></span> <span class='ocrx_word' id='word_1_712' title='bbox 2963 4045 3125 4104; x_wconf 78' lang='lat' dir='ltr'><strong>Venit</strong></span> <span class='ocrx_word' id='word_1_713' title='bbox 3153 4049 3219 4104; x_wconf 89' lang='lat' dir='ltr'><strong>ad</strong></span> <span class='ocrx_word' id='word_1_714' title='bbox 3248 4049 3387 4105; x_wconf 87' lang='lat' dir='ltr'><strong>hanc</strong></span> <span class='ocrx_word' id='word_1_715' title='bbox 3416 4057 3614 4105; x_wconf 86' lang='lat' dir='ltr'><strong>terram</strong></span> <span class='ocrx_word' id='word_1_716' title='bbox 3647 4064 3843 4121; x_wconf 89' lang='lat' dir='ltr'><strong>gerens</strong></span> 
     </span>
    </p>
   </div>
   <div class='ocr_carea' id='block_1_88' title="bbox 2264 4141 3843 4214">
    <p class='ocr_par' dir='ltr' id='par_1_88' title="bbox 2264 4141 3843 4214">
     <span class='ocr_line' id='line_1_89' title="bbox 2264 4141 3843 4214; baseline 0.002 -17"><span class='ocrx_word' id='word_1_717' title='bbox 2264 4158 2466 4213; x_wconf 78' lang='lat' dir='ltr'><strong>corpus</strong></span> <span class='ocrx_word' id='word_1_718' title='bbox 2514 4141 2882 4210; x_wconf 80' lang='lat' dir='ltr'><strong>fructiferum,</strong></span> <span class='ocrx_word' id='word_1_719' title='bbox 2926 4144 3020 4214; x_wconf 89' lang='lat' dir='ltr'><strong>qui</strong></span> <span class='ocrx_word' id='word_1_720' title='bbox 3066 4143 3364 4214; x_wconf 81' lang='lat' dir='ltr'><strong>assumpsit</strong></span> <span class='ocrx_word' id='word_1_721' title='bbox 3408 4159 3609 4213; x_wconf 87' lang='lat' dir='ltr'><strong>corpus</strong></span> <span class='ocrx_word' id='word_1_722' title='bbox 3636 4145 3843 4214; x_wconf 86' lang='lat' dir='ltr'><strong>peccati</strong></span> 
     </span>
    </p>
   </div>
   <div class='ocr_carea' id='block_1_89' title="bbox 2265 4233 3843 4304">
    <p class='ocr_par' dir='ltr' id='par_1_89' title="bbox 2265 4233 3843 4304">
     <span class='ocr_line' id='line_1_90' title="bbox 2265 4233 3843 4304; baseline 0.001 -17"><span class='ocrx_word' id='word_1_723' title='bbox 2265 4233 2321 4288; x_wconf 90' lang='lat' dir='ltr'><strong>in</strong></span> <span class='ocrx_word' id='word_1_724' title='bbox 2351 4233 2765 4291; x_wconf 86' lang='lat' dir='ltr'><strong>similitudinem</strong></span> <span class='ocrx_word' id='word_1_725' title='bbox 2805 4234 2991 4289; x_wconf 84' lang='lat' dir='ltr'><strong>carnis</strong></span> <span class='ocrx_word' id='word_1_726' title='bbox 3015 4234 3247 4302; x_wconf 88' lang='lat' dir='ltr'><strong>peccati,</strong></span> <span class='ocrx_word' id='word_1_727' title='bbox 3278 4242 3336 4288; x_wconf 88' lang='lat' dir='ltr'><strong>ut</strong></span> <span class='ocrx_word' id='word_1_728' title='bbox 3363 4234 3417 4288; x_wconf 91' lang='lat' dir='ltr'><strong>in</strong></span> <span class='ocrx_word' id='word_1_729' title='bbox 3450 4233 3555 4288; x_wconf 93' lang='lat' dir='ltr'><strong>hoc</strong></span> <span class='ocrx_word' id='word_1_730' title='bbox 3580 4234 3699 4304; x_wconf 88' lang='lat' dir='ltr'><strong>ipso</strong></span> <span class='ocrx_word' id='word_1_731' title='bbox 3723 4234 3843 4289; x_wconf 89' lang='lat' dir='ltr'><strong>loco</strong></span> 
     </span>
    </p>
   </div>
   <div class='ocr_carea' id='block_1_90' title="bbox 2264 4321 3840 4397">
    <p class='ocr_par' dir='ltr' id='par_1_90' title="bbox 2264 4321 3840 4397">
     <span class='ocr_line' id='line_1_91' title="bbox 2264 4321 3840 4397; baseline -0.001 -16"><span class='ocrx_word' id='word_1_732' title='bbox 2264 4339 2363 4397; x_wconf 83' lang='lat' dir='ltr'><strong>per</strong></span> <span class='ocrx_word' id='word_1_733' title='bbox 2381 4340 2507 4381; x_wconf 86' lang='lat' dir='ltr'><strong>eum</strong></span> <span class='ocrx_word' id='word_1_734' title='bbox 2534 4326 2627 4397; x_wconf 90' lang='lat' dir='ltr'><strong>qui</strong></span> <span class='ocrx_word' id='word_1_735' title='bbox 2655 4325 2892 4393; x_wconf 80' lang='lat' dir='ltr'><strong>advenit,</strong></span> <span class='ocrx_word' id='word_1_736' title='bbox 2927 4321 3114 4381; x_wconf 83' lang='lat' dir='ltr'><strong>Jesum</strong></span> <span class='ocrx_word' id='word_1_737' title='bbox 3143 4324 3421 4380; x_wconf 84' lang='lat' dir='ltr'><strong>Christum</strong></span> <span class='ocrx_word' id='word_1_738' title='bbox 3440 4365 3455 4389; x_wconf 96' lang='lat'><strong>,</strong></span> <span class='ocrx_word' id='word_1_739' title='bbox 3484 4324 3577 4395; x_wconf 91' lang='lat' dir='ltr'><strong>qui</strong></span> <span class='ocrx_word' id='word_1_740' title='bbox 3606 4335 3660 4380; x_wconf 89' lang='lat' dir='ltr'><strong>et</strong></span> <span class='ocrx_word' id='word_1_741' title='bbox 3690 4324 3840 4379; x_wconf 82' lang='lat' dir='ltr'><strong>dele-</strong></span> 
     </span>
    </p>
   </div>
   <div class='ocr_carea' id='block_1_91' title="bbox 2265 4414 3840 4487">
    <p class='ocr_par' dir='ltr' id='par_1_91' title="bbox 2265 4414 3840 4487">
     <span class='ocr_line' id='line_1_92' title="bbox 2265 4414 3840 4487; baseline -0.002 -15"><span class='ocrx_word' id='word_1_742' title='bbox 2265 4418 2340 4472; x_wconf 90' lang='lat' dir='ltr'><strong>vit</strong></span> <span class='ocrx_word' id='word_1_743' title='bbox 2369 4417 2673 4487; x_wconf 87' lang='lat' dir='ltr'><strong>principem</strong></span> <span class='ocrx_word' id='word_1_744' title='bbox 2714 4416 2880 4485; x_wconf 86' lang='lat' dir='ltr'><strong>hujus</strong></span> <span class='ocrx_word' id='word_1_745' title='bbox 2921 4415 3104 4472; x_wconf 66' lang='lat' dir='ltr'><strong>saecuii</strong></span> <span class='ocrx_word' id='word_1_746' title='bbox 3127 4450 3144 4483; x_wconf 92' lang='lat'><strong>,</strong></span> <span class='ocrx_word' id='word_1_747' title='bbox 3173 4423 3226 4470; x_wconf 89' lang='lat' dir='ltr'><strong>et</strong></span> <span class='ocrx_word' id='word_1_748' title='bbox 3256 4414 3492 4471; x_wconf 87' lang='lat' dir='ltr'><strong>abolevit</strong></span> <span class='ocrx_word' id='word_1_749' title='bbox 3533 4423 3840 4486; x_wconf 87' lang='lat' dir='ltr'><strong>peccatum,</strong></span> 
     </span>
    </p>
   </div>
   <div class='ocr_carea' id='block_1_92' title="bbox 580 4499 2164 4581">
    <p class='ocr_par' dir='ltr' id='par_1_92' title="bbox 580 4499 2163 4581">
     <span class='ocr_line' id='line_1_93' title="bbox 580 4499 2163 4581; baseline 0.003 -23"><span class='ocrx_word' id='word_1_750' title='bbox 580 4499 741 4576; x_wconf 75' lang='grc' dir='ltr'>εὖρον</span> <span class='ocrx_word' id='word_1_751' title='bbox 802 4504 1021 4559; x_wconf 88' lang='grc' dir='ltr'>τοῦτον·</span> <span class='ocrx_word' id='word_1_752' title='bbox 1096 4500 1260 4577; x_wconf 77' lang='grc' dir='ltr'>ἦλθεν</span> <span class='ocrx_word' id='word_1_753' title='bbox 1328 4504 1424 4559; x_wconf 71' lang='grc' dir='ltr'>ἐπὶ</span> <span class='ocrx_word' id='word_1_754' title='bbox 1491 4504 1699 4576; x_wconf 88' lang='grc' dir='ltr'>ταύτην</span> <span class='ocrx_word' id='word_1_755' title='bbox 1765 4505 1872 4577; x_wconf 82' lang='grc' dir='ltr'>γῆν</span> <span class='ocrx_word' id='word_1_756' title='bbox 1925 4507 2163 4581; x_wconf 72' lang='grc' dir='ltr'>φορέσας</span> 
     </span>
    </p>
   </div>
   <div class='ocr_carea' id='block_1_93' title="bbox 2266 4499 3843 4581">
    <p class='ocr_par' dir='ltr' id='par_1_93' title="bbox 2267 4506 3843 4579">
     <span class='ocr_line' id='line_1_94' title="bbox 2267 4506 3843 4579; baseline -0.001 -16"><span class='ocrx_word' id='word_1_757' title='bbox 2267 4509 2472 4579; x_wconf 89' lang='lat' dir='ltr'><strong>possim</strong></span> <span class='ocrx_word' id='word_1_758' title='bbox 2511 4508 2600 4565; x_wconf 81' lang='lat' dir='ltr'><strong>hic</strong></span> <span class='ocrx_word' id='word_1_759' title='bbox 2631 4506 2802 4563; x_wconf 84' lang='lat' dir='ltr'><strong>Deum</strong></span> <span class='ocrx_word' id='word_1_760' title='bbox 2832 4507 3062 4562; x_wconf 86' lang='lat' dir='ltr'><strong>adorare</strong></span> <span class='ocrx_word' id='word_1_761' title='bbox 3081 4546 3097 4572; x_wconf 92' lang='lat'><strong>,</strong></span> <span class='ocrx_word' id='word_1_762' title='bbox 3131 4507 3479 4578; x_wconf 87' lang='lat' dir='ltr'><strong>postmodum</strong></span> <span class='ocrx_word' id='word_1_763' title='bbox 3510 4508 3843 4563; x_wconf 85' lang='lat' dir='ltr'><strong>adoraturus</strong></span> 
     </span>
    </p>
   </div>
   <div class='ocr_carea' id='block_1_94' title="bbox 582 4591 2160 4671">
    <p class='ocr_par' dir='ltr' id='par_1_94' title="bbox 582 4591 2160 4671">
     <span class='ocr_line' id='line_1_95' title="bbox 582 4591 2160 4671; baseline 0.001 -20"><span class='ocrx_word' id='word_1_764' title='bbox 582 4597 747 4669; x_wconf 83' lang='grc' dir='ltr'>σῶμα</span> <span class='ocrx_word' id='word_1_765' title='bbox 810 4595 872 4650; x_wconf 86' lang='grc' dir='ltr'><strong>τὸ</strong></span> <span class='ocrx_word' id='word_1_766' title='bbox 940 4596 1154 4663; x_wconf 86' lang='grc' dir='ltr'>σῶσαν,</span> <span class='ocrx_word' id='word_1_767' title='bbox 1215 4591 1501 4651; x_wconf 75' lang='grc' dir='ltr'>ἀναλαϐὼν</span> <span class='ocrx_word' id='word_1_768' title='bbox 1560 4596 1624 4652; x_wconf 87' lang='grc' dir='ltr'><strong>τὸ</strong></span> <span class='ocrx_word' id='word_1_769' title='bbox 1692 4598 1854 4670; x_wconf 81' lang='grc' dir='ltr'>σῶμα</span> <span class='ocrx_word' id='word_1_770' title='bbox 1936 4597 1999 4653; x_wconf 87' lang='grc' dir='ltr'><strong>τὸ</strong></span> <span class='ocrx_word' id='word_1_771' title='bbox 2057 4600 2160 4671; x_wconf 78' lang='grc' dir='ltr'>τῆς</span> 
     </span>
    </p>
   </div>
   <div class='ocr_carea' id='block_1_95' title="bbox 580 4686 2161 4762">
    <p class='ocr_par' dir='ltr' id='par_1_95' title="bbox 580 4686 2161 4762">
     <span class='ocr_line' id='line_1_96' title="bbox 580 4686 2161 4762; baseline 0.002 -18"><span class='ocrx_word' id='word_1_772' title='bbox 580 4689 856 4762; x_wconf 78' lang='grc' dir='ltr'>ἁμαρτίας</span> <span class='ocrx_word' id='word_1_773' title='bbox 896 4690 955 4743; x_wconf 78' lang='grc' dir='ltr'>ἐν</span> <span class='ocrx_word' id='word_1_774' title='bbox 1006 4686 1311 4760; x_wconf 81' lang='grc' dir='ltr'>ὁμοιώματι</span> <span class='ocrx_word' id='word_1_775' title='bbox 1367 4689 1571 4761; x_wconf 87' lang='grc' dir='ltr'>σαρκὸς</span> <span class='ocrx_word' id='word_1_776' title='bbox 1626 4689 1918 4762; x_wconf 80' lang='grc' dir='ltr'>ἁμαρτίας,</span> <span class='ocrx_word' id='word_1_777' title='bbox 1974 4692 2041 4746; x_wconf 79' lang='grc' dir='ltr'><strong>ἵν’</strong></span> <span class='ocrx_word' id='word_1_778' title='bbox 2101 4694 2161 4748; x_wconf 77' lang='grc' dir='ltr'>ὲν</span> 
     </span>
    </p>
   </div>
   <div class='ocr_carea' id='block_1_96' title="bbox 580 4779 2161 4855">
    <p class='ocr_par' dir='ltr' id='par_1_96' title="bbox 580 4779 2161 4855">
     <span class='ocr_line' id='line_1_97' title="bbox 580 4779 2161 4855; baseline 0.002 -19"><span class='ocrx_word' id='word_1_779' title='bbox 580 4779 756 4853; x_wconf 78' lang='grc' dir='ltr'>τούτῳ</span> <span class='ocrx_word' id='word_1_780' title='bbox 781 4781 932 4852; x_wconf 82' lang='grc' dir='ltr'>τόπῳ</span> <span class='ocrx_word' id='word_1_781' title='bbox 958 4780 1047 4835; x_wconf 85' lang='grc' dir='ltr'><strong>διὰ</strong></span> <span class='ocrx_word' id='word_1_782' title='bbox 1077 4779 1169 4835; x_wconf 84' lang='grc' dir='ltr'><strong>τὸν</strong></span> <span class='ocrx_word' id='word_1_783' title='bbox 1205 4781 1625 4853; x_wconf 69' lang='grc' dir='ltr'>ὶπιδσημήσαντα</span> <span class='ocrx_word' id='word_1_784' title='bbox 1657 4783 1890 4852; x_wconf 81' lang='grc' dir='ltr'>Χριστὸν</span> <span class='ocrx_word' id='word_1_785' title='bbox 1931 4783 2161 4855; x_wconf 78' lang='grc' dir='ltr'>Ἰησοῦν,</span> 
     </span>
    </p>
   </div>
   <div class='ocr_carea' id='block_1_97' title="bbox 653 4912 1874 4982">
    <p class='ocr_par' dir='ltr' id='par_1_97' title="bbox 653 4912 1874 4982">
     <span class='ocr_line' id='line_1_98' title="bbox 653 4912 1874 4982; baseline 0.002 -11"><span class='ocrx_word' id='word_1_786' title='bbox 653 4916 700 4949; x_wconf 77' lang='grc'><strong>³⁸</strong></span> <span class='ocrx_word' id='word_1_787' title='bbox 729 4914 914 4971; x_wconf 79' lang='lat' dir='ltr'><strong>Matth.</strong></span> <span class='ocrx_word' id='word_1_788' title='bbox 941 4930 1014 4982; x_wconf 82' lang='lat' dir='ltr'><strong>vr,</strong></span> <span class='ocrx_word' id='word_1_789' title='bbox 1040 4912 1131 4970; x_wconf 67' lang='grc'><strong>24.</strong></span> <span class='ocrx_word' id='word_1_790' title='bbox 1223 4914 1267 4946; x_wconf 85' lang='grc'><strong>⁸⁷</strong></span> <span class='ocrx_word' id='word_1_791' title='bbox 1304 4912 1538 4970; x_wconf 87' lang='lat' dir='ltr'><strong>Baruch.</strong></span> <span class='ocrx_word' id='word_1_792' title='bbox 1580 4929 1662 4979; x_wconf 86' lang='lat' dir='ltr'><strong>Ill,</strong></span> <span class='ocrx_word' id='word_1_793' title='bbox 1691 4913 1766 4970; x_wconf 86' lang='lat'><strong>9-</strong></span> <span class='ocrx_word' id='word_1_794' title='bbox 1786 4915 1874 4973; x_wconf 77' lang='grc'><strong>15.</strong></span> 
     </span>
    </p>
   </div>
   <div class='ocr_carea' id='block_1_98' title="bbox 655 5081 1765 5217">
    <p class='ocr_par' dir='ltr' id='par_1_98' title="bbox 655 5081 1765 5217">
     <span class='ocr_line' id='line_1_99' title="bbox 655 5081 1765 5217; baseline -0.001 -78"><span class='ocrx_word' id='word_1_795' title='bbox 655 5081 736 5217; x_wconf 67' lang='grc'><strong>(1)</strong></span> <span class='ocrx_word' id='word_1_796' title='bbox 756 5082 942 5139; x_wconf 83' lang='lat' dir='ltr'><strong>Codex</strong></span> <span class='ocrx_word' id='word_1_797' title='bbox 972 5081 1357 5165; x_wconf 77' lang='lat' dir='ltr'><strong>Scorialensis,</strong></span> <span class='ocrx_word' id='word_1_798' title='bbox 1376 5082 1765 5206; x_wconf 64' lang='grc' dir='ltr'>πὸροσκυνήσει.</span> 
     </span>
     <span class='ocr_line' id='line_1_100' title="bbox 679 5152 1622 5217; baseline 0 -10"><span class='ocrx_word' id='word_1_799' title='bbox 679 5154 713 5207; x_wconf 74' lang='lat'><strong>2</strong></span> <span class='ocrx_word' id='word_1_800' title='bbox 767 5154 827 5211; x_wconf 82' lang='lat' dir='ltr'><strong>In</strong></span> <span class='ocrx_word' id='word_1_801' title='bbox 856 5153 984 5209; x_wconf 89' lang='lat' dir='ltr'><strong>cod.</strong></span> <span class='ocrx_word' id='word_1_802' title='bbox 1017 5152 1188 5209; x_wconf 79' lang='lat' dir='ltr'><strong>Vatic.</strong></span> <span class='ocrx_word' id='word_1_803' title='bbox 1219 5153 1373 5211; x_wconf 81' lang='lat' dir='ltr'><strong>deest</strong></span> <span class='ocrx_word' id='word_1_804' title='bbox 1436 5154 1622 5217; x_wconf 84' lang='grc' dir='ltr'>μοίως.</span> 
     </span>
    </p>
   </div>
   <div class='ocr_carea' id='block_1_99' title="bbox 679 5152 1622 5226">
    <p class='ocr_par' dir='ltr' id='par_1_99' title="bbox 679 5152 1622 5226">
     <span class='ocr_line' id='line_1_101' title="bbox 679 5152 1622 5226; baseline -0.001 -17"><span class='ocrx_word' id='word_1_805' title='bbox 679 5152 735 5226; x_wconf 66' lang='grc'><strong>2)</strong></span> <span class='ocrx_word' id='word_1_806' title='bbox 767 5154 827 5211; x_wconf 82' lang='lat' dir='ltr'><strong>In</strong></span> <span class='ocrx_word' id='word_1_807' title='bbox 856 5153 984 5226; x_wconf 80' lang='lat' dir='ltr'><strong>cod.</strong></span> <span class='ocrx_word' id='word_1_808' title='bbox 1016 5152 1188 5226; x_wconf 78' lang='lat' dir='ltr'><strong>_Vatic.</strong></span> <span class='ocrx_word' id='word_1_809' title='bbox 1210 5152 1622 5226; x_wconf 66' lang='lat' dir='ltr'><strong>_deest_6p.otwc.</strong></span> 
     </span>
    </p>
   </div>
   <div class='ocr_carea' id='block_1_100' title="bbox 657 5222 1474 5366">
    <p class='ocr_par' dir='ltr' id='par_1_100' title="bbox 657 5222 1474 5366">
     <span class='ocr_line' id='line_1_102' title="bbox 657 5222 1474 5366; baseline 0 -88"><span class='ocrx_word' id='word_1_810' title='bbox 657 5223 733 5366; x_wconf 65' lang='grc' dir='ltr'><strong>(ὅ)</strong></span> <span class='ocrx_word' id='word_1_811' title='bbox 760 5226 819 5278; x_wconf 92' lang='lat' dir='ltr'><strong>ln</strong></span> <span class='ocrx_word' id='word_1_812' title='bbox 845 5223 969 5279; x_wconf 89' lang='lat' dir='ltr'><strong>eod.</strong></span> <span class='ocrx_word' id='word_1_813' title='bbox 997 5224 1149 5279; x_wconf 86' lang='lat' dir='ltr'><strong>deest</strong></span> <span class='ocrx_word' id='word_1_814' title='bbox 1173 5222 1474 5297; x_wconf 83' lang='grc' dir='ltr'>ἀλλοτρίου.</span> 
     </span>
     <span class='ocr_line' id='line_1_103' title="bbox 657 5292 1474 5366; baseline -0.001 -17"><span class='ocrx_word' id='word_1_815' title='bbox 657 5294 713 5366; x_wconf 69' lang='grc' dir='ltr'><strong>(ι</strong></span> <span class='ocrx_word' id='word_1_816' title='bbox 765 5292 951 5366; x_wconf 81' lang='lat' dir='ltr'><strong>Codex</strong></span> <span class='ocrx_word' id='word_1_817' title='bbox 987 5293 1352 5366; x_wconf 64' lang='lat' dir='ltr'><strong>Sggorialensis</strong></span> <span class='ocrx_word' id='word_1_818' title='bbox 1387 5295 1474 5351; x_wconf 87' lang='lat' dir='ltr'><strong>hal</strong></span> 
     </span>
    </p>
   </div>
   <div class='ocr_carea' id='block_1_101' title="bbox 654 5288 2163 5379">
    <p class='ocr_par' dir='ltr' id='par_1_101' title="bbox 654 5288 2163 5379">
     <span class='ocr_line' id='line_1_104' title="bbox 654 5288 2163 5379; baseline 0.003 -30"><span class='ocrx_word' id='word_1_819' title='bbox 654 5288 733 5379; x_wconf 70' lang='grc' dir='ltr'><strong>(ι)</strong></span> <span class='ocrx_word' id='word_1_820' title='bbox 765 5292 951 5379; x_wconf 74' lang='lat' dir='ltr'><strong>Codex</strong></span> <span class='ocrx_word' id='word_1_821' title='bbox 987 5288 1352 5379; x_wconf 54' lang='lat' dir='ltr'><strong>Sgorialensis&#39;</strong></span> <span class='ocrx_word' id='word_1_822' title='bbox 1387 5295 1549 5379; x_wconf 64' lang='lat' dir='ltr'><strong>habet</strong></span> <span class='ocrx_word' id='word_1_823' title='bbox 1576 5288 1836 5379; x_wconf 66' lang='grc' dir='ltr'>κατῴκει.</span> <span class='ocrx_word' id='word_1_824' title='bbox 1889 5292 2013 5352; x_wconf 74' lang='lat' dir='ltr'><strong>Mos</strong></span> <span class='ocrx_word' id='word_1_825' title='bbox 2037 5305 2163 5368; x_wconf 80' lang='lat' dir='ltr'><strong>post</strong></span> 
     </span>
    </p>
   </div>
   <div class='ocr_carea' id='block_1_102' title="bbox 583 5357 1785 5436">
    <p class='ocr_par' dir='ltr' id='par_1_102' title="bbox 583 5357 1785 5436">
     <span class='ocr_line' id='line_1_105' title="bbox 583 5357 1785 5436; baseline -0.002 -16"><span class='ocrx_word' id='word_1_826' title='bbox 583 5357 789 5436; x_wconf 70' lang='grc' dir='ltr'>αἰῶνα,</span> <span class='ocrx_word' id='word_1_827' title='bbox 813 5364 983 5436; x_wconf 78' lang='lat' dir='ltr'><strong>codex</strong></span> <span class='ocrx_word' id='word_1_828' title='bbox 1020 5364 1323 5436; x_wconf 71' lang='lat' dir='ltr'><strong>Vaticanus</strong></span> <span class='ocrx_word' id='word_1_829' title='bbox 1356 5365 1505 5421; x_wconf 88' lang='lat' dir='ltr'><strong>addit</strong></span> <span class='ocrx_word' id='word_1_830' title='bbox 1536 5357 1785 5436; x_wconf 65' lang='grc' dir='ltr'><strong>χρόνον.⁵</strong></span> 
     </span>
    </p>
   </div>
   <div class='ocr_carea' id='block_1_103' title="bbox 655 5433 2161 5507">
    <p class='ocr_par' dir='ltr' id='par_1_103' title="bbox 655 5433 2161 5507">
     <span class='ocr_line' id='line_1_106' title="bbox 655 5433 2161 5507; baseline 0.004 -7"><span class='ocrx_word' id='word_1_831' title='bbox 655 5434 734 5507; x_wconf 73' lang='grc'><strong>(5)</strong></span> <span class='ocrx_word' id='word_1_832' title='bbox 782 5434 1027 5507; x_wconf 71' lang='grc' dir='ltr'>Ἐκεῖνοι</span> <span class='ocrx_word' id='word_1_833' title='bbox 1053 5433 1173 5505; x_wconf 73' lang='grc' dir='ltr'><strong>μὲν</strong></span> <span class='ocrx_word' id='word_1_834' title='bbox 1203 5435 1313 5507; x_wconf 74' lang='grc' dir='ltr'><strong>γὰρ</strong></span> <span class='ocrx_word' id='word_1_835' title='bbox 1347 5435 1423 5489; x_wconf 77' lang='grc' dir='ltr'>τὰ</span> <span class='ocrx_word' id='word_1_836' title='bbox 1446 5433 1734 5507; x_wconf 68' lang='grc' dir='ltr'>ἀλιῖὸτρια</span> <span class='ocrx_word' id='word_1_837' title='bbox 1760 5436 1832 5489; x_wconf 76' lang='grc' dir='ltr'><strong>ἐν</strong></span> <span class='ocrx_word' id='word_1_838' title='bbox 1866 5433 1944 5505; x_wconf 76' lang='grc' dir='ltr'>τῆ</span> <span class='ocrx_word' id='word_1_839' title='bbox 1973 5433 2055 5506; x_wconf 71' lang='grc' dir='ltr'>τῇ</span> <span class='ocrx_word' id='word_1_840' title='bbox 2076 5435 2161 5507; x_wconf 66' lang='grc' dir='ltr'>τῇ</span> 
     </span>
    </p>
   </div>
   <div class='ocr_carea' id='block_1_104' title="bbox 581 5503 2160 5587">
    <p class='ocr_par' dir='ltr' id='par_1_104' title="bbox 581 5503 2160 5587">
     <span class='ocr_line' id='line_1_107' title="bbox 581 5503 2160 5587; baseline 0.002 -28"><span class='ocrx_word' id='word_1_841' title='bbox 581 5503 743 5587; x_wconf 54' lang='lat' dir='ltr'><strong>grta,</strong></span> <span class='ocrx_word' id='word_1_842' title='bbox 776 5503 1635 5587; x_wconf 48' lang='grc' dir='ltr'>ἀλλοτρίοις-προσεκύνςῃσαν.</span> <span class='ocrx_word' id='word_1_843' title='bbox 1672 5503 1966 5587; x_wconf 44' lang='lat' dir='ltr'><strong>Constantii</strong></span> <span class='ocrx_word' id='word_1_844' title='bbox 1982 5503 2160 5587; x_wconf 56' lang='lat' dir='ltr'><strong>&#39;codei</strong></span> 
     </span>
    </p>
   </div>
   <div class='ocr_carea' id='block_1_105' title="bbox 588 5571 2155 5649">
    <p class='ocr_par' dir='ltr' id='par_1_105' title="bbox 588 5571 2155 5649">
     <span class='ocr_line' id='line_1_108' title="bbox 588 5571 2155 5649; baseline 0.004 -23"><span class='ocrx_word' id='word_1_845' title='bbox 588 5571 904 5649; x_wconf 62' lang='lat' dir='ltr'><strong>Yaticanus.</strong></span> <span class='ocrx_word' id='word_1_846' title='bbox 936 5571 1291 5649; x_wconf 58' lang='lat' dir='ltr'><strong>{thslerius</strong></span> <span class='ocrx_word' id='word_1_847' title='bbox 1313 5571 1605 5649; x_wconf 72' lang='grc' dir='ltr'>παρέλκειν</span> <span class='ocrx_word' id='word_1_848' title='bbox 1627 5584 1777 5649; x_wconf 77' lang='lat' dir='ltr'><strong>putat</strong></span> <span class='ocrx_word' id='word_1_849' title='bbox 1799 5575 1868 5649; x_wconf 79' lang='grc' dir='ltr'>τὰ</span> <span class='ocrx_word' id='word_1_850' title='bbox 1882 5574 2155 5649; x_wconf 77' lang='grc' dir='ltr'>ἀλλότρια.</span> 
     </span>
    </p>
   </div>
   <div class='ocr_carea' id='block_1_106' title="bbox 581 5594 2159 5732">
    <p class='ocr_par' dir='ltr' id='par_1_106' title="bbox 581 5594 2159 5732">
     <span class='ocr_line' id='line_1_109' title="bbox 598 5594 2155 5649; baseline 0.004 -23"><span class='ocrx_word' id='word_1_851' title='bbox 598 5594 904 5628; x_wconf 72' lang='lat' dir='ltr'><strong>Vaticanus.</strong></span> <span class='ocrx_word' id='word_1_852' title='bbox 936 5594 955 5623; x_wconf 75' lang='grc' dir='ltr'><strong>σ</strong></span> <span class='ocrx_word' id='word_1_853' title='bbox 985 5594 1291 5631; x_wconf 71' lang='grc' dir='ltr'>ωιιειεηυε</span> <span class='ocrx_word' id='word_1_854' title='bbox 1313 5594 1605 5649; x_wconf 78' lang='grc' dir='ltr'>παρελκειν</span> <span class='ocrx_word' id='word_1_855' title='bbox 1627 5594 1777 5645; x_wconf 72' lang='grc' dir='ltr'>ριιιεδι</span> <span class='ocrx_word' id='word_1_856' title='bbox 1799 5594 1868 5629; x_wconf 86' lang='grc' dir='ltr'><strong>τα</strong></span> <span class='ocrx_word' id='word_1_857' title='bbox 1882 5594 2039 5629; x_wconf 81' lang='grc' dir='ltr'>αΑΛοτ</span> <span class='ocrx_word' id='word_1_858' title='bbox 2082 5594 2155 5632; x_wconf 90' lang='grc' dir='ltr'><strong>ια.</strong></span> 
     </span>
     <span class='ocr_line' id='line_1_110' title="bbox 581 5594 2159 5732; baseline 0.001 -33"><span class='ocrx_word' id='word_1_859' title='bbox 581 5642 889 5732; x_wconf 61' lang='grc' dir='ltr'><strong>(Ξοινιιεεισίιιιξι</strong></span> <span class='ocrx_word' id='word_1_860' title='bbox 909 5644 1122 5732; x_wconf 52' lang='lat' dir='ltr'><strong>videtur</strong></span> <span class='ocrx_word' id='word_1_861' title='bbox 1153 5646 1349 5732; x_wconf 69' lang='lat' dir='ltr'><strong>legisse</strong></span> <span class='ocrx_word' id='word_1_862' title='bbox 1380 5664 1394 5700; x_wconf 90' lang='lat'>:</span> <span class='ocrx_word' id='word_1_863' title='bbox 1422 5648 1616 5732; x_wconf 60' lang='grc' dir='ltr'>ἐκεῖνοι</span> <span class='ocrx_word' id='word_1_864' title='bbox 1650 5644 1746 5732; x_wconf 52' lang='grc' dir='ltr'><strong>μὲν</strong></span> <span class='ocrx_word' id='word_1_865' title='bbox 1770 5646 1880 5717; x_wconf 88' lang='grc' dir='ltr'>γὰρ</span> <span class='ocrx_word' id='word_1_866' title='bbox 1905 5644 1974 5699; x_wconf 88' lang='grc' dir='ltr'><strong>τά</strong></span> <span class='ocrx_word' id='word_1_867' title='bbox 2001 5594 2159 5732; x_wconf 45' lang='lat' dir='ltr'><strong>rigid-</strong></span> 
     </span>
    </p>
   </div>
   <div class='ocr_carea' id='block_1_107' title="bbox 580 5714 2162 5858">
    <p class='ocr_par' dir='ltr' id='par_1_107' title="bbox 580 5714 2162 5858">
     <span class='ocr_line' id='line_1_111' title="bbox 580 5714 2162 5800; baseline 0.001 -32"><span class='ocrx_word' id='word_1_868' title='bbox 580 5730 710 5786; x_wconf 81' lang='grc' dir='ltr'>τρια</span> <span class='ocrx_word' id='word_1_869' title='bbox 742 5714 802 5766; x_wconf 74' lang='grc' dir='ltr'>ἐν</span> <span class='ocrx_word' id='word_1_870' title='bbox 827 5714 982 5794; x_wconf 67' lang='grc' dir='ltr'><strong>τῇγῇ</strong></span> <span class='ocrx_word' id='word_1_871' title='bbox 1012 5714 1142 5796; x_wconf 66' lang='grc' dir='ltr'>ᾅγια</span> <span class='ocrx_word' id='word_1_872' title='bbox 1172 5714 1454 5800; x_wconf 65' lang='grc' dir='ltr'>ἐποίησαν,</span> <span class='ocrx_word' id='word_1_873' title='bbox 1489 5714 1803 5799; x_wconf 44' lang='grc' dir='ltr'>ἀλλοτρίοις.</span> <span class='ocrx_word' id='word_1_874' title='bbox 1825 5714 2162 5798; x_wconf 76' lang='grc' dir='ltr'>προσεκύνη-</span> 
     </span>
     <span class='ocr_line' id='line_1_112' title="bbox 583 5783 2162 5858; baseline 0.001 -20"><span class='ocrx_word' id='word_1_875' title='bbox 583 5800 707 5841; x_wconf 85' lang='grc' dir='ltr'>σαν.</span> <span class='ocrx_word' id='word_1_876' title='bbox 746 5783 921 5840; x_wconf 79' lang='lat' dir='ltr'><strong>Verttt</strong></span> <span class='ocrx_word' id='word_1_877' title='bbox 950 5799 1096 5841; x_wconf 77' lang='lat' dir='ltr'><strong>enim</strong></span> <span class='ocrx_word' id='word_1_878' title='bbox 1123 5804 1137 5840; x_wconf 90' lang='lat'><strong>:</strong></span> <span class='ocrx_word' id='word_1_879' title='bbox 1175 5785 1318 5841; x_wconf 89' lang='lat' dir='ltr'><strong>Nam</strong></span> <span class='ocrx_word' id='word_1_880' title='bbox 1359 5786 1444 5842; x_wconf 53' lang='lat' dir='ltr'><strong>tu:</strong></span> <span class='ocrx_word' id='word_1_881' title='bbox 1476 5786 1688 5858; x_wconf 71' lang='lat' dir='ltr'><strong>quidem</strong></span> <span class='ocrx_word' id='word_1_882' title='bbox 1728 5787 1903 5840; x_wconf 70' lang='lat' dir='ltr'><strong>aliena</strong></span> <span class='ocrx_word' id='word_1_883' title='bbox 1929 5802 1985 5840; x_wconf 83' lang='lat' dir='ltr'><strong>tn</strong></span> <span class='ocrx_word' id='word_1_884' title='bbox 2017 5794 2162 5840; x_wconf 85' lang='lat' dir='ltr'><strong>terra</strong></span> 
     </span>
    </p>
   </div>
   <div class='ocr_carea' id='block_1_108' title="bbox 2264 4599 3842 4671">
    <p class='ocr_par' dir='ltr' id='par_1_108' title="bbox 2264 4599 3842 4671">
     <span class='ocr_line' id='line_1_113' title="bbox 2264 4599 3842 4671; baseline -0.003 -14"><span class='ocrx_word' id='word_1_885' title='bbox 2264 4602 2319 4657; x_wconf 87' lang='lat' dir='ltr'><strong>in</strong></span> <span class='ocrx_word' id='word_1_886' title='bbox 2351 4611 2492 4658; x_wconf 88' lang='lat' dir='ltr'><strong>terra</strong></span> <span class='ocrx_word' id='word_1_887' title='bbox 2525 4610 2735 4657; x_wconf 87' lang='lat' dir='ltr'><strong>sancta.</strong></span> <span class='ocrx_word' id='word_1_888' title='bbox 2752 4600 2812 4655; x_wconf 87' lang='lat' dir='ltr'><strong>Si</strong></span> <span class='ocrx_word' id='word_1_889' title='bbox 2836 4600 2961 4671; x_wconf 85' lang='lat' dir='ltr'><strong>quis</strong></span> <span class='ocrx_word' id='word_1_890' title='bbox 2986 4601 3157 4665; x_wconf 87' lang='lat' dir='ltr'><strong>enim,</strong></span> <span class='ocrx_word' id='word_1_891' title='bbox 3188 4599 3429 4656; x_wconf 83' lang='lat' dir='ltr'><strong>adoratis</strong></span> <span class='ocrx_word' id='word_1_892' title='bbox 3462 4600 3517 4654; x_wconf 93' lang='lat' dir='ltr'><strong>in</strong></span> <span class='ocrx_word' id='word_1_893' title='bbox 3542 4608 3685 4655; x_wconf 89' lang='lat' dir='ltr'><strong>terra</strong></span> <span class='ocrx_word' id='word_1_894' title='bbox 3713 4614 3842 4654; x_wconf 86' lang='lat' dir='ltr'><strong>san-</strong></span> 
     </span>
    </p>
   </div>
   <div class='ocr_carea' id='block_1_109' title="bbox 2268 4693 3841 4765">
    <p class='ocr_par' dir='ltr' id='par_1_109' title="bbox 2268 4693 3841 4765">
     <span class='ocr_line' id='line_1_114' title="bbox 2268 4693 3841 4765; baseline -0.003 -13"><span class='ocrx_word' id='word_1_895' title='bbox 2268 4705 2355 4752; x_wconf 84' lang='lat' dir='ltr'><strong>cta</strong></span> <span class='ocrx_word' id='word_1_896' title='bbox 2379 4694 2559 4759; x_wconf 86' lang='lat' dir='ltr'><strong>idolis,</strong></span> <span class='ocrx_word' id='word_1_897' title='bbox 2586 4695 2645 4749; x_wconf 88' lang='lat' dir='ltr'><strong>in</strong></span> <span class='ocrx_word' id='word_1_898' title='bbox 2674 4703 2873 4749; x_wconf 87' lang='lat' dir='ltr'><strong>terram</strong></span> <span class='ocrx_word' id='word_1_899' title='bbox 2911 4694 3045 4749; x_wconf 84' lang='lat' dir='ltr'><strong>abiit</strong></span> <span class='ocrx_word' id='word_1_900' title='bbox 3066 4693 3325 4759; x_wconf 85' lang='lat' dir='ltr'><strong>alienam,</strong></span> <span class='ocrx_word' id='word_1_901' title='bbox 3355 4695 3545 4765; x_wconf 87' lang='lat' dir='ltr'><strong>utique</strong></span> <span class='ocrx_word' id='word_1_902' title='bbox 3575 4693 3669 4765; x_wconf 89' lang='lat' dir='ltr'><strong>qui</strong></span> <span class='ocrx_word' id='word_1_903' title='bbox 3702 4693 3841 4748; x_wconf 86' lang='lat' dir='ltr'><strong>ado-</strong></span> 
     </span>
    </p>
   </div>
   <div class='ocr_carea' id='block_1_110' title="bbox 2270 4783 3838 4851">
    <p class='ocr_par' dir='ltr' id='par_1_110' title="bbox 2270 4783 3838 4851">
     <span class='ocr_line' id='line_1_115' title="bbox 2270 4783 3838 4851; baseline -0.003 -9"><span class='ocrx_word' id='word_1_904' title='bbox 2270 4786 2474 4842; x_wconf 80' lang='lat' dir='ltr'><strong>raverit</strong></span> <span class='ocrx_word' id='word_1_905' title='bbox 2501 4783 2670 4842; x_wconf 87' lang='lat' dir='ltr'><strong>Deum</strong></span> <span class='ocrx_word' id='word_1_906' title='bbox 2697 4785 2754 4841; x_wconf 88' lang='lat' dir='ltr'><strong>in</strong></span> <span class='ocrx_word' id='word_1_907' title='bbox 2784 4793 2926 4841; x_wconf 89' lang='lat' dir='ltr'><strong>terra</strong></span> <span class='ocrx_word' id='word_1_908' title='bbox 2956 4784 3156 4851; x_wconf 88' lang='lat' dir='ltr'><strong>aliena,</strong></span> <span class='ocrx_word' id='word_1_909' title='bbox 3186 4786 3358 4842; x_wconf 87' lang='lat' dir='ltr'><strong>abibit</strong></span> <span class='ocrx_word' id='word_1_910' title='bbox 3392 4787 3447 4841; x_wconf 92' lang='lat' dir='ltr'><strong>in</strong></span> <span class='ocrx_word' id='word_1_911' title='bbox 3478 4793 3678 4841; x_wconf 85' lang='lat' dir='ltr'><strong>terram</strong></span> <span class='ocrx_word' id='word_1_912' title='bbox 3712 4798 3838 4839; x_wconf 82' lang='lat' dir='ltr'><strong>san-</strong></span> 
     </span>
    </p>
   </div>
   <div class='ocr_carea' id='block_1_111' title="bbox 1978 4915 2569 4989">
    <p class='ocr_par' dir='ltr' id='par_1_111' title="bbox 1978 4915 2569 4989">
     <span class='ocr_line' id='line_1_116' title="bbox 1978 4915 2569 4989; baseline 0.002 -17"><span class='ocrx_word' id='word_1_913' title='bbox 1978 4915 2025 4950; x_wconf 79' lang='lat'><strong>&quot;</strong></span> <span class='ocrx_word' id='word_1_914' title='bbox 2062 4915 2207 4975; x_wconf 87' lang='lat' dir='ltr'><strong>Psal.</strong></span> <span class='ocrx_word' id='word_1_915' title='bbox 2243 4933 2480 4989; x_wconf 78' lang='lat' dir='ltr'><strong>cxxxvr,</strong></span> <span class='ocrx_word' id='word_1_916' title='bbox 2514 4918 2569 4974; x_wconf 72' lang='grc'>4.</span> 
     </span>
    </p>
   </div>
   <div class='ocr_carea' id='block_1_112' title="bbox 2261 5081 3836 5158">
    <p class='ocr_par' dir='ltr' id='par_1_112' title="bbox 2261 5081 3836 5158">
     <span class='ocr_line' id='line_1_117' title="bbox 2261 5081 3836 5158; baseline -0.003 -16"><span class='ocrx_word' id='word_1_917' title='bbox 2261 5095 2449 5143; x_wconf 87' lang='lat' dir='ltr'><strong>saneta</strong></span> <span class='ocrx_word' id='word_1_918' title='bbox 2474 5087 2728 5158; x_wconf 78' lang='lat' dir='ltr'><strong>fecerunt,</strong></span> <span class='ocrx_word' id='word_1_919' title='bbox 2747 5085 2948 5158; x_wconf 84' lang='lat' dir='ltr'><strong>alienos</strong></span> <span class='ocrx_word' id='word_1_920' title='bbox 2966 5086 3276 5158; x_wconf 64' lang='lat' dir='ltr'><strong>adorrxrttnt.</strong></span> <span class='ocrx_word' id='word_1_921' title='bbox 3350 5081 3637 5138; x_wconf 81' lang='lat' dir='ltr'><strong>Existimet</strong></span> <span class='ocrx_word' id='word_1_922' title='bbox 3666 5081 3836 5137; x_wconf 82' lang='lat' dir='ltr'><strong>lector</strong></span> 
     </span>
    </p>
   </div>
   <div class='ocr_carea' id='block_1_113' title="bbox 2263 5150 3414 5229">
    <p class='ocr_par' dir='ltr' id='par_1_113' title="bbox 2263 5150 3414 5229">
     <span class='ocr_line' id='line_1_118' title="bbox 2263 5150 3414 5229; baseline -0.005 -16"><span class='ocrx_word' id='word_1_923' title='bbox 2263 5168 2385 5229; x_wconf 86' lang='lat' dir='ltr'><strong>utra</strong></span> <span class='ocrx_word' id='word_1_924' title='bbox 2412 5150 2590 5229; x_wconf 43' lang='lat' dir='ltr'><strong>potior</strong></span> <span class='ocrx_word' id='word_1_925' title='bbox 2614 5159 2701 5229; x_wconf 58' lang='lat' dir='ltr'><strong>sit</strong></span> <span class='ocrx_word' id='word_1_926' title='bbox 2715 5150 3046 5229; x_wconf 79' lang='lat' dir='ltr'><strong>emendatio.</strong></span> <span class='ocrx_word' id='word_1_927' title='bbox 3100 5171 3134 5229; x_wconf 67' lang='lat' dir='ltr'><strong>r</strong></span> <span class='ocrx_word' id='word_1_928' title='bbox 3154 5150 3414 5229; x_wconf 54' lang='lat' dir='ltr'><strong>&quot;partes.</strong></span> 
     </span>
    </p>
   </div>
   <div class='ocr_carea' id='block_1_114' title="bbox 2335 5215 3839 5300">
    <p class='ocr_par' dir='ltr' id='par_1_114' title="bbox 2335 5215 3839 5300">
     <span class='ocr_line' id='line_1_119' title="bbox 2335 5215 3839 5300; baseline -0.012 -12"><span class='ocrx_word' id='word_1_929' title='bbox 2335 5215 2427 5300; x_wconf 75' lang='lat' dir='ltr'><strong>t6)‘</strong></span> <span class='ocrx_word' id='word_1_930' title='bbox 2452 5215 2637 5300; x_wconf 75' lang='lat' dir='ltr'><strong>Codex</strong></span> <span class='ocrx_word' id='word_1_931' title='bbox 2667 5225 3053 5300; x_wconf 77' lang='lat' dir='ltr'><strong>Scorialensis,</strong></span> <span class='ocrx_word' id='word_1_932' title='bbox 3088 5224 3277 5300; x_wconf 65' lang='grc' dir='ltr'>εἰπών.</span> <span class='ocrx_word' id='word_1_933' title='bbox 3300 5221 3612 5287; x_wconf 86' lang='lat' dir='ltr'><strong>Basilidem,</strong></span> <span class='ocrx_word' id='word_1_934' title='bbox 3645 5215 3839 5274; x_wconf 78' lang='lat' dir='ltr'><strong>Valen-</strong></span> 
     </span>
    </p>
   </div>
   <div class='ocr_carea' id='block_1_115' title="bbox 2261 5293 3364 5366">
    <p class='ocr_par' dir='ltr' id='par_1_115' title="bbox 2261 5293 3364 5366">
     <span class='ocr_line' id='line_1_120' title="bbox 2261 5293 3364 5366; baseline -0.003 -14"><span class='ocrx_word' id='word_1_935' title='bbox 2261 5293 2437 5352; x_wconf 84' lang='lat' dir='ltr'><strong>tinum</strong></span> <span class='ocrx_word' id='word_1_936' title='bbox 2468 5307 2525 5354; x_wconf 88' lang='lat' dir='ltr'><strong>et</strong></span> <span class='ocrx_word' id='word_1_937' title='bbox 2544 5297 2874 5366; x_wconf 79' lang='lat' dir='ltr'><strong>Marcionem</strong></span> <span class='ocrx_word' id='word_1_938' title='bbox 2908 5306 3059 5352; x_wconf 88' lang='lat' dir='ltr'><strong>notat</strong></span> <span class='ocrx_word' id='word_1_939' title='bbox 3083 5293 3364 5366; x_wconf 63' lang='lat' dir='ltr'><strong>Origenes.</strong></span> 
     </span>
    </p>
   </div>
   <div class='ocr_carea' id='block_1_116' title="bbox 2333 5358 3836 5441">
    <p class='ocr_par' dir='ltr' id='par_1_116' title="bbox 2333 5358 3836 5441">
     <span class='ocr_line' id='line_1_121' title="bbox 2333 5358 3836 5441; baseline -0.006 -20"><span class='ocrx_word' id='word_1_940' title='bbox 2333 5366 2411 5441; x_wconf 86' lang='lat'><strong>(7)</strong></span> <span class='ocrx_word' id='word_1_941' title='bbox 2458 5367 2636 5441; x_wconf 56' lang='lat' dir='ltr'><strong>Md</strong></span> <span class='ocrx_word' id='word_1_942' title='bbox 2682 5366 2820 5441; x_wconf 8' lang='grc' dir='ltr'>πῶς,</span> <span class='ocrx_word' id='word_1_943' title='bbox 2840 5365 3070 5441; x_wconf 53' lang='lat' dir='ltr'><strong>Meyer</strong></span> <span class='ocrx_word' id='word_1_944' title='bbox 3111 5358 3225 5441; x_wconf 69' lang='grc' dir='ltr'><strong>τὴῖ·</strong></span> <span class='ocrx_word' id='word_1_945' title='bbox 3458 5358 3690 5441; x_wconf 42' lang='grc' dir='ltr'>,Κυρίου</span> 
     </span>
    </p>
   </div>
   <div class='ocr_carea' id='block_1_117' title="bbox 2261 5428 3837 5507">
    <p class='ocr_par' dir='ltr' id='par_1_117' title="bbox 2261 5428 3837 5507">
     <span class='ocr_line' id='line_1_122' title="bbox 2261 5428 3837 5507; baseline -0.007 -15"><span class='ocrx_word' id='word_1_946' title='bbox 2261 5428 2361 5491; x_wconf 65' lang='grc' dir='ltr'><strong>ἐπὶ</strong></span> <span class='ocrx_word' id='word_1_947' title='bbox 2393 5428 2523 5507; x_wconf 81' lang='grc' dir='ltr'><strong>’τῆς</strong></span> <span class='ocrx_word' id='word_1_948' title='bbox 2567 5428 2909 5507; x_wconf 43' lang='lat' dir='ltr'><strong>dilargita}.</strong></span> <span class='ocrx_word' id='word_1_949' title='bbox 2953 5428 3219 5507; x_wconf 58' lang='lat' dir='ltr'><strong>&#39;Hzec__in</strong></span> <span class='ocrx_word' id='word_1_950' title='bbox 3267 5428 3597 5507; x_wconf 69' lang='lat' dir='ltr'><strong>Scorialensi</strong></span> <span class='ocrx_word' id='word_1_951' title='bbox 3648 5428 3837 5507; x_wconf 73' lang='lat' dir='ltr'><strong>codice</strong></span> 
     </span>
    </p>
   </div>
   <div class='ocr_carea' id='block_1_118' title="bbox 2266 5498 3838 5562">
    <p class='ocr_par' dir='ltr' id='par_1_118' title="bbox 2266 5498 3838 5562">
     <span class='ocr_line' id='line_1_123' title="bbox 2266 5498 3838 5562; baseline -0.008 0"><span class='ocrx_word' id='word_1_952' title='bbox 2266 5498 2480 5562; x_wconf 72' lang='lat' dir='ltr'><strong>omissa</strong></span> <span class='ocrx_word' id='word_1_953' title='bbox 2499 5498 2734 5561; x_wconf 73' lang='lat' dir='ltr'><strong>restituit</strong></span> <span class='ocrx_word' id='word_1_954' title='bbox 2753 5498 3072 5561; x_wconf 67' lang='lat' dir='ltr'><strong>Vaticanus.</strong></span> <span class='ocrx_word' id='word_1_955' title='bbox 3104 5503 3225 5557; x_wconf 81' lang='lat' dir='ltr'><strong>Mox</strong></span> <span class='ocrx_word' id='word_1_956' title='bbox 3252 5500 3598 5558; x_wconf 83' lang='lat' dir='ltr'><strong>scribendum</strong></span> <span class='ocrx_word' id='word_1_957' title='bbox 3624 5498 3838 5552; x_wconf 86' lang='lat' dir='ltr'><strong>videtur</strong></span> 
     </span>
    </p>
   </div>
   <div class='ocr_carea' id='block_1_119' title="bbox 2264 5576 2807 5636">
    <p class='ocr_par' dir='ltr' id='par_1_119' title="bbox 2264 5576 2807 5636">
     <span class='ocr_line' id='line_1_124' title="bbox 2264 5576 2807 5636; baseline -0.004 -5"><span class='ocrx_word' id='word_1_958' title='bbox 2264 5576 2454 5631; x_wconf 82' lang='grc' dir='ltr'>τοῦτον</span> <span class='ocrx_word' id='word_1_959' title='bbox 2489 5577 2672 5636; x_wconf 87' lang='grc' dir='ltr'>τόπον,</span> <span class='ocrx_word' id='word_1_960' title='bbox 2703 5586 2807 5631; x_wconf 88' lang='lat' dir='ltr'><strong>etc.</strong></span> 
     </span>
    </p>
   </div>
   <div class='ocr_carea' id='block_1_120' title="bbox 2336 5638 3836 5768">
    <p class='ocr_par' dir='ltr' id='par_1_120' title="bbox 2336 5638 3836 5768">
     <span class='ocr_line' id='line_1_125' title="bbox 2336 5638 3836 5768; baseline -0.007 -69"><span class='ocrx_word' id='word_1_961' title='bbox 2336 5647 2415 5768; x_wconf 79' lang='grc'><strong>(8)</strong></span> <span class='ocrx_word' id='word_1_962' title='bbox 2455 5645 2826 5713; x_wconf 77' lang='grc' dir='ltr'>Ἀλλοτρίας.</span> <span class='ocrx_word' id='word_1_963' title='bbox 2880 5642 3025 5731; x_wconf 51' lang='grc' dir='ltr'>Ιτεεο</span> <span class='ocrx_word' id='word_1_964' title='bbox 3067 5658 3193 5730; x_wconf 67' lang='lat' dir='ltr'><strong>cum</strong></span> <span class='ocrx_word' id='word_1_965' title='bbox 3223 5638 3514 5703; x_wconf 85' lang='lat' dir='ltr'><strong>Ghislerio,</strong></span> <span class='ocrx_word' id='word_1_966' title='bbox 3539 5640 3642 5694; x_wconf 81' lang='grc' dir='ltr'><strong>οὐκ</strong></span> <span class='ocrx_word' id='word_1_967' title='bbox 3679 5638 3836 5692; x_wconf 82' lang='grc' dir='ltr'>ἁλλο-</span> 
     </span>
     <span class='ocr_line' id='line_1_126' title="bbox 2357 5710 3551 5768; baseline -0.003 0"><span class='ocrx_word' id='word_1_968' title='bbox 2357 5732 2443 5768; x_wconf 74' lang='lat' dir='ltr'><strong>ac.</strong></span> <span class='ocrx_word' id='word_1_969' title='bbox 2461 5715 2545 5768; x_wconf 84' lang='lat' dir='ltr'><strong>vei</strong></span> <span class='ocrx_word' id='word_1_970' title='bbox 2578 5722 2638 5768; x_wconf 91' lang='lat' dir='ltr'><strong>ut</strong></span> <span class='ocrx_word' id='word_1_971' title='bbox 2663 5729 2849 5768; x_wconf 83' lang='lat' dir='ltr'><strong>supra.</strong></span> <span class='ocrx_word' id='word_1_972' title='bbox 2867 5729 2969 5767; x_wconf 91' lang='grc' dir='ltr'><strong>ουκ</strong></span> <span class='ocrx_word' id='word_1_973' title='bbox 2996 5714 3090 5765; x_wconf 80' lang='grc' dir='ltr'><strong>ὲπι</strong></span> <span class='ocrx_word' id='word_1_974' title='bbox 3118 5729 3221 5768; x_wconf 80' lang='grc' dir='ltr'><strong>γης</strong></span> <span class='ocrx_word' id='word_1_975' title='bbox 3247 5710 3551 5768; x_wconf 83' lang='grc' dir='ltr'>ἀλλοτρίας.</span> 
     </span>
    </p>
   </div>
   <div class='ocr_carea' id='block_1_121' title="bbox 2264 5710 3551 5788">
    <p class='ocr_par' dir='ltr' id='par_1_121' title="bbox 2264 5710 3551 5788">
     <span class='ocr_line' id='line_1_127' title="bbox 2264 5710 3551 5788; baseline -0.003 -19"><span class='ocrx_word' id='word_1_976' title='bbox 2264 5710 2443 5788; x_wconf 78' lang='grc' dir='ltr'>τρίας,</span> <span class='ocrx_word' id='word_1_977' title='bbox 2461 5715 2545 5770; x_wconf 81' lang='lat' dir='ltr'><strong>vel</strong></span> <span class='ocrx_word' id='word_1_978' title='bbox 2578 5722 2638 5768; x_wconf 86' lang='lat' dir='ltr'><strong>ut</strong></span> <span class='ocrx_word' id='word_1_979' title='bbox 2663 5710 2849 5784; x_wconf 74' lang='lat' dir='ltr'><strong>supra,</strong></span> <span class='ocrx_word' id='word_1_980' title='bbox 2867 5710 2975 5767; x_wconf 74' lang='grc' dir='ltr'><strong>οὐκ</strong></span> <span class='ocrx_word' id='word_1_981' title='bbox 2996 5714 3090 5765; x_wconf 72' lang='grc' dir='ltr'>ἐπὶ</span> <span class='ocrx_word' id='word_1_982' title='bbox 3118 5711 3221 5782; x_wconf 79' lang='grc' dir='ltr'>γῆς</span> <span class='ocrx_word' id='word_1_983' title='bbox 3247 5710 3551 5781; x_wconf 87' lang='grc' dir='ltr'>ἀλλοτρίας.</span> 
     </span>
    </p>
   </div>
  </div>
