4130 6434
521 414 623 474 337

1704 409 1770 466 IN
1810 408 2154 467 JL‘REMIAM
2191 411 2473 467 HOMILIA
2511 412 2644 469 Vill.

3674 412 3778 467 εει

522 544 621 587 ποι
660 529 854 585 αὐτοῦ
886 530 961 603 (1⁵)
999 529 1264 599 ἀνόητοί,
1294 532 1389 584 καὶ
1415 530 1691 600 ἄχρηστα
1723 531 1795 583 τὰ
1826 531 1969 599 ἔργα
2000 530 2101 583 αὺ-

2209 545 2323 598 spes
2352 530 2464 599 ejus
2496 546 2513 584 :
2541 540 2591 584 et
2625 528 2827 582 labores
2857 529 2968 597 ejus
2999 528 3270 587 insensali.
3296 538 3344 582 et
3372 528 3587 581 inutilia
3622 545 3778 598 opem

521 622 648 690 τοῦ,
678 623 906 696 φησὶνὴ
948 622 1146 692 Σοφία,
1182 626 1213 695 ή
1257 623 1706 695 ἐπιγεγραμμένη
1741 622 2101 691 Σολομῶντος.

502 712 621 768 ’Διά
646 713 828 781 τοῦτο,
857 716 956 784 ὂση
985 714 1239 786 δύναμις,
1256 716 1375 771 insi.
1402 710 1727 787 ἀνορθόῦται·
1749 716 1787 785 ἡ,
1807 712 2101 783 οἰκουμένη

524 806 583 858 ὲν
604 807 672 877 τῇ
705 804 866 877 σοφίᾳ
895 804 990 858 τοῦ
1019 804 1176 870 Θεοῦ,
1216 804 1518 880 βουλόμεθα
1544 804 1601 858 δὲ
1630 806 1725 860 καί
1758 806 1909 860 αὐτοὶ
1943 806 2101 875 ἀνορ-

524 897 766 968 θωθῆναι
801 895 961 970 ήμῶν
992 897 1092 969 τὴν
1128 898 1451 968 οἰκουμένην
1479 897 1619 969 τάχα
1660 896 1958 951 πεσοῦσαν
2006 896 2102 949 πέ-

524 1007 705 1044 πτωκε
725 987 835 1062 γὰρ
862 988 1001 1059 αὕτη
1024 990 1058 1059 ἡ
1090 989 1383 1060 οἰκουμένη
1409 990 1569 1060 ἡνίκα
1602 990 1941 1061 ἡμάρτομεν,
1975 990 2102 1057 ήσε-

522 1077 788 1148 6ήσαμεν,
824 1078 1182 1151 ἠδικήσαμεν,
1218 1081 1312 1132 καὶ
1343 1079 1520 1133 δέεται
1563 1078 1932 1151 ἀνορθὼσεως.
1969 1079 2100 1142 Θεὸς

519 1161 612 1221 οὖν
660 1168 689 1220 ὁ
738 1166 1053 1240 ἀνορθώσας
1102 1169 1201 1240 τὴν
1244 1170 1568 1241 οἰκουμένην
1624 1168 1805 1223 ἐστίν’
1839 1170 1887 1221 εἰ
1931 1168 1988 1221 δὲ
2025 1167 2099 1240 μή

519 1257 760 1312 τοιοῦτον
794 1258 1090 1330 λαμδάνεις
1126 1259 1208 1324 τὸ,
1258 1259 1571 1331 ἀνορθώσας
1618 1259 1713 1331 τὴν
1755 1259 2097 1330 οἰκουμένην,

518 1348 655 1403 ἀλλὰ
683 1348 985 1421 κοινότερον
1017 1350 1213 1422 νοήσας
1250 1350 1345 1421 τὴν
1373 1351 1719 1421 οἰκουμένην,
1756 1349 1909 1421 ζήτει
1939 1350 2101 1403 πόθεν

519 1438 834 1512 ἀνορθώσας
857 1440 974 1493 ἐστὶ
997 1441 1093 1512 τὴν
1115 1443 1457 1513 οἰκουμένην’
1481 1441 1634 1513 ζήτει
1660 1442 1758 1512 τῆς
1781 1441 2102 1512 οἰκουμένης

521 1531 746 1597 πτῶσιν,
771 1532 855 1588 ἵνα
879 1522 1053 1604 εὑρὼν
1075 1534 1244 1606 αὐτῆς
1268 1535 1365 1606 τὴν
1391 1535 1618 1598 πτῶσιν,
1655 1534 1769 1605 ἴδῃς
1799 1534 1967 1604 αὐτῆς
2004 1532 2102 1604 τὴν

520 1621 837 1695 ἀνόρθωσιν.
872 1623 942 1676 Ei
965 1641 1048 1687 τις
1070 1619 1165 1678 οὖν
1202 1627 1349 1679 ἐστιν
1377 1626 1435 1677 ὲν
1566 1625 1858 1694 οἰκουμένῃ
1893 1624 2064 1694 ταύτῃ
2084 1640 2099 1654 ο

519 1716 638 1788 {saw
664 1714 838 1780 οὕτως
870 1718 1082 1788 νοήσεις
1109 1717 1208 1785 τὴν
1239 1715 1613 1787 οἰκουμένηνλ
1635 1715 1793 1785 δῆλον
1823 1717 1904 1768 ὃτι.
1934 1715 2102 1768 δεῖται

519 1810 618 1880 τῆς
677 1808 1051 1880 ἀνορθώσεως·
1104 1807 1278 1869 οὐδεὶς
1329 1807 1386 1859 δὲ
1436 1807 1510 1878 μὴ
1565 1805 1747 1859 πεσὼν
1794 1806 1963 1859 δεῖται
2006 1807 2103 1876 τῆς

2204 623 2317 691 ejus
2352 624 2426 687 ⁸³,
2474 625 2550 677 ait
2581 622 2877 692 Sapientia,
2909 638 3029 691 quae
3076 622 3228 675 titulo
3276 622 3594 677 inscribitur
3623 619 3779 675 Salo-

2205 716 2401 771 monis.
2431 715 2655 779 Idcirco,
2683 724 2947 784 quantum
2971 728 3280 783 possumus,
3317 710 3597 783 [quoniam
3629 712 3780 767 orbis

2204 819 2471 863 terrarum
2491 806 2542 859 in
2561 806 2824 875 sapientia
2845 805 3057 858 Domini
3076 801 3348 875 erigitur],
3366 803 3612 859 laborare
3633 805 3779 859 aita-

2207 916 2331 954 mur
2357 910 2413 954 et
2443 901 2564 969 ipsi,
2620 910 2677 953 ut
2726 898 2962 951 habitata
3005 898 3184 951 anima
3222 908 3406 951 nostra
3445 913 3473 951 a
3513 898 3778 966 sapientia

2202 991 2293 1045 Dei
2338 992 2598 1062 erigatur.
2639 990 2846 1044 Cecidit
2890 990 3108 1059 quippe,
3150 1000 3199 1042 et
3237 990 3302 1042 de
3327 989 3544 1043 sublimi
3572 991 3779 1043 corruit

2201 1084 2542 1137 venientibus
2557 1083 2714 1136 nobis
2730 1083 2780 1135 in
2805 1082 2981 1136 locum
3003 1082 3163 1135 istum
3190 1082 3554 1137 miseriarum.
3572 1082 3781 1137 Cecidit

2206 1177 2442 1231 habitata
2469 1177 2648 1230 anima
2677 1184 2859 1231 nostra
2889 1184 3174 1245 postquam
3198 1175 3565 1244 peccavimus,
3596 1175 3782 1245 inique

2209 1266 2459 1329 ierimus,
2513 1266 2712 1337 injuste
2741 1266 2970 1337 egimus,
3028 1268 3190 1334 impie
3226 1267 3528 1336 gessimus,
3577 1276 3630 1321 et
3659 1277 3779 1337 post

2206 1353 2418 1406 ruinam
2467 1353 2671 1423 indiget
2715 1354 3006 1408 cret-tione.
3072 1354 3126 1408 Si
3177 1364 3357 1409 autem
3400 1371 3506 1408 non
3553 1357 3636 1409 vis
3677 1358 3778 1410 ista

2204 1443 2470 1496 sententia
2494 1443 2709 1507 adduci,
2736 1458 3081 1497 communem
3108 1443 3274 1496 totius
3296 1442 3447 1497 orbis
3469 1456 3781 1511 quazramus

2204 1537 2440 1602 ruinam,
2476 1545 2598 1604 post
2627 1553 2812 1592 casum
2853 1538 2971 1606 ejus
3007 1537 3160 1607 171
3200 1545 3598 1606 consequenter
3636 1534 3781 1589 Deus

2204 1628 2417 1697 erigens
2446 1630 2788 1696 prmdicatur.
2811 1628 3132 1697 Quicunque
3159 1638 3241 1684 est
3266 1629 3319 1682 in
3344 1628 3453 1683 isto
3475 1628 3628 1690 orbe,
3654 1636 3781 1682 ante

2206 1719 2534 1773 erectionem
2590 1720 2803 1775 cecidit.
2847 1721 2901 1774 Si
2946 1731 3127 1774 autem
3160 1722 3390 1787 cecidit,
3437 1737 3781 1791 consequen-

2212 1820 2292 1864 ter
2322 1809 2613 1880 erigendus
2650 1807 2771 1875 fuit,
2803 1826 2962 1863 nemo
2993 1811 3192 1880 quippe.
3215 1814 3330 1865 sine
3360 1827 3492 1866 casu
3524 1812 3779 1866 subleva-

519 1900 890 1972 ἀνορθώσεως.
919 1898 1087 1967 Δῆλον
1117 1898 1198 1950 ὅτι
1230 1898 1517 1951 πέπτωκεν
1546 1898 1776 1961 ἕκαστος
1804 1898 1908 1951 τῶν
1943 1900 2000 1950 ἐν
2033 1901 2098 1969 τῇ

2208 1911 2313 1955 tur.
2343 1898 2401 1953 Si
2434 1908 2615 1954 autem
2642 1908 2855 1954 erectus
2878 1910 2979 1965 est,
3003 1901 3282 1955 videamus
3310 1916 3432 1969 qua:
3462 1903 3616 1954 ruina
3642 1917 3782 1971 pra:—

521 1990 816 2062 οἰκουμένῃ
851 1989 960 2044 ἀπὸ
994 1990 1286 2060 ἁμαρτίας.
1323 1990 1433 2043 Καὶ
1473 1989 1676 2061 Κύριός
1703 1991 1847 2042 ἐστιν
1887 1991 1916 2042 6
1942 1991 2102 2060 ἀνορ-

522 2076 632 2134 θῶν
660 2079 786 2142 τοὺς
827 2079 1324 2148 κατερῤαγμένους,
1372 2079 1466 2133 καὶ
1509 2078 1860 2149 ὑποστηρίζει
1901 2079 2102 2141 πάντες

524 2172 648 2236 τοὺς
672 2170 1128 2234 καταπίπτοντας.
1172 2172 1258 2224 Ἐν
1289 2170 1366 2242 τῷ
1409 2170 1579 2242 Ἀδὰμ
1619 2170 1820 2234 πάντες
1865 2169 2102 2240 ἀποθνή-

522 2278 732 2329 σκουσι,
772 2263 863 2317 καὶ
905 2263 1044 2316 οὕτω
1090 2263 1376 2331 πέπτωκεν
1416 2264 1449 2334 ἡ
1483 2262 1796 2333 οἰκουμένη,
1819 2262 1910 2315 καὶ
1936 2260 2101 2315 δεῖται

520 2353 891 2427 ἀνορθώσεως,
931 2355 1015 2409 ἵνα
1050 2357 1105 2413 ἐν
1135 2353 1214 2425 τῷ
1256 2354 1477 2426 Χριστῷ
1522 2356 1723 2417 πάντες
1756 2352 2101 2422 ζωοποιηθῶ-

519 2465 604 2503 σιν
622 2466 646 2485 ἠ
674 2447 815 2509 ὥστε
844 2448 1004 2518 διχῶς
1037 2448 1356 2502 ἀποδέδωκα
1383 2448 1454 2501 τά
1477 2447 1604 2519 περὶ
1632 2447 1732 2516 τῆς
1759 2432 2100 2516 οἰκουμένης

517 2540 594 2610 πῆ
633 2540 731 2612 μὲν
760 2542 853 2595 ἐπὶ
889 2541 986 2595 ἕνα
1028 2540 1257 2594 ἕκαστον
1292 2540 1525 2603 δεικνὺς,
1572 2538 1689 2601 πῶς
1730 2540 1931 2609 ἑκάστη
1962 2537 2104 2608 ψυχὴ

516 2634 636 2705 ἤτοι
680 2634 972 2705 οἰκουμένη
1015 2635 1186 2697 ἐστὶν,
1232 2634 1265 2703 ἢ
1316 2632 1552 2704 ἕρημος·
1590 2631 1670 2701 πῆ
1705 2631 1763 2683 δὲ
1807 2633 1891 2683 ἐπ’
1936 2630 2105 2701 αὐτῆς

518 2723 725 2793 στήσας
756 2723 847 2775 τὸν
874 2721 1033 2789 λόγον
1069 2722 1167 2792 τῆς
1192 2722 1340 2772 οἰκου
1349 2721 1537 2791 μένης.

589 2814 702 2866 Καὶ
728 2812 799 2866 ἐν
839 2810 913 2880 τῇ
959 2810 1251 2880 φρονήσει
1281 2810 1467 2865 αὐτοῦ
1498 2810 1758 2876 ἐξέτεινε
1792 2810 1896 2865 τὸν
1926 2812 2103 2880 οὐρα-

521 2903 651 2955 νόν.
688 2902 762 2955 Οὐ
790 2900 1126 2971 συντυχικῶς
1146 2901 1242 2974 τὴν
1266 2902 1524 2973 φρόνησιν
1552 2902 1861 2974 παρέλαϐον
1887 2903 1980 2957 ἐπὶ
2010 2902 2103 2956 τοῦ

521 2992 749 3066 οὐρανοῦ
768 3011 782 3024 ·
817 2994 1070 3065 εὑρήσεις
1098 2995 1204 3065 γὰρ
1225 2996 1282 3048 ὲν
1310 2996 1429 3058 ταῖς
1460 2995 1786 3066 παροιμίαις
1815 2994 2029 3065 λεχθέν·
2050 2996 2103 3048 Ὀ

522 3082 668 3149 Θεὸς
683 3083 752 3136 ἐν
769 3081 843 3153 τῇ
857 3083 1043 3152 σοφίᾳ
1063 3083 1420 3153 ἐθεμελίωσε
1446 3082 1559 3150 τὴν
1579 3081 1715 3153 γῆν,
1734 3084 2022 3153 ἡτοίμασε
2037 3079 2105 3136 δὲ

519 3174 813 3243 οὐρανοὺς
825 3176 895 3228 ἐν
907 3173 1216 3244 φρονήσει.
1235 3177 1423 3230 Ἔστιν
1439 3170 1532 3229 οῦν
1550 3193 1634 3239 τις
1662 3177 1921 3248 φρόνησις
1943 3175 2099 3241 Θεοῦ,

518 3267 586 3339 ᾖν
617 3284 708 3339 μοι
749 3267 898 3339 ζήτει
933 3268 991 3321 ὲν
1021 3267 1242 3340 Χριστῷ
1290 3267 1463 3340 Ἰησοῦ
1483 3287 1496 3300 θ
1529 3269 1705 3324 πάντα
1734 3267 1843 3340 γὰρ
1878 3269 1977 3321 ὅσα
2003 3267 2099 3323 τοῦ

517 3357 676 3424 Θεοῦ,
706 3358 931 3414 τοιαῦτα
963 3361 1019 3412 ὲν
1052 3359 1201 3431 αὐτῷ
1236 3362 1417 3414 ἐστιν’
1449 3362 1477 3415 ὁ
1504 3361 1737 3431 Χριστός
1776 3361 1891 3413 ἐστι
1940 3360 2101 3429 σοφία

520 3450 613 3504 τοῦ
665 3450 822 3516 Θεοῦ,
879 3449 1043 3514 αὐτὸς
1099 3450 1324 3524 δύναμις
1370 3450 1526 3517 Θεοῦ,
1576 3452 1740 3517 αὐτὸς
1788 3453 2100 3525 δικαιοσύνη

521 3543 676 3609 Θεοῦ,
733 3543 893 3608 αὐτὸς
945 3545 1239 3615 ἁγιασμὸς,
1268 3545 1432 3610 αὐτὸς
1483 3545 1878 3615 ἀπολύτρωσις,
1940 3546 2102 3610 αὐτὸς

519 3634 777 3705 φρόνησίς
795 3635 910 3688 ἐστι
931 3635 1086 3690 Θεοῦ.
1122 3636 1281 3691 Ἀλλά
1300 3635 1360 3691 τὸ
1387 3636 1484 3708 μὲν
1505 3637 1863 3709 ὑποκείμενον
1882 3637 1940 3690 έν
1962 3640 2098 3703 ἐστι,

519 3731 637 3792 ταῖς
672 3727 730 3781 δὲ
778 3728 1042 3793 ἐπινοίαις
1097 3729 1165 3783 τὰ
1213 3729 1382 3783 πολλὰ
1423 3729 1661 3801 ὀνόματα
1701 3729 1794 3783 ἐπὶ
1831 3729 2103 3804 διαφόρων

518 3819 656 3873 ἐστί.
712 3821 818 3874 Καὶ
865 3820 927 3873 οὐ
975 3821 1140 3876 ταὺτὸ
1222 3825 1362 3886 νοεῖς
1404 3823 1534 3893 περί
1580 3821 1672 3876 τοῦ
1714 3820 1973 3894 Χριστοῦ,
2012 3822 2102 3877 ὅτε

518 3911 659 3975 νοεῖς
681 3910 844 3965 αὐτὸν
879 3912 1092 3981 σοφίαν,
1133 3913 1228 3966 καὶ
1257 3913 1346 3966 ὅτε
1375 3915 1515 3977 νοεῖς
1546 3913 1710 3967 αὑτὸν
1732 3911 2098 3984 δικαιοσύνην,

524 4002 652 4056 Ὅτε
685 4003 785 4074 μὲν
821 4004 932 4076 γὰρ
959 4002 1171 4073 σοφίαν,
1201 4004 1302 4081 τὴν
1335 4005 1646 4081 ἐπιστήμην
1668 4005 1965 4081 λαμϐάνεις
1995 4006 2105 4061 τῶν

522 4093 683 4149 θείων
714 4094 808 4149 καὶ
845 4094 1228 4166 ἀνθρωπίνων·
1263 4097 1351 4149 ὅτε
1387 4096 1444 4149 δὲ
1481 4096 1823 4169 δικαιοσύνην
1842 4139 1855 4163 ,
1885 4098 1983 4170 τὴν
2007 4098 2102 4153 τοῦ

523 4187 643 4240 κατ’
682 4186 838 4252 ἀξίαν
878 4187 1287 4260 ἀπονεμητικήν
1328 4187 1554 4261 δύναμιν
1584 4191 1641 4242 ὲν
1670 4189 1748 4262 τῷ
1777 4192 1972 4256 παντίο
2009 4192 2103 4246 καὶ

519 4278 611 4332 ὅτε
667 4279 959 4360 ἀγιασμὸν,
1015 4279 1108 4332 τὸν
1153 4282 1561 4352 περιποιητικὸν
1617 4280 1708 4334 τοῦ
1764 4282 1952 4352 ἁγίους
2008 4300 2101 4353 γε-

509 4368 709 4436 ,νέσθαι
791 4371 917 4435 τοὺς
989 4370 1365 4439 πιστεύοντας
1407 4373 1498 4438 καὶ
1573 4372 1960 4443 ἀνακειμένους
2025 4373 2104 4445 τῷ

522 4461 666 4532 Qui)“
700 4461 774 4534 (2)
811 4460 979 4527 οὕτως
1015 4458 1108 4517 οὖν
1154 4464 1248 4530 καὶ
1275 4464 1531 4536 φρόνησιν
1560 4464 1720 4519 αὐτὸν
1757 4469 1986 4535 νοήσεις,
2021 4466 2102 4519 ὅτι

507 4557 786 4627 ἐπιστήμη
832 4555 980 4609 ἐστὶν
1021 4554 1244 4623 ἀγαθῶν
1284 4555 1380 4608 καὶ
1411 4555 1598 4608 κακῶν
1641 4555 1735 4608 καὶ
1775 4555 2094 4627 οὐδετέρων.

507 4648 666 4703 Ἐπεὶ
688 4644 781 4702 οὖν
805 4649 1101 4720 χωρίζεται
1226 4651 1337 4713 τοῖς
1360 4650 1417 4703 ὲν
1440 4649 1653 4720 οὐρανῷ
1676 4648 2039 4713 κατοικοῦσιν,
2063 4647 2097 4721 ἢ

518 4737 630 4799 τοῖς
656 4736 748 4790 τὸν
772 4737 1021 4808 οὐράνιον
1057 4737 1341 4809 ἄνθρωπον
1376 4737 1622 4810 φοροῦσι,
1659 4740 1994 4812 χωρίσαντος
2033 4740 2103 4794 τά

519 4825 665 4882 κακά
682 4827 789 4881 ἀπὸ
811 4828 919 4882 τῶν
942 4827 1180 4898 ἀγαθῶν,
1203 4830 1290 4884 ἴνα
1314 4831 1509 4903 μηκέτι
1537 4830 1829 4905 μολύνηται
1852 4835 2057 4898 ἐκεῖνος
2075 4836 2104 4889 6

516 4916 747 4990 οὐρανὸς
776 4918 863 4987 διὰ
893 4921 953 4973 τὸ
988 4923 1055 4992 τῇ
1097 4922 1353 4993 φρονήσει
1380 4922 1473 4976 τοῦ
1505 4923 1637 4989 Θεοῦ
1666 4912 1985 4991 ἐκτετάσθαι
2013 4926 2105 4980 τὸν

516 5007 743 5079 οὐρανόν
761 5024 776 5039 σ
816 5010 952 5091 μήτε
974 5011 1002 5062 6
1024 5007 1251 5074 δίκαιος,
1285 5011 1360 5065 ὢν
1388 5012 1613 5085 οὐρανὸς
1638 5013 1791 5085 (ἔστι
1826 5014 1934 5087 γὰρ
1962 5017 2052 5070 καὶ
2073 5019 2102 5070 ὁ

514 5098 725 5166 δίκαιος
763 5100 1009 5173 οὐρανὸς,
1044 5100 1122 5167 ὡς
1159 5104 1525 5176 παραστήσω)
1566 5106 1778 5181 εἴρηται
1801 5124 1815 5136 ·
1853 5109 1948 5161 καὶ
1984 5106 2100 5174 ἑξέ-

515 5208 659 5245 τεινε
698 5191 792 5246 τὸν
842 5192 1068 5266 οὐρανὸν
1101 5197 1179 5281 τῇ
1208 5186 1467 5269 φρονήσει
1505 5198 1699 5266 αὑτοῦ,
1722 5199 1849 5265 Πῶς
1879 5198 1971 5255 οῦν
2007 5205 2099 5274 ἐκτ

516 5286 755 5342 τείνεται
795 5291 824 5343 ὁ
868 5290 1096 5363 οὐρανὸς
1142 5278 1489 5365 ἐκτεινούσης
1530 5295 1690 5348 αὐτὸν
1723 5296 1825 5366 τῆς
1872 5296 2094 5367 σοφίας;

514 5378 771 5451 δηλοῦται
809 5381 891 5447 δὲ,
938 5382 1014 5447 ὡς
1047 5385 1080 5455 ή
1124 5383 1285 5454 σοφία
1310 5386 1560 5450 ἐκτείνει,
1596 5387 1654 5438 ἐν
1694 5387 1804 5458 τῷ·
1854 5378 2095 5462 Ἐπειδὴ

2069 3225 2172 3285 ΣΟ

2130 4602 2175 4657 D

2204 1992 2453 2047 cesserit.
2518 1989 2719 2045 Omnes
2754 1991 3064 2046 corruimus
3114 2007 3209 2060 per
3255 2003 3534 2061 peccatum
3568 1994 3621 2045 in
3651 1991 3782 2047 orbe

2206 2095 2498 2139 terrarum.
2557 2083 2659 2140 Est
2698 2084 2960 2139 Dominus
2992 2085 3085 2155 qui
3118 2086 3277 2155 erigit
3302 2086 3487 2149 elisos,
3526 2095 3578 2139 et
3597 2086 3781 2140 eleva-

2206 2175 2281 2228 vit
2305 2191 2404 2230 nos
2421 2176 2687 2245 jacentes.
2730 2175 2787 2229 In
2821 2176 2992 2229 Adam
3032 2192 3224 2232 omnes
3272 2178 3568 2244 morimur,
3619 2189 3785 2248 atque

2206 2268 2279 2323 ita
2315 2268 2524 2323 corruit
2554 2269 2703 2325 orbis
2739 2277 3029 2337 terrarum,
3066 2278 3119 2323 et
3145 2269 3350 2340 indiget
3394 2272 3689 2337 erectione,
3725 2280 3783 2328 ut

2205 2361 2259 2415 in
2296 2361 2516 2416 Christo
2558 2376 2750 2416 omnes
2779 2362 3137 2418 \‘iviticemur.
3203 2361 3368 2433 Igitur
3397 2363 3665 2433 duplicem
3698 2364 3784 2419 in-

2208 2446 2478 2502 tellectum
2508 2449 2573 2503 de
2601 2450 2732 2503 orbe
2755 2451 3079 2506 tradidimus
3112 2468 3337 2516 :unum,
3372 2454 3645 2521 quomodo
3668 2454 3785 2509 sin-

2206 2538 2342 2607 gula:
2367 2537 2597 2603 animm,
2651 2549 2745 2591 aut
2773 2539 3025 2594 habitata:
3049 2540 3178 2604 sint,
3220 2552 3311 2595 aut
3340 2542 3569 2597 desertas
3600 2558 3612 2593 :
3651 2544 3785 2597 alte-

2208 2648 2351 2700 rum,
2377 2631 2653 2703 quomodo
2687 2633 2974 2689 universus
3013 2634 3161 2689 orbis
3187 2636 3391 2704 pariter
3419 2636 3692 2690 ceciderit.

2277 2814 2332 2872 2.
2373 2814 2440 2870 Et
2469 2815 2523 2869 in
2550 2832 2646 2869 sua
2672 2813 2957 2884 prudentia
2988 2814 3223 2869 extendit
3253 2813 3462 2870 cretum.
3514 2794 3631 2868 Non
3670 2814 3764 2869 for-

2209 2910 2346 2964 tuitu
2378 2908 2642 2977 sapientia
2669 2907 2722 2961 in
2750 2907 2876 2963 coeli
2904 2907 3217 2962 ostensione
3240 2913 3518 2975 assumpta
3543 2915 3627 2961 est
3661 2925 3673 2961 :
3700 2910 3785 2960 ir.-

2205 3002 2387 3059 venics
2423 3011 2476 3056 et
2502 3003 2555 3056 in
2580 3000 2890 3055 Proverbiis
2914 3001 3118 3055 dictum
3150 2998 3194 3031 ⁸⁵
3230 3018 3243 3052 :
3281 2998 3538 3054 Dominus
3567 3001 3783 3070 sapien-

2206 3097 2284 3152 tia
2333 3096 2575 3163 fundarit
2624 3104 2859 3157 terram,
2899 3093 3220 3162 prwpararit
3268 3092 3423 3147 cretes
3477 3094 3781 3163 prudentia.

2206 3186 2305 3242 Est
2331 3201 2461 3257 ergo
2491 3186 2675 3256 aliqtta
2711 3182 2996 3254 prudentia
3028 3181 3151 3247 Dei,
3185 3198 3346 3252 quam
3382 3183 3510 3237 nolo
3549 3191 3609 3237 ut
3631 3187 3781 3240 extra

2205 3280 2485 3336 Christum
2534 3277 2805 3348 requiras.
2866 3272 3062 3329 Omnia
3112 3274 3311 3343 quippe
3363 3288 3484 3343 qua:
3522 3282 3651 3329 sunt
3690 3270 3782 3328 Dei

2202 3369 2456 3425 Christus
2504 3377 2589 3424 est
2636 3386 2649 3422 :
2695 3368 2812 3438 ipse
2846 3366 3111 3435 sapientia
3157 3364 3299 3434 ejus,
3343 3365 3456 3434 ipse
3500 3364 3784 3433 fortitudo,

2204 3458 2321 3528 ipse
2338 3456 2721 3519 sanctiﬁcatio,
2748 3456 2863 3526 ipse
2879 3454 3114 3525 justitia,
3142 3455 3258 3524 ipse
3293 3455 3556 3509 sanctitas
3586 3464 3638 3509 et
3663 3457 3785 3511 red-

2203 3551 2427 3620 emptio,
2464 3550 2599 3619 ipse,
2628 3558 2687 3603 ut
2715 3549 2785 3604 ad
2816 3565 3057 3618 praesens
3098 3549 3334 3612 veniam,
3361 3547 3524 3601 etiam
3548 3547 3787 3616 pruden—

2207 3640 2303 3694 tia.
2346 3638 2453 3694 Sed
2480 3654 2604 3693 cum
2634 3638 2705 3692 sit
2740 3653 2909 3693 unum
2937 3639 2990 3692 in
3029 3636 3363 3706 subiacenti,
3394 3651 3493 3706 pro
3529 3637 3786 3692 varietate

2205 3744 2466 3785 sensuum
2502 3728 2735 3783 diversis
2767 3728 3049 3783 vocabulis
3094 3735 3459 3796 nuncupatur.
3507 3725 3785 3797 Alinisi-

2206 3817 2731 3896 gniﬁcatsapientia,
2748 3816 2896 3871 aliud
2908 3817 3138 3886 iustitia.
3160 3816 3388 3883 Quando
3405 3816 3549 3870 enim
3575 3818 3786 3886 sapien-

2208 3913 2285 3977 tia
2311 3911 2532 3977 dicitur,
2560 3910 2850 3980 disciplina
2884 3909 2989 3965 ista
3019 3908 3327 3964 divinarum
3374 3925 3553 3964 rerum
3587 3910 3778 3963 huma-

2206 4019 2512 4074 narumque
2558 4003 2866 4071 institutio;
2915 4003 3137 4074 quando
3177 4001 3425 4073 justitia,
3461 4000 3786 4056 distributor

2203 4097 2447 4167 etjudex
2476 4097 2799 4152 meritorum
2830 4095 3188 4167 signiﬁcatur.
3244 4094 3473 4162 Quando
3499 4097 3783 4162 sanctitas,

2205 4191 2296 4245 illa
2326 4191 2499 4245 virtus
2528 4189 2861 4263 describitur
2886 4204 3009 4259 quae
3033 4188 3317 4242 credentes
3343 4187 3454 4241 Deo
3482 4187 3644 4241 eﬂieit
3665 4204 3786 4242 san-

2205 4293 2342 4338 ctos.
2380 4282 2459 4337 Ita
2478 4297 2609 4354 ergo
2642 4281 2773 4336 mihi
2806 4291 2859 4336 et
2883 4281 3170 4352 prudentia
3201 4281 3321 4351 ejus
3350 4283 3664 4351 intelligitur
3688 4283 3785 4336 do-

2205 4375 2378 4429 ctrina
2400 4382 2451 4428 et
2474 4373 2871 4428 demonstratio
2900 4375 3167 4428 bonarum
3199 4390 3262 4428 ae
3284 4374 3548 4429 malarum
3576 4391 3782 4440 rerum,

2205 4466 2318 4520 sive
2345 4477 2659 4520 neutrarum
2683 4506 2697 4531 ,
2733 4475 2896 4536 atque
2941 4466 2993 4521 in
3039 4467 3183 4522 hunc
3225 4467 3445 4521 modum
3474 4468 3785 4524 extendisse

2205 4572 2352 4610 nunc
2386 4556 2583 4610 dicitur
2610 4556 2806 4610 caelum
2834 4557 2886 4611 in
2912 4558 3219 4626 prudentia.
3285 4557 3571 4625 Quomodo
3602 4567 3781 4612 autem

2203 4647 2528 4701 extendatur
2595 4648 2833 4714 coelum,
2891 4650 3213 4703 extendente
3258 4666 3382 4705 eum
3432 4651 3715 4719 prudentia
3763 4668 3777 4705 :

2204 4740 2343 4792 Audi
2375 4739 2625 4815 quoniam
2675 4743 2884 4801 extendi
2922 4741 3103 4805 verba,
3142 4754 3186 4796 et
3228 4759 3329 4796 non
3379 4744 3680 4798 intendistis
3712 4744 3776 4797 ⁸⁸.

2205 4833 2415 4887 Asserit
2460 4832 2661 4902 quippe
2692 4834 3067 4889 extensionem
3110 4833 3404 4903 quamdam
3440 4851 3560 4890 csse
3590 4835 3783 4889 verbo-

2206 4938 2325 4976 rum
2362 4923 2613 4978 similiter
2644 4932 2701 4983 ut
2726 4940 2871 4979 nunc
2895 4923 3095 4981 dicitur
3129 4924 3250 4977 cmli
3270 4966 3283 4989 ,
3313 4924 3468 4993 juxta
3498 4925 3627 4979 illud
3652 4941 3784 4994 quo-

2205 5030 2311 5085 que
2343 5016 2485 5084 quod
2522 5015 2575 5069 in
2613 5015 2721 5070 alio
2763 5015 2884 5069 loco
2929 5016 3189 5085 scriptum
3233 5026 3315 5071 est
3345 5015 3388 5047 ⁸⁸
3418 5035 3430 5069 :
3466 5015 3568 5080 Qui
3597 5026 3783 5070 exten-

2203 5094 2281 5158 dit
2306 5104 2491 5159 caelum
2517 5117 2570 5159 ut
2590 5104 2799 5176 pellem.
2821 5105 3142 5160 Extenditur
3160 5115 3338 5159 autem
3363 5105 3541 5158 anima
3571 5114 3780 5171 nostra,

2205 5215 2326 5271 qum
2367 5199 2517 5275 prius
2545 5196 2722 5265 fuerat
2757 5207 3074 5269 contracta,
3107 5208 3164 5252 ut
3201 5198 3372 5267 possit
3416 5211 3582 5264 capax
3621 5196 3780 5269 173

2203 5312 2325 5352 esse
2359 5293 2641 5365 sapientiae
2668 5291 2782 5346 Dei.
2823 5289 3024 5346 Verum
3057 5304 3116 5345 ut
3143 5291 3208 5345 ad
3239 5287 3572 5358 propositum
3598 5305 3783 5343 rever-

2203 5402 2387 5448 tamur
2410 5429 2424 5453 ,
2457 5386 2697 5442 diximus
2729 5382 2874 5453 quod
2894 5414 2897 5419 -
2921 5382 3206 5452 prudentia
3230 5380 3426 5435 coelum
3456 5376 3658 5434 factum
3687 5381 3781 5453 sit,

591 5471 638 5505 ⁸³
676 5472 853 5531 Eccle.
890 5492 998 5541 vn,
1027 5476 1130 5544 20;
1167 5477 1298 5550 Sap.
1335 5495 1417 5545 ut,
1454 5480 1540 5536 Η.
1617 5480 1663 5513 ⁸³
1684 5480 1844 5539 Prov.
1881 5499 1962 5549 ιιι,
1998 5485 2090 5543 i9.

2243 5484 2406 5541 Prov.
2437 5497 2478 5548 ι,
2505 5479 2597 5535 24.
2674 5478 2720 5510 ⁸⁸
2747 5476 2893 5532 Psal.
2919 5492 3034 5542 cm,
3060 5475 3112 5529 ’5.

704 5587 1378 5670 ᾉτόητοιιδενίὺεηάυιη
1411 5596 1621 5650 videtur
1650 5596 1921 5670 ἀνρνητοι.

594 5655 670 5733 (Ξ)
709 5655 1050 5734 Οὕτως-οὖν
1091 5664 1190 5718 καὶ
1224 5667 1544 5734 φρόνησιν,
1579 5656 1682 5722 etc.
1720 5667 1774 5722 ln
1801 5655 1958 5724 codd.
1995 5669 2101 5727 Re-

2364 5610 2706 5740 θξὲξτείοὖγ
2738 5662 2835 5740 καὶ
2863 5659 3182 5740 χωρίζεται,
3202 5672 3329 5740 etc.,
3350 5662 3783 5740 ιιειιιιοτιεμπῶς

523 5727 628 5807 giis
662 5728 852 5807 νει-δίο.
866 5728 1178 5807 Hieronymi
1211 5727 1290 5807 sic
1334 5727 1498 5789 habet
1522 5727 1539 5765 έ
1566 5736 1648 5791 Ita
1676 5749 1723 5791 et
1764 5741 2101 5807 prudentiam

2205 5727 2291 5795 οῦν
2323 5727 2679 5802 ἐκτείνεταιῤ
2711 5727 2957 5807 οὐρανός,
2993 5732 3174 5790 omisit
3210 5730 3552 5800 interpretari
3588 5727 3783 5787 Hiero?-

525 5790 640 5866 Ejus
681 5795 912 5869 intellige
933 5815 1051 5856 eum
1071 5790 1321 5860 doctrina
1347 5816 1423 5860 est
1460 5816 1507 5860 et
1532 5790 2101 5883 dentonstrrntiobend-1

2200 5818 2423 5883 n'j'mus.
