4130 6460
377 396 483 453 5-ίό

1857 383 2183 443 ORIGENIS

3518 371 3626 434 540

377 529 498 567 rum
535 515 801 581 thesauri,
836 513 1075 570 thesauri
1108 512 1416 581 spirituum,
1460 507 1686 578 spiritus
1727 505 1951 574 sapien-

2066 503 2245 575 μάτων
2274 498 2572 571 θησαυροὶ.
2614 499 2829 568 πνεῦμα
2856 497 3045 566 σοφίας
3079 497 3162 569 (l)
3196 491 3292 547 καὶ
3334 488 3624 556 συνέσεως,

380 606 465 660 the
501 617 552 660 et
578 606 903 667 intellectus.
931 606 1154 675 spiritus
1190 600 1401 659 consilii
1439 608 1493 653 et
1520 597 1756 658 virtutis.
1786 595 1953 664 spiri-

379 705 468 750 tus
506 698 745 752 scientiae
778 706 831 751 et
863 697 1093 766 pietatis,
1125 694 1349 764 spiritus
1391 690 1603 746 timoris
1647 688 1762 752 Dei,
1802 687 1957 743 forti-

381 786 618 848 tudinis,
657 796 711 841 ct
740 786 1066 851 dilectionis,
1116 794 1170 839 et
1212 781 1514 838 charitatis.
1555 778 1715 833 Potes
1751 787 1804 832 et
1842 778 1958 845 ipse

379 874 447 927 de
486 872 784 943 Scripturis
824 873 925 928 hos
971 881 1163 927 ventos
1216 885 1577 942 congregare,
1627 877 1682 922 et
1727 868 1955 923 istorum

380 963 667 1034 spirituum
723 964 967 1018 invenire
1019 963 1325 1016 thesauros.
1383 960 1482 1015 Ubi
1522 967 1652 1013 sunt
1697 955 1783 1011 isti
1837 956 1958 1009 the-

378 1055 568 1109 sauri?
609 1052 806 1124 Utique
842 1055 897 1110 in
943 1069 1009 1109 eo
1044 1053 1097 1107 in
1136 1068 1245 1122 quo
1279 1050 1519 1106 thesauri
1558 1057 1687 1105 sunt
1719 1047 1959 1103 scientia

381 1146 701 1199 abst-auditi.
736 1144 791 1198 In
821 1143 1045 1199 Christo
1079 1144 1261 1199 sedem
1296 1143 1518 1197 habent.
1552 1141 1680 1194 inde
1705 1140 1959 1193 oriuntur

379 1235 433 1290 Ιι.
468 1235 725 1306 spiritus,
757 1245 816 1290 ut
855 1237 997 1291 alius
1025 1235 1244 1306 sapiens
1274 1236 1379 1300 sit,
1422 1235 1562 1289 alius
1591 1233 1784 1295 ﬁdelis,
1817 1230 1958 1285 alius

376 1329 666 1396 eruditus,
707 1339 762 1383 et
818 1329 959 1384 alius
1010 1328 1155 1383 aliud
1201 1329 1470 1383 donorum
1518 1327 1611 1381 Dei
1659 1325 1955 1395 possideat.

379 1419 489 1473 Alii
531 1420 673 1473 enim
702 1436 794 1489 per
832 1418 1092 1489 Spiritum
1135 1419 1295 1472 datur
1337 1434 1503 1473 sermo
1536 1417 1831 1486 sapientia,
1862 1414 1959 1468 alii

380 1530 550 1567 sermo
588 1514 825 1568 scientia!
854 1514 1016 1583 juxta
1059 1513 1296 1567 eumdem
1350 1512 1638 1591 Spiritum,
1677 1509 1774 1563 alii
1826 1510 1956 1579 ﬁdes

380 1606 434 1660 in
459 1606 637 1659 eodem
672 1602 875 1675 Spiritu
907 1605 947 1635 '-‘
960 1646 973 1658 .

453 1780 508 1837 6.
550 1777 755 1832 Eduxit
786 1793 915 1842 ergo
946 1779 1105 1832 nubes
1137 1778 1200 1831 ab
1246 1786 1477 1832 extremo
1505 1785 1694 1842 terra,
1740 1775 1958 1845 fulgura

2055 590 2272 663 πνεῦμα
2305 590 2500 661 βουλῆς
2528 590 2621 663 καὶ
2656 588 2858 658 ἰσχύος,
2896 586 3112 655 πνεῦμα
3140 581 3393 651 γνώσεως
3416 582 3509 635 καὶ
3536 582 3628 639 et):

2056 659 2540 752 σεόείαςξπνεῦμα
2560 659 2725 749 φόὸου
2758 677 2917 740 Θεοῦ,
2956 675 3175 745 πνεῦμα
3201 674 3502 743 δυνάμεως,
3532 671 3628 726 καὶ⁸

2054 776 2293 847 ἀγάπης,
2329 773 2422 826 καὶ
2462 769 2862 842 σωφρονισμοῦ·
2907 769 3002 821 καὶ
3046 768 3274 821 δύνασαι
3318 766 3478 828 αὐτὸς
3520 763 3629 818 ἀπὺ

2054 865 2163 919 τῶν
2190 861 2423 935 Γραφῶν
2454 863 2775 929 συναγαγεῖν
2821 858 2946 920 τοὺς
2993 856 3225 927 ἀνέμους
3257 854 3498 917 τούτους.
3549 854 3635 906 Td:

2056 954 2341 1024 πνεύματα
2384 952 2554 1007 ταῦτα
2594 955 2657 1006 ὲν
2699 950 2990 1022 θησαυροῖς
3036 951 3218 1003 ἐστιν’
3266 948 3318 1009 οἱ
3363 945 3631 1017 θησαυροὶ

2053 1046 2197 1110 τίνες
2226 1045 2397 1111 είσίν;
2443 1046 2529 1098 Ἐν
2561 1038 2606 1113 ᾧ
2637 1045 2774 1097 εἰσιν
2804 1045 2852 1096 οί
2889 1041 3154 1113 θησαυροὶ
3184 1040 3285 1109 τῆς
3319 1038 3510 1108 σοφίας
3539 1037 3633 1090 καὶ

2056 1135 2308 1205 γνώσεως
2354 1136 2682 1206 ἀπόκρυφοι.
2730 1128 2891 1188 Οὗτοι
2930 1135 2979 1186 oi.
3017 1132 3281 1203 θησαυροὶ
3313 1134 3370 1184 ὲν
3412 1128 3634 1202 Χριστῷ

2055 1230 2190 1281 εἰσιν
2210 1244 2223 1258 ·
2256 1226 2465 1281 ἐκεῖθεν
2491 1222 2585 1281 οὖν
2610 1228 2858 1298 ἔρχονται
2885 1227 2935 1277 0i
2963 1225 3159 1296 άνεμοι
3176 1219 3342 1286 οὗτοι,
3376 1223 3446 1276 τά
3473 1222 3635 1275 πνεύ-

2060 1336 2204 1391 ματα
2230 1320 2425 1384 ταῦτα,
2455 1319 2522 1373 ἵν’
2547 1321 2577 1373 0
2613 1318 2711 1390 μέν
2740 1335 2824 1383 τις
2917 1317 3100 1387 σοφὸς,
3132 1318 3161 1377 0
3190 1316 3248 1368 δὲ
3277 1314 3486 1379 πιστὸς,
3518 1317 3546 1368 0
3575 1315 3633 1369 δέ

2054 1427 2139 1476 τις
2237 1411 2374 1481 έχων
2402 1410 2621 1479 γνῶσιν,
2649 1412 2680 1463 0
2706 1409 2763 1463 δέ
2793 1427 2878 1473 τις
2911 1406 3193 1465 ότιποτοῦν
3220 1406 3502 1462 ἁναλαῦὼν
3532 1407 3632 1476 χά-

2063 1517 2236 1571 ρισμα
2253 1499 2408 1553 Θεοῦ·
2436 1493 2509 1569 τῼ
2525 1498 2641 1568 μὲν
2670 1498 2777 1567 γὰρ
2795 1498 2893 1551 διὰ
2919 1498 3025 1551 τοῦ
3041 1497 3384 1565 Πνεύματος
3408 1494 3634 1553 δίδοται

2056 1594 2237 1661 λόγος
2256 1591 2495 1660 σοφίαςο
2507 1590 2675 1657 ἄλλῳ
2689 1589 2757 1643 δὲ
2768 1590 2949 1661 λόγος
2966 1588 3237 1658 γνώσεως
3247 1588 3395 1641 κατὰ
3412 1585 3475 1640 τὸ
3488 1584 3634 1643 αὐτὸ

2057 1683 2299 1752 Πνεῦμα
2315 1699 2328 1712 ·
2352 1681 2528 1750 ἑτέρῳ
2556 1682 2758 1747 πίστις
2788 1680 2859 1734 ἐν
2887 1679 2967 1745 τῷ
2993 1679 3153 1745 αὐτῷ
3176 1680 3490 1747 Πνεξύματι.

2140 1772 2457 1843 Ἀνήγαγεν
2491 1769 2585 1826 οὖν
2619 1770 2884 1841 νεφέλας
2932 1771 2999 1835 ἐξ
3050 1769 3315 1840 ἐσχάτου
3353 1769 3459 1837 τῆς
3497 1769 3631 1839 γῆς,

383 1872 440 1922 in
485 1869 716 1940 pluviam
750 1870 894 1939 fecit,
943 1869 1125 1924 eduxit
1156 1878 1330 1923 ventos
1356 1868 1419 1922 de
1450 1868 1711 1923 thesauris
1740 1868 1874 1932 suis,
1908 1874 1962 1921 et

2066 1864 2161 1918 καὶ
2200 1865 2511 1932 ἀστραπὰς
2557 1866 2645 1930 είς
2689 1863 2867 1918 ὑετὸν
2896 1862 3166 1930 ἐποίησε,
3201 1862 3300 1916 καί
3344 1861 3639 1932 ἐξήγαγεν

379 1962 535 2029 juxta
578 1961 1008 2016 misericordiam
1046 1960 1138 2013 Dei
1180 1962 1245 2015 ad
1297 1962 1394 2014 hos
1422 1960 1706 2014 thesauros
1732 1972 1833 2012 nos
1867 1971 1958 2011 oc-

381 2069 644 2109 cursuros
689 2068 997 2124 speramus.
1036 2052 1269 2122 Et.quin
1314 2051 1496 2121 plures
1525 2061 1654 2104 sunt
1691 2047 1957 2111 thesauri,

382 2141 524 2199 forte
549 2144 707 2213 juxta
738 2144 986 2199 ordinem
1015 2143 1413 2213 resurgentium
1440 2141 1543 2195 erit
1578 2149 1632 2193 et
1663 2138 1876 2208 requies
1905 2138 1957 2191 in

384 2235 664 2290 thesauris
716 2234 832 2290 Dei.
886 2235 1041 2301 Quod
1093 2245 1273 2289 autem
1323 2233 1448 2287 dico
1495 2230 1802 2285 istiusmodi
1852 2238 1956 2283 est.

386 2324 736 2382 Resurrectio
798 2334 1141 2381 mortuorum
1193 2326 1247 2379 in
1300 2324 1627 2394 quibusdam
1678 2321 1962 2377 ordinibus

386 2418 571 2473 futura
612 2428 715 2474 est.
762 2419 852 2473 Ait
903 2421 1100 2489 quippe
1141 2418 1435 2489 Apostolus
1465 2418 1509 2449 ⁸³
1543 2435 1557 2471 :
1600 2414 1961 2485 Unusquisque

386 2519 565 2564 autem
609 2520 854 2581 resurget
894 2512 949 2564 in
992 2526 1089 2563 suo
1115 2511 1321 2577 ordine,
1360 2518 1413 2565 et
1458 2524 1564 2563 non
1607 2516 1666 2561 ut
1702 2507 1829 2563 libet
1866 2505 1963 2560 mi-

385 2612 607 2659 scentur
650 2604 869 2658 ordines
914 2604 1314 2673 resurgentium
1348 2620 1360 2656 :
1400 2603 1538 2656 alius
1579 2601 1715 2655 ordo
1754 2600 1859 2653 erit
1904 2598 1958 2653 in

386 2692 479 2761 illo
510 2703 563 2749 et
591 2692 644 2747 in
677 2694 771 2748 illo
806 2695 1066 2748 thesauro
1094 2693 1222 2760 Dei;
1253 2702 1307 2747 et
1336 2693 1477 2747 alius
1515 2692 1649 2747 ordo
1679 2691 1730 2745 in
1767 2691 1874 2745 alio
1909 2698 1963 2744 et

383 2781 440 2836 in
485 2782 593 2836 alio
639 2782 898 2836 thesauro
936 2781 1053 2835 Dei.
1101 2780 1193 2835 lsti
1250 2796 1442 2836 omnes
1502 2780 1747 2835 thesauri
1791 2795 1960 2835 unum

386 2872 589 2928 habent
629 2873 979 2935 thesaurum,
1015 2872 1074 2924 in
1114 2888 1214 2941 quo
1256 2880 1378 2924 sunt
1422 2871 1654 2924 thesauri
1692 2872 1965 2940 sapientia:

385 2974 437 3018 et
458 2964 692 3019 scientia:
722 2963 1016 3017 absconditi
1039 2962 1105 3017 ³³.
1142 2961 1208 3016 Εῑ
1227 2952 1500 3032 quomodo
1527 2961 1778 3031 possideo
1802 2975 1963 3014 unam

393 3064 451 3110 et
515 3054 971 3126 pretiosissimam
1037 3053 1386 3124 margaritam
1441 3068 1534 3122 per
1590 3054 1774 3123 plures
1831 3052 1966 3109 alias

388 3140 747 3219 margaritas;
791 3147 871 3202 sic
913 3148 1073 3202 venio
1104 3147 1169 3201 ad
1207 3147 1525 3201 thesaurum
1561 3147 1963 3211 thesaurorum,

2061 1956 2319 2025 ἀνέμους
2359 1957 2429 2009 ἐκ
2466 1955 2785 2025 θησαυρῶν
2823 1956 3033 2010 αὐτοῦ·
3082 1956 3177 2010 καὶ
3223 1957 3386 2026 ἡμεῖς
3428 1954 3517 2009 διά
3545 1954 3640 2008 τὸν

2064 2048 2196 2102 Θεὸν
2225 2050 2317 2102 ἐπὶ
2345 2049 2472 2113 τοὺς
2505 2049 2813 2121 θησαυροὺς
2847 2049 3072 2113 τούτους
3116 2047 3408 2121 ἐλπίζομεν
3437 2066 3640 2103 κατανν

2066 2141 2345 2212 τήσεσθαι.
2379 2142 2490 2195 Καὶ
2516 2141 2619 2194 εί,σί
2640 2159 2783 2206 τινες
2809 2141 2993 2195 πολλοὶ
3016 2140 3299 2213 θησαυροίο
3330 2140 3471 2210 τάχα
3500 2141 3643 2195 κατά

2066 2234 2320 2305 τάγματα
2376 2234 2483 2287 τῶν
2528 2234 2900 2305 ἀνισταμένων
2942 2234 3153 2287 ἔσονται
3204 2232 3544 2297 ἀναπαύσεις
3583 2234 3645 2287 ἐν

2067 2329 2175 2389 τοῖς
2207 2326 2502 2397 θησαυροῖς
2531 2325 2624 2379 τοῦ
2663 2325 2821 2380 Θεοῦ.
2853 2328 2918 2379 ’0
2942 2324 2998 2379 δὲ
3023 2325 3165 2394 λέγω
3202 2324 3440 2378 τοιοῦτόν
3468 2328 3636 2378 ἐστιν.

2081 2420 2146 2474 Ἡ
2176 2419 2470 2484 ἀνάστασις
2501 2419 2609 2474 τῶν
2637 2420 2847 2487 νεκρῶν
2880 2422 2938 2472 ὲν
2967 2419 3210 2491 τάγμασι
3247 2419 3477 2486 γίνεται.
3506 2417 3639 2489 Φησὶ

2066 2510 2177 2584 γὰρ
2209 2510 2526 2574 ’Δπόστολος
2543 2527 2557 2542 ο
2585 2512 2885 2577 Ἕκαστος
2909 2508 2978 2562 δὲ
3008 2510 3079 2563 ἐν
3106 2508 3186 2575 τῷ
3220 2509 3345 2576 ὶδίῳ
3373 2508 3637 2580 τάγματι.

2068 2603 2179 2657 Καὶ
2197 2603 2318 2655 ἐπεὶ
2345 2601 2419 2674 μὴ
2445 2601 2521 2665 ὼς
2537 2601 2699 2673 ἔτυχε
2711 2618 2773 2654 συ
2782 2600 3050 2673 μιρύρεται
3065 2600 3135 2653 τὰ
3149 2601 3426 2672 τάγματα,
3450 2601 3565 2654 τόδε
3584 2600 3644 2655 τὺ

2068 2694 2254 2765 τάγμα
2286 2694 2437 2746 ἔσται
2473 2692 2530 2746 ἔν
2545 2692 2921 2765 τινιθησαυρῴ
2942 2692 3099 2756 Θεοῦ,
3127 2694 3220 2746 καὶ
3237 2693 3353 2747 τόδε
3384 2693 3645 2764 τὺτάγμα

2070 2788 2129 2840 ὲν
2162 2786 2332 2857 ἑτέρῳ
2367 2785 2626 2858 θησαυρῷ
2666 2785 2823 2851 Θεοῦ,
2869 2787 2968 2840 καὶ
3004 2785 3184 2859 τρίτον
3227 2784 3414 2855 ἕτερον
3457 2785 3645 2857 τάγμα

2072 2877 2222 2931 ἔσται
2272 2879 2330 2931 ὲν
2362 2876 2505 2948 ἄλλῳ
2551 2877 2828 2949 θησαυρῷ.
2864 2871 3024 2933 Οὗτοι
3075 2876 3324 2949 μέντοιγε
3357 2876 3556 2941 πάντες
3594 2876 3644 2930 οι

2074 2964 2335 3037 θησαυροὶ⁵
2362 2966 2460 3019 ἕνα
2490 2966 2669 3036 ἔχουσι
2711 2966 2983 3039 θησαυρὸν
3021 2969 3080 3021 ὲν
3111 2961 3154 3034 ᾧ
3188 2965 3522 3030 κατοικοῦσι,
3564 2966 3646 3019 διὸ

2074 3058 2225 3129 παρά
2253 3056 2331 3128 τῷ
2362 3057 2558 3128 Παύλῳ
2584 3057 2849 3112 λέλεκται*
2899 3060 2989 3112 Ἐν
3015 3052 3060 3126 ᾧ
3088 3061 3246 3113 εἰσιν
3267 3062 3320 3112 οὶ
3346 3057 3638 3124 θησαυροί

2075 3148 2173 3201 καὶ
2207 3147 2316 3216 τῆς
2346 3148 2568 3216 σοφίας
2594 3148 2693 3200 καὶ
2722 3146 2832 3215 τῆς
2852 3146 3129 3217 γνώσεως
3152 3148 3506 3215 ἀπόκρυφοι.
3533 3146 3643 3200 Καὶ

388 3246 443 3293 et
486 3237 775 3292 Dominum
813 3238 1180 3302 dominorum,
1206 3246 1260 3292 ct
1292 3237 1492 3308 Regem
1525 3254 1738 3308 regum,
1771 3238 1860 3292 ubi
1887 3237 1962 3292 di~

2074 3237 2263 3308 ὥσπερ
2307 3238 2522 3309 κτῶμαι
2561 3238 2651 3291 τὸν
2693 3237 2790 3293 ἕνα
2835 3238 3129 3311 πολύτιμον
3174 3238 3515 3312 μαργαρίτην
3553 3238 3642 3292 διὶι

387 3344 529 3399 gnus
556 3328 714 3385 fuero
762 3329 1045 3400 spiritibus
1080 3330 1133 3384 in
1171 3329 1266 3384 Dei
1310 3329 1581 3385 thesauris
1617 3344 1966 3385 commoran-

390 3420 557 3476 tibus.
599 3420 799 3475 Eduxit
821 3421 965 3475 enim
994 3431 1170 3477 ventos
1202 3423 1265 3476 de
1296 3422 1559 3477 thesauris
1582 3422 1716 3476 suis.
1844 3401 1855 3412 ’

2074 3330 2183 3384 τῶν
2212 3330 2420 3384 πολλῶν
2452 3330 2827 3403 μαργαριτῶν,
2853 3330 3025 3395 οὕτως
3053 3331 3281 3404 ἔρχομαι
3303 3332 3394 3385 ἐπὶ
3420 3331 3512 3385 τὸν
3545 3330 3644 3402 θη-

2076 3422 2274 3495 σαυρὸν
2311 3421 2421 3476 τῶν
2454 3422 2761 3494 θησαυρῶν,
2798 3422 2887 3477 τὸν
2916 3423 3118 3496 Κύριον
3147 3424 3251 3477 τῶν
3292 3425 3518 3495 κυρίων,
3553 3425 3645 3479 τὸν

388 3511 623 3569 Βασιλέα
644 3514 752 3566 τῶν
793 3513 1076 3583 βασιλέων,
1109 3513 1245 3567 ἐπὰν
1262 3514 1505 3585 γένωμαι
1538 3512 1687 3582 ἄξιος
1711 3511 1817 3566 τῶν
1840 3513 2164 3583 πνευμάτων
2190 3514 2298 3568 τῶν
2324 3513 2432 3567 ἀπὺ
2463 3512 2750 3586 θησαυρῶν
2772 3514 2866 3569 τοῦ
2878 3514 3032 3568 Θεοῦ·
3051 3513 3331 3585 Ἐξήγαγε
3362 3515 3472 3588 γὰρ
3507 3514 3617 3570 ὰνέ

383 3621 541 3675 μους
570 3605 639 3658 ἐκ
670 3604 989 3673 θησαυρῶν
1014 3605 1219 3660 αὑτοῦ.

461 3700 514 3754 7.
558 3697 870 3770 Infatuatus
912 3709 987 3753 est
1027 3701 1196 3755 omnis
1236 3700 1390 3755 homo
1430 3701 1494 3755 ab
1540 3702 1760 3756 scientia
1791 3702 1857 3754 ⁸δ.
1909 3699 1964 3756 Si

2158 3698 2496 3769 Ἐμωράνθη
2519 3699 2638 3766 πᾶς
2664 3699 2972 3768 ἅνθρωπος
2995 3697 3113 3754 ἀπὸ
3134 3698 3427 3770 γνώσεως.
3455 3699 3517 3751 Ei
3541 3699 3651 3761 πᾶς

389 3790 570 3858 omnis
604 3790 771 3845 homo
812 3789 1114 3845 inlatuatus
1148 3800 1232 3846 est
1278 3791 1348 3846 ab
1398 3791 1647 3858 scientia,
1678 3802 1731 3846 et
1765 3790 1962 3846 Paulus

2073 3792 2358 3863 ἅνθρωπος
2390 3791 2675 3864 ὲμωράνθη
2707 3790 2817 3845 ἀπὸ
2840 3790 3113 3860 γνώσεως,
3158 3792 3223 3843 ὲκ
3252 3790 3452 3862 μέρους
3482 3790 3643 3860 γινώ-

391 3882 559 3938 homo
602 3891 706 3946 est,
753 3880 959 3937 Paulus
1002 3881 1304 3939 infatuatus
1353 3893 1437 3938 est
1480 3884 1549 3938 ab
1588 3884 1837 3939 scicntia.
1885 3882 1962 3937 Ea

2075 3901 2241 3949 σκων,
2298 3885 2392 3938 καὶ⁵
2449 3886 2513 3938 ὲκ
2564 3883 2760 3957 μέρους
2805 3882 3183 3955 προφητεύων,
3220 3882 3508 3955 ἐμωράνθη
3537 3880 3644 3935 ἀπὸ

391 3983 541 4043 parte
575 3974 954 4044 cognoscimus,
1003 3985 1048 4027 et
1079 3988 1142 4027 ea:
1183 3984 1333 4042 parte
1372 3976 1742 4044 prophetamus
1775 3975 1840 4028 ⁸⁸.
1887 3973 1962 4027 ln-

2076 3974 2350 4043 γνώσεως,
2382 3975 2448 4028 δι’
2480 3975 2747 4046 ἐσόπτρου
2781 3973 2993 4044 βλέπων
3026 3976 3083 4027 ὲν
3106 3974 3408 4045 αἰνίγματι,
3433 3973 3646 4044 βλέπων

393 4065 635 4137 [οιιιιιιιιπε
679 4066 749 4120 ab
788 4065 1039 4127 scientia,
1085 4063 1275 4119 videns
1304 4081 1401 4133 per
1436 4066 1736 4134 speculum,
1776 4066 1962 4121 videns

2076 4067 2555 4139 πολλοστημόριον,
2592 4068 2704 4131 καὶ,
2741 4068 2789 4119 εἰ
2829 4064 2975 4121 ἔστιν
3021 4067 3217 4131 εἰπεῖν,
3251 4067 3651 4137 ἀπειροστημό-

392 4160 448 4213 in
479 4159 786 4225 aenigmate,
814 4155 1217 4226 portiunculam
1244 4154 1537 4224 quamdam
1574 4156 1791 4220 ridens,
1827 4165 1881 4210 et
1918 4158 1962 4211 si

2077 4176 2187 4231 ριον
2212 4158 2423 4229 βλέπων
2447 4161 2541 4213 καὶ
2566 4158 2998 4228 καταλαμϐάνων
3018 4157 3124 4211 τῶν
3151 4158 3508 4229 πραγμάτων.
3555 4158 3648 4212 Ἐκ

392 4251 475 4308 sic
499 4251 715 4321 expedit
730 4249 928 4315 dicere,
954 4250 1126 4319 ipsius
1149 4263 1367 4318 quoque
1384 4247 1742 4318 portiunculae
1760 4255 1962 4317 partem

2072 4248 2167 4301 τοῦ
2189 4248 2428 4303 ἐναντίου
2456 4249 2514 4302 δὲ
2541 4247 2837 4319 νοήσειςθ)
2855 4246 2933 4300 τοι
2953 4246 3284 4316 Ἐμωρὰνθη
3306 4246 3423 4314 πᾶς
3438 4247 3651 4315 ἅνθρω-

397 4343 556 4414 175
572 4343 850 4397 minimam
864 4356 1279 4411 recognoscens.
1296 4340 1802 4396 Econtrarioautem
1823 4340 1962 4394 intel-

2076 4356 2191 4407 πος
2218 4338 2337 4395 ἀπὸ
2368 4339 2660 4409 γνώσεως.
2699 4340 2886 4392 Ἔστιν
2925 4338 3291 4409 ἁμαρτήματα
3315 4338 3413 4408 τῆς
3450 4337 3647 4409 Ἰερου-

392 4426 520 4502 ligis
536 4432 665 4501 quid
695 4432 765 4486 sit
788 4448 802 4483 :
829 4430 1138 4500 Infatualus
1157 4441 1233 4484 est
1256 4431 1426 4484 omnis
1453 4428 1516 4482 ab
1548 4431 1784 4484 scientia.
1810 4430 1962 4485 Com-

2080 4434 2282 4507 σαλὴμ,
2327 4435 2700 4506 ἁμαρτήματα
2746 4432 2842 4486 καὶ
2885 4432 3152 4501 Σοδόμων,
3199 4432 3334 4485 ἁ)λά
3367 4430 3649 4500 συγκρίσει

391 4520 678 4590 paratione
703 4527 1048 4586 peccatorum
1081 4518 1438 4585 Hierusalem,
1475 4518 1832 4574 Sodomorum
1852 4534 1962 4590 pec

2078 4521 2186 4586 τῶν
2233 4521 2491 4591 χειρόνων
2538 4520 2948 4593 ἁμαρτημάτων
2993 4522 3091 4591 τῆς
3144 4520 3514 4591 Ἰερουσαλὴμ,
3569 4520 3649 4573 δι-

393 4596 577 4666 ratum
607 4609 816 4676 justitia
847 4617 948 4663 est.
984 4608 1295 4677 Iusti/leam
1321 4618 1397 4663 est
1419 4611 1576 4676 enim,
1613 4611 1710 4672 ait,
1735 4609 1962 4664 Sodoma

2074 4612 2332 4684 καιοσύνη
2361 4614 2476 4680 ἐστὶ
2497 4613 2565 4667 τά
2592 4612 2839 4685 Σοδόμων
2863 4615 3254 4685 ἁμαρτήματα·
3307 4610 3649 4679 Ἐὃικαιιὶιθη

393 4718 461 4754 ατ
497 4709 564 4754 te.
599 4698 888 4767 Quomodo
930 4714 1058 4770 ergo
1106 4715 1213 4753 non
1262 4700 1461 4755 habent
1493 4701 1758 4775 justitiam
1796 4698 1967 4755 Sodo-

398 4807 615 4846 morum
670 4800 891 4862 peccata
936 4806 1034 4860 per
1075 4805 1154 4851 se,
1190 4790 1279 4845 sed
1306 4791 1371 4846 ad
1416 4791 1757 4846 collationem
1801 4792 1972 4860 majo-

398 4901 519 4940 rum
553 4884 819 4939 scelerum
860 4883 1232 4953 justiticantur
1268 4902 1281 4937 :
1323 4884 1402 4938 sic
1440 4883 1747 4938 econtrario
1797 4886 1973 4938 scien-

399 4979 471 5031 tia
533 4974 688 5030 Pauli
733 4975 798 5029 ad
844 4976 988 5029 illam
1033 4976 1307 5031 caelestem
1350 4975 1653 5040 scientiam,
1704 4976 1770 5028 ad
1818 4976 1969 5028 illum

393 5075 837 5123 consummatum
898 5067 1227 5122 intellectum
1259 5068 1488 5123 stultitia
1524 5076 1843 5135 reputatur:
1881 5065 1975 5119 Id-

394 5161 538 5214 circo
580 5159 879 5229 infamatus
932 5170 1007 5213 est
1059 5161 1228 5212 omnis
1264 5161 1419 5213 homo
1456 5159 1521 5211 ab
1561 5159 1800 5212 scientia.
1846 5157 1975 5214 Tale

393 5252 651 5322 quiddam
687 5242 1043 5308 Ecclesiastes
1068 5252 1303 5305 arbitror
1331 5252 1739 5321 deprehendens
1780 5251 1973 5309 eﬂ‘atus

392 5350 481 5399 est
512 5344 598 5397 “3
634 5342 783 5409 Dixi,
820 5344 1028 5413 sapiens
1062 5342 1288 5410 eﬂieiar;
1332 5351 1382 5395 et
1431 5343 1548 5411 ipsa
1577 5342 1842 5413 elongavit,
1864 5360 1919 5398 se
1940 5361 1973 5396 a

2076 4703 2211 4774 γὰρ,
2242 4704 2394 4775 φησὶ,
2420 4703 2655 4775 Σόδομα
2668 4705 2737 4758 ἐκ
2766 4704 2904 4759 σοῦ.
2930 4705 3139 4775 ’Ὠσπερ
3169 4698 3263 4757 οὖν
3295 4703 3416 4773 οὐχὶ
3445 4703 3652 4757 δικαιο-

2078 4794 2213 4866 σύνη
2242 4796 2310 4851 τὰ
2342 4795 2589 4866 Σοδόμων
2610 4797 2999 4868 ἁμαρτήματα,
3024 4795 3159 4851 ἀλλὰ
3186 4795 3389 4861 ἀδικία,
3413 4797 3490 4861 ὡς
3517 4796 3652 4867 πρὸς

2060 4887 2176 4959 ,τὴν
2223 4888 2445 4943 πλείονα
2475 4890 2531 4945 δὲ
2564 4890 2774 4944 ἀδικίαν
2805 4890 3119 4964 δικαιοσύνη
3148 4890 3296 4946 ἐστίν
3320 4908 3335 4923 ο
3372 4888 3546 4956 οὕτως
3586 4893 3650 4944 ἐκ

2077 4979 2171 5032 τοῦ
2204 4981 2446 5035 ἐναντίου
2482 4981 2681 5051 γνῶσις
2703 4986 2736 5054 ὴ
2762 4979 2898 5037 οὖσα
2932 4983 3129 5054 Παύλῳ
3157 4983 3376 5053 γνῶσις,
3409 4984 3484 5047 ὼς
3515 4983 3651 5055 πρὸς

2073 5071 2172 5144 τὴν
2219 5074 2416 5142 γνῶσιν
2457 5076 2673 5148 ἐκείνην
2701 5076 2799 5148 τὴν
2827 5072 2992 5130 οὖσαν
3025 5078 3085 5130 ἐν
3115 5079 3228 5141 τοῖς
3271 5079 3540 5148 οὐρανοῖς,
3575 5076 3653 5139 ὡς

2076 5163 2214 5234 πρὸς
2258 5163 2356 5234 τὴν
2397 5164 2603 5217 τελείαν
2643 5165 2864 5233 γνῶσιν,
2922 5164 3101 5235 μωρία
3146 5165 3282 5218 ἐστί.
3330 5164 3436 5217 Διὰ
3480 5161 3653 5216 τοῦτο

2073 5253 2381 5323 ἐμωράνθη
2404 5254 2521 5322 πᾶς
2535 5254 2842 5324 ἅνθρωπος
2868 5255 2987 5311 ἀπὸ
3002 5255 3297 5322 βρώσεως.
3316 5254 3566 5309 Τοιοῦτόν
3576 5271 3649 5318 τι,

2075 5342 2250 5417 οἶμαι,
2275 5347 2705 5419 καταλαμϐάνων
2725 5350 2754 5402 0
2791 5347 3220 5420 Ἐκκλησιαστὴς
3241 5348 3449 5417 ιλεγενέ
3467 5344 3645 5414 Elim,

466 5520 509 5552 ⁶¹
536 5518 729 5591 -ινϐοικ
765 5536 864 5586 ιιι,
898 5519 952 5573 8.
1027 5519 1075 5551 ”
1114 5519 1130 5573 l
1167 5519 1295 5573 Cor.
1331 5535 1419 5584 sv,
1454 5520 1545 5575 ‘23.
1621 5519 1668 5551 ⁸³
1704 5519 1918 5576 Coloss.
1953 5536 1962 5573 ι

2066 5520 2100 5574 ἰ.
2176 5521 2222 5553 ⁸⁸
2258 5521 2458 5577 let-em.
2521 5539 2577 5588 κ,
2643 5523 2727 5577 14.
2804 5523 2848 5556 ⁸⁸
2889 5521 2908 5575 l
2947 5523 3074 5587 Cor.
3105 5541 3224 5591 xm,
3257 5525 3311 5580 9.
3385 5525 3433 5556 ⁸⁸
3470 5523 3648 5579 Eccle.

382 5594 494 5654 ’vu,
523 5589 614 5645 24.

470 5745 547 5813 (Ι)
586 5746 831 5821 Πνεῦμα
847 5748 1084 5821 σοφίας.
1126 5745 1182 5801 In
1210 5763 1356 5821 mss.
1382 5747 1561 5821 Regiis
1598 5748 1967 5821 interpretatio

398 5812 711 5887 llicrOnymi
742 5812 908 5871 habet
927 5812 951 5871 ἐ
989 5812 1219 5871 thesauri
1241 5812 1534 5887 sapientia.

2150 5745 2224 5814 (“2)
2261 5745 2537 5818 Νοήσεις.
2580 5746 2996 5818 Hieronymiana
3023 5748 3201 5803 versio
3223 5748 3276 5802 in
3304 5764 3437 5805 mss.
3464 5748 3646 5809 habet,

2073 5828 2129 5868 ut
2155 5816 2487 5887 intelligens.
2520 5815 2825 5884 Legenduin
2860 5818 2931 5871 ίοι
2948 5827 3017 5884 te,
3048 5817 3326 5887 intelliges.
