4130 6468
356 429 465 494 515

1528 420 1598 475 lN
1637 417 1991 476 JEREMIAM
2030 416 2313 474 iiOMlLIA
2353 416 2487 474 \‘lll.

3521 421 3627 476 3H3

353 544 822 618 σοφισθήσομαι·
885 542 983 601 καί
1034 541 1188 612 αὐτὴ
1236 541 1578 613 ἐμακρὼιθη
1630 540 1731 595 ἀπ’
1790 538 1920 609 ἐμοί

2042 555 2123 593 me
2150 540 2358 612 longius
2395 558 2555 614 quam
2589 551 2724 597 erat.
2754 541 2799 599 Ο
2839 542 2953 598 alta
3001 542 3359 612 profuiditas,
3395 542 3511 613 quis
3552 542 3627 595 in-

350 637 591 710 μακρὰν
624 634 777 709 ὑπὲρ
806 634 837 689 ὃ
865 630 975 707 ἦν’
1001 634 1099 689 καί
1135 632 1297 699 βαθὺ
1328 629 1541 698 βάθος,
1569 633 1661 696 τίς
1688 629 1935 699 εὑρήσει

352 731 505 794 αὑτό
518 743 541 794 ;

424 821 622 876 Μέλλει
659 836 713 873 τι
751 819 1045 891 ὲπιτολμᾷν
1101 818 1130 870 6
1161 817 1340 886 λόγος,
1380 816 1473 869 καὶ
1517 815 1716 884 λέγειν⁸
1751 814 1833 868 ὅτι
1875 813 1938 867 τὸ

353 911 698 982 ἑπιδημῆσαν
730 909 806 981 τῷ
855 910 957 981 βίῳ
990 910 1259 963 ἐκένωσεν
1302 908 1512 971 ἑαυτὸν,
1545 908 1631 961 ἴνα
1663 907 1742 978 τῷ
1770 904 1937 960 κενώ-

356 1020 485 1083 ματι
510 1001 675 1054 αὐτοῦ
706 1000 968 1072 πληρωθῇ
991 1002 1019 1054 6
1047 1000 1271 1071 κόσμος.
1295 1000 1360 1052 El
1387 999 1443 1052 δὲ
1467 998 1731 1051 ἐκένωσεν
1761 999 1936 1051 ἐκεῖνο

350 1095 412 1151 τὸ
434 1089 777 1165 ὲπιδημῆσαν
797 1091 876 1164 τῷ
910 1091 1029 1163 βίῳ,
1060 1091 1193 1145 αὐτὸ
1220 1092 1398 1145 ἐκεῖνο
1426 1089 1486 1144 τὸ
1521 1089 1741 1161 κένωμα
1776 1088 1937 1157 σοφία

349 1179 416 1255 ἦν
439 1200 452 1213 -
479 1184 561 1236 ὅτι
591 1184 658 1236 τὸ
682 1179 887 1251 μωρὸν
927 1179 1034 1235 τοῦ
1071 1180 1220 1235 Θεοῦ
1274 1184 1619 1249 σοφώτερον
1666 1176 1786 1231 τῶν
1828 1178 1935 1232 ἁν-

352 1273 596 1344 θρώπων
624 1273 818 1333 ἐστίν.
861 1274 926 1327 Εί
952 1271 1063 1343 ἐγὼ
1092 1274 1336 1346 είρήκειν
1362 1271 1421 1325 τὸ
1448 1272 1628 1344 μωρὸν
1650 1272 1743 1324 τοῦ
1771 1268 1929 1335 Θεοῦ,

351 1366 469 1429 πῶς
490 1363 557 1418 ἂν
586 1366 634 1418 ei
663 1364 920 1435 φιλαίτιοι
945 1365 1209 1420 ἐκάλεσαν
1234 1381 1354 1437 μοι;
1384 1364 1500 1428 πῶς
1524 1363 1589 1417 ἂν
1617 1360 1935 1435 ἑμέμψαντό

355 1473 477 1528 μοι;
531 1456 652 1514 πῶς
700 1455 768 1508 ἂν
788 1456 970 1530 χιλίων
1009 1457 1086 1530 (l)
1112 1456 1211 1527 μὲν
1240 1455 1545 1528 εἰρημένων
1577 1454 1685 1508 τῶν
1714 1451 1933 1524 νομιζο-

351 1546 529 1618 μένων
573 1552 663 1604 καὶ
703 1550 879 1611 aitait;
921 1547 1123 1610 καλῶν,
1157 1547 1348 1601 τούτου
1396 1546 1473 1612 δὲ,
1509 1547 1584 1615 ὼς
1614 1545 1838 1610 οἴονται,
1869 1545 1931 1597 οὐ

345 1637 527 1702 καλῶς
560 1639 849 1711 εἰρημένου
882 1638 1288 1710 κατηγορήθην,
1319 1638 1451 1691 διότι
1483 1633 1634 1690 εἷπον
1653 1637 1715 1690 τὸ
1749 1635 1932 1708 μωρὸν

340 1731 436 1785 τοῦ
458 1731 628 1796 Θεοῦ;
676 1731 789 1785 Νῦν
825 1731 883 1785 δὲ
918 1731 1136 1793 Παῦλος
1188 1730 1277 1793 ὡς·
1315 1729 1499 1797 σοφὸς,
1546 1729 1641 1782 καὶ
1680 1728 1930 1793 ἐξουσίαν

341 1822 480 1894 ἔχων
510 1823 896 1893 ἀποστολικὴν,
937 1822 1236 1891 ἐτόλμησεν
1283 1822 1482 1885 εἰπεῖν,
1512 1821 1692 1873 πᾶσαν
1716 1819 1814 1891 τὴν
1835 1820 1931 1873 ἐπὶ

340 1914 446 1991 γῆς
476 1912 691 1980 σοφίαν,
728 1912 824 1965 καὶ
846 1912 946 1982 τὴν
979 1912 1039 1964 ὲν
1065 1909 1235 1981 αὐτῷ,
1265 1910 1359 1963 καὶ
1389 1909 1486 1982 τὴν
1516 1911 1575 1964 ὲν
1596 1909 1807 1983 Πέτρῳ,
1836 1911 1931 1965 καὶ

340 2006 452 2066 τοῖς
480 2001 820 2067 ἀποστόλοις,
854 2004 1033 2056 πᾶσαν
1056 2001 1155 2083 τὴν
1183 2002 1598 2075 ὲπιδημήσασαν
1739 2003 1929 2075 κόσμῳ

340 2090 483 2154 εἶναι
518 2095 578 2147 τὸ
612 2094 796 2165 μωρὸν
822 2093 916 2147 τοῦ
949 2092 1108 2147 Θεοῦ.
1155 2093 1245 2158 Ὠς
1274 2093 1382 2165 γὰρ
1417 2095 1553 2167 πρὸς
1585 2096 1801 2167 ἐκείνην
1830 2095 1929 2167 τὴν

342 2184 537 2255 σοφίαν
560 2186 661 2254 τὴν
690 2186 1100 2260 ὑπερουράνιον,
1130 2188 1228 2259 τὴν
1255 2189 1645 2261 ὑπερκόσμιον,
1674 2189 1833 2247 τοῦτο
1866 2190 1927 2244 τὸ

340 2276 686 2348 ὲπιδημῆσαν
721 2280 903 2351 μωρὸν
925 2281 1019 2335 τοῦ
1057 2280 1215 2337 Θεοῦ.
1264 2282 1425 2336 Ἀλλά
1460 2282 1619 2337 τοῦτο
1646 2283 1708 2337 τὸ
1743 2282 1926 2355 μωρὸν

334 2366 428 2421 τοῦ
461 2368 595 2422 Θεοῦ
631 2369 936 2444 σοφώτερον
971 2371 1079 2428 τῶν
1106 2372 1413 2447 ἀνθρώπων
1444 2374 1579 2428 ἐστί.
1625 2375 1802 2429 Ποίων
1832 2376 1926 2429 ἀν-

332 2459 601 2533 θρώπωνς
629 2464 703 2517 Οὐ
739 2464 848 2518 τῶν
878 2466 1080 2538 μωρῶν
1110 2466 1276 2536 λέγω,
1305 2466 1442 2521 ἀλλά
1471 2465 1781 2539 σοφώτερόν
1807 2469 1924 2521 ἐστι

328 2556 422 2621 καὶ
453 2555 564 2609 τῶν
607 2557 789 2627 σοφῶν
808 2559 1111 2629 ἀνθρώπων
1131 2577 1145 2591 ο
1174 2560 1251 2631 (2)
1276 2562 1377 2617 κᾶν
1397 2561 1526 2624 τοὺς
1542 2562 1740 2630 σοφοὺς
1762 2560 1925 2635 εἴπῃς

325 2646 423 2701 τοῦ
445 2648 642 2712 αἰῶνος
667 2648 880 2715 τούτου,
919 2649 1031 2704 εἴτε
1062 2650 1350 2722 ἄρχοντας,
1373 2652 1485 2706 εἴτε
1508 2653 1795 2724 προφήτας
1818 2652 1925 2707 τῶν

325 2741 608 2815 ἀρχόντων
640 2741 733 2796 τοῦ
758 2743 956 2807 αἰῶνος
988 2743 1205 2809 τούτου,
1240 2745 1301 2799 τδ
1355 2745 1537 2818 μωρὸν
1573 2745 1669 2801 τοῦ
1709 2746 1866 2814 Θεοῦ,
1896 2746 1929 2802 ὃ

325 2833 705 2905 διηγησάμην,
733 2834 1043 2908 σοφώτερον
1065 2835 1172 2891 τῶν
1196 2835 1500 2906 ἀνθρώπων
1525 2836 1663 2892 ὲστί.

400 2922 717 2995 Παράδοξόν
745 2941 799 2976 τι
831 2923 1013 2995 μέλλει
1041 2925 1223 2995 λέγειν
1250 2929 1279 2980 6
1310 2927 1488 2997 λόγος,
1530 2928 1614 2982 ὅτι
1649 2929 1688 2998 ἠ
1734 2930 1922 3000 σοφία

322 3012 441 3089 τοῦ
468 3016 702 3087 κόσμου
722 3017 912 3087 μωρία
940 3017 1103 3087 παρὰ
1135 3017 1217 3085 τῷ
1258 3019 1380 3085 Θεῷ
1403 3019 1556 3086 ἐστι,
1584 3021 1676 3074 καὶ
1704 3020 1923 3093 ἐμώρα-

332 3118 424 3157 νεν
443 3104 471 3156 ὁ
496 3103 626 3169 Θεὸς
646 3107 745 3177 τὴν
772 3109 964 3178 σοφίαν
987 3110 1082 3164 τοῦ
1108 3112 1335 3183 κόσμου·
1364 3111 1472 3184 ἄρα
1497 3115 1553 3166 ἐν
1582 3112 1744 3185 σοφίᾳ
1773 3111 1921 3184 ἐμώ·

2044 632 2207 686 οεηίει
2231 649 2348 687 eam
2362 635 2388 688 1’

2107 802 2161 856 8.
2206 801 2473 858 Volumus
2512 804 2796 874 quiddam,
2841 805 2885 860 si
2924 805 3070 869 licet,
3104 806 3367 860 audenter
3406 806 3618 875 dicere,

2037 894 2297 963 quoniam
2334 894 2436 948 hoc
2468 896 2613 964 quod
2640 895 2921 950 descendit
2944 897 2997 950 in
3029 898 3315 961 mundmn,
3342 901 3625 955 evacuavit

2037 981 2300 1051 seipsum,
2345 991 2405 1035 ut
2432 982 2788 1036 evacuatione
2822 984 2939 1052 ejus
2963 984 3202 1037 mundus
3236 983 3616 1053 compleretur.

2039 1072 2096 1127 Si
2127 1085 2310 1129 autem
2352 1074 2458 1128 hoc
2491 1074 2636 1143 quod
2666 1074 2949 1128 descendit
2981 1074 3032 1127 in
3070 1074 3357 1139 mundum,
3390 1089 3622 1129 evacuao

2035 1165 2113 1218 vit
2140 1180 2219 1231 se,
2253 1166 2539 1219 evacuatio
2574 1165 2690 1235 ipsa
2719 1165 2987 1235 sapientia
3022 1174 3104 1219 est
3133 1184 3146 1220 :
3182 1165 3443 1235 quoniam
3473 1164 3621 1235 quod

2036 1255 2247 1325 fatuum
2290 1265 2366 1310 est
2404 1255 2501 1308 Dei
2542 1255 2831 1325 sapientius
2874 1267 2948 1309 est
2983 1253 3281 1308 hominibus
3322 1255 3387 1309 ⁸⁷.
3434 1254 3488 1308 Si
3521 1269 3621 1323 ego

2037 1346 2296 1402 dixissem
2329 1345 2539 1401 fatuum
2576 1345 2692 1410 Dei,
2723 1346 3002 1416 quomodo
3035 1359 3276 1415 aucupes
3300 1360 3618 1400 sermonum

2035 1453 2307 1503 meorum,
2348 1448 2402 1494 et
2433 1454 2648 1508 semper
2693 1439 2855 1493 dediti
2887 1440 2952 1493 ad
2989 1439 3416 1496 criminandum.
3452 1455 3618 1493 vene-

2034 1539 2191 1587 natas
2232 1530 2285 1583 in
2320 1545 2406 1583 me
2438 1530 2651 1600 linguas
2689 1529 3007 1585 vibrarent?
3050 1529 3203 1583 Nunc
3236 1545 3363 1582 vero
3390 1527 3618 1590 Paulus,

2032 1623 2193 1693 quasi
2235 1622 2473 1691 sapiens,
2519 1629 2577 1676 et
2609 1631 2925 1691 potestatem
2966 1623 3172 1676 habens
3222 1622 3615 1691 apostolicam,

2034 1729 2204 1769 ausus
2235 1723 2319 1768 est
2346 1712 2550 1774 dicere,
2574 1728 2790 1768 omnem
2816 1714 3137 1784 sapientiam
3169 1725 3461 1780 terrenam,
3495 1734 3617 1786 quae

2033 1803 2088 1858 in
2126 1818 2204 1866 se,
2237 1818 2359 1872 quae
2400 1804 2453 1857 in
2492 1803 2672 1869 Petro,
2703 1819 2825 1873 qua:
2854 1804 2908 1858 in
2939 1806 3150 1861 caeteris
3180 1808 3463 1876 apostolis,
3493 1823 3617 1876 qua:

1966 1876 2006 1933 Β
2032 1897 2087 1951 in
2122 1896 2286 1950 istum
2320 1895 2583 1951 mundum
2614 1896 2990 1963 descenderat,
3020 1899 3306 1955 stultitiam
3334 1914 3458 1954 esse
3491 1899 3610 1954 Dei.

2030 1985 2112 2041 Ad
2146 1986 2612 2055 comparationem
2653 1983 2853 2054 quippe
2902 1984 3048 2039 illius
3093 1985 3404 2054 sapientiae,
3448 2000 3612 2054 quant

2034 2086 2288 2132 terrenus
2321 2090 2432 2131 non
2460 2075 2607 2145 capit
2645 2075 2824 2140 locus,
2856 2075 2922 2131 ad
2957 2075 3106 2143 illam
3142 2074 3464 2144 sapientiam
3494 2090 3616 2144 quae

2034 2168 2276 2224 caelestis
2299 2176 2405 2234 est,
2438 2184 2563 2238 quae
2586 2167 2778 2222 mundi
2810 2168 3037 2223 limitem
3063 2168 3296 2234 excedit,
3337 2168 3440 2223 hoc
3467 2167 3613 2237 quod

2030 2260 2308 2318 descendit
2350 2261 2415 2315 ad
2463 2260 2715 2316 homines
2754 2258 2964 2314 fatuum
3010 2258 3102 2313 Dei
3142 2268 3245 2314 est.
3298 2256 3502 2313 Verum
3556 2257 3612 2314 id

2029 2353 2211 2424 ipsum
2242 2353 2451 2407 fatuum
2487 2350 2580 2407 Dei
2621 2352 2923 2423 sapientius
2968 2359 3051 2406 est
3087 2350 3403 2405 hominibus
3435 2368 3449 2404 :
3485 2350 3610 2420 quic

2026 2446 2161 2501 bus.
2186 2446 2539 2501 hominibus?
2582 2443 2701 2500 Non
2733 2447 2924 2514 utique
2965 2444 3165 2509 stultis,
3215 2443 3312 2500 sed
3360 2444 3614 2514 sapienti-

2027 2537 2132 2592 bus
2162 2555 2176 2592 :
2208 2537 2358 2593 dicas
2390 2537 2517 2591 licet
2557 2522 2832 2606 sapientes
2869 2534 3053 2590 saeculi
3098 2534 3279 2597 istius,
3319 2534 3434 2588 sive
3463 2533 3609 2603 prin-

2027 2630 2198 2702 cipes,
2232 2630 2346 2686 sive
2375 2638 2524 2683 vates
2564 2628 2685 2683 istis
2727 2626 3062 2695 sapientibus
3095 2624 3302 2687 saeculi,
3336 2625 3440 2678 hoc
3465 2625 3608 2692 quod

2027 2722 2384 2792 exposuimus
2419 2739 2433 2783 ς
2464 2718 2701 2775 Famam
2729 2715 2827 2779 Dei
2869 2714 3160 2784 sapientius
3186 2724 3263 2777 est
3287 2713 3607 2773 Itonzinibus.

2095 2941 2149 2998 9.
2192 2941 2437 2995 Mirabile
2465 2938 2725 3008 quiddam
2755 2936 3010 2991 volumus
3041 2935 3321 2989 inserere:
3349 2933 3605 3005 quoniam

2023 3033 2285 3104 sapientia
2327 3031 2510 3086 mundi
2552 3029 2787 3084 stultitia
2836 3035 2913 3081 est
2953 3028 3093 3096 apud
3129 3025 3331 3091 Deum,
3372 3034 3427 3081 et
3466 3024 3603 3080 infa-

1997 3127 2196 3183 .tuavit
2228 3124 2372 3179 Deus
2422 3122 2747 3193 sapientiam
2795 3121 3029 3186 mundi,
3072 3135 3180 3176 non
3231 3120 3286 3174 in
3339 3119 3604 3190 sapientia

333 3210 464 3277 ρανε
494 3197 594 3268 τὴν
626 3198 820 3269 σοφίαν
840 3201 936 3255 τοῦ
970 3202 1177 3274 κόσμου
1204 3192 1302 3278 (3).
1337 3206 1448 3258 Kal
1479 3203 1706 3258 δύνασαι
1740 3205 1920 3277 χωρῆ-

2025 3235 2123 3275 sua
2160 3216 2450 3272 infatuavit
2483 3192 2804 3284 sapientiam
2842 3213 3053 3279 mundi,
3080 3227 3178 3267 nec
3202 3220 3376 3282 potest
3409 3226 3606 3282 capere

333 3304 423 3352 σαι
469 3288 568 3361 τὴν
612 3291 826 3360 σοφίαν,
861 3290 928 3344 ἵν’
968 3291 1197 3364 ἐλεγχθῇ
1234 3293 1394 3366 μωρά
1440 3289 1579 3349 εἶναι
1612 3295 1645 3366 ἡ
1677 3295 1772 3350 τοῦ
1819 3296 1911 3350 κό-

333 3399 469 3454 σμου
506 3382 667 3451 σοφία
686 3398 699 3411 ·
738 3382 1064 3451 ἀγωνίζεται
1087 3384 1196 3456 γὰρ
1232 3387 1265 3456 ἡ
1295 3385 1457 3456 σοφία
1487 3386 1582 3439 τοῦ
1608 3386 1744 3440 Θεοῦ
1777 3387 1911 3460 πρὸς

328 3473 427 3545 τὴν
476 3472 670 3542 σοφίαν
705 3471 799 3526 τοῦ
853 3474 1080 3546 κόσμου,
1123 3476 1211 3529 ἵνα
1261 3475 1490 3549 ἐλεγχθῇ
1541 3478 1678 3549 πρὸς
1718 3480 1906 3551 αὐτήν.

342 3563 480 3618 Ἀλλ’
496 3564 678 3633 ὀλίγου
706 3565 849 3629 τινὸς
875 3565 1033 3639 χρεία
1058 3566 1226 3621 ἐστίν’
1251 3568 1387 3641 ὅπερ
1403 3567 1581 3638 ὀλίγον
1612 3570 1791 3642 μωρὸν
1815 3569 1909 3623 τοῦ

327 3654 464 3711 Θεοῦ
510 3659 680 3721 ἐστιν,
731 3657 817 3710 ἵνα
857 3657 1031 3729 τούτῳ
1080 3657 1158 3729 τῷ
1193 3658 1388 3732 βραχεῖ
1435 3659 1601 3732 μωρῷ
1630 3661 1726 3714 τοῦ
1774 3660 1909 3715 Θεοῦ

331 3749 590 3824 μωρανθῇ
640 3752 673 3823 ἡ
716 3750 875 3820 σοφία
912 3751 1008 3805 τοῦ
1056 3751 1261 3823 κόσμου
1311 3752 1388 3823 (-i)
1431 3755 1525 3808 καὶ
1546 3742 1774 3826 ἐλεγχθῇ
1800 3771 1815 3785 ο
1847 3756 1909 3807 οὑ

323 3835 436 3915 γὰρ
475 3842 670 3914 ἔφερεν
716 3844 749 3915 ἡ
796 3843 958 3913 σοφία
993 3840 1089 3896 τοῦ
1121 3842 1328 3915 κόσμου
1360 3843 1548 3898 τούτου
1592 3844 1691 3915 τὴν
1720 3843 1911 3914 σοφίαν

325 3930 420 4011 τοῦ
447 3934 581 3988 Θεοῦ
602 3951 622 3983 ε
648 3928 759 3988 οἷον
782 3935 874 3987 ἐπὶ
900 3934 1369 4006 παραδείγματος,
1405 3936 1492 3989 ἵνα
1517 3936 1718 4008 νοήσῃς
1742 3934 1825 3988 ὅτι
1850 3935 1913 3988 τὸ

329 4026 512 4098 μωρὸν
553 4026 648 4080 τοῦ
685 4026 823 4082 Θεοῦ
851 4024 1135 4098 ἐμώρανεν
1174 4027 1275 4097 τὴν
1318 4027 1513 4096 σοφίαν
1553 4024 1648 4080 τοῦ
1683 4025 1910 4096 κόσμου·

324 4114 551 4195 διδόσθω
587 4135 655 4190 με
688 4117 1075 4187 ἀγωνίζεσθαι,
1104 4117 1367 4172 δοκοῦντὰ
1398 4134 1467 4190 με
1515 4118 1712 4173 ειδέναι
1742 4116 1914 4172 πολλὰ

322 4208 422 4286 καὶ
454 4209 697 4274 πλείονα,
725 4209 862 4282 πρός
888 4227 1010 4263 τινα
1047 4209 1296 4280 ἀνόητον,
1317 4210 1413 4263 καὶ
1440 4209 1786 4275 ἀπαίδευτον,
1818 4209 1913 4263 καὶ

329 4300 497 4389 μηδὲν
537 4302 809 4365 συνιέντα,
849 4301 945 4354 καὶ
989 4301 1062 4372 μὴ
1110 4298 1512 4389 ἀγωνιζόμενον
1556 4300 1694 4376 ὑπὲρ
1738 4300 1912 4370 λόγων

328 4396 603 4462 γενναίων
623 4393 825 4448 ὁποίων
847 4393 1067 4464 δήποτεο
1098 4388 1209 4465 ἆρα
1233 4393 1420 4464 χρείαν
1436 4392 1544 4464 ξοχω
1566 4393 1911 4464 διαλεκτικῆς

327 4486 465 4560 πρὸς
490 4487 716 4551 ἐκεῖνον,
740 4486 773 4557 ἢ
795 4485 1165 4559 θεωρημάτων
1189 4483 1502 4556 βαθυτέρων
1523 4501 1538 4551 ;
1566 4484 1661 4539 ἐὰν
1752 4486 1912 4557 μωρὰ

324 4572 491 4633 αὑτοῦ
514 4579 584 4632 τά
611 4578 880 4650 νοήματα,
903 4561 992 4638 ἦθ’
1022 4579 1141 4641 ἑνός
1171 4595 1260 4649 μοι
1284 4577 1545 4643 λεξειδίου
1577 4578 1735 4650 χρεία
1764 4574 1909 4632 ἐστὶν
1942 4562 1986 4617 D

322 4668 506 4748 ὀλίγον
536 4670 862 4742 δριμυτέρου
894 4669 1045 4742 παρά
1076 4671 1175 4742 τὴν
1206 4668 1416 4724 ἐκείνου
1450 4670 1695 4742 μωρίαν;
1723 4669 1909 4734 Οὕτως

326 4762 418 4817 ἱνα
463 4762 720 4835 μωρανθῇ
756 4764 789 4834 ὴ
833 4761 996 4831 σοφία
1023 4759 1119 4815 τοῦ
1165 4761 1372 4833 κόσμου
1404 4760 1618 4826 τούτου,
1652 4763 1712 4816 οὐ
1751 4761 1911 4834 χρεία

323 4854 425 4925 τῆς
449 4854 643 4924 σοφίας
665 4853 761 4907 τοῦ
778 4852 915 4908 Θεοῦ
942 4853 1349 4925 ἀγωνιζομένης
1375 4854 1511 4927 πρὸς
1549 4853 1732 4920 αὐτόν·
1767 4852 1908 4924 αὕτη

396 4988 442 5026 ⁸⁷
479 4987 501 5044 Ι
532 4988 660 5046 Cor.
689 5006 730 5057 t,
760 4989 856 5047 25.

400 5099 481 5185 (ί)
515 5104 651 5185 Πῶς
688 5103 767 5160 ἂν
811 5106 1045 5177 χιλίων,
1077 5114 1189 5179 etc.
1234 5102 1360 5161 Ha’c
1404 5105 1591 5161 omisit
1644 5104 1907 5185 Hieron):-

321 5184 470 5233 mus.
646 5184 649 5185 ⁷
826 5186 833 5189 ’

362 5242 476 5323 ,,(ἳ)
513 5244 641 5323 Et}?
666 5244 811 5313 τοὺς
845 5246 1078 5323 trag-pix
1104 5247 1303 5323 εἴπῃς,
1333 5255 1437 5302 etc.
1494 5248 1553 5302 in
1588 5263 1720 5323 mss.
1757 5246 1907 5323 codi-

324 5313 485 5388 cibus
523 5313 899 5388 interpretatio
925 5313 1387 5388 Hieranymihaac
1421 5326 1545 5373 est:
1583 5317 1741 5379 Dicas
1786 5318 1905 5369 licet

323 5384 597 5458 sapientes
631 5384 815 5444 sieouli
842 5388 1020 5458 istius,
1047 5384 1152 5442 me
1175 5388 1461 5458 principes,
1483 5388 1598 5458 sive
1613 5387 1905 5450 vates,istis

325 5454 678 5521 sapientibus,
714 5465 819 5517 etc.
852 5457 1002 5523 Libri
1038 5454 1184 5513 editi
1202 5454 1402 5512 habent
1432 5501 1444 5512 .
1473 5456 1629 5511 Dicas
1662 5458 1781 5511 licet
1814 5475 1909 5510 sa-

322 5523 594 5603 pientibus
637 5527 818 5603 saiculi
866 5529 1048 5591 istius,
1080 5529 1189 5582 sive
1216 5528 1563 5603 principibus,
1608 5529 1712 5582 sive
1754 5528 1902 5603 vanis

324 5593 446 5655 istis
478 5596 825 5662 sapientibus,
849 5607 954 5652 etc.
1217 5593 1226 5597 ’
1389 5593 1400 5601 ’
1500 5598 1505 5603 '
1568 5603 1572 5606 ’
1877 5598 1913 5607 -ι

397 5662 475 5735 (5)
519 5665 659 5737 ᾌρα
693 5665 763 5718 ἐν
782 5669 985 5737 ,σοφίᾳ
1011 5665 1274 5737 ἐμώρανε
1295 5666 1410 5736 τὴν
1430 5667 1654 5736 σοφίαν
1679 5667 1784 5723 τοῦ
1802 5669 1896 5721 κό-

322 5731 505 5806 σμοι).
534 5731 754 5806 ﬂorum
780 5731 1155 5806 interpretatio
1174 5731 1524 5793 desideratur
1537 5738 1591 5791 in
1616 5737 1770 5794 libris
1790 5738 1904 5792 edi-

324 5803 419 5879 tis,
454 5804 547 5869 sed
599 5804 689 5879 hic
721 5803 1001 5879 suppletur
1028 5822 1062 5861 e
1093 5822 1226 5863 mss.
1278 5808 1436 5879 codd.
1458 5876 1471 5879 Α
1498 5806 1617 5879 Mox
1672 5824 1770 5879 pro
1809 5808 1903 5861 καὶ

325 5872 573 5940 δύνασαι,
599 5872 1205 5948 ΙθεειηιίἩίειόηγῐηυε
1235 5874 1329 5929 καὶ
1360 5877 1421 5928 οὐ
1453 5872 1677 5945 δύναται

2012 3308 2334 3381 sapientiam
2360 3306 2571 3367 mundi.
2603 3315 2660 3359 ut
2685 3319 2809 3359 esse
2839 3304 3074 3359 stultitia
3101 3311 3385 3371 arguatur.
3416 3299 3605 3370 Neque

2010 3404 2156 3458 enim
2179 3401 2434 3471 dignatur
2450 3398 2714 3468 sapientia
2730 3395 2822 3450 Dei
2842 3395 2907 3449 ad
2929 3395 3116 3451 mundi
3135 3394 3458 3462 sapientiam
3479 3408 3605 3447 conv

2009 3493 2332 3549 vim-endam
2354 3498 2465 3545 tota
2477 3488 2827 3551 descendere,
2844 3487 2936 3543 sed
2955 3486 3135 3556 potius
3151 3484 3314 3555 176
3327 3483 3600 3539 modicum

2013 3586 2140 3654 (hoc
2177 3593 2261 3638 est
2296 3580 2694 3637 incarnationis
2721 3577 3154 3645 sacramentum)
3185 3575 3318 3645 quid
3349 3589 3603 3630 necessav

2012 3674 2156 3727 rium
2191 3670 2316 3735 iuit,
2343 3669 2491 3740 quod
2525 3668 2738 3723 fatuum
2781 3668 2875 3722 Dei
2920 3675 3059 3729 erat,
3106 3674 3170 3720 ut
3201 3667 3305 3720 hoc
3341 3681 3509 3735 parvo
3552 3674 3604 3719 et

2014 3763 2167 3820 fatuo
2193 3762 2288 3818 Dei
2319 3761 2683 3816 infatuaretur
2730 3760 2916 3815 επιξυιί
2950 3760 3240 3830 sapientia.
3290 3756 3408 3812 Non
3452 3758 3599 3812 enim

2012 3852 2229 3907 valebat
2277 3849 2464 3906 saeculi
2507 3847 2778 3917 sapientia
2826 3846 3260 3916 magnitudinem
3310 3845 3363 3898 in
3410 3860 3469 3899 se
3510 3858 3603 3898 ve-

2014 3942 2216 3998 nientis
2253 3939 2526 3996 sustinere
2571 3937 2871 4008 sapientize.
2921 3935 3117 3992 Verum
3160 3935 3468 4004 exemplum
3518 3933 3603 3995 in—

2014 4042 2391 4103 terponamus,
2430 4040 2491 4085 ut
2529 4028 2825 4100 perspicue
2865 4027 3039 4099 possit
3072 4025 3296 4096 intelligi
3323 4024 3603 4095 quomodo

2012 4125 2224 4181 fatuum
2257 4123 2350 4178 Dei
2390 4123 2612 4178 stultam
2655 4120 2845 4176 fecerit
2871 4118 3193 4189 sapientiam
3226 4117 3414 4172 mundi
3452 4135 3464 4171 :
3501 4116 3604 4172 tin-

2012 4233 2135 4289 gam
2166 4215 2444 4286 paulisper
2473 4229 2578 4279 me,
2610 4213 2703 4283 qui
2732 4211 2939 4282 aliquid
2969 4218 3132 4281 putor
3156 4224 3316 4274 esse,
3348 4224 3473 4265 cum
3508 4209 3598 4263 in-

2013 4310 2241 4379 sipiente
2261 4308 2446 4376 aliquo
2476 4314 2531 4360 et
2574 4303 2850 4359 inerudito
2874 4300 3129 4358 conferre
3151 4315 3485 4366 sermonem,
3504 4300 3599 4368 qui

2014 4400 2148 4455 nihil
2191 4399 2472 4469 intelligat,
2525 4396 2663 4450 nihil
2709 4402 2885 4450 acutae
2924 4391 3314 4463 disputationis
3357 4392 3599 4447 interro-

2013 4500 2133 4564 get;
2177 4507 2306 4546 num
2350 4490 2612 4559 quidnam
2659 4502 2798 4557 opus
2832 4487 2966 4541 mihi
3017 4499 3101 4541 est
3135 4485 3201 4540 ad
3234 4484 3381 4539 illius
3419 4485 3600 4540 stulti-

2016 4585 2144 4639 tiam
2183 4582 2516 4653 arguendae:
2540 4620 2554 4645 ,
2603 4579 2944 4635 dialecticam
2984 4578 3335 4633 calliditatem
3378 4586 3432 4632 et
3472 4592 3599 4646 pro--

2015 4675 2309 4731 fundorum
2346 4687 2606 4729 sensuum
2657 4685 2888 4728 acumen
2940 4669 3238 4725 adhibere?
3287 4667 3481 4724 Nonne
3529 4668 3596 4724 ad

2015 4767 2180 4822 unius
2204 4764 2537 4822 sermunculi
2561 4764 2767 4834 jactum
2794 4763 2916 4819 vilis
2950 4771 3003 4817 et
3029 4762 3252 4826 modici,
3288 4762 3382 4830 qui
3416 4772 3596 4817 tamen

2016 4863 2163 4937 illius
2214 4862 2584 4931 intelligentiae
2620 4861 2872 4931 videatur
2913 4861 3254 4928 acerrimus,
3305 4861 3514 4915 fatuum
3543 4864 3598 4927 et

2086 5105 2164 5174 (4)
2206 5105 2318 5160 Καὶ
2349 5105 2631 5176 ἐλεγχθῇ.
2674 5104 2812 5162 Hinc
2836 5106 3008 5177 liquet
3036 5106 3175 5161 male
3214 5105 3268 5177 in
3304 5105 3472 5177 libris
3498 5121 3598 5177 an-_

2015 5186 2099 5232 tea
2138 5177 2300 5232 editis
2332 5174 2831 5246 interpretationem
2878 5174 3189 5248 Hieronymi
3230 5176 3427 5236 habere
3463 5191 3481 5240 ξ
3527 5174 3596 5248 ad

2014 5248 2198 5301 mundi
2242 5245 2557 5316 sapientiam
2602 5245 3255 5310 commiscendam,‘reete
3301 5256 3480 5316 autem
3540 5245 3592 5297 in

2016 5332 2150 5371 mss.
2176 5313 2459 5372 codicibus
2486 5337 2498 5372 :
2526 5318 2596 5370 ad
2620 5317 2802 5370 mundi
2825 5317 3144 5386 sapientiam
3162 5313 3590 5386 convincendum.

2016 5386 2219 5443 lhidem
2256 5389 2310 5441 in
2347 5388 2501 5443 libris
2526 5395 2682 5441 antea
2713 5383 3131 5456 editis'legitur;
3155 5383 3258 5439 Sed
3278 5384 3454 5456 potius
3484 5398 3596 5434 mo-

2011 5459 2192 5512 dicam
2224 5456 2365 5527 quod
2392 5458 2747 5527 necessariam
2777 5457 2901 5524 fuit,
2928 5453 3067 5525 quod
3094 5454 3302 5522 fatuum
3328 5453 3433 5527 psi
3455 5461 3593 5527 erat,

2011 5539 2068 5582 ut
2098 5528 2194 5582 hoc
2216 5521 2378 5597 parvo
2411 5538 2465 5580 et
2494 5528 2651 5597 fatuo
2670 5521 3153 5597 Dei-inmittuntur
3175 5521 3358 5597 siccati
3384 5521 3594 5587 sapien—

2013 5600 2110 5661 tia,
2144 5590 2563 5668 ntagnitydinem
2603 5597 2659 5648 in
2689 5610 2742 5668 se
2764 5590 3020 5668 venientis
3038 5592 3314 5668 sapientia;
3333 5590 3592 5668 impotens

2010 5661 2290 5722 sustinere.
2334 5664 2438 5719 Sed
2481 5664 2823 5719 inserendam
2852 5663 3022 5717 textui
3049 5662 3272 5715 alteram
3302 5661 3592 5714 lectionem

2006 5737 2247 5807 judicavi
2285 5749 2409 5806 qua:
2440 5733 2636 5802 majori
2669 5732 3167 5809 manuscriptorum
3202 5744 3434 5785 numero
3460 5743 3588 5791 conv

2010 5809 2276 5863 ﬁrmatur.
