4122 6438
564 387 667 448 53!

2020 375 2341 434 ORIGEMS

3724 376 3827 432 552

568 523 690 569 nus,
732 503 1043 558 maledictus
1073 501 1223 556 homo
1262 500 1352 569 qui
1397 515 1499 552 non
1537 497 1765 553 audierit
1795 495 1948 552 verba
1969 494 2139 550 Testa-

2253 491 2511 557 κοῦνττις
2535 488 2917 560 Ἰερουσαλήμ
2933 506 2945 519 ·
2968 490 3066 543 καὶ
3082 489 3234 558 ἐρεῖς
3250 488 3630 558 πρὸςαίιτούς
3649 509 3662 522 ·
3689 494 3834 550 Τάδε

567 596 731 651 menti
758 595 935 663 hujus,
974 594 1113 663 quod
1144 589 1391 645 mandavi
1419 590 1658 659 patribus
1686 591 1869 645 vestris
1906 588 1970 641 ".
2013 588 2150 653 Quis

568 688 745 755 magis
779 685 931 739 audit
974 684 1132 736 verba
1175 684 1506 747 testamenti,
1543 684 1685 753 quod
1733 681 2008 735 mandavit
2050 695 2148 749 pa-

564 777 780 831 trihus?
804 775 914 829 Nos
942 775 1033 843 qui
1067 775 1121 827 in
1145 773 1368 827 Christo
1398 775 1694 838 credimus,
1722 789 1790 827 an
1823 773 1899 825 illi
1923 773 2016 839 qui
2050 785 2149 824 nec

565 867 735 939 Moysi
781 866 1157 928 crediderunt,
1203 865 1332 918 dum
1385 865 1440 918 in
1473 863 1693 918 Christo
1735 878 1842 917 non
1879 859 2151 916 credunt?

563 958 633 1014 ad
666 972 804 1026 quos
838 954 1092 1009 Salvator
1121 953 1196 1007 ait
1225 953 1273 991 "
1311 971 1325 1007 :
1369 952 1427 1007 Si
1472 953 1750 1005 crederetis
1792 951 1985 1019 Moysi,
2037 964 2149 1001 cre-

562 1050 754 1103 deretis
787 1048 964 1116 utique
1005 1055 1055 1099 et
1084 1046 1250 1107 mihi;
1290 1046 1354 1098 de
1388 1060 1469 1098 me
1500 1045 1641 1098 enim
1676 1043 1765 1097 ille
1802 1042 2036 1110 scripsit.
2087 1038 2148 1094 Si

562 1149 737 1193 autem
788 1138 979 1192 litteris
1035 1136 1184 1190 illius
1226 1153 1329 1190 non
1373 1136 1623 1199 creditis,
1668 1135 1929 1201 quomodo
1979 1133 2147 1187 verbis

564 1232 689 1285 meis
729 1230 985 1284 credituri
1025 1229 1189 1281 estis."
1226 1227 1412 1297 Itaque
1451 1228 1526 1281 illi
1553 1227 1723 1298 Moysi
1761 1242 1868 1280 non
1897 1224 2146 1279 credide-

562 1333 725 1389 runt;
768 1338 866 1377 nos
895 1337 1021 1375 vero
1064 1321 1344 1375 credentes
1386 1320 1438 1373 in
1472 1319 1694 1373 Christo
1729 1317 2005 1371 credimus
2045 1314 2150 1371 Te-

563 1424 855 1475 stamento,
899 1414 1040 1483 quod
1092 1414 1345 1467 traditum
1399 1421 1483 1466 est
1527 1427 1621 1481 per
1666 1410 1930 1482 Moysem,
1979 1419 2035 1465 et
2077 1409 2147 1464 ad

566 1523 666 1562 nos
705 1508 902 1561 dicitur
931 1522 999 1559 ne
1037 1505 1308 1559 maledicti
1352 1505 1548 1558 ﬁamus
1584 1520 1601 1558 :
1634 1502 1950 1556 Maledictus
1991 1503 2147 1556 homo

561 1598 654 1669 qui
676 1614 775 1651 non
794 1598 1021 1650 audierit
1048 1597 1201 1650 verba
1220 1595 1539 1649 Testameuti
1561 1595 1715 1663 hujus
1736 1594 1873 1665 quod
1896 1594 2146 1647 mandari

560 1689 801 1756 putribus
823 1689 1027 1743 restris.
1056 1688 1195 1757 Ergo
1220 1687 1294 1740 illi
1321 1686 1591 1741 maledicti
1611 1696 1773 1749 sunt;
1804 1700 1977 1754 neque
1996 1684 2144 1737 enim

561 1779 1276 1835 audieruntTc-stamentum
1307 1778 1450 1846 quod
1483 1778 1760 1832 mandavit
1796 1776 1937 1832 Deus
1974 1776 2145 1846 patri-

562 1871 685 1938 bus,
706 1873 761 1924 in
785 1873 869 1925 die
898 1889 999 1942 qua
1020 1871 1200 1925 eduxit
1217 1886 1304 1923 eos
1327 1870 1390 1923 de
1413 1879 1556 1923 terra
1574 1869 1817 1940 1Egypti,
1849 1869 1913 1921 de
1931 1869 2144 1936 fornace

561 1959 732 2030 ferrea
755 1962 835 2028 ”;
878 1963 1114 2015 maxime
1140 1962 1294 2033 juxta
1322 1961 1709 2030 iutelligentem
1745 1961 1796 2014 id
1821 1958 1981 2027 179
2000 1958 2143 2024 quod

561 2051 821 2121 scriptum
856 2062 937 2107 est
971 2054 1023 2106 in
1054 2051 1282 2106 Joannis
1312 2052 1659 2123 Apocalypsi,
1693 2052 1821 2120 quia
1863 2051 2018 2104 locus
2051 2049 2143 2103 ubi

558 2143 855 2199 cruciﬁxus
882 2152 961 2198 est
983 2142 1269 2207 Dominus,
1285 2152 1509 2198 vocetur
1528 2140 1884 2211 spiritualiter
1901 2138 2142 2194 Sodoma

559 2242 612 2289 et
636 2233 918 2306 Egyptus.
943 2233 999 2289 Si
1028 2235 1173 2289 enim
1201 2234 1557 2304 spiritualiter
1579 2232 1846 2304 Egyptus
1868 2233 2141 2301 quispiam

558 2330 892 2391 nominatur,
914 2336 1092 2382 etnon
1115 2336 1197 2381 est
1222 2326 1485 2398 Egyptus
1503 2325 1800 2380 secundum
1836 2324 2145 2393 intelligen-

558 2420 687 2475 tiam
707 2420 1066 2490 corporalem,
1089 2419 1229 2471 haud
1249 2418 1476 2471 dubium
1496 2426 1580 2470 est
1598 2415 1725 2484 quin
1745 2415 1789 2469 si
1812 2412 2143 2469 intellexeris

559 2511 850 2583 Egyptum
875 2512 1235 2580 spiritualcm,
1265 2520 1318 2564 et
1346 2508 1550 2563 exieris
1578 2508 1643 2561 de
1672 2522 1758 2571 ca,
1788 2516 1841 2560 tu
1877 2507 1955 2561 sis
1989 2521 2143 2576 egre-

553 2605 711 2660 diens
757 2620 822 2657 ex
874 2611 1017 2658 terra
1058 2602 1306 2674 Egypli,
1348 2603 1414 2656 de
1450 2600 1671 2655 fornace
1697 2598 1903 2659 ferrea,
1953 2607 2007 2651 et
2045 2597 2141 2651 tibi

552 2696 769 2749 dicatur
815 2713 829 2749 :
881 2695 1071 2747 Audite
1116 2710 1287 2747 rorem
1332 2708 1523 2755 meum,
1560 2701 1608 2744 et
1638 2690 1797 2758 facite
1826 2689 1987 2757 juxta
2031 2688 2142 2743 haec

558 2786 756 2839 omnia.
805 2784 1004 2838 Deinde
1033 2784 1387 2853 repromissio
1418 2781 1507 2834 Dei
1536 2789 1622 2834 est
1646 2780 1710 2833 ad
1746 2780 2051 2844 audientes,
2094 2780 2140 2833 si

558 2877 783 2931 fecerint
813 2892 1150 2944 qumrunque
1175 2874 1490 2944 praeceperit
1514 2872 1777 2927 Dominus
1798 2873 1987 2927 dicens
2020 2890 2035 2926 :
2068 2870 2139 2925 Et

554 2966 702 3019 eritis
737 2964 861 3017 mihi
893 2965 943 3017 in
984 2966 1256 3033 populum,
1304 2973 1354 3015 et
1396 2979 1489 3033 ego
1519 2978 1607 3015 ero
1638 2961 1780 3016 vobis
1821 2962 1873 3016 in
1907 2960 2072 3015 Deum
2096 2961 2137 3015 ¹.

556 3051 677 3109 Non
709 3053 889 3107 omnis
914 3054 1006 3122 qui
1039 3070 1095 3107 se
1135 3052 1393 3122 populum
1424 3051 1519 3106 Dei
1548 3051 1681 3106 dicit
1718 3067 1862 3117 esse,
1905 3052 2139 3121 populus

554 3141 650 3200 Dei
688 3154 790 3199 est.
842 3143 1155 3199 Judzeorum
1178 3146 1420 3215 populus
1452 3146 1710 3215 populum
1752 3160 1813 3200 se
1852 3144 2139 3199 venditans

554 3237 647 3291 Dei
679 3236 880 3290 meruit
925 3236 1149 3303 audire,
1188 3238 1311 3306 quin
1353 3254 1454 3290 non
1482 3236 1704 3307 populus
1748 3252 1893 3289 meus
1923 3252 2044 3300 vos,
2086 3245 2140 3290 et

552 3327 757 3382 dictum
792 3335 875 3382 est
903 3327 968 3381 ad
997 3343 1121 3382 eum
1160 3345 1176 3382 :
1219 3327 1340 3382 Non
1369 3330 1592 3396 populus
1625 3344 1790 3383 meus.
1828 3327 1890 3380 Et
1918 3342 2134 3381 rursum

551 3418 653 3474 iste
680 3419 912 3488 populus
940 3429 1166 3475 vocatus
1199 3418 1283 3476 est
1313 3421 1546 3491 populus
1582 3438 1595 3474 ;
1646 3419 1761 3490 Ipsi
1796 3421 1936 3474 enim
1973 3435 2140 3474 remu-

550 3508 652 3563 lati
681 3519 804 3563 sunt
854 3526 971 3575 me,
1022 3510 1199 3580 inquit
1242 3513 1262 3542 ’
1289 3553 1305 3578 ,
1338 3528 1494 3581 super
1541 3527 1646 3566 non
1678 3511 1869 3566 Deum.
1913 3509 1986 3565 De
2031 3510 2138 3565 illis

549 3599 679 3655 dicit
715 3617 727 3653 :
762 3598 1113 3654 lrrituverunt
1158 3618 1236 3655 me
1266 3603 1318 3655 in
1359 3603 1517 3655 idolis
1570 3604 1717 3666 suis,
1754 3612 1803 3656 et
1838 3618 1931 3671 ego
1976 3618 2141 3655 a'mu-

550 3691 703 3745 labor
732 3709 820 3746 eos
859 3710 1014 3762 super
1058 3709 1161 3747 non
1201 3704 1420 3764 gentem.
1465 3692 1529 3747 In
1562 3702 1766 3765 gentem
1802 3702 1978 3746 autem
2009 3693 2140 3748 iusi-

546 3786 772 3854 pientem
803 3787 903 3839 irri
911 3786 1030 3840 tabo
1056 3803 1162 3841 eos.

2250 580 2410 651 λέγει
2422 583 2635 648 Κύριος
2650 583 2682 633 ό
2701 579 2847 645 Θεὸς
2862 577 3115 647 Ἰσραήλ·
3147 577 3602 646 Ἐπικατάρατος
3613 580 3836 650 ἄνθρω-

2249 689 2363 739 πος
2378 672 2445 738 ὃς
2461 675 2571 726 οὐκ
2582 672 2903 725 ἀκούσεται
2921 670 3040 724 τῶν
3056 673 3252 739 λόγων
3273 669 3374 739 τῆς
3409 672 3730 741 Διοθήκης,
3759 670 3836 745 ἧς

2247 762 2638 831 ἐνετειλάμην
2653 761 2776 828 τοῖς
2787 760 3086 830 πατράσιν
3100 760 3385 830 ὐμῶν.Τίς
3399 761 3632 832 μάλιστα
3643 765 3834 819 ἀκούει

2249 855 2356 907 τῶν
2395 854 2573 922 λόγων
2610 854 2709 925 τῆς
2742 853 3037 925 Διαθήκης,
3064 849 3133 925 ἦς
3158 853 3458 907 ἐνετείλατο
3489 857 3517 907 6
3553 855 3687 919 Θεὸς
3722 859 3834 922 τοῖς

2246 945 2550 1017 πατράσιν;
2573 940 2725 1017 *Αρά
2745 961 2808 1013 γε
2834 946 2884 999 οἱ
2911 944 3255 1009 πιστεύοντες
3278 943 3367 999 ἐπ’
3394 943 3576 1007 αὐτὸν,
3604 944 3636 1015 ἢ
3665 946 3713 998 οἱ
3743 964 3840 1020 μη-

2248 1035 2437 1106 δαμῶς
2462 1036 2538 1106 (l)
2571 1033 2848 1087 πιστεύειν
2867 1034 3337 1103 ἀποδεικνύμενοι,
3367 1034 3430 1086 ὲκ
3456 1033 3551 1086 τοῦ
3579 1034 3653 1105 μὴ
3683 1052 3839 1089 πεπιο

2250 1127 2533 1181 στευκέναι
2565 1125 2660 1178 ἐπὶ
2702 1126 2792 1179 τὸν
2834 1124 3035 1196 Κύριον
3063 1142 3077 1191 ;
3109 1125 3246 1197 Φησὶ
3281 1125 3390 1197 γὰρ
3420 1127 3447 1179 6
3481 1126 3670 1198 Σωτὴρ
3697 1127 3834 1199 πρὸς

2247 1220 2508 1282 ἐκείνουςσ
2528 1221 2577 1273 Ε
2583 1220 2599 1271 l
2612 1218 2955 1271 ἐπιστεύετε
2971 1215 3191 1282 Μωσεῖ,
3205 1215 3551 1270 ἐπιστεύετε
3568 1217 3645 1271 ἂν
3662 1218 3790 1287 ἐμοί
3811 1236 3826 1251 ο

2249 1309 2381 1376 περὶ
2406 1309 2514 1379 γὰρ
2530 1306 2675 1378 ἐμοῦ
2692 1307 2924 1374 ἐκεῖνος
2943 1307 3228 1377 ἔγραψεν.
3259 1309 3327 1361 El
3359 1305 3427 1360 δὲ
3445 1307 3569 1374 τοῖς
3600 1307 3829 1363 ἐκείνου

2249 1400 2674 1471 πράμμασιντοὺ
2691 1401 3024 1464 πιστεύετε,
3039 1399 3163 1467 πῶς
3176 1399 3297 1468 τοῖς
3315 1399 3477 1469 ἐμοῖς
3486 1402 3715 1469 ριιμασι
3737 1416 3831 1454 πι-

2248 1493 2557 1556 creticae;
2578 1492 2785 1545 Οὐκοῦν
2816 1494 3012 1545 ἐκεῖνοι
3041 1493 3119 1555 εἰς
3146 1492 3351 1546 Μωσέα
3376 1492 3435 1544 ού
3465 1493 3833 1546 πεπιστεύκα⁴

2250 1600 2353 1636 σιν·
2399 1584 2558 1652 ἡμεῖς
2591 1582 2647 1635 δὲ
2690 1581 3034 1645 πιστεύοντες
3079 1583 3159 1644 εἰς
3202 1582 3455 1653 Χριστὸν,
3505 1581 3833 1652 πιστεύομεν

2246 1678 2314 1746 τῇ
2349 1675 2593 1747 Διαθήκῃ
2625 1676 2689 1747 τῇ
2719 1674 2807 1727 διὰ
2840 1673 3104 1738 Μωσέως,
3134 1674 3227 1727 καὶ
3274 1674 3406 1746 πρὸς
3436 1674 3579 1743 ἡμᾶς
3611 1673 3833 1741 λέγεται

2246 1766 2332 1819 ἵνα
2363 1765 2437 1837 μὴ
2464 1766 2761 1837 κατάρατοι
2803 1764 3085 1836 γενώμεθα
3105 1782 3117 1793 '
3149 1765 3611 1833 Ἐπικατάίατος
3665 1769 3697 1819 ὀ
3725 1765 3833 1819 ἇν-

2178 1845 2217 1898 B
2248 1862 2486 1925 θρωπος
2518 1856 2586 1923 ὃς
2618 1859 2729 1911 οὐκ
2758 1859 3081 1912 ἀκούσεται
3115 1856 3233 1910 τῶν
3258 1860 3454 1926 λίγωι·
3482 1857 3591 1925 τῆς
3617 1862 3830 1924 Διαθῆ-

2244 1967 2379 2017 κης,
2424 1945 2502 2019 ἧς
2547 1949 2937 2020 ἐνετειλάμην
2964 1949 3089 2017 τοῖς
3111 1950 3428 2019 πατράσιν.
3476 1952 3702 2005 Ἐκεῖνοι
3738 1948 3833 2007 οὖν

2246 2041 2428 2111 ἔχουσι
2472 2040 2538 2094 τὸ
2584 2041 2976 2113 ἑπικατάρατοι
3010 2039 3176 2096 εἶναι·
3210 2042 3270 2097 οὗ
3317 2042 3424 2115 γὰρ
3463 2044 3703 2116 ἥκουσαν
3732 2048 3829 2117 τῆς

2244 2133 2518 2206 Διαθήκης
2555 2129 2623 2206 ἦς
2662 2134 2964 2192 ἐνετείλατο
3004 2137 3033 2187 6
3070 2136 3202 2201 Θεὸς
3234 2141 3344 2200 τοῖς
3383 2138 3687 2206 πατράσιν·
3728 2140 3831 2194 Ἐν

2243 2225 2454 2295 ἡμέρᾳ,
2491 2226 2677 2298 φησιν,
2714 2220 2755 2298 ᾖ
2798 2225 3105 2297 ἀνήγαγον
3140 2228 3363 2295 αὐτοὺς
3406 2228 3473 2281 ἐκ
3513 2230 3625 2299 γῆς
3658 2232 3828 2299 Atrii-

2246 2324 2419 2378 πτου,
2451 2313 2520 2365 ἐκ
2552 2310 2660 2382 τῆς
2688 2315 2945 2384 καμίνου
2972 2317 3087 2387 τῆς
3112 2316 3387 2387 σιδηρᾶς·
3418 2322 3513 2374 καὶ
3541 2324 3683 2394 ἡμᾶς
3712 2324 3826 2396 itif;

2246 2416 2418 2470 γαγεν
2458 2404 2487 2455 6
2515 2403 2649 2468 Θεὸς
2678 2405 2742 2458 ὲκ
2772 2408 2870 2477 τῆς
2912 2406 3211 2478 Αἰγύπτου,
3243 2409 3307 2463 ὲκ
3340 2410 3440 2482 τῆς
3471 2415 3692 2485 καμίνου
3724 2417 3822 2486 τῆς

2251 2493 2475 2568 σιδηρᾶς
2511 2496 2607 2567 (Ξ),
2643 2498 2879 2568 μάλιστα
2908 2502 3048 2556 κατὰ
3081 2502 3173 2555 τὸν
3202 2505 3471 2575 νοήσαντα
3497 2507 3555 2560 τὺ
3582 2524 3822 2581 γεγραμ-

2247 2595 2406 2667 μένον
2441 2596 2499 2648 ὲν
2522 2597 2586 2667 τῇ
2626 2594 2990 2666 Ἀποκαλύψει
3035 2596 3302 2662 Ἰωάννου,
3332 2598 3414 2655 ὅτι
3447 2599 3475 2651 6
3508 2598 3669 2660 τόπος
3690 2597 3823 2649 ὅπου

2241 2690 2270 2741 ὁ
2313 2687 2518 2757 Κύριος
2565 2687 2745 2741 αὐτῶν
2790 2688 3110 2762 ἐσταυρώθη
3157 2689 3399 2751 καλεῖται
3446 2688 3825 2761 πνευματικῶς

2241 2779 2449 2851 Σόδομα
2480 2782 2575 2836 καὶ
2603 2780 2896 2852 Αἴγυπτος.
2932 2784 2996 2837 Εἰ
3023 2783 3132 2855 γὰρ
3164 2783 3551 2855 πνευματικῶς
3585 2785 3828 2840 καλεῖται

2242 2870 2517 2941 Αἴγυπτος
2540 2890 2553 2903 ⁸
2604 2873 2705 2928 οὐκ
2730 2874 2844 2929 ἔστι
2871 2875 2928 2928 δὲ
2962 2872 3102 2946 αὕτη
3135 2876 3469 2947 ἡΑἴγυπτος
3510 2879 3543 2949 ἡ
3584 2893 3831 2946 πνευμαρ

2238 2961 2407 3024 τικῶς
2455 2962 2761 3034 καλουμένη
2802 2963 3104 3033 Αἴγυπτος·
3167 2964 3399 3035 αἰσθητὴ
3455 2966 3594 3036 γάρ·
3647 2963 3829 3034 δῆλον,

2241 3054 2344 3117 ὅτι,
2395 3054 2491 3107 ἐὰν
2535 3056 2735 3127 νοήσῃς
2773 3056 2871 3128 τὴν
2915 3058 3297 3129 πνευματικῶς
3346 3056 3685 3128 καλουμένην
3734 3056 3834 3110 Αἷ-

2167 3188 2208 3245 C
2243 3164 2469 3215 γυπτον,
2504 3149 2596 3200 καὶ
2624 3147 2846 3221 ἐξέλθῃς
2878 3151 2972 3205 ἀπ’
3012 3150 3216 3222 αὐτῆςο
3252 3151 3314 3204 σὺ
3353 3145 3403 3203 εἴ
3428 3152 3457 3203 6
3488 3148 3717 3215 ἐξελθὼν
3762 3151 3830 3203 ὲκ

2245 3236 2349 3307 γῆς
2381 3236 2685 3305 Αἰγύπτου,
2715 3239 2808 3292 καὶ
2834 3240 2898 3291 ἐκ
2937 3238 3036 3308 τῆς
3068 3240 3301 3311 καμίνον.
3333 3239 3430 3309 τῆς
3461 3236 3706 3308 σιδηρᾶς,
3734 3239 3835 3290 καὶ

2246 3327 2463 3397 λέγεται
2509 3330 2645 3401 πρός
2676 3348 2763 3383 σε·
2806 3332 3124 3386 Ἀκούσατε
3156 3331 3305 3385 κατὰ
3337 3330 3532 3383 πάντα
3560 3329 3678 3382 ὅσα
3721 3327 3834 3381 ἐὰν

2244 3421 2639 3491 ἐνετειλάμην
2666 3423 2827 3493 ὑμῖν.
2866 3425 2939 3477 "ll
2988 3442 3046 3477 τε
3077 3422 3374 3492 ἐπαγγελία
3416 3421 3509 3475 τοῦ
3536 3420 3670 3474 Θεοῦ
3712 3422 3829 3473 ἐστι

2245 3512 2381 3583 πρὸς
2424 3513 2550 3577 τοὺς
2583 3513 2900 3578 ἀκούοντας,
2950 3514 3045 3568 ἐὰν
3092 3515 3393 3585 ποιήσωσιν
3420 3511 3453 3566 ἃ
3490 3510 3828 3572 ἐντέταλται,

2244 3602 2475 3670 λέγουσα
2503 3622 2515 3635 ·
2551 3604 2662 3659 Καὶ
2710 3604 2927 3660 ἔσεσθέ
2958 3623 3058 3674 μοι
3105 3607 3191 3670 εις
3216 3601 3390 3666 λαὸν,
3427 3602 3587 3672 κάγὼ
3614 3601 3831 3669 ἔσομαι

2245 3695 2390 3766 ὐμῗν
2427 3698 2515 3763 εὶς
2557 3697 2723 3751 Θεόν.
2765 3697 2839 3750 υύ
2884 3699 2990 3760 πᾶς
3022 3698 3050 3748 ὁ
3088 3696 3265 3765 λέγων
3300 3697 3327 3749 ὁ
3353 3695 3481 3759 λαὸς
3508 3690 3646 3748 εἶναι
3667 3692 3828 3757 Θεοῦ,

2245 3788 2372 3852 λαός
2405 3791 2519 3841 ἐστι
2561 3788 2715 3841 Θεοῦ·
2756 3790 2951 3842 ἐκεῖνοι
2977 3784 3069 3841 οὖν
3115 3790 3164 3841 οἱ
3193 3788 3650 3858 ἐπαγγειλάμενοι
3681 3782 3824 3840 εἶναι

548 3876 675 3941 λαὸς
723 3876 894 3944 Θεοῦ,
945 3880 1027 3932 Οὐ
1069 3880 1219 3944 λαός
1251 3896 1371 3947 μου
1409 3879 1599 3948 ὑμεῖς,
1650 3878 1888 3950 ἤκουσαν
1939 3880 1996 3933 ἐν
2040 3878 2144 3949 τῷ·
2186 3880 2340 3934 Διότι
2387 3882 2457 3934 οὐ
2500 3881 2649 3947 λαός
2687 3898 2803 3951 μου
2838 3879 3027 3948 ὑμεῖς,
3059 3880 3151 3934 καὶ
3175 3879 3381 3951 ἐρρήθη
3413 3879 3550 3950 πρὸς
3578 3878 3669 3931 τδν
3698 3877 3827 3931 λαὸν

549 3970 779 4032 ἐκεῖνον,
804 3971 887 4022 Οὐ
915 3969 1065 4036 λαός
1093 3985 1243 4039 μου·
1292 3973 1389 4027 καὶ
1443 3970 1638 4029 πάλιν·
1664 3967 1852 4037 Οὗτος
1889 3974 1921 4025 ὀ
1961 3969 2113 4036 λαὸς
2151 3969 2382 4040 ἐκλήθη
2439 3968 2512 4023 οὺ
2549 3965 2717 4033 λαός.
2760 3963 2839 4033 (5)
2890 3969 3070 4023 Αὐτοὶ
3123 3970 3233 4040 γὰρ
3276 3969 3710 4039 παρεζήλωσάι·
3749 3987 3829 4038 με

545 4059 640 4113 ἐπ’
678 4062 749 4113 οὐ
793 4060 959 4113 Θεοῦ.
1008 4061 1143 4131 Περὶ
1179 4060 1400 4113 ἐκείνων
1443 4060 1500 4114 δὲ
1545 4059 1723 4129 λέγει·
1781 4056 2168 4128 Παρώργισάν
2212 4077 2290 4127 με
2331 4060 2400 4113 ἐν
2449 4060 2573 4128 τοῖς
2619 4059 2886 4125 εἰδώλοις
2932 4057 3151 4125 αὐτῶν,
3206 4059 3369 4130 κάγὼ
3415 4058 3826 4129 παραζηλώσω

545 4152 769 4218 αὐτοὺς
800 4152 891 4205 ἐπ’
920 4157 1032 4207 ob»
1060 4153 1239 4208 ἔθνει.
1284 4154 1402 4207 Ἐπ’
1434 4156 1591 4213 ἔθνει
1616 4156 1890 4221 ἀσυνέτῳ
1917 4152 2214 4223 παροργιῶ
2237 4156 2480 4222 αὐτούς.

620 4243 672 4297 3.
714 4241 826 4297 Nos
863 4243 1028 4313 igitur
1075 4245 1127 4298 in
1171 4246 1431 4314 populum
1474 4244 1567 4300 Dei
1628 4245 1750 4309 facti
1799 4262 1991 4300 smnus
2020 4286 2033 4308 ,
2081 4254 2137 4305 et

549 4335 1140 4403 annuutiaturjustitia
1178 4337 1400 4406 populo,
1435 4337 1529 4406 qui
1569 4347 1823 4393 nascetur
1860 4339 1926 4393 de
1961 4337 2135 4408 genti-

551 4424 675 4479 bus.
718 4425 823 4480 Iste
854 4428 998 4480 enim
1029 4428 1264 4498 populus
1295 4430 1479 4483 subito
1523 4430 1766 4486 nascitur
1799 4449 1811 4485 :
1841 4439 1893 4486 et
1920 4432 1971 4491 in
2007 4446 2134 4499 pro-

551 4514 713 4583 pheta
755 4516 1013 4585 scriptum
1070 4527 1153 4572 est
1201 4537 1213 4571 :
1258 4517 1314 4572 Si
1371 4528 1498 4573 nata
1542 4529 1619 4573 est
1673 4536 1794 4589 gens
1844 4522 1900 4573 in
1949 4520 2127 4574 semel.

2310 4245 2619 4315 Γεγόναμεν
2661 4241 2751 4301 οὖν
2783 4246 2939 4317 ἡμεῖς
2971 4245 3050 4317 τῷ
3092 4246 3210 4319 Θεῷ
3247 4249 3327 4312 εἰς
3360 4246 3508 4310 λαὸν,
3549 4248 3643 4301 καὶ
3684 4249 3717 4317 ή
3746 4246 3827 4301 δι-

2240 4334 2501 4408 καιοσύνη
2532 4336 2624 4389 τοῦ
2656 4336 2790 4389 Θεοῦ
2827 4336 3219 4405 ἀναγγέλλεται
3260 4336 3337 4407 τῷ
3369 4337 3483 4408 λαῷ
3516 4336 3595 4407 τῷ
3626 4335 3824 4408 τεχθη-

2240 4428 2451 4499 σομὲνῳ
2480 4428 2557 4499 τῷ
2585 4429 2691 4482 ἀπὸ
2724 4431 2832 4484 τῶν
2865 4430 3062 4483 ἐθνῶν·
3095 4426 3249 4493 οὗτος
3277 4430 3385 4503 γὰρ
3422 4433 3450 4485 6
3488 4431 3615 4494 λαὸς
3644 4431 3825 4484 τίκτε-

2236 4538 2328 4573 ται
2362 4520 2571 4591 ἁθρόως
2590 4537 2603 4551 ⁸
2636 4523 2729 4576 καὶ
2762 4523 2820 4575 ὲν
2856 4522 2935 4593 τῷ
2965 4523 3218 4595 προφήτῃ
3245 4522 3303 4576 δὲ
3332 4523 3577 4595 εἴρηται·
3606 4525 3674 4577 Ei
3700 4523 3826 4578 ἐτέ-

546 4604 782 4673 Quando
806 4606 1053 4663 Salvator
1083 4610 1327 4665 ascendit
1358 4612 1424 4667 ad
1458 4615 1661 4675 caelos,
1691 4621 1745 4666 et
1784 4614 2130 4671 crediderunt

2239 4617 2349 4682 χθη
2381 4611 2553 4676 ἔθνος
2580 4614 2665 4678 εὶς
2694 4611 2856 4677 ἅπαξ
2875 4630 2887 4643 α
2922 4613 3116 4684 ἐτέχθη
3140 4614 3198 4666 δὲ
3238 4614 3390 4678 ἔθνος
3421 4616 3500 4678 εἰς
3532 4614 3697 4679 ἅπαξ,
3731 4616 3822 4669 ὅτε

547 4712 654 4751 una
711 4698 798 4752 die
840 4700 1081 4769 quinque
1124 4702 1330 4768 millia,
1376 4712 1430 4756 et
1477 4705 1580 4765 alia
1637 4703 1818 4759 addita
1855 4715 1983 4759 sunt
2029 4706 2130 4761 tria

546 4790 738 4853 millia,
787 4807 912 4845 vere
958 4802 1088 4848 tunc
1133 4794 1235 4847 l'uit
1285 4810 1510 4849 cernere
1562 4796 1820 4864 populum
1872 4797 1924 4850 iu
1962 4796 2130 4853 semel

546 4895 732 4939 natum
759 4901 1013 4942 sermone
1048 4889 1160 4952 Dei,
1194 4898 1248 4944 et
1280 4900 1499 4960 repente
1532 4893 1795 4957 sterilem,
1833 4894 2133 4961 parturien-

546 4983 689 5041 tem,
737 4977 804 5029 ad
843 4992 1007 5044 quam
1051 4978 1250 5033 dicitur
1284 4982 1303 5012 ³
1337 5000 1350 5035 :
1388 4979 1596 5035 La’tare
1643 4983 1839 5036 sterilis
1877 4999 1993 5052 quae
2027 4999 2129 5037 non

539 5072 710 5136 parts,
739 5084 948 5137 erumpe
973 5079 1020 5122 et
1046 5072 1217 5123 clama
1246 5088 1363 5141 qua:
1387 5088 1486 5126 non
1518 5073 1774 5141 parturis.
1799 5074 1923 5143 quia
1948 5072 2123 5139 plures

539 5155 645 5226 ﬁlii
700 5158 920 5212 deserta:
965 5162 1135 5231 magis
1178 5178 1336 5232 quam
1380 5162 1492 5230 ejus
1555 5179 1673 5233 qua:
1718 5162 1869 5217 liabet
1930 5165 2119 5217 virum.

543 5245 764 5301 Deserta
794 5245 1032 5302 Ecclesia
1065 5265 1095 5303 a
1121 5250 1254 5320 lege,
1293 5251 1501 5305 deserta
1540 5266 1568 5304 a
1610 5250 1717 5305 Deo
1741 5260 1876 5305 erat.
1906 5250 2122 5309 Habens

543 5349 728 5399 autem
768 5340 941 5394 virum
981 5340 1263 5413 Syuagoga
1301 5343 1493 5413 legem,
1546 5344 1778 5399 habebat
1824 5354 1879 5400 et
1926 5344 2117 5402 Deum.

615 5453 810 5530 "lar.
846 5472 922 5523 ιι,
955 5459 1009 5524 2,
1037 5460 1089 5513 5.
1166 5461 1212 5493 ³⁸
1245 5460 1402 5515 Joan.
1434 5478 1485 5528 γ,
1519 5461 1607 5517 46.
1685 5464 1731 5496 θ’
1770 5462 1969 5520 Jerem.
2000 5483 2077 5530 xi,
2109 5468 2162 5522 4.

552 5538 627 5590 ιν,
661 5526 751 5582 27.

744 5642 1329 5721 ᾔξηδάμῷς.-[ιοςσιιιιι
1355 5651 1717 5721 Hieronymus
1750 5656 1991 5708 Μωῧσεῖ.

624 5712 729 5791 (ἳ),
743 5712 850 5768 Καὶ
878 5712 1035 5794 ἠρᾶτ’
1056 5715 1162 5794 ἐξῇ
1172 5712 1348 5794 {urar
1432 5714 1576 5791 Θεὸςῗ
1594 5725 1661 5778 ἐκ
1684 5725 1792 5792 τῆς
1809 5729 2128 5794 Αἰγύπτου,

558 5780 632 5841 ἐκ
660 5781 763 5848 τῆς
792 5780 1041 5854 καμῗνοιν
1074 5780 1187 5859 τῆξ
1210 5780 1478 5861 σιδηρᾶς.
1510 5780 1631 5854 υἷες
1656 5780 1840 5853 orni-sil
1875 5780 2132 5866 l'lierony:

2234 4702 2631 4775 ὲπιδεδήμῃκεν
2654 4705 2682 4756 ὁ
2715 4704 2926 4778 Σωτὴρ,
2957 4706 3051 4757 καὶ
3087 4704 3411 4758 ἐπίστευσαν
3436 4707 3493 4759 ἐν
3520 4708 3617 4777 μιᾷ
3641 4707 3825 4779 ἡμέρᾳ

2233 4794 2467 4866 χιλιάδες
2502 4795 2681 4859 πέντε,
2711 4796 2804 4847 καὶ
2836 4795 3242 4869 προσετέθησαν
3270 4796 3404 4868 ἄλλῃ
3433 4798 3618 4868 ἡμέρᾳ
3643 4798 3822 4868 χιλιά-

2231 4886 2319 4950 δες
2344 4889 2510 4957 τρεῖς.
2545 4886 2656 4939 Καὶ
2683 4886 2830 4939 ἐστιν
2869 4887 2993 4939 ἰδεῖν
3026 4887 3145 4939 ὅλον
3178 4887 3304 4940 λαὸν
3330 4889 3645 4958 τικτόμενον
3675 4890 3823 4959 λόγῳ

2233 4979 2389 5041 Θεοῦ,
2433 4980 2526 5031 καὶ
2557 4977 2769 5049 ἁθρόως
2812 4978 3105 5031 τίκτουσαν
3135 4979 3231 5049 τὴν
3273 4978 3513 5051 στεῖραν,
3543 4982 3643 5051 τὴν
3682 4982 3822 5053 πρὸ·

2232 5086 2386 5141 τερον
2421 5071 2481 5121 οὐ
2520 5068 2805 5132 τεκοῦσαν,
2840 5068 2977 5139 πρὸς
3022 5069 3088 5140 ἣν
3118 5069 3363 5139 λέγεται·
3402 5070 3782 5139 Εὐφράνθητι
3805 5112 3820 5136 ,

2230 5164 2437 5231 στείρα
2470 5165 2508 5230 ἡ
2541 5165 2612 5216 οὐ
2658 5164 2975 5216 τίκτουσιν
2998 5162 3197 5230 ,ῥῆξον
3230 5164 3330 5217 καὶ
3356 5163 3601 5229 ,βόησον
3632 5167 3669 5232 ἡ
3704 5168 3820 5219 eius

2228 5254 2551 5320 ὠδίνουσα,
2584 5256 2674 5308 ὅτι
2712 5257 2911 5309 πολλὰ
2942 5257 3014 5309 τὰ
3044 5254 3225 5311 τέκνα
3260 5256 3371 5324 τῆς
3407 5256 3633 5326 ἐρήμου
3659 5256 3821 5326 μᾶλ-

2228 5351 2343 5402 λον
2369 5349 2404 5416 ἢ
2431 5347 2541 5417 τῆς
2555 5349 2821 5418 ἐχούσης
2839 5350 2944 5402 τὸν
2961 5347 3169 5417 ἄνδρα.
3200 5350 3442 5422 Ἔρημος
3462 5349 3600 5421 αὕτη
3624 5350 3817 5420 νόμου,

2283 5469 2297 5499 ¹
2338 5466 2536 5522 Jerem.
2575 5482 2649 5531 χι,
2684 5471 2737 5522 4.
2853 5470 2873 5500 ¹
2913 5466 3133 5523 Deuter.
3166 5483 3339 5531 χχιιι,
3374 5467 3463 5520 2L
3574 5468 3595 5499 ³
3635 5468 3814 5522 Galat.

2238 5674 2391 5853 "ﬂigi
2435 5728 2515 5781 Οὐ
2559 5729 2726 5797 λαός.
2769 5729 2842 5781 Ού
2879 5727 3008 5782 illud
3044 5727 3097 5782 in
3140 5727 3468 5801 Hieronymo
3517 5740 3623 5786 non
3667 5739 3814 5782 com-

2239 5814 2365 5853 pare
2393 5837 2406 5853 .

2238 5814 2406 5868 paret.
