4122 6438
290 332 401 387 555

1456 328 1522 383 ΙΝ
1553 328 1899 384 JEREMIAM
1936 327 2221 386 llOMlLlA
2265 330 2359 385 IX.

3452 348 3558 407 35}

295 447 499 520 ιρημος
542 446 680 518 αὕτη
717 445 851 501 Θεοῦ
884 442 971 520 ἦν.
1008 448 1248 517 Ἔχουσα
1276 448 1334 501 δὲ
1363 447 1527 521 ἄνδρα
1560 450 1651 503 τὸν
1680 450 1856 522 νόμον1

1969 449 2108 516 Quid
2140 467 2272 522 ergo
2301 452 2583 521 pollicetur
2620 452 2806 511 Deus?
2834 455 3001 513 Eritis
3031 461 3159 515 mihi
3193 462 3247 516 in
3276 466 3551 536 papalum,

297 538 478 608 ἐκείνη
501 540 534 608 ἡ
566 540 854 612 συναγωγὴ
876 540 1144 594 λέλεκται.
1168 541 1232 593 Τί
1254 536 1346 594 οὖν
1374 558 1463 612 μοι
1479 542 1870 611 ἐπαγγέλλεται

293 632 322 682 ὁ
339 628 471 692 Θεὸς
492 645 505 691 ;
526 629 778 685 Ἔσεσθέ
792 647 893 699 μοι
910 634 997 698 εὶς
1014 632 1189 694 λαὸν,
1214 633 1373 701 κάγὼ
1390 632 1602 702 ἔσομαι
1624 633 1764 702 ὑμῖν
1783 637 1871 701 εἰς

294 720 463 772 Θεόν.
487 719 600 773 Οὐκ
623 720 737 773 ἔστι
763 721 981 776 πάντων
1011 722 1160 789 Θεὸς,
1187 722 1299 776 ἀλλ’
1322 724 1353 794 ἢ
1378 724 1599 778 ἐκείνων
1618 721 1699 789 οἷς
1725 727 1871 798 χαρί-

295 806 445 871 ζεται
476 810 663 862 ἑαυτόν
682 828 694 841 ο
724 810 913 884 ὥσπερ
941 813 1230 885 ἐχαρίσατο
1249 814 1439 868 ἑαυτὸν
1464 815 1542 885 τῷ
1559 817 1869 888 πατριάρχῃ

294 900 509 971 ἐκείνῳ,
544 896 587 970 ᾦ
618 898 799 956 εἶπεν·
842 905 983 974 Ἐγὼ
1027 906 1171 973 Θεὸς
1201 908 1341 973 σόςο
1375 908 1469 961 καὶ
1504 908 1660 962 πάλιν
1687 908 1863 977 ἄλλῳο

307 989 446 1059 Ἐγὼ
470 991 683 1061 ἔσομαί
705 1010 822 1048 σου
850 996 995 1061 Θεός
1015 1013 1028 1025 ο
1057 996 1154 1049 καὶ
1187 997 1314 1068 περὶ
1347 998 1545 1070 ἐτέρων
1570 1016 1583 1029 ·
1614 1002 1868 1071 Ἕσομαι

290 1080 491 1134 αὐτῶν
528 1084 689 1150 Θεός.
728 1085 865 1139 Πότε
895 1082 987 1140 οὖν
1021 1083 1129 1158 ἆρα
1163 1089 1324 1158 ἡμεῖς
1354 1092 1806 1162 ὲπιτυγχάνομεν,
1838 1093 1867 1146 6

292 1171 414 1226 καθ’
439 1172 663 1229 ’ἑκαστον
689 1177 853 1245 λέγω,
886 1180 968 1241 είς
994 1179 1055 1232 τὸ
1082 1180 1172 1232 τὸν
1201 1180 1332 1235 Θεὸν
1357 1176 1498 1235 εἶναι
1525 1183 1680 1253 ἡμῶν
1702 1184 1862 1251 Θεόν;

292 1266 356 1319 Ei
384 1264 439 1318 δὲ
465 1264 637 1331 θέλεις
666 1268 858 1339 μαθεῖν
884 1270 1045 1325 τίνων
1087 1273 1233 1326 ἐστὶν
1261 1275 1290 1326 6
1320 1273 1479 1338 Θεὸς,
1514 1278 1607 1329 καὶ
1638 1278 1742 1331 τίνι
1768 1293 1867 1346 χα-

288 1353 505 1427 ρίζεται
560 1360 656 1431 τὴν
702 1363 894 1417 ἑαυτοῦ
928 1364 1246 1436 ἐπίκλησιν’
1287 1367 1457 1437 Ἐγὼ,
1503 1371 1667 1441 φησι,
1721 1369 1865 1437 Θεὸς

306 1447 569 1519 Ἀϐραὰμ,
614 1453 757 1521 Θεὸς
804 1455 1031 1522 Ἰσαὰκ,
1069 1456 1212 1524 Θεὸς
1245 1458 1467 1514 Ἰακώϐ.
1502 1462 1612 1515 Καὶ
1644 1462 1863 1532 διηγού-

291 1557 453 1612 μενος
486 1544 545 1597 τὸ
566 1545 808 1599 τοιοῦτον
836 1547 865 1599 6
896 1548 1086 1620 Σωτήρ
1115 1565 1299 1620 φησιν’
1340 1551 1403 1603 '0
1430 1551 1572 1616 Θεὸς
1593 1556 1705 1607 οὐκ
1733 1556 1864 1607 ἔστι

287 1632 532 1701 νεκρῶν,
567 1635 730 1690 ἀλλὰ
763 1635 1012 1698 ζώντων.
1048 1639 1141 1702 Τίς
1177 1642 1207 1693 ὁ
1235 1640 1459 1710 νεκρός;
1519 1640 1577 1692 '0
1605 1642 1865 1713 ἁμαρτω-

285 1724 395 1788 λὸς,
430 1727 459 1778 6
503 1726 578 1798 μὴ
610 1728 749 1798 ἔχων
787 1730 877 1783 τὸν
910 1730 1159 1783 εἰπόντα·
1220 1730 1368 1799 Ἐγώ
1407 1733 1522 1798 ειμι
1572 1732 1610 1798 1)
1646 1731 1788 1801 ζωή·
1836 1735 1865 1787 6

1971 551 2021 595 et
2051 558 2145 610 ego
2186 560 2275 596 ero
2305 543 2447 596 vobis
2480 545 2533 598 in
2580 543 2766 601 Deum.
2816 548 2933 604 Non
2968 560 3053 606 εει
3089 554 3336 609 omnium
3384 556 3547 627 Deus,

1973 632 2301 685 sed-eorum
2352 641 2560 687 tantum
2618 637 2817 705 quibus
2863 655 2922 695 se
2966 641 3193 713 largitus
3232 658 3353 708 est,
3411 662 3550 718 quo-

1971 722 2135 776 modo
2184 724 2506 792 patriarchae
2554 726 2629 780 illi
2668 728 2734 781 ad
2782 746 2944 799 quem
2993 734 3132 788 dixit
3161 735 3183 767 ⁵
3226 754 3240 791 :
3280 737 3393 808 Ego
3432 756 3551 795 sum

1972 814 2111 867 Deus
2159 823 2317 879 tuus;
2356 826 2410 869 et
2452 831 2671 871 rursum
2714 819 2805 872 alii
2851 840 2865 874 :
2918 821 3029 891 Ego
3078 824 3218 879 Deus
3268 844 3357 881 ero
3408 828 3550 885 Deus

1972 912 2133 969 tuus;
2181 920 2395 960 necnon
2438 907 2504 961 de
2544 908 2714 964 aliis:
2752 909 2895 976 Ero,
2944 916 3224 985 inquit.',
3287 919 3427 974 Deus
3460 938 3550 975 εον

1969 1012 2109 1050 rum.
2171 995 2410 1052 Putasne
2462 998 2758 1068 aliquando
2813 1008 3236 1075 consequimur,
3303 1011 3352 1066 ἱιΙ
3402 1013 3548 1081 quod

1968 1103 2062 1157 per
2094 1088 2340 1158 singulos
2388 1090 2533 1154 dico,
2576 1100 2635 1145 ut
2676 1092 2819 1148 Deus
2867 1098 3111 1152 omnium
3143 1101 3235 1155 ﬁat
3270 1100 3414 1158 Deus
3446 1118 3549 1159 uo-

1969 1180 2115 1234 stcr?
2139 1180 2193 1234 Si
2218 1193 2396 1237 autem
2434 1183 2515 1239 vis
2545 1184 2756 1253 plenius
2781 1187 2992 1244 discere
3014 1205 3247 1258 quorum
3283 1194 3356 1247 sit
3383 1193 3549 1263 Deus,

1967 1278 2020 1325 et
2050 1271 2249 1340 quibus
2279 1273 2602 1329 vocabulum
2646 1278 2730 1331 sui
2776 1279 3019 1335 nominis
3063 1281 3366 1352 largiatur:
3399 1284 3545 1356 Ego,

1967 1360 2147 1431 inquit
2177 1363 2237 1429 ⁸,
2282 1363 2419 1418 Deus
2461 1366 2765 1435 Abraham,
2811 1381 2859 1424 et
2901 1369 3043 1424 Deus
3081 1371 3274 1437 Isaac,
3325 1383 3375 1429 et
3406 1375 3549 1432 Deus

1965 1450 2165 1517 Iacob;
2201 1455 2360 1524 idque
2393 1456 2570 1525 ipsum
2607 1474 2882 1528 exponens
2910 1461 3158 1518 Salvator
3189 1465 3266 1519 ait
3297 1466 3316 1497 ⁷
3356 1483 3371 1520 :
3405 1466 3547 1522 Deus

1966 1555 2143 1600 autem
2198 1562 2309 1600 non
2352 1560 2428 1602 est
2465 1560 2817 1616 mortuorum,
2863 1554 2953 1607 sed
2998 1556 3252 1610 rivorum.
3294 1555 3428 1623 Quis
3462 1568 3547 1614 est

1966 1637 2255 1692 mortuus?
2307 1637 2502 1708 Utique
2543 1652 2826 1710 peccator,
2874 1646 2966 1713 qui
3003 1662 3112 1701 non
3156 1648 3318 1703 habet
3360 1650 3547 1706 dicen-

1968 1738 2076 1782 tem
2128 1745 2141 1780 :
2188 1728 2349 1797 180
2389 1727 2502 1799 Ego
2554 1747 2671 1784 sum
2721 1734 2826 1787 vita
2866 1735 2911 1799 ⁸,
2972 1738 3064 1807 qui
3123 1740 3284 1794 habet
3327 1752 3544 1799 mortua

280 1814 421 1886 ἔχων
446 1819 614 1890 νεκρὰ
647 1820 805 1891 ἔργα,
846 1822 1071 1891 μηδέπω
1118 1823 1453 1892 μετανοήσας
1491 1822 1598 1874 ἀπὸ
1626 1824 1734 1877 τῶν
1780 1843 1856 1878 νε-

1966 1834 2163 1889 opera,
2209 1820 2301 1888 qui
2343 1821 2574 1875 necdum
2617 1824 2988 1891 ptenitcntiam
3031 1828 3138 1897 egit
3179 1830 3249 1883 ab
3286 1833 3543 1899 operibus

279 1904 430 1977 κρῶν
458 1906 655 1979 ἔργων,
675 1910 803 1979 περὶ
824 1904 898 1963 ὧν
923 1927 1087 1980 φησιν
1115 1914 1144 1965 6
1178 1911 1499 1978 Ἀπόστολος
1517 1932 1530 1944 ·
1553 1914 1650 1982 Μὴ
1676 1914 1863 1969 πάλιν

279 1996 558 2065 θεμέλιον
595 2001 1105 2069 καταϐαλλόμενοι
1139 2004 1460 2073 μετανοίας
1488 2004 1607 2059 ἀπὸ
1634 2005 1862 2074 νεκρῶν

279 2086 493 2153 ἔργων.
535 2088 596 2141 Εἰ
621 2089 797 2143 τοίνυν
825 2092 853 2143 6
879 2090 1011 2155 Θεὸς
1036 2092 1133 2146 οὐκ
1165 2092 1278 2147 ἐστι
1307 2094 1515 2167 νεκρῶν
1546 2095 1699 2163 Θεὸς,
1726 2096 1862 2151 ἀλλὰ

284 2173 522 2241 ζώντων,
574 2180 665 2233 καὶ
701 2181 922 2252 οἴδαμεν
962 2183 1048 2247 τίς
1091 2183 1236 2238 ἐστιν
1275 2187 1303 2239 6
1336 2184 1443 2251 ζῶν
1465 2227 1480 2251 ,
1515 2188 1597 2240 ὅτι
1633 2188 1662 2240 6
1711 2188 1863 2242 πολι-

281 2266 567 2337 τευόμενος
602 2271 742 2324 κατὰ
776 2273 1027 2342 Χριστὸν,
1064 2276 1156 2329 καὶ
1206 2276 1382 2345 μένων
1427 2279 1544 2349 μετ’
1573 2280 1739 2332 αὑτοῦ
1760 2296 1775 2312 ο
1801 2274 1854 2327 εἰ

278 2353 577 2427 βουλόμεθα
608 2361 693 2414 ἵνα
718 2362 874 2432 ἡμῶν
964 2366 993 2418 6
1020 2364 1173 2432 Θεὸς,
1196 2366 1596 2441 ἀΜταξώμεθα
1622 2373 1736 2436 τοῖς
1765 2370 1859 2443 ιρ-

273 2461 392 2514 γοις
425 2449 523 2519 τῆς
552 2452 892 2529 νεκρότητος,
927 2455 1014 2508 ἵνα
1042 2454 1137 2527 τὴν
1159 2458 1491 2528 ἐπαγγελίαν
1524 2460 1688 2513 αὑτοῦ
1722 2462 1860 2531 πλη-

273 2536 428 2611 ρώσῃ
453 2539 548 2611 τὴν
574 2540 859 2612 λέγουσαν·
889 2546 996 2600 Καὶ
1020 2545 1135 2616 ἐγὼ
1163 2548 1377 2614 ἔσομαι
1404 2549 1546 2619 ὑμῖν
1571 2553 1657 2617 είς
1687 2552 1856 2619 Θεὸν,

274 2625 434 2695 ὅπως
460 2630 668 2698 στήσω
703 2633 810 2687 τὸν
839 2635 1028 2704 ὅρκον
1052 2654 1195 2705 μου,
1237 2637 1311 2691 ὃν
1340 2637 1548 2708 ὤμοσα
1586 2640 1711 2705 τοῖς
1742 2654 1856 2693 πα-

273 2716 489 2781 τράσιν
524 2720 709 2788 ὑμῶν,
759 2722 867 2776 τοῦ
918 2722 1129 2777 δοῦναι
1174 2725 1377 2791 αὐτοῖς
1429 2726 1547 2796 γῆν
1587 2728 1861 2795 ῥέουσαν

270 2807 431 2877 γάλα
460 2811 557 2865 καὶ
584 2811 951 2884 μέλι.-Τηρει
997 2813 1125 2884 γὰρ,
1164 2816 1244 2869 ὅτι
1287 2816 1467 2885 λέγει·
1501 2819 1715 2885 Στήσω
1754 2821 1861 2874 τὸν

270 2899 454 2967 ὅρκον
478 2921 619 2971 μου,
656 2903 728 2956 ὃν
763 2902 971 2973 ὤμοσα
1021 2906 1140 2972 τοῖς
1183 2908 1483 2975 πατράσιν
1532 2910 1720 2981 ὑμῶν,
1749 2912 1859 2966 τοῦ

268 2990 482 3044 δοῦναι
517 2993 721 3061 αὐτοῖς
750 2993 869 3065 γῆν
888 2996 1160 3063 ῥέουσαν
1198 2998 1349 3070 γάλα
1380 3001 1476 3054 καὶ
1514 3002 1684 3071 μέλι·
1716 3003 1854 3077 αὕτη

271 3082 382 3154 γὰρ
413 3084 513 3137 οὐκ
537 3085 682 3139 ἔστιν
716 3088 746 3158 ἡ
776 3086 868 3157 γῆ,
908 3088 974 3158 ἢν
1000 3090 1365 3160 ἐπηγγείλατο
1395 3094 1423 3145 ὁ
1459 3091 1591 3158 Θεὸς
1629 3094 1857 3165 ῥέουσαν

1964 1912 2194 1967 mortuis
2233 1932 2246 1967 :
2279 1913 2347 1966 de
2373 1927 2483 1982 quo
2503 1912 2795 1983 Apostolus
2824 1916 2898 1969 ait
2924 1916 2943 1947 ’
2966 1934 2991 1970 ι
3028 1916 3153 1971 Non
3185 1936 3395 1974 rursum
3422 1922 3545 1989 fun-

1962 2003 2267 2056 damentum
2298 2002 2548 2069 iacientes
2571 2005 2886 2072 paenitentia:
2916 2007 2979 2059 ab
3011 2008 3252 2077 operibus
3297 2013 3541 2065 mortuis.

1966 2089 2023 2145 Si
2049 2107 2179 2163 ergo
2208 2091 2348 2148 Deus
2378 2110 2484 2148 non
2517 2105 2598 2149 est
2628 2094 2768 2151 Deus
2810 2108 3173 2166 mortuorum,
3221 2102 3316 2157 sed
3362 2105 3547 2159 viven-

1964 2179 2119 2246 tium,
2150 2189 2203 2236 et
2227 2182 2430 2237 scimus
2459 2198 2579 2239 esse
2615 2184 2881 2240 viventem
2908 2204 3031 2241 cum
3060 2190 3152 2259 qui
3185 2203 3543 2248 conversatur

1964 2269 2018 2323 in
2048 2269 2294 2339 Christo,
2339 2282 2397 2327 ut
2428 2274 2519 2328 ﬁat
2552 2276 2821 2346 particeps
2852 2278 2998 2347 ejus,
3025 2286 3079 2334 et
3115 2280 3162 2335 si
3191 2282 3444 2338 volumus
3484 2291 3545 2340 ιιι

1960 2371 2015 2417 ει
2051 2362 2195 2420 Deus
2226 2375 2407 2420 uoster
2446 2368 2537 2432 sit,
2582 2370 2956 2425 reuuntiemus
2989 2373 3245 2442 operibus
3290 2377 3542 2443 mortuis,

1962 2463 2021 2509 ut
2078 2456 2520 2524 pollicitationem
2580 2474 2735 2513 suam
2789 2460 2841 2514 in
2897 2463 3054 2519 nobis
3119 2467 3388 2535 compleat
3454 2469 3542 2523 di-

1961 2561 2090 2600 cens
2123 2547 2164 2577 ¹⁶
2196 2566 2207 2601 :
2247 2546 2315 2600 Et
2354 2564 2441 2601 ero
2482 2548 2625 2602 vobis
2674 2551 2728 2601 in
2781 2549 2976 2617 Deum,
3022 2564 3079 2606 ut
3118 2564 3351 2609 statuam
3384 2556 3543 2626 jura-

1962 2647 2193 2692 mentum
2239 2655 2446 2706 nteant,
2491 2641 2630 2709 quod
2664 2641 2847 2709 juravt'
2904 2644 3145 2710 patribus
3188 2648 3370 2699 vestris
3414 2649 3543 2702 dare

1958 2726 2069 2782 illis
2111 2738 2305 2782 terram
2349 2730 2599 2798 fluentem
2632 2728 2715 2783 lac
2761 2741 2810 2783 et
2849 2730 2968 2786 mel.
3012 2733 3250 2789 Observa
3290 2737 3420 2806 quid
3454 2738 3544 2792 di-

1961 2828 2048 2873 cat
2085 2837 2098 2873 :
2137 2819 2384 2874 Statuam
2432 2820 2833 2889 juramentum,
2889 2825 3029 2894 quod
3070 2825 3256 2894 juravi
3296 2830 3539 2897 patribus

1960 2909 2168 2975 vestris,
2204 2909 2332 2961 dare
2372 2907 2484 2961 illis
2530 2917 2725 2961 terram
2751 2909 3003 2978 ﬂuentem
3033 2913 3118 2965 loc
3154 2925 3202 2967 et
3248 2917 3367 2972 mel.
3412 2917 3538 2976 Haec

1959 3000 2101 3053 enim
2136 3014 2240 3052 non
2266 3007 2349 3053 est
2379 3008 2521 3053 terra
2557 3015 2720 3069 quam
2752 3002 3027 3070 pollicitus
3057 3013 3138 3058 est
3174 3004 3313 3063 Deus
3335 3048 3349 3074 ,
3395 3019 3535 3067 terra

1959 3090 2134 3146 ﬂuens
2163 3091 2246 3145 lac
2272 3101 2325 3145 et
2353 3091 2456 3144 mel
2489 3108 2501 3145 :
2543 3093 2634 3145 sed
2679 3092 2780 3147 ista
2824 3103 2904 3148 est
2932 3102 3074 3150 terra
3108 3098 3174 3152 de
3200 3115 3305 3169 qua
3342 3099 3535 3158 Salva-

267 3174 409 3242 γάλα
444 3176 534 3229 καὶ
563 3176 705 3248 μέλι,
738 3178 851 3231 ἀλλ’
887 3179 1092 3252 ἐκείνη,
1124 3183 1253 3253 περὶ
1280 3177 1347 3254 ἧς
1385 3184 1663 3238 ἐδίδασκεν
1690 3188 1719 3240 6
1748 3188 1856 3241 Σω-

1959 3193 2044 3238 ιοι·
2077 3183 2264 3238 docuit
2287 3184 2472 3239 dicens
2500 3186 2541 3216 ¹¹
2582 3204 2594 3240 :
2640 3183 2789 3239 Beati
2807 3188 2984 3254 mites,
3010 3167 3259 3259 quoniam
3286 3194 3388 3263 ipsi
3410 3212 3537 3266 ροε-

266 3266 372 3338 τὴρ
402 3266 607 3336 λέγων·
644 3272 930 3340 Μακάριοι
950 3276 1004 3328 οἱ
1039 3275 1266 3343 πραεῖς,
1305 3273 1393 3328 ὅτι
1429 3273 1599 3329 αὐτοὶ
1637 3279 1854 3346 κληρο-

267 3357 610 3428 νομήσουσι
643 3361 757 3431 τὴν
783 3361 915 3434 γῆν.

340 3445 471 3503 Εἶτα
515 3450 654 3523 πρὸς
689 3453 759 3507 τὰ
791 3456 1162 3528 προειρημένα
1195 3458 1302 3513 ὑπὸ
1342 3460 1436 3515 τοῦ
1470 3462 1675 3535 Κυρίου
1714 3463 1850 3517 ἀπο-

265 3539 507 3611 κρίνεται
548 3544 577 3594 ὁ
629 3544 953 3618 Προφήτης,
995 3548 1132 3620 πρὸς
1178 3551 1257 3604 τό’
1317 3553 1777 3623 Ἐπικατάρατος
1819 3559 1852 3611 d

265 3628 606 3699 ἅνθρωπος,
672 3634 741 3699 ὃς
789 3640 900 3691 οὐκ
941 3639 1265 3696 ἀκούσεται
1314 3643 1434 3698 τῶν
1487 3648 1686 3717 λόγων
1738 3645 1851 3715 τῆς

264 3723 564 3792 Διαθήκης
629 3727 881 3795 ταύτης·
949 3731 1043 3784 καὶ
1102 3733 1265 3805 φησί·
1328 3735 1440 3789 Kal
1499 3738 1848 3805 ἀπεκρίθην.

267 3815 366 3867 καὶ
411 3810 579 3871 εἶπαο
636 3816 901 3883 ι’ένοιτο,
954 3823 1165 3890 Κύριε]
1196 3824 1269 3877 τί·
1331 3826 1598 3893 Γένοιτο,
1638 3829 1814 3896 Κύριε
1828 3842 1850 3891 ;

280 3905 744 3976 Ἐπικατάρατος
783 3911 851 3978 ὃς
893 3914 1001 3966 οὐκ
1042 3913 1281 3983 ἐμμένει
1332 3917 1457 3985 τοῖς
1493 3921 1697 3987 λόγοις
1739 3917 1850 3988 τῆς

264 3998 562 4066 Amadan
584 4003 823 4070 ταύτης.
843 4007 952 4061 Καὶ
970 4000 1098 4059 εἷπε
1121 4009 1337 4075 Κύριος
1368 4010 1516 4078 πρὸς
1529 4008 1606 4079 μέ
1630 4027 1643 4041 ο
1694 4010 1851 4064 Ἀνά-

264 4092 444 4159 γνωθι
471 4091 615 4158 τοὺς
640 4094 863 4163 λόγους
889 4096 1219 4163 τούτουςὲν
1240 4099 1496 4154 πόλεσιν
1524 4100 1726 4158 Ἰούδα.
1749 4101 1848 4154 καὶ

262 4179 487 4244 ἔξωθεν
525 4183 930 4255 Ἰερουσαλήμ.
969 4186 1079 4240 Καὶ
1120 4190 1233 4251 τοῖς
1273 4187 1377 4252 ἔξω
1406 4188 1849 4262 ἀναγινώσκομεν

265 4274 391 4337 τοὺς
417 4274 610 4344 λόγους
656 4276 751 4330 τοῦ
793 4277 951 4344 Θεοῦ,
1002 4280 1469 4353 προσκαλούμενοι
1520 4284 1716 4346 αὐτοὺς
1755 4286 1848 4337 ἐπὶ

268 4367 562 4439 σωτηρίαν,
596 4368 739 4434 τοὺς
771 4370 992 4440 λόγους
1012 4367 1123 4441 τῆς
1143 4373 1435 4442 Διαθήκης
1468 4375 1716 4440 ταύτης·
1750 4374 1849 4429 καὶ

264 4455 559 4523 ποιήσατε
580 4457 826 4525 αὐτοὺς,
858 4459 957 4513 καὶ
976 4461 1088 4514 οὐκ
1122 4460 1441 4529 ἐποίησαν.
1465 4462 1573 4517 Kal
1591 4459 1722 4515 εἷπε
1735 4463 1850 4515 Κύ-

259 4562 393 4616 ριος
403 4546 552 4615 πρὸς
557 4550 653 4618 μέ·
665 4548 892 4618 Εὐρέθη
903 4550 1246 4621 σύνδεσμος
1256 4553 1326 4606 ἐν
1335 4552 1630 4621 ἀνδράσιν
1645 4553 1847 4617 Ἰούδα,

263 4639 367 4693 και
383 4639 597 4707 ἐν’τοῖς
611 4642 995 4697 κατοικοῦσιν
1019 4644 1421 4716 Ἰερουσαλήμ.
1444 4645 1651 4701 Οὐκοῦν
1687 4664 1852 4701 σπου-

263 4730 517 4803 δάσωμεν
552 4736 829 4803 μετανοεῖν
863 4735 953 4789 ἐπὶ
995 4739 1106 4800 τοῖς
1151 4738 1461 4809 εἰρημένοις
1494 4740 1853 4811 ἁμαρτήμασι

266 4822 398 4894 περὶ
426 4823 634 4895 ἀνδρῶν
664 4826 853 4890 Ἰούδα,
881 4826 1196 4892 είδότες,δτι
1227 4829 1394 4899 ἐσμὲν
1407 4832 1454 4883 οἱ
1472 4830 1848 4901 ἄνδρεςἾούδα

265 4913 354 4967 διὰ
378 4913 468 4968 τὸν
496 4917 730 4987 Χριστὸν
770 4917 939 4971 Ἰούδα
967 4918 1410 4990 προφητευθέντα
1442 4921 1534 4974 καὶ
1563 4920 1841 4993 λεχθέντα-

274 5005 480 5075 μήποτε
510 5007 618 5079 γὰρ
645 5008 766 5061 ἐπεὶ
793 5009 851 5061 ὲν
883 5010 1012 5080 ἡμῖν
1044 5011 1181 5062 εἰσιν
1215 5010 1525 5082 ἁμαρτωλοί
1551 5028 1716 5073 τινες,
1750 5012 1845 5065 καὶ

268 5095 420 5173 ⁴ιεαρὰ
452 5097 541 5150 τὸν
568 5097 727 5170 ὀρθὸν
756 5098 913 5166 λόγον
955 5099 1303 5169 πράττοντες,
1337 5100 1425 5154 διὰ
1452 5100 1608 5154 τοῦτο
1635 5101 1785 5170 λέγει
1817 5104 1846 5155 6
1867 5153 1890 5184 θ

263 5186 556 5259 Προφήτης
572 5206 586 5220 ·
611 5189 839 5258 Εὐρέθη
862 5189 1204 5260 σύνδεσμος
1220 5191 1290 5243 ἐν
1307 5189 1599 5259 ἀνδράσιν
1629 5192 1851 5265 Ἰούδας

260 5278 363 5332 καὶ
397 5279 468 5333 ἑν
496 5280 621 5349 τοῖς
662 5282 1048 5337 κατοικοῦσιν
1111 5280 1539 5351 Ἰερουσαλήμ’
1568 5283 1697 5336 ὅταν
1736 5284 1846 5355 γὰρ

259 5370 460 5443 εὐρεθῇ
492 5371 547 5425 ἐν
574 5390 685 5426 τισι
708 5374 804 5447 (ὡς
820 5373 1246 5446 χρηματίζουσιν
1274 5375 1322 5427 οἱ
1344 5373 1452 5427 ἀπὸ
1478 5372 1576 5443 τῆς
1618 5373 1845 5446 Ἐκκλη-

261 5462 448 5537 σίας,)
482 5465 776 5536 σύνδεσμος
802 5466 1034 5530 ἀδικίας,
1066 5461 1161 5519 καὶ
1200 5464 1497 5536 σύνδεσμος
1524 5464 1632 5518 τῶν
1662 5465 1837 5533 ἁμαρ-

338 5669 361 5700 δ
399 5667 533 5723 Gen.
571 5684 704 5728 xvtt.
740 5669 788 5721 Ι.
863 5669 884 5700 ⁸
923 5667 1093 5722 Exod.
1156 5685 1281 5722 xxix
1320 5668 1373 5729 5,
1423 5668 1476 5722 4.
1558 5668 1579 5699 ⁸
1616 5666 1788 5722 Exod.
1826 5684 1907 5729 ιιι,
1939 5668 2025 5720 6.-
2067 5668 2086 5699 ⁷
2126 5667 2257 5721 Luc.
2296 5681 2385 5727 xx,
2422 5666 2511 5718 58.
2588 5666 2609 5696 ⁸
2646 5662 2800 5714 Joan.
2838 5678 2911 5724 χι,
2941 5663 3033 5717 Ξέὶ.

353 5737 462 5792 lcr.
501 5756 577 5792 ιι.
608 5739 663 5792 6.
695 5739 747 5792 5.
829 5738 868 5770 ¹¹
911 5737 1100 5792 Matth.
1138 5755 1188 5792 ι’.
1226 5740 1270 5792 l.
1351 5742 1391 5771 "
1428 5739 1627 5792 Jercm.
1661 5755 1730 5792 xl.
1769 5740 1819 5792 5.
1902 5738 1944 5769 ¹³
1985 5738 2112 5792 ibid.
2145 5740 2199 5790 6.
2282 5735 2478 5788 I"ibid.
2513 5736 2565 5788 9.
2646 5734 2685 5764 ³⁵
2725 5730 2882 5784 Prov.
2916 5748 2966 5792 ν,
2999 5734 3033 5786 ‘2

268 5745 315 5772 νδ
353 5737 462 5795 lcr.
501 5756 577 5803 ιι,
608 5739 663 5801 ὁ,
695 5739 747 5792 5.
829 5738 868 5770 ”
911 5737 1100 5793 Matth.
1138 5755 1188 5806 v,
1226 5740 1270 5794 ι.
1351 5742 1391 5771 ¹¹
1428 5739 1627 5792 Jerem.
1661 5755 1730 5805 xi,
1769 5740 1819 5795 5.

1958 3274 2201 3330 sidebant
2242 3286 2457 3332 terram.

2023 3454 2076 3507 4.
2118 3452 2319 3507 Deinde
2348 3452 2413 3507 ad
2455 3453 2571 3507 hinc
2613 3467 2736 3523 quae
2782 3452 2993 3511 dixerat
3037 3455 3215 3524 Dens,
3260 3457 3532 3531 Propheta

1953 3546 2267 3614 respondit,
2312 3545 2364 3598 id
2412 3553 2494 3600 est
2534 3546 2600 3599 ad
2649 3544 2704 3599 id
2755 3548 2900 3616 quod
2957 3549 3032 3602 ait
3085 3551 3128 3581 ¹¹¹
3164 3567 3178 3603 :
3217 3551 3536 3609 Maledictus

1952 3638 2103 3691 homo
2154 3639 2243 3707 qui
2293 3654 2395 3691 non
2425 3637 2652 3690 audierit
2698 3637 2851 3691 verba
2884 3637 3201 3694 Testamen'i
3249 3641 3405 3711 hujus
3434 3660 3455 3698 :
3481 3654 3535 3700 et

1952 3731 2130 3785 dicit:
2167 3728 2233 3783 Et
2291 3730 2565 3798 respondi,
2607 3738 2656 3781 et
2687 3729 2802 3781 dixi
2837 3746 2855 3783 :
2903 3730 3065 3794 Fiat,
3107 3732 3347 3787 Domine.
3392 3734 3535 3801 Quid

1953 3831 2036 3878 cst
2080 3821 2226 3891 quod
2263 3819 2337 3873 ait
2369 3838 2381 3872 :
2422 3819 2573 3883 Fiat,
2621 3818 2838 3873 Domine
2862 3823 2888 3876 7
2927 3819 3125 3892 Utique
3158 3823 3209 3877 id
3238 3826 3382 3893 quod
3411 3841 3537 3896 pro-

1954 3912 2228 3966 nuntiavit
2265 3909 2407 3965 Dcus
2438 3928 2450 3963 :
2485 3909 2799 3963 Maledictus
2844 3911 2996 3964 homo
3030 3914 3119 3982 qui
3163 3929 3263 3967 non
3305 3918 3536 3972 audierit

1953 4002 2104 4057 verba
2157 4000 2469 4055 Testamenti
2510 4000 2687 4070 hujus.
2718 3999 2787 4053 Et
2831 4002 2967 4055 dixit
3006 4002 3260 4059 Dominus
3297 4007 3367 4059 ad
3402 4024 3481 4060 me
3513 4024 3534 4063 :

1952 4092 2084 4163 Lege
2125 4093 2277 4147 verba
2320 4093 2424 4146 ista
2466 4092 2521 4145 in
2568 4090 2773 4145 civitate
2800 4089 2967 4158 Iuda,
3000 4102 3048 4147 et
3094 4104 3245 4148 extra
3277 4095 3534 4153 Hierusa-

1951 4183 2052 4238 lem
2082 4184 2157 4250 ιε,
2197 4183 2357 4237 etiam
2404 4182 2489 4237 his
2524 4181 2618 4252 qui
2659 4181 2791 4237 foris
2830 4191 2957 4238 sunt
2989 4183 3220 4254 legimus
3252 4188 3413 4243 verba
3449 4189 3536 4243 di-

1950 4275 2097 4339 vina,
2135 4282 2493 4343 provocantes
2518 4288 2613 4327 eos
2646 4274 2711 4328 ad
2736 4274 2988 4329 salutem.
3026 4273 3193 4328 Verba
3212 4276 3532 4335 Testamenti

1951 4365 2131 4435 hujus,
2178 4375 2228 4419 et
2258 4365 2416 4435 facite
2460 4364 2576 4431 illa,
2616 4372 2667 4419 et
2707 4364 2847 4417 dixit
2876 4363 3134 4419 Dominus
3171 4367 3241 4419 ad
3275 4384 3354 4422 me
3379 4384 3399 4423 :
3434 4368 3533 4422 In-

1952 4467 2104 4511 venta
2130 4465 2207 4509 est
2238 4455 2509 4525 colligatio
2533 4455 2588 4509 in
2614 4452 2739 4509 viris
2765 4452 2935 4521 Iuda,
2970 4466 3019 4510 et
3065 4457 3118 4510 in
3161 4457 3528 4515 habitantibus

1957 4548 2291 4604 Hierusalem
2334 4548 2399 4602 “.
2440 4546 2498 4603 Si
2546 4551 2951 4618 peccaverimus
3000 4565 3122 4616 nos,
3174 4552 3267 4622 qui
3312 4563 3531 4624 propter

1952 4640 2233 4697 Christum
2274 4640 2374 4695 viri
2410 4638 2549 4695 Iuda
2592 4656 2874 4708 vocamur,
2907 4650 2961 4697 et
3001 4643 3201 4697 inventi
3233 4644 3433 4700 fuerint
3472 4648 3527 4702 in

1952 4733 2111 4789 nobis
2168 4732 2295 4788 nodi
2340 4741 2709 4801 peccatorum,
2755 4741 2810 4788 et
2841 4733 2908 4788 de
2949 4734 3107 4789 nobis
3144 4734 3346 4790 dicitur
3381 4753 3395 4790 :
3431 4735 3526 4791 In-

1952 4836 2101 4881 venta
2138 4835 2213 4879 est
2240 4824 2508 4895 colligatio
2549 4826 2600 4879 in
2630 4825 2757 4878 viris
2790 4822 2961 4890 Iuda,
2997 4835 3046 4879 et
3074 4826 3129 4879 in
3166 4825 3527 4884 habitantibus

1953 4916 2311 4972 Hierusalem.
2343 4916 2479 4972 Cum
2512 4917 2565 4971 in
2602 4915 2841 4971 Ecclesia
2876 4915 2970 4972 Dei
3001 4917 3136 4972 tales
3175 4929 3301 4973 sunt
3332 4918 3384 4973 in
3408 4922 3529 4989 qui-

1954 5007 2057 5062 bus
2098 5006 2401 5077 reperiatur
2433 5006 2661 5077 laqueus
2698 5006 3024 5076 iniquitatis,
3060 5017 3114 5062 et
3144 5010 3361 5063 vincula
3403 5025 3528 5079 pec-

1955 5098 2092 5161 cati,
2125 5097 2178 5152 in
2222 5106 2432 5152 tantum
2480 5108 2541 5153 ut
2586 5098 2637 5152 id
2681 5100 2826 5167 quod
2865 5097 2933 5153 de
2978 5108 3262 5169 peccatore
3306 5101 3527 5165 dicitur,

1953 5190 2033 5245 eis
2080 5190 2258 5244 valeat
2281 5193 2571 5245 convenire
2605 5207 2617 5242 :
2659 5186 2895 5243 Vinculis
2936 5200 3267 5255 teccatorum
3309 5206 3529 5245 suorum

1954 5295 2304 5351 unusquisque
2342 5281 2721 5350 constringitur
2763 5281 2828 5343 ¹⁹,
2870 5287 3000 5336 tunc
3046 5283 3175 5335 dicit
3204 5280 3347 5333 Deus
3387 5295 3403 5332 :
3436 5279 3529 5334 lu-

1953 5381 2107 5427 venta
2137 5381 2213 5425 est
2246 5371 2516 5441 colligatio
2561 5373 2615 5426 in
2676 5373 2801 5428 viris
2845 5371 3011 5425 Iuda.
3055 5369 3255 5426 Verum
3288 5384 3396 5422 non
3445 5371 3530 5424 iu-

1955 5464 2202 5518 venietur
2242 5462 2512 5532 colligatio
2553 5463 2608 5516 in
2653 5464 2825 5517 nobis.
2867 5463 3151 5528 Quomodo
3201 5470 3381 5512 autem
3417 5474 3529 5516 non

3109 5663 3129 5695 ³
3172 5656 3336 5712 Hebr.
3367 5671 3445 5726 γε,
3479 5663 3531 5720 1.

2282 5735 2478 5788 ninia.
2513 5736 2565 5788 9.
2646 5734 2685 5764 ι’
2725 5730 2882 5784 Prov.
2916 5748 2966 5796 ν,
2999 5733 3091 5802 ~32.
