4122 6424
582 311 691 368 £55

2049 312 2377 373 OBKH‘ZNIS

3766 329 3872 392 356

585 428 897 484 invenietur
937 425 1213 497 colligatio
1255 426 1311 480 in
1362 424 1555 491 nobis,
1602 425 1650 482 si
1704 440 1881 497 usque
1911 426 1980 484 ad
2028 427 2172 484 hanc

2278 428 2531 502 πημάτων
2562 428 2674 504 (ὼς
2701 431 2769 489 ἂν
2800 436 3114 509 ἐφαρμόσαι
3147 438 3240 492 ἐπὶ
3276 441 3369 493 τ’υῦ
3412 441 3740 515 άμαρτωλοῦ
3769 448 3834 506 1:"
3854 466 3869 485 ·

586 519 780 576 horam
815 518 1086 590 colligatio
1114 518 1169 572 in
1205 516 1535 587 quibusdam
1557 518 1684 572 est?
1711 515 1818 572 Sed
1861 517 2001 573 solve
2026 534 2178 573 omne

585 613 855 668 vinculum
935 611 1236 682 iniquitatis
1268 652 1283 676 ,
1343 610 1570 666 dissolve
1640 610 1987 681 obligationss
2063 612 2175 665 rio-

584 703 852 760 Ientarum
901 702 1418 769 commutationum,
1476 717 1681 756 omnem
1737 703 2177 771 conscriptionent

583 797 823 867 iniquam
884 796 1108 865 dissipa.
1165 793 1380 866 Frange
1433 794 1785 849 esurientibus
1838 809 2027 864 panem
2093 803 2178 848 tu-

587 906 678 944 um
736 890 802 945 “.
886 888 1110 944 Inventa
1181 897 1265 943 est
1344 902 1477 958 ergo
1559 886 1834 959 colligatio
1908 888 1961 942 in
2044 888 2176 945 viris

583 980 744 1043 Juda,
779 981 831 1034 in
864 979 1238 1036 habitantibus
1270 977 1631 1033 Hierusalem.
1669 978 1920 1033 Conversi
1955 988 2080 1033 sunt
2106 980 2176 1033 ad

589 1074 746 1144 181
791 1073 1102 1143 iniquitates
1131 1081 1346 1141 patrum
1388 1086 1613 1124 suorum
1649 1071 1891 1140 priorum
1922 1071 1987 1125 ".
2033 1071 2178 1126 Con-

587 1166 730 1221 versi
764 1176 894 1220 sunt
920 1165 989 1220 ad
1024 1163 1365 1232 iniquitates.
1399 1160 1672 1229 Quorum?
1692 1160 1812 1217 Non
1848 1163 1924 1217 ait
1963 1162 2176 1232 simpli-

585 1260 744 1324 citer,
771 1268 1010 1327 patrum,
1056 1257 1150 1313 sed
1196 1270 1323 1310 cum
1365 1252 1759 1318 additamento,
1808 1266 2025 1321 patrum
2054 1269 2179 1307 suo-

588 1369 707 1406 rum
739 1352 999 1422 priorum.
1036 1349 1291 1404 Diximus
1313 1348 1429 1403 haec
1451 1348 1517 1403 de
1538 1347 1698 1401 nobis
1721 1346 1850 1411 dici,
1882 1355 1935 1401 et
1968 1346 2051 1401 his
2081 1347 2177 1417 qui

588 1440 643 1494 in
675 1440 835 1495 nobis
867 1448 997 1495 sunt
1023 1448 1357 1510 peccatores.
1387 1436 1678 1503 Quomodo
1702 1436 1866 1508 igitur
1898 1437 1992 1506 qui
2036 1437 2178 1490 inter

588 1547 689 1587 nos
714 1540 843 1587 sunt
872 1540 1205 1602 peccatores,
1241 1530 1492 1586 conversi
1522 1528 2063 1599 suntadiniquitates
2083 1544 2177 1599 pa-

587 1632 756 1690 trum,
784 1632 839 1681 et
864 1636 1081 1696 patrum
1118 1639 1341 1680 suorum
1387 1621 1676 1693 priorum?
1709 1621 1962 1691 Duplices
2010 1622 2179 1676 babe-

588 1734 710 1773 mus
743 1730 944 1788 patres,
980 1726 1033 1772 et
1058 1732 1164 1771 una
1198 1716 1409 1786 species
1430 1723 1514 1771 est
1537 1714 1904 1785 pessimorum
1931 1722 2174 1784 patrum.

2278 523 2513 592 Σειραῑς
2551 524 2622 579 δὲ
2651 525 2770 581 τῶν
2810 528 3031 585 ἑαυτοῦ
3062 529 3364 601 ἁμαρτιῶν
3398 532 3658 606 ἕκαστος
3689 545 3862 614 σει-[τ-

2278 630 2441 684 τεται
2460 631 2473 647 ·
2501 616 2518 686 )
2566 615 2717 686 λέγει
2755 619 2784 672 6
2814 619 2977 685 Θεὸς·
3024 621 3257 691 Εὑρέθη
3283 623 3633 697 σύνδεσμος
3666 630 3737 684 ἐν
3768 633 3874 688 ἀν-

2276 702 2497 774 δράσιν
2558 706 2774 763 Ἰούδα.
2815 709 2974 763 Ἀλλὰ
3025 710 3098 783 μὴ
3157 710 3406 786 εὑρεθείη
3464 716 3762 792 σύνδεσμος
3813 723 3872 777 ἑν

2282 798 2442 869 ήμτνε
2472 799 2599 866 Πῶς
2627 800 2686 855 δὲ
2716 802 2814 872 οὐχ
2854 802 3168 874 εὑρίσκεται
3205 803 3503 878 σύνδεσμος
3541 811 3600 864 ὲν
3634 815 3797 884 ἡμῖν,
3832 819 3865 889 ἢ

2282 892 2377 945 καὶ
2397 892 2475 962 (1)
2498 894 2656 965 μέχρι
2685 894 2780 949 τοῦ
2806 894 2965 965 δεῦρό
2990 897 3106 951 ἐστι
3134 896 3427 969 σύνδεσμος
3451 901 3509 955 ἓν
3532 921 3673 969 rm;
3701 926 3719 959 ι
3751 912 3868 966 Αὐε

2275 981 2473 1036 πάντα
2500 981 2852 1053 σύνδεσμον
2885 983 3125 1050 ἀδικίας
3144 1022 3160 1048 ,
3203 983 3416 1039 διάλυε
3460 991 3870 1059 στραγγαλιὰς

2268 1074 2406 1138 ,8ιαί
2407 1091 2492 1128 ων
2500 1074 3045 1145 συναλλαγμάτων,
3064 1076 3273 1132 πᾶσαν
3285 1076 3649 1149 συγγραφὴν
3660 1079 3871 1137 ἄδικον

2274 1165 2522 1221 διάσπα.
2539 1167 2867 1237 Διάθρυπτε
2880 1168 3155 1223 πεινῶντι
3176 1169 3284 1222 τὸν
3296 1170 3478 1238 ἄρτον
3494 1189 3630 1229 σου.
3653 1173 3865 1245 Εὑρέθη

2274 1255 2368 1314 οὖν
2391 1260 2686 1333 σύνδεσμος
2701 1265 2760 1316 ὲν
2781 1263 3038 1336 ἀνδράσιν
3052 1263 3242 1327 Ἰούδα,
3266 1265 3361 1318 καὶ
3377 1265 3436 1317 ὲν
3456 1269 3568 1331 τοῖς
3591 1266 3869 1321 κατοικοῦο

2278 1367 2362 1404 σιν
2376 1351 2683 1424 Ίερουσαλή
2693 1372 2749 1424 μ.
2778 1354 3274 1425 Ἐπεστράςρησαν
3293 1354 3370 1427 (Ξ)
3403 1355 3501 1409 ἐπὶ
3519 1357 3623 1424 τὰς
3635 1356 3869 1418 ἀδικίας

2277 1443 2396 1496 τῶν
2421 1443 2691 1512 πατέρων
2715 1444 2916 1500 αὐτῶν
2941 1445 3058 1500 τῶν
3080 1445 3383 1516 προτέρων
3403 1465 3417 1479 ·
3444 1448 3868 1522 ἐπεστράφησαν

2277 1536 2371 1588 ἐπὶ
2395 1535 2497 1599 τὰς
2524 1534 2757 1600 ἀδικίας.
2797 1536 2970 1591 Τίνων
3000 1538 3149 1606 λέγει
3192 1538 3381 1603 ἁπλῶς
3407 1539 3529 1593 τῶν
3562 1541 3867 1610 πατέρων;

2278 1628 2434 1699 Τεςὴ
2479 1627 2791 1700 προσθήκη,
2823 1624 3299 1698 ἐπεστράφησαν
3341 1629 3438 1684 ἐπὶ
3483 1630 3588 1698 τὰς
3629 1628 3869 1701 ἀδικίας

2278 1718 2398 1774 τῶν
2448 1717 2720 1789 πατέρων
2770 1720 2970 1775 αὐτῶν
3014 1719 3134 1776 τῶν
3181 1719 3517 1790 «por-epam;
3576 1722 3869 1794 Ἐλέγομεν

589 1810 867 1880 Siquidem
903 1818 1197 1878 antequam
1225 1808 1601 1873 crederemus,
1625 1805 1878 1862 diabolus
1899 1814 2055 1874 pater
2079 1820 2172 1859 uo-

2278 1809 2450 1865 ταῦτα
2479 1811 2736 1880 λέγεσθαι
2772 1812 2909 1885 πρὸς
2939 1810 3107 1884 ἡμᾶς,
3143 1810 3237 1866 καὶ
3275 1811 3401 1876 τοὺς
3432 1814 3490 1865 ὲν
3521 1812 3654 1884 ἡμῖν
3687 1815 3872 1887 ἁμαρ-

586 1912 699 1957 ster
728 1902 848 1969 fuit,
885 1908 944 1955 ut
972 1915 1157 1955 sermo
1183 1900 1534 1971 evangelicus
1564 1898 1821 1963 ostendit,
1852 1898 2043 1953 dicens
2071 1896 2115 1929 ¹³
2158 1912 2172 1949 :

594 1992 698 2049 Vos
722 1996 786 2049 de
811 2003 963 2064 patre
995 1991 1202 2046 Zabulo
1233 1993 1347 2046 nati
1369 1992 1517 2047 estis.
1558 1989 1697 2046 Cum
1721 1997 1904 2044 autem
1938 1988 2176 2043 credidi-

586 2104 735 2156 mus,
774 2087 903 2142 iacti
939 2102 1135 2142 sumus
1167 2086 1263 2140 lilii
1294 2085 1410 2141 Dei.
1446 2083 1504 2139 Si
1533 2098 1665 2155 ergo
1692 2091 1820 2153 post
1843 2082 1960 2137 haec
1985 2096 2178 2151 pecca-

584 2181 860 2243 verimus,
902 2177 1280 2234 convertimur
1321 2176 1388 2232 ad
1440 2176 1760 2247 iniquitates
1802 2183 2017 2246 patrum
2064 2190 2177 2230 non

585 2272 926 2342 simpliciter,
960 2270 1054 2327 sed
1084 2279 1302 2340 patrum
1342 2269 1614 2341 priorum.
1666 2268 1750 2322 Ad
1795 2267 2177 2339 probationem

585 2376 768 2423 autem
828 2366 998 2437 hujus
1050 2365 1166 2431 rei,
1199 2366 1330 2435 quia
1380 2364 1624 2436 duplices
1670 2364 1939 2421 habemus
1971 2373 2174 2436 patres,

586 2462 795 2516 utimur
820 2468 874 2514 et
904 2458 1070 2514 David
1102 2457 1441 2523 testimonio,
1476 2459 1529 2511 in
1559 2457 1983 2529 quadragesimo
2008 2472 2180 2529 quar-

586 2563 642 2609 to
670 2553 904 2623 psalmo,
935 2551 1011 2606 ita
1034 2550 1270 2608 dicentis
1300 2552 1345 2585 ¹⁹
1370 2569 1385 2606 :
1413 2550 1580 2615 Audi,
1607 2550 1746 2622 ﬁlia,
1774 2560 1825 2605 et
1853 2549 1988 2619 vide,
2023 2559 2074 2606 et
2096 2552 2179 2605 in-

584 2647 726 2701 rtina
767 2662 954 2701 aurem
979 2653 1147 2713 tuam,
1175 2655 1224 2700 et
1257 2644 1566 2700 obliviscere
1592 2644 1846 2715 populum
1891 2652 2041 2700 tuum
2065 2687 2081 2712 ,
2125 2653 2179 2701 et

581 2740 797 2794 domum
821 2739 993 2809 patris
1027 2738 1127 2791 tui.
1154 2735 1323 2803 Quasi
1354 2744 1508 2806 pater
1539 2735 1745 2806 quippe
1777 2734 1945 2805 coepit
1971 2753 1985 2789 :
2012 2736 2177 2802 Audi,

589 2830 725 2901 (ilia.
751 2829 894 2902 Ergo
925 2828 1175 2899 duplices
1204 2827 1381 2881 nostri
1421 2836 1606 2897 patres
1635 2832 1785 2882 sunt.
1827 2824 1934 2880 Sed
1981 2825 2178 2880 oblivi-

588 2941 777 2992 scere,
814 2922 1013 2993 inquit,
1068 2919 1294 2974 domum
1354 2919 1526 2990 patris
1577 2919 1655 2974 tui
1698 2917 1919 2989 prioris.
1966 2916 2026 2973 Si
2074 2918 2180 2989 igi-

585 3031 675 3073 tur
720 3018 926 3073 oblitus
961 3015 1185 3069 domum
1233 3012 1407 3083 patris
1454 3014 1529 3065 tui
1575 3012 1778 3083 prioris
1816 3027 2013 3067 rursus
2061 3012 2182 3067 fue-

590 3111 670 3165 ris
704 3110 770 3164 ad
801 3117 1023 3179 peccata
1049 3119 1372 3170 conversus,
1402 3102 1640 3158 incidisti
1672 3102 1726 3156 in
1763 3103 1815 3158 id
1843 3103 1989 3174 quod
2029 3118 2177 3159 nunc

582 3203 787 3257 dcitur
835 3207 1144 3271 peccatum.
1177 3198 1430 3253 Conversi
1458 3203 1584 3248 sunt
1623 3193 1694 3248 ad
1721 3196 2029 3266 iniquitates
2074 3212 2174 3267 pa—

582 3304 726 3348 trum
750 3305 968 3345 suorum
989 3290 1248 3359 priorum.
1290 3287 1618 3343 Dicebamus
1656 3287 1861 3343 dudum
1906 3285 2174 3344 labulum

584 3394 796 3457 patrem
825 3393 1075 3438 nostrum
1122 3382 1315 3448 fuisse,
1348 3388 1645 3450 antequam
1692 3378 1837 3437 Deus
1879 3380 2060 3438 factus
2105 3382 2177 3439 sit

584 3487 756 3550 pater,
785 3478 833 3533 si
862 3486 1043 3531 tamen
1077 3490 1224 3531 nunc
1247 3490 1355 3529 non
1384 3474 1650 3529 habemus
1693 3471 1859 3529 etiam
1904 3472 2173 3530 Zabulum

584 3578 835 3642 patrem:
865 3568 1011 3639 quod
1046 3568 1212 3622 etiam
1240 3571 1305 3621 de
1347 3564 1577 3620 Joannis
1621 3564 1855 3636 epistola
1904 3566 2176 3637 approba-

582 3677 729 3728 mus,
761 3660 814 3716 in
858 3676 967 3730 qua
1006 3658 1077 3713 ita
1108 3654 1368 3714 scribitur
1395 3656 1440 3688 ¹⁰
1491 3673 1507 3709 :
1536 3652 1732 3736 ‘Omnis
1775 3654 1867 3724 qui
1901 3661 2174 3724 peccatum

582 3756 715 3828 facit
752 3768 817 3809 ex
851 3750 1057 3807 Zabulo
1100 3759 1257 3805 natus
1284 3759 1383 3804 est.
1423 3746 1609 3804 Toties
1643 3763 1706 3804 ex
1738 3745 1947 3802 Zabulo
1991 3746 2175 3802 nasci-

583 3866 728 3917 mur,
781 3847 997 3920 quoties
1050 3860 1366 3915 peccamus.
1420 3840 1617 3898 Infelix
1663 3843 1766 3897 iste
1807 3841 1901 3912 qui
1956 3855 2174 3911 semper

579 3948 869 4012 generatur
902 3955 933 3994 a
963 3937 1190 3993 Zabulo.
1220 3935 1570 4005 Rursumque
1600 3934 1833 3987 multum
1862 3932 2053 3988 beatus
2076 3931 2172 4003 qui

580 4047 799 4102 semper
825 4047 890 4086 ex
928 4030 1040 4085 Deo
1075 4031 1343 4086 nascitur.
1380 4025 1567 4097 Neque
1609 4025 1754 4080 enim
1787 4025 1952 4080 semel
1992 4025 2169 4080 dicam

576 4124 787 4195 justum
827 4139 897 4179 ex
925 4122 1035 4177 Deo
1066 4132 1280 4187 natum,
1306 4120 1398 4175 sed
1436 4133 1529 4188 per
1553 4116 1767 4187 singula
1798 4116 2017 4172 virtutis
2042 4131 2172 4187 ope-

578 4233 642 4273 ra
673 4233 886 4289 semper
913 4219 1099 4287 justus
1143 4213 1391 4270 nascitur
1431 4227 1498 4267 ex
1552 4209 1683 4264 Deo.
1723 4207 1838 4264 Hoc
1889 4216 2069 4264 autem
2112 4218 2170 4264 ut

579 4312 794 4383 plenius
826 4310 996 4378 possit
1034 4306 1276 4379 probari,
1307 4304 1469 4361 etiam
1517 4302 1586 4358 de
1639 4300 1943 4356 Salvatoris
1994 4301 2167 4358 nostri

577 4401 898 4472 quotidiana
925 4398 1206 4453 nativitate
1230 4396 1513 4463 dicamus,
1559 4392 1768 4463 liquido
1806 4391 1860 4447 id
1905 4392 1959 4448 in
2002 4393 2168 4465 justis

577 4494 891 4549 obtinentes
935 4491 1080 4560 quod
1126 4490 1179 4544 in
1229 4487 1460 4543 Domino
1504 4487 1862 4558 praecesserit.
1914 4485 2166 4547 Salvator

2278 1901 2558 1968 τάνοντας.
2584 1901 2710 1968 Πῶς
2736 1898 2830 1957 οὖν
2855 1904 2906 1956 οἱ
2929 1906 2987 1957 ὲν
3012 1904 3145 1974 ήμῐν
3170 1903 3577 1975 ἁμαρτάνοντες
3597 1905 3872 1976 ἐπεστρά-

2279 2012 2460 2067 φησαν
2489 1997 2593 2050 οὐκ
2628 1996 2719 2049 ἐπὶ
2748 1995 2847 2060 τὰς
2883 1995 3097 2060 ἀδικίας
3137 1995 3249 2049 τῶν
3278 1994 3551 2068 πατέρων,
3591 1997 3729 2051 ἀλλὰ
3760 1997 3872 2053 τῶν

2278 2086 2534 2161 πατέρων
2563 2088 2674 2143 τῶν
2704 2088 3018 2161 προτέρων;
3053 2087 3282 2161 Μήποτε
3321 2086 3415 2143 οὗν
3446 2090 3611 2143 διττοί
3642 2092 3779 2145 εἰσιν
3817 2091 3869 2145 oi

2280 2179 2521 2251 πατέρες
2547 2179 2726 2252 ἡμῶν,
2760 2181 2857 2235 καὶ
2895 2180 3011 2234 ἔστι
3042 2180 3141 2253 μὲν
3173 2183 3232 2235 ὲν
3274 2182 3407 2254 ⁴ἡμῖν
3436 2179 3575 2246 εἶδος
3615 2183 3871 2255 πατέρων

2276 2270 2341 2327 τὸ
2361 2276 2543 2343 χεῖρον
2559 2290 2573 2303 ·
2601 2273 2731 2345 πρὶν
2748 2272 3039 2327 πιστεῦσαι
3064 2273 3195 2348 γὰρ,
3220 2275 3327 2327 υἱοὶ
3348 2270 3511 2345 ἦμεν,
3536 2275 3655 2347 φέρ’
3672 2277 3864 2339 εἰπεῖν,

2276 2364 2372 2420 τοῦ
2397 2365 2670 2431 διαόόλου,
2699 2365 2794 2431 οὒς
2814 2367 3089 2421 δείκνυσιν
3119 2369 3148 2420 6
3170 2366 3327 2436 λόγος
3353 2371 3382 2422 6
3407 2367 3758 2437 εὐαγγελικὸς
3779 2366 3865 2421 Μ-

2277 2476 2391 2530 γων
2406 2477 2421 2492 ·
2452 2459 2648 2531 Ὑμεῖς
2670 2459 2739 2514 ἐκ
2763 2460 2870 2515 τοῦ
2894 2459 3177 2514 διαϐόλου
3196 2460 3336 2515 ἐστέ
3354 2478 3369 2493 ·
3393 2462 3482 2515 ὅτε
3502 2462 3557 2515 δὲ
3572 2460 3863 2515 πεπιστεύ·

2277 2569 2473 2625 καμεν,
2497 2553 2802 2626 γεγόναμεν
2817 2552 2925 2607 υἱοὶ
2945 2553 3102 2607 Θεοῦ.
3139 2552 3307 2607 Ἐπὰν
3328 2550 3420 2609 οὖν
3442 2555 3865 2628 άμαρτάνωμεν,

2280 2647 2685 2721 ἐπιστρέφομεν
2718 2646 2811 2701 ἰπὶ
2849 2645 2949 2712 τὰς
2986 2644 3199 2711 ἀδικίας
3241 2647 3340 2718 οὐχ
3374 2646 3710 2715 ἁπαξαπλῶς
3758 2644 3867 2699 τῶν

2279 2739 2555 2812 πατέρων,
2609 2738 2751 2794 ἀλλὰ
2784 2739 2894 2794 τῶν
2934 2739 3221 2813 προτέρων
3266 2739 3536 2812 πατέρων.
3571 2738 3667 2803 Εἰς
3703 2737 3763 2792 δὲ
3807 2735 3870 2792 τὸ

2280 2829 2683 2902 παραστῆσαι,“
2696 2832 2779 2886 δτι
2807 2831 2976 2884 διττοὶ
3005 2830 3162 2902 ἡμῶν
3195 2832 3330 2884 εἰσιν
3360 2833 3407 2884 οἱ
3447 2830 3699 2902 πατέρες.
3737 2830 3871 2903 χρήι

2283 2938 2448 2994 σομαι
2494 2926 2679 2996 ῥητοῖς
2718 2924 2826 2978 ἀπὸ
2872 2924 2968 2978 τοῦ
3018 2924 3101 2995 μδ¹
3129 2922 3367 2995 ψαλμοῦ,
3413 2922 3586 2986 οὕτως
3617 2922 3864 2994 ἔχουσιν·

2285 3018 2344 3073 Ἀ
2353 3036 2600 3084 κουσον,
2626 3021 2898 3089 θύγατερ,
2918 3020 3015 3073 καὶ
3036 3019 3144 3083 ἴδε,
3162 3019 3259 3073 καὶ
3281 3017 3493 3095 κλῖνον
3508 3017 3573 3071 τὸ
3596 3007 3705 3084 οὖς
3725 3033 3865 3082 σου,

2279 3106 2379 3160 καὶ
2420 3106 2710 3162 ἐπιλάθου
2746 3104 2855 3161 τοῦ
2894 3107 3066 3160 οἶκον
3112 3100 3219 3168 τοῦ
3246 3106 3469 3175 πατρός
3497 3120 3635 3162 σου.
3670 3108 3860 3182 Πατὴρ

2276 3197 2426 3268 λέγει
2456 3198 2530 3270 ('5)
2553 3213 2569 3229 ·
2597 3195 2922 3253 Ἐπιλάθου
2954 3197 3063 3253 τοῦ
3097 3198 3269 3252 οἴκου
3310 3198 3417 3252 τοῦ
3446 3199 3673 3266 πατρός
3717 3217 3857 3256 σου.

2288 3289 2378 3354 Ὠς
2407 3287 2516 3360 γὰρ
2562 3286 2743 3359 πατὴρ
2773 3286 2955 3357 λέγει·
2986 3289 3304 3353 Ἄκουσον,
3338 3288 3612 3358 θύγατερ.
3649 3290 3861 3346 Οὐκοῦν

2274 3379 2443 3434 διττοὶ
2463 3382 2513 3434 οἱ
2541 3379 2776 3450 πατέρες
2796 3377 2953 3450 ἡμῶν
2974 3379 3101 3434 εἰσι.
3122 3378 3287 3432 Ἀλλὰ
3312 3379 3569 3433 ἐπιλάθου
3591 3381 3683 3434 τοῦ
3709 3382 3859 3436 οἴκου
3924 3380 3947 3394 ⁶

2275 3470 2369 3525 τοῦ
2400 3471 2605 3543 πατρός
2632 3487 2724 3525 σου
2745 3468 2839 3524 τοῦ
2870 3469 3156 3543 προτέρου.
3179 3470 3327 3535 Ἐὰν,
3351 3470 3739 3541 ἐπιλαθόμενός
3767 3489 3862 3527 σου

2273 3561 2371 3617 τοῦ
2412 3562 2565 3617 οἴκου
2605 3561 2698 3617 τοῦ
2745 3562 3050 3637 προτέρου,
3093 3561 3255 3618 πάλιν
3294 3564 3631 3637 ἐπιστρέψῃς
3675 3566 3767 3620 ἐπὶ
3791 3564 3864 3621 τὰ

2276 3655 2679 3727 ἁμαρτήματα,
2721 3655 2781 3708 οὐ
2819 3653 3128 3726 πεποίηκας
3163 3657 3231 3709 τὰ
3272 3655 3541 3726 λεγόμενα
3578 3656 3653 3728 (4)
3679 3656 3865 3713 ἐνθάδε

2280 3749 2670 3821 ἁμαρτήματα·
2702 3746 3210 3818 Ἐπεστράφησαν
3234 3747 3332 3801 ἐπὶ
3357 3747 3463 3815 τὰς
3485 3748 3720 3814 ἀδικίας
3746 3746 3867 3803 τῶν

2279 3840 2553 3911 πατέρων
2577 3841 2772 3897 αὐτῶν
2807 3841 2929 3896 τῶν
2961 3841 3282 3911 προτέρων.
3316 3841 3570 3910 Ἔλεγον,
3598 3841 3678 3894 ὅτι
3706 3840 3800 3895 καὶ
3834 3845 3864 3896 6

2278 3935 2523 4001 διάϐολος
2564 3937 2826 4011 πρότερον
2874 3931 2943 4009 ἦν
2994 3936 3150 4009 ἡμῶν
3202 3938 3419 4010 πατὴρ,
3460 3937 3588 4010 πρὶν
3638 3936 3867 4010 γένηται

2279 4029 2439 4103 ἡμῶν
2470 4034 2498 4086 6
2525 4032 2659 4097 Θεὸς
2686 4033 2869 4106 πατήρ
2894 4048 2908 4065 ·
2939 4030 3072 4101 εἴγε
3089 4033 3183 4087 καὶ
3216 4032 3310 4087 νῦν
3341 4034 3442 4089 οὐκ
3482 4034 3625 4089 ἔστιν
3654 4031 3808 4106 ἡμῶν
3837 4036 3870 4092 6

2285 4122 2532 4190 διάϐολος
2578 4127 2801 4198 πατήρ·
2848 4126 2986 4197 ὅπερ
3033 4127 3459 4197 παραστήσομεν
3503 4126 3599 4180 καὶ
3630 4123 3739 4179 ἀπὸ
3770 4124 3871 4196 τῆς

2293 4209 2539 4273 Ἰωάννου
2571 4216 2864 4288 καθολικῆς
2891 4214 3230 4287 Ἐπιστολῆς,
3249 4217 3306 4271 ὲν
3396 4217 3723 4289 γέγραπται·
3743 4215 3873 4285 Πᾶς

2281 4315 2316 4369 ό
2346 4311 2534 4369 ποιῶν
2561 4311 2678 4380 τὴν
2710 4309 3005 4380 ἁμαρτίαν
3039 4310 3109 4363 ἐκ
3151 4309 3257 4364 τοῦ
3298 4307 3581 4364 διαϐόλου
3619 4309 3869 4380 γεγένη-

2281 4423 2400 4462 ται.
2439 4405 2505 4459 Ei
2543 4404 2651 4466 πᾶς
2686 4404 2715 4456 6
2754 4401 2921 4455 ποιῶν
2968 4400 3066 4470 τὴν
3115 4399 3394 4470 ἁμαρτίαν
3445 4403 3509 4454 ἐκ
3555 4401 3650 4455 τοῦ
3689 4399 3876 4454 διαϐό-

2278 4497 2372 4551 λου
2406 4493 2699 4565 γεγένηται
2728 4492 2825 4563 (5),
2858 4491 3022 4544 οἱονεὶ
3054 4491 3383 4555 τοσαυτάκις
3412 4492 3476 4543 ἐκ
3498 4488 3593 4542 τοῦ
3623 4490 3874 4546 διαϐόλου

579 4596 766 4641 ηοετοι·
795 4582 1053 4654 splendor
1081 4588 1167 4636 est
1195 4579 1403 4650 gloriae,
1430 4578 1687 4650 splendor
1722 4588 1903 4636 autem
1933 4596 2041 4637 non
2074 4597 2155 4638 se-

2278 4579 2638 4656 γεγενήμεθα,
2678 4580 2868 4646 ὁσάκις
2910 4578 3318 4653 ἁμαρτάνομεν.
3366 4576 3726 4646 Ταλαιπωρος
3762 4572 3854 4628 οὖν

578 4676 686 4731 mel
711 4674 972 4736 nascitur,
998 4686 1051 4727 et
1074 4672 1327 4742 deinceps
1350 4671 1552 4726 desinit
1581 4672 1731 4728 nasci
1763 4690 1777 4726 :
1804 4672 2162 4743 quotiescun-

575 4785 687 4840 que
710 4780 892 4824 ortum
920 4764 1083 4822 fuerit
1107 4767 1313 4830 lumen,
1343 4779 1407 4820 ex
1436 4778 1548 4835 quo
1571 4765 1830 4834 splendor
1852 4765 2050 4830 oritur,
2078 4772 2162 4818 to-

2269 4668 2422 4738 οὗτός
2452 4676 2600 4726 ἐστιν
2628 4670 2688 4735 ὃς
2715 4671 2800 4726 ἀεὶ
2832 4671 3091 4741 γεννᾶται
3128 4672 3193 4723 ἐκ
3221 4666 3314 4722 τοῦ
3342 4665 3590 4722 διαὸόλου
3612 4683 3624 4695 ·
3667 4662 3857 4736 ὥσπερ

2268 4764 2433 4820 πάλιν
2474 4761 2744 4835 μακάριος
2769 4762 2800 4817 6
2842 4762 2931 4817 ἀεὶ
2970 4759 3306 4834 γεννώμενος
3336 4760 3441 4816 ὑπὸ
3475 4756 3570 4813 τοῦ
3598 4753 3760 4812 Θεοῦ·
3791 4756 3855 4810 οὐ

652 4933 694 4966 ⁸⁵
724 4931 809 4988 lsa
856 4947 1005 5001 Lvut,
1035 4928 1089 4998 6,
1122 4931 1175 4988 7.
1255 4930 1297 4967 "
1328 4931 1439 4989 Jcr.
1467 4951 1545 5001 ιιι,
1574 4933 1662 4989 iO.
1742 4932 1784 4965 ⁸³
1806 4929 1965 4987 Joan.
2003 4944 2100 4983 vm
2122 4972 2137 4998 ,

2344 4931 2388 4964 ¹⁹
2435 4929 2640 4987 Psalm.
2677 4942 2826 4996 mv,
2865 4930 2952 4984 Η.
3028 4928 3075 4961 ²⁹
3106 4926 3128 4983 1
3156 4926 3316 4984 Joan.
3348 4943 3429 4994 ιιι,
3456 4926 3509 4981 8.

858 5075 980 5128 καί.
1013 5074 1259 5153 Legebat
1292 5072 1679 5153 Hieronymus,
1706 5076 1757 5153 sl
1783 5072 1895 5128 καί.

2266 5074 2618 5130 bomiliarum
2642 5072 2698 5129 in
2727 5072 3022 5131 Jeremiam
3050 5073 3320 5136 ordinem,

3349 5084 3513 5140 quem
3545 5065 3849 5140 tenuimus.

647 5137 724 5218 (εἰ)
741 5137 1259 5229 ’1ὲῖστεοςτιικιφςηῖγαις2
1281 5156 1420 5229 etet
1444 5137 2042 5229 Hieronymiananquam
2054 5143 2157 5229 Ihic

2278 5145 2518 5229 Hieipso
2566 5160 2730 5214 porro
2762 5144 3230 5229 error'geminum
3285 5137 3628 5197 bibliorhecae
3668 5137 3853 5208 Regia:

573 5214 793 5283 damus,
822 5214 1043 5344 relirBiai
1074 5218 1311 5272 homiliae
1336 5214 1732 5287 interpretatio.
1761 5216 1829 5272 ad
1860 5215 2022 5269 linem
2052 5214 2154 5269 ho-

574 5289 739 5343 milia:
761 5301 919 5343 nonae
987 5289 1188 5344 riaenis
1219 5287 1271 5342 in
1300 5290 1497 5344 lsaiam
1523 5288 1575 5342 in
1604 5286 1815 5343 Merlini
1837 5285 2154 5344 caeterisaue

574 5289 739 5343 milia:
761 5301 919 5343 nona:
938 5285 1188 5357 Origenis
1219 5287 1271 5342 in
1300 5285 1497 5344 lsaiam
1523 5288 1575 5342 in
1604 5286 1815 5343 Merlini
1837 5285 2155 5357 exterisque

575 5359 761 5449 [eius
780 5354 2153 5449 firmius34392013sit:skiissiﬁm'nﬂri-
2258 5354 2561 5449 τρὲςῖἑόὖῐ

573 5432 820 5554 feniante
850 5430 1024 5498 ipsius
1055 5430 1333 5512 in_|saiam
1373 5431 1611 5512 hoinilia;
1644 5427 2150 5508 interpretationem

595 5516 695 5554 oco
721 5517 823 5554 suo
852 5502 1177 5554 deturbant.
1205 5511 1258 5554 et
1284 5515 1382 5554 cur
1419 5501 1767 5554 intercideret
1796 5514 1977 5554 causa:
2021 5496 2145 5553 fuit.

595 5496 695 5556 oco
721 5517 823 5557 suo
852 5496 1177 5567 deturbavit,
1205 5511 1258 5556 et
1284 5515 1382 5555 cur
1419 5500 1767 5555 intercideret
1790 5496 1977 5554 causa:
2021 5496 2145 5553 fuit.

573 5569 649 5625 Ea
685 5587 880 5640 nempe
908 5572 974 5626 ad
1004 5587 1203 5626 nonam
1232 5573 1285 5625 in
1316 5568 1610 5625 Jeremiam
1639 5571 1919 5625 homiliam
1947 5569 2151 5638 adjice-

574 5655 635 5712 re
657 5657 716 5696 se
741 5652 942 5712 putans
980 5642 1235 5696 incautus
1275 5651 1326 5696 et
1358 5657 1548 5710 parum
1585 5649 1837 5712 attentus
1870 5640 2149 5712 librarius,

2264 5217 2508 5274 codicem
2544 5217 2850 5286 occupavit.
2883 5234 2902 5267 ι

2988 5230 3204 5270 υετιυε.

2334 5308 2414 5381 (5)
2447 5305 2655 5433 ﬂung)
2686 5306 2868 5379 λέγει·
2910 5305 3234 5361 Ἐπιλάθου
3264 5303 3371 5358 τοῦ
3402 5303 3574 5357 οῑκου
3595 5299 3703 5355 τοῦ
3740 5314 3849 5352 ιτα-

2334 5380 2399 5433 ός
2424 5394 2561 5433 σου.
2643 5395 2721 5433 rec
2739 5394 2849 5433 non
2878 5377 3041 5432 vertit
3070 5376 3453 5433 Hieronvmus.

2643 5395 2721 5435 asc
2739 5376 2849 5433 non
2878 5377 3041 5432 vertit
3070 5376 3453 5448 Hieronymus.

2329 5470 2407 5543 (4)
2433 5472 2516 5526 Οὐ
2544 5472 2879 5543 πεποίηκας
2906 5469 3325 5543 τὰ-λεγόμενα,
3376 5465 3614 5538 Legebat
3652 5459 3848 5516 Hiero-

2253 5539 2476 5615 nymus,
2503 5539 2797 5606 πέπτωκας
2829 5543 2910 5604 εἰς
2939 5539 3007 5594 τὰ
3040 5540 3331 5611 λεγόμενα.

2329 5635 2482 5706 (ωει
2508 5633 2627 5706 πᾶς
2657 5637 2690 5690 ὁ
2717 5632 2903 5706 ποιῶν
2932 5632 3049 5706 τὴν
3074 5632 3371 5706 ἁμαρτίαν
3392 5631 3463 5706 εκ
3494 5626 3601 5682 τοῦ
3643 5621 3847 5706 διαδύε-

573 5693 640 5764 ad
660 5693 950 5766 totum}.
981 5693 1991 5781 ius};tantumnigerrimae
2026 5693 2155 5764 hinc
2260 5693 2733 5781 :tqb'rsrénim.
2763 5695 2889 5761 Haec
2916 5693 3127 5761 oniissai
3152 5693 3282 5760 simi
3308 5703 3364 5757 in
3396 5693 3846 5770 interpretatione

572 5781 735 5835 etiam
764 5782 1032 5853 suspicari
1057 5798 1371 5853 possumus,
1402 5798 1589 5837 verum
1622 5798 1743 5838 esse
1773 5793 1826 5837 et
1856 5776 2152 5852 genuinum
2264 5776 2705 5847 Hieronymiana.
