4122 6422
551 296 650 350 559

2027 288 2354 347 ORIGENIS

3710 289 3818 345 360

545 405 774 479 cognovi
802 414 1111 477 peccatum,
1128 404 1242 459 sive
1266 400 1592 472 injustitiam
1617 416 1630 467 ;
1660 414 1847 455 verum
1874 399 2125 470 simplici-

2237 400 2350 452 Οὐκ
2377 396 2549 467 ἔγνων
2579 398 2878 471 ἁμαρτίαν·
2918 396 3052 451 ἀλλὰ
3094 395 3308 462 ἁπλῶς·
3347 396 3461 453 Οὐκ
3501 396 3689 468 ἔγνων.
3730 402 3823 457 Σοὶ

547 510 665 554 ter:
695 499 809 553 Non
837 497 1089 568 cognovi.
1122 494 1243 549 Tibi
1277 494 1441 564 igitur
1476 491 1786 562 dereliquit,
1821 499 1880 545 ut
1911 505 2129 561 quaeras

547 591 691 660 quod
719 590 990 644 nescierit.
1016 588 1154 656 Lege
1180 585 1503 656 Apostolqu
1524 584 1568 616 ’⁷
1605 602 1618 637 :
1649 583 1776 651 Qui,
1806 599 1925 635 cum
1950 598 2131 651 pecca-

549 698 659 741 tum
682 704 785 740 non
809 686 1153 754 cognovisset,
1179 699 1273 749 pro
1298 682 1445 735 nobis
1465 690 1738 751 peccatum
1761 680 1905 749 fecit.
1934 678 2133 735 Pecca-

548 788 660 833 tum
696 780 898 847 quippe
929 792 1112 841 nosse,
1142 791 1370 846 peccare
1398 786 1483 830 est
1509 793 1521 828 :
1560 784 1617 829 ut
1641 773 1913 844 justitiam
1942 788 2128 837 nosse,
2157 812 2162 819 ς

544 871 687 940 juste
710 882 792 925 est
814 884 995 939 agere.
1030 867 1106 921 Ex
1143 883 1254 937 quo
1286 865 1636 921 manifestum
1669 874 1753 921 est
1774 881 1899 920 eum
1923 865 2015 936 qui
2039 864 2131 935 ju-

547 961 749 1017 stitiam
786 958 1082 1029 praedicat,
1123 966 1177 1011 et
1215 972 1323 1010 non
1365 956 1477 1027 agit
1509 955 1684 1025 juste,
1726 955 1940 1011 nescire
1964 954 2128 1025 justi-

546 1052 701 1107 tiam.

618 1143 673 1195 ‘2.
715 1141 1003 1195 Adversum
1037 1156 1116 1194 me
1146 1140 1507 1210 cogitaverunt
1547 1139 1833 1194 consilium
1861 1140 2128 1194 dicentes:

556 1233 763 1298 Venite,
799 1234 1077 1286 mittamus
1105 1230 1306 1300 lignum
1338 1231 1393 1283 in
1426 1247 1615 1299 panem
1637 1230 1770 1299 ejus.
1792 1230 2126 1285 Cruciﬁxum

544 1342 665 1381 esse
697 1342 727 1378 a
756 1324 960 1378 ludatis
992 1322 1282 1376 Dominum
1334 1322 1466 1376 nulli
1504 1323 1730 1377 dubium
1765 1332 1868 1388 est,
1907 1331 1962 1377 et
2002 1338 2127 1377 cum

548 1419 651 1471 huc
679 1425 791 1471 tota
827 1416 1075 1468 libertate
1108 1414 1487 1483 praedicamus,
1518 1415 1795 1484 quomodo
1820 1413 2129 1484 aptabimus

546 1509 595 1561 ei
629 1508 771 1577 quod
803 1506 1007 1560 dicitur
1042 1521 1053 1556 :
1089 1506 1381 1559 Adversum
1427 1522 1505 1559 me
1542 1507 1903 1575 cogitaverunt
1948 1509 2120 1561 consi-

546 1600 678 1653 lium
706 1600 957 1663 dicentes,
990 1598 1093 1652 hoc
1125 1599 1268 1668 quod
1301 1596 1543 1652 inferunt
1569 1617 1581 1652 :
1622 1596 1824 1662 Venite,
1854 1600 2127 1655 mittamus

545 1692 748 1763 lignum
781 1692 837 1745 in
860 1708 1047 1762 panem
1078 1690 1213 1758 ejus,
1246 1689 1429 1743 nimia:
1460 1682 1792 1745 ditﬁcultatis
1820 1700 1921 1745 est.
1962 1690 2127 1747 Panis

548 1781 668 1839 Jesu
699 1798 809 1854 quo
841 1782 1134 1846 nutrimur,
1172 1796 1355 1836 sermo
1388 1780 1508 1850 ejus
1544 1781 1954 1851 interpretatur.
1988 1780 2126 1849 Quia

544 1875 711 1945 igitur
733 1875 966 1929 docente
993 1887 1059 1927 eo
1086 1873 1379 1927 voluerunt
1407 1872 1629 1941 quidam
1678 1872 1995 1927 scandalum
2027 1889 2127 1944 po-

547 1979 674 2022 nere
714 1966 977 2022 doctrinae
1028 1964 1169 2034 ejus,
1224 1960 1605 2034 crueiligentes
1661 1980 1787 2019 eum
1838 1964 2124 2021 dixerunt:

556 2056 756 2125 Venite,
786 2059 1062 2112 mittamus
1095 2048 1298 2126 lignum
1330 2053 1382 2108 in
1414 2071 1603 2124 panem
1636 2054 1773 2124 ejus.
1814 2054 1952 2110 Cum
1980 2058 2125 2112 enim

544 2152 712 2208 verbo
750 2149 878 2206 Jesu
916 2158 971 2205 et
1006 2149 1309 2219 disciplina
1353 2148 1472 2219 ejus
1500 2147 1853 2219 conjungitur
1882 2147 2125 2219 Magistri

546 2242 851 2307 rrucilixio,
880 2240 935 2294 in
966 2254 1161 2308 panem
1194 2239 1399 2309 lignum
1433 2239 1682 2294 mittitur.
1712 2238 1778 2293 Et
1807 2239 1879 2293 illi
1904 2241 2124 2310 quidem

546 2333 869 2389 insidiantes
895 2332 1120 2388 dicunt:
1158 2330 1360 2396 Venite,
1394 2333 1668 2384 mittamus
1713 2330 1911 2401 lignum
1944 2332 1997 2384 in
2027 2349 2125 2401 pa-

548 2442 664 2480 nem
695 2426 830 2495 ejus.
887 2424 998 2496 Ego
1035 2440 1166 2479 vero
1194 2423 1515 2479 admirabile
1563 2423 1820 2493 quiddam
1872 2422 2122 2479 inferam.

544 2516 777 2588 Lignum
808 2516 1036 2571 missum
1067 2515 1119 2568 in
1150 2530 1347 2585 panem
1379 2515 1519 2583 ejus,
1545 2529 1738 2583 panem
1773 2513 1901 2570 fecit
1932 2515 2125 2570 melio-

543 2626 678 2665 rem.
716 2608 1032 2679 Exemplum
1062 2607 1246 2677 accipe
1275 2606 1341 2661 de
1374 2606 1489 2678 lege
1518 2605 1709 2678 Moysi.
1737 2605 1887 2661 Sicut
1917 2607 2123 2678 lignum

544 2700 690 2773 quod
726 2700 955 2754 missum
990 2709 1074 2752 est
1116 2697 1169 2750 in
1203 2711 1446 2750 amaram
1480 2710 1698 2765 aquam,
1735 2696 1860 2751 fecit
1886 2697 2123 2761 dulcem,

544 2795 627 2849 sic
659 2792 863 2863 lignum
898 2790 1173 2862 passionis
1207 2788 1433 2854 Christi,
1474 2792 1702 2845 missum
1739 2788 1791 2845 in
1825 2791 2125 2846 doctrinam

544 2887 688 2956 ejus,
725 2885 849 2941 fecit
871 2899 1067 2955 panem
1098 2883 1243 2938 illius
1275 2883 1589 2938 dulciorem.
1625 2884 1761 2939 Ante
1793 2883 1937 2938 enim
1962 2899 2126 2953 quam

546 2977 935 3032 immitteretur
980 2976 1184 3047 lignum
1232 2974 1284 3028 in
1326 2989 1520 3044 panem
1577 2975 1719 3043 ejus,
1751 2975 1971 3045 quando
2003 2981 2128 3029 tan-

2231 487 2325 545 οὖν
2354 490 2741 546 καταλέλοιπεν
2763 490 3037 556 ἐξετάζειν
3062 491 3113 544 τί
3138 490 3237 546 οὐκ
3269 491 3429 561 ἔγνω·
3463 491 3559 546 καὶ
3583 492 3823 564 μάνθανε

2231 586 2285 639 τί
2327 587 2427 640 οὐκ
2468 586 2610 655 ἔγνω
2655 586 2763 641 ἀπὸ
2800 586 2927 640 τοῦ·
2969 586 3081 639 Τὸν
3124 582 3211 655 μὴ
3258 585 3482 655 γνόντα
3505 586 3825 659 ἁμαρτίαν,

2233 679 2384 747 ὑπὲρ
2415 677 2580 748 ἡμῶν
2629 678 2921 748 ἁμαρτίαν
2952 677 3233 744 ἐποίησε·
3267 675 3468 745 γνῶναι
3501 678 3611 751 γὰρ
3644 680 3827 752 ἀμαρ-

2232 771 2351 824 τίαν
2379 770 2689 842 άμαρτῆσαί
2715 772 2881 823 ἐστιν·
2900 768 2975 832 ὡς
3001 766 3203 836 γνῶναι
3229 766 3599 839 δικαιοσύνην,
3624 768 3825 823 δικαιο-

2234 862 2514 934 πραγῆσαί
2556 863 2724 916 ἐστιν.
2781 861 2839 914 Ὀ
2879 858 3010 929 γοῦν
3059 859 3420 928 ἀπαγγέλλων
3461 859 3527 912 τὰ
3573 860 3703 931 περὶ
3746 860 3826 914 δι-

2232 954 2543 1025 καιοσύνης,
2570 955 2662 1008 καὶ
2695 955 2770 1025 μὴ
2803 951 3229 1025 δικαιοπραγῶν,
3252 942 3351 1005 ούκ
3379 951 3523 1021 ἔγνω
3550 951 3823 1008 δικαιοσύ-

2232 1065 2350 1118 νην.
3139 1084 3147 1091 .

2316 1141 2439 1194 Ἐπ’
2476 1139 2582 1209 ἐμὲ
2621 1140 2948 1209 λογίσαντο
2989 1138 3287 1208 λογισμὸν
3320 1139 3589 1207 πονηρὸν
3615 1138 3821 1210 λέγων

2231 1248 2351 1298 τες·
2373 1232 2569 1295 Δεῦτε,
2593 1232 2689 1285 καὶ
2716 1230 3063 1301 ἐμϐάλωμεν
3084 1230 3276 1296 ξύλον
3286 1233 3371 1296 εις
3391 1231 3499 1284 τὸν
3514 1231 3694 1300 ἄρτον
3710 1233 3811 1285 ais

2230 1324 2357 1379 τοῦ.
2380 1325 2501 1377 Ὅτι
2527 1323 2626 1395 μὲν
2644 1323 2995 1393 ὲσταύρωταν
3018 1323 3179 1377 αὑτὸν
3216 1322 3459 1376 Ἰουδαῖοι
3480 1323 3638 1393 δῆλον
3660 1322 3816 1377 τοῦτό

2230 1416 2368 1480 ἐστι,
2400 1415 2494 1469 καὶ
2524 1415 2805 1487 παρρησίᾳ
2831 1414 2989 1468 τοῦτο
3021 1412 3389 1485 κηρύσσομεν.
3428 1415 3550 1478 Πῶς
3576 1415 3634 1471 δὲ
3662 1413 3819 1470 τοῦτο

2231 1506 2565 1579 ἐφαρμόσεις
2586 1506 2664 1577 τῷ
2683 1523 2695 1536 ’
2739 1506 3121 1574 Ἐλογίσαντο
3148 1506 3242 1558 ἐπ’
3264 1505 3369 1575 ἐμὲ
3393 1506 3689 1576 λογισμὸν
3713 1505 3819 1561 λέ-

2230 1616 2456 1670 τοντες·
2483 1599 2680 1664 Δεῦτε,
2699 1598 2797 1653 καὶ
2812 1596 3159 1669 ἐμϐάλωμεν
3183 1598 3374 1664 ξύλον
3395 1601 3482 1665 εις
3509 1598 3618 1653 τὸν
3633 1598 3819 1667 ἄρτον

2230 1692 2437 1757 αὐτοῦ,
2472 1690 2631 1763 ἔργον
2664 1691 2781 1743 ἐστὶ
2814 1691 3022 1761 νοῆσαι.
3063 1691 3122 1744 Ὁ
3145 1688 3240 1744 τοῦ
3276 1689 3450 1761 Ἰησοῦ
3484 1691 3647 1761 ἄρτος
3674 1693 3703 1744 6
3728 1691 3817 1745 λό-

2230 1799 2325 1852 γος
2358 1783 2504 1835 ἐστὶν
2532 1783 2591 1835 tv
2622 1776 2667 1849 ᾧ
2707 1780 3041 1853 τρεφόμεθα.
3091 1782 3245 1834 Ἐπεὶ
3268 1780 3447 1834 τοίνυν
3472 1780 3815 1848 διδάσκοντος

2230 1871 2394 1926 αύτοῦ
2417 1874 2475 1924 ὲν
2492 1870 2568 1942 τῷ
2583 1871 2698 1944 λαῷ
2712 1872 2985 1945 ἠθέλησαν
3002 1874 3062 1927 τὸ
3088 1872 3381 1927 σκάνδαλον
3406 1873 3463 1925 tv
3479 1876 3544 1944 τῇ
3561 1873 3821 1927 διδασκα-

2229 1963 2319 2036 λίᾳ
2342 1964 2507 2018 αὐτοῦ
2536 1965 2868 2037 προσθεῖναι,
2896 1965 2985 2019 διὰ
3004 1965 3098 2019 τοῦ
3129 1965 3438 2036 σταυρῶσαι
3462 1965 3623 2019 αὐτὸν
3637 1962 3814 2019 timv-

2231 2054 2411 2109 Δεῦτε
2435 2056 2537 2109 καὶ
2567 2056 2915 2127 ἐμϐάλωμεν
2942 2056 3235 2123 εὐλογεῖς
3256 2056 3362 2109 τὸν
3391 2056 3574 2124 ἄρτον
3605 2058 3814 2113 αὐτοῦ.

2233 2146 2400 2199 Ὅταν
2411 2146 2520 2218 γὰρ
2535 2145 2611 2216 τῷ
2625 2145 2765 2216 λόγῳ
2780 2146 2878 2217 τῆς
2894 2145 3067 2219 Ἰησοῦ
3080 2146 3422 2210 διδασκαλίας
3438 2147 3816 2219 προσάπτηται

2229 2237 2289 2290 τὸ
2326 2237 2635 2309 σταυρῶσαι
2674 2238 2766 2289 τὸν
2806 2237 3145 2303 διδάσκαλον,
3191 2239 3271 2300 εἰς
3319 2237 3410 2291 τὸν
3453 2239 3619 2309 ἄρτον
3649 2238 3813 2293 αὐτοῦ

2232 2329 2385 2396 ξύλον
2429 2331 2785 2403 ἐμϐέϐληται.
2846 2332 3070 2385 Ἐκεῖνοι
3108 2330 3206 2402 μὲν
3255 2330 3314 2397 ἐξ
3359 2330 3653 2403 ἐπιϐουλῆς
3686 2331 3810 2402 βου-

2229 2423 2553 2494 λευσάμενοι
2582 2423 2918 2493 λεγέτωσαν
2955 2423 3156 2488 Δεῦτε,
3190 2421 3291 2476 καὶ
3322 2422 3668 2493 ἐμϐάλωμεν
3705 2422 3808 2487 ξύ-

2229 2520 2345 2571 λον
2379 2519 2467 2583 είς
2508 2516 2616 2569 τὸν
2662 2516 2846 2586 ἄρτον
2887 2515 3106 2571 αὑτοῦ·
3157 2512 3269 2584 ἐγὼ
3295 2515 3352 2569 δὲ
3389 2514 3810 2589 παραδοξότερον

2229 2604 2358 2679 ἐρῶ.
2394 2606 2467 2658 T6
2506 2605 2660 2671 ξύλον
2703 2605 2973 2678 ἐμϐληθὲν
3003 2606 3084 2669 εἰς
3110 2605 3199 2659 τὸν
3225 2604 3388 2677 ἄρτον
3418 2604 3603 2671 αὑτοῦ,
3631 2605 3814 2678 κρείτ-

2228 2712 2356 2749 τονα
2390 2695 2479 2750 τὸν
2511 2696 2675 2768 ἄρτον
2707 2695 2995 2767 πεποίηκε.
3031 2695 3387 2768 Παράδειγμα
3413 2696 3677 2768 λαμϐάνω
3708 2694 3817 2750 ἀπὸ

2227 2785 2323 2841 τοῦ
2366 2788 2610 2853 Μωσέως
2643 2787 2830 2859 νόμου.
2882 2787 2957 2840 Τὸ
2983 2786 3138 2853 ξύλον
3174 2786 3369 2858 βληθὲν
3406 2789 3487 2851 εἰς
3517 2786 3579 2841 τὸ
3620 2782 3815 2859 πικρὸν

2232 2874 2376 2952 ὕδωρ
2404 2879 2658 2951 ἐποίησεν
2685 2879 2818 2933 αὐτὸ
2848 2878 3019 2948 γλυκύ
3039 2897 3054 2911 °
3090 2870 3262 2945 οὖτως
3294 2870 3357 2934 τὸ
3390 2880 3545 2948 ξύλον
3584 2878 3677 2933 τοῦ
3708 2879 3816 2934 ard-'-

2229 2972 2356 3039 θους
2410 2971 2584 3045 Ἰησοῦ
2623 2972 2857 3045 Χριστοῦ
2896 2972 3049 3026 ὲλθὸν
3093 2976 3174 3037 εἰς
3219 2974 3315 3027 τὸν
3355 2973 3514 3043 λόγον
3545 2973 3814 3043 πεποίηκέ

547 3069 831 3127 tummodo
870 3070 1028 3141 panis
1064 3078 1201 3136 erat,
1237 3079 1290 3124 et
1342 3087 1450 3123 non
1483 3078 1601 3124 erat
1648 3069 1875 3139 lignum,
1915 3068 1967 3121 iu
2005 3067 2117 3121 uni-

2229 3065 2320 3120 τὸν
2355 3066 2519 3137 ἄρτον
2545 3063 2710 3119 αὐτοῦ
2751 3063 3105 3138 γλυκύτερον.
3136 3066 3275 3138 Πρὶν
3303 3063 3432 3138 ἔλθῃ
3464 3062 3593 3133 γοῦν
3620 3066 3700 3129 εἰς
3724 3063 3817 3117 τὸν

548 3178 761 3217 versam
794 3169 992 3216 terram
1029 3176 1137 3215 non
1164 3159 1369 3215 exierat
1398 3174 1565 3215 sonus
1592 3160 1711 3228 ejus
1738 3174 1751 3210 :
1784 3165 1971 3227 postea
2000 3169 2128 3210 vero

547 3270 711 3324 quam
749 3255 1045 3324 assumpsit
1092 3253 1465 3310 fortitudinem
1498 3268 1594 3323 per
1634 3252 1864 3322 lignum,
1907 3258 2037 3304 tunc
2070 3247 2128 3303 in

547 3347 865 3401 universum
907 3346 1091 3402 orbem
1132 3346 1406 3417 passionis
1453 3345 1573 3414 ejus
1616 3341 2008 3397 disseminatus
2045 3347 2130 3394 est

548 3450 749 3494 sermo.
771 3436 827 3491 lu
857 3438 1015 3508 cujus
1046 3436 1219 3508 ﬁgura
1247 3445 1300 3492 et
1329 3452 1469 3507 aqua
1499 3436 1555 3491 in
1570 3433 1752 3490 Veteri
1778 3432 2129 3489 Testamento

548 3527 614 3582 ad
654 3537 853 3581 tactum
889 3526 1019 3598 ligni
1055 3526 1230 3582 dulcis
1280 3524 1469 3580 ell'ecta
1501 3534 1601 3580 est.
1664 3523 1776 3594 Ego
1803 3523 2005 3593 quippe
2039 3522 2127 3577 aio

549 3621 718 3687 legem
764 3636 869 3674 non
908 3620 1262 3683 intellectam,
1298 3634 1543 3672 amaram
1582 3631 1781 3687 aquam
1816 3630 1957 3670 esse.
1988 3613 2126 3669 Cum

547 3723 727 3768 autem
767 3711 976 3768 venerit
1013 3709 1220 3783 lignum
1254 3706 1385 3767 Iesu
1430 3709 1666 3774 Christi,
1698 3717 1751 3764 et
1792 3721 1974 3763 sermo
2003 3704 2126 3760 Sal-

546 3806 751 3861 vatoris
791 3804 897 3858 mei
941 3803 1286 3860 descenderit
1329 3802 1383 3859 in
1426 3818 1580 3867 eam,
1621 3810 1751 3856 tunc
1790 3801 2126 3865 dulcoratur,

546 3903 602 3950 ct
638 3897 695 3949 tit
734 3893 1045 3949 suavissimi
1086 3895 1329 3965 saporis,
1366 3893 1643 3949 intellecta
1680 3890 1883 3962 pariter
1911 3897 1966 3944 et
1989 3888 2127 3943 lecta

546 3985 631 4041 lex
658 3985 848 4056 Moysi.
877 3985 1139 4040 Dixerunt
1162 3986 1356 4056 igitur:
1395 3984 1594 4050 Venite,
1621 3982 1896 4036 mittamus
1927 3979 2129 4052 lignum

550 4078 603 4131 in
626 4094 808 4146 panem
838 4078 972 4148 ejus.

624 4361 785 4433 184
800 4362 850 4416 5.
882 4359 1054 4414 Etiam
1086 4359 1191 4414 hoc
1217 4357 1423 4413 addunt
1448 4370 1461 4409 ε
1485 4355 1553 4412 Ει
1586 4366 1918 4413 conteramus
1951 4374 2067 4413 eum
2092 4376 2124 4413 a

2231 3154 2396 3229 ἄρτον
2434 3157 2599 3211 αὐτοῦ
2622 3158 2681 3211 τὸ
2720 3156 2895 3223 ξύλον,
2924 3157 3010 3210 ὅτε
3038 3158 3201 3230 ἄρτος
3233 3158 3391 3228 μόνος
3417 3153 3506 3228 ἦν,
3537 3157 3631 3209 καὶ
3659 3155 3814 3221 ξύλον

2231 3246 2333 3303 ούκ
2364 3245 2433 3320 ἦν
2480 3249 2539 3301 tv
2567 3252 2632 3321 τῇ
2666 3250 2983 3322 διδασκαλίᾳ
3021 3249 3209 3313 αὑτοῦ,
3243 3250 3322 3313 εἰς
3359 3250 3539 3303 πᾶσαν
3570 3247 3667 3320 τὴν
3709 3246 3818 3319 γῆν

2231 3340 2329 3396 οὐκ
2367 3338 2648 3412 ἐξῆλθενιό
2681 3338 2917 3411 φθόγγος
2955 3339 3147 3395 αὐτοῦ·
3192 3340 3305 3394 ἀλλ’
3345 3341 3467 3394 ἐπεὶ
3512 3339 3814 3413 προσέλαϐε

2229 3431 2457 3502 δύναμιν
2482 3434 2510 3486 ό
2538 3433 2700 3504 ἄρτος
2735 3433 2823 3486 διὰ
2850 3432 2942 3487 τοῦ
2977 3432 3133 3498 ξύλου
3168 3432 3260 3487 τοῦ
3292 3433 3578 3505 βληθέντος
3609 3436 3690 3499 εἰς
3718 3424 3815 3487 αύά

2230 3522 2343 3588 τὸν,
2377 3522 2467 3577 διὰ
2494 3522 2652 3577 τοῦτο
2675 3524 2704 3577 6
2727 3523 2883 3595 λόγος
2908 3525 3007 3597 τῆς
3029 3524 3373 3589 διδασκαλίας
3402 3526 3561 3580 αὐτοῦ
3593 3518 3815 3597 νενέμηδ

2229 3635 2321 3671 ται
2377 3617 2452 3688 (1)
2494 3618 2622 3689 ὅλην
2676 3617 2778 3691 τὴν
2818 3616 3176 3690 οἰκουμένην,
3241 3620 3336 3673 καὶ
3373 3620 3495 3673 τότε
3548 3610 3609 3673 τό
3657 3617 3811 3685 ξύλον

2232 3710 2498 3783 σύμϐολον
2519 3707 2588 3783 ἦν
2608 3711 2701 3767 τοῦ
2732 3712 2938 3776 πάθους
2972 3711 3169 3785 Ἰησοῦ,
3191 3712 3258 3767 δι’
3279 3706 3340 3766 οὗ
3366 3702 3425 3765 τὸ
3452 3705 3643 3783 πικρὸν
3667 3705 3813 3780 ὕδωρ

2231 3801 2403 3871 γλυκὺ
2436 3803 2645 3872 γίνεται
2664 3821 2678 3835 ο
2722 3803 2834 3874 ἐγὼ
2861 3803 2970 3876 γὰρ
3002 3803 3165 3873 λέγω,
3196 3804 3276 3857 ὅτι
3309 3803 3337 3854 6
3366 3803 3527 3873 νόμος
3555 3799 3628 3872 μὴ
3654 3795 3809 3855 νοούά

2234 3910 2391 3964 μενος
2422 3896 2614 3967 πικρὸν
2639 3896 2780 3969 ὕδωρ
2811 3897 2977 3949 ἐστίν.
3019 3896 3143 3950 Ἐὰν
3174 3894 3229 3948 δὲ
3263 3893 3389 3966 ἔλθῃ
3418 3893 3479 3947 τὸ
3512 3893 3664 3960 ξύλον
3702 3891 3808 3963 Ἰη-

2232 3988 2348 4052 σοῦ,
2374 3989 2467 4042 καὶ
2500 3993 2533 4061 ἡ
2566 3989 2884 4045 διδασκαλία
2915 3989 3009 4043 τοῦ
3038 3989 3291 4062 Σωτῆρός
3333 4006 3431 4061 μου
3472 3986 3805 4060 ὲπιδημήσῃ,

2230 4079 2576 4150 γλυκάζεται,
2633 4082 2727 4136 καὶ
2777 4083 2992 4155 ἥδιστος
3037 4082 3246 4151 γίνεται
3289 4082 3317 4135 6
3363 4081 3603 4146 Μωσέως
3647 4080 3810 4151 νόμος

2231 4175 2736 4247 ἀναγινωσκόμενος
2817 4174 2911 4230 καὶ
2979 4174 3397 4245 γινωσκόμενος.
3464 4168 3631 4227 Εἶπον
3681 4166 3808 4225 οὖν’

2228 4264 2428 4333 Δεῦτε,
2454 4265 2552 4319 καὶ
2575 4265 2922 4336 ἐμϐάλωμεν
2937 4265 3128 4331 ξύλον
3145 4267 3232 4331 είς
3261 4263 3369 4319 τὸν
3391 4262 3572 4333 ἄρτον
3598 4261 3806 4317 αὐτοῦ.

2299 4355 2530 4426 Λέγουσι
2561 4355 2619 4410 δὲ
2650 4355 2744 4410 καὶ
2778 4355 2865 4410 τόδ
2913 4356 3312 4424 Ἐκτρίψωμεν
3336 4355 3523 4408 αὐτὸν
3553 4353 3667 4407 ἀπὸ
3697 4351 3811 4423 γῆς

549 4462 690 4506 terra
718 4453 1018 4517 viventium,
1044 4461 1092 4505 et
1121 4465 1305 4503 nomen
1328 4449 1442 4517 ejus
1466 4466 1569 4503 non
1606 4449 1986 4504 memorabitur
2009 4467 2124 4505 am-

2229 4419 2478 4513 ζώντων,
2517 4448 2614 4503 καὶ
2654 4447 2719 4501 τὸ
2760 4448 2946 4517 ὄνομα
2974 4419 3161 4500 αύτόῦ
3197 4419 3270 4498 οὐ
3293 4443 3380 4513 μὴ
3421 4443 3669 4511 μνησθῇ
3698 4419 3804 4496 ἔτι.

545 4546 708 4617 ptius.
728 4546 819 4599 Sic
840 4545 983 4599 enim
1006 4544 1155 4598 illum
1180 4542 1587 4610 interfecerunt,
1610 4543 1767 4614 quasi
1790 4558 1986 4599 nomen
2004 4544 2122 4614 ejus

550 4640 765 4711 penitus
813 4638 1173 4694 eradicarent.
1231 4636 1334 4692 Sed
1359 4634 1518 4692 Jesus
1551 4636 1655 4692 scit
1683 4651 1854 4708 quare
1890 4646 1945 4691 et
1980 4651 2111 4707 quo-

549 4732 715 4788 modo
753 4730 1040 4785 moriatur.
1082 4729 1309 4800 Propter
1331 4729 1472 4800 quod
1503 4730 1579 4784 ait
1608 4727 1655 4761 "
1688 4747 1701 4784 :
1739 4727 1865 4784 Nisi
1894 4746 2120 4801 granum

548 4823 799 4894 frumenti
833 4820 1022 4876 cadens
1045 4821 1099 4874 in
1121 4830 1314 4874 terram
1341 4828 1610 4873 mortuum
1642 4819 1826 4890 fuerit,
1848 4836 1951 4874 non
1982 4818 2120 4872 ntul-

545 4928 658 4971 tum
689 4915 919 4983 fructum
952 4913 1125 4983 affert.
1182 4909 1325 4984 Ergo
1352 4927 1503 4967 mors
1530 4907 1657 4967 Jesu
1688 4906 1926 4979 Christi,
1967 4912 2119 4981 spica

546 5004 806 5059 frumenti
834 5001 977 5057 facta
1011 5010 1113 5068 est,
1142 5002 1449 5072 septuplum
1486 5010 1539 5057 et
1570 5002 1744 5061 multo
1772 5002 2008 5072 amplius
2035 5015 2122 5054 re-

544 5098 779 5152 stituens
814 5111 976 5164 quam
1028 5092 1207 5148 fuerat
1242 5094 1591 5149 seminatum.
1647 5092 1943 5165 Fingamus
1971 5091 2115 5145 enim

544 5190 821 5259 paulisper
870 5203 975 5241 non
1033 5185 1201 5240 fuisse
1236 5200 1358 5239 eum
1390 5184 1745 5249 cruciﬁxum,
1791 5195 1967 5250 neque
1999 5189 2119 5249 post

543 5290 774 5337 mortem
806 5280 871 5334 ad
907 5278 1111 5333 inferos
1150 5275 1497 5331 descendisse
1532 5292 1544 5329 :
1574 5273 1820 5343 sequitur
1850 5279 1910 5325 ut
1937 5271 2114 5324 solum

543 5387 772 5442 granum
807 5379 1023 5425 maneat
1063 5368 1342 5433 frumenti,
1391 5376 1445 5422 et
1471 5365 1625 5421 multi
1671 5377 1777 5414 non
1814 5370 2117 5420 nascuntur

540 5478 604 5516 ex
643 5478 730 5516 eo.
772 5460 1006 5514 Attende
1027 5460 1312 5529 diligenter
1338 5454 1555 5525 eloquia
1579 5450 1783 5516 divina,
1819 5449 1948 5519 quid
1976 5447 2029 5504 in
2057 5465 2116 5507 se

612 5609 656 5641 ’τ
689 5606 730 5661 ιι
753 5605 880 5661 Cor.
914 5621 970 5673 ν,
993 5605 1085 5659 ⁸21.
1161 5603 1207 5637 ’⁸
1229 5602 1387 5658 Joan.
1419 5596 1630 5664 τιμῇ.

615 5745 692 5813 (’l)
732 5746 958 5802 lluetius
993 5744 1341 5803 scribendum
1370 5747 1543 5809 putat,
1573 5735 1642 5793 δι’
1677 5735 1827 5809 ὅλην.

2230 4540 2417 4604 Οὕτως
2438 4540 2600 4593 αὐτὸν
2622 4538 2968 4603 ἀπέκτειναν,
3002 4538 3078 4602 ὡς
3106 4534 3515 4607 ὲξαςρανίζοντες
3545 4534 3709 4586 αὑτοῦ
3746 4534 3808 4588 τὸ

2229 4627 2419 4704 ὄνομα.
2477 4631 2636 4685 Ἀλλά
2681 4629 2888 4701 Ἰησοῦς
2922 4625 3031 4683 οἶδε
3065 4628 3182 4692 πῶς
3210 4626 3562 4697 ἀποθνήσκει,
3595 4624 3689 4676 καὶ
3720 4622 3805 4675 διὰ

2225 4724 2315 4790 τί;
2361 4721 2453 4776 Διό
2483 4734 2676 4793 φησιν·
2729 4719 2865 4774 Ἐὰν
2888 4719 2976 4791 μὴ
2999 4721 3221 4780 κόκκος
3249 4715 3357 4771 τοῦ
3395 4714 3569 4769 σίτου
3599 4711 3806 4766 πεσὼν

2224 4816 2312 4880 εἰς
2348 4813 2463 4882 τὴν
2492 4810 2609 4884 γῆν
2637 4809 2933 4881 ἀποθάνῃ,
2957 4809 3141 4877 αὐτὸς
3171 4810 3360 4879 μόνος
3381 4808 3569 4876 μένεν
3597 4803 3708 4857 ἐὰν
3737 4803 3806 4856 δὲ

2222 4903 2518 4974 ἀποθάνῃ,
2567 4903 2767 4958 πολὺν
2808 4903 3042 4973 καρπόν
3082 4902 3277 4974 φέρεν
3318 4898 3460 4953 ὥστε
3498 4899 3527 4951 6
3576 4894 3804 4958 θάνατος

2221 4996 2313 5049 τοῦ
2361 4996 2535 5068 Ἰησοῦ
2584 4996 2784 5067 στάχυς
2829 4996 2976 5051 σίτου
3016 4996 3245 5065 γίνεται,
3283 4991 3452 5047 ποιῶν
3496 4986 3806 5043 πολλαπλαο

2224 5088 2374 5143 σίονα
2399 5088 2490 5141 καὶ
2523 5087 2786 5160 πολύχουν
2820 5090 2879 5144 τὸ
2918 5087 3288 5161 ἐσπαρμένον.
3345 5082 3488 5138 Ὧσεὶ
3519 5081 3640 5135 καθ’
3672 5079 3807 5133 ὑπό-

2222 5181 2371 5234 θεσιν
2404 5180 2478 5253 μὴ
2511 5180 2840 5255 ὲσταύρωτο,
2889 5182 3024 5255 μηδὲ
3056 5180 3328 5251 τεθνήκει,
3370 5177 3579 5248 ἔμεινεν
3611 5174 3677 5227 ἂν
3709 5171 3806 5244 μό-

2223 5285 2311 5332 νος
2343 5271 2371 5323 ὁ
2403 5268 2598 5334 κόκκος
2628 5268 2722 5324 τοῦ
2759 5272 2929 5337 σίτου,
2968 5272 3063 5325 καὶ
3101 5269 3283 5323 πολλοὶ
3316 5269 3415 5323 οὐκ
3456 5265 3697 5336 ἐγίνοντο
3742 5260 3805 5328 ἐξ

2223 5362 2409 5417 αὐτοῦ.
2442 5362 2686 5436 Πρόσχες
2716 5360 2809 5419 οὖν
2836 5364 3000 5419 αὐτοῦ
3041 5366 3107 5437 τῇ
3142 5362 3305 5430 λέξει,
3346 5363 3394 5415 εί
3426 5360 3500 5433 μὴ
3526 5356 3683 5411 τοῦτο
3712 5354 3802 5425 βε-

2224 5453 2478 5528 ϐούληται
2503 5455 2674 5525 λέγων
2696 5474 2709 5487 ·
2755 5456 2818 5512 '0
2850 5457 3070 5523 κόκκος
3102 5454 3207 5510 τοῦ
3235 5454 3411 5508 σίτου
3441 5450 3551 5506 ἐὰν
3575 5446 3662 5519 μὴ
3698 5460 3805 5500 za-
