4122 6490
515 345 622 400 503

1962 344 2286 403 OMGENIS

3658 352 3764 410 3M

512 471 850 536 bellatorem,
881 476 929 524 el
970 469 1206 538 judicent
1229 507 1242 532 ,
1272 475 1321 520 et
1345 467 1674 536 prophetam,
1713 476 1761 520 et
1801 468 2061 521 arbitrum

2193 468 2311 539 ρίου
2339 467 2418 520 ἔτι
2458 468 2512 520 ἐν
2550 466 2751 532 αὺτοῖς,
2782 469 2902 523 ἐπεὶ
2933 471 3253 544 πεπλήρωτο
3284 472 3371 525 τό·
3411 472 3636 541 Ἀφελεῖ
3654 478 3768 529 Κικ-

509 574 561 617 et
589 563 849 616 seniorem
875 559 1407 630 quinquagenarium,
1441 567 1491 610 et
1512 559 1884 613 admirabilem
1909 560 2086 613 consi-

507 653 757 708 liatorem
777 690 794 716 ,
821 662 869 706 et
900 653 1186 720 sapientem
1215 650 1559 703 architectum
1579 689 1594 712 ,
1620 659 1669 703 et
1705 650 2084 719 intelligentem

511 746 833 800 auditorem.
888 742 1007 798 Jam
1042 757 1151 797 non
1185 749 1271 797 est
1299 742 1440 810 apud
1486 756 1583 796 eos
1613 742 1707 810 qui
1739 742 1911 812 possit
1934 740 2085 796 dice-

509 852 573 892 ro
615 853 631 890 :
684 833 852 901 Quasi
897 834 1106 903 sapiens
1161 832 1478 887 architectus
1530 832 1932 901 fundamentum
1988 848 2083 900 po-

509 929 594 982 sui
620 928 686 981 ³⁸.
739 924 1111 996 Migraverunt
1152 924 1223 980 ab
1250 926 1334 980 eis
1364 925 1685 986 architecti,
1726 932 1991 978 venerunt
2013 924 2082 978 ad

510 1016 809 1074 Ecclesiam
832 1055 850 1079 ,
902 1024 1207 1088 posuerunt
1246 1013 1659 1069 fundamentum
1705 1012 1890 1068 Jesum
1923 1011 2083 1067 Chri-

498 1121 678 1167 stum.
734 1108 872 1165 Huic
899 1107 1333 1165 sunersedtlicant
1350 1106 1665 1176 quicunque
1688 1114 1813 1176 post
1842 1120 1936 1159 eos
1963 1119 2083 1159 cre-

506 1203 783 1259 diderunt.

2176 578 2311 629 ριος
2341 559 2458 613 ἀπὸ
2492 556 2600 626 τῆς
2644 559 2927 627 Ἰουδαίας
2954 561 3051 616 καὶ
3078 564 3194 616 ἀπὸ
3221 562 3330 631 τῆς
3367 563 3766 633 Ἰερουσαλὴμ

2185 654 2474 722 ισχύοντα
2510 653 2607 705 καὶ
2636 654 2993 722 ἰσχύουσαν,
3013 656 3285 725 γίγαντα,
3319 656 3418 709 καὶ
3447 658 3764 726 ἰσχύοντα,

2183 745 2283 799 καὶ
2339 744 2654 811 ἄνθρωπον
2706 737 3111 814 πολεμιστὴν,
3146 746 3245 799 καὶ
3295 746 3614 816 δικαστὴν,
3664 748 3764 804 καὶ

2184 834 2519 905 προφήτην,
2549 835 2648 889 καὶ
2684 836 3057 905 στοχαστὴν,
3085 837 3183 890 καὶ
3204 840 3630 910 πρεσϐύτερον,
3664 842 3763 898 καὶ

2186 928 2709 997 πεντηκόνταρχον
2738 927 2836 999 (1),
2873 928 2971 982 καὶ
3015 930 3362 999 θαυμαστὸν
3392 932 3762 1000 σύμϐουλον,

2187 1017 2287 1071 καὶ
2325 1017 2521 1086 σοφὸν
2547 1016 2959 1087 ἀρχιτέκτονα,
2995 1020 3094 1073 καὶ
3133 1020 3392 1075 συνετὸν
3435 1022 3761 1089 ἀκροατήν.

2188 1109 2385 1162 Οὐκέτι
2411 1109 2528 1163 ἐστὶ
2546 1109 2675 1181 παρ’
2704 1110 2885 1173 αὐτοῖς
2911 1110 3205 1182 δυνάμενος
3233 1114 3426 1165 εἰπεῖν’
3453 1114 3548 1180 Ὠς
3572 1114 3764 1182 σοφὸς

2186 1200 2549 1270 ἀρχιτέκτων
2577 1190 2852 1270 θεμέλιον
2879 1200 3129 1256 τέθεικα.
3170 1202 3493 1274 Μετέσησαν
3526 1206 3576 1258 οἱ
3606 1205 3763 1276 ἀρχι-

502 1297 776 1359 τέκτονες,
811 1291 973 1366 ἦλθον
1017 1291 1111 1344 ἐπὶ
1143 1290 1242 1361 τὴν
1286 1289 1631 1362 Ἐκκλησίαν,
1671 1289 1874 1362 ἔθηκαν
1906 1288 1997 1342 τὸν
2036 1287 2287 1359 θεμέλιον
2332 1290 2539 1357 Ἰησοῦν
2573 1288 2827 1361 Χριστόν.
2876 1287 3063 1359 Τούτῳ
3113 1291 3522 1364 ἐπῳκοδομοῦσι
3575 1295 3669 1349 καὶ
3708 1287 3757 1345 οε

507 1394 627 1465 μετ’
658 1390 919 1454 ἑκείνους.

575 1483 630 1537 5.
684 1479 743 1536 ln
768 1480 913 1537 fame
949 1495 1080 1551 ergo
1117 1479 1208 1535 ille
1230 1480 1465 1550 populus
1492 1478 1785 1535 derelictus
1813 1488 1936 1533 est:
1970 1478 2082 1532 Ad-

503 1575 699 1628 ducam
731 1573 921 1643 quippe
953 1571 1097 1626 mala
1123 1588 1280 1641 super
1304 1571 1662 1625 inhabitantes
1691 1569 1958 1624 Auatltotlt
1979 1609 1994 1636 ,
2023 1570 2079 1622 in

501 1681 641 1719 anno
670 1663 991 1719 uisitationis
1014 1678 1213 1717 eorum.
1240 1660 1432 1715 Justus
1457 1677 1533 1728 es,
1561 1659 1805 1726 Domine,
1839 1660 1962 1729 quia
1982 1673 2078 1713 ex-

2270 1471 2359 1526 Ἐν
2392 1470 2535 1542 λιμῷ
2559 1466 2651 1525 οὖν
2677 1474 2707 1525 ὀ
2737 1471 2864 1535 λαδς
2889 1474 3094 1537 ἐκεῖνος
3122 1475 3666 1550 ἐγκαταλελειμμένα
3689 1483 3761 1533 εἰ·

2186 1562 2291 1616 σιψ
2324 1561 2550 1627 Έπάξω
2573 1560 2685 1633 γὰρ
2716 1562 2808 1616 ἐπ’
2842 1565 3063 1631 αὐτοὺς
3079 1566 3255 1629 κακὰ,
3277 1567 3379 1621 ἐπὶ
3402 1569 3544 1635 τοὺς
3566 1587 3760 1625 κατοι-

2184 1653 2447 1721 κοῦντας
2485 1654 2756 1719 Ἀναθὼθ,
2779 1656 2849 1709 ἐν
2872 1657 3124 1724 ἐνιαυτῷ
3144 1658 3518 1728 ἐπισκέψεως
3536 1664 3757 1717 αὐτῶν.

496 1756 696 1812 cusabo
726 1772 808 1810 me
834 1755 976 1825 apud
1004 1764 1073 1810 te.
1143 1753 1512 1809 Verumtamen
1549 1752 1760 1822 judicia
1789 1750 1980 1822 loquar
2003 1759 2062 1805 ad

2178 1745 2414 1810 Δίκαιος
2427 1739 2499 1809 εἴ,
2510 1747 2702 1818 Κύριε,
2718 1744 2807 1799 ὅτι
2829 1746 3284 1817 ἀπολογήσομαι
3301 1749 3451 1818 πρὸς
3469 1750 3566 1805 σέ.
3580 1753 3758 1822 Πλὴν

502 1859 573 1903 te.
594 1845 735 1913 Quid
759 1855 837 1901 est
863 1845 1003 1917 quod
1032 1847 1119 1900 via
1139 1854 1476 1915 peccatorum
1491 1853 1832 1914 prosperatur
1855 1838 1882 1891 .’
1903 1842 2077 1896 Abun-

501 1938 756 1992 daoerunt
807 1952 982 1990 omnes
1002 1972 1019 2000 ,
1073 1934 1163 2004 qui
1215 1944 1517 2003 spreverunt
1571 1940 1955 1989 contemnentes
2004 1930 2072 1985 ³⁷.

492 2025 823 2094 Quaeramus
868 2041 939 2080 au
966 2026 1146 2080 bonus
1175 2024 1249 2079 sit
1276 2022 1456 2086 Deus,
1504 2024 1598 2093 qui
1627 2024 1798 2095 legem
1843 2024 2075 2095 prophe-

496 2127 694 2187 usque
719 2116 949 2186 largitus
978 2124 1083 2180 est,
1097 2114 1343 2169 videntes
1372 2114 1516 2169 viam
1535 2115 1829 2185 impiorum
1852 2130 2074 2185 prospe-

495 2208 633 2271 rari,
661 2216 715 2262 et
744 2207 881 2262 nihil
907 2221 1004 2262 eos
1027 2206 1097 2262 ab
1125 2220 1192 2261 eo
1224 2221 1322 2277 pro
1342 2205 1536 2261 merito
1562 2208 1853 2263 sustinere.
1886 2206 2074 2262 Abun-

496 2301 766 2355 daret-unt
792 2300 939 2354 enim
961 2312 1155 2352 omnes
1174 2296 1268 2367 qui
1291 2307 1614 2367 spreverunt
1638 2306 2069 2362 contemnentes,

495 2390 535 2444 ii
566 2390 661 2461 qui
709 2390 998 2445 adversum
1036 2387 1387 2444 Conditorem
1437 2389 1645 2446 rabidis
1686 2389 1938 2446 faucibus
1992 2390 2074 2444 la-

496 2491 675 2550 trant,
725 2482 820 2554 qui
860 2496 988 2537 eum
1021 2480 1352 2551 blasphemis
1391 2482 1738 2539 sermonibus
1770 2482 2072 2538 criminan-

496 2584 607 2630 tur.
646 2575 1083 2639 Abundaverunt,
1118 2573 1351 2644 plantati
1375 2583 1534 2641 sunt,
1569 2582 1618 2629 et
1650 2574 1881 2630 radicem
1914 2575 2072 2629 miss-

496 2678 658 2733 runt;
687 2678 1089 2739 procreaverunt
1117 2668 1259 2738 ﬁlios
1285 2678 1336 2724 et
1369 2668 1603 2739 fecerunt
1630 2669 1857 2739 fructus.
1884 2666 2069 2734 Quan-

494 2771 583 2819 tos
606 2760 817 2819 ituctus
846 2760 1085 2817 Marcion
1118 2760 1247 2817 fecit
1270 2776 1568 2832 procreans
1608 2760 1752 2817 illios
1780 2760 2070 2816 inﬁdelita—

469 2850 599 2906 -tisl
621 2860 858 2921 quantos
893 2851 1199 2907 Basilides?
1222 2861 1456 2921 quantos
1488 2850 1845 2907 Valentinus?
1874 2851 1950 2905 De
1984 2852 2070 2905 his

480 2941 691 3011 quippe
711 2957 794 2996 vae
818 2942 1124 3012 prophetat,
1156 2941 1344 2997 dicens
1364 2940 1443 2996 "z
1471 2940 1887 2996 Procreaverunt
1905 2940 2067 3010 ﬁlios,

466 3041 541 3085 ~et
573 3031 805 3101 fecerunt
832 3032 1088 3101 fructum.
1121 3029 1293 3100 PrOpe
1316 3047 1371 3084 es
1402 3040 1460 3085 tu
1484 3034 1567 3084 ori
1599 3047 1802 3097 eorum,
1832 3043 1880 3085 et
1919 3030 2069 3100 longe

2183 1835 2282 1903 κρῖ
2278 1834 2439 1905 ματά
2452 1851 2573 1903 μου
2592 1834 2847 1902 λαλήσω
2866 1837 3017 1906 πρὸς
3042 1838 3136 1892 σέ.
3171 1841 3231 1893 Ti
3252 1839 3339 1892 ὅτι
3370 1842 3507 1909 ὁδὸς
3523 1844 3760 1899 άσεϐιῖν

2182 1925 2514 1981 εὐοδοῦται·
2550 1923 2899 1993 εὑθήνησαν
2918 1926 3142 1995 πάντες
3165 1932 3217 1983 ol
3240 1928 3594 2000 ἀθετοῦντες
3625 1936 3761 1989 ἀθε-

2175 2019 2405 2090 τήματα
2438 2017 2545 2092 (2);
2576 2020 2700 2072 Ἔτι
2732 2019 3019 2099 ζητοῦμεν,
3050 2024 3098 2075 ει
3130 2024 3332 2092 ἀγαθὸς
3360 2027 3388 2078 ὁ
3423 2026 3555 2090 Θεός
3585 2030 3755 2095 ἐστιν,

2173 2110 2264 2166 τδν
2304 2112 2467 2183 νόμον
2504 2112 2598 2164 καὶ⁸
2629 2113 2756 2177 τοὺς
2783 2115 3066 2186 προφήτας
3093 2114 3361 2180 δεδωκὼς,
3390 2117 3645 2190 ὁρῶντες,
3674 2121 3757 2175 ὅτι

2172 2204 2289 2268 ὁδὸς
2316 2202 2529 2258 ἀσεϐῶν
2563 2202 2861 2270 εὐοδοῦται,
2893 2206 2985 2258 καὶ⁵
3030 2206 3091 2259 οὐ
3119 2206 3335 2271 κολάζει
3360 2212 3487 2273 τοὺς
3515 2212 3750 2276 ἀσεϐεῖς.

2174 2295 2491 2367 Εύθήνησαν
2516 2293 2718 2358 πάντες
2744 2296 2795 2348 οι
2819 2294 3134 2362 ἀθετοῦντες
3154 2298 3492 2371 ἁθετήματα.
3522 2302 3684 2357 Αὐτοὶ
3700 2307 3749 2357 οἱ

2172 2386 2316 2441 κατὰ
2335 2384 2432 2439 τοῦ
2467 2384 2809 2460 Δημιούργοῦ
2842 2386 3109 2458 λέγοντες,
3136 2389 3543 2463 δυσφημοῦντες
3563 2396 3743 2460 αὐτὸν,

2171 2478 2549 2548 εὐθήνησαν,
2574 2480 3013 2550 ἐφυτεύθησαν,
3045 2484 3144 2538 καὶ
3181 2485 3594 2557 ὸρῤιζὼθησαν,
3626 2490 3749 2545 ἑτε-

2171 2572 2546 2640 κνοποιησαν
2584 2571 2661 2646 (3)
2694 2576 2945 2641 καρπόν.
2988 2574 3157 2640 Πόσος
3184 2578 3395 2649 καρπὸς
3431 2582 3747 2653 Μαρκίωνος

2170 2664 2675 2736 τεκνοποιήσαντος,
2714 2663 2879 2729 πόσος
2911 2664 3242 2730 Βασιλείόου,
3272 2669 3435 2733 πόσος
3465 2671 3748 2726 Οὐαλεντξ-

2171 2769 2301 2822 νου;
2330 2754 2500 2809 Τοῦτο
2524 2754 2634 2829 γάρ
2665 2757 2780 2809 ἐστι
2804 2755 2864 2809 τὸ
2893 2756 3151 2826 περὶτῶν
3174 2758 3387 2812 ἀσεϐῶν
3417 2763 3753 2833 προφητευό-

2174 2863 2333 2919 μινον
2360 2848 2457 2901 καὶ
2500 2847 2790 2919 λεγόμενον
2837 2849 2896 2902 ὲν
2931 2849 3034 2921 τῷο
3093 2849 3600 2919 Ἐτεκνοποίησαν
3643 2855 3745 2910 καὶ

2167 2937 2467 3006 ἐποίησαν
2487 2940 2737 3007 καρπόν.
2773 2938 2988 3009 Ἐττὺς
3012 2938 3071 2993 ετ
3097 2939 3178 2993 σὺ
3195 2940 3300 2993 τοῦ
3321 2942 3618 3012 στόματος
3639 2948 3748 2999 αἰν-

2169 3028 2308 3096 τῶν,
2322 3030 2518 3098 πόρρω
2533 3029 2601 3083 δὲ
2620 3030 2739 3085 ἀπὸ
2756 3029 2874 3084 τῶν
2888 3029 3125 3099 νεφρῶν
3143 3030 3361 3086 αὐτῶν.
3394 3033 3750 3104 Ὀνομάζοοσι

460 3141 523 3176 ια
574 3124 779 3178 renibus
827 3138 1031 3176 eorum.
1077 3118 1374 3175 Nominant
1411 3120 1598 3177 lesum
1629 3129 1684 3177 et
1721 3136 1829 3175 non
1864 3120 2062 3176 habent

2168 3121 2230 3177 τὸ
2273 3120 2449 3193 Ἰησοῦ
2485 3120 2675 3192 ὄνομα,
2711 3122 2811 3176 οὐκ
2838 3122 3019 3193 ἔχουσι
3050 3122 3107 3176 δὲ
3141 3122 3233 3176 τὸν
3275 3123 3503 3196 ’Ῑησοῦψ
3537 3127 3600 3179 ού
3637 3127 3748 3199 γὰρ

486 3229 648 3282 eum;
696 3228 874 3284 neque
914 3213 1058 3267 enim
1107 3212 1260 3267 illum
1306 3212 1636 3267 conﬁtentur
1668 3220 1729 3267 ut
1756 3211 2059 3268 Christum.

488 3304 560 3362 Et
590 3313 670 3373 tu,
701 3305 943 3371 Domine,
992 3305 1131 3360 nosti
1151 3345 1167 3371 ,
1197 3314 1249 3360 et
1273 3304 1511 3376 probasti
1539 3321 1630 3360 cor
1651 3320 1823 3360 meum
1853 3306 1909 3358 in
1937 3321 2063 3360 con-

458 3409 665 3468 spectu
710 3407 819 3452 tuo.
877 3396 1167 3468 Sanctiﬁca
1199 3398 1321 3453 illos
1351 3400 1407 3453 in
1440 3399 1526 3452 die
1564 3396 1943 3467 interfectionis
1968 3414 2060 3451 eo-

486 3505 605 3544 rum
625 3488 693 3547 ".
762 3488 903 3556 Quid
941 3488 1135 3545 faciam
1180 3497 1242 3545 ut
1271 3489 1375 3546 hoc
1398 3488 1709 3560 exponam?
1765 3484 2059 3546 Tormenta

488 3581 1158 3654 lse-sanctilicationem
1191 3590 1348 3637 vocat
1367 3596 1555 3636 eorum
1579 3581 1674 3651 qui
1710 3589 2055 3653 torquentur.

458 3673 771 3743 'Sanctiﬁca
786 3675 984 3746 quippe
1000 3674 1225 3741 eos,-ait,
1241 3674 1297 3729 in
1324 3675 1409 3728 die
1429 3675 1812 3745 interfectionis
1841 3691 2020 3730 eorum
2038 3693 2056 3741 ,-

480 3766 535 3823 id
563 3777 668 3834 est,
701 3784 797 3838 per
833 3770 935 3822 hoc
973 3767 1119 3835 quod
1157 3766 1417 3823 interﬁcis
1460 3781 1578 3831 eos,
1619 3767 1901 3823 sanctillca
1938 3781 2053 3824 eos.

456 3860 650 3927 Quem
687 3863 826 3915 enim
860 3861 1036 3932 diligit
1067 3859 1630 3929 Dominus,.corripit;
1678 3858 1917 3930 ﬂagellat
1955 3875 2055 3913 au-

481 3961 583 4005 tem
614 3966 820 4004 omnem
846 3950 1020 4019 ﬁlium
1051 3967 1207 4021 quem
1249 3951 1434 4020 recipit
1458 3950 1527 4003 “.

548 4045 602 4097 6.
645 4043 926 4113 Quousque
977 4043 1171 4113 lugebit
1221 4052 1386 4106 terra,
1432 4051 1483 4096 et
1523 4043 1702 4112 fenum
1742 4059 1893 4098 omne
1935 4043 2053 4113 agri

476 4144 679 4191 arescet
730 4152 763 4190 ιι
802 4135 1013 4190 malitia
1057 4136 1419 4191 habitantium
1477 4136 1533 4189 iu
1581 4146 1727 4189 terra
1747 4135 1833 4189 “1'
1882 4133 2050 4201 Quasi

454 4228 679 4285 ~animal
706 4229 779 4284 sit
805 4236 970 4296 terra,
995 4228 1076 4283 sic
1107 4244 1253 4284 nunc
1279 4228 1519 4298 loquitur
1550 4229 1833 4299 propheta,
1862 4230 2051 4286 dicens

454 4318 660 4390 "lugere
701 4335 821 4374 eam
861 4319 1085 4390 quando
1126 4319 1256 4374 mali
1287 4327 1419 4375 sunt
1450 4319 1808 4389 habitatores,
1843 4323 1937 4393 qui
1993 4323 2047 4377 in

471 4426 538 4466 ea
563 4424 991 4468 commorantur.
1020 4411 1123 4468 Per
1151 4428 1597 4485 unumquemque
1624 4416 1768 4471 enim
1798 4425 2046 4472 nostrum

2168 3211 2519 3282 ὁμολογοῦσιν
2537 3212 2698 3267 αὐτὸν
2724 3212 2797 3275 ὡς
2828 3214 2952 3284 χρή.
2972 3213 3079 3267 Kal
3102 3214 3204 3279 σὺ,
3223 3216 3417 3285 Κύριε,
3440 3215 3749 3286 γινώσκεις

2163 3318 2260 3372 με,
2278 3298 2434 3369 εἶδές
2450 3319 2549 3373 με,
2563 3302 2928 3374 ἐδοκίμασας
2948 3305 3063 3372 τὴν
3075 3305 3326 3374 καρδίαν
3335 3326 3453 3378 μου
3470 3310 3748 3366 ἐναντίον

2166 3396 2590 3466 σου.Ἅγνισον
2607 3395 2831 3463 αὐτοὺς
2843 3398 2930 3463 εις
2946 3397 3172 3466 ἡμέραν
3188 3399 3430 3470 σφαγῆς
3444 3403 3659 3457 αὐτῶν.
3681 3403 3749 3458 Tl

2167 3486 2379 3558 ποιήσω
2407 3487 2495 3541 ἴνα
2518 3486 2693 3541 ταῦτα
2722 3487 3040 3557 σαφηνεσω;
3073 3488 3183 3553 Τὰς
3205 3489 3453 3555 κολάσεις
3479 3494 3745 3566 ἁγνισμὸν

2164 3575 2311 3645 λέγει
2339 3574 2447 3631 τῶν
2491 3576 2884 3648 κολαζομένων·
2936 3580 3226 3649 ’Ᾱγνισον
3261 3583 3372 3654 γὰρ
3407 3584 3627 3651 αὐτοὺς
3657 3588 3745 3652 εἰς

2165 3668 2414 3738 ἡμέραν,
2463 3669 2618 3741 φησὶ,
2670 3667 2908 3739 σφαγῆς
2944 3670 3164 3725 αὐτῶνθ
3207 3671 3296 3725 διὰ
3340 3673 3434 3727 τοῦ
3470 3676 3742 3746 σφαγῆναι

2162 3759 2358 3824 αὐτοὺς
2414 3760 2635 3830 ἅγνισον
2688 3760 2906 3824 αὐτούς.
2970 3763 3071 3815 Ὃν
3127 3761 3239 3835 γὰρ
3287 3763 3487 3831 ἀγαπᾷ
3532 3765 3741 3832 Κύριος

2163 3853 2445 3911 παιδεύει·
2459 3854 2746 3925 μαστιγοῖ
2761 3853 2829 3908 δὲ
2854 3853 3049 3910 πάντα
3068 3858 3205 3912 υἱὸν
3232 3856 3302 3910 ὃν
3324 3857 3734 3926 παραδέχεται.

2236 4054 2387 4122 Ἕως
2437 4054 2581 4108 πότε
2614 4053 2903 4122 πενθήσει
2948 4057 2985 4125 ἡ
3018 4056 3116 4126 γῆ,
3159 4058 3256 4113 καὶ
3299 4062 3331 4114 ὀ
3373 4061 3585 4129 χιξρτος
3631 4061 3740 4116 τοῦ

2158 4147 2343 4218 ἀγροῦ
2372 4146 2815 4215 ξηρανθήσεται
2851 4149 2969 4204 ἀπὸ
3005 4152 3219 4216 κακίας
3247 4151 3367 4205 τῶν
3389 4155 3738 4208 κατοικούν-

2157 4255 2276 4291 των
2303 4238 2374 4291 ὲν
2415 4236 2611 4306 αὐτῇ;
2649 4238 2904 4311 Ὠσπερεὶ
2945 4239 3191 4311 ἐμψύχου
3222 4241 3321 4311 τῆς
3356 4242 3458 4313 γῆς
3496 4243 3596 4314 (4),
3644 4244 3740 4297 καὶ

2157 4328 2391 4383 ἐνταῦθα
2418 4329 2722 4399 διαλέγεται
2741 4331 2770 4382 ό
2799 4331 3104 4402 προφήτης,
3129 4330 3303 4400 λέγων
3335 4331 3433 4403 τὴν
3464 4334 3567 4404 γῆν
3610 4352 3739 4388 πεν-

2157 4419 2270 4475 θεῖν
2300 4418 2389 4473 διὰ
2432 4419 2532 4490 τὴν
2580 4419 2778 4472 κακίαν
2823 4418 2929 4472 τῶν
2971 4418 3358 4473 ἐπιϐαινόντων
3408 4421 3494 4474 ἐπ’
3542 4423 3735 4493 αὐτὴν.

458 4511 640 4570 'terra,
672 4512 768 4559 aut
793 4504 1416 4563 laetatur'in-virtutibus
1460 4509 1795 4575 accolarum,
1833 4519 1929 4565 aut
1961 4510 2045 4564 lu-

2166 4509 2290 4565 Καθ’
2318 4510 2548 4563 ἕκαστον
2576 4503 2668 4561 οὖν
2700 4506 2856 4578 ἡμῶν
2882 4508 2915 4577 ἡ
2960 4507 3034 4576 γῆ
3062 4507 3179 4577 ἦτοι
3222 4507 3409 4560 πενθεῖ
3436 4509 3468 4578 ῆ
3504 4509 3734 4580 εὐφραί-

474 4606 564 4666 get
600 4598 654 4652 in
680 4596 845 4653 vitiis.
883 4595 939 4653 Si
977 4606 1158 4654 autem
1191 4607 1335 4653 terra
1356 4639 1371 4665 ,
1405 4611 1806 4673 consequenter
1838 4612 1894 4657 et
1929 4603 2043 4658 elc—

466 4698 656 4746 menta
707 4699 1029 4777 catterahex
1073 4691 1275 4763 quibus
1322 4701 1377 4748 et
1420 4707 1584 4765 aqua,
1610 4693 1788 4758 idest,
1818 4694 2043 4763 angelus

472 4780 570 4850 qui
599 4795 763 4851 super
788 4796 985 4851 aquam
1014 4783 1346 4839 constitutus
1368 4792 1471 4839 est.
1508 4782 1695 4854 Neque
1715 4787 1859 4840 enim
1882 4784 2042 4839 aliter

540 4919 626 4975 ³⁸]
647 4921 775 4977 Cor.
816 4922 1013 4988 111,10.
1101 4921 1363 4980 "Jercm.
1398 4941 1494 4993 xu,
1527 4925 1576 4979 l.
1682 4925 1727 4956 ³⁸
1755 4922 1884 4979 lbid.
1922 4924 1976 4977 2.

536 5061 615 5148 (ir)
640 5061 762 5148 Kal
785 5064 1187 5148 πρεσδύτερον
1211 5064 1311 5147 καὶ
1337 5067 1887 5148 πεντηκόνταρχον.
1910 5063 2048 5148 ΔΗὶιις

464 5146 752 5207 ronymus,
787 5137 1131 5207 et__seuiorem
1164 5137 1676 5207 quinquagenariupt
1705 5151 1723 5189 :
1755 5137 1805 5207 id
1843 5142 1947 5198 est,
1985 5142 2046 5188 ut

465 5202 627 5258 habet
659 5203 802 5277 idem
833 5202 1193 5277 Hierony_mus
1229 5202 1536 5277 in_Vul'gata
1564 5222 1576 5257 :
1608 5205 1908 5277 Principem
1951 5220 2045 5277 su-

462 5274 984 5399 p'ersqugnquagintu.
1035 5272 1238 5329 Gallice
1277 5272 1573 5342 diceretur,
1622 5272 2040 5345 cinquantenier.

514 5360 547 5400 υ
586 5360 641 5400 τι
683 5360 727 5398 s.
1696 5396 1701 5400 .

530 5386 875 5485 ,ἱῐᾶντες
913 5416 967 5485 ol
1003 5414 1357 5478 ἀθετοῦντες
1386 5396 1739 5485 ἀθετήματα.
1777 5412 2042 5485 llierouy-

461 5482 622 5540 mus:
659 5482 852 5540 Omnes
878 5484 968 5554 qui
992 5494 1291 5553 spreverunt
1325 5482 1733 5550 contemnentes,
1768 5483 1929 5553 cujus
1955 5482 2038 5535 in-

460 5554 865 5624 terpretationis
894 5555 1160 5610 rationem
1197 5554 1535 5610 comminisci
1566 5554 1881 5623 neutiquam
1915 5568 2039 5621 pos-

459 5640 609 5767 ΜΞ)
648 5691 782 5767 Post
831 5695 1255 5767 ἑτικνοποιησαν
1295 5695 1599 5751 addendum
1632 5707 1714 5752 est
1749 5709 1809 5749 ut
1858 5692 2031 5749 infra:

456 5763 551 5814 καὶ
577 5763 859 5835 ἐποίησαν.

2076 4924 2122 4955 ”
2150 4922 2283 4979 Ibid.
2315 4922 2369 4976 5.
2444 4921 2489 4953 ⁸ο
2522 4920 2687 4975 Hebr.
2725 4936 2823 4986 χιι,
2853 4918 2906 4974 6.

2098 5210 2101 5215 ’
2150 5212 2349 5258 metam
2392 5211 2574 5258 autem
2620 5217 2730 5256 non
2773 5202 2930 5257 aliter
2971 5201 3076 5256 dici
3109 5214 3271 5270 posse
3299 5216 3461 5270 quam

2153 4616 2322 4655 νεται.
2365 4601 2437 4653 Ἥ
2479 4598 2587 4670 γὰρ
2618 4597 2805 4651 πενθεῖ
2846 4593 2956 4650 ἀπὸ
2989 4597 3189 4659 κακίας
3233 4595 3343 4648 τῶν
3383 4598 3734 4650 ἐνοικούντων

2150 4694 2209 4747 ὲν
2237 4692 2443 4763 αὐτῇ,ἢ
2467 4688 2813 4761 εὐφραίνεται
2834 4689 2942 4742 ἀπὸ
2958 4686 3343 4760 χρηστότητος.
3363 4688 3476 4757 Ἐφ’
3501 4687 3731 4741 ἑκάστου

2150 4779 2241 4838 οὖν
2267 4782 2424 4856 ἡμῶν
2453 4780 2584 4836 αὐτὸ
2614 4780 2675 4833 τδ
2705 4782 2964 4849 στοιχεῖον
2993 4780 3027 4851 ἢ
3055 4777 3423 4849 εὐφραίνεται,
3452 4779 3485 4850 ἥ
3519 4778 3724 4832 πενθεῖ.

3034 4918 3078 4950 ⁸⁸
3109 4916 3308 4974 Jerem.
3340 4935 3441 4982 ιιι,
3469 4919 3520 4973 6.

2221 5063 2309 5135 (ι).
2342 5063 2611 5135 “quas!
2650 5062 2932 5135 ἐμνύκριι
2960 5059 3073 5135 τῆς
3114 5059 3248 5135 rio
3283 5070 3394 5135 610-.
3440 5059 3577 5115 Cum
3614 5070 3727 5115 ἐν·

2150 5130 2595 5188 τοιὴίηιιηίῐηιιιη
2622 5130 2744 5188 esse
2770 5130 2995 5187 deﬁniat
3018 5130 3129 5186 hoc
3155 5131 3275 5184 loco
3304 5130 3588 5201 Origenes,
3613 5135 3727 5185 ani-

3535 5216 3595 5255 er
3627 5217 3729 5255 Ill-

2147 5274 2351 5340 gelum,
2369 5281 2631 5343 tanquam
2659 5272 2888 5326 formam
2909 5272 3279 5343 assistentem,
3304 5287 3410 5326 non
3430 5270 3729 5343 informan-

2144 5351 2290 5404 tem;
2332 5342 2466 5398 satis
2488 5341 2618 5398 inde
2641 5343 2910 5399 evincitur
2937 5357 3043 5396 non
3074 5341 3201 5395 huic
3229 5356 3353 5411 eum
3383 5342 3600 5411 penitus
3628 5343 3729 5411 ad-

2150 5412 2373 5469 haesisse
2421 5413 2615 5477 errori,
2649 5428 2825 5481 quem.
2861 5412 2909 5482 ei
2954 5411 3221 5482 objiciunt
3262 5410 3627 5482 Hieronymus
3667 5410 3723 5465 in

2138 5484 2383 5552 epistolis
2428 5484 2493 5537 ad
2513 5481 2781 5552 Avitum,
2809 5492 2859 5538 et
2889 5481 3324 5540 Pammachium.
3373 5491 3429 5537 et
3454 5481 3722 5537 Justinia-

2138 5550 2244 5609 n'us
2284 5554 2338 5614 in
2369 5554 2597 5622 epistola
2635 5551 2704 5607 ad
2733 5550 2966 5617 Menam,
3001 5564 3145 5622 astra
3180 5551 3429 5607 videlicet
3463 5566 3570 5606 non
3599 5553 3717 5622 ani-

2139 5630 2286 5678 mata
2319 5620 2495 5679 solum
2524 5639 2666 5687 esse,
2691 5623 2783 5677 sed
2818 5638 3043 5692 peccare
3071 5621 3236 5676 etiam
3273 5636 3450 5691 posse,
3471 5638 3535 5677 ac
3569 5620 3717 5692 salu-

2138 5702 2246 5747 teI-n
2277 5703 2609 5763 exspectare.
2662 5692 2765 5747 Sed
2799 5690 2913 5749 lucc
2958 5693 3010 5746 in
3047 5690 3381 5761 Origenianis
3408 5690 3717 5746 accuratius

2140 5762 2442 5836 versamus.
2478 5762 2743 5818 Hunnus.
