4122 6426
369 346 472 407 $65

1551 352 1616 414 ΙΝ
1653 354 2000 417 JEREMIAM
2043 361 2327 423 HOMILIA
2364 370 2431 427 Χ.

3509 382 3615 444 366

372 471 433 524 Εί
461 470 517 523 δὲ
558 471 593 539 ἡ
638 469 728 540 γῆ,
774 468 911 540 τάχα
950 468 1043 523 καὶ
1092 470 1159 523 τά
1210 469 1371 524 λοιπά
1417 476 1685 545 στοιχεῖαο
1743 476 1932 546 ὁμοίως

2048 494 2271 548 possum
2312 489 2581 555 lugentem
2622 496 2824 543 terram
2857 501 3144 562 caponere,
3174 513 3268 553 seu
3303 498 3610 561 laetantem:

374 560 505 630 ἐρῶ·
545 561 637 614 καὶ
659 559 824 631 ὕδωρ,
857 561 951 613 καὶ
974 563 1003 614 ό
1035 561 1128 614 ἐπὶ
1153 559 1246 615 τοῦ
1273 561 1460 627 ὓδατος
1483 565 1817 637 τεταγμένος
1840 567 1942 634 άγ-

370 652 547 720 γελος,
592 651 677 705 ῐνα
718 651 1061 724 διηγήσωμαι
1101 653 1198 705 καὶ⁹
1228 652 1328 725 τὴν
1371 654 1476 726 γῆν
1514 655 1851 709 πενθοῦσαν
1881 658 1944 710 οὐ

368 742 479 815 γὰρ
504 742 662 797 τοῦτο
690 744 749 797 τὸ
781 743 991 815 σῶμαή
1034 744 1107 815 γῆ
1139 744 1326 798 πενθεῖ
1348 746 1457 799 ἀπὸ
1486 747 1593 803 τῶν
1623 750 1943 803 κατοικούν-

366 852 478 889 των
511 835 572 889 ὲν
601 836 759 907 αὐτῇ,
803 836 938 890 ἀλλὰ
985 836 1096 891 νόει
1146 854 1236 907 μοι
1279 837 1413 909 πρὸς
1460 841 1525 909 τῇ
1568 838 1807 904 διατάξει
1847 840 1943 894 τοῦ

370 925 569 989 παντὸς
594 926 920 997 τεταγμένον
940 927 1058 981 τινὰ
1094 928 1170 998 (l)
1207 926 1434 997 ἄγγελον
1463 930 1554 982 ἐπὶ
1587 929 1684 1000 τῆς
1703 931 1826 1002 γῆς,
1849 931 1944 986 καὶ

369 1015 526 1070 ἄλλον
569 1018 899 1087 τεταγμένον
939 1019 1032 1070 ἐπὶ
1068 1018 1179 1070 τῶν
1225 1018 1454 1081 ὑδάτων,
1505 1019 1600 1072 καὶ
1653 1019 1809 1073 ἄλλον
1852 1020 1945 1074 ἐπὶ

366 1106 462 1161 τοῦ
491 1107 671 1180 ἀέρος,
697 1109 792 1162 καὶ
820 1108 1081 1181 τέταρτον
1108 1108 1201 1162 ἐπὶ
1226 1109 1321 1163 τοῦ
1349 1110 1538 1182 πυρός·
1571 1109 1743 1175 οὕτως
1769 1109 1944 1165 άνάὸα

372 1217 461 1271 μοι
491 1200 571 1271 τῷ
600 1200 743 1271 λόγῳ
775 1201 868 1254 ἐπὶ
897 1201 997 1273 τὴν
1043 1201 1283 1267 διάταξιν
1315 1204 1494 1257 πᾶσαν
1523 1202 1623 1275 τὴν
1655 1206 1713 1258 ὲν
1763 1203 1942 1269 ζώοις,

366 1291 467 1362 τὴν
497 1291 556 1344 ὲν
587 1293 792 1360 φυτοῖς,
825 1289 923 1362 τὴν
952 1293 1011 1345 ὲν
1042 1294 1436 1365 τοῖςιοὺρανοῖς,
1470 1295 1713 1366 άστροις.
1737 1295 1942 1363 Ἀγγε-

366 1381 458 1445 λός
483 1399 567 1446 τις
605 1380 883 1444 τέτακται,
913 1383 1006 1435 καὶ
1033 1384 1125 1436 ἐπὶ
1150 1382 1245 1436 τοῦ
1276 1384 1453 1455 ἡλίου,
1485 1386 1579 1438 καὶ
1608 1386 1700 1438 ἐπὶ
1729 1384 1824 1456 τῆς
1857 1402 1946 1438 σε-

367 1470 557 1542 λήνης,
586 1470 743 1535 ἄλλος
781 1472 874 1525 καὶ
901 1471 993 1525 ἐπὶ
1020 1471 1128 1525 τῶν
1160 1474 1396 1545 ἄστρων·
1430 1467 1576 1528 οὗτοι
1607 1474 1671 1546 δὴ
1698 1476 1749 1527 οί
1780 1474 1947 1545 ἀγγε-

366 1562 451 1615 λοι
478 1562 597 1634 μεθ’
624 1556 701 1619 ὧν
730 1564 914 1635 ἔσμεν,
944 1563 1066 1618 ὅσον
1098 1565 1263 1635 ἐσμὲν
1284 1565 1377 1616 ἐπὶ
1406 1564 1529 1635 γῆς,
1562 1566 1681 1636 ἦτοι
1713 1566 1945 1637 εὐφραίυ

367 1672 571 1719 νονται,
620 1654 655 1728 ἢ
700 1655 989 1710 πενθοῦσιν
1029 1657 1115 1724 ἐφ’
1146 1656 1301 1725 ἡμῖν,
1351 1655 1480 1706 ὅταν
1523 1654 1942 1725 ἁμαρτάνωμεν.

2047 584 2146 625 nec
2193 588 2388 630 sensus
2432 575 2644 645 recipit,
2694 586 2753 632 ut
2797 578 3113 639 insensibile
3163 602 3363 659 corpus
3409 593 3613 647 sentire

2045 662 2352 727 credamus,
2399 664 2499 719 nisi
2533 672 2592 719 ut
2622 667 2992 738 intelligamus
3025 675 3279 733 omnibus
3319 683 3483 738 rebus
3513 696 3613 735 an-

2046 750 2193 820 gelos
2223 754 2543 821 praesidere,
2574 766 2687 812 tam
2722 769 2882 817 terra:
2919 772 2972 818 et
3002 779 3179 834 aquae,
3214 784 3377 839 quam
3418 772 3530 827 aeri
3559 783 3616 827 et

2044 841 2191 911 igni,
2236 842 2289 899 id
2332 853 2414 900 est
2452 847 2747 919 principari
2794 852 3110 920 elementis,
3164 867 3218 911 et
3268 860 3373 915 hoc
3421 862 3616 917 ordine

2043 932 2329 999 pervenire
2368 932 2439 988 ad
2481 937 2665 991 omnia
2707 939 2962 995 animalia
2989 983 3005 1009 ,
3050 945 3118 997 ad
3160 960 3323 1002 omne
3368 965 3612 1018 germen.

2045 1023 2112 1077 ad
2152 1023 2269 1092 ipsa
2298 1038 2519 1095 quoque
2563 1037 2711 1083 astra
2746 1031 3009 1086 caelestia.
3032 1033 3190 1090 Alius
3217 1038 3442 1108 angelus
3468 1055 3607 1110 pra:-

2044 1114 2257 1182 positus
2291 1124 2375 1170 est
2415 1117 2615 1173 terris:
2649 1128 2812 1191 atque
2849 1122 2924 1177 ita
2956 1138 3148 1180 omnes
3188 1125 3227 1180 ii
3268 1128 3444 1199 angeli
3489 1147 3617 1188 cum

2044 1205 2244 1274 quibus
2277 1221 2560 1264 versamur
2607 1209 2663 1265 in
2705 1220 2870 1277 terra,
2920 1217 3157 1287 gaudent
3205 1221 3427 1290 quando
3469 1223 3616 1292 juste

2046 1294 2295 1364 agimus;
2321 1299 2541 1367 quando
2565 1304 2931 1370 peccavimus,
2969 1307 3177 1378 lugent.
3223 1307 3446 1381 Lugebit
3474 1323 3619 1368 terra

2046 1383 2111 1436 ab
2155 1387 2396 1441 omnibus
2439 1389 2862 1451 inhabitantibus
2906 1398 2960 1451 in
2999 1415 3081 1455 ea.
3143 1399 3344 1458 Eodem
3392 1407 3618 1462 nomine

2046 1655 2437 1726 maledicatur,
2478 1661 2822 1721 maledicitur
2871 1676 2926 1723 et
2974 1669 3091 1739 ipse
3128 1673 3225 1742 qui
3272 1647 3403 1731 fecit
3456 1676 3613 1744 illud.

368 1746 597 1810 Πενθεῖ,
644 1748 830 1819 φησὶν,
884 1748 925 1816 ἠ
969 1744 1043 1816 τῆ
1083 1744 1201 1799 ἀπὸ
1241 1742 1363 1797 τῶν
1406 1744 1841 1797 κατοικούντων
1877 1745 1932 1798 ἐν

2049 1762 2158 1802 non
2200 1749 2343 1818 quod
2391 1751 2742 1809 maledictum
2787 1756 2861 1813 sit
2925 1761 3071 1829 quod
3113 1766 3296 1821 anima
3339 1782 3406 1822 ac
3449 1742 3614 1825 sensu

368 1836 540 1907 αὐτῇ.
583 1814 922 1908 ὐμωνύμως
948 1814 1069 1889 εἷπε
1097 1834 1190 1887 τὸν
1208 1832 1439 1901 ἄγγελον
1462 1832 1563 1926 γῆν
1591 1833 1727 1904 αὐτῇ
1847 1836 1932 1905 γῇ.

2049 1814 2235 1903 caret,
2285 1842 2380 1897 sed
2426 1842 2571 1898 idem
2616 1844 2816 1902 dicitur
2862 1814 3203 1921 malledictus,
3254 1859 3349 1926 qui
3398 1862 3619 1918 assistat

369 1929 581 1999 Ὠσπερ
621 1927 730 1997 γὰρ
758 1927 820 1979 τὸ
862 1925 1237 1999 χειροποίητον
1280 1923 1677 1996 ὲπικατάρατον
1707 1924 1839 1978 αὐτὸ
1884 1926 1945 1980 τὸ

371 2020 596 2089 ἄψυχον,
628 2017 743 2073 ἀλλ’
774 2019 988 2091 εἴρηται
1013 2018 1388 2090 χειροποίητον
1415 2017 1476 2071 τὸ
1497 2017 1943 2090 προσκαθεζόμε-

370 2125 460 2162 νον
489 2108 566 2181 τῷ
594 2108 786 2180 ἀψύχῳ
816 2108 1111 2180 ἀγάλματι,
1143 2110 1238 2163 καὶ
1273 2108 1611 2181 χρηματίζον
1641 2109 1837 2180 ἐκείνῳ
1860 2107 1941 2181 τῷ

372 2201 590 2273 ὀνόματι
608 2216 622 2232 '
648 2200 819 2265 οὕτως
848 2200 911 2273 δὴ
934 2200 1045 2273 ἐρῶ
1067 2201 1160 2255 καὶ
1188 2201 1292 2270 γῆν
1322 2199 1573 2270 λέγεσθαι
1601 2198 1694 2255 τὸν
1715 2202 1809 2256 ἐπὶ
1838 2202 1944 2274 γῆς

368 2294 697 2365 τεταγμένον
725 2292 971 2361 ἄγγελον,
997 2293 1092 2346 καὶ
1123 2291 1267 2365 ὕδωρ
1297 2291 1547 2361 λέγεσθαι
1574 2292 1667 2346 τὸν
1691 2293 1786 2347 ἐπὶ
1813 2292 1943 2348 ὓδα-

363 2396 455 2446 τος
480 2383 807 2455 τεταγμένον
833 2383 1081 2453 ἄγγελον,
1114 2383 1235 2437 καθ’
1280 2383 1309 2436 ὃ
1338 2382 1587 2438 λέλεκται
1606 2400 1621 2414 θ
1659 2402 1678 2435 ι
1717 2384 1942 2439 Εῖδοσάν

366 2490 425 2526 σε
467 2472 656 2540 ὕδατα,
678 2473 706 2526 ὁ
727 2472 878 2539 Θεὸς,
906 2472 1118 2526 εἷδοσάν
1144 2489 1205 2525 σε
1235 2471 1422 2537 ὕδατα,
1445 2473 1540 2528 καὶ
1567 2473 1940 2546 ἐφοϐήθησαν,

362 2563 457 2618 καὶ
489 2563 865 2636 ἐταράχθησαν
893 2563 1139 2619 ἄϐυσσοι.
1173 2562 1383 2633 Πλῆθος
1398 2564 1565 2635 ἢχους
1591 2563 1801 2618 ὑδάτων
1824 2581 1941 2634 φω-

360 2658 457 2729 νὴν
489 2656 697 2711 ἔδωκαν
730 2659 785 2710 αἱ
815 2654 1058 2725 νεφέλαι’
1109 2656 1202 2708 καὶ
1231 2655 1341 2728 γὰρ
1369 2655 1438 2709 τὰ
1472 2654 1600 2727 βέλη
1628 2672 1721 2709 σου
1754 2654 1943 2710 διαπο-

363 2748 629 2819 ρεύονται.
665 2766 684 2799 ι

288 2816 303 2839 "
366 2816 377 2819 ”
438 2859 458 2890 ι
500 2838 959 2907 Ἐγκαταλέλοιπα
998 2834 1092 2891 τδν
1120 2832 1266 2891 οἶκόν
1297 2855 1419 2909 μουν
1455 2838 1645 2912 ἀφῆκα
1682 2841 1783 2915 τὴν
1807 2843 1941 2915 xm-

365 2928 622 3001 ρονομίαν
669 2944 791 3002 μου.
830 2928 1048 2983 Ἔδωκα
1087 2928 1184 3001 τὴν
1224 2930 1586 3003 ἠγαπημένην
1625 2930 1802 3006 ψυχήν
1837 2950 1937 3005 μου

362 3024 443 3085 εἰς
469 3024 656 3092 χεῖρας
685 3019 893 3093 ἐχθρῶν
937 3021 1126 3091 αὐτῆς.
1171 3040 1189 3072 ι
1232 3021 1335 3075 Ἰδε
1385 3037 1475 3093 μοι
1519 3022 1612 3076 τὸν
1659 3025 1718 3077 ἐν
1755 3028 1935 3098 μορφῇ

361 3111 496 3166 Θεοῦ
545 3112 857 3185 ὑπάρχοντα
899 3112 1025 3167 ὄντα
1056 3114 1112 3166 ὲν
1150 3116 1261 3178 τοῖς
1309 3113 1577 3186 οὐρανοῖς.
1620 3114 1728 3170 Ἴδε
1771 3114 1937 3171 αὐτοῦ

356 3204 448 3257 τὸν
489 3201 636 3258 οἷκον
676 3204 1090 3277 ὑπερουράνιον.
1137 3206 1201 3258 Et
1247 3204 1426 3276 βούλει
1467 3207 1562 3260 καὶ
1607 3206 1935 3280 ὑψηλότερον

361 3296 509 3361 ἰδεῖν,
535 3297 638 3360 ὅτι,
674 3296 816 3366 Ἐγὼ
853 3297 923 3350 ὲν
947 3295 1028 3363 τῷ
1070 3297 1284 3365 Πατρισ
1316 3297 1391 3351 ῖδε
1420 3298 1585 3352 αὐτοῦ
1613 3293 1762 3354 οἷκον
1806 3300 1936 3356 ὄντα

354 3387 446 3440 τδν
484 3387 640 3440 θεόν.
693 3386 1030 3442 Καταλείπει
1059 3387 1151 3441 τὸν
1184 3388 1403 3460 Πατέρα
1444 3390 1541 3444 καὶ
1587 3391 1686 3463 τὴν
1714 3391 1927 3463 μητέρα

355 3478 452 3549 τὴν
479 3478 591 3532 άνω
627 3478 1002 3552 Ἰερουσαλὴμ,
1031 3479 1125 3533 καὶ
1168 3479 1386 3553 ἔρχεται
1424 3483 1504 3545 εἰς
1533 3481 1625 3536 τὸν
1652 3482 1931 3553 περίγειον

353 3569 537 3633 τόπον,
565 3571 658 3623 καὶ
685 3570 870 3641 φησίν·
917 3571 1413 3641 Ἐγκαταλέλοιπα
1447 3573 1555 3627 τὸν
1582 3574 1752 3629 οἶκόν
1777 3593 1920 3645 μου·

352 3662 560 3733 ἀφῆκα
589 3664 704 3734 τὴν
740 3666 1144 3734 κληρονομίαν
1172 3683 1312 3736 μου.
1373 3668 1586 3741 Ἐκείνη
1634 3669 1743 3743 γὰρ
1775 3667 1844 3743 ἦν
1893 3673 1928 3746 ἡ

352 3754 686 3826 κληρονομία
725 3756 912 3822 αὐτοῦ,
951 3759 1018 3812 τὰ
1050 3757 1225 3828 χωρία
1249 3756 1318 3811 τὰ
1360 3758 1499 3829 μετὰ
1522 3760 1631 3814 τῶν
1658 3761 1926 3832 ἀγγέλων,

352 3848 385 3918 ἡ
414 3847 568 3912 τάξις
604 3850 636 3920 ἡ
672 3848 810 3919 μετὰ
851 3848 960 3902 τῶν
1001 3849 1171 3918 ἁγίων
1200 3848 1501 3922 δυνάμεων.
1548 3851 1778 3906 Ἕδωκα
1813 3853 1930 3922 τὴν

352 3939 742 4009 ἠγαπημένην
755 3938 966 4009 ψυχήν
980 3958 1099 4010 μου
1123 3941 1210 4007 εὶς
1228 3941 1432 4012 χεῖρας
1454 3940 1685 4011 ἐχθρῶν
1706 3941 1922 4013 αὐτῆς-

351 4030 670 4103 Παρέδωκεν
697 4030 861 4084 αὐτοῦ
900 4030 1000 4103 τὴν
1029 4031 1206 4103 ψυχὴν
1233 4034 1314 4096 εἰς
1335 4032 1439 4096 τὰς
1467 4034 1658 4105 χεῖρας
1687 4032 1798 4088 τῶν
1837 4035 1930 4106 ιχ-

350 4120 494 4193 θρῶν
514 4121 615 4192 τῆς
640 4120 842 4193 ψυχῆς,
869 4123 950 4186 είς
975 4126 1162 4195 χεῖρας
1213 4122 1483 4180 Ἰουδαίων
1526 4124 1638 4180 τῶν
1664 4127 1925 4183 ἀποκτει-

346 4214 552 4269 νάντων
576 4214 760 4280 αὑτὸν,
790 4216 871 4279 είς
898 4217 1083 4287 χεῖρας
1101 4215 1376 4288 ἀρχόντων
1399 4217 1775 4289 συναχθέντων
1800 4222 1923 4276 κατ’

346 4307 534 4373 αὐτοῦ,
596 4309 677 4374 είς
709 4312 897 4382 χεῖρας
938 4307 1234 4379 βασιλέων·
1267 4309 1343 4381 (2)
1390 4300 1530 4365 ὅτε]
1574 4312 1923 4385 παρέστησαν

344 4398 393 4449 οί
418 4394 655 4465 βασιλεῖς
678 4400 777 4470 τῆς
799 4400 923 4471 γῆς,
958 4401 1052 4454 καὶ
1077 4402 1127 4453 οῖ
1161 4399 1424 4472 αρχοντες
1455 4403 1798 4476 συνήχθησαν
1826 4406 1920 4460 ἐπὶ

342 4489 405 4542 τὸ
447 4490 578 4545 αὐτὸ
619 4466 760 4545 κατά
813 4466 903 4545 τοῦ
950 4492 1180 4566 Κυρίου,
1204 4466 1321 4547 ’ἆξαι
1362 4495 1505 4548 κατὰ
1545 4466 1640 4549 τοῖ’)
1679 4466 1915 4568 ἆίριστοῦ

2032 4476 2074 4523 tt
2103 4469 2351 4523 adversus
2375 4466 2644 4521 Christum
2676 4468 2760 4538 eju

342 4579 530 4636 αὐτοῦ.
569 4600 589 4633 ι

425 4672 710 4743 Ἐγενήθη
755 4673 796 4742 ἠ
826 4675 1189 4744 κληρονομία
1213 4692 1334 4745 μου
1361 4676 1491 4746 ἐμοὶ
1531 4678 1613 4744 ὡς
1654 4677 1812 4732 ,λέων
1845 4676 1917 4733 ἐν

337 4763 560 4834 δρυμῷ.
591 4764 739 4837 Αὕτη
776 4765 868 4819 ἐπὶ
902 4765 1005 4835 γῆς
1046 4764 1378 4837 κληρονομία
1406 4768 1594 4836 αὐτοῦ,
1619 4770 1686 4840 ἢν
1718 4770 1915 4843 κεκλη-

339 4856 664 4929 ρονόμηκεν,
701 4854 1047 4929 ὲπεθηριὼθη
1076 4856 1213 4930 πρὸς
1250 4858 1432 4927 αὐτὸν,
1475 4860 1570 4914 καὶ
1607 4860 1830 4929 γέγονεν
1875 4863 1909 4934 ή

336 4948 674 5021 κληρονομία
735 4948 999 5012 Ἰουδαῖοι,
1070 4947 1495 5019 ὲξαγριωθέντες
1564 4953 1685 5004 κατ’
1742 4951 1909 5006 αὑτοῦ

333 5042 413 5107 ὡς
437 5041 574 5096 λέων
618 5044 674 5096 ἒν
711 5041 924 5115 δρυμῷ.
956 5041 1031 5094 Οὐ
1067 5040 1379 5113 θαυμαστὸν
1408 5044 1456 5096 εί
1477 5042 1598 5097 τότε
1629 5044 1846 5114 ἐγένετο
1868 5042 1907 5120 ή

334 5135 668 5207 κληρονομία
718 5134 883 5188 αὑτοῦ
937 5134 1012 5199 ὡς
1045 5132 1182 5187 λέων
1210 5136 1269 5188 ὲν
1306 5133 1520 5208 δρυμῷ.
1573 5134 1689 5191 Νῦν
1732 5136 1810 5191 ἔτι
1846 5141 1905 5193 ὲν

330 5227 524 5301 δρυμῷ
545 5227 759 5292 λέοντές
794 5228 900 5280 εισι
927 5224 1379 5298 καταθεματίζειν
1419 5226 1496 5300 (5)
1543 5225 1787 5294 θέλοντες
1814 5228 1907 5284 τὸν

2045 1929 2349 1986 insensibili
2386 1935 2719 2005 simulacro,
2756 1938 2949 1995 eodem
2983 1951 3213 1999 vocatus
3251 1946 3474 2002 nomine
3504 1965 3618 2020 quo

2042 2031 2270 2079 vocatur
2298 2024 2351 2080 id
2381 2028 2525 2096 quod
2557 2029 2928 2088 manufactum
2958 2043 3043 2091 est
3068 2053 3084 2091 :
3108 2036 3189 2091 sic
3215 2045 3270 2092 et
3298 2053 3446 2095 nunc
3474 2049 3615 2097 terra

2044 2114 2345 2184 appellatur
2396 2115 2446 2171 is
2492 2119 2718 2188 angelus
2764 2120 2859 2191 qui
2918 2124 3240 2193 praepositus
3288 2135 3373 2182 est
3437 2136 3614 2184 terrae.

2043 2201 2155 2261 Nec
2181 2204 2288 2261 hoc
2330 2215 2541 2263 tantum
2587 2210 2826 2280 accipias
2868 2212 2923 2267 in
2953 2222 3129 2282 terra;
3171 2222 3227 2271 et
3266 2230 3423 2287 aqua
3450 2218 3617 2274 etiam

2043 2296 2271 2367 angelus
2328 2298 2448 2369 ejus
2499 2301 2766 2358 vocabulo
2831 2315 3201 2377 nuncupatur,
3262 2309 3420 2380 juxta
3482 2311 3614 2367 illud

2043 2391 2190 2460 quod
2231 2392 2285 2446 in
2328 2394 2437 2449 alio
2478 2395 2601 2451 loco
2640 2398 2841 2454 dicitur
2868 2399 2953 2454 δίς
2996 2400 3249 2459 Viderunt
3281 2415 3329 2459 te
3358 2422 3535 2478 aqua,
3565 2418 3614 2462 et

2044 2484 2366 2546 timuerunt;
2405 2486 2631 2543 turbatae
2671 2498 2795 2543 sunt
2833 2491 3028 2562 abyssi.
3083 2494 3376 2552 Multitudo
3407 2502 3613 2554 sonitus

2042 2590 2304 2644 aquarum
2336 2592 2511 2631 uocem
2545 2580 2801 2635 dederunt
2840 2583 3021 2651 nubes,
3044 2588 3234 2641 etenim
3263 2591 3476 2659 sagittae
3507 2601 3615 2647 tua

2044 2668 2387 2725 transierunt.

2032 2866 2047 2871 -
2115 2824 2166 2878 7.
2206 2824 2474 2896 Dereliqui
2519 2827 2735 2883 domum
2789 2845 2980 2897 meam,
3035 2833 3216 2887 dimisi
3252 2833 3613 2892 hwreditatem

2042 2928 2229 2969 meam.
2267 2914 2403 2969 Dedi
2433 2916 2683 2971 dilectam
2724 2919 2960 2977 animam
3000 2937 3168 2976 meam
3197 2923 3252 2977 in
3284 2940 3471 2979 atauus
3510 2928 3617 2981 ini.

2038 3006 2292 3060 micorum
2317 3007 2431 3077 ejus
2450 3008 2515 3063 “.
2567 3007 2699 3065 Vide
2737 3011 2870 3066 mihi
2903 3027 3029 3069 eum
3068 3014 3161 3086 qui
3200 3015 3256 3073 iu
3298 3015 3474 3077 forma
3514 3017 3611 3079 Dei

2040 3097 2372 3155 consistebat
2418 3099 2474 3156 in
2520 3101 2694 3159 caelis.
2742 3100 2877 3159 Vide
2928 3104 3151 3162 domum
3190 3109 3347 3180 ejus,
3384 3110 3613 3170 thronos

2039 3198 2094 3245 et
2121 3192 2370 3248 excelsas
2410 3207 2660 3265 quasque
2699 3195 2946 3252 virtutes.
2983 3195 3043 3252 Si
3073 3208 3256 3256 autem
3290 3202 3374 3258 vis
3403 3204 3609 3275 aliquid

2034 3283 2323 3341 sublimius
2356 3285 2659 3358 intelligere
2692 3299 2912 3360 propter
2943 3290 3047 3347 hoc
3078 3294 3224 3363 quod
3260 3295 3337 3350 ait
3366 3295 3413 3327 “
3447 3315 3462 3352 :
3494 3296 3610 3368 Ego

2031 3375 2085 3429 in
2111 3374 2297 3441 Patre,
2328 3387 2379 3433 et
2412 3377 2579 3436 Pater
2606 3380 2663 3434 in
2689 3396 2805 3446 me;
2841 3382 2963 3437 vide
2999 3382 3222 3439 domum
3250 3384 3370 3455 ejus
3392 3385 3606 3457 Patrem

2030 3465 2225 3523 Deum.
2252 3468 2531 3541 Relinquit
2548 3469 2765 3526 Patrem
2791 3488 2976 3540 suum,
2999 3484 3053 3527 et
3072 3483 3301 3530 matrem
3325 3492 3481 3533 suam
3502 3493 3610 3535 cm-

2029 3557 2219 3614 lestem
2254 3558 2618 3622 Hierusalem,
2636 3563 2889 3633 venitque
2912 3563 2969 3618 in
2990 3561 3148 3635 187
3171 3565 3315 3621 hunc
3330 3574 3607 3623 terrenum

2030 3647 2230 3714 locum,
2263 3659 2319 3706 et
2340 3653 2418 3707 ait
2445 3670 2461 3707 :
2492 3652 2701 3724 Reliqui
2732 3654 2946 3708 domum
2984 3668 3176 3720 meam,
3220 3656 3400 3712 dimisi
3434 3658 3606 3713 hatre-

2028 3740 2251 3795 ditatem
2284 3757 2474 3796 meam.
2503 3742 2599 3798 Illa
2620 3751 2737 3798 erat
2761 3742 3052 3798 ltatreditas
3077 3742 3197 3812 ejus
3227 3746 3604 3814 possessiones

2029 3830 2306 3900 angelicae,
2339 3840 2394 3887 et
2423 3822 2904 3889 sanctarum'ordo
2949 3832 3234 3889 virtutum.
3287 3832 3423 3890 Dedi
3463 3836 3603 3892 dile-

2029 3929 2171 3975 ctam
2203 3922 2438 3975 animam
2466 3937 2636 3977 meam
2666 3923 2723 3976 in
2759 3939 2947 3978 manus
2979 3922 3311 3978 inimicorum
3346 3943 3598 3982 meorum.

2029 4011 2277 4069 Tradidit
2309 4013 2549 4068 animam
2585 4029 2741 4069 suam
2771 4014 2826 4069 in
2860 4030 3057 4072 manus
3087 4014 3434 4074 inimicorum
3464 4034 3598 4076 suo-

2026 4118 2173 4170 rum,
2218 4104 2273 4159 in
2308 4118 2505 4159 manus
2536 4101 2850 4161 Judteorum
2891 4106 3328 4163 interﬁciendum
3359 4124 3507 4175 eum,
3542 4110 3596 4164 in

2025 4205 2224 4246 manus
2274 4190 2584 4260 principum
2628 4199 3080 4263 congregatarum
3111 4196 3401 4251 adversum
3429 4213 3507 4261 se,
3543 4199 3596 4250 in

2023 4296 2221 4338 manus
2261 4297 2473 4355 regum,
2518 4284 2778 4352 quoniam
2818 4285 3100 4339 astiterunt
3139 4302 3282 4357 reges
3325 4298 3498 4353 terrae,
3547 4303 3595 4343 et

2021 4376 2283 4446 principes
2321 4386 2667 4431 conuenerunt
2711 4376 2767 4430 in
2806 4393 2970 4432 unum
3007 4378 3256 4435 adversus
3290 4379 3594 4452 Dominum,

2765 4486 2789 4524 s
2811 4466 2878 4525 “.

2090 4668 2145 4725 8.
2186 4666 2361 4724 Facta
2400 4677 2477 4722 est
2525 4668 2806 4725 hereditas
2852 4685 2967 4724 mea
3021 4671 3171 4737 mihi,
3219 4673 3354 4728 sicut
3407 4674 3487 4731 leo
3539 4678 3592 4731 in

2019 4759 2155 4816 silua
2177 4760 2246 4814 "'.
2280 4759 2387 4816 Ista
2425 4773 2547 4829 quae
2589 4775 2752 4830 super
2791 4769 2991 4815 terram
3018 4770 3137 4817 erat
3162 4762 3449 4819 htercditas
3472 4767 3592 4834 ejus

2019 4865 2185 4922 quam
2224 4850 2327 4906 sibi
2358 4849 2594 4920 elegerat
2619 4851 2673 4905 in
2712 4852 3134 4921 possessionem,
3163 4869 3284 4923 quat
3314 4870 3441 4925 pars
3469 4857 3591 4928 ejus

2014 4946 2214 5013 fuerat,
2239 4943 2459 5000 eﬂ‘erata
2490 4952 2575 5000 est
2596 4946 2860 5000 adversus
2891 4959 3040 5009 eum,
3068 4952 3121 4999 et
3149 4943 3288 5002 facta
3316 4956 3400 5001 est
3425 4948 3589 5002 luere-

2013 5037 2157 5094 ditas
2186 5036 2326 5108 ejus,
2369 5036 2420 5091 id
2467 5043 2554 5092 est
2596 5033 2792 5101 Judaei,
2840 5035 2998 5104 quasi
3045 5034 3130 5091 leo
3175 5036 3229 5091 in
3274 5037 3429 5092 silva.
3471 5036 3583 5093 Nec

2013 5128 2321 5184 mirandum
2362 5136 2444 5183 est
2485 5128 2531 5182 si
2579 5136 2688 5182 tam
2730 5127 2870 5182 truci
2904 5127 3097 5183 bellua:
3124 5137 3437 5198 comparata
3465 5131 3535 5184 sit
3566 5149 3581 5185 :

2014 5234 2189 5291 usque
2239 5220 2306 5273 ad
2349 5229 2667 5288 praesentem
2706 5218 2850 5273 diem
2900 5218 3085 5275 leones
3134 5229 3265 5275 sunt
3314 5218 3368 5273 in
3420 5220 3583 5288 silva,

404 5384 451 5416 “
479 5382 621 5440 Psal.
650 5399 836 5452 Lxxvt,
868 5384 954 5440 ΓΙ.
1028 5380 1074 5415 ⁸³
1095 5370 1294 5439 Jerem.
1319 5399 1420 5450 ιιι,
1449 5382 1500 5438 7.
1576 5382 1622 5416 “
1650 5383 1809 5439 Joan.
1841 5399 1896 5450 ι,
1922 5382 1932 5436 ε

2090 5377 2135 5409 ⁸⁸
2157 5374 2360 5431 Psalm.
2392 5388 2455 5438 ιι,
2488 5373 2546 5427 2.
2622 5372 2668 5404 “
2704 5370 2815 5427 Jer.
2836 5387 2932 5437 χιι,
2958 5371 3012 5427 8.

404 5525 483 5595 (l)
517 5524 884 5601 Τιετιιγμένον⁸
904 5524 1056 5591 τινά,
1074 5535 1181 5583 etc.
1211 5524 1411 5601 Eadem
1423 5522 1599 5601 __li_ab_et
1617 5524 1898 5601 Origenes,

330 5594 551 5676 [ἱζιίνιεε
583 5605 766 5648 contra
792 5594 1022 5663 Celsum,
1057 5613 1208 5652 num.
1238 5599 1301 5653 3|
1335 5608 1390 5654 et
1416 5598 1505 5653 57.
1543 5596 1672 5653 Item
1706 5594 1894 5653 lTomil;

329 5667 403 5721 ν.
431 5665 485 5718 in
506 5662 669 5719 Num.
1010 5662 1014 5663 ί
1139 5722 1142 5727 ,

403 5734 481 5804 (2)
523 5735 668 5791 Ὅτε.
715 5732 1074 5808 Hieronymus
1107 5736 1316 5806 legebat
1347 5738 1447 5794 ὅτι.

2078 5517 2670 5595 (ῷΚαῙαθεματίζειν.
2710 5516 2935 5595 Frustra
2965 5530 3303 5595 ergonvocem
3319 5515 3471 5595 lianc
3490 5531 3577 5570 re-

2007 5585 2197 5665 pudiat
2217 5585 2568 5665 _Steplianus,
2614 5585 2870 5665 t_om.rlll_,
2926 5601 2975 5665 ο.
3010 5586 3171 5665 Μξῗι,
3411 5601 3577 5656 quam

2008 5655 2190 5717 attulit
2217 5655 2476 5713 Erasmus
2520 5658 2575 5710 in
2606 5655 3050 5710 Adnotatiouibus
3082 5656 3139 5708 in
3185 5655 3378 5710 Matth.
3424 5655 3575 5723 nrt,

2008 5732 2099 5797 74,
2126 5743 2400 5802 quamque
2430 5727 2661 5796 plurima
2697 5725 3025 5794 exemplaria
3061 5736 3475 5798 repraesentant,
3524 5740 3578 5784 et
