  <div class='ocr_page' id='page_1' title='image "/cluster/home/n/w/nwhite01/storage/ocr_20150623/13:no.3/coo.31924054872910/193.png"; bbox 0 0 4122 6466; ppageno 0'>
   <div class='ocr_carea' id='block_1_1' title="bbox 518 440 621 495">
    <p class='ocr_par' dir='ltr' id='par_1_1' title="bbox 518 440 621 495">
     <span class='ocr_line' id='line_1_1' title="bbox 518 440 621 495; baseline -0.019 0"><span class='ocrx_word' id='word_1_1' title='bbox 518 440 621 495; x_wconf 69' lang='grc'><strong>571</strong></span> 
     </span>
    </p>
   </div>
   <div class='ocr_carea' id='block_1_2' title="bbox 1988 434 2309 491">
    <p class='ocr_par' dir='ltr' id='par_1_2' title="bbox 1988 434 2309 491">
     <span class='ocr_line' id='line_1_2' title="bbox 1988 434 2309 491; baseline 0.009 -3"><span class='ocrx_word' id='word_1_2' title='bbox 1988 434 2309 491; x_wconf 77' lang='lat' dir='ltr'><strong>ORICENIS</strong></span> 
     </span>
    </p>
   </div>
   <div class='ocr_carea' id='block_1_3' title="bbox 3659 436 3766 491">
    <p class='ocr_par' dir='ltr' id='par_1_3' title="bbox 3659 436 3766 491">
     <span class='ocr_line' id='line_1_3' title="bbox 3659 436 3766 491; baseline -0.009 0"><span class='ocrx_word' id='word_1_3' title='bbox 3659 436 3766 491; x_wconf 63' lang='lat'><strong>37!</strong></span> 
     </span>
    </p>
   </div>
   <div class='ocr_carea' id='block_1_4' title="bbox 520 552 2078 636">
    <p class='ocr_par' dir='ltr' id='par_1_4' title="bbox 520 552 2078 636">
     <span class='ocr_line' id='line_1_4' title="bbox 520 552 2078 636; baseline -0.001 -24"><span class='ocrx_word' id='word_1_4' title='bbox 520 559 648 614; x_wconf 82' lang='lat' dir='ltr'><strong>Plus</strong></span> <span class='ocrx_word' id='word_1_5' title='bbox 674 574 702 614; x_wconf 89' lang='lat' dir='ltr'><strong>a</strong></span> <span class='ocrx_word' id='word_1_6' title='bbox 735 555 1083 636; x_wconf 58' lang='lat' dir='ltr'><strong>tne.exigitur</strong></span> <span class='ocrx_word' id='word_1_7' title='bbox 1103 570 1267 622; x_wconf 84' lang='lat' dir='ltr'><strong>quam</strong></span> <span class='ocrx_word' id='word_1_8' title='bbox 1296 568 1327 606; x_wconf 89' lang='lat' dir='ltr'><strong>a</strong></span> <span class='ocrx_word' id='word_1_9' title='bbox 1354 552 1619 617; x_wconf 81' lang='lat' dir='ltr'><strong>diacono;</strong></span> <span class='ocrx_word' id='word_1_10' title='bbox 1655 554 1776 623; x_wconf 84' lang='lat' dir='ltr'><strong>plus</strong></span> <span class='ocrx_word' id='word_1_11' title='bbox 1803 569 1833 607; x_wconf 88' lang='lat' dir='ltr'><strong>a</strong></span> <span class='ocrx_word' id='word_1_12' title='bbox 1855 554 2078 610; x_wconf 81' lang='lat' dir='ltr'><strong>diacono</strong></span> 
     </span>
    </p>
   </div>
   <div class='ocr_carea' id='block_1_5' title="bbox 2178 552 3766 636">
    <p class='ocr_par' dir='ltr' id='par_1_5' title="bbox 2191 552 3766 625">
     <span class='ocr_line' id='line_1_5' title="bbox 2191 552 3766 625; baseline 0 -18"><span class='ocrx_word' id='word_1_13' title='bbox 2191 555 2375 609; x_wconf 77' lang='grc' dir='ltr'><em>πλεῖον</em></span> <span class='ocrx_word' id='word_1_14' title='bbox 2422 555 2752 610; x_wconf 81' lang='grc' dir='ltr'><em>ἀπαιτείται.</em></span> <span class='ocrx_word' id='word_1_15' title='bbox 2809 554 2902 611; x_wconf 68' lang='grc' dir='ltr'><strong>Διὰ</strong></span> <span class='ocrx_word' id='word_1_16' title='bbox 2942 556 3096 611; x_wconf 74' lang='grc' dir='ltr'><em>τοῦτο</em></span> <span class='ocrx_word' id='word_1_17' title='bbox 3141 558 3172 611; x_wconf 85' lang='grc' dir='ltr'><strong>ό</strong></span> <span class='ocrx_word' id='word_1_18' title='bbox 3220 552 3654 625; x_wconf 75' lang='grc' dir='ltr'><strong>πεπιστευμένος</strong></span> <span class='ocrx_word' id='word_1_19' title='bbox 3696 555 3766 608; x_wconf 76' lang='grc' dir='ltr'><em>τὰ</em></span> 
     </span>
    </p>
   </div>
   <div class='ocr_carea' id='block_1_6' title="bbox 520 643 2091 718">
    <p class='ocr_par' dir='ltr' id='par_1_6' title="bbox 520 643 2091 718">
     <span class='ocr_line' id='line_1_6' title="bbox 520 643 2091 718; baseline -0.003 -15"><span class='ocrx_word' id='word_1_20' title='bbox 520 665 683 718; x_wconf 79' lang='lat' dir='ltr'><strong>quam</strong></span> <span class='ocrx_word' id='word_1_21' title='bbox 710 663 738 703; x_wconf 88' lang='lat' dir='ltr'><strong>a</strong></span> <span class='ocrx_word' id='word_1_22' title='bbox 771 648 929 703; x_wconf 84' lang='lat' dir='ltr'><strong>laico.</strong></span> <span class='ocrx_word' id='word_1_23' title='bbox 962 645 1064 711; x_wconf 85' lang='lat' dir='ltr'><strong>Qui</strong></span> <span class='ocrx_word' id='word_1_24' title='bbox 1098 658 1229 698; x_wconf 85' lang='lat' dir='ltr'><strong>vero</strong></span> <span class='ocrx_word' id='word_1_25' title='bbox 1257 645 1424 699; x_wconf 93' lang='lat' dir='ltr'><strong>totius</strong></span> <span class='ocrx_word' id='word_1_26' title='bbox 1455 643 1711 700; x_wconf 77' lang='lat' dir='ltr'><strong>Ecclesia:</strong></span> <span class='ocrx_word' id='word_1_27' title='bbox 1741 661 1920 704; x_wconf 86' lang='lat' dir='ltr'><strong>arcem</strong></span> <span class='ocrx_word' id='word_1_28' title='bbox 1948 646 2091 700; x_wconf 83' lang='lat' dir='ltr'><strong>obti-</strong></span> 
     </span>
    </p>
   </div>
   <div class='ocr_carea' id='block_1_7' title="bbox 521 736 2093 811">
    <p class='ocr_par' dir='ltr' id='par_1_7' title="bbox 521 736 2093 811">
     <span class='ocr_line' id='line_1_7' title="bbox 521 736 2093 811; baseline -0.001 -15"><span class='ocrx_word' id='word_1_29' title='bbox 521 751 632 805; x_wconf 91' lang='lat' dir='ltr'><strong>net,</strong></span> <span class='ocrx_word' id='word_1_30' title='bbox 672 756 771 811; x_wconf 89' lang='lat' dir='ltr'><strong>pro</strong></span> <span class='ocrx_word' id='word_1_31' title='bbox 797 740 945 795; x_wconf 90' lang='lat' dir='ltr'><strong>omni</strong></span> <span class='ocrx_word' id='word_1_32' title='bbox 1000 736 1238 793; x_wconf 81' lang='lat' dir='ltr'><strong>Ecclesia</strong></span> <span class='ocrx_word' id='word_1_33' title='bbox 1298 738 1484 793; x_wconf 77' lang='lat' dir='ltr'><strong>reddet</strong></span> <span class='ocrx_word' id='word_1_34' title='bbox 1532 740 1819 794; x_wconf 88' lang='lat' dir='ltr'><strong>rationem.</strong></span> <span class='ocrx_word' id='word_1_35' title='bbox 1869 739 2093 810; x_wconf 75' lang='lat' dir='ltr'><strong>Propter</strong></span> 
     </span>
    </p>
   </div>
   <div class='ocr_carea' id='block_1_8' title="bbox 522 827 2092 901">
    <p class='ocr_par' dir='ltr' id='par_1_8' title="bbox 522 827 2092 901">
     <span class='ocr_line' id='line_1_8' title="bbox 522 827 2092 901; baseline -0.001 -15"><span class='ocrx_word' id='word_1_36' title='bbox 522 832 625 886; x_wconf 82' lang='lat' dir='ltr'><strong>hoc</strong></span> <span class='ocrx_word' id='word_1_37' title='bbox 665 830 948 901; x_wconf 78' lang='lat' dir='ltr'><strong>apostolus</strong></span> <span class='ocrx_word' id='word_1_38' title='bbox 979 828 1182 883; x_wconf 82' lang='lat' dir='ltr'><strong>Paulus</strong></span> <span class='ocrx_word' id='word_1_39' title='bbox 1230 827 1503 896; x_wconf 81' lang='lat' dir='ltr'><strong>(videlicet</strong></span> <span class='ocrx_word' id='word_1_40' title='bbox 1553 836 1613 883; x_wconf 93' lang='lat' dir='ltr'><strong>ut</strong></span> <span class='ocrx_word' id='word_1_41' title='bbox 1653 829 1701 885; x_wconf 90' lang='lat' dir='ltr'><strong>is</strong></span> <span class='ocrx_word' id='word_1_42' title='bbox 1740 831 1828 885; x_wconf 87' lang='lat' dir='ltr'><strong>cui</strong></span> <span class='ocrx_word' id='word_1_43' title='bbox 1876 830 2092 886; x_wconf 81' lang='lat' dir='ltr'><strong>fuerant</strong></span> 
     </span>
    </p>
   </div>
   <div class='ocr_carea' id='block_1_9' title="bbox 524 917 2091 987">
    <p class='ocr_par' dir='ltr' id='par_1_9' title="bbox 524 917 2091 987">
     <span class='ocr_line' id='line_1_9' title="bbox 524 917 2091 987; baseline 0.001 -13"><span class='ocrx_word' id='word_1_44' title='bbox 524 922 693 975; x_wconf 87' lang='lat' dir='ltr'><strong>multa</strong></span> <span class='ocrx_word' id='word_1_45' title='bbox 725 919 1040 987; x_wconf 80' lang='lat' dir='ltr'><strong>commissa)</strong></span> <span class='ocrx_word' id='word_1_46' title='bbox 1073 919 1254 973; x_wconf 81' lang='lat' dir='ltr'><strong>aiebat</strong></span> <span class='ocrx_word' id='word_1_47' title='bbox 1275 918 1321 951; x_wconf 84' lang='grc'><strong>³³</strong></span> <span class='ocrx_word' id='word_1_48' title='bbox 1355 937 1368 973; x_wconf 89' lang='lat'><strong>:</strong></span> <span class='ocrx_word' id='word_1_49' title='bbox 1401 917 1491 974; x_wconf 85' lang='lat' dir='ltr'><strong>Sic</strong></span> <span class='ocrx_word' id='word_1_50' title='bbox 1529 936 1621 972; x_wconf 91' lang='lat' dir='ltr'><strong>nos</strong></span> <span class='ocrx_word' id='word_1_51' title='bbox 1651 921 1911 975; x_wconf 69' lang='lat' dir='ltr'><strong>existimet</strong></span> <span class='ocrx_word' id='word_1_52' title='bbox 1938 921 2091 976; x_wconf 91' lang='lat' dir='ltr'><strong>homo</strong></span> 
     </span>
    </p>
   </div>
   <div class='ocr_carea' id='block_1_10' title="bbox 519 1010 2090 1079">
    <p class='ocr_par' dir='ltr' id='par_1_10' title="bbox 519 1010 2090 1079">
     <span class='ocr_line' id='line_1_10' title="bbox 519 1010 2090 1079; baseline 0.002 -15"><span class='ocrx_word' id='word_1_53' title='bbox 519 1020 577 1065; x_wconf 87' lang='lat' dir='ltr'><strong>ut</strong></span> <span class='ocrx_word' id='word_1_54' title='bbox 611 1012 883 1066; x_wconf 89' lang='lat' dir='ltr'><strong>ministros</strong></span> <span class='ocrx_word' id='word_1_55' title='bbox 913 1010 1136 1077; x_wconf 77' lang='lat' dir='ltr'><strong>Christi,</strong></span> <span class='ocrx_word' id='word_1_56' title='bbox 1163 1019 1213 1065; x_wconf 87' lang='lat' dir='ltr'><strong>et</strong></span> <span class='ocrx_word' id='word_1_57' title='bbox 1233 1010 1617 1079; x_wconf 71' lang='lat' dir='ltr'><strong>dispensatores</strong></span> <span class='ocrx_word' id='word_1_58' title='bbox 1641 1023 2090 1067; x_wconf 73' lang='lat' dir='ltr'><strong>sacramentorum</strong></span> 
     </span>
    </p>
   </div>
   <div class='ocr_carea' id='block_1_11' title="bbox 518 1103 2088 1176">
    <p class='ocr_par' dir='ltr' id='par_1_11' title="bbox 518 1103 2088 1176">
     <span class='ocr_line' id='line_1_11' title="bbox 518 1103 2088 1176; baseline 0 -17"><span class='ocrx_word' id='word_1_59' title='bbox 518 1105 636 1161; x_wconf 85' lang='lat' dir='ltr'><strong>Dei.</strong></span> <span class='ocrx_word' id='word_1_60' title='bbox 671 1104 775 1160; x_wconf 82' lang='lat' dir='ltr'><strong>Hic</strong></span> <span class='ocrx_word' id='word_1_61' title='bbox 788 1107 906 1175; x_wconf 86' lang='lat' dir='ltr'><strong>jam</strong></span> <span class='ocrx_word' id='word_1_62' title='bbox 928 1105 1184 1176; x_wconf 77' lang='lat' dir='ltr'><strong>quieritur</strong></span> <span class='ocrx_word' id='word_1_63' title='bbox 1210 1106 1350 1158; x_wconf 87' lang='lat' dir='ltr'><strong>inter</strong></span> <span class='ocrx_word' id='word_1_64' title='bbox 1379 1103 1769 1174; x_wconf 71' lang='lat' dir='ltr'><strong>dispensatores</strong></span> <span class='ocrx_word' id='word_1_65' title='bbox 1813 1112 1871 1158; x_wconf 92' lang='lat' dir='ltr'><strong>ut</strong></span> <span class='ocrx_word' id='word_1_66' title='bbox 1915 1104 2088 1173; x_wconf 75' lang='lat' dir='ltr'><strong>ﬁdelis</strong></span> 
     </span>
    </p>
   </div>
   <div class='ocr_carea' id='block_1_12' title="bbox 517 1198 2090 1273">
    <p class='ocr_par' dir='ltr' id='par_1_12' title="bbox 517 1198 2090 1273">
     <span class='ocr_line' id='line_1_12' title="bbox 517 1198 2090 1273; baseline -0.001 -17"><span class='ocrx_word' id='word_1_67' title='bbox 517 1204 636 1273; x_wconf 89' lang='lat' dir='ltr'><strong>quis</strong></span> <span class='ocrx_word' id='word_1_68' title='bbox 669 1202 986 1257; x_wconf 84' lang='lat' dir='ltr'><strong>inveniatur.</strong></span> <span class='ocrx_word' id='word_1_69' title='bbox 1031 1198 1089 1253; x_wconf 94' lang='lat' dir='ltr'><strong>In</strong></span> <span class='ocrx_word' id='word_1_70' title='bbox 1126 1208 1335 1253; x_wconf 89' lang='lat' dir='ltr'><strong>tantum</strong></span> <span class='ocrx_word' id='word_1_71' title='bbox 1382 1214 1566 1253; x_wconf 89' lang='lat' dir='ltr'><strong>rarum</strong></span> <span class='ocrx_word' id='word_1_72' title='bbox 1613 1207 1697 1254; x_wconf 87' lang='lat' dir='ltr'><strong>est</strong></span> <span class='ocrx_word' id='word_1_73' title='bbox 1740 1199 1941 1253; x_wconf 85' lang='lat' dir='ltr'><strong>bonum</strong></span> <span class='ocrx_word' id='word_1_74' title='bbox 1977 1198 2090 1255; x_wconf 88' lang='lat' dir='ltr'><strong>dis-</strong></span> 
     </span>
    </p>
   </div>
   <div class='ocr_carea' id='block_1_13' title="bbox 518 1286 2087 1363">
    <p class='ocr_par' dir='ltr' id='par_1_13' title="bbox 518 1286 2087 1363">
     <span class='ocr_line' id='line_1_13' title="bbox 518 1286 2087 1363; baseline -0.004 -15"><span class='ocrx_word' id='word_1_75' title='bbox 518 1301 860 1363; x_wconf 81' lang='lat' dir='ltr'><strong>pensatorem</strong></span> <span class='ocrx_word' id='word_1_76' title='bbox 905 1290 1170 1356; x_wconf 90' lang='lat' dir='ltr'><strong>invenire,</strong></span> <span class='ocrx_word' id='word_1_77' title='bbox 1215 1297 1273 1343; x_wconf 89' lang='lat' dir='ltr'><strong>ut</strong></span> <span class='ocrx_word' id='word_1_78' title='bbox 1312 1286 1491 1355; x_wconf 80' lang='lat' dir='ltr'><strong>Jesus,</strong></span> <span class='ocrx_word' id='word_1_79' title='bbox 1517 1289 1611 1360; x_wconf 89' lang='lat' dir='ltr'><strong>qui</strong></span> <span class='ocrx_word' id='word_1_80' title='bbox 1648 1297 1939 1358; x_wconf 83' lang='lat' dir='ltr'><strong>antequam</strong></span> <span class='ocrx_word' id='word_1_81' title='bbox 1977 1288 2087 1342; x_wconf 87' lang='lat' dir='ltr'><strong>ori-</strong></span> 
     </span>
    </p>
   </div>
   <div class='ocr_carea' id='block_1_14' title="bbox 518 1380 2087 1452">
    <p class='ocr_par' dir='ltr' id='par_1_14' title="bbox 518 1380 2087 1452">
     <span class='ocr_line' id='line_1_14' title="bbox 518 1380 2087 1452; baseline -0.001 -15"><span class='ocrx_word' id='word_1_82' title='bbox 518 1392 706 1437; x_wconf 87' lang='lat' dir='ltr'><strong>rentur</strong></span> <span class='ocrx_word' id='word_1_83' title='bbox 746 1397 809 1438; x_wconf 88' lang='lat' dir='ltr'><strong>ea</strong></span> <span class='ocrx_word' id='word_1_84' title='bbox 851 1396 973 1452; x_wconf 70' lang='lat' dir='ltr'><strong>qua:</strong></span> <span class='ocrx_word' id='word_1_85' title='bbox 1019 1389 1177 1435; x_wconf 84' lang='lat' dir='ltr'><strong>erant</strong></span> <span class='ocrx_word' id='word_1_86' title='bbox 1221 1380 1403 1435; x_wconf 82' lang='lat' dir='ltr'><strong>futura</strong></span> <span class='ocrx_word' id='word_1_87' title='bbox 1449 1389 1794 1452; x_wconf 78' lang='lat' dir='ltr'><strong>cognoverat,</strong></span> <span class='ocrx_word' id='word_1_88' title='bbox 1835 1381 2087 1450; x_wconf 88' lang='lat' dir='ltr'><strong>loquere-</strong></span> 
     </span>
    </p>
   </div>
   <div class='ocr_carea' id='block_1_15' title="bbox 517 1471 2085 1543">
    <p class='ocr_par' dir='ltr' id='par_1_15' title="bbox 517 1471 2085 1543">
     <span class='ocr_line' id='line_1_15' title="bbox 517 1471 2085 1543; baseline -0.001 -15"><span class='ocrx_word' id='word_1_89' title='bbox 517 1483 605 1529; x_wconf 97' lang='lat' dir='ltr'><strong>tur</strong></span> <span class='ocrx_word' id='word_1_90' title='bbox 631 1474 679 1507; x_wconf 80' lang='grc'>⁸⁸</span> <span class='ocrx_word' id='word_1_91' title='bbox 707 1492 720 1527; x_wconf 90' lang='lat'>:</span> <span class='ocrx_word' id='word_1_92' title='bbox 758 1473 889 1538; x_wconf 84' lang='lat' dir='ltr'><strong>Quis</strong></span> <span class='ocrx_word' id='word_1_93' title='bbox 913 1481 1069 1541; x_wconf 87' lang='lat' dir='ltr'><strong>putas</strong></span> <span class='ocrx_word' id='word_1_94' title='bbox 1096 1482 1174 1527; x_wconf 87' lang='lat' dir='ltr'><strong>est</strong></span> <span class='ocrx_word' id='word_1_95' title='bbox 1206 1472 1380 1543; x_wconf 81' lang='lat' dir='ltr'><strong>ﬁdelis</strong></span> <span class='ocrx_word' id='word_1_96' title='bbox 1410 1471 1752 1541; x_wconf 82' lang='lat' dir='ltr'><strong>dispensator</strong></span> <span class='ocrx_word' id='word_1_97' title='bbox 1773 1481 1822 1527; x_wconf 89' lang='lat' dir='ltr'><strong>et</strong></span> <span class='ocrx_word' id='word_1_98' title='bbox 1853 1473 2085 1541; x_wconf 85' lang='lat' dir='ltr'><strong>sapiens,</strong></span> 
     </span>
    </p>
   </div>
   <div class='ocr_carea' id='block_1_16' title="bbox 513 1563 2086 1633">
    <p class='ocr_par' dir='ltr' id='par_1_16' title="bbox 513 1563 2086 1633">
     <span class='ocr_line' id='line_1_16' title="bbox 513 1563 2086 1633; baseline 0.001 -16"><span class='ocrx_word' id='word_1_99' title='bbox 513 1580 665 1633; x_wconf 86' lang='lat' dir='ltr'><strong>quem</strong></span> <span class='ocrx_word' id='word_1_100' title='bbox 691 1565 965 1618; x_wconf 82' lang='lat' dir='ltr'><strong>constituit</strong></span> <span class='ocrx_word' id='word_1_101' title='bbox 993 1563 1245 1618; x_wconf 82' lang='lat' dir='ltr'><strong>Dominus</strong></span> <span class='ocrx_word' id='word_1_102' title='bbox 1274 1578 1430 1631; x_wconf 84' lang='lat' dir='ltr'><strong>super</strong></span> <span class='ocrx_word' id='word_1_103' title='bbox 1461 1563 1726 1632; x_wconf 85' lang='lat' dir='ltr'><strong>familiam</strong></span> <span class='ocrx_word' id='word_1_104' title='bbox 1756 1580 1929 1629; x_wconf 87' lang='lat' dir='ltr'><strong>suam,</strong></span> <span class='ocrx_word' id='word_1_105' title='bbox 1958 1564 2086 1619; x_wconf 86' lang='lat' dir='ltr'><strong>dare</strong></span> 
     </span>
    </p>
   </div>
   <div class='ocr_carea' id='block_1_17' title="bbox 513 1653 2084 1725">
    <p class='ocr_par' dir='ltr' id='par_1_17' title="bbox 513 1653 2084 1725">
     <span class='ocr_line' id='line_1_17' title="bbox 513 1653 2084 1725; baseline 0.001 -16"><span class='ocrx_word' id='word_1_106' title='bbox 513 1658 568 1709; x_wconf 87' lang='lat' dir='ltr'><strong>in</strong></span> <span class='ocrx_word' id='word_1_107' title='bbox 600 1664 825 1723; x_wconf 84' lang='lat' dir='ltr'><strong>tempore</strong></span> <span class='ocrx_word' id='word_1_108' title='bbox 860 1655 1063 1709; x_wconf 85' lang='lat' dir='ltr'><strong>cibaria</strong></span> <span class='ocrx_word' id='word_1_109' title='bbox 1107 1653 1366 1707; x_wconf 77' lang='lat' dir='ltr'><strong>conservis</strong></span> <span class='ocrx_word' id='word_1_110' title='bbox 1405 1654 1563 1708; x_wconf 76' lang='lat' dir='ltr'><strong>suis?</strong></span> <span class='ocrx_word' id='word_1_111' title='bbox 1589 1654 1653 1709; x_wconf 87' lang='lat' dir='ltr'><strong>Et</strong></span> <span class='ocrx_word' id='word_1_112' title='bbox 1677 1664 1800 1724; x_wconf 90' lang='lat' dir='ltr'><strong>post</strong></span> <span class='ocrx_word' id='word_1_113' title='bbox 1826 1656 2084 1725; x_wconf 90' lang='lat' dir='ltr'><strong>pusillum</strong></span> 
     </span>
    </p>
   </div>
   <div class='ocr_carea' id='block_1_18' title="bbox 514 1741 2086 1813">
    <p class='ocr_par' dir='ltr' id='par_1_18' title="bbox 514 1741 2086 1813">
     <span class='ocr_line' id='line_1_18' title="bbox 514 1741 2086 1813; baseline 0 -14"><span class='ocrx_word' id='word_1_114' title='bbox 514 1753 771 1800; x_wconf 84' lang='lat' dir='ltr'><strong>causatus</strong></span> <span class='ocrx_word' id='word_1_115' title='bbox 796 1744 865 1800; x_wconf 93' lang='lat' dir='ltr'><strong>de</strong></span> <span class='ocrx_word' id='word_1_116' title='bbox 895 1741 1223 1813; x_wconf 81' lang='lat' dir='ltr'><strong>quibusdam</strong></span> <span class='ocrx_word' id='word_1_117' title='bbox 1263 1742 1733 1812; x_wconf 84' lang='lat' dir='ltr'><strong>dispensatoribus</strong></span> <span class='ocrx_word' id='word_1_118' title='bbox 1764 1745 1969 1813; x_wconf 87' lang='lat' dir='ltr'><strong>intulit,</strong></span> <span class='ocrx_word' id='word_1_119' title='bbox 2002 1746 2086 1800; x_wconf 88' lang='lat' dir='ltr'><strong>di-</strong></span> 
     </span>
    </p>
   </div>
   <div class='ocr_carea' id='block_1_19' title="bbox 512 1832 2084 1906">
    <p class='ocr_par' dir='ltr' id='par_1_19' title="bbox 512 1832 2084 1906">
     <span class='ocr_line' id='line_1_19' title="bbox 512 1832 2084 1906; baseline 0.001 -16"><span class='ocrx_word' id='word_1_120' title='bbox 512 1850 643 1891; x_wconf 87' lang='lat' dir='ltr'><strong>cens</strong></span> <span class='ocrx_word' id='word_1_121' title='bbox 666 1834 711 1867; x_wconf 83' lang='lat'><strong><em>&quot;</em></strong></span> <span class='ocrx_word' id='word_1_122' title='bbox 734 1853 746 1889; x_wconf 92' lang='lat'>:</span> <span class='ocrx_word' id='word_1_123' title='bbox 775 1832 837 1889; x_wconf 88' lang='lat' dir='ltr'><strong>Si</strong></span> <span class='ocrx_word' id='word_1_124' title='bbox 867 1844 1043 1888; x_wconf 87' lang='lat' dir='ltr'><strong>autem</strong></span> <span class='ocrx_word' id='word_1_125' title='bbox 1069 1836 1290 1906; x_wconf 84' lang='lat' dir='ltr'><strong>incipiat</strong></span> <span class='ocrx_word' id='word_1_126' title='bbox 1317 1838 1488 1889; x_wconf 88' lang='lat' dir='ltr'><strong>malus</strong></span> <span class='ocrx_word' id='word_1_127' title='bbox 1518 1850 1694 1890; x_wconf 81' lang='lat' dir='ltr'><strong>seruus</strong></span> <span class='ocrx_word' id='word_1_128' title='bbox 1722 1836 1895 1891; x_wconf 86' lang='lat' dir='ltr'><strong>dicere</strong></span> <span class='ocrx_word' id='word_1_129' title='bbox 1920 1852 1940 1890; x_wconf 91' lang='lat'><strong><em>:</em></strong></span> <span class='ocrx_word' id='word_1_130' title='bbox 1967 1836 2084 1891; x_wconf 75' lang='grc' dir='ltr'><em>ιιο.</em></span> 
     </span>
    </p>
   </div>
   <div class='ocr_carea' id='block_1_20' title="bbox 510 1923 2085 1994">
    <p class='ocr_par' dir='ltr' id='par_1_20' title="bbox 510 1923 2085 1994">
     <span class='ocr_line' id='line_1_20' title="bbox 510 1923 2085 1994; baseline 0.003 -16"><span class='ocrx_word' id='word_1_131' title='bbox 510 1933 666 1978; x_wconf 87' lang='lat' dir='ltr'><strong>ratur</strong></span> <span class='ocrx_word' id='word_1_132' title='bbox 700 1924 945 1979; x_wconf 89' lang='lat' dir='ltr'><strong>dominus</strong></span> <span class='ocrx_word' id='word_1_133' title='bbox 975 1939 1120 1979; x_wconf 85' lang='lat' dir='ltr'><strong>meus</strong></span> <span class='ocrx_word' id='word_1_134' title='bbox 1146 1924 1351 1989; x_wconf 83' lang='lat' dir='ltr'><strong>venire;</strong></span> <span class='ocrx_word' id='word_1_135' title='bbox 1387 1936 1439 1978; x_wconf 85' lang='lat' dir='ltr'><strong>et</strong></span> <span class='ocrx_word' id='word_1_136' title='bbox 1473 1923 1635 1994; x_wconf 76' lang='lat'><strong>190</strong></span> <span class='ocrx_word' id='word_1_137' title='bbox 1658 1927 1867 1994; x_wconf 67' lang='lat' dir='ltr'><strong>ceperit</strong></span> <span class='ocrx_word' id='word_1_138' title='bbox 1886 1925 2085 1982; x_wconf 63' lang='lat' dir='ltr'><strong>credere</strong></span> 
     </span>
    </p>
   </div>
   <div class='ocr_carea' id='block_1_21' title="bbox 509 2014 2082 2084">
    <p class='ocr_par' dir='ltr' id='par_1_21' title="bbox 509 2014 2082 2084">
     <span class='ocr_line' id='line_1_21' title="bbox 509 2014 2082 2084; baseline 0.001 -14"><span class='ocrx_word' id='word_1_139' title='bbox 509 2031 683 2071; x_wconf 77' lang='lat' dir='ltr'><strong>seruos</strong></span> <span class='ocrx_word' id='word_1_140' title='bbox 711 2024 761 2069; x_wconf 89' lang='lat' dir='ltr'><strong>et</strong></span> <span class='ocrx_word' id='word_1_141' title='bbox 789 2014 1037 2082; x_wconf 76' lang='lat' dir='ltr'><strong>ancillas,</strong></span> <span class='ocrx_word' id='word_1_142' title='bbox 1062 2025 1112 2069; x_wconf 91' lang='lat' dir='ltr'><strong>et</strong></span> <span class='ocrx_word' id='word_1_143' title='bbox 1144 2014 1430 2082; x_wconf 77' lang='lat' dir='ltr'><strong>comedere,</strong></span> <span class='ocrx_word' id='word_1_144' title='bbox 1450 2024 1499 2069; x_wconf 89' lang='lat' dir='ltr'><strong>et</strong></span> <span class='ocrx_word' id='word_1_145' title='bbox 1530 2016 1721 2079; x_wconf 90' lang='lat' dir='ltr'><strong>bibere,</strong></span> <span class='ocrx_word' id='word_1_146' title='bbox 1737 2025 1787 2070; x_wconf 92' lang='lat' dir='ltr'><strong>et</strong></span> <span class='ocrx_word' id='word_1_147' title='bbox 1808 2016 2082 2084; x_wconf 83' lang='lat' dir='ltr'><strong>inebriari,</strong></span> 
     </span>
    </p>
   </div>
   <div class='ocr_carea' id='block_1_22' title="bbox 508 2105 2085 2178">
    <p class='ocr_par' dir='ltr' id='par_1_22' title="bbox 508 2105 2085 2178">
     <span class='ocr_line' id='line_1_22' title="bbox 508 2105 2085 2178; baseline 0.002 -18"><span class='ocrx_word' id='word_1_148' title='bbox 508 2108 648 2161; x_wconf 77' lang='lat' dir='ltr'><strong>uenit</strong></span> <span class='ocrx_word' id='word_1_149' title='bbox 689 2106 945 2161; x_wconf 86' lang='lat' dir='ltr'><strong>Dominus</strong></span> <span class='ocrx_word' id='word_1_150' title='bbox 974 2107 1110 2161; x_wconf 82' lang='lat' dir='ltr'><strong>servi</strong></span> <span class='ocrx_word' id='word_1_151' title='bbox 1143 2105 1290 2159; x_wconf 87' lang='lat' dir='ltr'><strong>illius</strong></span> <span class='ocrx_word' id='word_1_152' title='bbox 1331 2107 1386 2160; x_wconf 91' lang='lat' dir='ltr'><strong>in</strong></span> <span class='ocrx_word' id='word_1_153' title='bbox 1421 2107 1508 2161; x_wconf 89' lang='lat' dir='ltr'><strong>die</strong></span> <span class='ocrx_word' id='word_1_154' title='bbox 1534 2124 1639 2178; x_wconf 89' lang='lat' dir='ltr'><strong>qua</strong></span> <span class='ocrx_word' id='word_1_155' title='bbox 1672 2123 1773 2161; x_wconf 91' lang='lat' dir='ltr'><strong>non</strong></span> <span class='ocrx_word' id='word_1_156' title='bbox 1801 2117 1996 2178; x_wconf 89' lang='lat' dir='ltr'><strong>sperat,</strong></span> <span class='ocrx_word' id='word_1_157' title='bbox 2032 2118 2085 2163; x_wconf 90' lang='lat' dir='ltr'><strong>et</strong></span> 
     </span>
    </p>
   </div>
   <div class='ocr_carea' id='block_1_23' title="bbox 509 2197 2083 2267">
    <p class='ocr_par' dir='ltr' id='par_1_23' title="bbox 509 2197 2083 2267">
     <span class='ocr_line' id='line_1_23' title="bbox 509 2197 2083 2267; baseline 0.001 -16"><span class='ocrx_word' id='word_1_158' title='bbox 509 2200 640 2251; x_wconf 87' lang='lat' dir='ltr'><strong>hora</strong></span> <span class='ocrx_word' id='word_1_159' title='bbox 661 2212 765 2267; x_wconf 88' lang='lat' dir='ltr'><strong>qua</strong></span> <span class='ocrx_word' id='word_1_160' title='bbox 790 2197 977 2265; x_wconf 82' lang='lat' dir='ltr'><strong>nescit,</strong></span> <span class='ocrx_word' id='word_1_161' title='bbox 996 2205 1046 2251; x_wconf 90' lang='lat' dir='ltr'><strong>et</strong></span> <span class='ocrx_word' id='word_1_162' title='bbox 1068 2197 1259 2252; x_wconf 81' lang='lat' dir='ltr'><strong>dividit</strong></span> <span class='ocrx_word' id='word_1_163' title='bbox 1281 2198 1459 2263; x_wconf 88' lang='lat' dir='ltr'><strong>illum,</strong></span> <span class='ocrx_word' id='word_1_164' title='bbox 1486 2208 1534 2252; x_wconf 90' lang='lat' dir='ltr'><strong>et</strong></span> <span class='ocrx_word' id='word_1_165' title='bbox 1565 2208 1767 2267; x_wconf 86' lang='lat' dir='ltr'><strong>partem</strong></span> <span class='ocrx_word' id='word_1_166' title='bbox 1789 2199 1937 2253; x_wconf 87' lang='lat' dir='ltr'><strong>illius</strong></span> <span class='ocrx_word' id='word_1_167' title='bbox 1962 2215 2083 2253; x_wconf 87' lang='lat' dir='ltr'><strong>cum</strong></span> 
     </span>
    </p>
   </div>
   <div class='ocr_carea' id='block_1_24' title="bbox 509 2286 2076 2361">
    <p class='ocr_par' dir='ltr' id='par_1_24' title="bbox 509 2286 2076 2361">
     <span class='ocr_line' id='line_1_24' title="bbox 509 2286 2076 2361; baseline 0.004 -20"><span class='ocrx_word' id='word_1_168' title='bbox 509 2286 812 2356; x_wconf 82' lang='lat' dir='ltr'><strong>inﬁdelibus</strong></span> <span class='ocrx_word' id='word_1_169' title='bbox 851 2288 1020 2357; x_wconf 88' lang='lat' dir='ltr'><strong>ponit.</strong></span> <span class='ocrx_word' id='word_1_170' title='bbox 1069 2286 1286 2344; x_wconf 72' lang='lat' dir='ltr'><strong>Haecin</strong></span> <span class='ocrx_word' id='word_1_171' title='bbox 1331 2303 1398 2343; x_wconf 88' lang='lat' dir='ltr'><strong>eo</strong></span> <span class='ocrx_word' id='word_1_172' title='bbox 1446 2290 1594 2360; x_wconf 89' lang='lat' dir='ltr'><strong>quod</strong></span> <span class='ocrx_word' id='word_1_173' title='bbox 1644 2292 1904 2361; x_wconf 88' lang='lat' dir='ltr'><strong>scriptum</strong></span> <span class='ocrx_word' id='word_1_174' title='bbox 1952 2300 2076 2347; x_wconf 90' lang='lat' dir='ltr'><strong>est:</strong></span> 
     </span>
    </p>
   </div>
   <div class='ocr_carea' id='block_1_25' title="bbox 510 2381 1431 2451">
    <p class='ocr_par' dir='ltr' id='par_1_25' title="bbox 510 2381 1431 2451">
     <span class='ocr_line' id='line_1_25' title="bbox 510 2381 1431 2451; baseline 0 -15"><span class='ocrx_word' id='word_1_175' title='bbox 510 2381 655 2437; x_wconf 83' lang='lat' dir='ltr'><strong>Cleri</strong></span> <span class='ocrx_word' id='word_1_176' title='bbox 678 2395 861 2436; x_wconf 86' lang='lat' dir='ltr'><strong>eorum</strong></span> <span class='ocrx_word' id='word_1_177' title='bbox 884 2396 988 2435; x_wconf 90' lang='lat' dir='ltr'><strong>non</strong></span> <span class='ocrx_word' id='word_1_178' title='bbox 1016 2382 1303 2451; x_wconf 87' lang='lat' dir='ltr'><strong>proderunt</strong></span> <span class='ocrx_word' id='word_1_179' title='bbox 1336 2381 1431 2436; x_wconf 87' lang='lat' dir='ltr'><strong>eis.</strong></span> 
     </span>
    </p>
   </div>
   <div class='ocr_carea' id='block_1_26' title="bbox 577 2469 2080 2545">
    <p class='ocr_par' dir='ltr' id='par_1_26' title="bbox 577 2469 2080 2545">
     <span class='ocr_line' id='line_1_26' title="bbox 577 2469 2080 2545; baseline 0.001 -18"><span class='ocrx_word' id='word_1_180' title='bbox 577 2471 634 2528; x_wconf 69' lang='grc'><strong>4.</strong></span> <span class='ocrx_word' id='word_1_181' title='bbox 677 2469 970 2529; x_wconf 84' lang='lat' dir='ltr'><strong>Videamus</strong></span> <span class='ocrx_word' id='word_1_182' title='bbox 991 2482 1174 2528; x_wconf 84' lang='lat' dir='ltr'><strong>autem</strong></span> <span class='ocrx_word' id='word_1_183' title='bbox 1203 2481 1257 2529; x_wconf 91' lang='lat' dir='ltr'><strong>et</strong></span> <span class='ocrx_word' id='word_1_184' title='bbox 1295 2472 1519 2545; x_wconf 86' lang='lat' dir='ltr'><strong>reliquis</strong></span> <span class='ocrx_word' id='word_1_185' title='bbox 1562 2473 1924 2530; x_wconf 87' lang='lat' dir='ltr'><strong>necessariam</strong></span> <span class='ocrx_word' id='word_1_186' title='bbox 1958 2489 2080 2531; x_wconf 88' lang='lat' dir='ltr'><strong>eor-</strong></span> 
     </span>
    </p>
   </div>
   <div class='ocr_carea' id='block_1_27' title="bbox 508 2564 2079 2636">
    <p class='ocr_par' dir='ltr' id='par_1_27' title="bbox 508 2564 2079 2636">
     <span class='ocr_line' id='line_1_27' title="bbox 508 2564 2079 2636; baseline 0.001 -17"><span class='ocrx_word' id='word_1_187' title='bbox 508 2564 833 2635; x_wconf 84' lang='lat' dir='ltr'><strong>reptionem,</strong></span> <span class='ocrx_word' id='word_1_188' title='bbox 885 2580 1072 2636; x_wconf 92' lang='lat' dir='ltr'><strong>quam,</strong></span> <span class='ocrx_word' id='word_1_189' title='bbox 1115 2574 1175 2621; x_wconf 90' lang='lat' dir='ltr'><strong>ut</strong></span> <span class='ocrx_word' id='word_1_190' title='bbox 1210 2566 1345 2621; x_wconf 83' lang='lat' dir='ltr'><strong>mihi</strong></span> <span class='ocrx_word' id='word_1_191' title='bbox 1375 2567 1608 2633; x_wconf 89' lang='lat' dir='ltr'><strong>videtur,</strong></span> <span class='ocrx_word' id='word_1_192' title='bbox 1640 2566 1694 2620; x_wconf 88' lang='lat' dir='ltr'><strong>in</strong></span> <span class='ocrx_word' id='word_1_193' title='bbox 1736 2567 1927 2620; x_wconf 81' lang='lat' dir='ltr'><strong>morali</strong></span> <span class='ocrx_word' id='word_1_194' title='bbox 1959 2567 2079 2621; x_wconf 86' lang='lat' dir='ltr'><strong>loco</strong></span> 
     </span>
    </p>
   </div>
   <div class='ocr_carea' id='block_1_28' title="bbox 504 2659 2079 2732">
    <p class='ocr_par' dir='ltr' id='par_1_28' title="bbox 504 2659 2079 2732">
     <span class='ocr_line' id='line_1_28' title="bbox 504 2659 2079 2732; baseline -0.001 -18"><span class='ocrx_word' id='word_1_195' title='bbox 504 2660 769 2716; x_wconf 86' lang='lat' dir='ltr'><strong>debemus</strong></span> <span class='ocrx_word' id='word_1_196' title='bbox 806 2661 1050 2731; x_wconf 86' lang='lat' dir='ltr'><strong>accipere</strong></span> <span class='ocrx_word' id='word_1_197' title='bbox 1085 2679 1097 2715; x_wconf 91' lang='lat'><strong>:</strong></span> <span class='ocrx_word' id='word_1_198' title='bbox 1134 2659 1538 2730; x_wconf 76' lang='lat' dir='ltr'><strong>Confundimini</strong></span> <span class='ocrx_word' id='word_1_199' title='bbox 1581 2679 1613 2715; x_wconf 92' lang='lat' dir='ltr'><strong>a</strong></span> <span class='ocrx_word' id='word_1_200' title='bbox 1653 2661 1967 2732; x_wconf 84' lang='lat' dir='ltr'><strong>gloriatione</strong></span> <span class='ocrx_word' id='word_1_201' title='bbox 1995 2676 2079 2714; x_wconf 82' lang='lat' dir='ltr'><strong>ve-</strong></span> 
     </span>
    </p>
   </div>
   <div class='ocr_carea' id='block_1_29' title="bbox 506 2750 2078 2822">
    <p class='ocr_par' dir='ltr' id='par_1_29' title="bbox 506 2750 2078 2822">
     <span class='ocr_line' id='line_1_29' title="bbox 506 2750 2078 2822; baseline 0.001 -18"><span class='ocrx_word' id='word_1_202' title='bbox 506 2762 643 2817; x_wconf 91' lang='lat' dir='ltr'><strong>stra,</strong></span> <span class='ocrx_word' id='word_1_203' title='bbox 695 2753 761 2805; x_wconf 91' lang='lat' dir='ltr'><strong>ab</strong></span> <span class='ocrx_word' id='word_1_204' title='bbox 816 2752 1091 2821; x_wconf 86' lang='lat' dir='ltr'><strong>opprobrio</strong></span> <span class='ocrx_word' id='word_1_205' title='bbox 1138 2752 1193 2805; x_wconf 89' lang='lat' dir='ltr'><strong>in</strong></span> <span class='ocrx_word' id='word_1_206' title='bbox 1241 2762 1521 2822; x_wconf 82' lang='lat' dir='ltr'><strong>conspectu</strong></span> <span class='ocrx_word' id='word_1_207' title='bbox 1570 2751 1783 2806; x_wconf 87' lang='lat' dir='ltr'><strong>Domini</strong></span> <span class='ocrx_word' id='word_1_208' title='bbox 1802 2752 1872 2805; x_wconf 82' lang='grc'><strong>⁵⁸.</strong></span> <span class='ocrx_word' id='word_1_209' title='bbox 1910 2750 2078 2806; x_wconf 79' lang='lat' dir='ltr'><strong>Multa</strong></span> 
     </span>
    </p>
   </div>
   <div class='ocr_carea' id='block_1_30' title="bbox 508 2841 2077 2912">
    <p class='ocr_par' dir='ltr' id='par_1_30' title="bbox 508 2841 2077 2912">
     <span class='ocr_line' id='line_1_30' title="bbox 508 2841 2077 2912; baseline -0.001 -15"><span class='ocrx_word' id='word_1_210' title='bbox 508 2850 639 2897; x_wconf 82' lang='lat' dir='ltr'><strong>sunt</strong></span> <span class='ocrx_word' id='word_1_211' title='bbox 691 2841 747 2895; x_wconf 90' lang='lat' dir='ltr'><strong>in</strong></span> <span class='ocrx_word' id='word_1_212' title='bbox 808 2841 1011 2911; x_wconf 83' lang='lat' dir='ltr'><strong>quibus</strong></span> <span class='ocrx_word' id='word_1_213' title='bbox 1059 2842 1354 2910; x_wconf 78' lang='lat' dir='ltr'><strong>gloriantes</strong></span> <span class='ocrx_word' id='word_1_214' title='bbox 1407 2842 1776 2912; x_wconf 83' lang='lat' dir='ltr'><strong>insipientiam</strong></span> <span class='ocrx_word' id='word_1_215' title='bbox 1833 2851 2077 2898; x_wconf 91' lang='lat' dir='ltr'><strong>nostram</strong></span> 
     </span>
    </p>
   </div>
   <div class='ocr_carea' id='block_1_31' title="bbox 507 2930 2081 3003">
    <p class='ocr_par' dir='ltr' id='par_1_31' title="bbox 507 2930 2081 3003">
     <span class='ocr_line' id='line_1_31' title="bbox 507 2930 2081 3003; baseline 0.004 -19"><span class='ocrx_word' id='word_1_216' title='bbox 507 2931 867 2988; x_wconf 83' lang='lat' dir='ltr'><strong>ostendimus.</strong></span> <span class='ocrx_word' id='word_1_217' title='bbox 904 2930 1063 2986; x_wconf 83' lang='lat' dir='ltr'><strong>Verbi</strong></span> <span class='ocrx_word' id='word_1_218' title='bbox 1099 2933 1270 3003; x_wconf 85' lang='lat' dir='ltr'><strong>gratia</strong></span> <span class='ocrx_word' id='word_1_219' title='bbox 1307 2951 1320 2987; x_wconf 90' lang='lat'><strong>:</strong></span> <span class='ocrx_word' id='word_1_220' title='bbox 1351 2932 1397 2988; x_wconf 90' lang='lat' dir='ltr'><strong>si</strong></span> <span class='ocrx_word' id='word_1_221' title='bbox 1426 2934 1522 3003; x_wconf 89' lang='lat' dir='ltr'><strong>qui</strong></span> <span class='ocrx_word' id='word_1_222' title='bbox 1561 2933 1614 2987; x_wconf 86' lang='lat' dir='ltr'><strong>in</strong></span> <span class='ocrx_word' id='word_1_223' title='bbox 1647 2933 1831 2989; x_wconf 89' lang='lat' dir='ltr'><strong>multis</strong></span> <span class='ocrx_word' id='word_1_224' title='bbox 1864 2948 2081 3003; x_wconf 88' lang='lat' dir='ltr'><strong>posses-</strong></span> 
     </span>
    </p>
   </div>
   <div class='ocr_carea' id='block_1_32' title="bbox 506 3022 2078 3098">
    <p class='ocr_par' dir='ltr' id='par_1_32' title="bbox 506 3022 2078 3098">
     <span class='ocr_line' id='line_1_32' title="bbox 506 3022 2078 3098; baseline 0.003 -20"><span class='ocrx_word' id='word_1_225' title='bbox 506 3022 755 3079; x_wconf 84' lang='lat' dir='ltr'><strong>sionibus</strong></span> <span class='ocrx_word' id='word_1_226' title='bbox 786 3023 1112 3093; x_wconf 79' lang='lat' dir='ltr'><strong>gloriantur,</strong></span> <span class='ocrx_word' id='word_1_227' title='bbox 1143 3024 1278 3080; x_wconf 84' lang='lat' dir='ltr'><strong>dicit</strong></span> <span class='ocrx_word' id='word_1_228' title='bbox 1310 3025 1394 3080; x_wconf 84' lang='lat' dir='ltr'><strong>eis</strong></span> <span class='ocrx_word' id='word_1_229' title='bbox 1427 3043 1441 3079; x_wconf 87' lang='lat'><strong>:</strong></span> <span class='ocrx_word' id='word_1_230' title='bbox 1476 3025 1879 3095; x_wconf 76' lang='lat' dir='ltr'><strong>Confundimini</strong></span> <span class='ocrx_word' id='word_1_231' title='bbox 1905 3044 1939 3082; x_wconf 87' lang='lat' dir='ltr'><strong>a</strong></span> <span class='ocrx_word' id='word_1_232' title='bbox 1965 3027 2078 3098; x_wconf 91' lang='lat' dir='ltr'><strong>glo-</strong></span> 
     </span>
    </p>
   </div>
   <div class='ocr_carea' id='block_1_33' title="bbox 507 3114 2079 3186">
    <p class='ocr_par' dir='ltr' id='par_1_33' title="bbox 507 3114 2079 3186">
     <span class='ocr_line' id='line_1_33' title="bbox 507 3114 2079 3186; baseline 0.003 -18"><span class='ocrx_word' id='word_1_233' title='bbox 507 3115 736 3169; x_wconf 87' lang='lat' dir='ltr'><strong>riatione</strong></span> <span class='ocrx_word' id='word_1_234' title='bbox 759 3128 950 3170; x_wconf 79' lang='lat' dir='ltr'><strong>uestra.</strong></span> <span class='ocrx_word' id='word_1_235' title='bbox 987 3114 1045 3170; x_wconf 92' lang='lat' dir='ltr'><strong>Si</strong></span> <span class='ocrx_word' id='word_1_236' title='bbox 1079 3115 1173 3186; x_wconf 88' lang='lat' dir='ltr'><strong>qui</strong></span> <span class='ocrx_word' id='word_1_237' title='bbox 1203 3114 1509 3185; x_wconf 77' lang='lat' dir='ltr'><strong>gloriantur</strong></span> <span class='ocrx_word' id='word_1_238' title='bbox 1541 3117 1597 3171; x_wconf 92' lang='lat' dir='ltr'><strong>in</strong></span> <span class='ocrx_word' id='word_1_239' title='bbox 1635 3117 1850 3186; x_wconf 83' lang='lat' dir='ltr'><strong>generis</strong></span> <span class='ocrx_word' id='word_1_240' title='bbox 1881 3118 2079 3174; x_wconf 79' lang='lat' dir='ltr'><strong>nobili-</strong></span> 
     </span>
    </p>
   </div>
   <div class='ocr_carea' id='block_1_34' title="bbox 2196 645 3767 718">
    <p class='ocr_par' dir='ltr' id='par_1_34' title="bbox 2196 645 3767 718">
     <span class='ocr_line' id='line_1_34' title="bbox 2196 645 3767 718; baseline 0.001 -18"><span class='ocrx_word' id='word_1_241' title='bbox 2196 646 2406 718; x_wconf 82' lang='grc' dir='ltr'><em>μεγάλα</em></span> <span class='ocrx_word' id='word_1_242' title='bbox 2425 649 2455 700; x_wconf 89' lang='grc' dir='ltr'><strong>ό</strong></span> <span class='ocrx_word' id='word_1_243' title='bbox 2481 647 2819 711; x_wconf 82' lang='grc' dir='ltr'><em>Ἀπόστολος,</em></span> <span class='ocrx_word' id='word_1_244' title='bbox 2862 648 3150 711; x_wconf 81' lang='grc' dir='ltr'><strong>Ἀκούετε,</strong></span> <span class='ocrx_word' id='word_1_245' title='bbox 3174 648 3338 718; x_wconf 80' lang='grc' dir='ltr'><em>φησίν</em></span> <span class='ocrx_word' id='word_1_246' title='bbox 3356 663 3370 678; x_wconf 74' lang='grc' dir='ltr'><strong>ο</strong></span> <span class='ocrx_word' id='word_1_247' title='bbox 3394 646 3584 712; x_wconf 80' lang='grc' dir='ltr'><em>οὓτως</em></span> <span class='ocrx_word' id='word_1_248' title='bbox 3608 645 3767 716; x_wconf 73' lang='grc' dir='ltr'><em>ἡμᾶς</em></span> 
     </span>
    </p>
   </div>
   <div class='ocr_carea' id='block_1_35' title="bbox 2188 736 3765 809">
    <p class='ocr_par' dir='ltr' id='par_1_35' title="bbox 2188 736 3765 809">
     <span class='ocr_line' id='line_1_35' title="bbox 2188 736 3765 809; baseline -0.001 -16"><span class='ocrx_word' id='word_1_249' title='bbox 2188 736 2509 809; x_wconf 66' lang='grc' dir='ltr'><em>λογιζὲσθω</em></span> <span class='ocrx_word' id='word_1_250' title='bbox 2552 738 2863 806; x_wconf 76' lang='grc' dir='ltr'><em>ἄνθρωπος</em></span> <span class='ocrx_word' id='word_1_251' title='bbox 2891 740 2972 805; x_wconf 85' lang='grc' dir='ltr'><em>ὡς</em></span> <span class='ocrx_word' id='word_1_252' title='bbox 3001 739 3300 806; x_wconf 83' lang='grc' dir='ltr'><strong>ὑπηρέτας</strong></span> <span class='ocrx_word' id='word_1_253' title='bbox 3328 736 3612 805; x_wconf 76' lang='grc' dir='ltr'><strong>Χριστοῦ,</strong></span> <span class='ocrx_word' id='word_1_254' title='bbox 3663 737 3765 791; x_wconf 76' lang='grc' dir='ltr'><em>καὶ</em></span> 
     </span>
    </p>
   </div>
   <div class='ocr_carea' id='block_1_36' title="bbox 2189 827 3763 899">
    <p class='ocr_par' dir='ltr' id='par_1_36' title="bbox 2189 827 3763 899">
     <span class='ocr_line' id='line_1_36' title="bbox 2189 827 3763 899; baseline -0.003 -14"><span class='ocrx_word' id='word_1_255' title='bbox 2189 830 2542 899; x_wconf 85' lang='grc' dir='ltr'><em>οἰκονόμους</em></span> <span class='ocrx_word' id='word_1_256' title='bbox 2561 830 2908 899; x_wconf 80' lang='grc' dir='ltr'><strong>μυστηρίων</strong></span> <span class='ocrx_word' id='word_1_257' title='bbox 2934 829 3100 884; x_wconf 85' lang='grc' dir='ltr'><em>Θεοῦ.</em></span> <span class='ocrx_word' id='word_1_258' title='bbox 3150 830 3211 882; x_wconf 85' lang='lat'><strong>&#39;0</strong></span> <span class='ocrx_word' id='word_1_259' title='bbox 3242 828 3311 882; x_wconf 85' lang='grc' dir='ltr'><em>δὲ</em></span> <span class='ocrx_word' id='word_1_260' title='bbox 3342 828 3559 883; x_wconf 75' lang='grc' dir='ltr'><em>λοιπὸν</em></span> <span class='ocrx_word' id='word_1_261' title='bbox 3579 827 3763 895; x_wconf 78' lang='grc' dir='ltr'><em>ζητεῖ-</em></span> 
     </span>
    </p>
   </div>
   <div class='ocr_carea' id='block_1_37' title="bbox 2188 915 3760 988">
    <p class='ocr_par' dir='ltr' id='par_1_37' title="bbox 2188 915 3760 988">
     <span class='ocr_line' id='line_1_37' title="bbox 2188 915 3760 988; baseline -0.002 -15"><span class='ocrx_word' id='word_1_262' title='bbox 2188 935 2282 973; x_wconf 83' lang='grc' dir='ltr'><strong>ται</strong></span> <span class='ocrx_word' id='word_1_263' title='bbox 2324 919 2394 972; x_wconf 77' lang='grc' dir='ltr'><em>ἐν</em></span> <span class='ocrx_word' id='word_1_264' title='bbox 2433 918 2556 985; x_wconf 86' lang='grc' dir='ltr'><em>τοῖς</em></span> <span class='ocrx_word' id='word_1_265' title='bbox 2600 921 2951 988; x_wconf 87' lang='grc' dir='ltr'><em>οἰκονόμοις,</em></span> <span class='ocrx_word' id='word_1_266' title='bbox 2996 919 3096 971; x_wconf 77' lang='grc' dir='ltr'><em>ἵνα</em></span> <span class='ocrx_word' id='word_1_267' title='bbox 3136 918 3351 982; x_wconf 82' lang='grc' dir='ltr'><em>πιστός</em></span> <span class='ocrx_word' id='word_1_268' title='bbox 3390 934 3481 982; x_wconf 83' lang='grc' dir='ltr'><strong>τις</strong></span> <span class='ocrx_word' id='word_1_269' title='bbox 3523 915 3760 985; x_wconf 75' lang='grc' dir='ltr'><em>εὑρεθῇ.</em></span> 
     </span>
    </p>
   </div>
   <div class='ocr_carea' id='block_1_38' title="bbox 2188 1008 3763 1079">
    <p class='ocr_par' dir='ltr' id='par_1_38' title="bbox 2188 1008 3763 1079">
     <span class='ocr_line' id='line_1_38' title="bbox 2188 1008 3763 1079; baseline -0.001 -16"><span class='ocrx_word' id='word_1_270' title='bbox 2188 1009 2298 1063; x_wconf 74' lang='grc' dir='ltr'><strong>Καὶ</strong></span> <span class='ocrx_word' id='word_1_271' title='bbox 2329 1009 2484 1063; x_wconf 81' lang='grc' dir='ltr'><em>οὕτω</em></span> <span class='ocrx_word' id='word_1_272' title='bbox 2528 1010 2751 1064; x_wconf 80' lang='grc' dir='ltr'><em>σπάνιόν</em></span> <span class='ocrx_word' id='word_1_273' title='bbox 2784 1014 2931 1063; x_wconf 74' lang='grc' dir='ltr'><em>ἐστιν</em></span> <span class='ocrx_word' id='word_1_274' title='bbox 2959 1008 3242 1079; x_wconf 79' lang='grc' dir='ltr'><em>εὑρεθῆναι</em></span> <span class='ocrx_word' id='word_1_275' title='bbox 3265 1009 3545 1078; x_wconf 78' lang='grc' dir='ltr'><strong>οἰκονόμον</strong></span> <span class='ocrx_word' id='word_1_276' title='bbox 3573 1008 3763 1062; x_wconf 84' lang='grc' dir='ltr'><em>πιστὸν</em></span> 
     </span>
    </p>
   </div>
   <div class='ocr_carea' id='block_1_39' title="bbox 2196 1098 3761 1173">
    <p class='ocr_par' dir='ltr' id='par_1_39' title="bbox 2196 1098 3761 1173">
     <span class='ocr_line' id='line_1_39' title="bbox 2196 1098 3761 1173; baseline -0.003 -18"><span class='ocrx_word' id='word_1_277' title='bbox 2196 1102 2290 1155; x_wconf 78' lang='grc' dir='ltr'><em>καὶ</em></span> <span class='ocrx_word' id='word_1_278' title='bbox 2320 1101 2512 1154; x_wconf 86' lang='grc' dir='ltr'><em>καλόν·</em></span> <span class='ocrx_word' id='word_1_279' title='bbox 2558 1100 2764 1173; x_wconf 80' lang='grc' dir='ltr'><em>Ἰησοῦς</em></span> <span class='ocrx_word' id='word_1_280' title='bbox 2792 1103 2820 1153; x_wconf 88' lang='grc' dir='ltr'><strong>ό</strong></span> <span class='ocrx_word' id='word_1_281' title='bbox 2849 1098 3001 1165; x_wconf 86' lang='grc' dir='ltr'><em>εἰδὼς</em></span> <span class='ocrx_word' id='word_1_282' title='bbox 3035 1101 3100 1155; x_wconf 77' lang='grc' dir='ltr'><em>τὰ</em></span> <span class='ocrx_word' id='word_1_283' title='bbox 3126 1101 3300 1154; x_wconf 84' lang='grc' dir='ltr'><em>πάντα</em></span> <span class='ocrx_word' id='word_1_284' title='bbox 3332 1101 3463 1170; x_wconf 75' lang='grc' dir='ltr'><em>πρὶν</em></span> <span class='ocrx_word' id='word_1_285' title='bbox 3491 1099 3761 1168; x_wconf 81' lang='grc' dir='ltr'><em>γενέσεως</em></span> 
     </span>
    </p>
   </div>
   <div class='ocr_carea' id='block_1_40' title="bbox 2187 1191 3758 1261">
    <p class='ocr_par' dir='ltr' id='par_1_40' title="bbox 2187 1191 3758 1261">
     <span class='ocr_line' id='line_1_40' title="bbox 2187 1191 3758 1261; baseline -0.003 -14"><span class='ocrx_word' id='word_1_286' title='bbox 2187 1192 2365 1247; x_wconf 81' lang='grc' dir='ltr'><em>αὐτῶν</em></span> <span class='ocrx_word' id='word_1_287' title='bbox 2386 1193 2552 1261; x_wconf 74' lang='grc' dir='ltr'><em>λέγει’</em></span> <span class='ocrx_word' id='word_1_288' title='bbox 2583 1194 2678 1258; x_wconf 86' lang='grc' dir='ltr'><em>Τίς</em></span> <span class='ocrx_word' id='word_1_289' title='bbox 2700 1192 2817 1261; x_wconf 74' lang='grc' dir='ltr'><em>ἄρα</em></span> <span class='ocrx_word' id='word_1_290' title='bbox 2843 1192 3013 1246; x_wconf 82' lang='grc' dir='ltr'><em>ἐστὶν</em></span> <span class='ocrx_word' id='word_1_291' title='bbox 3035 1195 3068 1247; x_wconf 91' lang='grc' dir='ltr'><strong>ό</strong></span> <span class='ocrx_word' id='word_1_292' title='bbox 3097 1191 3313 1257; x_wconf 77' lang='grc' dir='ltr'><em>πιστὸς</em></span> <span class='ocrx_word' id='word_1_293' title='bbox 3331 1192 3641 1260; x_wconf 73' lang='grc' dir='ltr'><em>οἰκονόμος</em></span> <span class='ocrx_word' id='word_1_294' title='bbox 3658 1191 3758 1243; x_wconf 88' lang='grc' dir='ltr'><strong>καί</strong></span> 
     </span>
    </p>
   </div>
   <div class='ocr_carea' id='block_1_41' title="bbox 2186 1278 3758 1353">
    <p class='ocr_par' dir='ltr' id='par_1_41' title="bbox 2186 1278 3758 1353">
     <span class='ocr_line' id='line_1_41' title="bbox 2186 1278 3758 1353; baseline 0 -20"><span class='ocrx_word' id='word_1_295' title='bbox 2186 1284 2491 1353; x_wconf 76' lang='grc' dir='ltr'><em>φρόνιμος,</em></span> <span class='ocrx_word' id='word_1_296' title='bbox 2520 1281 2594 1335; x_wconf 84' lang='grc' dir='ltr'><em>ὃν</em></span> <span class='ocrx_word' id='word_1_297' title='bbox 2619 1282 2985 1351; x_wconf 78' lang='grc' dir='ltr'><strong>καταστήσει</strong></span> <span class='ocrx_word' id='word_1_298' title='bbox 3011 1285 3044 1335; x_wconf 86' lang='grc' dir='ltr'><strong>ό</strong></span> <span class='ocrx_word' id='word_1_299' title='bbox 3081 1282 3284 1349; x_wconf 88' lang='grc' dir='ltr'><em>κύριος</em></span> <span class='ocrx_word' id='word_1_300' title='bbox 3303 1280 3491 1334; x_wconf 86' lang='grc' dir='ltr'><em>αὑτοῦ</em></span> <span class='ocrx_word' id='word_1_301' title='bbox 3519 1280 3617 1333; x_wconf 75' lang='grc' dir='ltr'><strong>ἐπὶ</strong></span> <span class='ocrx_word' id='word_1_302' title='bbox 3646 1278 3758 1348; x_wconf 83' lang='grc' dir='ltr'><em>τῆς</em></span> 
     </span>
    </p>
   </div>
   <div class='ocr_carea' id='block_1_42' title="bbox 2186 1370 3757 1442">
    <p class='ocr_par' dir='ltr' id='par_1_42' title="bbox 2186 1370 3757 1442">
     <span class='ocr_line' id='line_1_42' title="bbox 2186 1370 3757 1442; baseline -0.005 -11"><span class='ocrx_word' id='word_1_303' title='bbox 2186 1377 2378 1442; x_wconf 83' lang='grc' dir='ltr'><em>οἰκίας</em></span> <span class='ocrx_word' id='word_1_304' title='bbox 2420 1374 2627 1438; x_wconf 85' lang='grc' dir='ltr'><em>αὐτοῦ,</em></span> <span class='ocrx_word' id='word_1_305' title='bbox 2670 1374 2897 1427; x_wconf 77' lang='grc' dir='ltr'><strong>διδόναι</strong></span> <span class='ocrx_word' id='word_1_306' title='bbox 2941 1373 3014 1426; x_wconf 79' lang='grc' dir='ltr'><em>ἐν</em></span> <span class='ocrx_word' id='word_1_307' title='bbox 3053 1370 3235 1440; x_wconf 80' lang='grc' dir='ltr'><em>καιρῷ</em></span> <span class='ocrx_word' id='word_1_308' title='bbox 3277 1370 3344 1425; x_wconf 83' lang='grc' dir='ltr'><em>τὸ</em></span> <span class='ocrx_word' id='word_1_309' title='bbox 3390 1370 3757 1440; x_wconf 85' lang='grc' dir='ltr'><em>σιτομέτριον</em></span> 
     </span>
    </p>
   </div>
   <div class='ocr_carea' id='block_1_43' title="bbox 2186 1461 3762 1533">
    <p class='ocr_par' dir='ltr' id='par_1_43' title="bbox 2186 1461 3762 1533">
     <span class='ocr_line' id='line_1_43' title="bbox 2186 1461 3762 1533; baseline -0.004 -13"><span class='ocrx_word' id='word_1_310' title='bbox 2186 1466 2310 1533; x_wconf 86' lang='grc' dir='ltr'><em>τοῖς</em></span> <span class='ocrx_word' id='word_1_311' title='bbox 2339 1466 2578 1532; x_wconf 73' lang='grc' dir='ltr'><em>δούλοις</em></span> <span class='ocrx_word' id='word_1_312' title='bbox 2603 1465 2789 1520; x_wconf 83' lang='grc' dir='ltr'><em>αὐτοῦ</em></span> <span class='ocrx_word' id='word_1_313' title='bbox 2807 1480 2827 1528; x_wconf 85' lang='grc'><em>;</em></span> <span class='ocrx_word' id='word_1_314' title='bbox 2859 1461 2991 1518; x_wconf 76' lang='grc' dir='ltr'><em>Εἶτα</em></span> <span class='ocrx_word' id='word_1_315' title='bbox 3037 1462 3309 1533; x_wconf 81' lang='grc' dir='ltr'><em>μέμφεταί</em></span> <span class='ocrx_word' id='word_1_316' title='bbox 3354 1478 3506 1526; x_wconf 87' lang='grc' dir='ltr'><em>τινας</em></span> <span class='ocrx_word' id='word_1_317' title='bbox 3551 1461 3762 1515; x_wconf 81' lang='grc' dir='ltr'><em>οἰκονό-</em></span> 
     </span>
    </p>
   </div>
   <div class='ocr_carea' id='block_1_44' title="bbox 2188 1549 3760 1625">
    <p class='ocr_par' dir='ltr' id='par_1_44' title="bbox 2188 1549 3760 1625">
     <span class='ocr_line' id='line_1_44' title="bbox 2188 1549 3760 1625; baseline -0.003 -17"><span class='ocrx_word' id='word_1_318' title='bbox 2188 1571 2342 1625; x_wconf 85' lang='grc' dir='ltr'><em>μους,</em></span> <span class='ocrx_word' id='word_1_319' title='bbox 2371 1554 2466 1608; x_wconf 72' lang='grc' dir='ltr'><em>καὶ</em></span> <span class='ocrx_word' id='word_1_320' title='bbox 2498 1552 2666 1621; x_wconf 72' lang='grc' dir='ltr'><em>λέγει’</em></span> <span class='ocrx_word' id='word_1_321' title='bbox 2717 1554 2857 1608; x_wconf 83' lang='grc' dir='ltr'><em>Ἐὰν</em></span> <span class='ocrx_word' id='word_1_322' title='bbox 2882 1551 2950 1605; x_wconf 81' lang='grc' dir='ltr'><em>δὲ</em></span> <span class='ocrx_word' id='word_1_323' title='bbox 2973 1550 3224 1619; x_wconf 77' lang='grc' dir='ltr'><em>ἄρξηται</em></span> <span class='ocrx_word' id='word_1_324' title='bbox 3261 1554 3295 1605; x_wconf 92' lang='grc' dir='ltr'><strong>ό</strong></span> <span class='ocrx_word' id='word_1_325' title='bbox 3326 1551 3512 1617; x_wconf 84' lang='grc' dir='ltr'><em>κακὸς</em></span> <span class='ocrx_word' id='word_1_326' title='bbox 3537 1549 3760 1616; x_wconf 71' lang='grc' dir='ltr'><em>δοῦλος</em></span> 
     </span>
    </p>
   </div>
   <div class='ocr_carea' id='block_1_45' title="bbox 2184 1641 3758 1715">
    <p class='ocr_par' dir='ltr' id='par_1_45' title="bbox 2184 1641 3758 1715">
     <span class='ocr_line' id='line_1_45' title="bbox 2184 1641 3758 1715; baseline -0.004 -16"><span class='ocrx_word' id='word_1_327' title='bbox 2184 1644 2401 1715; x_wconf 70' lang='grc' dir='ltr'><em>λέγειν·</em></span> <span class='ocrx_word' id='word_1_328' title='bbox 2446 1641 2704 1713; x_wconf 76' lang='grc' dir='ltr'><em>Χρονίζει</em></span> <span class='ocrx_word' id='word_1_329' title='bbox 2726 1660 2846 1712; x_wconf 85' lang='grc' dir='ltr'><strong>μου</strong></span> <span class='ocrx_word' id='word_1_330' title='bbox 2884 1646 2917 1696; x_wconf 88' lang='grc' dir='ltr'><strong>ό</strong></span> <span class='ocrx_word' id='word_1_331' title='bbox 2962 1644 3166 1710; x_wconf 87' lang='grc' dir='ltr'><em>κύριος</em></span> <span class='ocrx_word' id='word_1_332' title='bbox 3191 1641 3489 1710; x_wconf 72' lang='grc' dir='ltr'><em>ἄρχεσθαι·</em></span> <span class='ocrx_word' id='word_1_333' title='bbox 3522 1641 3621 1694; x_wconf 89' lang='grc' dir='ltr'><strong>καί</strong></span> <span class='ocrx_word' id='word_1_334' title='bbox 3652 1641 3758 1709; x_wconf 78' lang='grc' dir='ltr'><em>ἆρ-</em></span> 
     </span>
    </p>
   </div>
   <div class='ocr_carea' id='block_1_46' title="bbox 2189 1729 3757 1802">
    <p class='ocr_par' dir='ltr' id='par_1_46' title="bbox 2189 1729 3757 1802">
     <span class='ocr_line' id='line_1_46' title="bbox 2189 1729 3757 1802; baseline -0.003 -15"><span class='ocrx_word' id='word_1_335' title='bbox 2189 1734 2361 1802; x_wconf 80' lang='grc' dir='ltr'><em>ξηται</em></span> <span class='ocrx_word' id='word_1_336' title='bbox 2391 1733 2637 1787; x_wconf 74' lang='grc' dir='ltr'><em>τύπτειν</em></span> <span class='ocrx_word' id='word_1_337' title='bbox 2662 1733 2805 1797; x_wconf 88' lang='grc' dir='ltr'><em>τοὺς</em></span> <span class='ocrx_word' id='word_1_338' title='bbox 2843 1731 3227 1797; x_wconf 71' lang='grc' dir='ltr'><em>συνδούλους</em></span> <span class='ocrx_word' id='word_1_339' title='bbox 3255 1730 3463 1794; x_wconf 84' lang='grc' dir='ltr'><em>αὐτοῦ,</em></span> <span class='ocrx_word' id='word_1_340' title='bbox 3502 1729 3602 1783; x_wconf 84' lang='grc' dir='ltr'><strong>καί</strong></span> <span class='ocrx_word' id='word_1_341' title='bbox 3648 1729 3757 1795; x_wconf 81' lang='grc' dir='ltr'><em>τὰς</em></span> 
     </span>
    </p>
   </div>
   <div class='ocr_carea' id='block_1_47' title="bbox 2187 1823 3757 1892">
    <p class='ocr_par' dir='ltr' id='par_1_47' title="bbox 2187 1823 3757 1892">
     <span class='ocr_line' id='line_1_47' title="bbox 2187 1823 3757 1892; baseline -0.001 -14"><span class='ocrx_word' id='word_1_342' title='bbox 2187 1823 2531 1890; x_wconf 76' lang='grc' dir='ltr'><em>παιδίσκας,</em></span> <span class='ocrx_word' id='word_1_343' title='bbox 2573 1824 2802 1879; x_wconf 76' lang='grc' dir='ltr'><em>ἐσθίειν</em></span> <span class='ocrx_word' id='word_1_344' title='bbox 2841 1839 2924 1887; x_wconf 87' lang='grc' dir='ltr'><strong>τε,</strong></span> <span class='ocrx_word' id='word_1_345' title='bbox 2964 1824 3062 1878; x_wconf 88' lang='grc' dir='ltr'><strong>καί</strong></span> <span class='ocrx_word' id='word_1_346' title='bbox 3089 1824 3304 1886; x_wconf 83' lang='grc' dir='ltr'><em>πίνειν,</em></span> <span class='ocrx_word' id='word_1_347' title='bbox 3334 1823 3433 1876; x_wconf 82' lang='grc' dir='ltr'><strong>καί</strong></span> <span class='ocrx_word' id='word_1_348' title='bbox 3462 1823 3757 1892; x_wconf 83' lang='grc' dir='ltr'><em>μεθύσκε-</em></span> 
     </span>
    </p>
   </div>
   <div class='ocr_carea' id='block_1_48' title="bbox 2185 1912 3758 1985">
    <p class='ocr_par' dir='ltr' id='par_1_48' title="bbox 2185 1912 3758 1985">
     <span class='ocr_line' id='line_1_48' title="bbox 2185 1912 3758 1985; baseline -0.001 -16"><span class='ocrx_word' id='word_1_349' title='bbox 2185 1919 2327 1971; x_wconf 87' lang='grc' dir='ltr'><em>σθαι</em></span> <span class='ocrx_word' id='word_1_350' title='bbox 2343 1931 2358 1946; x_wconf 71' lang='grc'><strong><em>⁸</em></strong></span> <span class='ocrx_word' id='word_1_351' title='bbox 2389 1914 2523 1983; x_wconf 77' lang='grc' dir='ltr'><em>ἥξει</em></span> <span class='ocrx_word' id='word_1_352' title='bbox 2552 1918 2586 1970; x_wconf 86' lang='grc' dir='ltr'><strong>ό</strong></span> <span class='ocrx_word' id='word_1_353' title='bbox 2612 1916 2815 1985; x_wconf 83' lang='grc' dir='ltr'><em>κύριος</em></span> <span class='ocrx_word' id='word_1_354' title='bbox 2836 1915 2942 1969; x_wconf 85' lang='grc' dir='ltr'><em>τοῦ</em></span> <span class='ocrx_word' id='word_1_355' title='bbox 2965 1914 3188 1969; x_wconf 71' lang='grc' dir='ltr'><em>δούλου</em></span> <span class='ocrx_word' id='word_1_356' title='bbox 3213 1914 3447 1968; x_wconf 77' lang='grc' dir='ltr'><em>ἐκείνου</em></span> <span class='ocrx_word' id='word_1_357' title='bbox 3472 1914 3544 1968; x_wconf 75' lang='grc' dir='ltr'><em>ἐν</em></span> <span class='ocrx_word' id='word_1_358' title='bbox 3568 1912 3758 1983; x_wconf 77' lang='grc' dir='ltr'><em>ἡμέρᾳ</em></span> 
     </span>
    </p>
   </div>
   <div class='ocr_carea' id='block_1_49' title="bbox 2184 2000 3758 2077">
    <p class='ocr_par' dir='ltr' id='par_1_49' title="bbox 2184 2000 3758 2077">
     <span class='ocr_line' id='line_1_49' title="bbox 2184 2000 3758 2077; baseline -0.001 -17"><span class='ocrx_word' id='word_1_359' title='bbox 2184 2000 2225 2077; x_wconf 78' lang='grc' dir='ltr'><em>ᾖ</em></span> <span class='ocrx_word' id='word_1_360' title='bbox 2247 2007 2320 2060; x_wconf 83' lang='grc' dir='ltr'><strong>ού</strong></span> <span class='ocrx_word' id='word_1_361' title='bbox 2346 2004 2674 2075; x_wconf 78' lang='grc' dir='ltr'><em>προσδοκᾷ,</em></span> <span class='ocrx_word' id='word_1_362' title='bbox 2708 2006 2807 2060; x_wconf 82' lang='grc' dir='ltr'><strong>καί</strong></span> <span class='ocrx_word' id='word_1_363' title='bbox 2827 2007 2898 2060; x_wconf 76' lang='grc' dir='ltr'><em>ἐν</em></span> <span class='ocrx_word' id='word_1_364' title='bbox 2922 2005 3043 2075; x_wconf 80' lang='grc' dir='ltr'><strong>ὥρᾳ</strong></span> <span class='ocrx_word' id='word_1_365' title='bbox 3066 2001 3106 2077; x_wconf 83' lang='grc' dir='ltr'><strong><em>ᾖ</em></strong></span> <span class='ocrx_word' id='word_1_366' title='bbox 3126 2008 3199 2060; x_wconf 86' lang='grc' dir='ltr'><em>οὐ</em></span> <span class='ocrx_word' id='word_1_367' title='bbox 3226 2005 3523 2075; x_wconf 78' lang='grc' dir='ltr'><em>γινώσκει,</em></span> <span class='ocrx_word' id='word_1_368' title='bbox 3545 2006 3644 2059; x_wconf 86' lang='grc' dir='ltr'><strong>καί</strong></span> <span class='ocrx_word' id='word_1_369' title='bbox 3673 2004 3758 2058; x_wconf 87' lang='grc' dir='ltr'><em>δι-</em></span> 
     </span>
    </p>
   </div>
   <div class='ocr_carea' id='block_1_50' title="bbox 2184 2096 3759 2168">
    <p class='ocr_par' dir='ltr' id='par_1_50' title="bbox 2184 2096 3759 2168">
     <span class='ocr_line' id='line_1_50' title="bbox 2184 2096 3759 2168; baseline -0.001 -16"><span class='ocrx_word' id='word_1_370' title='bbox 2184 2097 2508 2168; x_wconf 84' lang='grc' dir='ltr'><em>χοτομήσει</em></span> <span class='ocrx_word' id='word_1_371' title='bbox 2537 2098 2742 2163; x_wconf 80' lang='grc' dir='ltr'><em>αὐτὸν,</em></span> <span class='ocrx_word' id='word_1_372' title='bbox 2789 2097 2888 2151; x_wconf 85' lang='grc' dir='ltr'><strong>καί</strong></span> <span class='ocrx_word' id='word_1_373' title='bbox 2927 2099 2996 2152; x_wconf 87' lang='grc' dir='ltr'><em>τὸ</em></span> <span class='ocrx_word' id='word_1_374' title='bbox 3017 2097 3198 2168; x_wconf 81' lang='grc' dir='ltr'><em>μέρος</em></span> <span class='ocrx_word' id='word_1_375' title='bbox 3233 2098 3419 2153; x_wconf 85' lang='grc' dir='ltr'><em>αὐτοῦ</em></span> <span class='ocrx_word' id='word_1_376' title='bbox 3452 2098 3603 2166; x_wconf 81' lang='grc' dir='ltr'><em>μετὰ</em></span> <span class='ocrx_word' id='word_1_377' title='bbox 3638 2096 3759 2151; x_wconf 86' lang='grc' dir='ltr'><em>τῶν</em></span> 
     </span>
    </p>
   </div>
   <div class='ocr_carea' id='block_1_51' title="bbox 2182 2188 3756 2261">
    <p class='ocr_par' dir='ltr' id='par_1_51' title="bbox 2182 2188 3756 2261">
     <span class='ocr_line' id='line_1_51' title="bbox 2182 2188 3756 2261; baseline 0.001 -17"><span class='ocrx_word' id='word_1_378' title='bbox 2182 2190 2455 2244; x_wconf 72' lang='grc' dir='ltr'><em>ἀπίστων</em></span> <span class='ocrx_word' id='word_1_379' title='bbox 2486 2188 2680 2258; x_wconf 83' lang='grc' dir='ltr'><em>θήσει.</em></span> <span class='ocrx_word' id='word_1_380' title='bbox 2707 2188 2890 2244; x_wconf 80' lang='grc' dir='ltr'><em>Ταῦτα</em></span> <span class='ocrx_word' id='word_1_381' title='bbox 2924 2190 3024 2261; x_wconf 84' lang='grc' dir='ltr'><em>μὲν</em></span> <span class='ocrx_word' id='word_1_382' title='bbox 3051 2192 3129 2254; x_wconf 87' lang='grc' dir='ltr'><strong>εἰς</strong></span> <span class='ocrx_word' id='word_1_383' title='bbox 3162 2189 3221 2244; x_wconf 86' lang='grc' dir='ltr'><strong>τό</strong></span> <span class='ocrx_word' id='word_1_384' title='bbox 3240 2208 3254 2222; x_wconf 94' lang='grc'><strong>·</strong></span> <span class='ocrx_word' id='word_1_385' title='bbox 3309 2193 3375 2245; x_wconf 88' lang='lat' dir='ltr'><strong>Ol</strong></span> <span class='ocrx_word' id='word_1_386' title='bbox 3408 2190 3624 2259; x_wconf 68' lang='grc' dir='ltr'><em>κλῆροι</em></span> <span class='ocrx_word' id='word_1_387' title='bbox 3651 2192 3756 2245; x_wconf 78' lang='grc' dir='ltr'><strong>αὐ·-</strong></span> 
     </span>
    </p>
   </div>
   <div class='ocr_carea' id='block_1_52' title="bbox 2182 2279 3184 2351">
    <p class='ocr_par' dir='ltr' id='par_1_52' title="bbox 2182 2279 3184 2351">
     <span class='ocr_line' id='line_1_52' title="bbox 2182 2279 3184 2351; baseline 0.003 -18"><span class='ocrx_word' id='word_1_388' title='bbox 2182 2279 2302 2333; x_wconf 84' lang='grc' dir='ltr'><em>τῶν</em></span> <span class='ocrx_word' id='word_1_389' title='bbox 2338 2282 2450 2335; x_wconf 85' lang='grc' dir='ltr'><em>οὐκ</em></span> <span class='ocrx_word' id='word_1_390' title='bbox 2485 2280 2916 2351; x_wconf 67' lang='grc' dir='ltr'><em>ὠφελήσουσιν</em></span> <span class='ocrx_word' id='word_1_391' title='bbox 2944 2282 3184 2348; x_wconf 85' lang='grc' dir='ltr'><em>αὐτούς.</em></span> 
     </span>
    </p>
   </div>
   <div class='ocr_carea' id='block_1_53' title="bbox 2255 2471 3748 2549">
    <p class='ocr_par' dir='ltr' id='par_1_53' title="bbox 2255 2471 3748 2549">
     <span class='ocr_line' id='line_1_53' title="bbox 2255 2471 3748 2549; baseline -0.003 -18"><span class='ocrx_word' id='word_1_392' title='bbox 2255 2477 2485 2549; x_wconf 84' lang='grc' dir='ltr'><em>Ἵδωμεν</em></span> <span class='ocrx_word' id='word_1_393' title='bbox 2512 2474 2569 2529; x_wconf 82' lang='grc' dir='ltr'><em>δὲ</em></span> <span class='ocrx_word' id='word_1_394' title='bbox 2615 2477 2709 2529; x_wconf 73' lang='grc' dir='ltr'><em>καὶ</em></span> <span class='ocrx_word' id='word_1_395' title='bbox 2741 2475 2866 2545; x_wconf 76' lang='grc' dir='ltr'><strong>ἑξῆς</strong></span> <span class='ocrx_word' id='word_1_396' title='bbox 2894 2472 3181 2547; x_wconf 76' lang='grc' dir='ltr'><strong>ἐπίπληξιν</strong></span> <span class='ocrx_word' id='word_1_397' title='bbox 3220 2471 3522 2542; x_wconf 79' lang='grc' dir='ltr'><em>ἀναγκαίαν</em></span> <span class='ocrx_word' id='word_1_398' title='bbox 3555 2472 3619 2545; x_wconf 71' lang='grc' dir='ltr'><em>ἢν</em></span> <span class='ocrx_word' id='word_1_399' title='bbox 3650 2489 3748 2526; x_wconf 87' lang='grc' dir='ltr'><em>κα-</em></span> 
     </span>
    </p>
   </div>
   <div class='ocr_carea' id='block_1_54' title="bbox 2179 2565 3749 2637">
    <p class='ocr_par' dir='ltr' id='par_1_54' title="bbox 2179 2565 3749 2637">
     <span class='ocr_line' id='line_1_54' title="bbox 2179 2565 3749 2637; baseline -0.003 -14"><span class='ocrx_word' id='word_1_400' title='bbox 2179 2570 2269 2625; x_wconf 82' lang='grc' dir='ltr'><em>λὸν</em></span> <span class='ocrx_word' id='word_1_401' title='bbox 2310 2571 2389 2632; x_wconf 89' lang='grc' dir='ltr'><strong>εἰς</strong></span> <span class='ocrx_word' id='word_1_402' title='bbox 2431 2568 2520 2622; x_wconf 82' lang='grc' dir='ltr'><em>τὸν</em></span> <span class='ocrx_word' id='word_1_403' title='bbox 2562 2568 2751 2637; x_wconf 70' lang='grc' dir='ltr'><em>ἠθικὸν</em></span> <span class='ocrx_word' id='word_1_404' title='bbox 2794 2569 2959 2621; x_wconf 84' lang='grc' dir='ltr'><em>τόπον</em></span> <span class='ocrx_word' id='word_1_405' title='bbox 3000 2566 3282 2621; x_wconf 80' lang='grc' dir='ltr'><em>ἀναλαϐεῖν</em></span> <span class='ocrx_word' id='word_1_406' title='bbox 3314 2565 3576 2633; x_wconf 80' lang='grc' dir='ltr'><em>λέγουσαν</em></span> <span class='ocrx_word' id='word_1_407' title='bbox 3594 2582 3610 2595; x_wconf 91' lang='grc'><strong>·</strong></span> <span class='ocrx_word' id='word_1_408' title='bbox 3652 2566 3749 2619; x_wconf 78' lang='lat' dir='ltr'><strong>Al-</strong></span> 
     </span>
    </p>
   </div>
   <div class='ocr_carea' id='block_1_55' title="bbox 2179 2655 3747 2731">
    <p class='ocr_par' dir='ltr' id='par_1_55' title="bbox 2179 2655 3747 2731">
     <span class='ocr_line' id='line_1_55' title="bbox 2179 2655 3747 2731; baseline -0.004 -16"><span class='ocrx_word' id='word_1_409' title='bbox 2179 2662 2485 2731; x_wconf 87' lang='grc' dir='ltr'><em>σχύνθητε</em></span> <span class='ocrx_word' id='word_1_410' title='bbox 2519 2661 2635 2714; x_wconf 78' lang='grc' dir='ltr'><em>ἀπὸ</em></span> <span class='ocrx_word' id='word_1_411' title='bbox 2672 2659 3024 2729; x_wconf 82' lang='grc' dir='ltr'><em>καυχήσεως</em></span> <span class='ocrx_word' id='word_1_412' title='bbox 3058 2657 3242 2727; x_wconf 80' lang='grc' dir='ltr'><em>ὑμῶν,</em></span> <span class='ocrx_word' id='word_1_413' title='bbox 3270 2657 3385 2713; x_wconf 82' lang='grc' dir='ltr'><strong>ἀπὸ</strong></span> <span class='ocrx_word' id='word_1_414' title='bbox 3410 2655 3747 2725; x_wconf 85' lang='grc' dir='ltr'><em>ὀνειδισμοῦ</em></span> 
     </span>
    </p>
   </div>
   <div class='ocr_carea' id='block_1_56' title="bbox 2178 2744 3753 2820">
    <p class='ocr_par' dir='ltr' id='par_1_56' title="bbox 2178 2744 3753 2820">
     <span class='ocr_line' id='line_1_56' title="bbox 2178 2744 3753 2820; baseline -0.004 -15"><span class='ocrx_word' id='word_1_415' title='bbox 2178 2752 2455 2805; x_wconf 68' lang='grc' dir='ltr'><em>ἐναντίον</em></span> <span class='ocrx_word' id='word_1_416' title='bbox 2482 2751 2723 2820; x_wconf 82' lang='grc' dir='ltr'><em>Κυρίου.</em></span> <span class='ocrx_word' id='word_1_417' title='bbox 2764 2751 2919 2804; x_wconf 86' lang='grc' dir='ltr'><em>Ἐστι</em></span> <span class='ocrx_word' id='word_1_418' title='bbox 2949 2749 3072 2804; x_wconf 78' lang='grc' dir='ltr'><em>τινὰ</em></span> <span class='ocrx_word' id='word_1_419' title='bbox 3105 2752 3162 2802; x_wconf 85' lang='grc' dir='ltr'><em>ὲν</em></span> <span class='ocrx_word' id='word_1_420' title='bbox 3194 2744 3275 2813; x_wconf 77' lang='grc' dir='ltr'><em>οἷς</em></span> <span class='ocrx_word' id='word_1_421' title='bbox 3302 2746 3633 2819; x_wconf 79' lang='grc' dir='ltr'><em>καυχώμεθα</em></span> <span class='ocrx_word' id='word_1_422' title='bbox 3662 2746 3753 2800; x_wconf 77' lang='grc' dir='ltr'><em>διὰ</em></span> 
     </span>
    </p>
   </div>
   <div class='ocr_carea' id='block_1_57' title="bbox 2179 2834 3752 2916">
    <p class='ocr_par' dir='ltr' id='par_1_57' title="bbox 2179 2834 3752 2916">
     <span class='ocr_line' id='line_1_57' title="bbox 2179 2834 3752 2916; baseline -0.006 -17"><span class='ocrx_word' id='word_1_423' title='bbox 2179 2846 2277 2916; x_wconf 81' lang='grc' dir='ltr'><em>τὴν</em></span> <span class='ocrx_word' id='word_1_424' title='bbox 2325 2843 2531 2911; x_wconf 75' lang='grc' dir='ltr'><em>ἄνοιαν,</em></span> <span class='ocrx_word' id='word_1_425' title='bbox 2567 2844 2669 2898; x_wconf 84' lang='grc' dir='ltr'><em>οὐκ</em></span> <span class='ocrx_word' id='word_1_426' title='bbox 2711 2839 2860 2898; x_wconf 83' lang='grc' dir='ltr'><em>οὖσιν</em></span> <span class='ocrx_word' id='word_1_427' title='bbox 2901 2844 3220 2914; x_wconf 79' lang='grc' dir='ltr'><em>καυχήσεως</em></span> <span class='ocrx_word' id='word_1_428' title='bbox 3262 2841 3462 2908; x_wconf 78' lang='grc' dir='ltr'><em>ἀξίοις·</em></span> <span class='ocrx_word' id='word_1_429' title='bbox 3514 2834 3625 2893; x_wconf 75' lang='grc' dir='ltr'><em>οἷον</em></span> <span class='ocrx_word' id='word_1_430' title='bbox 3657 2837 3752 2891; x_wconf 80' lang='grc' dir='ltr'><em>ὲάν</em></span> 
     </span>
    </p>
   </div>
   <div class='ocr_carea' id='block_1_58' title="bbox 2179 2931 3759 3008">
    <p class='ocr_par' dir='ltr' id='par_1_58' title="bbox 2179 2931 3759 3008">
     <span class='ocr_line' id='line_1_58' title="bbox 2179 2931 3759 3008; baseline -0.004 -19"><span class='ocrx_word' id='word_1_431' title='bbox 2179 2936 2519 3008; x_wconf 80' lang='grc' dir='ltr'><em>καυχήσηταί</em></span> <span class='ocrx_word' id='word_1_432' title='bbox 2551 2953 2655 3001; x_wconf 80' lang='grc' dir='ltr'><em>τις,</em></span> <span class='ocrx_word' id='word_1_433' title='bbox 2682 2936 2763 2989; x_wconf 82' lang='grc' dir='ltr'><em>ὅτι</em></span> <span class='ocrx_word' id='word_1_434' title='bbox 2789 2934 3043 2998; x_wconf 83' lang='grc' dir='ltr'><em>πλούσιός</em></span> <span class='ocrx_word' id='word_1_435' title='bbox 3074 2936 3209 2998; x_wconf 77' lang='grc' dir='ltr'><em>ἐστι,</em></span> <span class='ocrx_word' id='word_1_436' title='bbox 3233 2933 3326 2987; x_wconf 77' lang='grc' dir='ltr'><em>καὶ</em></span> <span class='ocrx_word' id='word_1_437' title='bbox 3360 2931 3531 2987; x_wconf 85' lang='grc' dir='ltr'><em>πολλά</em></span> <span class='ocrx_word' id='word_1_438' title='bbox 3555 2931 3759 3002; x_wconf 83' lang='grc' dir='ltr'><em>κέκτη-</em></span> 
     </span>
    </p>
   </div>
   <div class='ocr_carea' id='block_1_59' title="bbox 2177 3020 3749 3098">
    <p class='ocr_par' dir='ltr' id='par_1_59' title="bbox 2177 3020 3749 3098">
     <span class='ocr_line' id='line_1_59' title="bbox 2177 3020 3749 3098; baseline -0.003 -19"><span class='ocrx_word' id='word_1_439' title='bbox 2177 3042 2292 3091; x_wconf 87' lang='grc' dir='ltr'><em>ται,</em></span> <span class='ocrx_word' id='word_1_440' title='bbox 2320 3025 2512 3094; x_wconf 76' lang='grc' dir='ltr'><em>λέγοιτ’</em></span> <span class='ocrx_word' id='word_1_441' title='bbox 2542 3025 2610 3080; x_wconf 80' lang='grc' dir='ltr'><em>ἂν</em></span> <span class='ocrx_word' id='word_1_442' title='bbox 2644 3026 2779 3098; x_wconf 81' lang='grc' dir='ltr'><em>πρὸς</em></span> <span class='ocrx_word' id='word_1_443' title='bbox 2813 3024 2972 3079; x_wconf 76' lang='grc' dir='ltr'><em>αὐτόν</em></span> <span class='ocrx_word' id='word_1_444' title='bbox 2994 3040 3007 3054; x_wconf 77' lang='grc'><em>’</em></span> <span class='ocrx_word' id='word_1_445' title='bbox 3044 3024 3421 3092; x_wconf 81' lang='grc' dir='ltr'><em>Αἰσχύνθητε</em></span> <span class='ocrx_word' id='word_1_446' title='bbox 3457 3020 3574 3076; x_wconf 78' lang='grc' dir='ltr'><strong>ἀπὸ</strong></span> <span class='ocrx_word' id='word_1_447' title='bbox 3603 3037 3749 3075; x_wconf 81' lang='grc' dir='ltr'><em>καυ-</em></span> 
     </span>
    </p>
   </div>
   <div class='ocr_carea' id='block_1_60' title="bbox 2179 3111 3750 3188">
    <p class='ocr_par' dir='ltr' id='par_1_60' title="bbox 2179 3111 3750 3188">
     <span class='ocr_line' id='line_1_60' title="bbox 2179 3111 3750 3188; baseline -0.007 -14"><span class='ocrx_word' id='word_1_448' title='bbox 2179 3117 2414 3187; x_wconf 80' lang='grc' dir='ltr'><em>χήσεως</em></span> <span class='ocrx_word' id='word_1_449' title='bbox 2458 3116 2645 3188; x_wconf 86' lang='grc' dir='ltr'><em>ὑμῶν.</em></span> <span class='ocrx_word' id='word_1_450' title='bbox 2702 3117 2828 3171; x_wconf 75' lang='grc' dir='ltr'><strong>Ἐὰν</strong></span> <span class='ocrx_word' id='word_1_451' title='bbox 2861 3114 3203 3186; x_wconf 81' lang='grc' dir='ltr'><em>καυχήσηται</em></span> <span class='ocrx_word' id='word_1_452' title='bbox 3236 3130 3317 3177; x_wconf 80' lang='grc' dir='ltr'><strong>τις</strong></span> <span class='ocrx_word' id='word_1_453' title='bbox 3370 3113 3462 3165; x_wconf 74' lang='grc' dir='ltr'><strong>ἐπὶ</strong></span> <span class='ocrx_word' id='word_1_454' title='bbox 3502 3111 3750 3181; x_wconf 72' lang='grc' dir='ltr'><em>εὐγενείᾳ</em></span> 
     </span>
    </p>
   </div>
   <div class='ocr_carea' id='block_1_61' title="bbox 506 3204 2078 3283">
    <p class='ocr_par' dir='ltr' id='par_1_61' title="bbox 506 3205 2078 3278">
     <span class='ocr_line' id='line_1_61' title="bbox 506 3205 2078 3278; baseline 0.003 -18"><span class='ocrx_word' id='word_1_455' title='bbox 506 3213 640 3275; x_wconf 84' lang='lat' dir='ltr'><strong>tate,</strong></span> <span class='ocrx_word' id='word_1_456' title='bbox 672 3205 875 3261; x_wconf 83' lang='lat' dir='ltr'><strong>dicitur</strong></span> <span class='ocrx_word' id='word_1_457' title='bbox 928 3206 996 3261; x_wconf 91' lang='lat' dir='ltr'><strong>ad</strong></span> <span class='ocrx_word' id='word_1_458' title='bbox 1044 3220 1186 3261; x_wconf 89' lang='lat' dir='ltr'><strong>eos:</strong></span> <span class='ocrx_word' id='word_1_459' title='bbox 1230 3205 1633 3277; x_wconf 78' lang='lat' dir='ltr'><strong>Confundimini</strong></span> <span class='ocrx_word' id='word_1_460' title='bbox 1678 3224 1710 3261; x_wconf 88' lang='lat' dir='ltr'><strong>a</strong></span> <span class='ocrx_word' id='word_1_461' title='bbox 1762 3207 2078 3278; x_wconf 86' lang='lat' dir='ltr'><strong>gloriatione</strong></span> 
     </span>
    </p>
   </div>
   <div class='ocr_carea' id='block_1_62' title="bbox 2178 3204 3748 3283">
    <p class='ocr_par' dir='ltr' id='par_1_62' title="bbox 2179 3204 3748 3283">
     <span class='ocr_line' id='line_1_62' title="bbox 2179 3204 3748 3283; baseline -0.006 -19"><span class='ocrx_word' id='word_1_462' title='bbox 2179 3207 2353 3283; x_wconf 75' lang='grc' dir='ltr'><em>ταύτῃ</em></span> <span class='ocrx_word' id='word_1_463' title='bbox 2383 3212 2449 3281; x_wconf 76' lang='grc' dir='ltr'><em>τῇ</em></span> <span class='ocrx_word' id='word_1_464' title='bbox 2483 3208 2662 3273; x_wconf 69' lang='grc' dir='ltr'><em>ἐκτὸς,</em></span> <span class='ocrx_word' id='word_1_465' title='bbox 2707 3207 3029 3278; x_wconf 79' lang='grc' dir='ltr'><em>λεχθήσεται</em></span> <span class='ocrx_word' id='word_1_466' title='bbox 3061 3205 3198 3277; x_wconf 80' lang='grc' dir='ltr'><em>πρὸς</em></span> <span class='ocrx_word' id='word_1_467' title='bbox 3246 3204 3439 3258; x_wconf 77' lang='grc' dir='ltr'><em>αὐτόν’</em></span> <span class='ocrx_word' id='word_1_468' title='bbox 3491 3204 3748 3271; x_wconf 77' lang='grc' dir='ltr'><em>Αἰσχύν-</em></span> 
     </span>
    </p>
   </div>
   <div class='ocr_carea' id='block_1_63' title="bbox 505 3293 2072 3369">
    <p class='ocr_par' dir='ltr' id='par_1_63' title="bbox 505 3293 2072 3369">
     <span class='ocr_line' id='line_1_63' title="bbox 505 3293 2072 3369; baseline 0.003 -20"><span class='ocrx_word' id='word_1_469' title='bbox 505 3304 697 3349; x_wconf 81' lang='lat' dir='ltr'><strong>vestra.</strong></span> <span class='ocrx_word' id='word_1_470' title='bbox 730 3293 788 3350; x_wconf 91' lang='lat' dir='ltr'><strong>Si</strong></span> <span class='ocrx_word' id='word_1_471' title='bbox 812 3297 905 3367; x_wconf 90' lang='lat' dir='ltr'><strong>qui</strong></span> <span class='ocrx_word' id='word_1_472' title='bbox 937 3296 1253 3367; x_wconf 86' lang='lat' dir='ltr'><strong>jactabundi</strong></span> <span class='ocrx_word' id='word_1_473' title='bbox 1283 3295 1544 3352; x_wconf 87' lang='lat' dir='ltr'><strong>incedunt</strong></span> <span class='ocrx_word' id='word_1_474' title='bbox 1582 3312 1748 3368; x_wconf 90' lang='lat' dir='ltr'><strong>super</strong></span> <span class='ocrx_word' id='word_1_475' title='bbox 1786 3298 2072 3369; x_wconf 87' lang='lat' dir='ltr'><strong>pretiosis-</strong></span> 
     </span>
    </p>
   </div>
   <div class='ocr_carea' id='block_1_64' title="bbox 506 3387 2071 3458">
    <p class='ocr_par' dir='ltr' id='par_1_64' title="bbox 506 3387 2071 3458">
     <span class='ocr_line' id='line_1_64' title="bbox 506 3387 2071 3458; baseline 0.002 -15"><span class='ocrx_word' id='word_1_476' title='bbox 506 3387 662 3443; x_wconf 85' lang='lat' dir='ltr'><strong>simis</strong></span> <span class='ocrx_word' id='word_1_477' title='bbox 683 3387 946 3453; x_wconf 84' lang='lat' dir='ltr'><strong>vestibus,</strong></span> <span class='ocrx_word' id='word_1_478' title='bbox 975 3402 1139 3458; x_wconf 88' lang='lat' dir='ltr'><strong>super</strong></span> <span class='ocrx_word' id='word_1_479' title='bbox 1157 3388 1319 3444; x_wconf 91' lang='lat' dir='ltr'><strong>domo</strong></span> <span class='ocrx_word' id='word_1_480' title='bbox 1348 3388 1534 3444; x_wconf 91' lang='lat' dir='ltr'><strong>multis</strong></span> <span class='ocrx_word' id='word_1_481' title='bbox 1563 3399 1823 3446; x_wconf 81' lang='lat' dir='ltr'><strong>exornata</strong></span> <span class='ocrx_word' id='word_1_482' title='bbox 1846 3390 2071 3457; x_wconf 88' lang='lat' dir='ltr'><strong>divitiis,</strong></span> 
     </span>
    </p>
   </div>
   <div class='ocr_carea' id='block_1_65' title="bbox 505 3478 2075 3550">
    <p class='ocr_par' dir='ltr' id='par_1_65' title="bbox 505 3478 2075 3550">
     <span class='ocr_line' id='line_1_65' title="bbox 505 3478 2075 3550; baseline 0.003 -17"><span class='ocrx_word' id='word_1_483' title='bbox 505 3478 682 3534; x_wconf 87' lang='lat' dir='ltr'><strong>aliena</strong></span> <span class='ocrx_word' id='word_1_484' title='bbox 707 3487 792 3538; x_wconf 88' lang='lat' dir='ltr'><strong>est</strong></span> <span class='ocrx_word' id='word_1_485' title='bbox 823 3479 1024 3549; x_wconf 87' lang='lat' dir='ltr'><strong>quippe</strong></span> <span class='ocrx_word' id='word_1_486' title='bbox 1061 3494 1091 3533; x_wconf 90' lang='lat' dir='ltr'><strong>a</strong></span> <span class='ocrx_word' id='word_1_487' title='bbox 1124 3479 1446 3550; x_wconf 89' lang='lat' dir='ltr'><strong>gloriatione</strong></span> <span class='ocrx_word' id='word_1_488' title='bbox 1486 3490 1825 3548; x_wconf 89' lang='lat' dir='ltr'><strong>sanctorum,</strong></span> <span class='ocrx_word' id='word_1_489' title='bbox 1873 3483 2075 3538; x_wconf 89' lang='lat' dir='ltr'><strong>dicitur</strong></span> 
     </span>
    </p>
   </div>
   <div class='ocr_carea' id='block_1_66' title="bbox 504 3568 2071 3642">
    <p class='ocr_par' dir='ltr' id='par_1_66' title="bbox 504 3568 2071 3642">
     <span class='ocr_line' id='line_1_66' title="bbox 504 3568 2071 3642; baseline 0.003 -17"><span class='ocrx_word' id='word_1_490' title='bbox 504 3569 574 3625; x_wconf 86' lang='lat' dir='ltr'><strong>ad</strong></span> <span class='ocrx_word' id='word_1_491' title='bbox 604 3585 700 3625; x_wconf 89' lang='lat' dir='ltr'><strong>eos</strong></span> <span class='ocrx_word' id='word_1_492' title='bbox 729 3588 742 3626; x_wconf 87' lang='lat'><strong>:</strong></span> <span class='ocrx_word' id='word_1_493' title='bbox 768 3568 1172 3639; x_wconf 81' lang='lat' dir='ltr'><strong>Confundimini</strong></span> <span class='ocrx_word' id='word_1_494' title='bbox 1216 3587 1248 3624; x_wconf 92' lang='lat' dir='ltr'><strong>a</strong></span> <span class='ocrx_word' id='word_1_495' title='bbox 1291 3570 1606 3642; x_wconf 87' lang='lat' dir='ltr'><strong>gloriatione</strong></span> <span class='ocrx_word' id='word_1_496' title='bbox 1650 3582 1840 3628; x_wconf 80' lang='lat' dir='ltr'><strong>vestra.</strong></span> <span class='ocrx_word' id='word_1_497' title='bbox 1870 3572 2071 3630; x_wconf 92' lang='lat' dir='ltr'><strong>Verum</strong></span> 
     </span>
    </p>
   </div>
   <div class='ocr_carea' id='block_1_67' title="bbox 504 3661 2073 3735">
    <p class='ocr_par' dir='ltr' id='par_1_67' title="bbox 504 3661 2073 3735">
     <span class='ocr_line' id='line_1_67' title="bbox 504 3661 2073 3735; baseline 0.004 -19"><span class='ocrx_word' id='word_1_498' title='bbox 504 3663 609 3718; x_wconf 85' lang='lat' dir='ltr'><strong>hoc</strong></span> <span class='ocrx_word' id='word_1_499' title='bbox 638 3677 830 3733; x_wconf 90' lang='lat' dir='ltr'><strong>parum</strong></span> <span class='ocrx_word' id='word_1_500' title='bbox 860 3668 965 3718; x_wconf 87' lang='lat' dir='ltr'><strong>est.</strong></span> <span class='ocrx_word' id='word_1_501' title='bbox 1000 3661 1140 3718; x_wconf 82' lang='lat' dir='ltr'><strong>Audi</strong></span> <span class='ocrx_word' id='word_1_502' title='bbox 1169 3662 1299 3734; x_wconf 90' lang='lat' dir='ltr'><strong>quid</strong></span> <span class='ocrx_word' id='word_1_503' title='bbox 1334 3664 1593 3735; x_wconf 85' lang='lat' dir='ltr'><strong>loquatur</strong></span> <span class='ocrx_word' id='word_1_504' title='bbox 1614 3665 1668 3719; x_wconf 93' lang='lat' dir='ltr'><strong>in</strong></span> <span class='ocrx_word' id='word_1_505' title='bbox 1690 3663 1925 3721; x_wconf 84' lang='lat' dir='ltr'><strong>Jeremia</strong></span> <span class='ocrx_word' id='word_1_506' title='bbox 1956 3680 2073 3723; x_wconf 89' lang='lat' dir='ltr'><strong>ser-</strong></span> 
     </span>
    </p>
   </div>
   <div class='ocr_carea' id='block_1_68' title="bbox 503 3753 2074 3830">
    <p class='ocr_par' dir='ltr' id='par_1_68' title="bbox 503 3753 2074 3830">
     <span class='ocr_line' id='line_1_68' title="bbox 503 3753 2074 3830; baseline 0.004 -21"><span class='ocrx_word' id='word_1_507' title='bbox 503 3768 595 3809; x_wconf 91' lang='lat' dir='ltr'><strong>mo</strong></span> <span class='ocrx_word' id='word_1_508' title='bbox 627 3754 867 3819; x_wconf 87' lang='lat' dir='ltr'><strong>divinus,</strong></span> <span class='ocrx_word' id='word_1_509' title='bbox 904 3753 1104 3825; x_wconf 75' lang='lat' dir='ltr'><strong>iubens</strong></span> <span class='ocrx_word' id='word_1_510' title='bbox 1137 3762 1197 3810; x_wconf 92' lang='lat' dir='ltr'><strong>ut</strong></span> <span class='ocrx_word' id='word_1_511' title='bbox 1225 3769 1293 3810; x_wconf 89' lang='lat' dir='ltr'><strong>ne</strong></span> <span class='ocrx_word' id='word_1_512' title='bbox 1332 3756 1386 3810; x_wconf 90' lang='lat' dir='ltr'><strong>in</strong></span> <span class='ocrx_word' id='word_1_513' title='bbox 1426 3756 1695 3829; x_wconf 89' lang='lat' dir='ltr'><strong>sapientia</strong></span> <span class='ocrx_word' id='word_1_514' title='bbox 1731 3757 1948 3830; x_wconf 85' lang='lat' dir='ltr'><strong>quidem</strong></span> <span class='ocrx_word' id='word_1_515' title='bbox 1979 3776 2074 3816; x_wconf 80' lang='lat' dir='ltr'><strong>no-</strong></span> 
     </span>
    </p>
   </div>
   <div class='ocr_carea' id='block_1_69' title="bbox 502 3844 2071 3923">
    <p class='ocr_par' dir='ltr' id='par_1_69' title="bbox 502 3844 2071 3923">
     <span class='ocr_line' id='line_1_69' title="bbox 502 3844 2071 3923; baseline 0.004 -22"><span class='ocrx_word' id='word_1_516' title='bbox 502 3855 616 3901; x_wconf 86' lang='lat' dir='ltr'><strong>stra</strong></span> <span class='ocrx_word' id='word_1_517' title='bbox 645 3846 945 3917; x_wconf 87' lang='lat' dir='ltr'><strong>gloriemur</strong></span> <span class='ocrx_word' id='word_1_518' title='bbox 973 3865 986 3901; x_wconf 91' lang='lat'><strong>:</strong></span> <span class='ocrx_word' id='word_1_519' title='bbox 1020 3844 1104 3901; x_wconf 89' lang='lat' dir='ltr'><strong>Ne</strong></span> <span class='ocrx_word' id='word_1_520' title='bbox 1147 3845 1421 3919; x_wconf 86' lang='lat' dir='ltr'><strong>glorietur,</strong></span> <span class='ocrx_word' id='word_1_521' title='bbox 1458 3850 1634 3920; x_wconf 85' lang='lat' dir='ltr'><strong>inquit</strong></span> <span class='ocrx_word' id='word_1_522' title='bbox 1653 3852 1721 3916; x_wconf 80' lang='lat'><strong>&quot;,</strong></span> <span class='ocrx_word' id='word_1_523' title='bbox 1765 3854 1972 3923; x_wconf 88' lang='lat' dir='ltr'><strong>sapiens</strong></span> <span class='ocrx_word' id='word_1_524' title='bbox 2014 3855 2071 3907; x_wconf 92' lang='lat' dir='ltr'><strong>in</strong></span> 
     </span>
    </p>
   </div>
   <div class='ocr_carea' id='block_1_70' title="bbox 500 3938 2071 4010">
    <p class='ocr_par' dir='ltr' id='par_1_70' title="bbox 500 3938 2071 4010">
     <span class='ocr_line' id='line_1_70' title="bbox 500 3938 2071 4010; baseline 0.007 -20"><span class='ocrx_word' id='word_1_525' title='bbox 500 3938 765 4008; x_wconf 89' lang='lat' dir='ltr'><strong>sapientia</strong></span> <span class='ocrx_word' id='word_1_526' title='bbox 790 3954 909 4005; x_wconf 87' lang='lat' dir='ltr'><strong>sua,</strong></span> <span class='ocrx_word' id='word_1_527' title='bbox 936 3954 1026 3993; x_wconf 88' lang='lat' dir='ltr'><strong>nec</strong></span> <span class='ocrx_word' id='word_1_528' title='bbox 1051 3938 1205 4008; x_wconf 76' lang='lat' dir='ltr'><strong>fortis</strong></span> <span class='ocrx_word' id='word_1_529' title='bbox 1244 3940 1301 3995; x_wconf 91' lang='lat' dir='ltr'><strong>in</strong></span> <span class='ocrx_word' id='word_1_530' title='bbox 1336 3942 1647 4010; x_wconf 76' lang='lat' dir='ltr'><strong>fortitudine</strong></span> <span class='ocrx_word' id='word_1_531' title='bbox 1667 3962 1787 4010; x_wconf 88' lang='lat' dir='ltr'><strong>sua,</strong></span> <span class='ocrx_word' id='word_1_532' title='bbox 1815 3962 1906 4000; x_wconf 85' lang='lat' dir='ltr'><strong>nec</strong></span> <span class='ocrx_word' id='word_1_533' title='bbox 1929 3947 2071 4001; x_wconf 83' lang='lat' dir='ltr'><strong>dives</strong></span> 
     </span>
    </p>
   </div>
   <div class='ocr_carea' id='block_1_71' title="bbox 501 4029 2068 4107">
    <p class='ocr_par' dir='ltr' id='par_1_71' title="bbox 501 4029 2068 4107">
     <span class='ocr_line' id='line_1_71' title="bbox 501 4029 2068 4107; baseline 0.006 -26"><span class='ocrx_word' id='word_1_534' title='bbox 501 4031 557 4082; x_wconf 90' lang='lat' dir='ltr'><strong>in</strong></span> <span class='ocrx_word' id='word_1_535' title='bbox 591 4029 794 4084; x_wconf 82' lang='lat' dir='ltr'><strong>diuitiis</strong></span> <span class='ocrx_word' id='word_1_536' title='bbox 825 4031 973 4093; x_wconf 84' lang='lat' dir='ltr'><strong>suis;</strong></span> <span class='ocrx_word' id='word_1_537' title='bbox 1013 4030 1105 4085; x_wconf 90' lang='lat' dir='ltr'><strong>sed</strong></span> <span class='ocrx_word' id='word_1_538' title='bbox 1147 4030 1204 4084; x_wconf 90' lang='lat' dir='ltr'><strong>in</strong></span> <span class='ocrx_word' id='word_1_539' title='bbox 1232 4032 1337 4085; x_wconf 90' lang='lat' dir='ltr'><strong>isto</strong></span> <span class='ocrx_word' id='word_1_540' title='bbox 1366 4033 1622 4101; x_wconf 81' lang='lat' dir='ltr'><strong>glorietur</strong></span> <span class='ocrx_word' id='word_1_541' title='bbox 1655 4037 1746 4105; x_wconf 85' lang='lat' dir='ltr'><strong>qui</strong></span> <span class='ocrx_word' id='word_1_542' title='bbox 1787 4037 2068 4107; x_wconf 86' lang='lat' dir='ltr'><strong>gloriatur,</strong></span> 
     </span>
    </p>
   </div>
   <div class='ocr_carea' id='block_1_72' title="bbox 500 4118 2071 4198">
    <p class='ocr_par' dir='ltr' id='par_1_72' title="bbox 500 4118 2071 4198">
     <span class='ocr_line' id='line_1_72' title="bbox 500 4118 2071 4198; baseline 0.005 -25"><span class='ocrx_word' id='word_1_543' title='bbox 500 4118 789 4192; x_wconf 88' lang='lat' dir='ltr'><strong>intelligere</strong></span> <span class='ocrx_word' id='word_1_544' title='bbox 819 4130 869 4174; x_wconf 91' lang='lat' dir='ltr'><strong>et</strong></span> <span class='ocrx_word' id='word_1_545' title='bbox 887 4121 1029 4191; x_wconf 75' lang='lat' dir='ltr'><strong>scire</strong></span> <span class='ocrx_word' id='word_1_546' title='bbox 1065 4121 1190 4191; x_wconf 89' lang='lat' dir='ltr'><strong>quia</strong></span> <span class='ocrx_word' id='word_1_547' title='bbox 1226 4139 1318 4193; x_wconf 85' lang='lat' dir='ltr'><strong>ego</strong></span> <span class='ocrx_word' id='word_1_548' title='bbox 1361 4140 1476 4179; x_wconf 87' lang='lat' dir='ltr'><strong>sum</strong></span> <span class='ocrx_word' id='word_1_549' title='bbox 1511 4123 1790 4180; x_wconf 86' lang='lat' dir='ltr'><strong>Dominus.</strong></span> <span class='ocrx_word' id='word_1_550' title='bbox 1824 4125 1918 4182; x_wconf 86' lang='lat' dir='ltr'><strong>Vis</strong></span> <span class='ocrx_word' id='word_1_551' title='bbox 1951 4127 2071 4198; x_wconf 52' lang='lat' dir='ltr'><strong>glon</strong></span> 
     </span>
    </p>
   </div>
   <div class='ocr_carea' id='block_1_73' title="bbox 499 4210 2071 4286">
    <p class='ocr_par' dir='ltr' id='par_1_73' title="bbox 499 4210 2071 4286">
     <span class='ocr_line' id='line_1_73' title="bbox 499 4210 2071 4286; baseline 0.006 -21"><span class='ocrx_word' id='word_1_552' title='bbox 499 4210 652 4276; x_wconf 89' lang='lat' dir='ltr'><strong>riari,</strong></span> <span class='ocrx_word' id='word_1_553' title='bbox 696 4223 752 4267; x_wconf 88' lang='lat' dir='ltr'><strong>et</strong></span> <span class='ocrx_word' id='word_1_554' title='bbox 781 4211 1175 4282; x_wconf 89' lang='lat' dir='ltr'><strong>gloriabundus</strong></span> <span class='ocrx_word' id='word_1_555' title='bbox 1207 4229 1315 4268; x_wconf 91' lang='lat' dir='ltr'><strong>non</strong></span> <span class='ocrx_word' id='word_1_556' title='bbox 1343 4214 1531 4269; x_wconf 88' lang='lat' dir='ltr'><strong>audire</strong></span> <span class='ocrx_word' id='word_1_557' title='bbox 1558 4236 1574 4270; x_wconf 89' lang='lat'>:</span> <span class='ocrx_word' id='word_1_558' title='bbox 1604 4214 2001 4286; x_wconf 82' lang='lat' dir='ltr'><strong>Confundimini</strong></span> <span class='ocrx_word' id='word_1_559' title='bbox 2037 4237 2071 4274; x_wconf 89' lang='lat' dir='ltr'><strong>a</strong></span> 
     </span>
    </p>
   </div>
   <div class='ocr_carea' id='block_1_74' title="bbox 497 4302 2071 4380">
    <p class='ocr_par' dir='ltr' id='par_1_74' title="bbox 497 4302 2071 4380">
     <span class='ocr_line' id='line_1_74' title="bbox 497 4302 2071 4380; baseline 0.008 -25"><span class='ocrx_word' id='word_1_560' title='bbox 497 4302 817 4373; x_wconf 80' lang='lat' dir='ltr'><strong>gloriatione</strong></span> <span class='ocrx_word' id='word_1_561' title='bbox 858 4307 1075 4360; x_wconf 79' lang='lat' dir='ltr'><strong>uestra?</strong></span> <span class='ocrx_word' id='word_1_562' title='bbox 1112 4303 1360 4360; x_wconf 87' lang='lat' dir='ltr'><strong>Gloriare</strong></span> <span class='ocrx_word' id='word_1_563' title='bbox 1389 4308 1743 4376; x_wconf 89' lang='lat' dir='ltr'><strong>utapostolus</strong></span> <span class='ocrx_word' id='word_1_564' title='bbox 1766 4308 1986 4380; x_wconf 89' lang='lat' dir='ltr'><strong>Paulus,</strong></span> <span class='ocrx_word' id='word_1_565' title='bbox 2016 4321 2071 4368; x_wconf 88' lang='lat' dir='ltr'><strong>et</strong></span> 
     </span>
    </p>
   </div>
   <div class='ocr_carea' id='block_1_75' title="bbox 498 4392 2070 4467">
    <p class='ocr_par' dir='ltr' id='par_1_75' title="bbox 498 4392 2070 4467">
     <span class='ocr_line' id='line_1_75' title="bbox 498 4392 2070 4467; baseline 0.008 -21"><span class='ocrx_word' id='word_1_566' title='bbox 498 4392 589 4449; x_wconf 87' lang='lat' dir='ltr'><strong>die</strong></span> <span class='ocrx_word' id='word_1_567' title='bbox 612 4394 656 4426; x_wconf 84' lang='lat'>“</span> <span class='ocrx_word' id='word_1_568' title='bbox 687 4413 701 4449; x_wconf 91' lang='lat'><strong>:</strong></span> <span class='ocrx_word' id='word_1_569' title='bbox 732 4393 869 4448; x_wconf 72' lang='lat' dir='ltr'><strong>Hihi</strong></span> <span class='ocrx_word' id='word_1_570' title='bbox 908 4405 1085 4450; x_wconf 88' lang='lat' dir='ltr'><strong>autem</strong></span> <span class='ocrx_word' id='word_1_571' title='bbox 1114 4396 1251 4450; x_wconf 90' lang='lat' dir='ltr'><strong>absit</strong></span> <span class='ocrx_word' id='word_1_572' title='bbox 1284 4396 1528 4467; x_wconf 87' lang='lat' dir='ltr'><strong>gloriari,</strong></span> <span class='ocrx_word' id='word_1_573' title='bbox 1567 4399 1671 4454; x_wconf 89' lang='lat' dir='ltr'><strong>nisi</strong></span> <span class='ocrx_word' id='word_1_574' title='bbox 1697 4400 1752 4454; x_wconf 91' lang='lat' dir='ltr'><strong>in</strong></span> <span class='ocrx_word' id='word_1_575' title='bbox 1778 4418 1928 4458; x_wconf 85' lang='lat' dir='ltr'><strong>cruce</strong></span> <span class='ocrx_word' id='word_1_576' title='bbox 1958 4405 2070 4458; x_wconf 79' lang='lat' dir='ltr'><strong>Do-</strong></span> 
     </span>
    </p>
   </div>
   <div class='ocr_carea' id='block_1_76' title="bbox 498 4483 2072 4556">
    <p class='ocr_par' dir='ltr' id='par_1_76' title="bbox 498 4483 2072 4556">
     <span class='ocr_line' id='line_1_76' title="bbox 498 4483 2072 4556; baseline 0.003 -19"><span class='ocrx_word' id='word_1_577' title='bbox 498 4484 632 4538; x_wconf 87' lang='lat' dir='ltr'><strong>mini</strong></span> <span class='ocrx_word' id='word_1_578' title='bbox 665 4485 767 4537; x_wconf 87' lang='lat' dir='ltr'><strong>mei</strong></span> <span class='ocrx_word' id='word_1_579' title='bbox 786 4483 916 4539; x_wconf 81' lang='lat' dir='ltr'><strong>Jesu</strong></span> <span class='ocrx_word' id='word_1_580' title='bbox 945 4485 1164 4553; x_wconf 82' lang='lat' dir='ltr'><strong>Christi,</strong></span> <span class='ocrx_word' id='word_1_581' title='bbox 1195 4500 1287 4552; x_wconf 89' lang='lat' dir='ltr'><strong>per</strong></span> <span class='ocrx_word' id='word_1_582' title='bbox 1311 4502 1462 4556; x_wconf 87' lang='lat' dir='ltr'><strong>quem</strong></span> <span class='ocrx_word' id='word_1_583' title='bbox 1488 4488 1616 4541; x_wconf 87' lang='lat' dir='ltr'><strong>mihi</strong></span> <span class='ocrx_word' id='word_1_584' title='bbox 1649 4493 1873 4547; x_wconf 88' lang='lat' dir='ltr'><strong>mundus</strong></span> <span class='ocrx_word' id='word_1_585' title='bbox 1902 4496 2072 4548; x_wconf 74' lang='lat' dir='ltr'><strong>cruci.</strong></span> 
     </span>
    </p>
   </div>
   <div class='ocr_carea' id='block_1_77' title="bbox 493 4563 2145 4651">
    <p class='ocr_par' dir='ltr' id='par_1_77' title="bbox 493 4563 2145 4651">
     <span class='ocr_line' id='line_1_77' title="bbox 493 4563 2145 4651; baseline 0.008 -23"><span class='ocrx_word' id='word_1_586' title='bbox 493 4576 640 4644; x_wconf 71' lang='lat' dir='ltr'><strong>ﬁxus</strong></span> <span class='ocrx_word' id='word_1_587' title='bbox 662 4585 762 4642; x_wconf 91' lang='lat' dir='ltr'><strong>est,</strong></span> <span class='ocrx_word' id='word_1_588' title='bbox 791 4585 841 4629; x_wconf 89' lang='lat' dir='ltr'><strong>et</strong></span> <span class='ocrx_word' id='word_1_589' title='bbox 863 4592 955 4646; x_wconf 86' lang='lat' dir='ltr'><strong>ego</strong></span> <span class='ocrx_word' id='word_1_590' title='bbox 980 4577 1198 4632; x_wconf 84' lang='lat' dir='ltr'><strong>mundo.</strong></span> <span class='ocrx_word' id='word_1_591' title='bbox 1234 4576 1330 4634; x_wconf 88' lang='lat' dir='ltr'><strong>Vis</strong></span> <span class='ocrx_word' id='word_1_592' title='bbox 1357 4579 1598 4651; x_wconf 82' lang='lat' dir='ltr'><strong>gloriari,</strong></span> <span class='ocrx_word' id='word_1_593' title='bbox 1625 4591 1678 4637; x_wconf 85' lang='lat' dir='ltr'><strong>et</strong></span> <span class='ocrx_word' id='word_1_594' title='bbox 1706 4599 1812 4637; x_wconf 90' lang='lat' dir='ltr'><strong>non</strong></span> <span class='ocrx_word' id='word_1_595' title='bbox 1840 4586 2064 4641; x_wconf 90' lang='lat' dir='ltr'><strong>audire:</strong></span> <span class='ocrx_word' id='word_1_596' title='bbox 2100 4563 2145 4617; x_wconf 77' lang='grc' dir='ltr'><strong>Ῑ)</strong></span> 
     </span>
    </p>
   </div>
   <div class='ocr_carea' id='block_1_78' title="bbox 497 4665 2065 4755">
    <p class='ocr_par' dir='ltr' id='par_1_78' title="bbox 497 4665 2065 4755">
     <span class='ocr_line' id='line_1_78' title="bbox 497 4665 2065 4755; baseline 0.006 -33"><span class='ocrx_word' id='word_1_597' title='bbox 497 4665 901 4737; x_wconf 80' lang='lat' dir='ltr'><strong>Confundimini</strong></span> <span class='ocrx_word' id='word_1_598' title='bbox 944 4684 978 4722; x_wconf 91' lang='lat' dir='ltr'><strong>a</strong></span> <span class='ocrx_word' id='word_1_599' title='bbox 1022 4668 1336 4755; x_wconf 82' lang='lat' dir='ltr'><strong>gloriatione</strong></span> <span class='ocrx_word' id='word_1_600' title='bbox 1376 4674 1592 4727; x_wconf 74' lang='lat' dir='ltr'><strong>vestra!</strong></span> <span class='ocrx_word' id='word_1_601' title='bbox 1640 4676 1779 4730; x_wconf 82' lang='lat' dir='ltr'><strong>Audi</strong></span> <span class='ocrx_word' id='word_1_602' title='bbox 1834 4675 2065 4732; x_wconf 88' lang='lat' dir='ltr'><strong>Paulum</strong></span> 
     </span>
    </p>
   </div>
   <div class='ocr_carea' id='block_1_79' title="bbox 497 4759 2067 4838">
    <p class='ocr_par' dir='ltr' id='par_1_79' title="bbox 497 4759 2067 4838">
     <span class='ocr_line' id='line_1_79' title="bbox 497 4759 2067 4838; baseline 0.006 -25"><span class='ocrx_word' id='word_1_603' title='bbox 497 4759 845 4829; x_wconf 84' lang='lat' dir='ltr'><strong>gloriantem,</strong></span> <span class='ocrx_word' id='word_1_604' title='bbox 875 4769 930 4816; x_wconf 87' lang='lat' dir='ltr'><strong>et</strong></span> <span class='ocrx_word' id='word_1_605' title='bbox 956 4760 1107 4817; x_wconf 89' lang='lat' dir='ltr'><strong>disce</strong></span> <span class='ocrx_word' id='word_1_606' title='bbox 1135 4762 1265 4833; x_wconf 90' lang='lat' dir='ltr'><strong>quid</strong></span> <span class='ocrx_word' id='word_1_607' title='bbox 1293 4762 1535 4834; x_wconf 87' lang='lat' dir='ltr'><strong>loquitur</strong></span> <span class='ocrx_word' id='word_1_608' title='bbox 1558 4765 1598 4796; x_wconf 88' lang='grc'><strong>⁶¹</strong></span> <span class='ocrx_word' id='word_1_609' title='bbox 1631 4784 1644 4819; x_wconf 89' lang='lat'><strong>:</strong></span> <span class='ocrx_word' id='word_1_610' title='bbox 1680 4765 1925 4823; x_wconf 80' lang='lat' dir='ltr'><strong>Libenter</strong></span> <span class='ocrx_word' id='word_1_611' title='bbox 1951 4767 2067 4838; x_wconf 80' lang='lat' dir='ltr'><strong>glo-</strong></span> 
     </span>
    </p>
   </div>
   <div class='ocr_carea' id='block_1_80' title="bbox 568 4877 2114 4991">
    <p class='ocr_par' dir='ltr' id='par_1_80' title="bbox 568 4877 2114 4991">
     <span class='ocr_line' id='line_1_80' title="bbox 568 4877 2114 4991; baseline 0.005 -17"><span class='ocrx_word' id='word_1_612' title='bbox 568 4920 618 4991; x_wconf 60' lang='grc' dir='ltr'><strong>ιι</strong></span> <span class='ocrx_word' id='word_1_613' title='bbox 656 4918 830 4991; x_wconf 80' lang='lat' dir='ltr'><strong>lcor.</strong></span> <span class='ocrx_word' id='word_1_614' title='bbox 862 4877 1020 4991; x_wconf 42' lang='grc' dir='ltr'><em>ι-νηιξ</em></span> <span class='ocrx_word' id='word_1_615' title='bbox 1096 4920 1143 4952; x_wconf 74' lang='grc' dir='ltr'><strong>ιι</strong></span> <span class='ocrx_word' id='word_1_616' title='bbox 1181 4920 1316 4978; x_wconf 90' lang='lat' dir='ltr'><strong>Luc.</strong></span> <span class='ocrx_word' id='word_1_617' title='bbox 1356 4937 1455 4987; x_wconf 82' lang='lat' dir='ltr'><strong>xu,</strong></span> <span class='ocrx_word' id='word_1_618' title='bbox 1487 4922 1575 4979; x_wconf 74' lang='lat' dir='ltr'><strong>te.</strong></span> <span class='ocrx_word' id='word_1_619' title='bbox 1650 4925 1695 4957; x_wconf 78' lang='grc' dir='ltr'><em>ιτ</em></span> <span class='ocrx_word' id='word_1_620' title='bbox 1736 4924 1870 4980; x_wconf 86' lang='lat' dir='ltr'><strong>ibid.</strong></span> <span class='ocrx_word' id='word_1_621' title='bbox 1898 4926 1990 4991; x_wconf 73' lang='grc' dir='ltr'><em>ιδ,</em></span> <span class='ocrx_word' id='word_1_622' title='bbox 2024 4925 2114 4982; x_wconf 82' lang='lat' dir='ltr'><strong>t6.</strong></span> 
     </span>
    </p>
   </div>
   <div class='ocr_carea' id='block_1_81' title="bbox 494 4989 1269 5059">
    <p class='ocr_par' dir='ltr' id='par_1_81' title="bbox 494 4989 1269 5059">
     <span class='ocr_line' id='line_1_81' title="bbox 494 4989 1269 5059; baseline 0.003 -13"><span class='ocrx_word' id='word_1_623' title='bbox 494 5005 571 5056; x_wconf 81' lang='lat' dir='ltr'><strong>VI,</strong></span> <span class='ocrx_word' id='word_1_624' title='bbox 600 4990 688 5045; x_wconf 74' lang='lat' dir='ltr'><strong>l4.</strong></span> <span class='ocrx_word' id='word_1_625' title='bbox 766 4990 807 5022; x_wconf 86' lang='grc'><strong>⁶¹</strong></span> <span class='ocrx_word' id='word_1_626' title='bbox 849 4989 893 5048; x_wconf 85' lang='grc' dir='ltr'><strong>ΙΙ</strong></span> <span class='ocrx_word' id='word_1_627' title='bbox 926 4989 1055 5046; x_wconf 88' lang='lat' dir='ltr'><strong>Cor.</strong></span> <span class='ocrx_word' id='word_1_628' title='bbox 1082 5007 1183 5059; x_wconf 79' lang='lat' dir='ltr'><strong>xu,</strong></span> <span class='ocrx_word' id='word_1_629' title='bbox 1214 4993 1269 5048; x_wconf 88' lang='lat'><strong>9.</strong></span> 
     </span>
    </p>
   </div>
   <div class='ocr_carea' id='block_1_82' title="bbox 493 5151 2071 5227">
    <p class='ocr_par' dir='ltr' id='par_1_82' title="bbox 493 5151 2071 5227">
     <span class='ocr_line' id='line_1_82' title="bbox 493 5151 2071 5227; baseline 0.007 -21"><span class='ocrx_word' id='word_1_630' title='bbox 493 5151 646 5227; x_wconf 79' lang='lat' dir='ltr'><strong>serit,</strong></span> <span class='ocrx_word' id='word_1_631' title='bbox 681 5161 1026 5227; x_wconf 24' lang='lat' dir='ltr'><strong>eertnr‘nAnon</strong></span> <span class='ocrx_word' id='word_1_632' title='bbox 1051 5155 1247 5212; x_wconf 81' lang='lat' dir='ltr'><strong>habeo.</strong></span> <span class='ocrx_word' id='word_1_633' title='bbox 1275 5154 1330 5227; x_wconf 65' lang='lat' dir='ltr'><strong>tu</strong></span> <span class='ocrx_word' id='word_1_634' title='bbox 1368 5170 1499 5212; x_wconf 82' lang='lat' dir='ltr'><strong>vero</strong></span> <span class='ocrx_word' id='word_1_635' title='bbox 1521 5154 1909 5227; x_wconf 88' lang='lat' dir='ltr'><strong>Hieronymum</strong></span> <span class='ocrx_word' id='word_1_636' title='bbox 1939 5174 2071 5217; x_wconf 88' lang='lat' dir='ltr'><strong>con-</strong></span> 
     </span>
    </p>
   </div>
   <div class='ocr_carea' id='block_1_83' title="bbox 490 5223 2071 5300">
    <p class='ocr_par' dir='ltr' id='par_1_83' title="bbox 490 5223 2071 5300">
     <span class='ocr_line' id='line_1_83' title="bbox 490 5223 2071 5300; baseline 0.006 -25"><span class='ocrx_word' id='word_1_637' title='bbox 490 5223 723 5300; x_wconf 75' lang='lat' dir='ltr'><strong>vertisse</strong></span> <span class='ocrx_word' id='word_1_638' title='bbox 737 5223 1043 5300; x_wconf 77' lang='lat' dir='ltr'><strong>_verisi_r_nile</strong></span> <span class='ocrx_word' id='word_1_639' title='bbox 1082 5236 1166 5300; x_wconf 85' lang='lat' dir='ltr'><strong>est</strong></span> <span class='ocrx_word' id='word_1_640' title='bbox 1193 5227 1259 5281; x_wconf 88' lang='lat' dir='ltr'><strong>ad</strong></span> <span class='ocrx_word' id='word_1_641' title='bbox 1293 5225 1601 5281; x_wconf 85' lang='lat' dir='ltr'><strong>Romanum</strong></span> <span class='ocrx_word' id='word_1_642' title='bbox 1634 5223 1943 5300; x_wconf 74' lang='lat' dir='ltr'><strong>pontiﬁcem</strong></span> <span class='ocrx_word' id='word_1_643' title='bbox 1974 5232 2071 5300; x_wconf 88' lang='lat' dir='ltr'><strong>(ut</strong></span> 
     </span>
    </p>
   </div>
   <div class='ocr_carea' id='block_1_84' title="bbox 492 5292 2069 5370">
    <p class='ocr_par' dir='ltr' id='par_1_84' title="bbox 492 5292 2069 5370">
     <span class='ocr_line' id='line_1_84' title="bbox 492 5292 2069 5370; baseline 0.006 -25"><span class='ocrx_word' id='word_1_644' title='bbox 492 5292 613 5370; x_wconf 75' lang='lat' dir='ltr'><strong>ejus</strong></span> <span class='ocrx_word' id='word_1_645' title='bbox 643 5293 1100 5370; x_wconf 59' lang='lat' dir='ltr'><strong>verbajndicant)</strong></span> <span class='ocrx_word' id='word_1_646' title='bbox 1127 5311 1287 5370; x_wconf 82' lang='lat' dir='ltr'><strong>quem</strong></span> <span class='ocrx_word' id='word_1_647' title='bbox 1312 5309 1589 5370; x_wconf 55' lang='lat' dir='ltr'><strong>summum</strong></span> <span class='ocrx_word' id='word_1_648' title='bbox 1613 5292 1950 5370; x_wconf 74' lang='lat' dir='ltr'><strong>sacerdotem</strong></span> <span class='ocrx_word' id='word_1_649' title='bbox 1973 5292 2069 5370; x_wconf 74' lang='lat' dir='ltr'><strong>ap-</strong></span> 
     </span>
    </p>
   </div>
   <div class='ocr_carea' id='block_1_85' title="bbox 491 5361 2067 5438">
    <p class='ocr_par' dir='ltr' id='par_1_85' title="bbox 491 5361 2067 5438">
     <span class='ocr_line' id='line_1_85' title="bbox 491 5361 2067 5438; baseline 0.006 -23"><span class='ocrx_word' id='word_1_650' title='bbox 491 5361 658 5431; x_wconf 81' lang='lat' dir='ltr'><strong>pellat</strong></span> <span class='ocrx_word' id='word_1_651' title='bbox 694 5361 845 5432; x_wconf 65' lang='lat' dir='ltr'><strong>praef.</strong></span> <span class='ocrx_word' id='word_1_652' title='bbox 877 5364 935 5438; x_wconf 91' lang='lat' dir='ltr'><strong>_in_</strong></span> <span class='ocrx_word' id='word_1_653' title='bbox 976 5361 1236 5438; x_wconf 67' lang='lat' dir='ltr'><strong>Evangel.</strong></span> <span class='ocrx_word' id='word_1_654' title='bbox 1266 5365 1332 5418; x_wconf 84' lang='lat' dir='ltr'><strong>ad</strong></span> <span class='ocrx_word' id='word_1_655' title='bbox 1369 5362 1687 5438; x_wconf 71' lang='lat' dir='ltr'><strong>Damasum,</strong></span> <span class='ocrx_word' id='word_1_656' title='bbox 1718 5374 1773 5421; x_wconf 83' lang='lat' dir='ltr'><strong>et</strong></span> <span class='ocrx_word' id='word_1_657' title='bbox 1798 5367 1866 5423; x_wconf 90' lang='lat' dir='ltr'><strong>de</strong></span> <span class='ocrx_word' id='word_1_658' title='bbox 1901 5361 2067 5438; x_wconf 80' lang='lat' dir='ltr'><strong>cujus</strong></span> 
     </span>
    </p>
   </div>
   <div class='ocr_carea' id='block_1_86' title="bbox 491 5433 2067 5504">
    <p class='ocr_par' dir='ltr' id='par_1_86' title="bbox 491 5433 2067 5504">
     <span class='ocr_line' id='line_1_86' title="bbox 491 5433 2067 5504; baseline 0.004 -17"><span class='ocrx_word' id='word_1_659' title='bbox 491 5439 758 5504; x_wconf 83' lang='lat' dir='ltr'><strong>potestate</strong></span> <span class='ocrx_word' id='word_1_660' title='bbox 780 5434 969 5489; x_wconf 90' lang='lat' dir='ltr'><strong>multis</strong></span> <span class='ocrx_word' id='word_1_661' title='bbox 983 5433 1205 5504; x_wconf 83' lang='lat' dir='ltr'><strong>disserit</strong></span> <span class='ocrx_word' id='word_1_662' title='bbox 1224 5434 1278 5489; x_wconf 91' lang='lat' dir='ltr'><strong>in</strong></span> <span class='ocrx_word' id='word_1_663' title='bbox 1304 5433 1462 5502; x_wconf 78' lang='lat' dir='ltr'><strong>epist.</strong></span> <span class='ocrx_word' id='word_1_664' title='bbox 1488 5435 1555 5489; x_wconf 91' lang='lat' dir='ltr'><strong>ad</strong></span> <span class='ocrx_word' id='word_1_665' title='bbox 1581 5438 1829 5492; x_wconf 90' lang='lat' dir='ltr'><strong>eumdem</strong></span> <span class='ocrx_word' id='word_1_666' title='bbox 1852 5433 2067 5503; x_wconf 78' lang='lat' dir='ltr'><strong>:Quan-</strong></span> 
     </span>
    </p>
   </div>
   <div class='ocr_carea' id='block_1_87' title="bbox 491 5502 2069 5576">
    <p class='ocr_par' dir='ltr' id='par_1_87' title="bbox 491 5502 2069 5576">
     <span class='ocr_line' id='line_1_87' title="bbox 491 5502 2069 5576; baseline 0.006 -23"><span class='ocrx_word' id='word_1_667' title='bbox 491 5502 863 5576; x_wconf 80' lang='lat' dir='ltr'><strong>quam-igitur,</strong></span> <span class='ocrx_word' id='word_1_668' title='bbox 894 5502 1094 5576; x_wconf 83' lang='lat' dir='ltr'><strong>inquit,</strong></span> <span class='ocrx_word' id='word_1_669' title='bbox 1130 5504 1207 5576; x_wconf 82' lang='lat' dir='ltr'><strong>tui</strong></span> <span class='ocrx_word' id='word_1_670' title='bbox 1239 5518 1319 5556; x_wconf 88' lang='lat' dir='ltr'><strong>me</strong></span> <span class='ocrx_word' id='word_1_671' title='bbox 1352 5513 1543 5557; x_wconf 85' lang='lat' dir='ltr'><strong>terreat</strong></span> <span class='ocrx_word' id='word_1_672' title='bbox 1576 5502 1915 5576; x_wconf 69' lang='lat' dir='ltr'><strong>magnitudo,</strong></span> <span class='ocrx_word' id='word_1_673' title='bbox 1930 5509 2069 5563; x_wconf 86' lang='lat' dir='ltr'><strong>invi-</strong></span> 
     </span>
    </p>
   </div>
   <div class='ocr_carea' id='block_1_88' title="bbox 495 5573 2069 5650">
    <p class='ocr_par' dir='ltr' id='par_1_88' title="bbox 495 5573 2069 5650">
     <span class='ocr_line' id='line_1_88' title="bbox 495 5573 2069 5650; baseline 0.006 -28"><span class='ocrx_word' id='word_1_674' title='bbox 495 5579 574 5650; x_wconf 77' lang='lat' dir='ltr'><strong>tat</strong></span> <span class='ocrx_word' id='word_1_675' title='bbox 597 5580 769 5650; x_wconf 67' lang='lat' dir='ltr'><strong>tamen</strong></span> <span class='ocrx_word' id='word_1_676' title='bbox 799 5573 1124 5650; x_wconf 69' lang='lat' dir='ltr'><strong>humanitas.</strong></span> <span class='ocrx_word' id='word_1_677' title='bbox 1140 5573 1194 5650; x_wconf 42' lang='grc'><strong>,14</strong></span> <span class='ocrx_word' id='word_1_678' title='bbox 1217 5581 1430 5650; x_wconf 85' lang='lat' dir='ltr'><strong>pastore</strong></span> <span class='ocrx_word' id='word_1_679' title='bbox 1450 5573 1756 5650; x_wconf 12' lang='lat' dir='ltr'><strong>pries‘idium</strong></span> <span class='ocrx_word' id='word_1_680' title='bbox 1779 5578 1887 5650; x_wconf 85' lang='lat' dir='ltr'><strong>ovis</strong></span> <span class='ocrx_word' id='word_1_681' title='bbox 1910 5579 2069 5650; x_wconf 79' lang='lat' dir='ltr'><strong>ﬂagi-</strong></span> 
     </span>
    </p>
   </div>
   <div class='ocr_carea' id='block_1_89' title="bbox 494 5640 2070 5720">
    <p class='ocr_par' dir='ltr' id='par_1_89' title="bbox 494 5640 2070 5720">
     <span class='ocr_line' id='line_1_89' title="bbox 494 5640 2070 5720; baseline 0.006 -26"><span class='ocrx_word' id='word_1_682' title='bbox 494 5648 568 5720; x_wconf 76' lang='lat' dir='ltr'><strong>to,</strong></span> <span class='ocrx_word' id='word_1_683' title='bbox 592 5640 824 5710; x_wconf 77' lang='lat' dir='ltr'><strong>facessat</strong></span> <span class='ocrx_word' id='word_1_684' title='bbox 859 5644 1059 5697; x_wconf 83' lang='lat' dir='ltr'><strong>inuidia</strong></span> <span class='ocrx_word' id='word_1_685' title='bbox 1086 5657 1104 5696; x_wconf 91' lang='lat'><strong><em>:</em></strong></span> <span class='ocrx_word' id='word_1_686' title='bbox 1128 5640 1354 5720; x_wconf 65' lang='lat' dir='ltr'><strong>Romani</strong></span> <span class='ocrx_word' id='word_1_687' title='bbox 1377 5640 1630 5720; x_wconf 78' lang='lat' dir='ltr'><strong>culminis.</strong></span> <span class='ocrx_word' id='word_1_688' title='bbox 1660 5647 1867 5720; x_wconf 83' lang='lat' dir='ltr'><strong>recedat</strong></span> <span class='ocrx_word' id='word_1_689' title='bbox 1904 5640 2070 5703; x_wconf 69' lang='lat' dir='ltr'><strong>ambi-</strong></span> 
     </span>
    </p>
   </div>
   <div class='ocr_carea' id='block_1_90' title="bbox 493 5716 2066 5787">
    <p class='ocr_par' dir='ltr' id='par_1_90' title="bbox 493 5716 2066 5787">
     <span class='ocr_line' id='line_1_90' title="bbox 493 5716 2066 5787; baseline 0.007 -26"><span class='ocrx_word' id='word_1_690' title='bbox 493 5716 566 5762; x_wconf 84' lang='lat' dir='ltr'><strong>tio</strong></span> <span class='ocrx_word' id='word_1_691' title='bbox 591 5726 608 5762; x_wconf 95' lang='lat'><em>:</em></span> <span class='ocrx_word' id='word_1_692' title='bbox 634 5726 751 5787; x_wconf 46' lang='lat' dir='ltr'><strong>cuin</strong></span> <span class='ocrx_word' id='word_1_693' title='bbox 776 5729 1073 5787; x_wconf 75' lang='lat' dir='ltr'><strong>successore</strong></span> <span class='ocrx_word' id='word_1_694' title='bbox 1093 5716 1376 5787; x_wconf 87' lang='lat' dir='ltr'><strong>piscatoris</strong></span> <span class='ocrx_word' id='word_1_695' title='bbox 1406 5726 1455 5769; x_wconf 87' lang='lat' dir='ltr'><strong>et</strong></span> <span class='ocrx_word' id='word_1_696' title='bbox 1481 5717 1746 5787; x_wconf 85' lang='lat' dir='ltr'><strong>discipulo</strong></span> <span class='ocrx_word' id='word_1_697' title='bbox 1783 5720 1954 5772; x_wconf 85' lang='lat' dir='ltr'><strong>crucis</strong></span> <span class='ocrx_word' id='word_1_698' title='bbox 1983 5721 2066 5772; x_wconf 88' lang='lat' dir='ltr'><strong>lo-</strong></span> 
     </span>
    </p>
   </div>
   <div class='ocr_carea' id='block_1_91' title="bbox 490 5780 2062 5863">
    <p class='ocr_par' dir='ltr' id='par_1_91' title="bbox 490 5780 2062 5863">
     <span class='ocr_line' id='line_1_91' title="bbox 490 5780 2062 5863; baseline 0.008 -33"><span class='ocrx_word' id='word_1_699' title='bbox 490 5794 649 5863; x_wconf 69' lang='lat' dir='ltr'><strong>quor.</strong></span> <span class='ocrx_word' id='word_1_700' title='bbox 686 5780 1325 5863; x_wconf 48' lang='lat' dir='ltr'><strong>liganullumprimum,</strong></span> <span class='ocrx_word' id='word_1_701' title='bbox 1365 5786 1469 5863; x_wconf 76' lang='lat' dir='ltr'><strong>nisi</strong></span> <span class='ocrx_word' id='word_1_702' title='bbox 1511 5780 1782 5863; x_wconf 72' lang='lat' dir='ltr'><strong>Christum</strong></span> <span class='ocrx_word' id='word_1_703' title='bbox 1824 5806 2062 5863; x_wconf 83' lang='lat' dir='ltr'><strong>sequens,</strong></span> 
     </span>
    </p>
   </div>
   <div class='ocr_carea' id='block_1_92' title="bbox 491 5848 2066 5928">
    <p class='ocr_par' dir='ltr' id='par_1_92' title="bbox 491 5848 2066 5928">
     <span class='ocr_line' id='line_1_92' title="bbox 491 5848 2066 5928; baseline 0.006 -23"><span class='ocrx_word' id='word_1_704' title='bbox 491 5848 807 5908; x_wconf 74' lang='lat' dir='ltr'><strong>beatitudini</strong></span> <span class='ocrx_word' id='word_1_705' title='bbox 843 5862 967 5920; x_wconf 80' lang='lat' dir='ltr'><strong>tute,</strong></span> <span class='ocrx_word' id='word_1_706' title='bbox 1008 5848 1077 5907; x_wconf 44' lang='lat' dir='ltr'><strong>id&#39;</strong></span> <span class='ocrx_word' id='word_1_707' title='bbox 1102 5866 1178 5910; x_wconf 85' lang='lat' dir='ltr'><strong>est</strong></span> <span class='ocrx_word' id='word_1_708' title='bbox 1217 5848 1479 5911; x_wconf 76' lang='lat' dir='ltr'><strong>cathedrw</strong></span> <span class='ocrx_word' id='word_1_709' title='bbox 1514 5856 1680 5928; x_wconf 79' lang='lat' dir='ltr'><strong>Petri,</strong></span> <span class='ocrx_word' id='word_1_710' title='bbox 1706 5848 2066 5915; x_wconf 76' lang='lat' dir='ltr'><strong>communione</strong></span> 
     </span>
    </p>
   </div>
   <div class='ocr_carea' id='block_1_93' title="bbox 2174 3295 3749 3371">
    <p class='ocr_par' dir='ltr' id='par_1_93' title="bbox 2174 3295 3749 3371">
     <span class='ocr_line' id='line_1_93' title="bbox 2174 3295 3749 3371; baseline -0.006 -16"><span class='ocrx_word' id='word_1_711' title='bbox 2174 3306 2315 3371; x_wconf 82' lang='grc' dir='ltr'><em>θητε</em></span> <span class='ocrx_word' id='word_1_712' title='bbox 2341 3301 2460 3357; x_wconf 74' lang='grc' dir='ltr'><strong>ἀπὸ</strong></span> <span class='ocrx_word' id='word_1_713' title='bbox 2499 3299 2852 3371; x_wconf 82' lang='grc' dir='ltr'><em>καυχήσεως</em></span> <span class='ocrx_word' id='word_1_714' title='bbox 2888 3296 3073 3367; x_wconf 83' lang='grc' dir='ltr'><em>ὑμῶν.</em></span> <span class='ocrx_word' id='word_1_715' title='bbox 3117 3297 3244 3350; x_wconf 79' lang='grc' dir='ltr'><strong>Ἐὰν</strong></span> <span class='ocrx_word' id='word_1_716' title='bbox 3287 3295 3628 3368; x_wconf 73' lang='grc' dir='ltr'><em>καυχήσηται</em></span> <span class='ocrx_word' id='word_1_717' title='bbox 3666 3312 3749 3359; x_wconf 82' lang='grc' dir='ltr'><strong>τις</strong></span> 
     </span>
    </p>
   </div>
   <div class='ocr_carea' id='block_1_94' title="bbox 2173 3387 3748 3462">
    <p class='ocr_par' dir='ltr' id='par_1_94' title="bbox 2173 3387 3748 3462">
     <span class='ocr_line' id='line_1_94' title="bbox 2173 3387 3748 3462; baseline -0.006 -15"><span class='ocrx_word' id='word_1_718' title='bbox 2173 3393 2267 3446; x_wconf 73' lang='grc' dir='ltr'><strong>ἐπὶ</strong></span> <span class='ocrx_word' id='word_1_719' title='bbox 2287 3391 2603 3462; x_wconf 80' lang='grc' dir='ltr'><em>πολυτελείᾳ</em></span> <span class='ocrx_word' id='word_1_720' title='bbox 2626 3392 2874 3462; x_wconf 81' lang='grc' dir='ltr'><em>ἱματίων,</em></span> <span class='ocrx_word' id='word_1_721' title='bbox 2891 3390 2984 3444; x_wconf 67' lang='grc' dir='ltr'><strong>ἐπὶ</strong></span> <span class='ocrx_word' id='word_1_722' title='bbox 3003 3387 3260 3459; x_wconf 81' lang='grc' dir='ltr'><em>οἰκοδομῇ</em></span> <span class='ocrx_word' id='word_1_723' title='bbox 3287 3388 3466 3453; x_wconf 87' lang='grc' dir='ltr'><em>οἰκίας</em></span> <span class='ocrx_word' id='word_1_724' title='bbox 3481 3387 3748 3449; x_wconf 83' lang='grc' dir='ltr'><em>πλουσίως</em></span> 
     </span>
    </p>
   </div>
   <div class='ocr_carea' id='block_1_95' title="bbox 2173 3478 3747 3555">
    <p class='ocr_par' dir='ltr' id='par_1_95' title="bbox 2173 3478 3747 3555">
     <span class='ocr_line' id='line_1_95' title="bbox 2173 3478 3747 3555; baseline -0.006 -16"><span class='ocrx_word' id='word_1_725' title='bbox 2173 3483 2711 3555; x_wconf 81' lang='grc' dir='ltr'><em>κατεσκευασμένης,</em></span> <span class='ocrx_word' id='word_1_726' title='bbox 2743 3481 2997 3553; x_wconf 81' lang='grc' dir='ltr'><em>ἀλλοτρία</em></span> <span class='ocrx_word' id='word_1_727' title='bbox 3013 3480 3159 3534; x_wconf 78' lang='grc' dir='ltr'><em>ἐστὶν</em></span> <span class='ocrx_word' id='word_1_728' title='bbox 3184 3481 3217 3550; x_wconf 82' lang='grc' dir='ltr'><strong>ή</strong></span> <span class='ocrx_word' id='word_1_729' title='bbox 3253 3479 3520 3551; x_wconf 80' lang='grc' dir='ltr'><em>καύχησις</em></span> <span class='ocrx_word' id='word_1_730' title='bbox 3545 3478 3747 3549; x_wconf 79' lang='grc' dir='ltr'><em>καυχή-</em></span> 
     </span>
    </p>
   </div>
   <div class='ocr_carea' id='block_1_96' title="bbox 2175 3570 3747 3647">
    <p class='ocr_par' dir='ltr' id='par_1_96' title="bbox 2175 3570 3747 3647">
     <span class='ocr_line' id='line_1_96' title="bbox 2175 3570 3747 3647; baseline -0.008 -14"><span class='ocrx_word' id='word_1_731' title='bbox 2175 3593 2311 3640; x_wconf 79' lang='grc' dir='ltr'><em>σεως</em></span> <span class='ocrx_word' id='word_1_732' title='bbox 2326 3576 2514 3645; x_wconf 84' lang='grc' dir='ltr'><em>ἁγίων·</em></span> <span class='ocrx_word' id='word_1_733' title='bbox 2536 3574 2615 3628; x_wconf 83' lang='grc' dir='ltr'><em>διὸ</em></span> <span class='ocrx_word' id='word_1_734' title='bbox 2628 3574 2947 3647; x_wconf 83' lang='grc' dir='ltr'><em>λεχθήσεται</em></span> <span class='ocrx_word' id='word_1_735' title='bbox 2964 3572 3100 3642; x_wconf 80' lang='grc' dir='ltr'><em>πρὸς</em></span> <span class='ocrx_word' id='word_1_736' title='bbox 3119 3572 3208 3626; x_wconf 80' lang='grc' dir='ltr'><em>τὸν</em></span> <span class='ocrx_word' id='word_1_737' title='bbox 3222 3570 3477 3625; x_wconf 75' lang='grc' dir='ltr'><em>τοιοῦτονο</em></span> <span class='ocrx_word' id='word_1_738' title='bbox 3494 3572 3747 3638; x_wconf 82' lang='grc' dir='ltr'><em>Αἰσχύν-</em></span> 
     </span>
    </p>
   </div>
   <div class='ocr_carea' id='block_1_97' title="bbox 2174 3660 3746 3739">
    <p class='ocr_par' dir='ltr' id='par_1_97' title="bbox 2174 3660 3746 3739">
     <span class='ocr_line' id='line_1_97' title="bbox 2174 3660 3746 3739; baseline -0.005 -15"><span class='ocrx_word' id='word_1_739' title='bbox 2174 3673 2315 3739; x_wconf 84' lang='grc' dir='ltr'><em>θητε</em></span> <span class='ocrx_word' id='word_1_740' title='bbox 2339 3667 2458 3723; x_wconf 82' lang='grc' dir='ltr'><strong>ἀπὸ</strong></span> <span class='ocrx_word' id='word_1_741' title='bbox 2498 3665 2854 3739; x_wconf 81' lang='grc' dir='ltr'><em>καυχήσεως</em></span> <span class='ocrx_word' id='word_1_742' title='bbox 2885 3663 3065 3737; x_wconf 77' lang='grc' dir='ltr'><em>ὑμῶν.</em></span> <span class='ocrx_word' id='word_1_743' title='bbox 3098 3665 3299 3720; x_wconf 70' lang='lat' dir='ltr'><strong>&quot;Ancus</strong></span> <span class='ocrx_word' id='word_1_744' title='bbox 3336 3663 3426 3719; x_wconf 80' lang='grc' dir='ltr'><em>τοῦ</em></span> <span class='ocrx_word' id='word_1_745' title='bbox 3453 3662 3611 3733; x_wconf 87' lang='grc' dir='ltr'><em>λόγου</em></span> <span class='ocrx_word' id='word_1_746' title='bbox 3650 3660 3746 3717; x_wconf 77' lang='grc' dir='ltr'><em>τοῦ</em></span> 
     </span>
    </p>
   </div>
   <div class='ocr_carea' id='block_1_98' title="bbox 2174 3755 3735 3833">
    <p class='ocr_par' dir='ltr' id='par_1_98' title="bbox 2174 3755 3735 3833">
     <span class='ocr_line' id='line_1_98' title="bbox 2174 3755 3735 3833; baseline -0.004 -18"><span class='ocrx_word' id='word_1_747' title='bbox 2174 3763 2452 3833; x_wconf 81' lang='grc' dir='ltr'><em>προφήτου</em></span> <span class='ocrx_word' id='word_1_748' title='bbox 2487 3761 2750 3831; x_wconf 85' lang='grc' dir='ltr'><em>Ἱερεμίου</em></span> <span class='ocrx_word' id='word_1_749' title='bbox 2784 3759 3094 3823; x_wconf 84' lang='grc' dir='ltr'><em>κελεύοντος</em></span> <span class='ocrx_word' id='word_1_750' title='bbox 3126 3759 3270 3830; x_wconf 78' lang='grc' dir='ltr'><em>ἡμᾶς</em></span> <span class='ocrx_word' id='word_1_751' title='bbox 3306 3756 3380 3828; x_wconf 78' lang='grc' dir='ltr'><em>μὴ</em></span> <span class='ocrx_word' id='word_1_752' title='bbox 3411 3755 3735 3826; x_wconf 75' lang='grc' dir='ltr'><em>καυχᾶσθαι·</em></span> 
     </span>
    </p>
   </div>
   <div class='ocr_carea' id='block_1_99' title="bbox 2172 3846 3743 3922">
    <p class='ocr_par' dir='ltr' id='par_1_99' title="bbox 2172 3846 3743 3922">
     <span class='ocr_line' id='line_1_99' title="bbox 2172 3846 3743 3922; baseline -0.007 -14"><span class='ocrx_word' id='word_1_753' title='bbox 2172 3854 2339 3922; x_wconf 79' lang='grc' dir='ltr'><em>Μηδὲ</em></span> <span class='ocrx_word' id='word_1_754' title='bbox 2358 3857 2390 3907; x_wconf 88' lang='grc' dir='ltr'><strong>ό</strong></span> <span class='ocrx_word' id='word_1_755' title='bbox 2411 3852 2596 3921; x_wconf 76' lang='grc' dir='ltr'><em>σοφὸς</em></span> <span class='ocrx_word' id='word_1_756' title='bbox 2622 3851 2721 3905; x_wconf 77' lang='grc' dir='ltr'><strong>ἐπὶ</strong></span> <span class='ocrx_word' id='word_1_757' title='bbox 2749 3850 2823 3919; x_wconf 76' lang='grc' dir='ltr'><em>τῇ</em></span> <span class='ocrx_word' id='word_1_758' title='bbox 2844 3852 3031 3920; x_wconf 66' lang='grc' dir='ltr'><em>σοφίᾳ</em></span> <span class='ocrx_word' id='word_1_759' title='bbox 3046 3850 3252 3913; x_wconf 84' lang='grc' dir='ltr'><em>αὐτοῦ,</em></span> <span class='ocrx_word' id='word_1_760' title='bbox 3270 3847 3426 3919; x_wconf 81' lang='grc' dir='ltr'><em>μηδὲ</em></span> <span class='ocrx_word' id='word_1_761' title='bbox 3447 3851 3480 3901; x_wconf 89' lang='grc' dir='ltr'><strong>ό</strong></span> <span class='ocrx_word' id='word_1_762' title='bbox 3495 3846 3743 3915; x_wconf 71' lang='grc' dir='ltr'><em>ἰσχιφὸς</em></span> 
     </span>
    </p>
   </div>
   <div class='ocr_carea' id='block_1_100' title="bbox 2171 3939 3746 4013">
    <p class='ocr_par' dir='ltr' id='par_1_100' title="bbox 2171 3939 3746 4013">
     <span class='ocr_line' id='line_1_100' title="bbox 2171 3939 3746 4013; baseline -0.003 -15"><span class='ocrx_word' id='word_1_763' title='bbox 2171 3945 2242 3999; x_wconf 85' lang='grc' dir='ltr'><em>ἐν</em></span> <span class='ocrx_word' id='word_1_764' title='bbox 2261 3943 2336 4012; x_wconf 78' lang='grc' dir='ltr'><em>τῇ</em></span> <span class='ocrx_word' id='word_1_765' title='bbox 2359 3944 2528 4013; x_wconf 84' lang='grc' dir='ltr'><em>ἰσχύϊ</em></span> <span class='ocrx_word' id='word_1_766' title='bbox 2543 3941 2751 4006; x_wconf 86' lang='grc' dir='ltr'><em>αὐτοῦ,</em></span> <span class='ocrx_word' id='word_1_767' title='bbox 2767 3940 2923 4011; x_wconf 83' lang='grc' dir='ltr'><em>μηδὲ</em></span> <span class='ocrx_word' id='word_1_768' title='bbox 2945 3944 2978 3995; x_wconf 84' lang='grc' dir='ltr'><em>ὀ</em></span> <span class='ocrx_word' id='word_1_769' title='bbox 2997 3943 3291 4008; x_wconf 72' lang='grc' dir='ltr'><em>πλούσιος</em></span> <span class='ocrx_word' id='word_1_770' title='bbox 3315 3942 3385 3996; x_wconf 72' lang='grc' dir='ltr'><em>ἐν</em></span> <span class='ocrx_word' id='word_1_771' title='bbox 3405 3939 3484 4007; x_wconf 83' lang='grc' dir='ltr'><em>τῷ</em></span> <span class='ocrx_word' id='word_1_772' title='bbox 3506 3942 3746 4007; x_wconf 75' lang='grc' dir='ltr'><em>πλούτῳ</em></span> 
     </span>
    </p>
   </div>
   <div class='ocr_carea' id='block_1_101' title="bbox 2171 4031 3744 4105">
    <p class='ocr_par' dir='ltr' id='par_1_101' title="bbox 2171 4031 3744 4105">
     <span class='ocr_line' id='line_1_101' title="bbox 2171 4031 3744 4105; baseline -0.003 -16"><span class='ocrx_word' id='word_1_773' title='bbox 2171 4034 2382 4099; x_wconf 82' lang='grc' dir='ltr'><em>αὐτοῦ,</em></span> <span class='ocrx_word' id='word_1_774' title='bbox 2409 4032 2572 4089; x_wconf 74' lang='grc' dir='ltr'><strong>ἀλλὰ</strong></span> <span class='ocrx_word' id='word_1_775' title='bbox 2602 4033 2672 4087; x_wconf 81' lang='grc' dir='ltr'><em>ἐν</em></span> <span class='ocrx_word' id='word_1_776' title='bbox 2696 4034 2885 4102; x_wconf 81' lang='grc' dir='ltr'><em>τούτῳ</em></span> <span class='ocrx_word' id='word_1_777' title='bbox 2921 4032 3243 4104; x_wconf 78' lang='grc' dir='ltr'><em>καυχάσθω</em></span> <span class='ocrx_word' id='word_1_778' title='bbox 3284 4037 3319 4089; x_wconf 88' lang='grc' dir='ltr'><strong>ό</strong></span> <span class='ocrx_word' id='word_1_779' title='bbox 3342 4031 3744 4105; x_wconf 85' lang='grc' dir='ltr'><em>καυχώμενος,</em></span> 
     </span>
    </p>
   </div>
   <div class='ocr_carea' id='block_1_102' title="bbox 2172 4124 3746 4197">
    <p class='ocr_par' dir='ltr' id='par_1_102' title="bbox 2172 4124 3746 4197">
     <span class='ocr_line' id='line_1_102' title="bbox 2172 4124 3746 4197; baseline 0 -15"><span class='ocrx_word' id='word_1_780' title='bbox 2172 4127 2408 4182; x_wconf 86' lang='grc' dir='ltr'><em>συνιεῖν</em></span> <span class='ocrx_word' id='word_1_781' title='bbox 2422 4125 2520 4180; x_wconf 81' lang='grc' dir='ltr'><strong>καί</strong></span> <span class='ocrx_word' id='word_1_782' title='bbox 2550 4124 2888 4196; x_wconf 79' lang='grc' dir='ltr'><em>γινώσκειν,</em></span> <span class='ocrx_word' id='word_1_783' title='bbox 2915 4128 3005 4181; x_wconf 83' lang='grc' dir='ltr'><em>ὅτι</em></span> <span class='ocrx_word' id='word_1_784' title='bbox 3031 4125 3145 4196; x_wconf 76' lang='grc' dir='ltr'><em>ἐγώ</em></span> <span class='ocrx_word' id='word_1_785' title='bbox 3163 4129 3275 4197; x_wconf 84' lang='grc' dir='ltr'><em>εἰμι</em></span> <span class='ocrx_word' id='word_1_786' title='bbox 3302 4129 3534 4196; x_wconf 80' lang='grc' dir='ltr'><em>Κύριος.</em></span> <span class='ocrx_word' id='word_1_787' title='bbox 3560 4125 3746 4190; x_wconf 82' lang='grc' dir='ltr'><em>Θέλεις</em></span> 
     </span>
    </p>
   </div>
   <div class='ocr_carea' id='block_1_103' title="bbox 2172 4217 3749 4290">
    <p class='ocr_par' dir='ltr' id='par_1_103' title="bbox 2172 4217 3749 4290">
     <span class='ocr_line' id='line_1_103' title="bbox 2172 4217 3749 4290; baseline 0 -17"><span class='ocrx_word' id='word_1_788' title='bbox 2172 4218 2501 4290; x_wconf 79' lang='grc' dir='ltr'><em>καυχᾶσθαι,</em></span> <span class='ocrx_word' id='word_1_789' title='bbox 2538 4218 2633 4270; x_wconf 72' lang='grc' dir='ltr'><em>καὶ</em></span> <span class='ocrx_word' id='word_1_790' title='bbox 2661 4217 3015 4290; x_wconf 88' lang='grc' dir='ltr'><em>καυχώμενος</em></span> <span class='ocrx_word' id='word_1_791' title='bbox 3059 4218 3133 4290; x_wconf 85' lang='grc' dir='ltr'><em>μὴ</em></span> <span class='ocrx_word' id='word_1_792' title='bbox 3180 4218 3432 4286; x_wconf 79' lang='grc' dir='ltr'><em>ἀκοῦσαι,</em></span> <span class='ocrx_word' id='word_1_793' title='bbox 3487 4220 3749 4289; x_wconf 62' lang='grc' dir='ltr'><em>Αἰσχύν.</em></span> 
     </span>
    </p>
   </div>
   <div class='ocr_carea' id='block_1_104' title="bbox 2171 4308 3748 4381">
    <p class='ocr_par' dir='ltr' id='par_1_104' title="bbox 2171 4308 3748 4381">
     <span class='ocr_line' id='line_1_104' title="bbox 2171 4308 3748 4381; baseline -0.001 -16"><span class='ocrx_word' id='word_1_794' title='bbox 2171 4314 2313 4378; x_wconf 83' lang='grc' dir='ltr'><em>θητε</em></span> <span class='ocrx_word' id='word_1_795' title='bbox 2345 4308 2465 4364; x_wconf 80' lang='grc' dir='ltr'><strong>ἀπὸ</strong></span> <span class='ocrx_word' id='word_1_796' title='bbox 2515 4308 2869 4377; x_wconf 83' lang='grc' dir='ltr'><em>καυχήσεως</em></span> <span class='ocrx_word' id='word_1_797' title='bbox 2912 4309 3110 4379; x_wconf 85' lang='grc' dir='ltr'><em>ὑμῶν;</em></span> <span class='ocrx_word' id='word_1_798' title='bbox 3142 4309 3432 4381; x_wconf 76' lang='grc' dir='ltr'><em>Καύχησαι</em></span> <span class='ocrx_word' id='word_1_799' title='bbox 3463 4312 3539 4375; x_wconf 81' lang='grc' dir='ltr'><em>ὡς</em></span> <span class='ocrx_word' id='word_1_800' title='bbox 3590 4311 3748 4364; x_wconf 77' lang='grc' dir='ltr'><em>Ἀπό-</em></span> 
     </span>
    </p>
   </div>
   <div class='ocr_carea' id='block_1_105' title="bbox 2174 4401 3747 4473">
    <p class='ocr_par' dir='ltr' id='par_1_105' title="bbox 2174 4401 3747 4473">
     <span class='ocr_line' id='line_1_105' title="bbox 2174 4401 3747 4473; baseline -0.002 -14"><span class='ocrx_word' id='word_1_801' title='bbox 2174 4405 2376 4469; x_wconf 88' lang='grc' dir='ltr'><em>στολος,</em></span> <span class='ocrx_word' id='word_1_802' title='bbox 2423 4404 2517 4458; x_wconf 69' lang='grc' dir='ltr'><em>καὶ</em></span> <span class='ocrx_word' id='word_1_803' title='bbox 2547 4404 2669 4457; x_wconf 83' lang='grc' dir='ltr'><em>εἰπέ</em></span> <span class='ocrx_word' id='word_1_804' title='bbox 2688 4419 2703 4434; x_wconf 73' lang='grc' dir='ltr'><strong>ο</strong></span> <span class='ocrx_word' id='word_1_805' title='bbox 2754 4403 2914 4471; x_wconf 83' lang='grc' dir='ltr'><strong>Ἔμοί</strong></span> <span class='ocrx_word' id='word_1_806' title='bbox 2944 4402 3013 4456; x_wconf 84' lang='grc' dir='ltr'><em>δὲ</em></span> <span class='ocrx_word' id='word_1_807' title='bbox 3032 4401 3119 4471; x_wconf 77' lang='grc' dir='ltr'><em>μὴ</em></span> <span class='ocrx_word' id='word_1_808' title='bbox 3150 4402 3380 4471; x_wconf 82' lang='grc' dir='ltr'><em>γένοιτο</em></span> <span class='ocrx_word' id='word_1_809' title='bbox 3409 4401 3747 4473; x_wconf 84' lang='grc' dir='ltr'><em>καυχᾶσθαι</em></span> 
     </span>
    </p>
   </div>
   <div class='ocr_carea' id='block_1_106' title="bbox 2171 4491 3749 4567">
    <p class='ocr_par' dir='ltr' id='par_1_106' title="bbox 2171 4491 3749 4567">
     <span class='ocr_line' id='line_1_106' title="bbox 2171 4491 3749 4567; baseline -0.004 -15"><span class='ocrx_word' id='word_1_810' title='bbox 2171 4501 2225 4552; x_wconf 89' lang='grc' dir='ltr'><strong>εἰ</strong></span> <span class='ocrx_word' id='word_1_811' title='bbox 2247 4496 2334 4567; x_wconf 77' lang='grc' dir='ltr'><em>μὴ</em></span> <span class='ocrx_word' id='word_1_812' title='bbox 2362 4496 2432 4548; x_wconf 76' lang='grc' dir='ltr'><em>ἐν</em></span> <span class='ocrx_word' id='word_1_813' title='bbox 2459 4494 2540 4561; x_wconf 83' lang='grc' dir='ltr'><em>τῷ</em></span> <span class='ocrx_word' id='word_1_814' title='bbox 2563 4494 2805 4562; x_wconf 85' lang='grc' dir='ltr'><em>σταυρῷ</em></span> <span class='ocrx_word' id='word_1_815' title='bbox 2824 4494 2931 4547; x_wconf 86' lang='grc' dir='ltr'><em>τοῦ</em></span> <span class='ocrx_word' id='word_1_816' title='bbox 2952 4493 3171 4561; x_wconf 84' lang='grc' dir='ltr'><em>Κυρίου</em></span> <span class='ocrx_word' id='word_1_817' title='bbox 3192 4491 3361 4559; x_wconf 84' lang='grc' dir='ltr'><em>ήμῶν</em></span> <span class='ocrx_word' id='word_1_818' title='bbox 3397 4493 3601 4560; x_wconf 84' lang='grc' dir='ltr'><em>Ἰησοῦ</em></span> <span class='ocrx_word' id='word_1_819' title='bbox 3623 4496 3749 4560; x_wconf 86' lang='grc' dir='ltr'><em>Χρι-</em></span> 
     </span>
    </p>
   </div>
   <div class='ocr_carea' id='block_1_107' title="bbox 2170 4576 3746 4652">
    <p class='ocr_par' dir='ltr' id='par_1_107' title="bbox 2170 4576 3746 4652">
     <span class='ocr_line' id='line_1_107' title="bbox 2170 4576 3746 4652; baseline -0.009 -11"><span class='ocrx_word' id='word_1_820' title='bbox 2170 4586 2344 4649; x_wconf 88' lang='grc' dir='ltr'><em>στοῦ,</em></span> <span class='ocrx_word' id='word_1_821' title='bbox 2393 4583 2468 4637; x_wconf 83' lang='grc' dir='ltr'><em>δι’</em></span> <span class='ocrx_word' id='word_1_822' title='bbox 2499 4579 2573 4637; x_wconf 86' lang='grc' dir='ltr'><em>οὗ</em></span> <span class='ocrx_word' id='word_1_823' title='bbox 2619 4583 2747 4652; x_wconf 77' lang='grc' dir='ltr'><em>ἐμοὶ</em></span> <span class='ocrx_word' id='word_1_824' title='bbox 2789 4583 3016 4650; x_wconf 85' lang='grc' dir='ltr'><em>κόσμος</em></span> <span class='ocrx_word' id='word_1_825' title='bbox 3053 4579 3435 4646; x_wconf 83' lang='grc' dir='ltr'><em>ἐσταύρωται,</em></span> <span class='ocrx_word' id='word_1_826' title='bbox 3465 4576 3626 4645; x_wconf 83' lang='grc' dir='ltr'><em>κάγὼ</em></span> <span class='ocrx_word' id='word_1_827' title='bbox 3664 4577 3746 4640; x_wconf 83' lang='grc' dir='ltr'><em>τῷ</em></span> 
     </span>
    </p>
   </div>
   <div class='ocr_carea' id='block_1_108' title="bbox 2169 4666 3746 4744">
    <p class='ocr_par' dir='ltr' id='par_1_108' title="bbox 2169 4666 3746 4744">
     <span class='ocr_line' id='line_1_108' title="bbox 2169 4666 3746 4744; baseline -0.016 -13"><span class='ocrx_word' id='word_1_828' title='bbox 2169 4677 2393 4744; x_wconf 81' lang='grc' dir='ltr'><em>κόσμῳ.</em></span> <span class='ocrx_word' id='word_1_829' title='bbox 2418 4673 2602 4737; x_wconf 82' lang='grc' dir='ltr'><em>Θέλεις</em></span> <span class='ocrx_word' id='word_1_830' title='bbox 2630 4671 2935 4742; x_wconf 75' lang='grc' dir='ltr'><em>καυχᾶσθαι</em></span> <span class='ocrx_word' id='word_1_831' title='bbox 2963 4669 3049 4721; x_wconf 81' lang='grc' dir='ltr'><em>ἵνα</em></span> <span class='ocrx_word' id='word_1_832' title='bbox 3074 4667 3147 4740; x_wconf 77' lang='grc' dir='ltr'><em>μὴ</em></span> <span class='ocrx_word' id='word_1_833' title='bbox 3167 4666 3426 4737; x_wconf 64' lang='grc' dir='ltr'><em>ἐλεγχθῇς</em></span> <span class='ocrx_word' id='word_1_834' title='bbox 3447 4683 3460 4696; x_wconf 76' lang='grc' dir='ltr'><strong><em>ο</em></strong></span> <span class='ocrx_word' id='word_1_835' title='bbox 3490 4666 3746 4733; x_wconf 69' lang='grc' dir='ltr'><em>Αἰσχύν.</em></span> 
     </span>
    </p>
   </div>
   <div class='ocr_carea' id='block_1_109' title="bbox 2169 4758 3744 4835">
    <p class='ocr_par' dir='ltr' id='par_1_109' title="bbox 2169 4758 3744 4835">
     <span class='ocr_line' id='line_1_109' title="bbox 2169 4758 3744 4835; baseline -0.008 -14"><span class='ocrx_word' id='word_1_836' title='bbox 2169 4770 2311 4835; x_wconf 58' lang='lat' dir='ltr'><strong>om:</strong></span> <span class='ocrx_word' id='word_1_837' title='bbox 2353 4765 2473 4820; x_wconf 77' lang='grc' dir='ltr'><strong>ἀπὸ</strong></span> <span class='ocrx_word' id='word_1_838' title='bbox 2498 4764 2850 4834; x_wconf 84' lang='grc' dir='ltr'><em>καυχήσεως</em></span> <span class='ocrx_word' id='word_1_839' title='bbox 2880 4759 3078 4831; x_wconf 81' lang='grc' dir='ltr'><strong>ὺμῶν;</strong></span> <span class='ocrx_word' id='word_1_840' title='bbox 3127 4762 3325 4814; x_wconf 80' lang='grc' dir='ltr'><em>Ἀκουε</em></span> <span class='ocrx_word' id='word_1_841' title='bbox 3368 4758 3579 4812; x_wconf 78' lang='grc' dir='ltr'><em>Παύλου</em></span> <span class='ocrx_word' id='word_1_842' title='bbox 3613 4773 3744 4810; x_wconf 85' lang='grc' dir='ltr'><em>καυ-</em></span> 
     </span>
    </p>
   </div>
   <div class='ocr_carea' id='block_1_110' title="bbox 2204 4918 3741 4991">
    <p class='ocr_par' dir='ltr' id='par_1_110' title="bbox 2204 4918 3741 4991">
     <span class='ocr_line' id='line_1_110' title="bbox 2204 4918 3741 4991; baseline -0.005 -10"><span class='ocrx_word' id='word_1_843' title='bbox 2204 4927 2251 4959; x_wconf 82' lang='grc'><strong>⁸⁸</strong></span> <span class='ocrx_word' id='word_1_844' title='bbox 2286 4925 2487 4981; x_wconf 83' lang='lat' dir='ltr'><strong>Jerem.</strong></span> <span class='ocrx_word' id='word_1_845' title='bbox 2520 4941 2619 4991; x_wconf 65' lang='grc' dir='ltr'><em>χιι,</em></span> <span class='ocrx_word' id='word_1_846' title='bbox 2651 4925 2737 4980; x_wconf 80' lang='grc'><strong>15.</strong></span> <span class='ocrx_word' id='word_1_847' title='bbox 2837 4925 2883 4957; x_wconf 80' lang='grc'><strong>⁸⁸</strong></span> <span class='ocrx_word' id='word_1_848' title='bbox 2920 4923 3030 4980; x_wconf 84' lang='lat' dir='ltr'><strong>Jer.</strong></span> <span class='ocrx_word' id='word_1_849' title='bbox 3069 4941 3145 4990; x_wconf 79' lang='lat' dir='ltr'><strong>Ix,</strong></span> <span class='ocrx_word' id='word_1_850' title='bbox 3172 4920 3266 4989; x_wconf 77' lang='grc'><strong>25,</strong></span> <span class='ocrx_word' id='word_1_851' title='bbox 3294 4921 3381 4976; x_wconf 70' lang='grc'><strong>24.</strong></span> <span class='ocrx_word' id='word_1_852' title='bbox 3479 4920 3525 4952; x_wconf 80' lang='grc'><strong>⁸⁸</strong></span> <span class='ocrx_word' id='word_1_853' title='bbox 3563 4918 3741 4976; x_wconf 84' lang='lat' dir='ltr'><strong>Galat.</strong></span> 
     </span>
    </p>
   </div>
   <div class='ocr_carea' id='block_1_111' title="bbox 2176 5151 3745 5231">
    <p class='ocr_par' dir='ltr' id='par_1_111' title="bbox 2176 5151 3745 5231">
     <span class='ocr_line' id='line_1_111' title="bbox 2176 5151 3745 5231; baseline -0.007 -17"><span class='ocrx_word' id='word_1_854' title='bbox 2176 5160 2464 5216; x_wconf 90' lang='lat' dir='ltr'><strong>consocior.</strong></span> <span class='ocrx_word' id='word_1_855' title='bbox 2497 5159 2665 5230; x_wconf 88' lang='lat' dir='ltr'><strong>Super</strong></span> <span class='ocrx_word' id='word_1_856' title='bbox 2685 5160 2835 5215; x_wconf 89' lang='lat' dir='ltr'><strong>illam</strong></span> <span class='ocrx_word' id='word_1_857' title='bbox 2876 5168 3077 5231; x_wconf 88' lang='lat' dir='ltr'><strong>petram</strong></span> <span class='ocrx_word' id='word_1_858' title='bbox 3101 5157 3425 5227; x_wconf 62' lang='lat' dir='ltr'><strong>aediﬁcatam</strong></span> <span class='ocrx_word' id='word_1_859' title='bbox 3451 5151 3745 5231; x_wconf 68' lang='lat' dir='ltr'><strong>Ecclesium</strong></span> 
     </span>
    </p>
   </div>
   <div class='ocr_carea' id='block_1_112' title="bbox 2175 5223 3742 5305">
    <p class='ocr_par' dir='ltr' id='par_1_112' title="bbox 2175 5223 3742 5305">
     <span class='ocr_line' id='line_1_112' title="bbox 2175 5223 3742 5305; baseline -0.007 -20"><span class='ocrx_word' id='word_1_860' title='bbox 2175 5232 2304 5305; x_wconf 68' lang='lat' dir='ltr'><strong>scio.</strong></span> <span class='ocrx_word' id='word_1_861' title='bbox 2325 5223 2651 5305; x_wconf 61' lang='lat' dir='ltr'><strong>Quicunque</strong></span> <span class='ocrx_word' id='word_1_862' title='bbox 2668 5240 2819 5305; x_wconf 74' lang='lat' dir='ltr'><strong>extra</strong></span> <span class='ocrx_word' id='word_1_863' title='bbox 2839 5223 2978 5305; x_wconf 77' lang='lat' dir='ltr'><strong>hunc</strong></span> <span class='ocrx_word' id='word_1_864' title='bbox 3000 5223 3217 5305; x_wconf 58' lang='lat' dir='ltr'><strong>domum</strong></span> <span class='ocrx_word' id='word_1_865' title='bbox 3230 5241 3423 5305; x_wconf 73' lang='lat' dir='ltr'><strong>agnum</strong></span> <span class='ocrx_word' id='word_1_866' title='bbox 3440 5223 3742 5305; x_wconf 67' lang='lat' dir='ltr'><strong>comederit,</strong></span> 
     </span>
    </p>
   </div>
   <div class='ocr_carea' id='block_1_113' title="bbox 2173 5292 3744 5376">
    <p class='ocr_par' dir='ltr' id='par_1_113' title="bbox 2173 5292 3744 5376">
     <span class='ocr_line' id='line_1_113' title="bbox 2173 5292 3744 5376; baseline -0.008 -21"><span class='ocrx_word' id='word_1_867' title='bbox 2173 5292 2428 5372; x_wconf 71' lang='lat' dir='ltr'><strong>profanus</strong></span> <span class='ocrx_word' id='word_1_868' title='bbox 2460 5292 2560 5376; x_wconf 55' lang='lat' dir='ltr'><strong>est;</strong></span> <span class='ocrx_word' id='word_1_869' title='bbox 2592 5300 2651 5376; x_wconf 78' lang='lat' dir='ltr'><strong>Si</strong></span> <span class='ocrx_word' id='word_1_870' title='bbox 2690 5302 2888 5376; x_wconf 76' lang='lat' dir='ltr'><strong>q_uis_in</strong></span> <span class='ocrx_word' id='word_1_871' title='bbox 2911 5317 3039 5376; x_wconf 76' lang='lat' dir='ltr'><strong>arca</strong></span> <span class='ocrx_word' id='word_1_872' title='bbox 3074 5298 3190 5376; x_wconf 78' lang='lat' dir='ltr'><strong>Noe</strong></span> <span class='ocrx_word' id='word_1_873' title='bbox 3214 5292 3316 5376; x_wconf 70' lang='lat' dir='ltr'><strong>non</strong></span> <span class='ocrx_word' id='word_1_874' title='bbox 3343 5296 3525 5364; x_wconf 78' lang='lat' dir='ltr'><strong>fuerit,</strong></span> <span class='ocrx_word' id='word_1_875' title='bbox 3554 5292 3744 5376; x_wconf 57' lang='lat' dir='ltr'><strong>peribit</strong></span> 
     </span>
    </p>
   </div>
   <div class='ocr_carea' id='block_1_114' title="bbox 2176 5360 3747 5443">
    <p class='ocr_par' dir='ltr' id='par_1_114' title="bbox 2176 5360 3747 5443">
     <span class='ocr_line' id='line_1_114' title="bbox 2176 5360 3747 5443; baseline -0.003 -18"><span class='ocrx_word' id='word_1_876' title='bbox 2176 5360 2422 5443; x_wconf 55' lang='lat' dir='ltr'><strong>regnante</strong></span> <span class='ocrx_word' id='word_1_877' title='bbox 2439 5371 2661 5443; x_wconf 66' lang='lat' dir='ltr'><strong>diluvio.</strong></span> <span class='ocrx_word' id='word_1_878' title='bbox 2696 5360 2905 5443; x_wconf 59' lang='lat' dir='ltr'><strong>Similia</strong></span> <span class='ocrx_word' id='word_1_879' title='bbox 2940 5371 3100 5424; x_wconf 86' lang='lat' dir='ltr'><strong>habet</strong></span> <span class='ocrx_word' id='word_1_880' title='bbox 3125 5360 3526 5443; x_wconf 59' lang='lat' dir='ltr'><strong>Ambrosla§ler</strong></span> <span class='ocrx_word' id='word_1_881' title='bbox 3642 5360 3747 5443; x_wconf 42' lang='grc' dir='ltr'><strong>ς.οὸ</strong></span> 
     </span>
    </p>
   </div>
   <div class='ocr_carea' id='block_1_115' title="bbox 2173 5430 3743 5510">
    <p class='ocr_par' dir='ltr' id='par_1_115' title="bbox 2173 5430 3743 5510">
     <span class='ocr_line' id='line_1_115' title="bbox 2173 5430 3743 5510; baseline -0.008 -15"><span class='ocrx_word' id='word_1_882' title='bbox 2173 5430 2342 5510; x_wconf 65' lang='lat' dir='ltr'><strong>Epist.</strong></span> <span class='ocrx_word' id='word_1_883' title='bbox 2373 5442 2390 5495; x_wconf 91' lang='grc' dir='ltr'><strong>Ι</strong></span> <span class='ocrx_word' id='word_1_884' title='bbox 2421 5443 2488 5496; x_wconf 86' lang='lat' dir='ltr'><strong>ad</strong></span> <span class='ocrx_word' id='word_1_885' title='bbox 2516 5440 2694 5495; x_wconf 85' lang='lat' dir='ltr'><strong>Tim.:</strong></span> <span class='ocrx_word' id='word_1_886' title='bbox 2726 5439 2791 5495; x_wconf 89' lang='lat' dir='ltr'><strong>Ut</strong></span> <span class='ocrx_word' id='word_1_887' title='bbox 2817 5449 3105 5510; x_wconf 6' lang='lat' dir='ltr'><strong>cumgtotus</strong></span> <span class='ocrx_word' id='word_1_888' title='bbox 3130 5439 3357 5510; x_wconf 82' lang='lat' dir='ltr'><strong>mundus</strong></span> <span class='ocrx_word' id='word_1_889' title='bbox 3390 5434 3607 5510; x_wconf 83' lang='lat' dir='ltr'><strong>_l)e_i_sit,</strong></span> <span class='ocrx_word' id='word_1_890' title='bbox 3638 5430 3743 5483; x_wconf 75' lang='lat' dir='ltr'><strong>Ec-</strong></span> 
     </span>
    </p>
   </div>
   <div class='ocr_carea' id='block_1_116' title="bbox 2171 5504 3746 5585">
    <p class='ocr_par' dir='ltr' id='par_1_116' title="bbox 2171 5504 3746 5585">
     <span class='ocr_line' id='line_1_116' title="bbox 2171 5504 3746 5585; baseline -0.008 -20"><span class='ocrx_word' id='word_1_891' title='bbox 2171 5504 2332 5585; x_wconf 62' lang='lat' dir='ltr'><strong>clesia</strong></span> <span class='ocrx_word' id='word_1_892' title='bbox 2364 5520 2538 5567; x_wconf 85' lang='lat' dir='ltr'><strong>tamen</strong></span> <span class='ocrx_word' id='word_1_893' title='bbox 2568 5512 2752 5585; x_wconf 86' lang='lat' dir='ltr'><strong>d_omus</strong></span> <span class='ocrx_word' id='word_1_894' title='bbox 2778 5510 2891 5579; x_wconf 83' lang='lat' dir='ltr'><strong>ejus</strong></span> <span class='ocrx_word' id='word_1_895' title='bbox 2922 5508 3155 5585; x_wconf 74' lang='lat' dir='ltr'><strong>dicatur,</strong></span> <span class='ocrx_word' id='word_1_896' title='bbox 3201 5507 3351 5585; x_wconf 65' lang='lat' dir='ltr'><strong>cujus</strong></span> <span class='ocrx_word' id='word_1_897' title='bbox 3380 5504 3533 5558; x_wconf 87' lang='lat' dir='ltr'><strong>hodie</strong></span> <span class='ocrx_word' id='word_1_898' title='bbox 3549 5510 3746 5585; x_wconf 42' lang='lat' dir='ltr'><strong>“rec-tor</strong></span> 
     </span>
    </p>
   </div>
   <div class='ocr_carea' id='block_1_117' title="bbox 2169 5572 3745 5647">
    <p class='ocr_par' dir='ltr' id='par_1_117' title="bbox 2169 5572 3745 5647">
     <span class='ocr_line' id='line_1_117' title="bbox 2169 5572 3745 5647; baseline -0.008 -12"><span class='ocrx_word' id='word_1_899' title='bbox 2169 5591 2245 5635; x_wconf 90' lang='lat' dir='ltr'><strong>est</strong></span> <span class='ocrx_word' id='word_1_900' title='bbox 2278 5581 2557 5635; x_wconf 86' lang='lat' dir='ltr'><strong>Damasus.</strong></span> <span class='ocrx_word' id='word_1_901' title='bbox 2590 5572 2892 5635; x_wconf 73' lang='lat' dir='ltr'><strong>Romanum</strong></span> <span class='ocrx_word' id='word_1_902' title='bbox 2926 5580 3106 5633; x_wconf 87' lang='lat' dir='ltr'><strong>itidem</strong></span> <span class='ocrx_word' id='word_1_903' title='bbox 3140 5572 3450 5647; x_wconf 81' lang='lat' dir='ltr'><strong>pontiﬁcem</strong></span> <span class='ocrx_word' id='word_1_904' title='bbox 3485 5588 3515 5628; x_wconf 75' lang='grc' dir='ltr'><strong>ιι</strong></span> <span class='ocrx_word' id='word_1_905' title='bbox 3547 5572 3745 5647; x_wconf 80' lang='lat' dir='ltr'><strong>Rulino</strong></span> 
     </span>
    </p>
   </div>
   <div class='ocr_carea' id='block_1_118' title="bbox 2169 5643 3738 5731">
    <p class='ocr_par' dir='ltr' id='par_1_118' title="bbox 2169 5643 3738 5731">
     <span class='ocr_line' id='line_1_118' title="bbox 2169 5643 3738 5731; baseline 0.005 -7"><span class='ocrx_word' id='word_1_906' title='bbox 2169 5651 2757 5731; x_wconf 57' lang='grc' dir='ltr'><em>ειεείιῃθνίιτιιιιιιίιθ.</em></span> <span class='ocrx_word' id='word_1_907' title='bbox 2792 5661 2892 5731; x_wconf 45' lang='lat' dir='ltr'><strong>est.</strong></span> <span class='ocrx_word' id='word_1_908' title='bbox 2923 5664 3062 5731; x_wconf 64' lang='lat' dir='ltr'><strong>sum</strong></span> <span class='ocrx_word' id='word_1_909' title='bbox 3096 5643 3173 5702; x_wconf 71' lang='grc' dir='ltr'><strong>τίῖι</strong></span> <span class='ocrx_word' id='word_1_910' title='bbox 3202 5647 3256 5731; x_wconf 59' lang='lat' dir='ltr'><strong>is</strong></span> <span class='ocrx_word' id='word_1_911' title='bbox 3291 5643 3738 5731; x_wconf 55' lang='grc' dir='ltr'><strong>ίηιφνρεέέδξὲτθξὶθ</strong></span> 
     </span>
    </p>
   </div>
   <div class='ocr_carea' id='block_1_119' title="bbox 2172 5714 3745 5790">
    <p class='ocr_par' dir='ltr' id='par_1_119' title="bbox 2172 5714 3745 5790">
     <span class='ocr_line' id='line_1_119' title="bbox 2172 5714 3745 5790; baseline -0.007 -15"><span class='ocrx_word' id='word_1_912' title='bbox 2172 5714 2411 5775; x_wconf 71' lang='grc' dir='ltr'><em>Ιιοῐιιῖιίιε</em></span> <span class='ocrx_word' id='word_1_913' title='bbox 2443 5714 2509 5775; x_wconf 77' lang='lat' dir='ltr'><strong>l7</strong></span> <span class='ocrx_word' id='word_1_914' title='bbox 2542 5718 2791 5790; x_wconf 84' lang='lat' dir='ltr'><strong>Origenis</strong></span> <span class='ocrx_word' id='word_1_915' title='bbox 2834 5721 2887 5773; x_wconf 88' lang='lat' dir='ltr'><strong>in</strong></span> <span class='ocrx_word' id='word_1_916' title='bbox 2918 5718 3153 5774; x_wconf 86' lang='lat' dir='ltr'><strong>Genes.:</strong></span> <span class='ocrx_word' id='word_1_917' title='bbox 3192 5715 3314 5770; x_wconf 90' lang='lat' dir='ltr'><strong>Non</strong></span> <span class='ocrx_word' id='word_1_918' title='bbox 3349 5714 3557 5790; x_wconf 71' lang='lat' dir='ltr'><strong>deﬁciet</strong></span> <span class='ocrx_word' id='word_1_919' title='bbox 3594 5714 3745 5790; x_wconf 69' lang='lat' dir='ltr'><strong>prin-</strong></span> 
     </span>
    </p>
   </div>
   <div class='ocr_carea' id='block_1_120' title="bbox 2169 5786 3741 5861">
    <p class='ocr_par' dir='ltr' id='par_1_120' title="bbox 2169 5786 3741 5861">
     <span class='ocr_line' id='line_1_120' title="bbox 2169 5786 3741 5861; baseline -0.008 -16"><span class='ocrx_word' id='word_1_920' title='bbox 2169 5808 2286 5861; x_wconf 86' lang='lat' dir='ltr'><strong>ceps</strong></span> <span class='ocrx_word' id='word_1_921' title='bbox 2307 5807 2373 5845; x_wconf 77' lang='lat' dir='ltr'><strong>ea:</strong></span> <span class='ocrx_word' id='word_1_922' title='bbox 2395 5790 2561 5861; x_wconf 81' lang='lat' dir='ltr'><strong>Juda,</strong></span> <span class='ocrx_word' id='word_1_923' title='bbox 2585 5786 2736 5843; x_wconf 56' lang='lat' dir='ltr'><strong>id&#39;est</strong></span> <span class='ocrx_word' id='word_1_924' title='bbox 2770 5790 2852 5843; x_wconf 87' lang='lat' dir='ltr'><strong>hic</strong></span> <span class='ocrx_word' id='word_1_925' title='bbox 2885 5793 2975 5859; x_wconf 86' lang='lat' dir='ltr'><strong>qui</strong></span> <span class='ocrx_word' id='word_1_926' title='bbox 2998 5798 3113 5858; x_wconf 88' lang='lat' dir='ltr'><strong>post</strong></span> <span class='ocrx_word' id='word_1_927' title='bbox 3156 5786 3586 5861; x_wconf 74' lang='lat' dir='ltr'><strong>resurrectionem</strong></span> <span class='ocrx_word' id='word_1_928' title='bbox 3627 5786 3741 5835; x_wconf 84' lang='lat' dir='ltr'><strong>eius</strong></span> 
     </span>
    </p>
   </div>
   <div class='ocr_carea' id='block_1_121' title="bbox 2172 5854 3703 5930">
    <p class='ocr_par' dir='ltr' id='par_1_121' title="bbox 2172 5854 3703 5930">
     <span class='ocr_line' id='line_1_121' title="bbox 2172 5854 3703 5930; baseline -0.007 -14"><span class='ocrx_word' id='word_1_929' title='bbox 2172 5854 2420 5930; x_wconf 76' lang='lat' dir='ltr'><strong>(Christi)</strong></span> <span class='ocrx_word' id='word_1_930' title='bbox 2462 5860 2812 5915; x_wconf 65' lang='lat' dir='ltr'><strong>Iirclesiarum</strong></span> <span class='ocrx_word' id='word_1_931' title='bbox 2848 5854 3084 5928; x_wconf 59' lang='lat' dir='ltr'><strong>princeps</strong></span> <span class='ocrx_word' id='word_1_932' title='bbox 3109 5858 3408 5912; x_wconf 88' lang='lat' dir='ltr'><strong>ordinatur.</strong></span> <span class='ocrx_word' id='word_1_933' title='bbox 3442 5854 3703 5908; x_wconf 63' lang='lat' dir='ltr'><strong>Hunnus-</strong></span> 
     </span>
    </p>
   </div>
  </div>
