4122 6424
433 453 545 510 375

1593 447 1659 501 IN
1697 444 2045 502 JEREMIAM
2080 440 2367 498 HOMILIA
2402 438 2493 494 XI.

3588 439 3715 497 επ

435 573 703 647 χωμὲνου,
756 573 849 627 καὶ
897 572 1152 643 μάνθανε,
1202 573 1330 624 ὅταν
1379 569 1549 643 λέγῃ·
1594 569 1841 626 Ἥδιστα
1896 563 1998 622 οὖν

2112 565 2291 618 riabor
2317 564 2373 616 in
2409 558 2813 632 inﬁrmitatibus
2851 558 3000 625 meis,
3031 567 3087 612 ut
3118 557 3366 612 inhabitet
3391 557 3446 611 in
3478 572 3559 611 me
3580 558 3693 611 vir-

433 665 813 735 κιδυχήσομιιι
838 665 910 718 ἐν
940 662 1068 730 ταῖς
1093 662 1433 728 ἀσθενείαις
1457 678 1597 730 μου,
1632 660 1732 714 ἵνα
1756 660 2010 725 ἐπισκη-

430 755 595 826 νώσῃ
624 757 716 810 ἐπ’
740 756 846 824 ἐμὲ
872 757 909 824 ἡ
940 755 1192 824 δύναμις
1224 753 1329 808 τοῦ
1372 750 1650 821 Χριστοῦ.
1697 752 1894 804 ’Ἄκουε
1923 742 2012 803 οἷα

431 848 698 919 καυχᾶται
718 849 897 919 καυχὴ
907 863 1069 918 ματα·
1084 841 1187 900 Ἕν
1208 846 1417 911 κόποις
1435 842 1892 913 περισσοτέρως.
1914 840 2011 904 Τίς

428 940 653 993 δύναται
686 930 845 1011 ἡμῶν
894 937 1059 993 τοῦτο
1093 939 1307 1001 είπεῐν;
1358 936 1454 987 Ἐν
1490 929 1790 1004 φυλακαῖς
1829 933 2010 999 ὑπερ-

429 1033 792 1098 ϐαλλόντως,
826 1031 896 1084 ὲν
919 1029 1197 1095 θανάτοις
1219 1024 1536 1091 πολλάκις·
1567 1024 1684 1079 ὑπὸ
1721 1021 2013 1077 Ἰουδαίων

428 1122 710 1190 πεντάκις
725 1120 1181 1191 τεσσαράκοντα
1194 1118 1354 1187 παρὰ
1365 1119 1512 1188 μίαν
1532 1116 1768 1170 ἔλαϐον·
1787 1112 1914 1181 τρὶς
1926 1112 2014 1179 ep-

418 1214 774 1284 ῥαϐδίσθην,
793 1213 955 1278 ἅπαξ
975 1211 1326 1278 ἐλιθάσθην,
1339 1204 1839 1277 τρίς-ἐναυάγησα.
1867 1205 2013 1259 Μαν-

425 1303 663 1376 θάνομεν
677 1305 752 1376 (1)
769 1301 863 1359 οὖν
881 1304 976 1358 καὶ
989 1304 1307 1374 καυχήσεων
1323 1298 1460 1356 εἶναι
1473 1298 1755 1371 διαφοράς·
1770 1296 1845 1360 ὣς
1860 1311 2011 1359 τινας

430 1398 531 1467 μὲν
559 1397 855 1468 καυχήσεις
887 1390 1025 1449 εἶναι
1058 1391 1318 1464 αίσχύνης
1350 1390 1528 1456 ἀξίας,
1567 1390 1651 1459 ἐφ’
1683 1383 1766 1451 οἷς
1812 1386 2010 1455 λέγοιτ’

429 1487 495 1541 ἂν
525 1488 699 1541 ἐκεῖνο
718 1486 781 1541 τὸ
803 1484 1172 1541 ἀποστολικόν·
1197 1485 1306 1539 Καὶ
1329 1483 1369 1553 ἠ
1392 1481 1543 1547 δόξα
1562 1482 1633 1535 ἐν
1651 1478 1728 1547 τῇ
1746 1478 2010 1548 αἰσχύνῃ

426 1578 648 1633 αὐτῶν.
679 1579 793 1648 Ἐφ’
815 1574 897 1643 οἷς
919 1578 1025 1631 ἔδει
1051 1577 1247 1639 αὐτοὺς
1276 1571 1650 1645 αἰσχύνεσθαι,
1684 1570 1779 1624 ἐπὶ
1803 1568 2013 1632 τούτοις

423 1671 628 1725 οἴονται
657 1668 997 1737 δοξάζεσθαι.

498 1762 654 1817 Μετὰ
701 1761 876 1816 ταῦτα
927 1761 1127 1830 ἴδωμεν
1172 1758 1243 1810 τὰ
1290 1757 1420 1827 περὶ
1462 1754 1556 1807 τοῦ
1610 1751 2007 1824 περιζώματος.

2117 664 2202 709 tus
2240 652 2464 708 Christi.
2501 651 2642 707 Audi
2676 666 2799 722 quae
2830 651 2939 706 sint
2976 650 3162 721 gloria:
3200 651 3256 704 in
3290 649 3491 719 quibus
3515 664 3576 705 se
3609 650 3691 703 vir

2115 744 2366 801 eﬂ‘erat“
2394 762 2407 797 :
2439 741 2506 796 In
2544 741 2811 796 laboribus
2842 741 3194 795 abundanter.
3224 738 3360 806 Quis
3384 740 3489 795 hoc
3510 748 3692 809 potest

2113 834 2335 891 dicere?
2384 832 2454 887 In
2492 833 2790 888 carceribus
2838 848 3001 903 supra
3048 831 3285 898 modum,
3334 831 3388 884 in
3433 829 3691 884 mortibus

2113 941 2282 996 sa-pe;
2313 942 2346 978 a
2382 923 2590 979 Iudicis
2633 924 2909 995 quinquies
2951 922 3320 992 quadragenas
3366 936 3474 975 una
3516 923 3691 975 minus

2113 1017 2327 1087 accepi;
2358 1025 2437 1070 ter
2466 1016 2626 1086 uirgis
2657 1030 2826 1069 cmsus
2862 1029 3016 1077 sum;
3046 1012 3205 1067 semel
3236 1010 3507 1082 lapidatus
3538 1027 3690 1075 sum;

2115 1114 2195 1161 ter
2233 1105 2577 1176 naufragium
2613 1119 2802 1173 passus
2846 1118 2982 1157 sum.
3030 1102 3317 1160 Discamus
3359 1102 3691 1160 differentias

2113 1196 2435 1267 gloriarum,
2459 1203 2516 1250 et
2542 1194 2840 1250 nonnullos
2865 1209 2988 1250 esse
3017 1194 3112 1263 qui
3149 1209 3316 1266 super
3337 1194 3423 1251 his
3450 1193 3690 1266 glorieri-

2114 1295 2224 1352 tur,
2260 1303 2383 1357 quae
2419 1287 2619 1343 rubore
2650 1286 2813 1358 digna
2852 1294 3002 1351 sunt,
3042 1301 3276 1356 quorum
3306 1288 3479 1359 gloria
3515 1299 3600 1345 est
3632 1287 3689 1342 in

2111 1378 2438 1434 confusione
2462 1379 2527 1432 ⁶³.
2576 1378 2635 1434 lu
2678 1378 2764 1433 his
2805 1378 3007 1449 quippe
3044 1379 3366 1449 gloriantur,
3415 1394 3538 1451 qua
3562 1393 3691 1436 cum

2114 1467 2345 1535 iaciunt,
2379 1469 2613 1524 latebras
2650 1478 2706 1525 et
2737 1480 2945 1528 secreta
2974 1471 3331 1542 perquirunt-

2184 1754 2240 1809 5.
2280 1752 2409 1807 Post
2431 1753 2546 1808 haec
2575 1752 2984 1810 consideremus
3012 1755 3143 1826 quid
3171 1760 3238 1811 de
3266 1756 3530 1814 cinctorio
3552 1773 3691 1829 prap-

431 1853 578 1908 Τάδε
597 1854 708 1927 γὰρ
725 1853 887 1922 λέγει
908 1852 1142 1917 Κύριος·
1165 1846 1391 1913 Βάδιζὶδ
1420 1847 1520 1901 καί
1543 1844 1761 1914 κτῆσαι
1780 1843 1998 1910 σεαυτᾷ

2113 1853 2331 1914 ceptum
2364 1844 2437 1898 sit
2458 1842 2542 1899 σιτ
2573 1841 2704 1897 Hac
2734 1843 2864 1898 dicit
2904 1844 3163 1900 Dominus
3196 1862 3215 1899 :
3256 1845 3383 1901 Vide
3421 1858 3469 1900 et
3512 1850 3691 1918 accipe

425 1942 718 2012 περίζωμα
735 1940 970 2004 λινοῦν,
990 1940 1087 1993 καί
1105 1940 1348 2009 περίθου
1363 1938 1495 2007 περὶ
1519 1936 1849 2006 τὴνιόσφύν
1866 1952 2004 2002 σου,

426 2033 530 2088 καὶ
557 2033 626 2087 ἐν
642 2032 816 2086 ὕδατι
844 2031 1127 2099 διελεύσῃ
1157 2030 1254 2102 (Ξ).
1288 2030 1396 2085 Καί
1437 2026 1789 2097 ἐκτησάμην
1809 2027 1877 2081 τὸ
1906 2042 2008 2081 πε⁴

420 2118 642 2189 ρίζωμα
693 2120 847 2175 κατὰ
895 2120 1004 2175 τὸν
1048 2122 1231 2191 λόγον
1276 2119 1520 2189 Κυρίου,
1546 2118 1646 2172 καί
1688 2116 2008 2185 περιέθηκα

426 2209 562 2277 περί
594 2209 710 2278 τὴν
742 2211 945 2279 ὀσφύν
965 2228 1114 2280 μου·
1151 2212 1249 2266 καὶ
1275 2211 1529 2280 ἐγενήθη
1568 2212 1755 2280 λόγος
1782 2209 2005 2277 Κυρίου

422 2299 575 2368 πρὸς
596 2300 678 2370 μὲ
709 2302 903 2372 λέγων
925 2319 939 2332 ·
969 2301 1124 2356 Λάϐε
1170 2301 1237 2355 τὸ
1278 2300 1572 2370 περίζωμα
1597 2299 1665 2353 τὸ
1710 2300 1843 2367 περὶ
1892 2297 2007 2367 τὴν

419 2392 624 2459 ὀσφύν
657 2407 795 2460 σου,
846 2393 945 2447 καί
973 2392 1289 2461 ἀνάστηᾶι,
1317 2393 1416 2447 καί
1458 2391 1725 2456 ,βάδισω
1754 2389 1857 2443 ἐπὶ
1898 2390 2007 2444 τὸν

418 2482 758 2553 Εὐφράτην,
799 2482 899 2537 καὶ
922 2481 1312 2551 κατάκρυψον
1341 2482 1490 2537 αὐτὸ
1517 2481 1646 2536 ἐκεῖ
1665 2482 1737 2534 ἐν
1761 2480 1835 2549 τῇ
1865 2498 2004 2548 τρυ-

410 2569 601 2644 μαλιᾷ
642 2573 751 2644 τῆς
806 2575 1045 2644 πέτρας.
1100 2575 1256 2629 Μετὰ
1301 2574 1515 2646 ἡμέρας
1572 2572 1726 2637 τινὰς
1779 2572 1999 2643 ἔρχεται

415 2670 557 2731 εκεῖ,
593 2667 687 2720 καὶ
727 2667 973 2739 εὑρίσκει
1019 2665 1351 2736 διασεσηπὸς
1392 2662 1551 2717 τοῦτο
1580 2663 1644 2716 τὸ
1690 2663 2000 2734 περίζωμα.

417 2756 529 2812 Καὶ
558 2755 808 2827 ἐπιφέρει
826 2757 856 2808 ὁ
875 2755 1081 2826 Κύριος
1099 2754 1275 2818 διδοὺς
1298 2752 1553 2825 ἀφορμὴν
1571 2754 1672 2824 τῆς
1703 2753 2002 2824 ἑρμηνείας

417 2848 515 2900 τοῦ
568 2846 972 2918 περιζώματος,
1020 2846 1226 2915 λέγων·
1270 2845 1571 2914 Καθάπερ
1596 2843 1884 2900 κολλᾶται
1934 2845 2000 2899 τὸ

420 2935 715 3007 περίζωμα
746 2937 897 3007 πρὸς
929 2936 1044 3007 τὴν
1078 2936 1279 3006 ὀσφὺν
1314 2936 1422 2991 τοῦ
1448 2936 1779 3005 ἀνθρώπου,
1813 2935 2002 3002 οὕτως

417 3027 733 3097 ἐκόλλησα
760 3028 912 3097 πρὸς
943 3028 1206 3098 ἐμαυτὸν
1230 3028 1339 3083 τὸν
1381 3023 1550 3083 οἷκον
1577 3028 1685 3084 τοῦ
1728 3027 1997 3096 Ἰσραὴλ,

418 3118 522 3173 καὶ
564 3117 761 3173 πάντα
784 3118 892 3173 τὸν
917 3116 1084 3173 οἷκον
1123 3118 1328 3183 Ἰούδα,
1353 3121 1545 3190 φησιν
1575 3122 1609 3175 ό
1626 3121 1862 3189 Κύριος·
1891 3118 1998 3173 τοῦ

2111 1936 2211 1991 tibi
2236 1936 2548 1990 cinctorium
2573 1935 2791 1998 lincunt,
2835 1944 2885 1988 et
2925 1936 3197 1989 circumda
3229 1936 3436 1991 lumbos
3469 1945 3608 2009 tuos,
3639 1948 3689 1991 et

2108 2042 2201 2095 per
2243 2041 2438 2096 aquam
2477 2042 2581 2080 non
2625 2024 2899 2082 transibis.
2941 2025 3012 2079 Et
3046 2027 3223 2097 accepi
3260 2027 3576 2081 cinctorium
3607 2044 3692 2083 se-

2107 2119 2338 2174 cundum
2358 2117 2572 2173 uerbum
2603 2117 2818 2173 Domini
2849 2118 3008 2189 l9],
3035 2119 3105 2173 ad
3143 2135 3223 2173 me
3252 2120 3429 2174 dicens
3454 2135 3473 2173 :
3500 2120 3703 2189 Accipe-

2107 2210 2420 2263 cinctorium
2462 2209 2603 2280 quod
2643 2210 2787 2262 circa
2838 2208 3046 2263 lumbos
3094 2217 3210 2265 tuos
3245 2219 3343 2274 est,
3376 2218 3428 2265 et
3454 2210 3582 2265 vade
3615 2211 3688 2266 ad

2107 2299 2457 2369 Euphratem,
2480 2308 2528 2354 et
2552 2299 2813 2355 absconde
2845 2299 2982 2354 illud
3011 2301 3066 2354 in
3105 2317 3327 2356 caverna
3353 2315 3534 2372 petras.
3557 2301 3688 2359 Post

2106 2390 2223 2445 dies
2251 2390 2402 2445 venit
2438 2391 2720 2459 propheta,
2763 2397 2818 2443 et
2852 2390 3061 2459 accepit
3100 2390 3426 2446 cinctorium
3458 2390 3534 2447 de
3564 2391 3686 2446 loco

2108 2481 2201 2536 ubi
2228 2481 2500 2537 infoderat
2525 2481 2679 2545 illud,
2706 2490 2760 2535 et
2781 2494 2908 2534 ecce
2930 2490 3358 2550 computruerat,
3382 2483 3528 2552 quod
3550 2482 3685 2537 nulli

2105 2575 2231 2629 usui
2267 2582 2431 2630 esset.
2468 2573 2536 2628 Et
2565 2589 2633 2628 ne
2671 2574 2807 2643 quis
2822 2574 2979 2643 juxta
3018 2575 3357 2629 voluntatem
3398 2575 3566 2630 animi
3597 2576 3686 2631 sui

2104 2665 2173 2720 de
2201 2664 2304 2720 hoc
2328 2665 2451 2720 loco
2486 2665 2592 2719 sibi
2619 2673 2976 2735 praesumeret
3010 2664 3364 2733 intellectum,
3406 2667 3543 2723 dans
3578 2667 3687 2725 Do-

2103 2754 2288 2810 minus
2314 2755 2747 2824 interpretationi
2775 2754 3142 2824 occasionem,
3167 2756 3375 2813 addidit
3393 2758 3582 2815 dicens
3599 2758 3646 2793 ⁶⁸
3667 2776 3683 2814 :

2104 2844 2257 2900 Sicut
2278 2848 2418 2900 enim
2438 2846 2672 2902 adliceret
2695 2849 3011 2904 cinctorium
3033 2851 3177 2903 circa
3200 2848 3404 2906 lumbos
3431 2851 3680 2917 hominis,

2100 2938 2180 2990 sic
2217 2935 2543 3007 agglutinavi
2584 2938 2654 2991 ad
2680 2955 2761 2992 me
2792 2939 3008 2994 domum
3042 2938 3235 3005 Israel,
3273 2950 3323 2996 et
3347 2957 3555 2996 onmem
3581 2945 3683 2997 do-

2099 3044 2245 3082 mum
2275 3026 2443 3095 Iuda,
2476 3037 2534 3083 ut
2565 3028 2914 3099 [ia'rentmilti
2938 3032 2993 3085 in
3027 3031 3281 3102 populum
3318 3035 3676 3099 nominatum,

2099 3130 2149 3172 et
2178 3120 2233 3172 in
2264 3119 2695 3183 exsultationem,
2725 3131 2774 3176 et
2809 3122 3056 3193 gloriam,
3094 3135 3142 3179 et
3186 3140 3290 3179 non
3327 3124 3679 3181 obaudierunt

417 3210 697 3282 γενέσθαι
723 3227 826 3280 μοι
852 3212 940 3276 είς
983 3210 1140 3264 λαὸν
1173 3211 1535 3281 ὀνομαστὸν,
1579 3211 1680 3265 καὶ
1722 3214 1812 3278 είς
1850 3211 1998 3266 καύ-

2103 3225 2202 3264 me.
2237 3208 2406 3281 Igitur
2428 3212 2690 3282 propheta
2724 3215 2776 3267 iu
2802 3214 2925 3270 loco
2957 3230 3058 3286 pro
3088 3215 3201 3273 Deo
3227 3217 3545 3288 accipiatur,
3572 3219 3677 3273 cir-

415 3319 603 3374 χημα,
649 3302 745 3357 καί
774 3305 858 3369 είς
902 3301 1112 3367 δόξαν
1156 3304 1255 3357 καί
1294 3306 1408 3358 οὐκ
1448 3303 1827 3371 είσήκουσάν
1852 3321 1973 3374 μου

414 3392 628 3448 οὐκοῦν
670 3395 700 3449 ὁ
742 3395 1030 3465 προφήτης
1068 3394 1191 3447 ἀντὶ
1221 3392 1317 3448 τοῦ
1353 3393 1487 3448 Θεοῦ
1534 3394 1997 3468 περιλαμϐάνεται

415 3484 753 3558 περιζωννὺς
792 3486 923 3558 περὶ
951 3486 1051 3558 τὴν
1084 3486 1254 3555 ὀσφὺν
1287 3486 1453 3541 αὐτοῦ
1486 3486 1550 3540 τὸ
1600 3488 1893 3561 περίζωμα
1935 3488 1997 3542 τὸ

412 3576 612 3643 λινοῦν,
640 3577 718 3640 ὡς
762 3579 791 3631 ὁ
827 3578 963 3641 Θεὸς
999 3579 1090 3632 τὸν
1125 3579 1282 3633 λαόν·
1331 3580 1675 3649 Ἐκόλλησα
1705 3581 1817 3651 γὰρ
1848 3580 1997 3650 πρὸς

413 3668 693 3739 ἐμαυτόν,
725 3669 878 3739 φησὶ,
920 3669 1139 3724 τοῦτον
1166 3670 1274 3739 τὸν
1311 3669 1487 3736 λαὸν,
1523 3672 1716 3740 φησίν
1757 3674 1790 3725 ό
1828 3671 1992 3738 Θεὸς,

411 3760 508 3814 καὶ
550 3760 712 3815 οἱονεὶ
745 3758 1033 3832 περίζωμα
1063 3763 1091 3815 ὁ
1138 3761 1266 3826 λαὸς
1308 3763 1517 3831 γίνεται
1549 3763 1642 3817 τοῦ
1694 3764 1852 3820 Θεοῦ.
1896 3765 1997 3818 Διά

412 3848 466 3902 τί
517 3849 575 3903 δὲ
618 3850 907 3922 περίζωμα
941 3852 1152 3920 γίνεται
1203 3850 1297 3905 τοῦ
1351 3853 1485 3906 Θεοῦ
1521 3854 1650 3924 περὶ
1680 3854 1781 3925 τὴν
1824 3855 1995 3924 ὀσφὺν

412 3939 578 3992 αὑτοῦ
606 3979 620 4003 ,
674 3942 703 3993 ὸ
749 3941 1047 4011 δυνάμενος
1097 3941 1491 4011 ἀναγινώσκειν
1549 3943 1641 3997 τὸν
1703 3944 1991 4015 ’1εξεκιὴλ,

413 4028 509 4081 καὶ
549 4030 693 4102 ὁρῶν
733 4032 825 4085 τὸν
867 4031 1000 4084 Θεὸν
1053 4031 1129 4102 τῷ
1181 4032 1326 4105 λόγῳ
1368 4034 1532 4087 οἱονεὶ⁹
1586 4035 1994 4105 σωματοποιού-

419 4135 597 4187 μενον,
655 4121 751 4175 καὶ
808 4120 933 4174 τίνα
995 4121 1093 4192 μὲν
1150 4122 1350 4194 τρόπον
1401 4121 1567 4177 αὐτοῦ
1622 4123 1691 4177 τὰ
1751 4125 1859 4179 ἀπὸ
1897 4126 1995 4197 τῆς

413 4209 614 4278 ὀσφύος
654 4210 805 4264 κάτω
855 4211 973 4265 ἐστὶ
1007 4210 1138 4284 πῦρ,
1173 4213 1239 4268 τὰ
1283 4213 1340 4266 δὲ
1378 4214 1485 4268 ἀπὸ
1529 4215 1627 4288 τῆς
1664 4216 1865 4286 ὀσφύος
1898 4217 2010 4272 και

413 4301 525 4355 ἄνω
563 4304 711 4357 ἐστὶν
756 4304 1036 4376 ἤλεκτρον,
1078 4306 1411 4377 ὲρευνήσατο
1457 4308 1534 4380 (5)
1576 4308 1667 4362 τὸν
1706 4309 1864 4380 λόγον
1906 4311 1993 4366 διὰ

413 4391 466 4443 τί
495 4393 557 4446 τὸ
595 4393 750 4448 κάτω
775 4395 869 4449 τοῦ
903 4395 1038 4450 Θεοῦ
1073 4397 1184 4469 πῦρ
1222 4399 1358 4453 ἐστι.
1396 4398 1479 4453 Τά
1509 4399 1619 4454 ἀπὸ
1658 4403 1858 4472 ὀσφύος
1899 4403 1992 4457 καὶ

412 4483 680 4550 γενέσεως
712 4487 1036 4558 πράγματα,
1054 4489 1245 4543 οταῦτα
1277 4489 1388 4564 πῦρ
1411 4493 1548 4546 ἐστι.
1573 4492 1759 4547 Πάντα
1784 4493 1892 4566 γὰρ
1922 4494 1992 4548 τὰ

2099 3299 2368 3355 cumdans
2406 3301 2622 3357 lumbos
2667 3317 2799 3358 suos
2841 3305 3164 3362 cinctorium
3222 3307 3450 3373 lineum,
3504 3308 3555 3363 id
3597 3316 3682 3363 est

2098 3394 2357 3464 populum
2404 3394 2568 3450 Deus.
2609 3395 2952 3467 Agglutinavi
2980 3400 3192 3471 quippe,
3237 3401 3333 3466 ait,
3369 3402 3438 3455 ad
3477 3416 3557 3455 me
3581 3401 3677 3456 do-

2097 3501 2242 3538 mum
2276 3483 2484 3552 Israel;
2517 3496 2572 3542 ct
2606 3488 3013 3557 quodammodo
3038 3492 3362 3549 ciuctorium
3393 3491 3486 3547 Dei
3511 3494 3675 3547 homo

2091 3575 2284 3646 justus
2325 3576 2576 3633 edicitur.
2623 3576 2845 3643 Quaeres
2897 3596 3060 3651 quam
3113 3582 3184 3638 ob
3231 3583 3494 3639 causam?
3534 3580 3677 3654 Lego

2096 3665 2434 3723 Ezechielem
2464 3670 2530 3735 “,
2567 3677 2621 3722 ct
2659 3670 2896 3738 intelligo
2925 3672 3204 3740 quomodo
3243 3672 3383 3727 Deus
3428 3672 3678 3728 videatur

2098 3759 2152 3812 in
2180 3775 2430 3828 corpore,
2474 3768 2529 3814 et
2574 3762 2931 3830 quamobrem
2965 3777 2995 3816 a
3022 3762 3223 3819 lumbis
3255 3763 3376 3832 ejus
3403 3779 3576 3835 usque
3603 3766 3675 3821 ad

2060 3905 2073 3911 ,
2096 3848 2261 3918 pedes
2293 3850 2435 3917 ignis
2473 3860 2748 3921 appareat,
2797 3861 2850 3908 et
2896 3868 2927 3907 a
2963 3852 3162 3910 lumbis
3199 3868 3373 3925 usque
3409 3855 3476 3911 ad
3511 3866 3675 3928 caput

2095 3940 2355 3994 electrum
2400 3948 2578 3995 :tuno
2630 3943 2835 4010 poteris
2882 3944 3048 3999 etiam
3103 3945 3386 4015 praesentis
3436 3946 3672 4019 scriptu-

2095 4048 2171 4088 rze
2209 4033 2454 4089 invenire
2497 4033 2786 4099 rationem,
2840 4037 3197 4107 quamobrem
3246 4036 3530 4095 inferiores
3575 4038 3671 4094 Dei

2093 4131 2279 4192 partes
2303 4123 2473 4195 ignem
2495 4132 2642 4179 sunt.
2668 4122 2848 4181 [lenes
2875 4127 3242 4196 generatione,
3271 4138 3325 4182 et
3355 4128 3525 4183 lumbi
3548 4127 3673 4196 igne

2093 4222 2410 4270 censentur.
2442 4210 2639 4268 Omnia
2668 4214 2869 4285 quippe
2904 4231 3028 4285 qua:
3046 4232 3113 4271 ex
3139 4219 3288 4272 coitu
3315 4227 3370 4273 et
3396 4218 3672 4288 voluptate

2093 4314 2246 4370 sunt,
2284 4306 2528 4378 indigent
2550 4307 2895 4377 purgatione,
2928 4314 2984 4362 et
3012 4307 3128 4377 ipsa
3148 4310 3398 4381 purgatio
3426 4310 3682 4366 immista»

2090 4403 2175 4451 est
2202 4396 2493 4466 supplicio.
2526 4394 2602 4450 Ea
2643 4411 2774 4451 vero
2811 4412 2934 4467 qua:
2963 4413 2994 4451 a
3027 4399 3250 4454 renibus
3285 4399 3340 4454 in
3384 4400 3669 4471 superiora

2091 4496 2452 4560 consurgunt,
2478 4495 2533 4545 et
2559 4488 2805 4545 libidinis
2836 4504 3003 4560 opera
3034 4506 3135 4546 sua
3163 4491 3366 4548 virtute
3385 4502 3670 4550 transcen-

412 4576 472 4629 ὲν
497 4577 705 4645 γενέσει
729 4578 921 4652 χρῄζει
946 4581 1040 4633 τοῦ
1082 4583 1381 4654 καθαρσίου
1416 4584 1516 4639 τοῦ
1542 4583 1651 4639 ἀπὸ
1675 4585 1768 4640 τοῦ
1791 4587 1982 4652 πυρός·

2099 4578 2249 4643 dunt,
2280 4580 2439 4649 quasi
2467 4577 2716 4650 quaedam
2741 4581 2967 4635 materia
2999 4583 3189 4652 purior
3213 4584 3280 4638 ad
3308 4585 3494 4640 electri
3516 4584 3670 4640 simio

414 4667 589 4722 πάντα
639 4668 706 4722 τὰ
751 4672 809 4724 ἐν
860 4671 1072 4739 γενέσει
1105 4672 1300 4746 χρῄζει
1329 4674 1431 4745 τῆς
1476 4676 1768 4742 κολάσεως.
1807 4676 1888 4731 Τὰ
1932 4678 1991 4733 δὲ

411 4758 668 4831 ἀνωτέρω
720 4760 821 4831 τῆς
875 4762 1077 4832 ὀσφύος
1130 4765 1545 4838 ὑπερϐεϐηκότα
1595 4768 1696 4838 τὴν
1753 4768 1987 4837 γένεσιν,

410 4850 582 4906 ταῦτά
612 4852 759 4905 ἐστιν
788 4852 887 4924 ὕλη
918 4854 994 4918 ὡς
1032 4856 1090 4907 ὲν
1123 4855 1315 4926 κόσμῳ
1362 4857 1751 4932 καθαριωτάτη
1786 4860 1881 4914 καὶ
1907 4877 1990 4914 τι-

413 4942 679 5014 μιωτάτη·
714 4942 932 5013 λέγεται
966 4945 1075 5017 γὰρ
1104 4946 1167 5000 τὸ
1204 4947 1464 5021 ἤλεκτρον
1504 4949 1709 5022 χρυσοῦ
1742 4948 1879 5005 εἶναι
1902 4969 1989 5006 τι-

414 5033 807 5107 μλφέστερον.
859 5036 1012 5090 Ἐπεὶ
1051 5032 1144 5091 οῦν
1175 5038 1252 5109 (ι)
1282 5040 1689 5113 παραδείγμασι
1722 5041 1982 5114 χρῆταιή

410 5122 621 5197 Γραφὴ,
655 5128 743 5182 ἵνα
771 5126 954 5199 διδάξῃ
1000 5127 1095 5181 τοῦ
1127 5128 1262 5183 Θεοῦ
1301 5130 1361 5184 τὸ
1394 5132 1555 5204 σῶμα
1598 5133 1677 5204 τῷ
1724 5134 1983 5207 ἀνωτέρω

406 5365 422 5405 1
479 5283 608 5406 ἕἹΙΙ
632 5286 761 5341 Cor.
798 5302 875 5352 ιιι,
900 5289 991 5353 ‘23,
1016 5287 1108 5351 ει,
1138 5288 1229 5343 25.

479 5491 556 5561 (l)
594 5493 1006 5565 Μανθάνομεν.
1058 5495 1293 5569 Legebat
1343 5495 1747 5571 Hieronymus:
1779 5499 1983 5571 μανθά-

417 5576 706 5709 Ιῖὐᾶῗὶίαὶ
743 5632 1021 5709 ,ὲν-ὕδατι
1058 5636 1364 5709 daemon.
1404 5636 1564 5707 Lege,
1605 5641 1701 5696 καὶ
1724 5643 1784 5695 ὲν
1828 5641 1980 5696 ὕδατι

406 5699 764 5781 ephebeum.
797 5702 1196 5781 Hieronymus:
1231 5699 1421 5781 Eti'per
1445 5699 1639 5781 αἷμιιιῃι
1665 5727 1766 5764 non
1804 5721 1981 5765 trans-

409 5768 528 5822 ibis.
588 5762 773 5824 LXX':
805 5774 879 5825 Ού
917 5762 1264 5831 διελεύσεται.

408 5852 510 5892 twn
539 5839 728 5910 inferes
762 5842 918 5907 illud,
976 5848 1119 5915 quod
1154 5847 1388 5903 ilcln'aeis
1409 5839 1692 5906 consonat.
1731 5842 1853 5905 llaec
1882 5867 1977 5905 co-

1307 5288 1352 5320 ”
1391 5287 1622 5361 Philipp.
1656 5306 1737 5353 ιιι,
1774 5291 1858 5347 19.
1935 5291 1980 5322 ⁸³

2099 5307 2127 5344 ·.
2160 5307 2283 5358 xm,
2328 5292 2383 5358 Ι,
2409 5292 2464 5359 Ξ,
2497 5293 2549 5357 5-,
2575 5293 2628 5347 4.
2706 5293 2751 5324 ⁸⁸
2789 5290 2988 5351 Jerem.
3042 5310 3170 5361 xm,
3215 5294 3299 5347 Η..

2090 4668 2376 4725 litudinem
2403 4670 2737 4726 referuntur.
2776 4669 2986 4728 Dicitur
3013 4675 3215 4745 quippe
3241 4675 3500 4731 electrum
3530 4691 3670 4732 auro

2090 4778 2214 4819 esse
2241 4763 2559 4833 pretiosius.
2586 4764 2727 4833 Quid
2759 4766 2925 4837 igitur
2951 4770 3216 4840 exemplis
3238 4769 3522 4840 Scriptura
3553 4770 3667 4826 uti-

2093 4865 2202 4919 tur,
2232 4862 2292 4909 ut
2313 4855 2567 4911 ostendat
2596 4872 2895 4928 supernum
2920 4858 3016 4913 Dei
3046 4874 3245 4930 corpus
3269 4875 3392 4915 esse
3415 4858 3668 4930 magniﬁ-

2093 4962 2241 5012 cum,
2285 4956 2339 5003 et
2382 4945 2613 5006 inferius
2656 4951 2867 5010 vilius?
2914 4950 3122 5008 Idcirco
3171 4968 3318 5008 nunc
3361 4951 3666 5007 introduxit

2092 5039 2386 5098 Dominum
2430 5059 2496 5099 ex
2528 5045 2651 5116 igne
2679 5054 2733 5101 et
2763 5046 2973 5101 electro
2990 5046 3403 5102 subsistentem.
3443 5043 3520 5099 Ex
3552 5058 3664 5113 quo

2090 5135 2468 5204 unusquisque
2485 5144 2729 5191 nostrum
2748 5136 2904 5207 juxta
2926 5138 3215 5193 exordium
3229 5137 3528 5193 nativitatis
3549 5151 3665 5190 sum

3378 5293 3423 5326 “
3461 5290 3659 5345 Ezech.

2085 5505 2205 5561 dem
2227 5504 2507 5562 recidunt:
2527 5520 2652 5559 nam
2670 5507 2717 5560 si
2740 5504 2919 5560 cinctu
2941 5502 3215 5557 revinctus
3231 5515 3430 5570 aquam
3445 5500 3658 5570 subeat,

2084 5574 2268 5631 subire
2285 5574 2768 5644 quoquéciuetun]
2793 5574 2970 5644 ipsum
2994 5584 3217 5644 necesse
3257 5568 3359 5644 est.
3389 5568 3655 5630 libertus.

2149 5645 2228 5732 ἓξὲξ
2261 5640 3443 5732 ’Ῑέίζῖτὲνῗὶῗέττρῑ,ἓὲξὲἾίὲΨΞξϐῨΒΪἮάΞΨ

2153 5706 2230 5783 (4)
2282 5706 2443 5783 Ἐπεί
2470 5706 2613 5783 οὖν.
2642 5706 2879 5783 Legebat
2909 5706 3312 5783 Hieronymus;
3344 5708 3408 5767 Τί
3437 5706 3550 5783 οῦν.
3587 5744 3659 5757 ~—

1350 5773 1516 5847 ulgat.
1546 5798 1559 5834 :
1586 5773 1658 5833 'Et
1701 5782 1755 5834 in
1786 5798 1977 5851 aquam

1350 5850 1388 5903 is
1414 5862 1692 5906 consonat.
1731 5850 1853 5905 Hau:
1882 5867 1977 5905 co-

2107 5773 2223 5863 nfra
2255 5782 2538 5907 lggendum
2569 5773 2782 5838 videtur
2816 5779 2872 5832 τὸ
2904 5773 3223 5853 ἀνωτέρω...
3249 5781 3309 5834 τὸ
3341 5782 3655 5856 κατωτέρω.

2099 5870 2236 5907 ινιτ.
2319 5866 2512 5907 unca.

2126 5870 2236 5909 υιι.
2278 5866 2512 5908 ιἈιίιοι..
