4122 6428
485 389 591 444 375

1960 398 2286 455 OBIGENIS
2393 433 2401 440 -

3629 413 3736 469 576

484 501 550 554 ad
579 501 757 570 ignem
788 499 1050 568 refertur;
1075 502 1229 572 juxta
1248 505 1487 559 studium
1517 522 1644 560 vero
1670 516 1722 560 et
1740 506 2051 575 profectum.

2170 514 2307 571 εἶναι
2349 519 2690 592 τιμιώτερον,
2733 524 2826 575 καὶ
2866 523 2925 575 τὸ
2958 522 3115 593 σῶμα
3153 524 3230 594 τῷ
3273 526 3564 598 κατωτέρω
3594 523 3736 590 εἶναι

485 591 579 645 Dei
611 607 811 662 corpus
839 593 1068 648 eﬂicitur
1101 594 1232 648 illud
1266 599 1538 664 superius,
1570 597 1700 650 illud
1741 614 1806 652 ex
1834 600 2057 663 electro,

485 675 554 730 ab
577 676 700 746 igne
726 679 906 746 nobis,
943 696 971 734 a
995 681 1192 750 poenis,
1242 698 1274 736 a
1314 685 1580 749 cruciatu,
1619 687 2056 742 abscedentibus.

2167 613 2573 684 ύποδεέστεῳν,
2606 612 2694 665 διὰ
2721 613 2879 666 τοῦτο
2904 617 3161 686 εἰσήγαγε
3191 617 3281 669 τὸν
3307 617 3438 669 Θεὸν
3469 620 3532 672 ἐκ
3563 619 3736 688 πυρὸς

2166 707 2260 758 καὶ
2294 705 2555 774 ἠλέκτρου
2589 707 2975 776 συνεστηκότα.
3012 709 3120 760 Καὶ
3154 709 3233 761 ὅτι
3280 709 3436 778 σῶμα
3469 710 3562 762 τοῦ
3598 711 3733 764 Θεοῦ

484 791 579 845 καὶ
608 789 742 846 αὐτὸ
793 795 851 844 ἐν
893 795 1140 862 γενέσει,
1187 799 1296 869 πῦρ
1343 801 1520 866 ἐστιν,
1569 801 1795 864 ἕκαστος
1841 803 1997 872 ἡμῶν
2023 803 2128 858 οὐκ
2164 803 2330 871 ἐσμεν
2375 801 2434 853 τὸ
2468 801 2747 871 ἤλεκτρον·
2791 800 2885 853 ἐὰν
2927 801 2984 853 δὲ
3027 801 3422 872 ἀναϐαίνωμεν,
3469 803 3560 856 καὶ
3603 820 3737 874 προ-

481 883 770 953 κόπτωμεν
813 884 1052 952 (δυνατὸν
1093 887 1201 957 γάρ
1252 889 1548 958 μεταϐῆναι
1578 892 1685 944 ἀπὸ
1734 892 1827 944 τοῦ
1882 895 2120 963 σήμερον
2167 887 2306 944 εἶναι
2350 894 2408 944 ἐν
2453 895 2564 954 τοῖς
2612 893 2924 961 κατωτέρω,
2971 891 3110 944 ὥστε
3153 893 3404 961 γενέσθαι
3449 894 3543 948 τοῦ
3597 894 3735 950 Θεοῦ

483 976 642 1046 σῶμα
659 977 721 1028 τὸ
753 977 1053 1049 ἀνωτέρω)·
1080 979 1337 1049 ἐσόμεθα,
1361 982 1646 1046 διαϐάντες
1677 985 1741 1036 τὸ
1763 984 1893 1054 πῦρ,
1924 985 2181 1057 ἤλεκτρον
2209 986 2269 1038 τὸ
2295 986 2422 1056 περὶ
2457 985 2517 1037 τὸ
2546 985 2704 1054 σῶμα
2732 985 2826 1037 τοῦ
2855 984 2988 1038 Θεοῦ
3014 985 3073 1038 τὸ
3101 986 3452 1058 ὑψηλότερον.

551 1073 605 1128 6.
646 1073 894 1145 Adjuuge
928 1090 1060 1147 ergo
1093 1078 1236 1131 circa
1269 1077 1512 1132 lumbum
1550 1088 1700 1134 tuum
1733 1080 2056 1134 cinetorium

479 1165 708 1220 lineum.
754 1167 904 1222 Cur?
935 1178 994 1222 ut
1030 1169 1350 1223 ostendatur
1386 1173 1619 1240 populus
1662 1189 1888 1242 regnum
1934 1189 2058 1227 esse

479 1256 598 1312 Dei.
633 1259 934 1314 Adversum
967 1275 1062 1314 eos
1089 1262 1288 1330 quippe
1324 1263 1420 1332 qui
1450 1265 1638 1318 volunt
1667 1263 1759 1319 Dei
1797 1279 2058 1320 accusare

478 1349 901 1418 providentiam,
942 1353 1146 1406 resistit
1167 1362 1221 1407 et
1241 1355 1476 1422 protegit
1513 1353 1604 1408 Dei
1635 1357 1719 1410 sui
1748 1371 1934 1424 opera,
1959 1371 2057 1410 nec

481 1444 613 1500 sinit
637 1447 840 1516 aliquid
864 1447 1125 1502 indecens
1146 1449 1213 1502 de
1244 1450 1526 1519 majestate
1551 1451 1670 1519 ejus
1692 1453 1922 1505 narrari.
1947 1451 2054 1506 Sed

480 1553 605 1592 cum
633 1540 1058 1608 peccaverimus,
1079 1550 1136 1594 ut
1158 1541 1481 1596 cinctorium
1513 1542 1642 1595 illud
1672 1545 1931 1612 propheta
1959 1545 2049 1598 de-

480 1629 684 1697 posuit,
735 1637 790 1683 et
833 1629 1030 1698 abjecit
1063 1630 1193 1684 illud
1235 1632 1287 1685 in
1328 1631 1657 1700 Euphratem
1703 1633 1950 1700 ﬂuvium,
1995 1642 2055 1687 ut

478 1722 678 1776 ibidem
703 1732 1191 1793 computresceret;
1218 1728 1295 1778 sic
1325 1734 1380 1778 et
1409 1740 1510 1780 nos
1543 1726 1763 1796 abjiciet
1797 1743 1827 1781 a
1856 1726 2054 1783 lumbis

479 1814 594 1870 suis
624 1814 780 1885 192
815 1815 981 1879 Deus,
1023 1823 1077 1870 et
1105 1817 1375 1886 projectos
1403 1817 1675 1887 relinquet
1709 1818 1775 1872 ad
1809 1816 2057 1886 Euphra-
2087 1810 2128 1866 Β

477 1917 584 1982 tem
612 1905 836 1960 ﬂuvium
865 1905 1292 1977 Mesopotamiae,
1325 1908 1416 1963 ubi
1444 1908 1653 1978 Assyrii
1679 1908 1928 1962 habitant
1951 1909 2053 1962 ilii-

474 1998 604 2053 mici
635 1997 824 2063 Israel,
857 2000 949 2054 ubi
980 1999 1299 2068 Babylonii;
1326 2010 1379 2054 et
1413 2000 1486 2054 ibi
1515 2009 1915 2069 putrescemus.
1942 2001 2055 2056 Cur

474 2089 621 2144 enim
656 2090 820 2144 tantis
849 2090 900 2143 in
934 2098 1045 2143 toto
1075 2089 1206 2144 orbe
1228 2089 1538 2144 ﬂuminibus
1563 2090 1965 2159 praetermissis,
1988 2091 2055 2146 de

473 2178 664 2234 Iudaea
684 2180 752 2235 ad
782 2178 1112 2250 Euphratem
1142 2180 1406 2249 prapheta
1433 2181 1839 2247 transmittitur,
1867 2183 1969 2238 nisi
1995 2192 2056 2237 ut

475 2281 877 2326 sacramentum
896 2271 1052 2340 juxta
1075 2272 1182 2324 vim
1209 2271 1449 2327 nominis
1470 2272 1664 2328 doceat
1689 2274 2055 2330 intellectum?

474 2361 606 2418 Post
641 2363 756 2418 haec
785 2363 1078 2431 quaerimus
1115 2378 1285 2432 quare
1315 2362 1641 2418 cinctorium
1672 2365 1874 2420 lineum
1903 2367 2054 2420 dica-

472 2459 585 2508 tur.
612 2451 805 2506 Linum
834 2469 900 2508 ex
937 2462 1076 2507 terra
1101 2453 1346 2507 nascitur
1377 2470 1390 2506 :
1414 2469 1538 2507 nam
1564 2471 1688 2510 cum
1719 2471 1906 2510 semen
1931 2456 2053 2526 ejus

473 2544 529 2599 in
567 2545 794 2599 humum
845 2543 1009 2599 fuerit
1055 2545 1349 2614 abjectum,
1405 2547 1643 2616 primum
1703 2547 1757 2601 in
1808 2550 2054 2618 gramine

475 2636 728 2704 pullulat,
759 2635 976 2700 deinde,
1012 2645 1071 2692 ut
1107 2638 1317 2692 infinita
1358 2648 1699 2706 prteleream,
1737 2639 2052 2695 demessum

470 2726 798 2782 transfertur
829 2729 1076 2789 domum.
1113 2729 1368 2796 pectitur,
1405 2729 1638 2795 lavatur,
1677 2719 1891 2794 teritur,
1927 2740 2052 2784 tuu-

472 2819 641 2883 ditur,
671 2827 726 2872 et
749 2817 973 2895 ingenti,
1005 2826 1064 2870 ut
1088 2818 1158 2871 ita
1189 2817 1392 2881 dicam,
1430 2835 1594 2888 opera
1619 2821 1912 2885 excutitur,
1944 2836 2054 2890 quo

472 2909 579 2963 tale
603 2909 698 2963 ﬂat
715 2925 780 2963 ex
803 2924 914 2978 quo
940 2909 1116 2979 possit
1135 2909 1459 2965 cinctorium
1487 2911 1764 2979 componi,
1791 2920 1884 2965 aut
1907 2911 2053 2967 aliud

472 3000 604 3070 quid
638 3000 692 3055 in
720 3017 852 3056 usus
876 3003 1216 3058 necessarios
1241 3003 1509 3071 coaptari.
1540 3003 1607 3058 Et
1637 3019 1738 3059 nos
1773 3019 1902 3074 ergo
1931 3005 2052 3060 uni-

471 3093 616 3148 versi
645 3093 738 3162 qui
773 3093 1174 3161 generationem
1209 3093 1474 3150 habemus
1497 3109 1565 3148 ex
1596 3104 1760 3160 terra,
1790 3108 1848 3150 ιιι
1879 3097 2048 3152 linum

469 3181 616 3253 quod
654 3182 707 3236 in
741 3182 1066 3236 cinctorium
1099 3181 1190 3237 Dei
1232 3183 1486 3254 pectitur,
1523 3186 1691 3239 multa
1729 3202 1858 3242 cura
1906 3187 2048 3242 iudi-

471 3289 685 3343 gemus,
719 3284 778 3330 ut
807 3284 1110 3344 pectamur,
1143 3284 1205 3330 ut
1232 3276 1498 3342 lavemur,
1536 3286 1595 3331 ut
1620 3279 1858 3334 colorem
1890 3289 2048 3335 terra:

471 3365 814 3433 abjiciamus.
856 3365 1009 3421 Alius
1044 3367 1242 3436 quippe
1280 3368 1431 3422 color
1461 3371 1824 3436 generationis
1854 3372 1906 3426 in
1936 3372 2047 3427 lino

470 3465 588 3522 est;
616 3456 755 3511 alius
783 3471 908 3510 cum
940 3456 1104 3511 fuerit
1131 3472 1294 3526 opera
1326 3459 1639 3515 mundatus.
1667 3460 2046 3518 Generationis

472 3549 626 3603 color
665 3549 950 3604 obscurior
989 3557 1092 3612 est,
1136 3559 1191 3605 et
1227 3550 1453 3621 nigrior,
1480 3553 1660 3622 operis
1688 3565 1871 3610 autem
1906 3556 2046 3610 luci-

469 3637 610 3691 dior.
644 3635 774 3692 Tale
800 3638 930 3706 quid
965 3638 1020 3692 in
1065 3639 1293 3694 exordio
1332 3641 1514 3694 evenit
1543 3660 1556 3695 :
1589 3642 1726 3712 nigri
1761 3645 1905 3697 enim
1951 3659 2046 3699 su-

471 3744 594 3783 mus
622 3729 842 3798 quando
865 3744 1270 3798 regeneramur,
1294 3733 1512 3800 quando
1546 3733 1838 3798 credimus,
1871 3749 2046 3804 quan-

468 3821 540 3872 do
567 3819 620 3872 iu
650 3820 992 3874 canticorum
1021 3820 1248 3875 Cantico
1275 3819 1510 3876 dicimus
1527 3823 1570 3853 ⁸⁷
1603 3840 1617 3876 :
1654 3822 1828 3894 Nigra
1857 3841 1973 3878 sum
1995 3831 2044 3879 et

469 3910 726 3975 speciosa.
757 3909 1108 3978 Ethiopibus
1141 3911 1372 3965 similem
1400 3911 1663 3969 habemus
1691 3914 1928 3970 animam
1962 3917 2045 3971 in-

470 4002 722 4055 decorem
750 4017 766 4066 ;
810 4003 1086 4056 abluimur
1128 4011 1188 4056 ut
1219 4003 1416 4058 ﬁamus
1445 4005 1683 4071 candidi,
1719 4013 1779 4058 ut
1813 4007 2042 4062 nitorem

469 4090 564 4160 qui
600 4091 755 4148 nobis
785 4091 982 4146 insitus
1018 4107 1086 4146 ex
1128 4101 1324 4148 natura
1369 4111 1479 4150 non
1525 4094 1721 4159 fuerat,
1763 4096 2042 4166 diligentia

470 4198 895 4253 consequamur,
922 4185 1076 4255 juxta
1113 4185 1244 4240 illud
1273 4187 1418 4256 quod
1449 4189 1504 4240 iu
1530 4188 1720 4243 eodem
1753 4188 1871 4243 loco
1899 4191 2042 4245 scri-

471 4278 684 4332 bitur“
721 4296 734 4332 :
772 4276 904 4342 Qua:
945 4287 1024 4332 est
1063 4280 1170 4333 ista
1219 4297 1338 4352 qua:
1377 4282 1614 4337 ascendit
1661 4280 1947 4336 dealbata?
1990 4291 2045 4338 et

468 4369 768 4424 eﬂiciamur
807 4371 978 4424 linum
1037 4373 1352 4439 candidum,
1404 4390 1711 4446 purumque
1753 4390 1914 4444 aqua.
1966 4376 2042 4430 ita

469 4475 596 4515 cum
639 4461 786 4530 digni
839 4460 1104 4518 fuerimus
1159 4464 1416 4521 societate
1456 4466 1574 4532 Dei,
1621 4469 1677 4522 in
1719 4467 2041 4523 cinctorium
2077 4496 2122 4552 ο

468 4551 591 4621 ejus
621 4553 906 4621 plieamur,
953 4569 1127 4626 neque
1157 4557 1226 4611 ab
1260 4572 1326 4612 eo
1354 4559 1644 4629 aliquando
1675 4560 1997 4630 deponimur
2027 4579 2039 4613 :

471 4643 518 4697 si
553 4651 733 4697 tamen
770 4643 1085 4711 candorem,
1119 4661 1280 4716 quem
1305 4647 1466 4702 nobis
1493 4656 1862 4713 concesserat,
1894 4663 2040 4702 scm-

473 4747 567 4800 per
611 4732 929 4788 habeamus.
957 4734 1095 4790 Cum
1135 4739 1318 4806 itaque
1342 4735 1536 4805 Judaei,
1565 4747 1619 4794 et
1645 4739 1824 4794 omnis
1845 4738 2042 4792 domus

474 4821 640 4878 Israel
663 4823 869 4896 indigni
893 4827 1204 4883 exstiterint
1236 4828 1368 4894 Deo,
1394 4841 1447 4885 et
1470 4830 1694 4899 proiecti
1720 4830 1826 4885 sint
1855 4829 1922 4884 ab
1953 4843 2040 4892 eo,

473 4914 633 4970 nobis
666 4930 765 4984 pro
797 4917 904 4972 illis
927 4920 1203 4977 accinctus
1234 4929 1338 4977 est.
1364 4919 1550 4990 Neque
1568 4921 1715 4975 enim
1744 4919 2042 4989 putandum

470 5016 557 5061 est
602 5006 929 5063 cinctorium
978 5011 1322 5080 abjicientem
1375 5012 1642 5067 mansisse
1692 5011 1984 5066 incinctum
2028 5028 2041 5064 :

471 5097 660 5156 statim
711 5105 773 5153 ut
817 5100 941 5157 illos
987 5104 1236 5174 projecit,
1279 5105 1416 5160 alios
1455 5103 1560 5160 sibi
1601 5101 1900 5157 contemnit.
1931 5099 2043 5157 Hoc

471 5194 799 5250 cinctorium
847 5192 1092 5248 Ecclesia
1141 5204 1227 5249 est
1278 5195 1345 5249 de
1391 5193 1642 5264 gentibus
1697 5204 2040 5263 congregata,

471 5301 596 5356 quae
638 5286 781 5340 scire
831 5284 1010 5350 debet,
1062 5285 1192 5355 quia
1225 5284 1272 5339 si
1326 5281 1600 5353 prioribus
1651 5297 1760 5335 non
1807 5283 2048 5352 pepercit

474 5376 637 5442 Deus,
681 5392 781 5432 nec
814 5377 918 5431 sibi
959 5386 1163 5444 parcet,
1209 5376 1252 5430 si
1293 5390 1420 5429 eum
1456 5373 1826 5443 dereliquerit,
1857 5375 1907 5428 si
1936 5389 2043 5428 non

473 5466 636 5523 fuerit
677 5469 839 5540 digna
881 5470 1071 5525 lumbo
1106 5469 1244 5538 ejus,
1278 5469 1323 5523 si
1357 5482 1464 5522 non
1500 5465 1782 5521 adhaerens
1814 5465 2048 5521 Domino

472 5569 619 5612 unus
646 5560 871 5626 Spiritus
904 5558 1068 5612 fuerit
1099 5558 1155 5611 in
1186 5557 1406 5612 Christo
1437 5553 1590 5621 Jesu,
1623 5555 1709 5609 cui
1741 5566 1821 5611 est
1854 5557 2044 5628 gloria,

477 5656 530 5701 et
568 5647 853 5718 imperium
889 5649 943 5704 in
982 5649 1180 5704 saecula
1217 5649 1564 5704 saeculorum.
1596 5647 1790 5704 Amen.

545 5809 588 5837 "’
627 5809 785 5864 Cant.
823 5826 860 5877 ι,
893 5811 947 5866 4.
1025 5810 1068 5843 ⁸⁸
1107 5809 1265 5864 Cant.
1300 5825 1420 5880 rm,
1452 5813 1505 5868 5.

2236 1080 2417 1150 Κολλᾷ
2448 1077 2542 1134 οῦδ)
2576 1083 2702 1150 περὶ
2735 1082 2832 1152 τὴν
2867 1083 3034 1150 ὀσφὺν
3065 1081 3227 1135 αὐτοῦ
3258 1083 3316 1135 τὸ
3358 1083 3645 1154 περίζωμα
3672 1085 3734 1138 τὸ

2164 1175 2358 1227 λινοῦν.
2402 1176 2520 1228 Ἵνα
2545 1175 2629 1241 τί;
2663 1177 2748 1227 ἵνα
2777 1174 3011 1245 δηλωθῇ,
3038 1176 3118 1227 ὅτι
3149 1176 3177 1227 6
3207 1175 3334 1238 λαὸς
3360 1178 3522 1229 οἱονεὶ
3557 1178 3728 1248 σκέπη

2161 1269 2278 1320 ἐστὶ
2303 1267 2396 1320 τοῦ
2435 1268 2569 1320 Θεοῦ
2591 1285 2603 1297 ·
2642 1269 2778 1338 πρὸς
2815 1267 2922 1337 γάρ
2957 1270 3081 1330 τοὺς
3117 1267 3470 1339 βουλομένους
3495 1287 3730 1340 κατηγο-

2163 1364 2278 1429 ρεῖν
2319 1359 2412 1413 τοῦ
2456 1358 2591 1411 Θεοῦ
2626 1360 2840 1412 ἵσταται
2877 1363 2905 1412 6
2947 1359 3094 1422 λαὸς,
3142 1361 3236 1412 καὶ
3287 1359 3526 1431 ὡσπερεὶ
3563 1362 3730 1431 ὑπερ-

2161 1452 2379 1517 ασπίζει
2410 1453 2572 1505 αὐτοῦ
2603 1453 2697 1505 καὶ
2723 1453 2822 1504 οὐκ
2851 1452 2915 1522 ἐᾷ
2943 1468 2995 1502 τι
3030 1452 3226 1505 άτοπον
3253 1450 3504 1518 λέγεσθαι
3538 1453 3596 1503 ὲν
3622 1455 3732 1514 τοῖς

2162 1545 2291 1615 περὶ
2314 1544 2408 1598 τοῦ
2434 1543 2592 1598 Θεοῦ.
2641 1543 2808 1596 Ἐπάν
2829 1543 2884 1596 δὲ
2906 1545 3330 1614 ἁμαρτήσωμεν,
3360 1543 3421 1596 τὸ
3443 1542 3732 1613 περίζωμα

2160 1635 2318 1688 τοῦτο
2353 1635 2689 1698 ἀποτίθεται,
2727 1635 2802 1696 ὡς
2840 1637 2868 1687 6
2913 1637 3215 1706 προφήτης,
3251 1635 3344 1688 καὶ
3383 1635 3732 1699 καταδικάζει

2161 1728 2293 1781 αὐτὸ
2325 1729 2405 1790 είς
2437 1727 2529 1780 τὸν
2568 1727 2859 1797 Εὐφράτην
2888 1727 3150 1797 ποταμὸν,
3181 1727 3268 1779 ἴνα
3289 1728 3403 1779 ἐκεῖ
3433 1726 3728 1798 διαφθαρῇ·

2156 1819 2330 1884 οὕτως
2354 1822 2382 1873 6
2413 1819 2742 1891 ἁμαρτάνων
2769 1818 3131 1872 ἀποϐάλλεται
3154 1818 3260 1871 ἀπὸ
3291 1817 3387 1887 τῆς
3411 1817 3608 1886 ὀσφύος
3634 1817 3730 1869 τοῦ

2157 1914 2312 1978 Θεοῦ,
2358 1917 2453 1968 καὶ
2495 1911 2780 1982 ἐκϐληθεὶς
2823 1909 3139 1964 ἐκϐάλλεται
3180 1911 3259 1972 είς
3302 1909 3389 1962 τὸν
3438 1909 3732 1981 Εὐφράτην

2157 2007 2421 2077 ποταμὸν,
2458 2005 2546 2058 τὸν
2582 2004 2683 2074 τῆς
2723 2003 3146 2072 Μεσοποταμίας
3181 2002 3443 2072 ποταμὸν,
3507 2002 3640 2054 ὅπου
3683 2003 3733 2055 οί

2169 2100 2442 2170 Ἀσσύριοι
2489 2097 2673 2168 ἐχθροὶ
2711 2095 2788 2165 τῷ
2841 2094 3077 2164 Ἰσραὴλ,
3118 2094 3249 2146 ὅπου
3283 2095 3331 2145 ot
3380 2091 3729 2154 Βαϐυλώνιοι,

2157 2193 2252 2246 καὶ
2285 2195 2404 2245 ἐκεῖ
2447 2190 2841 2261 διαφθείρεται.
2885 2189 3091 2239 Ὄντων
3121 2184 3230 2256 γὰρ
3263 2183 3530 2238 τοσούτων
3565 2201 3730 2236 ποτα-

2160 2283 2295 2353 μῶν,
2327 2283 2606 2353 πέμπεται
2629 2281 2657 2332 6
2689 2279 2972 2350 προφήτης
3003 2278 3110 2330 ἀπὸ
3126 2277 3223 2346 τῆς
3261 2275 3518 2338 Ἰουδαίας
3539 2277 3618 2338 εἰς
3643 2275 3731 2327 τὸν

2155 2375 2448 2447 Εὐφράτην
2494 2373 2761 2443 ποταμὸν,
2811 2367 3339 2441 πραγματεύσασθαι
3387 2368 3481 2421 καὶ
3519 2367 3730 2433 ἀπαγα-

2154 2470 2270 2536 γεῖν
2304 2463 2707 2536 περιζωμάτιον
2744 2460 2941 2514 λινοῦν.
2977 2459 3076 2512 Διὰ
3105 2459 3157 2511 τί
3184 2459 3242 2510 δὲ
3279 2457 3374 2511 καὶ
3402 2456 3613 2522 λινοῦν;
3647 2458 3726 2508 ὄτι

2153 2553 2252 2623 τὴν
2277 2550 2488 2619 γένεσιν
2508 2547 2619 2617 ἔχει
2647 2546 2754 2600 ἀπὸ
2783 2545 2886 2614 γῆς
2906 2561 2917 2572 ·
2949 2543 3113 2612 φυτὸν
3143 2542 3249 2613 γάρ
3275 2544 3421 2594 ἐστιν
3445 2541 3728 2594 ἀνατέλλον

2154 2646 2262 2699 ἀπὸ
2290 2644 2414 2714 γῆς,
2446 2637 2564 2695 εἶτα
2599 2640 2736 2711 μετὰ
2763 2639 2825 2692 τὸ
2848 2635 3230 2708 γεωργηθῆναι
3265 2634 3598 2704 ξαινόμενον,
3636 2633 3730 2687 καὶ

2154 2737 2508 2806 πλυνόμενον,
2539 2735 2634 2788 καὶ
2668 2731 3033 2803 σμηχόμενον,
3067 2727 3164 2782 καὶ
3195 2725 3359 2796 πολλῇ
3389 2724 3621 2796 ἐργασία
3646 2741 3731 2792 γι-

2153 2828 2400 2898 νόμενον,
2443 2828 2530 2880 ἵνα
2559 2825 2788 2895 γένηται
2829 2821 3068 2876 τοιοῦτον
3114 2819 3254 2872 ὥστε
3287 2817 3538 2886 γενέσθαι
3575 2813 3730 2886 περί-

2153 2923 2332 2995 ζωμα,
2357 2922 2389 2994 ἢ
2425 2923 2455 2976 ὅ
2479 2939 2531 2974 τι
2557 2920 2779 2991 δήποτε.
2817 2918 2926 2970 Καὶ
2957 2918 3118 2988 ἡμεῖς
3151 2910 3242 2968 οῦν
3271 2913 3469 2973 πάντες
3500 2911 3598 2982 τὴν
3637 2908 3728 2977 γέ·

2153 3030 2300 3068 νεσιν
2345 3013 2540 3083 ἔχομεν
2575 3011 2654 3074 ὡς
2695 3007 2982 3080 περίζωμα
3025 3005 3118 3058 τοῦ
3156 3003 3310 3058 Θεοῦ.
3362 3003 3471 3055 Καὶ
3515 3001 3728 3072 ἔχοντες

2153 3099 2251 3170 τὴν
2282 3098 2497 3167 γένεσιν
2530 3095 2638 3150 ἀπὸ
2681 3094 2806 3164 γῆς,
2845 3091 3044 3160 πολλῆς
3083 3089 3422 3159 κατασκευῆς
3455 3085 3728 3158 χρῄζομεν

2155 3193 2243 3246 ἵνα
2286 3189 2588 3260 ξανθῶμεν,
2636 3189 2722 3240 ἵνα
2771 3183 3112 3254 πλυνθῶμεν,
3156 3183 3241 3234 ἵνα
3281 3181 3341 3233 τὸ
3391 3179 3586 3250 χρῶμα
3627 3177 3728 3246 τῆς

2153 3285 2258 3355 γῆς
2293 3282 2682 3350 ἀποϐάλωμεν·
2740 3276 2900 3330 Ἀλλο
2931 3275 3040 3343 γάρ
3078 3274 3139 3327 τὸ
3181 3273 3279 3342 τῆς
3320 3273 3584 3340 γενέσεως
3625 3268 3718 3324 τοῦ

2153 3373 2298 3428 λινοῦ
2346 3371 2562 3444 χρῶμα,
2605 3369 2731 3423 ἄλλο
2769 3368 2830 3421 τὸ
2874 3365 2982 3420 ἀπὸ
3023 3365 3121 3434 τῆς
3167 3363 3448 3435 ἐργασίας.
3502 3361 3574 3414 Τὸ
3624 3359 3722 3432 μὲν

2153 3465 2260 3536 γὰρ
2306 3465 2405 3534 τῆς
2455 3462 2719 3531 γενέσεως
2770 3459 2866 3512 τοῦ
2907 3457 3048 3513 λινοῦ
3102 3457 3300 3530 χρῶμα
3353 3453 3725 3525 μελανὼτερόν

2154 3561 2320 3619 ἐστιν,
2350 3555 2456 3608 ἀπὸ
2503 3555 2562 3607 δὲ
2610 3553 2710 3622 τῆς
2763 3551 3024 3624 ἐργασίας
3076 3549 3285 3618 γίνεται
3319 3546 3720 3618 λαμπρότατον.

2153 3645 2407 3700 Τοιοῦτον
2459 3641 2550 3698 οῦν
2602 3661 2654 3696 τι
2715 3643 2808 3696 καὶ
2862 3641 2954 3695 ἐπὶ
3008 3641 3154 3711 ἡμᾶς
3207 3641 3335 3701 τούς
3403 3640 3460 3691 ἐν
3516 3635 3726 3704 γενέσει

2154 3736 2366 3805 φθάνει·
2425 3734 2652 3806 μέλανές
2693 3735 2860 3803 ἐσμεν
2908 3730 3048 3785 κατὰ
3081 3731 3179 3800 τὴν
3221 3731 3278 3781 ἐν
3323 3727 3402 3798 τῷ
3448 3725 3724 3780 πιστεύειν

2152 3828 2346 3899 ἀρχήν.
2407 3825 2498 3878 Διὸ
2547 3826 2602 3876 ἐν
2645 3825 2786 3896 ἀρχῇ
2830 3822 2925 3875 τοῦ
2976 3821 3252 3890 ’ᾼσματος
3301 3818 3408 3871 τῶν
3461 3816 3723 3889 ᾀσμάτων

2151 3919 2386 3988 λέγεται·
2439 3914 2708 3973 Μέλαινά
2753 3917 2893 3986 εἰμι,
2938 3914 3033 3966 καὶ
3081 3911 3260 3976 καλή.
3313 3911 3422 3964 Καὶ
3488 3908 3722 3977 Αἰθίοψιν

2153 4015 2315 4084 ἡμεῖς
2362 4013 2483 4064 κατ’
2519 4009 2696 4081 ἀρχὰς
2743 4008 2840 4081 τὴν
2881 4007 3061 4078 ψυχὴν
3102 4005 3381 4075 ἐοίκαμεν,
3429 3999 3545 4057 εἶτα
3590 4003 3724 4055 ἁπο-

2152 4103 2495 4175 σμηχόμεθα,
2547 4102 2634 4155 ἵνα
2677 4101 3044 4174 λαμπρότεροι
3092 4097 3398 4169 γενώμεθα,
3450 4096 3589 4150 κατὰ
3629 4095 3722 4148 τό·

2158 4196 2252 4260 Τίς
2295 4194 2446 4262 αὕτη
2490 4196 2529 4262 ἡ
2564 4195 2977 4248 ἀναϐαίνουσα
3004 4189 3596 4260 ,λελευκανθισμένης
3632 4191 3725 4242 καὶ

2151 4283 2436 4355 γενώμεθα
2483 4284 2660 4337 λινοῦν
2703 4283 2953 4355 λαμπρὸν
2997 4284 3089 4336 καὶ
3142 4282 3399 4353 καθαρόν.
3450 4277 3584 4335 Εἶτα
3629 4280 3724 4334 καὶ

2152 4376 2465 4447 πλεκόμεθα
2498 4376 2588 4429 ἐπὶ
2615 4376 2677 4428 τὸ
2705 4377 2995 4446 περίζωμα
3026 4373 3118 4426 τοῦ
3149 4375 3305 4438 Θεοῦ,
3336 4376 3462 4428 ὅταν
3483 4374 3724 4443 ἀξιῶμεν

2152 4468 2440 4524 κολλᾶσθαι
2478 4466 2555 4536 τῷ
2594 4464 2732 4534 Θεῷ.
2783 4467 2896 4518 Οὐκ
2948 4464 3263 4517 ἀποτίθεται
3307 4467 3452 4533 ἡμᾶς
3496 4466 3524 4515 6
3567 4464 3720 4526 Θεὸς.

2164 4560 2419 4613 Ἀπέθετο
2450 4556 2543 4608 τὸν
2576 4555 2791 4624 πρῶτον
2823 4555 2970 4619 λαὸν,
3019 4555 3195 4608 πάντα
3221 4554 3308 4607 τὸν
3342 4550 3487 4606 οἶκον
3534 4551 3721 4616 Ἰούδα,

2150 4649 2358 4705 καὶτὸν
2388 4643 2535 4700 οἷκον
2577 4645 2955 4716 Ἰερουσαλήμ.
3006 4643 3251 4712 Ἐγένετο
3283 4645 3360 4706 εἰς
3385 4643 3444 4695 τὸ
3475 4641 3548 4712 μὴ
3579 4658 3722 4710 πρη-

2152 4743 2341 4813 σθῆναι
2375 4739 2475 4792 ἔτι·
2519 4738 2700 4792 οὐκέτι
2729 4737 2838 4808 γὰρ
2867 4737 3062 4800 αὐτοὺς
3092 4735 3503 4807 περιζώννυται.
3547 4734 3723 4802 Ἠμᾶς

2150 4835 2268 4888 ἀντὶ
2301 4834 2522 4888 ἐκείνων
2556 4830 2928 4902 περιεζώσατο
2955 4832 2983 4884 6
3017 4829 3166 4892 Θεός·
3198 4829 3258 4881 οὐ
3293 4827 3400 4901 γὰρ
3434 4825 3723 4880 ἀποϐαλὼν

2150 4925 2209 4979 τὸ
2256 4925 2546 4997 περίζωμα
2582 4923 2765 4993 ἔμεινε
2813 4922 3039 4993 γυμνὸς,
3088 4921 3223 4975 ἀλλὰ
3257 4920 3386 4974 ἄλλο
3435 4919 3722 4990 περίζωμα

2145 5016 2323 5088 ἐαυτῷ
2372 5017 2559 5086 ὕφανε.
2617 5016 2786 5069 Τοῦτο
2826 5013 3113 5086 περίζωμα
3153 5015 3186 5084 ἡ
3255 5011 3542 5083 Ἐκκλησία
3578 5012 3722 5064 ἐστὶν

2149 5110 2182 5179 ἡ
2240 5108 2347 5162 ἀπὸ
2398 5106 2503 5160 τῶν
2551 5105 2748 5160 ἐθνῶν·
2805 5107 2928 5177 ἣτις
2978 5105 3128 5169 ἵστω,
3183 5106 3285 5168 ὅτι,
3338 5107 3385 5158 εί
3438 5104 3543 5156 τῶν
3591 5120 3726 5174 προς»

2151 5201 2326 5273 τ’έρων
2357 5201 2458 5254 οὐκ
2487 5200 2741 5270 ἐφείσατο
2773 5203 2800 5254 6
2843 5200 2997 5264 Θεὸς,
3041 5199 3189 5270 πόσῳ
3215 5198 3373 5251 πλέον
3401 5198 3522 5251 οὐδὲ
3555 5197 3722 5267 αὐτῆς

2148 5291 2566 5364 άμαρτανούσης
2600 5291 2866 5362 φείσεται,
2921 5292 3015 5346 ἐάν
3063 5274 3199 5364 μὴ
3240 5290 3367 5357 ἀξία
3399 5290 3499 5361 τῆς
3524 5288 3721 5358 ὀσφύος

2146 5384 2241 5437 τοῦ
2275 5385 2445 5438 Θεοῦ·
2498 5387 2526 5438 δ
2556 5385 2614 5438 δὲ
2667 5383 3004 5455 κολλώμενος
3053 5383 3127 5454 τῷ
3162 5383 3351 5454 Κυρίῳ
3396 5382 3452 5460 ἓν
3505 5379 3721 5450 πνεῦμά

2144 5478 2290 5531 ἐστιν
2320 5479 2378 5532 ἐν
2410 5476 2630 5548 Χριστῷ
2677 5476 2871 5548 Ἰησοῦ,
2902 5469 2946 5544 ᾧ
2975 5478 3124 5529 ἐστιν
3155 5476 3188 5545 ἡ
3217 5474 3344 5539 δόξα
3373 5475 3466 5528 καὶ
3496 5472 3555 5526 τὸ
3586 5471 3694 5544 κρά

2147 5595 2242 5642 τος
2275 5579 2354 5642 εἰς
2381 5578 2506 5641 τοὺς
2539 5575 2740 5640 αἰῶνας
2775 5575 2882 5629 τῶν
2916 5574 3144 5628 αἰώνων.
3201 5572 3393 5646 Ἀμήν.
3678 5577 3682 5584 ’
