4122 6424
383 415 490 469 577

930 529 1234 583 OMIAIA
1273 531 1373 584 lB’.

1079 642 1173 706 Εἰς
1202 644 1282 697 τόο

388 732 496 789 Καὶ
532 732 689 800 ἐρεῖς
715 731 865 803 προς
892 732 1003 803 τὸν
1040 734 1225 788 λαόν·
1276 732 1418 789 Τάδε
1460 734 1618 803 λέγει
1661 734 1875 802 Κύριος
1925 735 1958 786 ό

458 804 601 868 Θεὸς
634 800 899 871 Ἰσραήλδ
928 801 1051 869 Πᾶς
1070 804 1262 869 ἀσκὸς
1282 800 1951 871 πληρωθὶξσεταιόινου·

452 873 618 995 μέχρι
671 869 763 925 τοῦ
784 890 796 903 ·
828 872 935 927 Καὶ
976 872 1346 937 κατάξουσιν
1374 869 1428 926 οἱ
1461 874 1753 954 ὀφθαλμοὶ
1784 869 1952 941 ὑμῶν

490 942 704 995 ἁκουα.
726 942 814 995 ὅτι
838 945 1155 995 συνετρίϐη
1182 942 1249 995 τὸ
1277 944 1554 995 ποίμνιον
1578 960 1683 995 του
1703 942 1946 995 Κυοίου.

348 944 373 953 ”
452 942 704 1012 δάκρυα,
726 942 814 996 ὅτι
838 945 1155 1011 συνετρίϐη
1182 942 1249 997 τὸ
1277 944 1554 1013 ποίμνιον
1578 942 1683 997 τοῦ
1703 942 1946 1010 Κυρίου.

1555 417 1621 472 ΙΝ
1658 416 2008 472 ,ΙΕΚΕΜΙΑΜ
2046 416 2303 473 ΙίΟΜῌΑ
2348 419 2459 473 ΧΗ.
3531 425 3637 479 ’ὀίδ

2519 536 2675 606 193
2716 535 2994 592 IIOMILIA
3037 536 3149 593 XII.

2454 647 2643 717 (Juxta
2698 648 3079 720 Hieronymum
3112 648 3244 719 IX.)

2063 731 2140 784 De
2170 749 2237 814 eo
2283 738 2425 803 quod
2464 738 2881 814 scriptum_est_:
2925 738 3110 814 Omnis
3164 748 3283 792 uter
3314 740 3634 814 implebit"

2132 808 2286 867 vino;
2327 822 2499 874 usque
2520 808 2588 860 ad
2616 808 2745 861 illud
2774 826 2788 861 :
2821 808 2891 862 Et
2917 809 3173 862 deducent
3205 808 3344 861 oculi
3377 812 3533 865 uestri
3554 812 3634 863 ta-

2120 889 2350 943 crymas,
2375 878 2500 946 quia
2523 878 2782 932 contritus
2812 886 2889 932 est
2916 892 3042 947 grex
3077 877 3363 945 Domini-"

1693 1039 1933 1100 Eodem
1957 1033 2330 1113 interprete.

457 1142 523 1193 Ὃ
574 1139 967 1211 προστάσσεται
1016 1142 1043 1193 ὁ
1079 1140 1370 1212 Προφήτης
1413 1140 1590 1209 λέγειν
1638 1140 1745 1193 ἀπὸ
1792 1137 1951 1201 Θεοῦ,

381 1230 585 1299 ὀφείλει
606 1228 752 1294 ἄξιον
775 1224 912 1283 εἶναι
940 1229 1033 1282 τοῦ
1060 1229 1215 1283 Θεοῦ.
1240 1231 1314 1283 Οὐ
1337 1231 1582 1305 φαίνεται
1613 1230 1689 1293 δὲ,
1708 1230 1789 1282 ὅτι
1808 1225 1953 1280 τοῦτ’

382 1321 531 1388 ἄξιόν
565 1322 683 1374 ἐστι
715 1319 807 1374 τοῦ
839 1319 996 1383 Θεοῦ,
1033 1321 1301 1391 μενόντων
1335 1319 1489 1390 ἡμῶν
1525 1320 1617 1372 ἐπὶ⁹
1645 1316 1739 1371 τοῦ
1771 1316 1955 1388 γράμ-

387 1429 555 1485 ματος
576 1429 592 1445 ’
627 1410 768 1465 ὥστε
797 1414 972 1465 εἰπεῖν
996 1412 1150 1467 ἄλλον
1183 1411 1304 1465 τινὰ
1325 1410 1628 1465 ἀκούσαντα
1651 1409 1743 1463 τοῦ
1777 1409 1957 1481 γράμ-

385 1522 573 1577 ματος,
601 1504 802 1575 Μωρεα
836 1505 953 1557 ἐστὶ
996 1504 1169 1557 ταῦτα
1209 1504 1277 1557 τὰ
1307 1503 1633 1577 γράμματα.
1677 1501 1848 1555 Τοῦτο
1895 1501 1953 1554 δὲ

382 1602 497 1671 ἐρεῖ
513 1597 761 1671 ψυχικός.
792 1598 1056 1667 Ψυχικὸς
1075 1598 1183 1670 γὰρ
1203 1596 1503 1665 ἅνθρωπος
1534 1598 1605 1649 οὐ
1624 1593 1857 1665 δέχεται
1884 1595 1957 1647 τὰ

2131 1138 2285 1205 Quod
2319 1157 2349 1196 a
2381 1142 2487 1195 Deo
2515 1140 2789 1211 pmplneta:
2812 1138 3035 1210 jubctur
3078 1148 3138 1194 ut
3162 1139 3328 1207 dicat,
3358 1137 3517 1194 debet
3547 1139 3630 1194 di-

2060 1248 2223 1302 gnum
2252 1249 2374 1289 esse
2400 1234 2627 1303 imperio
2663 1232 2777 1287 Dei.
2819 1232 2923 1287 Sed
2957 1249 3064 1286 non
3093 1231 3304 1285 videtur
3329 1232 3551 1302 dignum
3582 1233 3629 1285 si

2061 1337 2379 1377 maneamus
2406 1323 2457 1378 in
2500 1324 2701 1389 littera,
2735 1332 2789 1378 ct
2815 1322 2949 1377 nihil
2974 1322 3137 1376 altius
3163 1321 3541 1391 requiramus,
3576 1321 3631 1375 in

2061 1418 2268 1465 tantum
2303 1421 2361 1465 ut
2388 1413 2432 1467 si
2463 1413 2587 1483 quis
2618 1413 2769 1468 rudis
2794 1413 3010 1467 auditor
3033 1412 3322 1478 exstiterit,
3344 1411 3491 1467 dicat
3516 1411 3637 1467 ine-

2060 1511 2212 1572 ptum
2262 1520 2383 1561 esse
2432 1505 2729 1576 Scripturis
2776 1519 2963 1559 aurem
3009 1506 3462 1567 accommodare,
3492 1513 3545 1557 et
3568 1517 3632 1557 ea

2061 1608 2391 1663 cognoscere
2431 1611 2553 1666 qua:
2582 1595 2635 1651 in
2665 1595 2748 1651 eis
2786 1596 3121 1651 lectitantur.
3163 1593 3279 1650 Hoc
3312 1604 3396 1649 est
3425 1594 3630 1649 dictum

381 1692 488 1746 τοῦ
517 1690 861 1761 Πνεύματος
882 1689 989 1744 τοῦ
1026 1689 1194 1743 Θεοῦ-
1217 1687 1409 1757 μωρία
1436 1686 1544 1757 γὰρ
1569 1685 1729 1752 αὐτῷ
1761 1686 1951 1740 ἐστιν.

2060 1684 2344 1740 animalis:
2375 1686 2637 1740 Animalis
2664 1687 2863 1757 quippe
2888 1688 3043 1741 homo
3069 1703 3175 1740 non
3200 1686 3419 1756 percipit
3436 1701 3498 1739 ea
3516 1700 3634 1755 qua:

384 1783 523 1854 Ὅρα
550 1777 642 1837 οῦν
663 1781 763 1853 τὴν
789 1781 931 1848 λέξιν
945 1780 998 1834 τί
1024 1797 1176 1852 φησι.
1197 1778 1303 1834 Καὶ
1330 1777 1482 1846 ἐρεῖς
1505 1776 1653 1845 πρὸς
1673 1776 1779 1830 τὸν
1803 1774 1958 1831 λαὸν

381 1873 623 1927 τοῦτονο
681 1872 827 1926 Τάδε
878 1872 1041 1942 λέγει
1102 1872 1320 1938 Κύριος
1383 1872 1416 1923 ό
1481 1869 1624 1934 Θεὸς
1690 1866 1951 1936 Ἰσραήλ.

384 1964 565 2029 ’Ἄξιον
595 1962 733 2016 ἔστω
770 1963 978 2034 Κυρίου
1010 1963 1102 2017 τοῦ
1133 1961 1267 2016 Θεοῦ
1309 1960 1557 2032 Ἰσραήλ·
1588 1958 1714 2026 Πᾶς
1729 1957 1956 2024 οὰσκύς

388 2054 831 2121 πληρωθήσεται
857 2054 1048 2109 οἴνου.
1084 2055 1189 2109 Καὶ
1219 2055 1411 2116 ἔσται,
1440 2053 1548 2106 ἐὰν
1573 2052 1784 2105 εἴπωσι
1805 2049 1957 2118 πρὸς

389 2143 480 2197 σέ·
497 2144 591 2213 Μὴ
612 2147 853 2215 γνόντες
869 2147 941 2201 οὐ
959 2148 1324 2216 γνωσόμεθα,
1350 2145 1439 2198 ὅτι
1463 2142 1582 2209 πᾶς
1593 2141 1785 2207 ἀσκὸς
1799 2145 1954 2209 πλη-

378 2233 703 2302 ρωθήσεται
734 2237 934 2301 οἴνους
980 2237 1092 2290 Καὶ
1134 2238 1181 2289 οἱ
1231 2234 1669 2307 ἀποκρινόμενοι,
1721 2233 1811 2287 ἐπὶ
1860 2232 1952 2286 τοῦ

384 2323 545 2394 ῥητοῦ
576 2324 828 2391 ἑστῶτες,
858 2324 1034 2380 ταῦτά
1064 2342 1215 2394 φασι,
1261 2326 1356 2379 καὶ
1381 2324 1624 2393 λέγουσιν
1656 2323 1953 2389 ἐγνωκέναι

378 2414 460 2468 ὅτι
502 2417 608 2481 πᾶς
651 2417 818 2481 ἀσκὸς
848 2416 1263 2489 πληρωθήσεται
1296 2413 1461 2469 οἴνου.
1496 2414 1649 2468 Εἰσὶν
1674 2411 1768 2468 οὖν
1794 2414 1953 2468 ἀσκοὶ⁸

379 2504 558 2559 ἐλαίου
585 2504 971 2577 πληρούμενοι,
1002 2506 1035 2578 ἢ
1080 2505 1246 2576 ἄλλης
1278 2505 1451 2576 ὑγρᾶς
1479 2504 1689 2567 οὐσίας.
1714 2503 1953 2557 Ψεύδον-

376 2612 467 2650 ται
512 2595 642 2669 ἄρα’
689 2598 750 2651 οὒ
796 2596 908 2668 γὰρ
956 2596 1067 2660 πᾶς’
1105 2595 1272 2660 ἀσκὸς
1319 2594 1739 2667 πληρωθήσεται
1782 2593 1947 2649 οἴνου·

377 2689 515 2760 ὅπερ
540 2687 845 2758 διηγήσεως
883 2686 1022 2740 κατὰ
1053 2686 1114 2740 τὸ
1154 2686 1379 2740 δυνατὸν
1423 2687 1554 2756 ἡμῖν
1586 2683 1799 2737 τοιᾶσδε
1830 2682 1953 2737 τεύ-

381 2777 554 2842 ξεται,
583 2777 679 2831 ἐὰν
714 2775 941 2846 εἰδῶμεν
969 2776 1068 2839 τὰς
1100 2775 1205 2829 τῶν
1236 2774 1395 2830 οἴνων
1422 2773 1703 2846 διαφορὰς,
1752 2775 1846 2828 καὶ
1882 2773 1951 2828 τὰ

377 2867 650 2938 λεγόμενα
680 2867 809 2938 περλ⁸
847 2864 1045 2920 αὐτῶν.
1091 2867 1201 2920 Καὶ
1242 2865 1547 2930 ἀκολούθως
1591 2866 1772 2930 αὐτοῖς
1822 2865 1950 2937 περὶ

381 2959 494 3011 τῶν
516 2957 701 3011 ἀσκῶν
730 2957 989 3029 ὀψόμεθα,
1021 2958 1100 3012 ὅτι
1127 2957 1325 3030 ἀληθές
1344 2959 1459 3011 ἐστι
1489 2958 1563 3010 τὸ·
1592 2955 1720 3024 Πᾶς
1756 2957 1952 3023 ἀσκὸς

386 3051 843 3117 πληρωθήσεται
890 3050 1075 3104 οἴνου.
1121 3049 1247 3103 Εἴτε
1279 3049 1386 3121 γὰρ
1426 3048 1629 3117 ἀγαθός
1656 3050 1741 3112 τίς
1780 3050 1949 3114 ἔστιν,
1977 3030 2022 3089 (ἶ

387 3139 456 3192 ἵν’
497 3137 667 3203 οὕτως
702 3138 1076 3210 ὀνομάσωμεν,
1121 3142 1180 3193 ὲν
1220 3141 1410 3203 ἀσκοῖς
1441 3138 1625 3206 ἀσκὸς,
1664 3138 1953 3211 πληρωθή-

382 3248 533 3285 σεται
570 3232 710 3284 υἴνου
743 3232 883 3286 κατὰ
911 3233 1010 3303 τὴν
1053 3230 1245 3286 ἑαυτοῦ
1279 3231 1605 3302 ἀγαθότηταο
1638 3228 1747 3283 εἴτε
1779 3231 1949 3297 ἐστὶν,

379 3324 455 3388 ὡς
487 3324 546 3376 ὲν
577 3322 858 3394 συγκρίσει
887 3322 1091 3387 ἀσκῶν,
1131 3322 1227 3377 καὶ
1273 3325 1339 3393 τῇ
1371 3322 1549 3394 κρίσει
1585 3324 1652 3394 τῇ
1698 3322 1826 3396 περὶ¹
1857 3323 1956 3378 αὐ-

378 3415 507 3481 τῶν,
546 3413 838 3486 μοχθηρὸς,
874 3416 968 3469 καὶ
995 3415 1157 3478 αὐτὸς
1178 3413 1319 3468 κατὰ
1339 3413 1434 3484 τὴν
1458 3413 1757 3486 μοχθηρίαν
1786 3413 1951 3468 αὑτοῦ

379 3505 791 3579 πληρωθήσεται
843 3506 987 3559 οἴνου
1025 3503 1319 3577 μοχθηροῦ.
1355 3505 1479 3568 Πῶς
1524 3501 1616 3559 οὖν
1662 3504 1813 3558 ἐστιν
1845 3504 1953 3559 ἀπὸ

377 3596 477 3665 τῆς
517 3597 741 3669 Γραφῆς
770 3597 957 3651 λαϐεῖν
987 3599 1114 3671 περὶ
1142 3596 1250 3652 τῶν
1284 3598 1555 3669 διαφόρων
1587 3596 1782 3664 οἷνωνς
1816 3597 1953 3671 Περὶ

381 3687 478 3757 μὲν
506 3688 614 3741 τῶν
635 3689 893 3759 χειρόνων
920 3691 1147 3745 τοιαῦτα
1178 3691 1488 3763 γέγραπται
1519 3707 1537 3723 τ
1574 3690 1675 3745 Ἐκ
1702 3690 1812 3761 γὰρ
1840 3690 1951 3761 ἀμ-

377 3778 565 3836 πέλου
581 3780 864 3854 Σοδόμων
888 3784 926 3854 ἠ
952 3784 1218 3856 ἄμπελος
1237 3780 1456 3849 αὐτῶν,
1480 3783 1580 3839 καὶ
1598 3785 1636 3853 ὴ
1659 3783 1952 3853 κληματὶς

374 3872 575 3927 αὐτῶν
599 3875 668 3929 ἐκ
693 3875 1015 3944 Ιόμόρρας.
1061 3876 1128 3932 Ἢ
1147 3874 1429 3946 σταφυλὴ
1452 3874 1649 3929 αὐτῶν
1663 3873 1946 3943 σταφυλὴ

377 3966 586 4035 χολῆς,
618 3967 846 4035 βότρυς
872 3968 1110 4036 πικρίας
1140 3967 1364 4033 αὐτοῖς’
1400 3967 1585 4036 θυμὸς
1611 3965 1951 4033 δρακόντων

375 4062 408 4109 (ε
433 4054 596 4125 οἶνος
618 4057 833 4123 αὐτῶν,
865 4059 962 4111 καὶ
994 4056 1181 4128 θυμὸς
1210 4056 1475 4112 ἀσπίδων
1502 4056 1775 4123 ἀνίατος.
1813 4056 1949 4130 Περὶ

373 4150 430 4203 δὲ
457 4149 564 4204 τῶν
594 4151 937 4222 κρειττόνων·
980 4149 1048 4203 Τὸ
1079 4147 1370 4218 ποτήριόν
1395 4162 1510 4203 σου
1540 4149 1851 4219 μεθύσκον
1870 4167 1948 4219 με

373 4240 456 4308 ὡς
498 4238 841 4310 κράτιστον.
880 4238 1045 4312 Καλὴ
1075 4239 1237 4308 σοφία
1282 4240 1541 4309 συγκαλεῖ
1566 4242 1657 4293 ἐπὶ
1687 4240 1780 4296 τὸν
1815 4242 1944 4295 ἐαυ-

2058 1782 2180 1827 sunt
2208 1774 2424 1843 spiritus
2451 1775 2571 1831 Dei.
2621 1774 2872 1832 Stultitia
2898 1778 3035 1831 enim
3068 1778 3116 1831 ei
3140 1786 3217 1830 est
3246 1777 3309 1827 7°.
3366 1772 3634 1829 Conside-

2055 1878 2242 1921 remus
2274 1881 2403 1935 ergo
2433 1865 2526 1922 Dei
2558 1883 2865 1922 sermonem
2894 1865 3023 1936 quid
3049 1868 3237 1935 jubeat
3262 1865 3307 1896 '“
3336 1883 3349 1919 :
3390 1862 3456 1916 Et
3490 1864 3630 1916 dices

2056 1964 2123 2009 ad
2172 1956 2425 2026 populum
2472 1975 2764 2013 sermonem
2811 1962 3009 2014 isnon:
3047 1955 3168 2013 Ηωε
3202 1958 3332 2009 dicit
3377 1955 3629 2007 Dominus

2054 2047 2196 2101 Deus
2223 2046 2417 2103 Israel.
2470 2050 2624 2116 Quod
2672 2051 2806 2104 dicit
2846 2050 3111 2104 Dominus
3141 2049 3283 2102 Deus
3316 2046 3520 2111 Israel,
3548 2044 3632 2098 di-

2055 2154 2220 2209 gnum
2263 2157 2450 2210 quagso
2498 2143 2570 2196 sit
2613 2142 2845 2198 Domino
2881 2139 3178 2196 Deolsrael
3223 2158 3236 2193 :
3292 2139 3474 2194 Omnis
3518 2148 3632 2189 mer

2054 2232 2360 2302 implebitur
2385 2236 2523 2290 vino.
2556 2234 2795 2305 Eritque,
2837 2236 2884 2289 si
2913 2234 3143 2289 dixerint
3169 2233 3237 2285 ad
3263 2241 3347 2285 te:
3376 2228 3626 2299 Nunquid

2054 2340 2415 2399 cognoscentes
2439 2371 2454 2395 ,
2485 2341 2534 2384 et
2566 2347 2668 2383 non
2697 2329 3058 2401 cognoscimus
3078 2368 3094 2394 ,
3136 2327 3260 2397 quia
3310 2325 3479 2377 omnis
3512 2333 3631 2375 uter

2053 2419 2357 2488 implebitur
2383 2420 2501 2474 vino
2534 2421 2580 2452 ⁷⁸
2613 2420 2636 2473 ?
2692 2419 2815 2474 Haec
2856 2417 3248 2487 respondentes
3268 2454 3282 2480 ,
3339 2413 3383 2468 si
3417 2420 3627 2465 tantum

2051 2508 2288 2564 litteram
2318 2518 2644 2580 sequuntur,
2680 2518 2735 2563 et
2776 2509 2967 2563 dicunt
2996 2521 3163 2561 nosse
3189 2519 3247 2559 se
3286 2502 3415 2572 quia
3448 2499 3631 2554 omnis

2053 2608 2174 2654 uter
2199 2601 2511 2671 implebitnr
2539 2600 2689 2662 vino,
2728 2598 3014 2652 falluntur.
3049 2591 3170 2647 Non
3197 2593 3343 2647 enim
3373 2604 3626 2644 necessa-

2052 2690 2136 2744 rio
2170 2690 2436 2758 sequitur,
2462 2698 2520 2743 ut
2542 2704 2733 2744 omnes
2768 2699 2917 2742 utres
2951 2685 3278 2755 impleantur
3312 2682 3458 2735 vino.
3489 2677 3630 2733 Sunt

2053 2790 2204 2835 utres
2231 2781 2352 2835 oleo
2383 2782 2565 2852 pleni;
2617 2790 2743 2835 sunt
2779 2779 2868 2833 alii
2902 2794 2933 2832 a
2968 2775 3211 2847 qualibet
3238 2771 3495 2843 liquentis
3525 2787 3628 2825 na-

2054 2877 2189 2925 tura:
2221 2870 2449 2924 materia
2484 2870 2664 2936 vacui,
2697 2877 2793 2923 aut
2820 2875 2968 2923 certe
3002 2882 3109 2919 non
3141 2864 3308 2934 pleni.
3361 2860 3626 2914 Dominus

2053 2971 2235 3014 autem
2263 2960 2395 3015 dicit
2421 2975 2637 3015 onmem
2671 2968 2845 3013 utrem
2884 2955 3219 3026 implendum
3249 2953 3374 3006 vino
3403 2968 3417 3006 :
3451 2960 3505 3004 et
3532 2964 3629 3014 νο·

2052 3054 2212 3123 pulus
2245 3053 2525 3123 respondit
2565 3071 2578 3107 :
2632 3050 2888 3123 Nunquid
2919 3056 3283 3120 cognoscentes
3308 3062 3412 3100 non
3437 3060 3629 3114 cogno—

2052 3146 2268 3207 scimus,
2313 3147 2437 3216 quia
2481 3147 2652 3200 omnis
2680 3154 2796 3198 uter
2818 3140 3125 3213 implebitur
3158 3139 3319 3193 vino?
3350 3137 3478 3203 Quae
3500 3135 3627 3206 qui-

2052 3240 2171 3294 dem
2199 3240 2353 3310 juxta
2380 3247 2752 3309 paupertatem
2788 3235 2989 3306 ingenii
3024 3233 3127 3288 mei
3156 3231 3236 3287 sic
3266 3236 3520 3302 poterunt
3545 3229 3630 3281 in-

2054 3330 2360 3400 terpretari,
2413 3330 2459 3383 si
2484 3329 2637 3399 prius
2665 3326 2771 3381 vini
2797 3325 3134 3381 diﬂ‘crentias
3159 3319 3626 3393 prospexerimus,

2051 3429 2113 3475 ut
2143 3430 2273 3475 tunc
2303 3427 2700 3488 consequenter
2730 3424 3027 3471 tractemus
3048 3454 3062 3478 ,
3115 3427 3299 3466 verum
3334 3425 3452 3465 esse
3478 3406 3625 3477 quod

2049 3512 2255 3568 dictum
2284 3520 2389 3578 est,
2421 3513 2548 3581 quia
2575 3510 2758 3565 omnis
2793 3516 2914 3563 uter
2943 3505 3257 3575 implebitur
3283 3503 3432 3557 vino.
3499 3499 3627 3556 Sive

2048 3605 2193 3660 enim
2242 3604 2366 3674 quis
2416 3603 2595 3657 bonus
2637 3609 2758 3667 est,
2810 3608 2871 3654 ut
2912 3599 2984 3653 ita
3035 3599 3263 3669 loquar,
3300 3595 3438 3649 inter
3474 3602 3628 3649 utres

2047 3705 2205 3762 uter,
2256 3692 2569 3763 implebitur
2613 3691 2741 3744 vino
2784 3688 3045 3744 bonitatis
3087 3703 3231 3750 suae;
3285 3686 3400 3740 sive
3444 3680 3626 3737 malus

2043 3787 2200 3857 juxta
2245 3786 2349 3839 hoc
2387 3783 2532 3854 quod
2576 3782 2754 3836 malus
2802 3787 2919 3845 cst,
2953 3778 3098 3833 malo
3125 3778 3252 3831 vino
3292 3773 3622 3846 implebitur.

2048 3858 2334 3944 Quomodo
2378 3889 2509 3943 ergo
2563 3887 2857 3943 possumus
2906 3871 2972 3925 de
3020 3867 3317 3938 Scripturis
3380 3866 3627 3935 accipere

2046 3965 2379 4022 differentias
2426 3962 2573 4017 vini?
2624 3960 2798 4030 Super
2829 3960 2973 4013 malo
3006 3957 3134 4012 vino
3177 3957 3280 4011 ista
3310 3956 3621 4024 Conscripta

2046 4068 2174 4115 sunt
2196 4056 2243 4089 τ’
2273 4074 2286 4110 :
2315 4054 2391 4110 De
2412 4054 2563 4109 vinea
2590 4053 2972 4116 Sodomorum,
3002 4059 3051 4104 et
3077 4049 3141 4103 de
3166 4047 3483 4111 Gomorrha,
3510 4061 3625 4101 uva:

2044 4164 2225 4205 eorum
2252 4163 2365 4203 uvae
2389 4144 2567 4218 fellis;
2608 4140 2790 4199 botrus
2815 4141 3194 4196 uinaritudinis
3238 4142 3291 4194 in
3318 4140 3394 4191 eis
3416 4178 3431 4204 ,
3473 4152 3625 4189 vene-

2045 4257 2172 4296 num
2202 4241 2495 4294 draconum
2523 4238 2703 4291 vinum
2728 4250 2930 4300 eorum,
2956 4242 3005 4286 et
3029 4233 3173 4286 virus
3205 4228 3446 4297 aspidum
3474 4228 3623 4280 insa-

372 4329 473 4399 τῆς
501 4329 752 4402 κρατῆρα
791 4329 1052 4399 λέγουσα·
1101 4330 1362 4395 Ἐλθετε,
1405 4330 1622 4400 φάγετε
1649 4331 1756 4385 τὸν
1799 4331 1947 4398 ἐμὸν

2051 4330 2243 4385 nabile.
2304 4329 2379 4385 De
2408 4329 2554 4383 bono
2584 4326 2699 4380 haec
2743 4324 3000 4378 dicuntur
3033 4323 3080 4353 ⁷⁵
3109 4339 3124 4376 :
3158 4318 3316 4375 Calix
3351 4327 3473 4371 tuus
3512 4315 3623 4371 ine-

372 4420 574 4486 ἄρτον,
608 4421 706 4475 καὶ
732 4421 896 4475 πίετε
932 4415 1099 4475 οἶνον
1124 4418 1197 4474 ὃν
1222 4420 1515 4490 κεκέρακα
1554 4422 1716 4493 ὑμῖν.
1750 4423 1941 4478 Ἔστιν

2051 4422 2230 4477 brians
2275 4433 2434 4490 quam
2480 4413 2772 4486 praeclarus
2796 4421 2873 4467 est
2902 4419 2923 4473 !
2950 4410 3017 4468 Et
3043 4408 3323 4482 Sapientia
3357 4418 3621 4463 convocat

369 4507 465 4565 οῦν
494 4508 636 4576 οἶνος
675 4512 783 4566 ἀπὸ
808 4512 1075 4584 Σοδόμων,
1111 4513 1203 4566 καὶ
1246 4512 1392 4568 ἔστιν
1434 4510 1576 4579 οἶνος
1611 4514 1669 4569 ὃν
1706 4516 1740 4588 ἡ
1784 4516 1943 4588 σοφία

369 4602 608 4676 κίρνησι.
642 4602 753 4657 Καὶ
781 4603 942 4658 πάλιν
960 4622 974 4635 ⁸
1000 4605 1306 4675 Ἀμπελος
1323 4604 1575 4676 ἐγενήθη
1608 4604 1689 4674 τῷ
1715 4606 1945 4677 ἠγαπη-

363 4695 529 4764 μένῳ
568 4695 639 4747 ἐν
675 4692 893 4763 κέρατι,
921 4695 992 4749 ἐν
1018 4699 1179 4761 τόπῳ
1208 4698 1372 4751 πίονι
1413 4699 1798 4770 πεφυτευμένη
1838 4699 1943 4753 ὑπὸ

368 4785 463 4837 τοῦ
497 4781 655 4850 Θεοῦ,
714 4786 748 4856 ή
803 4785 1106 4859 καλουμένη
1158 4786 1401 4858 ἄμπελος
1439 4787 1652 4860 Σωρὴκ,
1709 4789 1937 4864 ὲκλεκτή

365 4893 453 4940 τις
488 4872 622 4931 οὖσα
669 4876 764 4930 καὶ
796 4876 1104 4949 θαυμαστή.
1139 4878 1295 4931 Ἔστι
1333 4878 1391 4932 δέ
1440 4896 1523 4943 τις
1561 4880 1654 4933 καὶ
1696 4879 1939 4951 ἄμπελος

366 4966 698 5036 Αἰγυπτίων,
722 4966 789 5037 ἢν
814 4966 1078 5021 πατάσσει
1096 4969 1125 5021 ὁ
1146 4966 1441 5032 Θεὸς,κατὰ
1460 4967 1519 5021 τὸ
1534 4968 1937 5040 γεγραμμένον,

366 5059 449 5112 ὅτι
510 5058 833 5125 Ἐπάταξεν
870 5063 903 5115 ὁ
950 5062 1091 5129 Θεὸς
1136 5061 1206 5115 ὲν
1244 5061 1468 5132 χαλάζῃ
1512 5062 1627 5131 τὴν
1667 5063 1939 5134 ἄμπελον

364 5146 586 5219 αὐτῶν,
623 5150 723 5205 καὶ
754 5150 859 5218 τὰς
887 5152 1260 5221 συκαμίνους
1287 5151 1486 5207 αὐτῶν
1514 5154 1584 5207 ἐν
1607 5152 1829 5225 πάχνη.

435 5452 784 5526 Κατανόησον
812 5449 905 5509 οῦν
937 5472 1026 5527 μοι
1053 5454 1261 5522 πάντας
1288 5456 1608 5531 ἀνθρώπους
1638 5454 1778 5515 εἶναι
1810 5479 1937 5535 τροο

363 5546 540 5610 πικῶς
571 5548 664 5600 νῦν
708 5550 1047 5620 χωρητικοὺς
1085 5548 1253 5604 οἴνου.
1287 5551 1400 5605 Καὶ
1441 5552 1691 5623 ὀνομάζω
1718 5554 1934 5620 αὐτοὺς,

2048 4513 2115 4569 ad
2154 4521 2419 4568 craterem
2464 4523 2649 4573 suum,
2695 4503 2885 4560 dicens
2914 4503 3006 4559 ":
3049 4500 3263 4567 Venite,
3310 4499 3621 4553 manducare

2046 4620 2206 4676 panes
2239 4617 2409 4664 meos,
2440 4608 2489 4654 et
2520 4597 2678 4652 bibite
2722 4598 2897 4652 vinum
2928 4592 3068 4666 quod
3091 4592 3278 4646 miscui
3304 4588 3467 4644 vobis.
3524 4582 3621 4642 Est

2047 4713 2178 4769 ergo
2195 4695 2383 4749 vinum
2403 4693 2470 4747 de
2498 4688 2772 4754 Sodomis,
2796 4695 2956 4743 etest
2980 4684 3122 4756 quod
3151 4681 3370 4737 miscuit
3393 4676 3620 4769 Sapit-n-

2047 4767 2143 4847 tia‘.
2171 4786 2522 4855 Rursumque
2544 4783 2627 4836 ης
2667 4777 2828 4835 Vinea
2863 4778 3005 4848 facta
3030 4784 3107 4830 est
3145 4773 3333 4828 dilecto
3368 4768 3528 4839 194
3563 4767 3620 4821 in

2046 4898 2233 4946 cornu,
2248 4880 2302 4933 in
2321 4878 2435 4931 loco
2454 4875 2626 4937 uberi,
2640 4874 2879 4944 plantata
2899 4887 2927 4922 a
2943 4867 3073 4931 Deo,
3087 4881 3207 4937 qua:
3226 4863 3616 4919 vocaturvinea

2048 4974 2240 5038 Sorec,
2269 4972 2436 5026 electa
2465 4968 2714 5040 quaedam
2745 4966 2884 5019 inter
2906 4977 3098 5017 omnes
3128 4959 3334 5019 vineas,
3373 4963 3427 5012 et
3454 4954 3620 5008 mira-

2041 5066 2192 5121 bilis.
2235 5060 2332 5117 Est
2355 5071 2534 5117 autem
2560 5058 2665 5113 alia
2689 5057 2842 5111 vinea
2868 5050 3269 5125 )Egyptiorum,
3300 5062 3463 5119 quam
3496 5059 3619 5114 per-

2043 5155 2179 5212 cutit
2223 5151 2397 5217 Dens,
2453 5150 2752 5209 secundum
2806 5147 2858 5203 id
2911 5144 3057 5218 quod
3096 5144 3358 5214 scriptum
3412 5135 3560 5193 est"
3597 5152 3615 5188 :

2040 5248 2316 5304 Percussit
2363 5248 2416 5300 in
2463 5243 2723 5315 grandine
2753 5241 2928 5296 vineas
2958 5254 3160 5304 eorum,
3187 5246 3234 5289 et
3273 5233 3405 5303 ﬁcus
3432 5240 3615 5282 eorum

2041 5343 2097 5396 in
2118 5340 2258 5409 gelu.

2113 5465 2168 5519 2.
2210 5460 2636 5519 Consideremus
2667 5473 2797 5528 ergo
2823 5470 3013 5510 omnes
3040 5449 3288 5508 homines
3316 5437 3614 5512 ﬁguralile

2043 5571 2274 5629 capaces
2316 5568 2438 5609 esse
2478 5552 2588 5606 vini
2610 5592 2625 5619 ,
2659 5565 2764 5606 nec
2794 5546 2941 5603 aliud
2980 5544 3060 5599 eis
3089 5551 3381 5613 possumus
3412 5543 3611 5584 nomen

433 5753 477 5784 "
494 5750 697 5810 Jerem.
732 5754 959 5821 suum.
1036 5757 1082 5790 "°
1120 5753 1297 5814 lCor.
1330 5776 1397 5821 ιι,
1432 5759 1518 5815 ιι.
1592 5762 1635 5793 ’⁷⁸
1663 5759 1775 5817 Jer.
1816 5776 1935 5821 snt.

2119 5761 2163 5792 τ’
2197 5758 2325 5815 ibid.
2403 5758 2449 5789 ⁷³
2477 5756 2689 5813 Dcutcr.
2721 5768 2892 5821 χχχιι,
2918 5749 3006 5806 52.
3083 5747 3130 5781 ⁷⁸
3151 5741 3351 5801 Psalm.
3389 5745 3524 5796 xm,
3551 5731 3612 5791 ὃ.

360 5820 408 5855 ⁷⁸
449 5822 607 5880 Prov.
640 5839 717 5892 Ix,
746 5823 799 5879 5.
839 5820 843 5821 ί
876 5825 921 5859 ⁷⁵
959 5822 1065 5882 lsa.
1103 5843 1157 5896 ν,
1196 5828 1244 5882 1.
1320 5820 1610 5886 "Psalm.
1641 5846 1846 5896 Lxxrn,
1876 5820 1963 5885 i7.
