4122 6432
565 401 631 457 79
1977 411 2303 471 ORIGENIS

3676 427 3791 487 380

525 518 828 587 imponere,
858 537 1021 591 quam
1050 540 1279 596 capaces
1305 527 1439 593 vini,
1487 545 1652 598 quam
1682 541 1858 587 utrem
1883 572 1899 598 ,
1926 543 1982 588 et
2014 535 2085 589 di«

2200 536 2339 590 κατὰ
2358 535 2513 590 τοῦτο
2539 538 2760 603 ἀσκοὺς,
2785 537 2927 611 [καί]
2950 538 3112 610 λέγω,
3138 540 3217 594 ὅτι
3243 542 3272 594 6
3303 541 3402 612 μέν
3447 542 3649 612 φαῦλος
3683 563 3787 600 πε-

526 622 653 663 cere
700 610 827 678 quia
874 627 1108 684 nequam
1156 615 1322 671 homo
1353 617 1549 687 plenus
1588 620 1659 675 sit
1685 621 1814 677 vino
1843 625 1911 678 de
1941 622 2102 679 vinea

528 697 892 757 Sodomorum
921 713 974 759 et
995 704 1401 777 Egyptiorum,
1440 712 1634 782 plenus
1673 713 1802 768 vino
1847 714 2101 770 inimico-

527 803 651 843 rum
684 788 881 860 Israel;
924 807 1145 853 sanctus
1170 814 1298 854 vero
1317 812 1370 856 et
1392 804 1438 858 is
1464 805 1557 873 qui
1585 805 1638 859 in
1669 804 1962 860 virtutibus
1984 821 2105 875 pro-

526 881 659 948 tlcit,
708 883 900 953 plenus
945 888 1016 942 sit
1058 889 1124 944 de
1153 892 1308 947 vinea
1338 892 1524 962 Sorec,
1560 896 1687 952 vino
1723 897 1791 952 de
1819 911 1929 969 quo
1960 899 2101 955 scri-

523 984 674 1043 ptum
711 988 797 1032 est
822 979 868 1012 ⁷⁸
904 999 917 1034 :
955 980 1114 1036 Catia:
1159 994 1280 1039 tuus
1322 987 1587 1043 inebrians
1624 1007 1783 1058 quam
1808 991 2100 1061 νηπίω-ιιι

518 1070 802 1157 εδδ-τίω
845 1075 992 1143 quod
1036 1078 1256 1134 miscuit
1288 1079 1587 1150 Sapientia.
1638 1083 1705 1139 Et
1733 1085 1849 1141 haec
1879 1086 2099 1157 quidem

522 1152 796 1212 intellecta
832 1160 905 1214 ibi
937 1162 1047 1216 sint
1071 1166 1373 1222 secundum
1409 1173 1708 1242 nequitiam
1737 1152 2089 1245 atque-virtu-

519 1253 649 1298 tem.
698 1246 1084 1317 Agnoscamus
1114 1259 1389 1325 quomodo
1420 1262 1600 1318 omnis
1640 1250 1761 1319 uter
1786 1265 2100 1337 implebitur

517 1334 669 1391 vino.
700 1336 757 1391 Si
792 1349 974 1396 autem
1005 1348 1246 1415 nequitia
1269 1389 1284 1415 ,
1317 1366 1414 1407 seu
1446 1354 1740 1413 virtutibus
1769 1334 2100 1428 impleantur

519 1433 691 1491 utres,
715 1443 1058 1502 consequens
1088 1448 1170 1493 est
1196 1448 1253 1494 ut
1275 1443 1555 1512 suppliciis
1580 1448 1908 1518 impleantur
1925 1451 1994 1505 ob
2010 1467 2101 1506 ne-

515 1516 769 1584 quitiam,
826 1519 1300 1586 benedictionibus
1342 1532 1413 1586 ob
1459 1516 1740 1592 virtutem.
1794 1537 2098 1597 Exliibeant

518 1621 689 1662 sacra,
713 1608 905 1667 littera:
938 1615 1313 1675 testimonium
1343 1638 1452 1693 quo
1492 1634 1653 1695 pacto
1678 1636 1968 1697 tormenta,
1999 1648 2096 1689 seu

518 1702 975 1768 repromissioncs
1000 1709 1186 1764 vinum
1217 1727 1622 1785 nuncupantur.
1658 1718 1849 1791 Accipe
1878 1724 2096 1778 calicem

515 1789 624 1843 cini
666 1794 798 1847 meri
840 1796 1016 1862 istius,
1058 1811 1109 1853 et
1146 1804 1353 1870 potabis
1381 1824 1556 1863 omnes
1585 1822 1759 1880 gentes
1789 1789 1860 1866 ad
1882 1831 2014 1885 quas
2046 1825 2096 1871 te

512 1881 665 1936 mitto
695 1884 762 1939 "’.
793 1883 1060 1946 Jeremias
1082 1900 1265 1949 autem
1291 1895 1406 1952 lucc
1430 1879 1673 1970 loquitur
1703 1921 1717 1957 :
1747 1879 1911 1976 super
1939 1908 2087 1977 quod
2123 1879 2167 1933 Β

512 1972 676 2029 infert
692 1975 739 2009 ⁸⁸
762 1996 776 2033 :
800 1977 867 2033 Et
884 1979 1079 2049 bibent,
1107 1993 1154 2039 et
1180 1989 1405 2054 venient,
1428 2000 1478 2045 et
1502 1993 1787 2064 insanient,
1802 1972 1853 2051 et
1872 1972 2083 2056 cadent.

508 2062 682 2133 lgitur
722 2069 989 2138 supplicia
1022 2072 1076 2126 in
1122 2078 1373 2144 praesenti
1407 2079 1529 2137 loco
1572 2062 1779 2140 vinum?
1807 2104 2084 2146 meracum

509 2160 865 2226 nuncupavit.
917 2162 1150 2229 Quidam
1193 2168 1391 2227 bibunt
1434 2189 1651 2231 meraca
1683 2178 1841 2248 vina,
1896 2182 1949 2236 id
1978 2192 2083 2250 est,

507 2248 743 2305 meracis
785 2254 1123 2312 cruciatibus
1155 2259 1305 2331 digni
1341 2272 1502 2332 sunt;
1543 2268 1635 2322 alii
1658 2280 1839 2325 autem
1892 2248 2088 2330 bibunt

506 2338 772 2407 supplicia
802 2361 817 2409 ;
850 2344 975 2401 vina
1007 2349 1225 2418 quidem
1256 2369 1363 2409 non
1389 2359 1606 2426 penitus
1631 2376 1866 2430 meraca,
1896 2365 1987 2420 sed
2017 2382 2085 2422 ex

503 2443 656 2498 parte
678 2433 858 2505 aliqua
890 2445 1187 2508 temperata
1222 2462 1236 2498 :
1262 2443 1421 2501 Catia:
1447 2455 1593 2505 enim
1623 2453 1678 2505 in
1702 2469 1863 2508 manu
1893 2455 2081 2512 Domi-

502 2521 558 2572 ni
601 2522 710 2575 vini
757 2527 887 2580 meri
917 2528 1101 2595 plenus
1136 2533 1323 2602 misto,
1369 2547 1420 2591 et
1472 2541 1746 2597 inclinavit
1796 2559 1863 2598 ea:
1902 2546 1998 2601 hoc
2029 2548 2084 2603 in

502 2611 660 2679 illud,
684 2630 1040 2676 verumtamen
1072 2640 1132 2677 en
1163 2625 1271 2695 [tu
1296 2628 1409 2699 ejus
1439 2648 1540 2685 non
1562 2644 1640 2689 est
1665 2637 1972 2702 exinanita;
1999 2641 2083 2693 bi-

501 2704 620 2758 bent
644 2722 709 2758 ea:
735 2725 795 2763 eo
823 2727 1000 2766 omnes
1032 2729 1332 2784 peccatores
1376 2730 1529 2777 terra:
1558 2724 1627 2782 ⁸¹.
1691 2725 1751 2782 Si
1784 2728 1865 2784 vis
1897 2730 1963 2783 ad
1991 2731 2087 2786 be-

504 2794 832 2855 nedictionis
859 2803 1085 2857 calicem
1122 2809 1396 2876 respicere
1420 2827 1582 2878 quem
1613 2815 1809 2871 bibunt
1830 2819 1990 2888 justi,
2019 2820 2086 2873 li-

501 2891 591 2938 cet
621 2887 854 2944 sul'iiciat
887 2893 1168 2962 sapientiae
1212 2899 1605 2971 testimonium,
1656 2906 1709 2961 in
1737 2887 1848 2977 quo
1882 2910 1959 2964 ait
1983 2910 2029 2942 "
2066 2927 2081 2965 :

500 2972 677 3031 Bibite
701 2980 876 3034 vinum
909 2985 1049 3054 quod
1084 2988 1274 3043 miscui
1303 2993 1478 3058 vobis;
1524 3004 1705 3051 tamen
1736 2972 1859 3054 vide
1895 2998 2085 3057 Salva-

501 3076 675 3125 torem
703 3071 749 3103 ⁸³
782 3076 1164 3133 ascendentem
1194 3081 1282 3137 die
1315 3081 1540 3141 Pasclue
1585 3090 1790 3159 grande
1820 3107 2080 3149 caenacu-

499 3158 616 3214 lnm
649 3169 879 3218 stratum
907 3173 1073 3237 atque
1097 3173 1443 3243 mundatum,
1466 3186 1520 3232 et
1549 3158 1796 3249 agentem
1828 3183 1970 3239 diem
2001 3183 2082 3241 fe-

497 3258 647 3306 stum
674 3267 799 3308 cum
833 3254 1118 3327 discipulis
1146 3263 1282 3326 suis,
1316 3265 1579 3338 illumque
1601 3270 1681 3325 eis
1703 3271 1927 3328 calicem
1951 3291 2078 3345 pro-

496 3342 878 3436 pinantem,de
909 3364 1022 3418 quo
1046 3351 1100 3406 in
1127 3351 1421 3427 Evangelio
1447 3360 1592 3429 quod
1626 3363 1906 3419 miscuerit
1929 3342 2077 3436 eum,

495 3444 550 3489 et
576 3435 649 3490 ita
682 3438 997 3508 tradiderit;
1054 3442 1214 3502 Jesus
1259 3449 1403 3503 enim
1451 3452 1735 3509 lmtiticans
1779 3435 2078 3528 discipulos

496 3539 776 3582 meracum
806 3530 886 3584 eis
909 3533 1164 3601 poculum
1190 3540 1463 3609 propinat,
1498 3551 1554 3598 et
1585 3546 1717 3601 dicit
1737 3552 1788 3588 ιι
1814 3567 1828 3602 :
1867 3549 2080 3619 Accipi-

496 3626 548 3671 te
577 3628 627 3672 et
654 3619 814 3677 bibite
846 3638 865 3676 :
894 3622 1000 3678 Hic
1036 3636 1114 3681 est
1146 3632 1365 3701 sanguis
1397 3650 1542 3690 meus
1585 3639 1679 3708 qui
1702 3655 1799 3709 pro
1825 3642 1970 3696 vobis
1999 3641 2080 3711 ef-

493 3709 747 3779 fundetur
789 3715 845 3767 in
897 3718 1257 3775 remissionem
1307 3735 1658 3793 peccatorum.
1724 3730 1839 3786 [loc
1891 3709 2073 3803 facite,

494 3800 909 3875 quotiescunque
954 3805 1141 3862 bibetis
1162 3851 1178 3878 ,
1222 3811 1277 3865 in
1307 3829 1477 3867 meam
1504 3822 2072 3880 commemorationem.
2124 3870 2125 3873 η

492 3888 563 3947 Ει
592 3892 639 3925 ⁸³
666 3912 680 3949 :
708 3894 875 3951 Amen
897 3899 1014 3955 dico
1036 3902 1204 3970 vobis,
1229 3920 1335 3959 non
1364 3905 1539 3962 bibam
1569 3908 1708 3963 illud
1741 3914 1952 3979 amodo,
1980 3914 2079 3969 do-

491 3996 586 4071 nec
611 3984 787 4039 bibam
814 3988 952 4044 illud
988 3991 1254 4047 vobiscum
1299 4011 1487 4049 novum
1536 3999 1590 4052 in
1639 4016 1797 4071 regno
1823 4002 1943 4058 Dei.
1985 4004 2077 4060 Vi-

490 4069 590 4125 des
620 4073 845 4129 calicem
890 4078 1015 4132 novi
1065 4082 1416 4136 testamenti?
1471 4082 1632 4139 Vides
1687 4069 1911 4144 calicem
1947 4108 2067 4161 sup-

490 4160 783 4231 pliciorum
833 4183 996 4246 quem
1027 4186 1194 4241 supra
1228 4174 1585 4244 exposuimus
1605 4218 1621 4244 ,
1650 4177 1763 4232 vini
1799 4180 1932 4236 meri
1962 4182 2077 4253 ple-

490 4266 623 4308 num
667 4257 829 4311 esse?
876 4256 969 4313 Est
1002 4267 1057 4313 et
1090 4260 1234 4317 alius
1278 4262 1442 4330 calix,
1489 4264 1582 4335 qui
1627 4281 1727 4336 pro
1754 4282 2076 4339 compensa-

489 4346 640 4401 tione
675 4349 944 4404 bonorum
996 4362 1239 4421 actuum,
1268 4371 1365 4412 seu
1390 4356 1657 4413 malorum
1690 4359 1785 4414 tibi
1814 4361 2076 4417 miscetur

490 4435 653 4507 195
668 4448 721 4492 et
737 4441 985 4497 traditur.
1011 4441 1254 4516 lntellige
1273 4449 1418 4503 enim
1456 4449 1590 4504 milii
1612 4465 1707 4506 eos
1735 4451 1828 4521 qui
1860 4454 2075 4522 penitus

2205 626 2486 700 πλήρωται
2518 629 2661 682 οῐνου
2682 631 2943 701 ἀμπέλων
2971 632 3241 703 Σοδόμων,
3266 633 3617 705 πεπλήρωται
3637 637 3784 694 οἴνου

2202 718 2522 787 Αίγυπτίου,
2558 722 2652 774 καὶ
2693 721 2836 775 οἴνου
2872 722 2979 776 τῶν
3010 722 3222 795 ἐχθρῶν
3252 722 3348 777 τοῦ
3397 723 3631 799 Ἰσραήλ·
3660 731 3690 783 6
3722 731 3783 784 δὲ

2202 807 2357 879 ἅγιος
2390 810 2485 864 καὶ
2510 810 2865 884 ὠφελημένος
2900 815 3257 887 πεπλήρωται
3283 818 3427 871 οἴνου
3461 819 3569 872 ἀπὸ
3597 821 3782 890 ἀμπέ-

2201 897 2294 951 λου
2319 900 2535 973 Σωρὴκ,
2566 903 2660 956 καὶ
2690 901 2834 958 οἴνου
2869 906 2996 976 περὶ
3023 900 3085 960 οὗ
3113 907 3458 980 γέγραπται·
3501 910 3569 965 Τὸ
3596 910 3782 980 ,ποτή-

2193 993 2331 1058 ριόι·
2358 1009 2475 1047 σου
2502 994 2813 1063 μεθῦσκον
2839 999 2919 1064 ὡς
2954 997 3293 1067 κράτιστονέ
3331 1003 3441 1057 Καὶ
3475 1005 3637 1059 πάλιν
3677 1023 3779 1060 πε-

2201 1082 2484 1153 πλήρωται
2525 1084 2672 1140 οἴνου
2703 1089 2732 1141 6
2764 1087 2938 1157 ἅγιος,
2990 1091 3083 1159 ἀφ’
3115 1085 3176 1144 οὗ
3221 1094 3483 1165 ἐκέρασεν
3522 1098 3554 1167 ἠ
3598 1098 3777 1167 σοφία.

2201 1172 2388 1228 Ταῦτα
2423 1174 2519 1245 μὲν
2547 1172 2639 1230 οὖν
2665 1179 2890 1234 νοείσθω
2920 1198 3008 1252 μοι
3033 1182 3174 1237 κατά
3212 1185 3311 1257 τὴν
3345 1186 3543 1241 κακίαν
3565 1189 3657 1242 καὶ
3678 1190 3777 1260 τὴν

2200 1268 2422 1340 ἀρετὴν,
2455 1269 2541 1323 ἴνα
2572 1269 2822 1344 θεωρηθῇ
2851 1274 2931 1327 τό·
2967 1276 3081 1339 Πᾶς
3102 1276 3268 1340 ἀσκὸς
3288 1277 3431 1331 οἴνου
3453 1279 3775 1350 πληροῦται·

2199 1360 2249 1412 εί
2276 1358 2333 1411 δέ
2354 1360 2435 1421 δεῖ
2461 1359 2587 1413 ίδείν
2613 1362 2707 1414 καὶ
2738 1361 2836 1426 τὰς
2871 1362 2960 1417 διά
2998 1364 3095 1435 τὴν
3130 1365 3327 1419 κακίαν
3350 1368 3442 1421 καὶ
3466 1367 3532 1420 δι’
3553 1370 3773 1442 ἀρετὴν,

2199 1450 2450 1513 κολάσεις
2481 1452 2578 1522 μὲν
2642 1453 2742 1519 τὰς
2781 1453 2872 1508 διὰ
2919 1455 3019 1527 τὴν
3052 1456 3271 1521 κακίαν,
3302 1458 3552 1527 εὐλογίας
3579 1460 3636 1513 δέ
3681 1462 3777 1515 καὶ

2199 1542 2532 1610 ἐπαγγελίας
2558 1542 2654 1609 τὰς
2684 1545 2771 1599 διὰ
2797 1546 2895 1618 τὴν
2929 1548 3131 1619 ἀρετήν
3149 1565 3163 1578 υ
3197 1551 3640 1622 παραστήσωμεν
3667 1553 3778 1607 ἀπὸ

2197 1630 2306 1683 τῶν
2336 1630 2496 1701 ίερῶν
2525 1635 2889 1704 γραμμάτων,
2911 1636 3033 1690 τίνα
3059 1637 3258 1709 τρόπον
3283 1640 3340 1691 αἱ
3369 1640 3639 1706 κολάσεις,
3681 1644 3776 1698 καὶ

2198 1721 2255 1774 αἱ
2284 1722 2606 1792 ἐπαγγελίαι
2636 1725 2800 1778 οίονελ⁵
2827 1726 2901 1798 (1)
2934 1727 3177 1797 λέγεται·
3212 1729 3367 1784 Λάϐε
3399 1731 3463 1784 τὸ
3491 1732 3777 1803 ποτήριον

2197 1812 2304 1866 τοῦ
2329 1812 2498 1868 οινου
2519 1815 2625 1870 τοῦ
2653 1816 2913 1885 ἀκράτου
2940 1821 3175 1883 τούτου,
3207 1821 3307 1875 καὶ
3328 1822 3552 1889 ποτιεῖς
3578 1824 3777 1879 πάντα

2193 1900 2266 1955 τὰ
2296 1903 2463 1979 earn,
2500 1904 2651 1973 ,πρὸς
2691 1904 2730 1959 ἀ
2779 1906 2894 1976 ἐγὼ
2929 1907 3316 1972 ἐξαποστελῶ
3361 1926 3435 1965 σε
3473 1910 3623 1979 πρὸς
3665 1915 3774 1968 αὐε-

2193 1970 2659 2069 τούς.’”1ερεμίας
2688 1970 2863 2054 ταῦτα
2894 1970 3061 2069 λέγει,
3085 1994 3129 2069 ᾧ
3155 2003 3429 2076 ἐπιφέρει·
3465 1970 3577 2058 καὶ
3597 1970 3777 2059 ’πίον-

2194 2103 2287 2141 ται
2320 2087 2416 2141 καί
2459 2088 2865 2158 ἐξεμέσονται,
2902 2092 3001 2145 καί
3037 2092 3501 2162 ἐκμανήσονται,
3537 2097 3634 2149 καὶ
3665 2114 3773 2151 πε-

2193 2178 2468 2232 σοῦνται.
2525 2180 2731 2235 Οὐκοῦν
2774 2181 2875 2246 τὰς
2916 2182 3167 2246 κολάσεις
3214 2183 3498 2256 ὠνόμασεν
3537 2187 3773 2243 ἐνταῦθα

2192 2262 2335 2321 οἶνον
2364 2268 2626 2341 ἄκρατον,
2664 2270 2723 2323 ὃν
2754 2270 2999 2324 πίνουσιν
3039 2272 3088 2324 oi
3122 2271 3360 2343 ἀκράτου
3390 2272 3557 2336 οἴνου,
3588 2276 3769 2330 τουτέ-

2195 2375 2311 2412 στιν
2341 2361 2578 2432 ἀκράτου
2625 2359 2898 2425 κολάσεως
2943 2360 3103 2428 άξιοι·
3154 2363 3263 2414 εἰσὶ
3299 2361 3356 2416 δέ
3404 2365 3498 2417 καὶ
3540 2364 3689 2420 άλλοι
3718 2366 3770 2421 oi

2193 2450 2439 2513 πίνοντες
2476 2450 2696 2506 κόλασιν
2727 2452 2828 2504 οὐκ
2863 2451 3121 2523 ἄκρατον,
3156 2452 3291 2506 ἀλλά
3323 2458 3765 2528 κεκερασμένην

2190 2542 2483 2611 Ποτήριον
2525 2543 2635 2614 γάρ
2676 2544 2746 2597 ἐν
2788 2545 2939 2614 χειρὶ
2969 2547 3190 2612 Κυρίου
3233 2546 3495 2615 ἀκράτου
3542 2548 3772 2617 πλῆρες

2190 2635 2594 2705 κεράσματοςι
2622 2636 2865 2690 ἔκλινεν
2891 2637 2960 2690 ἐκ
2981 2637 3197 2691 τούτου
3236 2639 3324 2704 εις
3362 2638 3557 2691 τοῦτο·
3604 2638 3787 2706 πλὴν·

2190 2730 2224 2781 ό
2256 2728 2498 2797 τρυγίας
2536 2727 2721 2782 αὑτοῦ
2753 2730 2865 2782 οὐκ
2895 2728 3245 2797 ἐξεκενώθη·
3276 2729 3513 2784 πίον-ται
3546 2729 3772 2797 πάντες

2189 2815 2243 2865 oi
2275 2813 2607 2882 ἁμαρτωλοὶ
2650 2813 2763 2883 τῆς
2795 2812 2923 2885 γῆς.
2954 2817 3018 2870 Ei
3060 2816 3234 2881 Θέλεις
3267 2818 3361 2871 καὶ
3390 2826 3648 2891 ποτήριον
3682 2820 3770 2872 εὑ-

2189 2901 2372 2972 λογίας
2403 2903 2531 2958 ίδείν
2558 2903 2588 2958 δ
2618 2906 2863 2960 πίνουσιν
2902 2907 2952 2960 οί
2989 2907 3207 2973 δίκαιοι,
3234 2910 3394 2982 ἤρκει
3424 2911 3523 2981 μὲν
3557 2907 3649 2964 οὖν
3675 2912 3769 2966 καὶ

2187 2995 2249 3048 τὸ
2268 2996 2366 3067 τῆς
2398 2997 2607 3065 σοφίας,
2632 3000 2716 3069 ἐφ’
2747 2991 2792 3067 ᾧ
2816 2999 2992 3070 ἔλεγε⁸
3029 3002 3201 3056 Πιετε
3225 2999 3383 3057 οἶνον
3411 3003 3484 3056 ὃν
3510 3003 3770 3070 ἐκέρασα

2189 3088 2351 3157 ὑμῖν·
2391 3089 2467 3143 ἴδε
2498 3090 2556 3143 δέ
2593 3108 2683 3161 μοι
2730 3091 2825 3144 καὶ
2867 3092 2958 3145 τὸν
3008 3093 3235 3165 Σωτῆρα
3286 3095 3422 3167 πρὸς
3467 3093 3529 3147 τὸ
3572 3096 3765 3166 Πάσχα

2187 3177 2546 3232 ἀναϐαίνοντα
2597 3182 2677 3243 είς
2724 3179 2992 3249 ἀνώγαιον
3058 3183 3205 3253 μέγα
3267 3184 3611 3255 ἐστρωμένον
3676 3191 3765 3243 καὶ

2184 3270 2623 3339 κεκοσμημένον,
2665 3272 2759 3324 καὶ
2792 3273 3116 3343 ἐορτάξοντα
3150 3272 3289 3344 μετά
3337 3273 3444 3326 τῶν
3480 3272 3763 3347 μαθητῶν,

2184 3360 2278 3413 καὶ
2308 3360 2517 3414 διδόντα
2553 3363 2736 3427 αὐτοῖς
2767 3364 2828 3418 τὸ
2862 3365 3139 3436 ποτήριον,
3174 3366 3303 3437 περὶ
3342 3358 3403 3419 οὗ
3428 3367 3759 3439 γέγραπται,

2180 3451 2278 3522 οὐχ
2316 3453 2398 3504 δτι
2431 3452 2694 3524 ἐκέρασεν
2719 3454 2824 3526 (2),·
2860 3457 2889 3508 6
2932 3455 3138 3526 Ἰησοῦς
3164 3456 3271 3528 γάρ
3302 3458 3610 3529 εὐφραίνων
3639 3461 3765 3522 τοὺς

2188 3542 2440 3614 μαθητάς
2481 3545 2708 3617 ἀκράτῳ
2738 3547 3045 3618 εὐφραίνει,
3076 3549 3170 3602 καὶ
3218 3548 3365 3619 λέγει
3398 3552 3611 3614 αὐτοῖς’
3644 3550 3763 3607 Λά-

2179 3634 2328 3697 ϐετε,
2347 3635 2531 3689 πίετε.
2562 3637 2745 3691 Τοῦτό
2766 3656 2886 3706 μου
2903 3639 3036 3693 ἐστὶ
3055 3639 3122 3692 τὸ
3140 3636 3307 3710 αἷμα,
3342 3642 3407 3695 τὸ
3429 3641 3582 3711 ὑπὲρ
3599 3644 3765 3714 ὑμῶν

2176 3722 2590 3796 ἐκχυνόμενον
2610 3728 2700 3793 είς
2726 3727 2948 3797 ἄφεσιν
2969 3729 3287 3798 ἁμαρτιῶν.
3325 3732 3505 3786 Τοῦτο
3524 3733 3761 3800 ποιεῖτε,

2177 3814 2393 3884 ὁσάκις
2414 3816 2523 3872 ἐὰν
2541 3817 2772 3886 πίνητε,
2794 3820 2880 3885 εις
2904 3817 3019 3886 τὴν
3044 3817 3199 3888 ἐμὴν
3222 3818 3564 3890 ἀνάμνησιν
3583 3836 3597 3849 ·
3627 3821 3720 3874 καί
3744 3839 3757 3852 ·

2190 3907 2370 3979 Ἀμὴν
2400 3910 2557 3982 λέγω
2584 3910 2728 3981 ὑμῖν
2745 3927 2758 3942 ·
2804 3912 2878 3965 οὐ
2901 3910 2987 3981 μὴ
3022 3912 3135 3965 πίω
3161 3912 3308 3966 αὐτὸ
3334 3912 3453 3967 ἀπὸ
3487 3913 3593 3967 τοῦ
3621 3913 3756 3975 νῦν,

2175 4000 2286 4067 ἕως
2305 4000 2451 4056 αὐτὸ
2467 4003 2580 4056 πίω
2598 4004 2727 4072 μεθ’
2751 4002 2918 4073 ὑμῶν
2933 4002 3144 4057 καινὸν
3159 4002 3230 4056 ἐν
3257 4001 3333 4072 τῇ
3344 4005 3633 4072 βασιλείᾳ
3652 4002 3759 4058 τοῦ

2179 4091 2349 4146 Θεοῦ.
2399 4092 2562 4164 Ὁρᾷς
2582 4094 2682 4164 τὴν
2703 4093 3056 4164 ἐπαγγελίαν,
3083 4093 3143 4147 τὺ
3170 4095 3428 4167 ποτήριον
3447 4096 3545 4167 τῆς
3568 4096 3758 4159 καινῆς

2175 4178 2441 4250 διαθήκης
2471 4176 2672 4246 οὗσαν;
2715 4168 2877 4253 ’σρᾷς
2915 4180 3016 4245 τὰς
3045 4182 3298 4247 κολάσεις
3334 4184 3592 4255 ποτήριον
3608 4177 3755 4239 οἴνου

2176 4269 2248 4321 άκ
2255 4268 2438 4341 paron;
2460 4271 2553 4324 καὶ
2567 4271 2693 4324 ἄλλο
2707 4267 2844 4335 εἶδος
2860 4271 3135 4337 κολάσεως
3154 4275 3410 4348 ποτήριον
3429 4274 3755 4347 κεκερασμέο

2176 4375 2286 4422 νον,
2308 4357 2448 4412 ὥστε
2465 4359 2678 4430 ἑκάστῳ
2706 4360 3151 4433 κιρνᾶσθαικατά
3166 4362 3263 4433 τὴν
3291 4362 3448 4427 ἀξίαν
3470 4364 3571 4433 τῆς
3589 4381 3752 4436 χρηση

2175 4451 2276 4521 τῆς
2307 4451 2557 4521 πράξεως
2589 4450 3041 4521 ἀναμεμιγμένης
3076 4452 3325 4523 μοχθηρᾷ
3354 4454 3550 4524 πράξει
3579 4456 3616 4508 a,
3647 4455 3757 4508 πίε.

487 4540 522 4580 a
562 4524 761 4594 pietate
799 4530 1108 4599 discedunt,
1143 4544 1197 4590 et
1226 4550 1291 4591 ex
1325 4538 1475 4593 omni
1506 4547 1660 4609 parte
1703 4541 2070 4612 religioniad-

2186 4559 2285 4595 ται.
2311 4540 2438 4593 Νόει
2464 4540 2522 4593 δέ
2547 4557 2637 4611 μοι
2656 4540 2782 4604 τοὺς
2810 4542 2909 4612 μὲν
2933 4541 3109 4613 πάντη
3133 4541 3445 4614 ἀλλοτρίους
3461 4544 3558 4613 τῆς
3578 4542 3757 4597 θεοσε-

487 4624 809 4683 versantur,
845 4620 897 4673 in
932 4630 1142 4677 tantum
1168 4635 1225 4679 ut
1255 4623 1505 4693 fortuitu,
1533 4640 1588 4685 et
1615 4631 1883 4701 pecudum
1916 4647 2068 4687 more

2186 4632 2349 4695 Ξείας,
2379 4631 2473 4685 καὶ
2502 4630 2766 4702 μηδαμῶς
2791 4631 3155 4703 προσέχοντας
3178 4632 3380 4696 αὐτοῖς,
3405 4632 3520 4687 ἀλλ’
3539 4631 3614 4695 ὡς
3638 4632 3759 4684 ἔτυ-

484 4705 695 4772 vivant,
729 4709 979 4766 bibentes
1013 4714 1236 4771 calicem
1264 4718 1376 4772 vini
1405 4722 1563 4787 meri,
1591 4738 1755 4792 quem
1796 4723 1865 4777 de
1914 4721 2066 4778 Jere—

489 4798 613 4854 mia;
634 4800 772 4858 libro
824 4805 1194 4873 protulimus:
1242 4824 1339 4866 eos
1371 4826 1502 4866 vero
1546 4814 1643 4882 qui
1680 4828 1787 4868 non
1850 4814 2067 4883 penitus

489 4903 854 4959 recesserunt,
886 4896 979 4951 sed
1006 4913 1130 4951 cum
1157 4898 1266 4954 sint
1292 4909 1626 4970 peccatores,
1659 4913 1711 4958 et
1743 4902 1946 4973 indigni
1972 4904 2065 4972 ju-

484 4979 739 5038 dicentur
767 4986 935 5042 calice
970 4990 1093 5042 novi
1124 4988 1455 5047 Testamenti
1480 5033 1496 5061 ,
1555 5003 1610 5048 et
1667 4993 1870 5049 faciant
1922 5011 2064 5067 saape

484 5072 627 5129 bona
660 5089 846 5146 opera,
873 5094 1015 5149 saepe
1052 5084 1350 5149 contraria,
1374 5084 1623 5141 bibentes
1651 5085 1876 5142 calicem
1913 5103 2064 5143 mero

485 5167 733 5224 mistum.
764 5169 1050 5227 Inclinavit
1075 5179 1220 5229 enim
1240 5175 1468 5233 Deusea:
1496 5179 1593 5233 hoc
1632 5179 1685 5232 in
1713 5178 1871 5235 illud.
1919 5179 2059 5247 Quid

481 5268 567 5316 est
588 5261 736 5331 quod
768 5264 883 5318 ait:
913 5279 977 5318 ex
1011 5265 1107 5319 hoc
1150 5268 1206 5321 in
1252 5268 1386 5323 illud
1410 5272 1436 5326 7
1471 5270 1588 5324 Duo
1635 5272 1826 5342 pocula
1882 5274 2059 5327 video.

555 5379 602 5411 ⁷⁸
619 5378 820 5453 Psalm.
846 5399 981 5447 xxii,
1005 5385 1056 5440 5.
1135 5384 1399 5442 "Jerem.
1436 5404 1560 5453 xxv,
1598 5389 1679 5443 l5.
1759 5388 1805 5420 ⁸⁰
1846 5389 1975 5444 ibid.
2009 5389 2097 5442 16.

2169 4739 2232 4794 χε
2264 4720 2490 4785 ζῶντας,
2522 4719 2774 4783 πίνοντας
2794 4720 2886 4773 τὸν
2912 4718 3149 4791 ἄκρατον
3179 4717 3340 4786 οἶνον,
3366 4721 3494 4793 περὶ
3524 4716 3585 4774 οἶδ
3614 4737 3756 4790 παρ-

2167 4812 2402 4884 εθέμεθα
2440 4812 2509 4866 τά
2555 4811 2663 4865 ἀπὸ
2709 4811 2803 4865 τοῦ
2851 4812 3143 4885 Ἱερεμίου·
3178 4815 3302 4878 τοὺς
3348 4814 3403 4868 δὲ
3454 4813 3529 4886 μὴ
3571 4813 3747 4883 πάντη

2169 4906 2515 4970 ἀποστάντας
2546 4905 2641 4959 καὶ
2670 4906 3049 4978 ἁμαρτωλοὺς,
3083 4906 3197 4961 ἀλλ’
3232 4907 3417 4972 ἀξίους
3440 4907 3515 4978 (3)
3541 4907 3636 4961 τοῦ
3670 4924 3758 4959 ποι

2166 4997 2358 5070 τηρίου
2414 4998 2512 5069 τῆς
2564 4996 2757 5066 καινῆς
2805 4996 3107 5069 διαθήκης,
3173 4996 3461 5062 ποιοῦντας
3518 4997 3607 5051 ὁτὲ
3660 4997 3758 5068 μέν

2167 5088 2556 5161 χρηστοτέρας,
2584 5088 2673 5141 ότὲ
2703 5088 2760 5141 δὲ
2785 5089 3037 5154 ἐναντίας
3067 5089 3310 5162 πράξεις,
3334 5086 3476 5145 οἶνον
3500 5091 3754 5153 πίνοντας

2166 5181 2407 5253 ἀκράτου
2442 5179 2809 5251 κεράσματος.
2857 5182 3102 5235 Ἐκλινε
3146 5183 3255 5254 γάρ
3289 5185 3317 5236 6
3356 5183 3490 5247 Θεὸς
3520 5184 3589 5237 ἐκ
3622 5184 3755 5237 τού-

2168 5290 2273 5326 του
2304 5275 2392 5338 εὶς
2423 5271 2619 5325 τοῦτο.
2660 5270 2839 5341 Πλὴν
2872 5275 2905 5326 ὀ
2933 5272 3177 5342 τρυγίας
3203 5274 3388 5329 αὐτοῦ
3418 5278 3529 5330 οὐκ
3555 5276 3754 5340 ἐξεκε-

2173 5390 2216 5422 ⁸¹
2260 5388 2462 5444 l’salm.
2501 5406 2685 5456 Lxxw,
2719 5390 2771 5445 9.
2851 5390 2897 5422 "
2936 5388 3093 5445 Prov.
3128 5406 3204 5457 ix,
3239 5392 3291 5449 5.
3365 5393 3411 5425 ⁸³
3450 5392 3584 5449 Luc.
3619 5409 3760 5460 χχιι,

487 5448 575 5506 ιε.
652 5452 700 5484 ⁸⁵
734 5451 923 5508 Matth.
958 5470 1107 5518 xxvi,
1138 5456 1230 5522 9.7,
1260 5458 1366 5524 28;
1405 5461 1422 5512 ι
1455 5448 1582 5515 Cor.
1640 5474 1714 5524 xu,
1747 5459 1837 5512 23.
1912 5461 1957 5491 ⁸⁸
2000 5459 2190 5514 Matth.
2217 5476 2370 5527 nu,
2406 5460 2496 5515 29.

590 5544 637 5620 ί)
684 5549 896 5613 Οίονεί,
932 5549 1049 5620 lege
1072 5547 1231 5616 οἶνος.

590 5546 637 5617 l)
684 5549 896 5613 Οίονεί,
932 5549 1049 5620 lege
1072 5547 1231 5616 οἶνος.

561 5546 641 5695 ίῖ)
685 5621 808 5700 Ob};
830 5620 920 5674 ὅτι
943 5621 1252 5700 ἐκέρασεν.
1295 5622 1434 5700 ίιεεε
1461 5623 1513 5677 in
1539 5623 1788 5680 versione
1809 5622 2075 5695 Hierony-

494 5684 676 5760 mia_na
696 5711 715 5760 Δ;
745 5684 867 5742 Non
898 5684 1363 5760 quod'miscuerit.

2177 5554 2380 5610 calices
2409 5554 2685 5624 praponit,
2736 5567 3039 5624 meracum,
3077 5553 3322 5614 mistum.
3350 5563 3404 5609 et
3434 5557 3560 5611 novi
3592 5566 3758 5612 testa-

2180 5625 2350 5679 menti
2374 5634 2471 5705 ;tet
2501 5623 2736 5705 priorem
2766 5623 2985 5705 quidem
3030 5623 3238 5705 impiis,
3264 5635 3594 5705 postremum
3623 5641 3755 5705 san-

2180 5695 2306 5759 ctis,
2344 5694 2565 5749 mistnm
2600 5694 2667 5750 iis
2691 5694 2785 5763 qui
2826 5694 2881 5748 in
2928 5696 3014 5750 via
3035 5694 3274 5764 j'irtutis
3307 5695 3556 5764 titubant,
3584 5704 3637 5750 ct
3667 5697 3753 5750 in-

566 5754 645 5834 (3)_
695 5757 847 5834 ᾉᾹΧ
875 5754 1105 5827 ἀξίους.
1144 5762 1381 5816 Omnino
1415 5762 1697 5829 legendum
1723 5762 1994 5830 ἀναξίους,
2016 5771 2078 5817 ut.

2186 5754 2336 5820 certo
2361 5779 2523 5834 passu
2558 5754 2998 5833 progiediuntur.
3035 5761 3295 5825 lluenus.

498 5821 675 5879 innuit
711 5821 1093 5899 Hieronymus,
1127 5841 1180 5886 ct
1230 5849 1427 5888 sensus
1461 5821 1727 5903 postulat;
1780 5821 1886 5889 tres
1930 5821 2075 5888 enim
