4122 6420
414 397 512 452 381

1591 395 1654 450 IN
1687 397 2032 452 JEliEMlAfl-l
2071 397 2357 455 liOllllLlA
2391 400 2502 455 .\ll.

3561 415 3668 468 ὅδε

414 512 590 580 νώθη.
632 511 759 566 Νόει
797 529 886 584 μοι
920 512 979 564 τὸ
1012 515 1267 584 ποτήριον
1298 514 1405 567 τῶν
1441 517 1656 584 ἀγαθῶν
1691 535 1784 570 σου
1818 519 1991 590 ἔργω-ι

2101 520 2386 576 Inclinarit
2426 541 2490 577 ex
2525 525 2616 578 hoc
2651 527 2704 579 in
2745 527 2911 586 illud.
2947 537 3297 584 rerumtamen
3348 531 3455 600 fter
3501 532 3668 602 ipsius

415 608 473 658 ὲν
507 607 574 676 τῇ
611 607 712 676 μιᾷ
746 606 889 675 χειρὶ
914 603 1008 657 τοῦ
1039 604 1172 657 Θεοῦ
1192 622 1204 634 ·
1242 607 1289 658 εἰ
1318 606 1374 658 δὲ
1404 606 1561 676 βούλε
1598 608 1992 680 τολμηρότερόν

418 714 488 766 με
535 698 739 758 εἰπεῖν,
793 695 932 748 ἔστω
977 697 1035 747 ὲν
1069 697 1132 766 τῇ
1165 695 1314 767 δεξιᾷ
1343 697 1488 768 χειρὶ
1513 699 1607 752 τοῦ
1640 699 1774 752 Θεοῦ
1801 700 1863 753 τὸ
1898 719 1993 753 πο-

413 790 600 859 τήριον
627 789 733 839 τῖ’.ν
762 786 1014 857 χρηστῶν
1050 786 1246 858 ἔργων,
1282 788 1339 841 ἐν
1371 791 1436 859 τῇ
1469 790 1732 861 ἀριστερᾷ
1758 790 1813 844 δὲ
1849 793 1992 863 χειρὶ

412 878 508 933 τοῦ
535 877 670 931 Θεοῦ
708 877 768 930 τὸ
804 879 1060 950 ποτήριόν
1094 895 1185 931 σου
1213 878 1320 932 τῶν
1359 881 1791 952 ἁμαρτημάτων.
1825 884 1991 935 Ὅταν

414 967 505 1023 οὖν
539 969 738 1040 μέλλῃς
773 969 1095 1034 κολάζεσθαι
1119 970 1207 1022 διὰ
1233 970 1301 1023 τά
1325 973 1718 1043 ἁμαρτήματα,
1749 973 1871 1026 ἐπεὶ
1901 975 1992 1026 καὶ

415 1060 755 1133 χρηστότερά
802 1077 884 1113 σοι
929 1059 1066 1130 ἔργα
1105 1063 1416 1133 γεγένηται,
1457 1065 1709 1135 ποτήριον
1744 1065 1802 1116 ὲν
1849 1065 1993 1136 χειρὶ

416 1152 616 1224 Κυρίου
643 1152 790 1204 ἐστὶν
815 1150 961 1204 οἴνου
991 1152 1230 1223 ἀκράτου
1259 1153 1466 1225 πλῆρες
1491 1155 1837 1224 κεράσματος
1857 1172 1868 1184 ·
1897 1157 1992 1208 καὶ

415 1241 620 1294 ἔκλινεν
653 1243 717 1294 ὲκ
749 1240 935 1294 τούτου
977 1242 1056 1304 είς
1094 1241 1271 1306 τοῦτο,
1316 1244 1380 1296 ὲκ
1407 1243 1500 1295 τοῦ
1533 1244 1591 1294 ὲν
1633 1246 1696 1314 τῇ
1733 1245 1993 1316 ἀριστερᾷ

415 1336 496 1398 εἰς
522 1334 584 1386 τὸ
619 1335 677 1386 ὲν
710 1337 776 1404 τῇ
802 1334 974 1405 δεξιᾷ.
1013 1334 1149 1388 Οὔτε
1178 1335 1286 1406 γὰρ
1316 1335 1476 1406 μόνον
1501 1334 1723 1388 δύνασαι
1755 1340 1898 1389 πιεῖν
1932 1338 1992 1390 τὸ

415 1422 522 1475 τῶν
561 1421 780 1490 ἀγαθῶν
815 1425 1088 1494 ποτήριον,
1118 1424 1192 1487 ὡς
1223 1426 1283 1477 οὐ
1324 1425 1481 1496 μόνον
1521 1425 1701 1494 ἀγαθά
1731 1427 1868 1498 ἔργα
1897 1445 1993 1480 πε-

417 1511 655 1584 ποιηκώς
677 1530 689 1542 ο
737 1513 858 1566 οὔτε
884 1513 1106 1568 δύνασαι
1136 1520 1280 1570 πιεῖν
1306 1517 1464 1588 μόνον
1502 1519 1562 1570 τὸ
1589 1518 1697 1571 τῶν
1740 1520 1992 1592 ἁμαρτη-

421 1607 604 1676 μάτων
645 1609 934 1678 ποτήριον,
975 1609 1187 1680 χρηστὰ
1219 1611 1328 1682 γάρ
1373 1629 1453 1664 σοι
1497 1612 1807 1684 πέπρακταί
1849 1632 1987 1668 τινα.

416 1697 515 1750 Διά
545 1696 701 1752 τοῦτο
724 1698 931 1752 ἔκλινεν
953 1702 1018 1753 ἐκ
1046 1701 1237 1755 τούτου
1264 1704 1344 1765 είς
1367 1701 1543 1756 τοῦτο.
1572 1703 1729 1757 Κατά
1755 1703 1850 1776 τὴν
1871 1707 1994 1759 ἀναο

413 1785 598 1856 λογίαν
630 1787 737 1842 τῶν
776 1789 953 1861 ἔργων
1006 1809 1098 1844 σου
1150 1793 1401 1862 κιρνᾶταί
1437 1810 1518 1845 σοι
1554 1795 1582 1846 ὁ
1615 1793 1786 1864 θυμὸς
1823 1797 1914 1848 καὶ
1955 1797 1988 1868 ἡ

2096 625 2298 668 nonest
2349 618 2638 671 exinanita.
2697 619 3081 674 Animadverte
3123 622 3348 677 calicem
3395 625 3665 680 bonorum

2095 721 2322 775 operum
2362 709 2413 762 in
2450 727 2554 763 una
2591 728 2756 766 manu
2795 713 3029 770 Domini.
3079 717 3176 772 Sin
3225 726 3404 771 autem
3466 719 3668 788 pateris

2095 798 2295 866 aliquid
2326 816 2411 854 me
2435 803 2698 858 audacius
2732 804 2930 871 dicere,
2959 807 3030 861 sit
3065 808 3116 862 in
3152 809 3338 862 dextra
3360 825 3522 864 manu
3547 809 3668 878 ejus

2094 891 2232 944 calix
2264 892 2551 957 virtutum,
2584 896 2656 947 sit
2696 895 2747 947 in
2780 896 3001 952 sinistra
3031 898 3304 954 vitiorum.
3337 899 3472 953 Cum
3505 900 3670 969 igitur

2094 983 2324 1050 cmpcris
2357 995 2576 1052 propter
2609 999 2830 1054 peccata
2891 991 3175 1054 torqueri,
3225 992 3352 1060 quia
3416 1000 3469 1046 et
3525 991 3668 1046 bona

2094 1087 2256 1140 opera
2282 1073 2478 1136 fecisti,
2511 1075 2650 1129 calix
2689 1076 2740 1128 in
2771 1092 2934 1130 manu
2965 1078 3180 1133 Domini
3234 1089 3315 1136 cst
3365 1082 3475 1135 vini
3529 1082 3666 1135 meri

2093 1163 2286 1233 plenus
2323 1165 2506 1231 misto,
2547 1177 2601 1220 ct
2629 1167 2915 1222 inclinavit
2943 1186 3008 1223 ex
3040 1171 3143 1225 hoc
3174 1171 3226 1225 in
3257 1173 3388 1228 illud
3415 1193 3428 1228 :
3460 1174 3513 1229 id
3539 1183 3622 1228 est
3644 1216 3660 1236 .

2093 1255 2160 1310 de
2190 1271 2256 1310 eo
2279 1257 2371 1326 qui
2398 1267 2516 1312 erat
2545 1259 2598 1312 in
2635 1257 2860 1314 dextera
2888 1301 2902 1324 ,
2938 1262 2990 1314 in
3032 1262 3183 1316 illum
3211 1264 3304 1333 qui
3334 1265 3388 1318 in
3443 1265 3664 1322 sinistra

2095 1345 2492 1400 continebatur.
2524 1345 2710 1416 Neque
2755 1347 2900 1401 cnim
2938 1357 3090 1418 potes
3135 1349 3404 1405 bonorum
3455 1361 3664 1405 tantum

2095 1435 2319 1490 calicem
2355 1437 2572 1500 bibere,
2614 1439 2769 1507 quasi
2811 1439 2954 1494 bona
3000 1443 3376 1497 tantummodo
3429 1443 3662 1509 feceris;

2095 1541 2274 1596 neque
2307 1544 2525 1582 rursum
2554 1540 2899 1598 peccatorum
2932 1540 3166 1598 tantum,
3190 1535 3316 1603 quia
3333 1543 3388 1589 et
3404 1535 3544 1589 bona
3567 1535 3665 1591 ali-

2094 1619 2314 1688 quando
2339 1620 2576 1690 gessisti.
2601 1620 2807 1677 Idcirco
2829 1623 3108 1679 inclinavit
3130 1640 3196 1679 ex
3219 1627 3320 1680 hoc
3355 1627 3408 1681 in
3436 1627 3588 1693 illud,
3609 1637 3668 1681 ut

2093 1707 2249 1778 juxta
2295 1710 2794 1778 compensationem
2836 1725 3062 1780 cperum
3101 1720 3320 1766 tuorum
3373 1714 3668 1768 misceatur

2097 1799 2194 1853 tibi
2226 1799 2555 1869 supplicium
2591 1802 2869 1870 aquatius,
2901 1817 2995 1856 seu
3033 1803 3303 1856 meracius
3328 1843 3344 1868 ,
3387 1811 3443 1857 et
3467 1818 3667 1858 secun-

415 1879 654 1944 κόλασις,
684 1881 768 1935 ἴνα
789 1883 908 1953 ἦτοι
936 1882 1290 1956 ὑδαρέστερον
1310 1885 1371 1938 τὸ
1393 1886 1491 1956 τῆς
1522 1884 1792 1950 κολάσεως
1885 1904 1988 1952 σοι,

2092 1890 2220 1945 dum
2255 1891 2448 1945 merita
2481 1900 2604 1958 tua;
2638 1893 3187 1948 autobtundaturira:
3203 1894 3398 1948 divina:
3423 1895 3664 1958 aculeus,

415 1971 791 2045 ἣδριμύτερον
817 1975 911 2028 καὶ⁵
941 1974 1331 2048 ὲπιπινὼτερον
1365 1977 1442 2048 (1)
1462 1994 1475 2007 ·
1510 1975 1651 2030 κατὰ
1680 1976 1777 2048 τὴν
1806 1979 1980 2032 ἀναλο-

409 2071 533 2136 γίαν
561 2069 690 2140 γάρ,
722 2067 795 2132 ὡς
835 2069 1095 2138 προεῖπον
1116 2107 1129 2130 ,
1161 2067 1268 2120 τῶν
1314 2068 1724 2140 ἁμαρτημάτων
1766 2087 1990 2142 συγκρι-

414 2162 644 2232 νομένων
673 2165 786 2224 τοῖς
820 2159 1044 2229 ἀγαθοῖς
1075 2159 1402 2230 ἀμϐλύνεται
1429 2179 1565 2224 πως,
1592 2162 1623 2232 ἦ
1653 2163 1751 2215 οὐκ
1780 2163 1993 2234 ἀμϐλύ-

414 2270 554 2306 νεται
582 2255 610 2306 ὁ
637 2253 746 2306 ἀπὸ
777 2252 871 2306 τοῦ
920 2251 1182 2324 ποτηρίου
1222 2252 1320 2323 τῆς
1350 2252 1518 2322 ὀργῆς
1555 2253 1738 2317 ποσῶς
1784 2254 1994 2325 διδομέο

410 2363 505 2417 νης
535 2346 610 2415 (2)
637 2345 852 2415 ἑκάστῳ
873 2343 982 2397 τῶν
1011 2342 1443 2414 ἁμαρτημάτων.
1477 2343 1604 2398 Ἐὰν
1629 2344 1684 2396 δὲ
1711 2343 1874 2410 καλὸς
1900 2348 1994 2401 καὶ

406 2440 608 2507 ἀγαθὸς
636 2434 703 2513 ᾗς
732 2438 871 2501 ὅλος,
913 2437 1118 2504 λέγεις·
1149 2435 1442 2503 Ποτήριον
1475 2437 1774 2504 σωτηρίου
1798 2438 1994 2508 λήψο-

2095 1991 2188 2037 aut
2218 1991 2538 2037 exacuatur.
2573 1981 2628 2037 Si
2661 1999 2786 2038 vero
2815 1985 2988 2039 bonus
3012 1984 3198 2046 fueris,
3221 1984 3382 2039 etDei
3413 1986 3666 2040 mandata

2098 2073 2425 2140 servaveris,
2457 2077 2675 2130 attende
2707 2077 2836 2145 quid
2860 2077 3010 2130 dicas
3033 2077 3079 2108 ⁸⁸
3107 2095 3121 2130 :
3153 2075 3384 2129 Calicem
3412 2075 3666 2130 salutaris

2095 2165 2357 2234 accipiam
2389 2177 2438 2220 et
2487 2183 2673 2220 nomen
2709 2166 2919 2220 Domini
2963 2167 3232 2221 inrorabo.
3273 2165 3464 2221 Omnis
3501 2166 3668 2234 igitur

2095 2265 2234 2322 utrr,
2275 2257 2388 2311 sive
2421 2257 2618 2324 bonus,
2652 2258 2766 2313 sive
2797 2259 2996 2323 malus,
3026 2259 3336 2327 implebitur
3362 2259 3488 2312 vino
3527 2274 3664 2327 qua-

2091 2347 2260 2402 litatis
2309 2365 2460 2411 suze.
2503 2366 2600 2404 nec
2650 2351 2830 2404 oleum
2867 2351 3098 2405 mittitur
3147 2351 3200 2404 in
3247 2367 3411 2418 etim,
3450 2351 3665 2406 aliudve

2091 2440 2224 2510 quid
2248 2440 2485 2511 liquens,
2513 2441 2617 2496 nisi
2653 2440 3040 2507 Sodomorum,
3071 2438 3166 2498 aui
3197 2443 3380 2499 Sorec.

401 2551 507 2602 μαι
539 2531 730 2586 καὶτὸ
767 2532 956 2601 ὄνομα
991 2531 1212 2598 Κυρίου
1249 2529 1706 2598 ἐπικαλέσωμαι.
1737 2532 1851 2596 Πᾶς
1892 2529 1986 2586 οὖν
2017 2535 2216 2597 ἀσκὸς,
2249 2533 2359 2584 εἴτε
2388 2533 2550 2596 καλὸς
2581 2534 2692 2586 εἴτε
2728 2533 3028 2604 μοχθηρὸς,
3064 2531 3480 2602 πληρωθήσεται
3513 2535 3680 2596 οἴνου,

407 2627 502 2678 καὶ
530 2627 670 2680 κατὰ
699 2628 798 2698 τὴν
826 2625 1238 2696 ἐπιτηδειότητα
1269 2623 1365 2678 τοῦ
1401 2626 1573 2682 ἀσκοῦ
1616 2624 1758 2692 οἶνος
1786 2627 2112 2700 βληθήσεται
2159 2631 2238 2693 είς
2273 2629 2365 2683 τὸν
2410 2629 2577 2682 ἀσκὸν
2605 2628 2748 2682 κατὰ
2781 2629 2870 2681 τὸν
2899 2629 3054 2697 λόγον
3085 2629 3194 2683 τῶν
3225 2628 3457 2682 ἐνταῦθα
3485 2632 3680 2700 ἐνομω

409 2719 650 2791 ζομένων
691 2719 898 2772 ἀσκῶν.
933 2720 1150 2773 Ἔλαιον
1181 2717 1274 2776 οὖν
1320 2724 1382 2776 ού
1419 2722 1667 2792 βάλλεται
1712 2723 1794 2787 είς
1824 2723 1950 2786 τοὺς
1994 2723 2197 2788 ἀσκοὺς
2239 2724 2358 2776 οὐδὲ
2406 2725 2539 2794 ἄλλη
2579 2745 2662 2788 τις
2688 2721 2834 2790 ὑγρὰ
2876 2723 2997 2792 ὓλην
3040 2721 3176 2775 ἀλλὰ
3203 2721 3379 2775 πάντα
3410 2723 3576 2776 ἀσκὸν
3603 2724 3680 2779 δεί

407 2809 553 2864 οἴνου
586 2809 956 2879 πληρωθῆναι.

484 2896 618 2954 Εἶτα
652 2901 888 2955 διδάσκει
917 2903 1002 2956 διὰ
1031 2904 1160 2967 τοὺς
1189 2905 1626 2978 ἁμαρτήσαντας,
1683 2914 1807 2969 ὅσον
1835 2916 1978 2970 κατὰ

413 2993 475 3044 τὸ
531 2992 725 3062 ῥητὸν,
768 2995 823 3046 ὲν
867 2997 930 3065 τῇ
972 2995 1326 3068 Ἰερουσαλὴμ
1355 2999 1475 3050 τότε
1513 2999 1606 3051 καὶ¹
1647 2999 1704 3051 ὲν
1753 3000 1818 3068 τῇ
1858 2997 1990 3050 ’1ου-

413 3086 570 3156 Bais},
633 3087 870 3141 ποταποῦ
921 3088 1063 3142 οἴνου
1117 3089 1299 3159 μέλλει
1352 3090 1588 3161 πληροῦν
1621 3092 1649 3142 ὁ
1680 3090 1812 3153 Θεὸς
1860 3091 1988 3153 τοὺς
2014 3121 2055 3178 C

411 3177 612 3241 ἀσκοὺς
651 3177 874 3243 τούτους
915 3181 1040 3244 τοὺς
1074 3181 1458 3253 ἁμαρτωλούς·
1495 3181 1803 3252 γέγραπται
1842 3180 1981 3252 γάρ·

423 3270 562 3325 Ἐὰν
587 3271 800 3326 ειπωσι
829 3275 978 3341 πρὸς
996 3273 1096 3328 σέ’
1119 3277 1177 3328 Μ
1185 3275 1216 3342 ὴ
1236 3275 1485 3343 γνόντες
1512 3276 1583 3328 οὐ
1611 3275 1983 3344 γνωσόμεθα,

407 3361 497 3415 ὅτι
537 3360 657 3428 πᾶς
702 3364 894 3430 ἀσκὸς
940 3364 1394 3432 πληρωθήσεται
1432 3366 1601 3419 οἴνου
1614 3381 1634 3428 ;
1682 3366 1791 3418 Καὶ
1833 3364 1988 3432 ἐρεῖς

407 3454 557 3520 πρὸς
615 3456 870 3521 αὐτούς’
941 3455 1084 3510 Τάδε
1135 3457 1296 3526 λέγει
1353 3458 1600 3526 Κύριος⁸
1677 3457 1820 3512 Ἰδοὺ
1873 3455 1988 3525 ἐγὼ

410 3544 615 3613 πληρῶ
655 3545 888 3615 πάντας
915 3548 1058 3615 τοὺς
1085 3547 1513 3617 κατοικοῦντας
1554 3550 1669 3618 τὴν
1699 3549 1816 3620 γῆν
1845 3551 1986 3604 ταύ-

411 3655 540 3707 την,
583 3640 681 3694 καὶ
733 3641 878 3707 τοὺς
909 3643 1194 3708 βασιλεῖς
1233 3642 1375 3709 τοὺς
1411 3642 1782 3713 καθημένους
1820 3642 1989 3710 υἱοὺς

413 3732 514 3785 τοῦ
543 3731 726 3788 Δαυῒδ
755 3733 854 3786 ἐπὶ
886 3735 1102 3802 θρόνου
1134 3736 1340 3798 αὐτοῦ,
1367 3736 1463 3789 καὶ
1494 3736 1635 3802 τοὺς
1671 3737 1863 3805 ἱερεῖς.
1895 3737 1990 3790 0'3-

407 3824 556 3890 δενὺς
577 3825 815 3894 φείδεται
840 3828 868 3879 ὁ
895 3827 1101 3898 μέλλων
1127 3827 1394 3892 κολάζειν.
1423 3829 1538 3882 Οὐκ
1563 3829 1684 3882 ἐπεὶ
1706 3831 1989 3900 προφήτης

411 3933 494 3980 τις
522 3917 911 3990 ἐχρημάτισεν,
941 3917 1055 3988 ἔχει
1094 3919 1149 3972 δὲ
1180 3921 1578 3990 ἁμαρτήματα,
1610 3920 1670 3972 ού
1701 3920 1991 3992 πληρωθή-

413 4024 563 4062 σεται
601 4009 712 4062 τῶν
752 4009 1058 4081 λεγομένων
1088 4011 1353 4065 ἁπειλῶψ
1397 4013 1498 4064 οὐκ
1538 4012 1660 4064 ἐπεὶ
1698 4011 1876 4084 ίερεύς
1907 4028 1990 4075 τις

414 4101 769 4172 ἐχρημάτισε,
813 4103 905 4154 καὶ
937 4101 1115 4166 ἔδοξεν
1146 4103 1420 4174 ὑπεροχὴν
1449 4103 1708 4173 ὀνόματος
1737 4103 1881 4174 ἔχειν
1905 4121 1989 4156 τις

416 4195 688 4263 μιωτέραν
735 4195 887 4266 παρά
915 4196 1006 4248 τὸν
1041 4195 1160 4248 ὅλον
1194 4197 1234 4259 ',
1278 4195 1514 4264 φείδεται
1555 4194 1718 4249 αὑτοῦ
1764 4197 1792 4248 ό
1835 4194 1988 4260 Θεὸς,

412 4283 554 4339 ὥστε
579 4285 739 4338 αὑτὸν
765 4286 838 4357 μὴ
864 4285 1193 4357 κολασθῆναι
1217 4287 1628 4358 ἁμαρτήσαντα.
1661 4285 1743 4339 Τὰ
1766 4285 1833 4338 δὲ
1861 4286 1992 4354 περὶ

410 4372 657 4427 ἐκείνων
733 4376 1241 4447 ἀναγεγραμμένα,
1318 4378 1482 4447 φησὶν
1544 4380 1574 4432 ὁ
1648 4376 1988 4443 Ἀπόστολος,

409 4459 639 4530 ἐγράφη
684 4461 759 4516 δι’
798 4463 979 4532 ἡμᾶς,
1023 4469 1111 4532 εὶς
1144 4465 1253 4532 οὓς
1296 4466 1370 4520 τὰ
1406 4466 1550 4534 τέλη
1588 4465 1708 4520 τῶν
1761 4467 1990 4520 αίώνων

414 4556 810 4624 κατήντησεν.
847 4557 916 4610 Εἴ
943 4575 1027 4620 τις
1075 4553 1167 4612 οὖν
1193 4559 1285 4612 καὶ
1324 4559 1382 4611 ὲν
1409 4559 1616 4622 τούτοις
1643 4561 1755 4621 τοῖς
1784 4557 1989 4630 ἱερεῦσι

413 4650 680 4722 (δείκνυμι
719 4651 774 4704 δὲ
803 4652 930 4715 τοὺς
972 4651 1374 4723 πρεσϐυτέρους
1411 4653 1588 4723 ἡμᾶς)
1621 4651 1653 4722 ἢ
1689 4653 1747 4704 ὲν
1779 4649 1988 4714 τούτοις

409 4746 518 4806 τοῖς
552 4743 937 4814 περιεστηκόσι
981 4743 1084 4798 τὸν·
1107 4743 1237 4796 λαὸν
1269 4743 1523 4806 Λευίταις
1567 4744 1741 4814 (λέγω
1771 4743 1827 4797 δὲ
1861 4744 1987 4808 τοὺς

408 4833 719 4907 διακόνους)
745 4835 1072 4907 ἁμαρτάνει,
1103 4835 1214 4900 ἕξει
1244 4834 1449 4906 ταύτην
1477 4835 1574 4907 τὴν
1614 4835 1836 4888 κόλασιν
1859 4851 1870 4861 ·
1911 4835 1988 4898 ὼς

409 4928 572 4982 πάλιν
626 4930 866 4998 εὐλογίαι
905 4929 1050 4992 τινές
1091 4931 1227 4983 εἰσιν
1277 4930 1567 4999 ἱερατικαί,
1615 4929 1743 5001 περὶ
1778 4923 1853 4984 ὧν
1888 4929 1988 5000 ('5),

409 5019 544 5073 Θεοῦ
569 5007 894 5085 διδόντος,οὑ
921 5019 1158 5092 μακρὰν,
1183 5019 1320 5075 άλλὰ
1348 5020 1486 5090 μετὰ
1508 5021 1604 5092 τὴν
1627 5021 1870 5085 ἐξέτασιν
1896 5019 1990 5074 τοῦ

409 5110 570 5180 λόγου
614 5111 706 5166 τοῦ
752 5111 1115 5185 προφητικοῦ,
1167 5111 1426 5182 εἰσόμεθα
1470 5113 1991 5183 ἀναγινωσκομένων

409 5202 518 5256 τῶν
561 5203 854 5273 Ἀριθμῶν.
874 5205 1011 5277 Περὶ
1043 5203 1153 5276 γὰρ
1182 5204 1369 5276 ἱερέων
1395 5205 1511 5258 ἐκεῖ
1535 5221 1658 5258 τινα
1696 5204 1876 5274 μέλλει
1905 5203 1993 5256 λέ-

411 5293 626 5363 γεσθαι.
663 5295 773 5350 Καὶ
800 5296 942 5364 τοὺς
971 5296 1144 5364 ἱερεῖς
1171 5291 1285 5360 οὖν,
1328 5296 1426 5350 καί
1469 5296 1611 5363 τοὺς
1657 5295 1988 5364 προφήτας,

2167 2905 2224 2960 5.
2264 2903 2466 2960 Deinde
2494 2903 2653 2958 docet
2686 2902 2922 2966 interim,
2960 2909 3018 2955 ut
3051 2899 3281 2954 litteram
3329 2913 3624 2967 sequamur
3649 2937 3664 2960 ,

2095 3005 2317 3066 propter
2346 3011 2442 3050 eos
2487 2994 2581 3064 qui
2614 3001 2973 3064 peccaverunt
3032 2992 3084 3045 in
3118 2989 3417 3046 Jerusalem
3447 3028 3461 3049 .
3514 2997 3568 3041 et
3611 2987 3666 3040 in

2091 3086 2278 3144 Iudaea
2313 3087 2405 3141 illo
2431 3096 2674 3156 tempore
2701 3087 3078 3148 morabantur,
3127 3082 3274 3152 quali
3311 3082 3438 3135 vino
3479 3080 3669 3134 istius-

2089 3180 2236 3235 modi
2286 3187 2435 3234 utres
2471 3177 2729 3248 implendi
2790 3185 2936 3231 sunt.
2980 3174 3240 3246 Sequitur
3284 3174 3428 3228 enim
3463 3173 3549 3226 δέ
3607 3170 3669 3226 Si

2094 3271 2326 3326 dixerint
2357 3270 2426 3323 ad
2451 3278 2498 3323 te
2521 3285 2539 3322 :
2571 3267 2825 3339 Nunquid
2852 3277 3214 3338 cognoscentes
3260 3283 3363 3320 non
3393 3265 3668 3335 cognosci-

2088 3380 2224 3426 mus,
2249 3364 2377 3433 quia
2413 3362 2582 3416 omnis
2606 3371 2724 3415 uter
2754 3361 3060 3429 implebitur
3085 3361 3204 3413 vino
3233 3361 3257 3412 .7
3282 3359 3434 3413 Dices
3453 3356 3522 3411 ad
3540 3373 3625 3411 eos
3645 3370 3664 3408 :

2091 3458 2221 3514 Ηιτο
2259 3457 2670 3512 dieit'Dominus
2698 3473 2717 3509 :
2747 3455 2881 3509 Ecce
2913 3471 3004 3526 ego
3037 3457 3226 3523 impleo
3249 3470 3424 3508 omnes
3458 3451 3666 3507 inhabi-

2091 3559 2259 3605 tantes
2277 3559 2470 3604 terram
2503 3549 2682 3613 istam,
2712 3556 2760 3601 et
2783 3564 2945 3618 reges,
2969 3556 3017 3600 et
3037 3547 3176 3616 ﬁlios
3199 3545 3368 3600 David
3385 3546 3474 3615 qui
3491 3544 3670 3598 sedent

2089 3659 2246 3714 super
2266 3641 2439 3697 sedem
2459 3644 2594 3711 ejus,
2616 3650 2665 3695 et
2695 3640 2992 3694 sacerdotes
3020 3639 3288 3694 ebrietate.
3326 3636 3467 3692 Nulli
3493 3635 3670 3707 parcit

2090 3737 2184 3806 qui
2218 3735 2510 3804 puniturus
2546 3742 2631 3787 est
2655 3741 2994 3802 peccatores.
3036 3731 3152 3785 Non
3185 3732 3311 3799 quia
3354 3731 3666 3800 prophetes,

2095 3827 2257 3897 196
2282 3841 2389 3880 non
2426 3825 2553 3894 quia
2587 3825 2844 3879 sacerdos
2864 3823 2989 3892 quis
3013 3833 3236 3878 vocatus
3267 3832 3350 3877 est
3377 3863 3392 3887 ,
3457 3838 3488 3876 a
3537 3838 3669 3893 sup-

2090 3919 2270 3990 pliciis
2300 3917 2643 3972 liberabitur.
2679 3915 2809 3969 Ηωσ
2835 3925 3013 3969 autem
3029 3914 3092 3967 de
3118 3915 3226 3967 illis
3249 3929 3669 3967 commemoran-

2094 4021 2198 4077 tur,
2231 4018 2289 4064 ut
2331 4007 2406 4063 ait
2441 4007 2735 4077 Apostolus
2757 4007 2802 4039 ⁸⁸
2835 4025 2849 4060 :
2885 4005 3084 4074 scripta
3128 4015 3252 4059 sunt
3291 4014 3506 4074 propter
3533 4019 3626 4057 nos
3650 4044 3665 4067 ,

2092 4104 2146 4157 in
2179 4119 2306 4173 quos
2337 4103 2465 4171 ﬁnes
2497 4099 2812 4155 saeculorum
2839 4100 3170 4153 devenerunt.
3205 4097 3261 4152 Si
3301 4097 3422 4166 quis
3447 4112 3578 4166 ergo
3615 4104 3672 4149 et

2093 4194 2148 4248 in
2173 4195 2258 4250 bis
2286 4193 2684 4257 sacerdotibus,
2721 4193 2774 4246 in
2801 4192 2958 4246 nobis
2984 4191 3108 4246 dico
3157 4188 3489 4258 presbyteris
3509 4227 3524 4252 ,
3554 4187 3670 4241 sive

2094 4284 2150 4339 in
2190 4284 2276 4339 his
2315 4284 2410 4354 qui
2441 4283 2800 4337 circumstant
2823 4279 3083 4349 populum
3115 4277 3337 4340 Levitis,
3367 4273 3419 4328 id
3448 4281 3533 4328 est
3553 4273 3669 4327 dia-

2095 4375 2354 4441 canibus,
2391 4373 2738 4445 peccaverit,
2796 4369 3088 4426 sustinebit
3141 4366 3466 4437 supplicium
3521 4363 3667 4434 quod

2025 4455 2067 4510 Ῑ)
2098 4484 2244 4523 nunc
2267 4483 2364 4538 per
2395 4466 2718 4537 prophetam
2752 4463 3017 4518 Dominus
3067 4460 3430 4516 comminatur
3457 4475 3472 4512 :
3531 4472 3670 4526 quo-

2096 4560 2259 4614 modo
2309 4561 2618 4614 econtrario
2648 4557 2895 4626 quaedam
2947 4564 3076 4611 sunt
3103 4551 3466 4610 sacerdotales
3503 4550 3671 4603 bene.

2094 4652 2388 4713 dictiones,
2413 4651 2481 4705 de
2508 4649 2710 4719 quibus
2741 4648 2849 4703 Deo
2877 4648 3148 4702 tribuente
3174 4686 3189 4710 ,
3233 4652 3357 4714 post
3383 4643 3546 4698 istius
3563 4640 3666 4693 loci

2093 4743 2487 4814 expositionem
2508 4785 2522 4808 ,
2552 4758 2675 4797 cum
2705 4742 2771 4796 ad
2804 4740 3168 4795 Numerorum
3199 4738 3396 4792 librum
3441 4742 3664 4790 ventum

2095 4837 2258 4892 fuerit
2283 4877 2298 4902 ,
2359 4835 2761 4904 disputabimus
2792 4851 2806 4887 :
2855 4833 2928 4886 ibi
2960 4834 3160 4902 quippe
3197 4831 3264 4885 de
3293 4827 3670 4884 sacerdotibus

2093 4927 2339 4998 quaedam
2372 4926 2574 4994 scripta
2613 4924 2830 4979 sunt”.
2871 4921 2936 4975 Et
2954 4921 3250 4976 sacerdotes
3276 4920 3461 4989 igitur,
3479 4928 3526 4970 et
3547 4931 3670 4985 pro-

2091 5019 2295 5088 phetas,
2355 5028 2405 5071 et
2453 5016 2674 5079 ludam,
2703 5024 2752 5068 et
2786 5030 2962 5068 omnes
3026 5013 3319 5066 habitantes
3373 5007 3669 5062 Jerusalem

2095 5119 2322 5164 testatur
2351 5108 2490 5163 Deus
2523 5109 2587 5162 de
2619 5108 2736 5161 vino
2782 5106 3118 5159 inebriandos
3147 5145 3161 5167 ,
3204 5111 3252 5155 et
3300 5097 3668 5169 dispergendos

2094 5203 2263 5257 virum
2308 5219 2342 5255 a
2373 5201 2539 5270 fratre
2570 5217 2688 5261 suo,
2722 5214 2770 5252 et
2798 5207 2974 5268 patres
3012 5213 3043 5248 a
3074 5188 3225 5264 ﬁlii}.
3256 5192 3387 5258 Qute
3423 5190 3666 5259 quidem,

2100 5304 2158 5349 ut
2187 5295 2320 5348 mihi
2348 5293 2584 5355 videtur,
2608 5292 2688 5346 sic
2723 5297 2852 5344 sunt
2898 5285 3242 5355 intelligenda
3272 5301 3284 5336 :
3323 5281 3497 5351 iustos
3547 5279 3672 5348 qui-

459 5375 528 5438 .“
565 5404 710 5461 Psal.
739 5423 863 5473 cxv,
905 5408 993 5462 l5.
1068 5407 1113 5440 ⁸⁷
1152 5407 1353 5463 Jerem.
1384 5421 1508 5470 xm,
1544 5408 1633 5474 12,
1665 5407 1748 5461 l5.
1824 5408 1871 5440 ⁸⁸
1913 5405 2082 5463 lCor.
2117 5423 2170 5474 ιι,
2207 5407 2294 5460 Η.
2371 5406 2417 5437 ⁸³
2455 5404 2655 5460 Jerem.
2691 5418 2812 5466 xui,
2844 5403 2930 5464 l5.
2967 5400 3053 5454 M.

480 5518 557 5590 (l)
608 5519 1087 5591 Ἐπιπινὼτερον.
1131 5523 1292 5580 Forte
1331 5525 1614 5595 legendum
1647 5525 1982 5578 ἐπιπονώτε-

413 5606 812 5792 :ﬁlmgwéc
842 5661 1178 5732 διδομένης.
1220 5662 1382 5719 Forte
1409 5663 1696 5736 legendum
1730 5663 1890 5728 πότος
1913 5665 1986 5718 δι-

479 5799 556 5868 (5,
598 5799 736 5868 Περὶ
764 5793 870 5869 ὧν,
900 5810 1002 5857 etc.
1047 5801 1186 5874 Ergo
1235 5809 1520 5875 postquam
1565 5802 1853 5859 Jcrcmiam
1883 5819 1983 5869 po-

2091 5525 2220 5596 pulo
2265 5523 2537 5594 exposuit,
2566 5521 2858 5596 conciones
2894 5521 2946 5596 in
2975 5517 3243 5596 Numeros
3292 5511 3499 5576 habuit;
3549 5527 3672 5581 quas

2093 5583 2202 5649 non
2237 5583 2427 5648 omnes
2459 5583 2611 5654 sane.
2646 5592 2729 5645 vel
2775 5607 2882 5662 non
2928 5589 3149 5662 integrae
3177 5583 3242 5637 ad
3277 5597 3668 5662 nos_pervcn_c'

2092 5677 2242 5718 runt.
2292 5664 2707 5716 Benedic-tiones
2740 5659 2939 5732 quippe
2967 5653 3466 5732 illaesace‘rdotales
3491 5653 3669 5732 capite

2091 5733 2253 5792 Num.
2285 5743 2437 5788 sexto
2463 5723 2919 5791 continentem—in
2951 5724 3092 5797 quod
3125 5723 3271 5776 nulla
3299 5723 3548 5792 Origcuis
3571 5723 3668 5774 bo-

2093 5805 2242 5859 milia
2266 5811 2458 5858 exstat.
2499 5801 2762 5856 ΙΙιῈϊιιῖς.
