4122 6428
510 397 615 453 583

1982 381 2308 440 ()RIGENIS

3660 395 3767 451 δελ

508 512 631 565 dem
654 521 944 582 congregat
974 511 1138 576 Deus,
1161 521 1216 566 et
1244 520 1558 583 peceatores
1579 514 1816 579 separat.
1840 503 2063 571 Denique

2182 500 2279 553 καί
2308 499 2414 554 τὸν
2454 501 2724 566 Ἰούδαν,
2758 502 2854 555 καὶ
2893 501 3124 570 πάντας
3154 504 3296 572 τοὺς
3340 510 3767 578 κατοικοῦντας

510 605 717 659 idcirco
742 603 981 673 quandiu
1024 619 1132 657 nim
1164 613 1293 657 sunt
1326 600 1586 657 commoti
1618 602 1688 655 ab
1721 598 1932 654 oriente
1982 595 2073 649 ho-

512 694 706 758 mines,
730 709 838 749 non
862 703 990 749 sunt
1016 695 1272 764 dispersi.
1309 694 1537 760 Quando
1565 700 1748 746 autem
1788 698 1916 746 sunt
1947 689 2080 742 moti

509 789 578 837 ab
603 786 812 839 oriente
839 827 854 848 ,
893 796 948 840 et
991 787 1066 840 ait
1110 786 1278 841 homo
1317 787 1386 840 ad
1434 786 1747 856 proximum
1792 798 1954 838 suum
1990 782 2079 835 ὀε

523 871 720 938 Venite,
742 876 1062 944 (edi/iremus
1096 877 1387 940 civitatem,
1419 888 1467 931 et
1500 887 1718 942 turrem,
1752 876 1905 945 cujus
1922 885 2080 944 caput

504 964 767 1033 pertingit:
795 980 956 1035 usque
996 968 1065 1020 ad
1097 966 1285 1020 caelum
1316 984 1333 1030 ;
1391 966 1536 1022 Deus
1567 967 1782 1021 locutus
1822 975 1907 1020 est
1932 1004 1949 1028 .
1997 964 2083 1019 di-

505 1070 636 1110 cens
668 1055 714 1089 ’ί
744 1075 759 1109 :
805 1055 1004 1122 Venite,
1036 1058 1440 1124 descendemus,
1496 1067 1546 1111 et
1580 1058 1968 1127 confundamus
2006 1056 2080 1110 ibi

504 1145 742 1214 linguam
758 1163 966 1202 eorum.
986 1143 1054 1198 Et
1078 1155 1203 1217 post
1231 1148 1489 1217 pusillum
1521 1147 1789 1203 subinfert
1826 1167 1839 1203 :
1875 1148 1941 1201 Et
1994 1149 2081 1201 di-

503 1236 691 1301 spersit
720 1252 806 1291 eos
837 1235 977 1289 Deus
1006 1236 1129 1290 inde
1159 1254 1193 1291 α
1238 1239 1375 1308 facie
1405 1240 1578 1293 clunis
1616 1250 1790 1294 terra.
1840 1240 2080 1309 Populus

502 1339 725 1393 quoque
748 1325 910 1381 Israel
937 1335 1229 1398 antequam
1262 1341 1532 1399 peccaret,
1587 1331 1640 1384 in
1672 1330 1857 1385 Judaea
1910 1341 2029 1387 erat
2059 1350 2075 1398 ;

504 1425 628 1485 post
652 1429 870 1486 peccata
909 1419 962 1474 in
1020 1422 1342 1476 universum
1388 1422 1577 1476 orbem
1634 1424 1917 1493 dispersus
1968 1435 2073 1481 est.

505 1505 636 1562 Tale
665 1508 797 1561 mihi
825 1511 1085 1579 quiddam
1113 1520 1166 1566 et
1193 1512 1261 1566 de
1292 1512 1449 1567 bonis
1472 1513 1786 1570 hominibus
1811 1516 2074 1587 intelligo.

502 1594 600 1651 Est
632 1598 877 1666 quadam
910 1601 1138 1657 ecclesia
1172 1604 1573 1671 primitivorum
1599 1645 1616 1669 ,
1646 1620 1839 1660 eorum
1867 1607 2078 1662 scilicet

501 1689 594 1757 qui
630 1692 923 1761 conscripti
947 1703 1078 1747 sunt
1124 1694 1180 1747 in
1207 1694 1542 1759 cmlestibus,
1578 1697 1669 1751 ubi
1706 1711 1863 1753 inons
1896 1697 2031 1754 Sion
2058 1738 2074 1764 ,

499 1789 556 1831 ct
581 1780 777 1837 civitas
825 1783 1057 1839 viventis
1087 1784 1178 1838 Dei
1229 1784 1568 1840 Hierusalem
1600 1790 1864 1845 cmlcstis.
1915 1790 2070 1846 Beati

498 1869 591 1936 qui
634 1870 763 1925 illuc
810 1876 1306 1943 congregabantur.
1340 1875 1659 1935 Peccatorcs
1699 1889 1880 1935 autem
1933 1882 2072 1937 divi-

495 1961 695 2015 dentur
718 1963 789 2018 ab
827 1964 1057 2020 invicem
1087 2007 1101 2031 ,
1135 1978 1197 2022 ut
1222 1970 1390 2023 etiam
1431 1971 1484 2024 in
1517 1972 1621 2026 hoc
1662 1974 2071 2029 excruciaticne

494 2053 697 2119 pariter
732 2063 1113 2124 torqueantur.
1145 2058 1270 2114 Scio
1295 2063 1561 2131 quosdam
1591 2079 1746 2135 reges
1774 2107 1789 2132 ,
1840 2082 1940 2123 eos
1974 2071 2068 2140 qui

495 2142 727 2213 imperio
754 2161 855 2211 suo
883 2149 1124 2204 insidiati
1154 2161 1282 2205 sunt
1307 2154 1374 2207 ad
1412 2154 1656 2213 desertas
1706 2159 1918 2216 insulas
1973 2162 2070 2217 dc-

492 2244 717 2304 portare
738 2240 951 2305 solitos,
977 2251 1030 2295 et
1061 2257 1160 2310 pro
1193 2246 1404 2314 magnis
1428 2249 1710 2317 suppliciis
1729 2251 1832 2307 hoc
1854 2252 2065 2322 iubere,

493 2340 564 2380 ne
589 2326 641 2380 in
680 2344 791 2381 uno
821 2330 940 2385 loco
970 2335 1146 2389 exsilii
1184 2339 1465 2406 penuriam
1492 2343 1829 2410 sustineant;
1860 2344 1956 2398 sed
2008 2345 2064 2400 in

492 2421 656 2475 aliam
692 2433 904 2492 partem
942 2428 1094 2482 orbis
1121 2445 1280 2495 uxor,
1318 2430 1371 2485 in
1399 2432 1567 2486 alium
1597 2433 1752 2488 liberi
1801 2438 2064 2494 extermi-

491 2525 707 2576 nentur,
734 2524 795 2570 ut
824 2532 892 2573 ne
922 2518 976 2573 in
992 2520 1397 2579 calamitatibus
1416 2525 1633 2594 quidem
1651 2526 1767 2581 suis
1780 2526 2058 2596 perfruan-

489 2615 579 2660 tur
616 2607 833 2675 solatio,
864 2618 964 2664 aut
992 2620 1145 2681 pater
1177 2613 1272 2667 lilii
1294 2653 1310 2675 ,
1352 2623 1447 2669 aut
1471 2628 1645 2671 mater
1665 2618 1810 2684 ﬁlim,
1844 2630 1939 2674 aut
1964 2620 2067 2675 fra-

486 2705 571 2752 ter
594 2699 800 2753 fratris.
831 2698 1007 2755 Simili
1039 2704 1202 2758 modo
1235 2714 1285 2759 ct
1336 2716 1591 2777 peccator
1622 2724 1716 2777 per
1765 2714 2063 2780 quamdam

487 2789 951 2861 dispensationem
1000 2794 1096 2850 Dei
1150 2797 1362 2866 majora
1425 2798 1738 2856 solitudinis
1788 2812 2062 2861 tormenta

487 2884 812 2951 perpetitur,
838 2886 883 2939 si
913 2886 1064 2942 solus
1092 2887 1146 2942 in
1168 2888 1419 2943 exsilium
1444 2894 1734 2961 relegetur,
1765 2904 1825 2950 ut
1870 2913 2063 2952 emen-

2200 594 2613 663 Ἱερουσαλὶιμ,
2661 595 2826 666 φησὶν
2851 598 2882 650 ό
2923 596 3073 660 Θεὸς,
3112 596 3321 665 πλη,ρῶ
3359 602 3761 673 μεθύσματος,

2186 684 2285 737 καί
2324 684 2689 753 ὃιασκορπιῶ
2727 687 2969 754 αὐτοὺς,
2998 688 3187 757 ἄνδρα
3229 690 3329 744 καὶ
3360 692 3466 746 τὸν
3494 693 3763 764 ἀδελφὸν

2183 778 2390 841 αὐτοῦ,
2433 778 2529 833 καί
2577 779 2719 846 τοὺς
2748 780 3007 848 πατέρας
3036 781 3254 847 αὐτῶν,
3289 784 3387 837 καί
3416 784 3562 851 τοὺς
3593 787 3764 854 υἱοὺς

2182 867 2381 921 αὐτῶν
2405 868 2477 922 ἐν
2514 868 2597 934 τῷ
2623 868 2803 934 αὐτῷ.
2851 871 2963 925 Kal.
2987 870 3160 926 ταῦτα
3197 873 3256 927 δὲ
3285 873 3428 928 οὕτω
3460 878 3726 949 νοήσομεν
3743 894 3763 909 ν

2184 956 2323 1021 Τοὺς
2353 958 2452 1028 μὲν
2477 957 2717 1023 δικαίους
2748 961 2969 1029 συνάγει
2998 965 3029 1016 ό
3066 963 3219 1027 Θεὸς,
3249 965 3375 1029 τοὺς
3407 966 3464 1019 δὲ
3496 967 3765 1040 ἀμαρτω-

2182 1046 2307 1113 λοὺς
2339 1049 2733 1123 διασκορπίζει.
2762 1054 2862 1108 Διὰ
2892 1053 3045 1107 τοῦτο
3071 1056 3166 1110 καὶ
3193 1057 3358 1128 ἡνίκα
3387 1059 3488 1131 μὲν
3515 1061 3618 1116 οὐκ
3654 1064 3766 1117 btt-

2180 1141 2369 1195 νοῦντο
2396 1142 2508 1197 ἀπὸ
2547 1144 2820 1199 ἀνατολῶν
2859 1147 2910 1199 οἱ
2952 1147 3250 1217 ἄνθρωποι,
3285 1150 3385 1204 ούκ
3434 1153 3763 1227 ὲσκόρπισεν

2180 1233 2378 1297 αὐτοὺς
2426 1235 2455 1287 ό
2495 1234 2654 1299 Θεός·
2688 1237 2777 1291 ὅτε
2816 1236 2874 1290 δὲ
2910 1239 3172 1310 ἐκίνησαν
3203 1241 3312 1295 ἀπὸ
3337 1244 3629 1311 ἀνατολῶν,
3665 1249 3758 1302 καί.

2178 1320 2334 1378 εἶπεν
2360 1325 2643 1398 ἄνθρωπος
2678 1329 2815 1400 πρὸς
2838 1330 2931 1383 τὸν
2958 1331 3182 1402 πλησίον
3209 1333 3396 1399 αὑτοῦ,
3429 1336 3625 1401 Δεῦτε,
3655 1341 3754 1393 καί

2178 1416 2663 1488 οἰκοδομήσωμεν
2703 1420 2938 1487 ἑαυτοῖς
2980 1426 3182 1488 πόλιν,
3234 1426 3334 1479 καὶ
3377 1428 3636 1498 πύρνον,
3681 1427 3753 1486 οὗ

2177 1507 2352 1565 ἔσται
2390 1513 2430 1579 ή
2466 1513 2704 1582 κεφαλὴ
2745 1514 2857 1581 ἕως
2897 1514 3004 1571 τοῦ
3048 1517 3330 1585 οὐρανοῦ,
3367 1520 3533 1590 φησὶν
3562 1524 3592 1576 ό
3624 1524 3756 1588 Θεὸς

2179 1602 2309 1674 περί
2351 1603 2558 1658 τούτων
2575 1622 2590 1636 ·
2639 1605 2838 1669 Δεῦτε,
2869 1607 2966 1661 καί
3000 1610 3364 1679 καταϐάντες
3406 1614 3759 1685 συγχέωμεν

2175 1693 2377 1749 αὐτῶν
2397 1696 2528 1751 ἐκεῖ
2549 1697 2666 1766 τὴν
2702 1699 3013 1768 γλῶσσαν.
3053 1704 3164 1756 Καὶ
3192 1707 3471 1777 συγχεῖται
3496 1708 3753 1774 ἕκαστος,

2178 1786 2273 1839 καὶ
2319 1787 2413 1841 ἐπὶ
2462 1784 2589 1843 τινὰ
2626 1791 2725 1862 τῆς
2772 1795 2877 1864 γῆς
2916 1795 3083 1848 τόπον
3125 1796 3590 1869 διασκορπίζεται.
3642 1801 3754 1855 Καὶ

2104 1841 2147 1896 Β
2172 1880 2203 1930 δ
2228 1877 2355 1941 λαὸς
2385 1878 2442 1932 δὲ
2479 1841 2649 1935 όντοῦ
2666 1841 3052 1957 “inde;
3076 1841 3405 1960 ἁμαρτάνῖυν
3421 1841 3555 1961 ’μιν,
3577 1841 3656 1945 ἰν
3682 1896 3750 1964 τῇ

2187 1967 2414 2041 Ἰουδαίᾳ
2448 1964 2548 2042 ἦν’
2594 1973 2920 2048 ἁμαρτήσας
2967 1976 3025 2030 δὲ
3070 1977 3514 2050 διασκορπίζεται
3562 1982 3751 2037 ἔπειτα

2170 2058 2278 2112 ἀπὸ
2321 2061 2423 2132 τῆς
2474 2063 2820 2135 οἰκουμένης,
2875 2068 2968 2121 καὶ
3022 2068 3399 2143 διασπείρεται
3448 2075 3747 2145 πανταχοῦ.

2163 2151 2421 2207 Τοιοῦτόν
2462 2155 2515 2208 τί
2550 2173 2639 2226 μοι
2666 2158 2778 2211 νόει
2823 2160 2918 2213 καὶ
2951 2163 3080 2233 περὶ
3112 2161 3331 2218 πάντων
3372 2165 3549 2236 ἡμῶν.
3593 2169 3745 2221 Ἐστι

2165 2261 2251 2309 τις
2307 2246 2604 2318 Ἐκκλησία
2644 2252 3002 2321 πρωτοτόκων
3034 2253 3540 2327 ἀπογεγραμμένων
3573 2259 3632 2311 ὲν
3660 2260 3752 2314 ού-

2166 2338 2373 2408 ρανοῖς,
2402 2339 2538 2393 ὅπου
2568 2338 2707 2393 Σιὼν
2742 2341 2889 2415 δρας,
2921 2344 3016 2397 καὶ
3048 2345 3203 2411 πόλις
3232 2346 3371 2401 Θεοῦ
3417 2348 3617 2414 ζῶντος
3657 2350 3752 2403 ἰε-

2168 2428 2455 2501 ρουσαλὴμ
2487 2431 2827 2503 ἐπουράνιος.
2859 2435 2924 2489 Ol
2960 2436 3221 2508 μακάριοι
3250 2440 3371 2493 ἐκεῖ
3398 2440 3752 2513 συναχθήσον-

2162 2539 2273 2587 ται,
2307 2522 2394 2576 ἵνα
2421 2523 2558 2593 ὁμοῦ
2589 2518 2743 2579 ὦσιν.
2802 2526 2963 2581 Ἀλλὰ
2995 2530 3089 2584 καὶ
3114 2531 3173 2584 ὲν
3202 2530 3379 2603 τούτῳ
3407 2532 3745 2599 κολάζονται,

2160 2612 2255 2667 τοῦ
2291 2615 2366 2686 μὴ
2406 2609 2546 2670 εἶναι
2576 2617 2693 2688 μετ’
2724 2617 2968 2691 ἀλλήλων
2995 2622 3047 2674 οἰ
3076 2622 3412 2694 ἁμαρτωλοί.
3441 2620 3576 2679 Οἶδά
3595 2644 3746 2691 τινας

2162 2707 2222 2759 ὲν
2251 2705 2329 2777 τῷ
2369 2707 2471 2779 βίῳ
2504 2709 2681 2782 τούτῳ
2714 2710 2855 2783 ὑπὲρ
2889 2713 3164 2778 κολάσεως
3210 2714 3565 2787 βουλομένους
3597 2719 3747 2789 νήσῳ

2160 2803 2269 2855 τινὶ
2312 2806 2647 2876 παραδοῦναι
2686 2807 2813 2872 τοὺς
2849 2809 3082 2874 οἰκείους
3116 2810 3225 2865 τῶν
3256 2812 3614 2884 λυπησάντων
3644 2812 3744 2885 τὴν

2164 2895 2462 2967 βασιλείαν,
2493 2900 2586 2953 καὶ
2610 2898 3103 2971 διασκορπισαντας
3129 2902 3362 2958 ἐνταῦθα
3392 2905 3492 2975 μὲν
3522 2904 3622 2977 τὴν
3646 2921 3743 2973 γυ-

485 2973 648 3027 datus
679 2974 731 3027 in
760 2985 961 3031 statum
997 2977 1289 3046 pristinum
1323 2983 1528 3036 redeat.
1578 2983 1645 3038 Et
1669 2990 1951 3055 quomodo
2000 2999 2060 3046 tu

2164 2992 2345 3054 ναίκα,
2370 2991 2605 3046 ἐνταῦθα
2625 2993 2682 3047 δὲ
2702 2993 2794 3046 τὸν
2811 2993 2906 3047 ἕνα
2932 2995 3067 3058 υἰὸν,
3095 2989 3214 3048 εἶτα
3250 2973 3483 3066 ἀλλαχοῦ
3510 2973 3602 3051 τὸν
3621 2998 3741 3051 ἐτε-

486 3063 826 3132 propinquos
855 3067 937 3120 vel
967 3068 1169 3124 liberos
1202 3079 1326 3126 tuos
1348 3087 1456 3127 non
1497 3074 1552 3129 in
1583 3074 1710 3131 forti
1742 3077 1878 3144 ictu,
1904 3090 1961 3136 ct
1989 3081 2063 3136 ir-

2164 3100 2277 3156 ρον,
2318 3084 2405 3138 ἵνα
2444 3085 2578 3157 μηδὲ
2603 3086 2662 3139 ὲν
2689 3088 2754 3157 τῇ
2788 3089 3041 3158 συμφορᾷ
3072 3063 3454 3143 ἀπολαύσωσιν
3482 3090 3514 3160 ἡ
3558 3090 3742 3161 μήτηρ

486 3154 793 3210 rationabili
816 3159 973 3230 197
1000 3176 1221 3218 coerces
1244 3164 1345 3229 ira,
1378 3167 1472 3222 sed
1498 3183 1594 3237 per
1614 3171 1775 3227 verba
1800 3174 2063 3233 reducere

2164 3154 2255 3228 τοῦ
2290 3176 2428 3242 υἱοῦ,
2446 3154 2558 3249 τι
2586 3154 2811 3248 ἀδελῷδς
2841 3154 2937 3233 τοῦ
2963 3154 3212 3250 mea
3251 3154 3514 3236 Torum
3543 3154 3596 3235 τι
3619 3154 3738 3236 te.

480 3244 688 3311 quieris
711 3248 781 3301 ab
804 3263 1010 3313 errore,
1031 3252 1084 3305 in
1106 3267 1268 3323 quem
1283 3256 1674 3314 incubuerant:
1701 3262 1783 3318 sic
1801 3262 1944 3320 Deus
1959 3280 2056 3323 eos

2165 3269 2258 3323 καὶ
2288 3269 2383 3323 ἐπὶ
2414 3244 2523 3325 τῶν
2558 3244 2775 3325 ἀδίκων.
2805 3244 3137 3343 Πικρότερόν
3174 3290 3320 3337 τινος
3345 3271 3644 3342 γεύσασθαί
3677 3290 3737 3328 σε

482 3334 579 3402 qui
610 3350 717 3391 non
740 3347 990 3406 poterant
1015 3356 1269 3398 sermone
1291 3349 1556 3414 converti,
1575 3350 1855 3410 doloribus
1871 3364 1924 3410 et
1945 3364 2058 3411 tor-

2164 3361 2243 3416 δεί
2282 3362 2373 3416 τὸν
2405 3363 2727 3436 ἁμαρτωλὸν
2766 3334 3267 3437 διοικονομούμενον
3446 3364 3540 3420 τοῦ
3578 3366 3737 3431 Θεοῦ,

485 3428 686 3481 tuentis
712 3429 778 3483 ad
808 3429 859 3484 id
894 3435 1120 3489 retrahit
1146 3437 1290 3506 quod
1318 3437 1561 3506 fuemunt,
1589 3447 1889 3501 secundum
1915 3448 2058 3504 Scri-

2164 3454 2250 3507 ῑνα
2293 3428 2600 3518 παιδευθεὶς
2642 3454 2842 3526 σωθῇς.
2900 3428 3122 3525 Ὠσπερ.
3166 3454 3223 3507 δὲ
3276 3455 3397 3526 οὐχὶ
3450 3428 3738 3526 βασανίσαι

483 3531 698 3586 pturam
726 3521 994 3579 dicentem
1026 3542 1041 3580 :
1072 3525 1175 3581 Per
1194 3546 1399 3584 onlnem
1431 3532 1666 3588 dolorem
1700 3546 1753 3591 et
1779 3539 2055 3610 ﬂagellum

2165 3543 2350 3609 ἁπλῶς
2376 3543 2544 3598 θέλων
2574 3543 2666 3598 τὸν
2692 3521 3050 3616 κολαζόμενον
3074 3521 3178 3598 ύπὸ
3204 3544 3299 3599 σοῦ
3322 3521 3590 3617 οἰκέτηνῆ
3620 3545 3738 3600 υἱὸν

480 3609 861 3675 emeiidoberis,
919 3612 1274 3671 Hierusalem.
1323 3618 1391 3674 Ut
1444 3621 1610 3692 igitur
1651 3609 1869 3684 crescat
1895 3629 2056 3688 dolor

2164 3635 2428 3701 κολάζεις,
2457 3635 2571 3689 ἀλλ’
2605 3635 2696 3690 ἵνα
2721 3638 2833 3701 τοῖς
2859 3609 3042 3700 πόνοις
3066 3636 3228 3691 αὐτὸν
3254 3609 3589 3709 ὲπιστρέιίιῃς
3605 3652 3618 3665 ·
3645 3634 3728 3690 οῦς

481 3714 658 3769 ιιωιιιο
682 3701 1046 3772 corripientis,
1070 3706 1106 3760 ii
1136 3710 1231 3777 qui
1283 3712 1658 3781 corripiuntur
1708 3718 1780 3774 ab
1816 3721 2053 3780 invicem

2164 3745 2265 3793 τως
2290 3729 2383 3782 καὶ
2403 3730 2431 3782 ό
2457 3728 2589 3790 Θεὸς
2609 3729 2736 3793 τοὺς
2762 3729 2841 3801 μὴ
2871 3728 3296 3801 ἐπιστρέφοντας
3316 3727 3395 3799 τῷ
3607 3729 3734 3793 τοὺς

478 3800 824 3858 separantur.
843 3791 976 3849 Nam
1005 3798 1412 3865 quodammodo
1434 3803 1606 3860 levius
1623 3805 1684 3860 tit
1701 3811 2052 3881 supplicium,

2164 3791 2256 3894 pq
2282 3791 2726 3893 Oepamuetvtac
2748 3791 3049 3885 tumultist,
3096 3791 3207 3885 τοῖς
3398 3791 3735 3893 μαθημάτων

478 3880 525 3933 si
558 3880 740 3949 plures
766 3883 819 3938 in
851 3886 1042 3941 eodem
1081 3888 1202 3945 loco
1229 3892 1551 3963 constituti,
1580 3899 1788 3956 mutuis
1828 3917 1890 3959 se
1917 3880 2053 3961 con?

2164 3880 2362 3978 πόνοις,
2392 3914 2515 3968 ἐπεὶ
2549 3880 2763 3968 παιδεία
2796 3880 3109 3986 περιϐάλλει
3142 3880 3562 3987 ἃ-περιεάλλειῗ
3592 3913 3733 3968 κατὰ

478 3973 724 4028 sclentur
756 3976 1030 4048 alloquiis.

2164 4004 2217 4059 τὸ
2244 3973 2564 4076 εἰρημένονσ
2606 4003 2711 4058 Διὰ
2739 3973 2967 4070 παντὸς
3000 4003 3166 4071 πόνῳ
3202 3973 3300 4057 καί
3320 3973 3565 4073 μάστιγι
3605 4019 3737 4058 παι.

474 4064 767 4170 ΰωθῖίσῃ,
804 4070 1216 4146 Ἰερουσαλήμ.
1250 4076 1346 4132 ”Ῑν’
1376 4076 1469 4135 οὖν
1493 4082 1703 4158 αὐξήσῃ
1727 4089 1757 4141 ό
1790 4092 2062 4152 παιδεύων
2099 4064 2311 4165 πόνοςί
2336 4064 2805 4170 δίασκορπίζονται
2836 4101 2886 4153 οἰ
2929 4064 3215 4163 πονοῦντες
3243 4064 3339 4152 ait:
3367 4064 3631 4169 ἀλλήλων,
3657 4099 3731 4163 ὡς

481 4161 557 4267 μὴ
586 4160 722 4267 εἶναι
751 4167 868 4267 ἅμα
890 4170 1039 4224 τόνδε
1064 4173 1161 4227 καὶ
1176 4173 1345 4230 τόνδε.
1382 4177 1595 4234 Ἐλύετο
1615 4182 1724 4255 γὰρ
1745 4184 1811 4240 ἄν
1832 4188 1893 4241 τὸ
1919 4194 2149 4266 σφοδρὸν
2187 4160 2286 4249 τοῦ
2314 4195 2477 4249 πόνου
2501 4160 2592 4248 sla:
2617 4160 2717 4266 τῆς
2743 4194 3099 4267 παραμυθίας
3142 4160 3263 4260 ἑνὸς
3315 4160 3545 4248 ἑκάστου

475 4254 575 4326 τὴν
605 4256 713 4310 ἀπὸ
746 4258 839 4312 τοῦ
872 4261 1082 4333 ἑτέρου.

546 4352 600 4405 4.
628 4350 889 4410 Siautem
927 4372 1149 4415 necesse
1184 4369 1270 4416 est
1293 4362 1458 4420 aliam
1509 4383 1729 4441 quoque
1774 4372 2043 4433 rationem

2222 4381 2287 4436 El
2313 4378 2370 4434 δὲ
2396 4379 2479 4435 δεῖ
2500 4377 2817 4452 προσθεῖναι
2846 4379 2926 4450 τῷ
2951 4378 3094 4448 λόγῳ
3112 4379 3209 4433 καί⁸
3233 4379 3400 4452 ἀλλην
3427 4381 3608 4436 αἰτίαν
3635 4379 3729 4435 τοῦ

474 4441 762 4500 divisionis
789 4448 1061 4503 malorum
1092 4451 1457 4524 introducere,
1491 4460 1655 4516 etiam
1686 4463 1830 4523 hanc
1882 4469 2045 4524 exhi-

476 4532 746 4591 bebimus.
774 4535 897 4592 Mali
914 4553 1041 4594 cum
1066 4542 1228 4598 simul
1263 4544 1486 4613 fuerint,
1508 4565 1572 4605 ea
1598 4566 1722 4621 qua:
1749 4557 1889 4612 mala
1918 4569 2050 4615 sunt

474 4623 740 4693 cegitant,
762 4638 819 4681 et
848 4629 907 4683 in
936 4630 1163 4699 pristina
1204 4636 1448 4704 nequitia
1483 4654 1914 4715 perseverantes,
1949 4664 2050 4705 au-

477 4725 604 4787 gent
624 4730 846 4787 peccata
892 4725 1170 4791 peccatis;
1225 4731 1502 4797 quomodo
1560 4737 1873 4793 econtrario
1918 4741 2047 4796 boni

473 4824 598 4863 cum
628 4811 793 4867 simul
831 4813 1050 4881 fuerint,
1081 4818 1149 4873 de
1178 4818 1422 4877 honestis
1441 4826 1901 4887 sermocinantur.
1930 4831 2051 4889 Dis-

470 4902 710 4957 solvitur
733 4918 885 4975 ergo,
914 4913 968 4961 et
1002 4909 1069 4962 ad
1098 4910 1329 4966 nihilum
1351 4913 1641 4970 deducitur
1669 4933 1905 4989 nequam
1956 4937 2051 4979 co-

474 4996 694 5066 gitatio,
744 5013 870 5053 cum
923 5014 1029 5053 non
1082 5001 1334 5059 habuerit
1394 5007 1785 5064 allocutionem
1818 5013 2048 5069 alterius

472 5090 775 5160 nequioris.
813 5089 1022 5147 Idcirco
1047 5109 1144 5163 per
1170 5096 1632 5165 dispensationem
1664 5100 1759 5155 Dei
1790 5105 2047 5172 provide-

470 5192 561 5236 tur
587 5183 856 5252 pessimos
909 5200 941 5239 a
986 5189 1243 5254 pessimis
1273 5191 1540 5258 separari.
1569 5190 1788 5248 Justum
1823 5208 2046 5265 quoque

467 5284 524 5330 et
550 5277 898 5332 commodum
930 5287 1032 5338 est.
1066 5290 1125 5335 ut
1153 5296 1183 5335 ιι
1208 5283 1452 5349 pristinis
1473 5285 1771 5341 sceleribus
1798 5286 1915 5357 ipsa
1952 5302 2045 5343 so-

469 5364 700 5421 litudine
737 5377 790 5421 et
832 5370 1060 5437 penuria
1112 5372 1374 5427 consortii
1413 5373 1710 5441 aliquando
1752 5376 2041 5435 desistant.

470 5453 596 5513 lla-.c
626 5458 693 5513 de
722 5474 789 5514 eo
819 5460 965 5529 quod
991 5460 1193 5515 dictum
1227 5472 1310 5518 est
1342 5464 1422 5518 "z
1478 5464 1543 5520 Et
1575 5465 1874 5538 dispergam
1900 5469 2043 5537 illos,

470 5548 639 5601 uirum
658 5560 706 5604 et
734 5552 955 5619 fratrem
986 5550 1120 5621 ejus,
1143 5563 1194 5607 et
1218 5565 1392 5622 patres
1409 5573 1607 5625 eorum,
1627 5570 1676 5613 et
1704 5560 1846 5630 ﬁlios
1862 5579 1984 5617 eoru
1994 5580 2042 5616 m

2144 4468 2644 4545 διασκορπίζεσθαι,
2663 4470 2755 4523 καὶ
2785 4469 2944 4523 τοῦτο
2968 4469 3374 4541 παραθήσομαι,
3397 4474 3577 4526 Κακοὶ
3599 4490 3730 4525 συν-

2142 4562 2300 4624 όντες
2367 4559 2619 4631 ἀλλήλοις
2663 4559 2732 4613 τά
2784 4559 2932 4613 κακὰ
2984 4557 3244 4613 σκοποῦσι
3293 4560 3389 4613 καὶ
3445 4560 3727 4626 αὔξουσινο

2145 4654 2336 4726 ὥσπερ
2352 4652 2406 4707 οἰ
2435 4653 2629 4721 ἀγαθοὶ
2658 4652 2908 4717 συνόντες
2945 4652 3167 4723 ἀγαθοῖς
3199 4656 3328 4726 περὶ
3350 4655 3571 4725 ἀγαθῶν
3604 4654 3729 4708 σκέ-

2146 4760 2391 4809 πτονται,
2434 4742 2531 4797 καὶ
2569 4741 2981 4811 καταλέγονται.
3034 4743 3144 4796 Καὶ
3176 4743 3464 4816 διαιρεῖται
3510 4747 3545 4816 ἠ
3582 4743 3726 4816 κακὴ

2149 4835 2311 4907 βουλὴ
2345 4834 2612 4906 ἰσχύσασα
2642 4832 2747 4887 κᾶν
2780 4833 2917 4904 μετὰ
2948 4835 3171 4906 ὁμοίων,
3202 4837 3291 4891 ὅτε
3319 4836 3730 4909 διασκορπίζον-

2144 4943 2236 4981 ται
2262 4925 2506 4998 ἀλλήλων
2526 4925 2576 4977 οἱ
2601 4924 2883 4997 μοχθηροί.
2909 4927 3011 4982 Διὰ
3032 4926 3193 4981 τοῦτο
3216 4929 3491 4999 οἰκονομεί
3518 4931 3548 4983 ό
3572 4927 3725 4993 Θεὸς,

2146 5017 2224 5089 μὴ
2252 5010 2395 5071 εἶναι
2433 5016 2553 5086 μετ’
2584 5015 2827 5088 ἀλλήλων
2864 5018 2994 5081 τοὺς
3030 5016 3299 5086 φαύλους⁸
3328 5020 3472 5090 τάχα
3505 5022 3600 5089 καὶ
3625 5021 3727 5076 αὑ-

2144 5106 2253 5160 τῶν
2281 5106 2547 5178 προνοῶν,
2574 5108 2662 5161 ἵνα
2690 5108 2765 5179 μὴ
2792 5110 3096 5181 συναυξῆσῃ
3120 5110 3354 5183 αύτῶνή
3379 5114 3568 5177 κακία,
3590 5113 3727 5169 ἀλλὰ

2152 5196 2357 5269 μειωθῇ
2401 5197 2781 5270 διαλελυμένη.
2824 5199 3009 5254 Ταῦτα
3042 5200 3130 5254 διὰ
3171 5202 3263 5255 τόο
3310 5204 3582 5273 Σκορπιῶ
3617 5207 3726 5260 αὺ-

2150 5288 2312 5356 τοὺς,
2344 5289 2534 5358 ἄνδρα
2560 5292 2659 5345 καὶ
2686 5291 2794 5345 τὸν
2804 5291 3076 5363 ἀδελφὸν
3101 5294 3307 5361 αὐτοῦ,
3334 5296 3433 5351 καὶ
3452 5298 3593 5365 τοὺς
3618 5317 3730 5354 πα-

2151 5380 2323 5450 τέρας
2349 5379 2565 5447 αὐτῶν,
2599 5383 2697 5438 καὶ
2723 5384 2867 5451 τοὺς
2893 5386 3063 5452 υἱοὺς
3094 5386 3291 5443 αὐτῶν
3322 5388 3425 5444 ἐπὶ
3463 5391 3530 5445 τὸ
3555 5392 3724 5456 αὐτὸ,

2150 5472 2568 5542 νἰέγειΚύριοςο
2612 5475 2723 5529 οὐκ
2760 5474 3128 5545 ἐπιποθήσω,
3180 5479 3277 5533 καί
3315 5482 3388 5534 οὺ
3424 5482 3723 5553 φείσομαι,

2151 5567 2249 5619 καὶ
2279 5567 2391 5619 οὐκ
2419 5565 2768 5635 οἰκτειρήσω
2793 5563 2911 5620 ἀπὸ
2940 5566 3264 5637 διαφθορᾶς
3295 5569 3512 5627 αὐτῶν.
3572 5644 3585 5653 σ

470 5640 525 5693 in
556 5641 802 5707 idimum,
839 5646 970 5701 dicit
1005 5645 1257 5704 Dominus
1287 5666 1306 5704 :
1328 5649 1451 5705 Non
1504 5655 1798 5724 requiram,
1838 5668 1886 5712 et
1930 5674 2033 5713 non
2072 5676 2309 5728 parcam,
2342 5670 2391 5716 et
2417 5678 2519 5716 non
2550 5664 2832 5718 miserebor
2861 5663 2926 5717 ab
2963 5666 3179 5719 interitu
3209 5681 3410 5722 eorum.

506 5802 550 5834 ³ο
589 5803 722 5859 Gen.
756 5822 829 5873 xl,
867 5810 919 5863 ιι.
996 5814 1036 5844 ⁹¹
1081 5813 1209 5869 ibid.
1254 5814 1303 5876 7,
1332 5817 1385 5872 9.
1465 5817 1731 5875 "Jcrem.
1770 5838 1885 5888 χιιι,
1926 5822 2005 5876 li.
