4122 6420
367 341 476 400 5.ςὲ

1559 341 1624 396 IN
1658 341 1999 397 JEREMIAM
2043 341 2322 397 llOMlLlA
2358 343 2472 398 ΧΠ.

3520 355 3626 409 586

441 462 567 525 Τοῖς
589 460 849 524 τοιούτοις
873 461 1057 532 ῥητοῖς
1082 461 1446 515 ἐπιϐαίνουσιν
1470 463 1518 514 οἱ
1542 461 1650 515 ἀπὸ
1673 460 1782 513 τῶν
1803 460 1937 531 αἱρέ-

2123 461 2177 515 5.
2203 460 2300 516 His
2324 471 2378 517 et
2410 462 2720 518 istiusmodi
2754 466 3101 522 sermonibus
3134 467 3374 524 haeretici
3437 485 3614 524 assur-

371 573 509 614 σεων
548 556 624 627 (1)
659 556 935 625 λέγοντες·
975 556 1136 627 Ὁρᾷς
1161 556 1250 608 τὸν
1293 555 1633 626 Δημιουργὸν
1665 549 1774 618 οἷός
1811 556 1947 619 ἐστι,

369 651 464 705 καὶ
489 650 581 705 τὸν
603 649 709 703 τῶν
731 648 1027 722 προφητῶν
1055 648 1207 711 Θεὸν,
1232 649 1291 713 ὃς
1315 664 1479 718 φησιν
1500 668 1512 679 ·
1540 650 1622 702 Οὐ
1646 647 1946 716 φείσομαι,

368 742 469 798 καὶ
498 744 609 797 οὐκ
641 741 991 811 οἰκτειρήσω
1037 740 1154 795 ἀπὸ
1202 739 1524 808 διαφθορᾶς
1554 737 1783 801 aster,-
1824 738 1948 803 Πῶς

366 835 591 889 δύναται
644 828 800 899 οὗτος
861 829 999 886 εἶναι
1033 832 1265 901 ἀγαθός;
1314 832 1439 886 Ἐὰν
1481 831 1538 886 δὲ
1586 831 1734 884 λάϐω
1769 830 1946 902 παρὰ-

363 927 566 998 δειγμα
602 926 678 998 (2)
701 926 794 981 τὸν
836 927 931 980 ἐπὶ
959 924 1108 996 καλῷ
1139 923 1217 995 τῷ
1245 923 1409 997 κοινῷ
1436 925 1536 977 οὐκ
1575 922 1948 996 οἰκτειροῦντα

369 1018 584 1091 κριτὴν,
628 1017 926 1088 δυνήσομαι
956 1016 1065 1071 ἀπὸ
1111 1016 1206 1070 τοῦ
1249 1014 1692 1087 παραδείγματος
1739 1017 1944 1076 πεῖσαι,

367 1110 471 1173 ὅτι,
501 1108 711 1165 πολλῶν
737 1107 1070 1179 φειδόμενος,
1110 1106 1170 1160 οὐ
1197 1106 1434 1175 φείδεται
1468 1104 1586 1169 ἐνὸς
1614 1105 1642 1157 ό
1671 1104 1828 1167 856.;-
1859 1102 1948 1176 λή-

366 1200 541 1271 ψομαι
576 1200 634 1254 δὲ
670 1198 1018 1271 παράδειγμα
1048 1197 1143 1251 καὶ
1180 1196 1418 1270 ἰατρικὸν
1448 1196 1546 1266 (5).
1584 1195 1797 1257 δεικνὺς
1841 1195 1945 1257 ὃτι,

370 1291 686 1362 φειδόμενος
727 1289 820 1343 τοῦ
849 1290 973 1344 ὅλου
1025 1289 1301 1361 σώματος,
1347 1288 1408 1342 οὐ
1460 1286 1700 1358 φείδεται
1749 1287 1945 1357 μέλους

369 1385 507 1449 ἑνός.
533 1379 658 1439 Οἴον
676 1401 690 1414 ·
720 1384 900 1437 Ἔστω
920 1383 1147 1455 δικαστῇ
1188 1382 1255 1437 τδ
1269 1382 1623 1457 προκείμενον
1642 1379 1821 1446 τοῦτο,
1844 1383 1944 1453 τὴν

368 1477 593 1548 εἰρήνην
620 1476 1037 1547 δημιουργῆσαι,
1070 1475 1163 1529 καὶ
1189 1475 1594 1529 κατασκευάσαι
1621 1473 1697 1545 τῷ
1726 1472 1817 1527 ὑπ’
1848 1472 1945 1527 αύ-

368 1572 461 1626 τδν
648 1570 717 1625 τὰ
738 1570 1100 1641 συμφέροντα.
1123 1568 1575 1640 Προσεληλυθέτω
1598 1569 1748 1633 δέτις
1771 1586 1943 1641 προσ-

367 1664 634 1736 αγόμενος
680 1664 893 1732 φονεὺς,
921 1662 1120 1734 ὡραῖος
1147 1661 1245 1732 τὴν
1307 1661 1450 1731 ὄψιν,
1484 1661 1579 1715 καὶ
1645 1659 1808 1724 καλὸς
1842 1661 1944 1715 ίδὲ-

371 1757 511 1811 σοαι.
542 1757 745 1826 Μήτηρ
760 1753 1204 1826 πῳσεληλυθέτω
1243 1752 1510 1818 ἐλεεινοὺς
1551 1753 1940 1827 προσφέρουσα

366 1848 555 1918 λόγους
586 1846 665 1918 τῷ
703 1847 928 1917 δικαστῇ
949 1886 964 1910 ,
999 1846 1085 1899 ἴνα
1113 1845 1308 1917 ὲλεηθῇ
1349 1846 1521 1916 αὐτῆς
1559 1846 1624 1899 τὸ
1662 1846 1841 1918 γῆρας
1860 1863 1873 1876 ⁸
1904 1849 1940 1918 ἡ

367 1940 502 2012 γυνὴ
522 1939 713 1993 τούτου
739 1937 831 1991 τοῦ
858 1936 1073 2003 ἀναξίου
1097 1938 1385 2010 ἐλεηθῆναι
1409 1937 1793 2009 παρακαλείτω
1813 1939 1940 2009 περὶ

366 2031 562 2087 αὐτοῦ·
595 2032 760 2087 τέκνα
789 2030 1188 2103 περιεστηκότα
1223 2030 1444 2084 δεὲσθω.
1495 2030 1619 2084 Ἐπὶ
1649 2031 1859 2095 τούτοις
1886 2031 1939 2084 τί

371 2124 634 2195 συμφέρει
670 2122 750 2194 τῷ
786 2120 979 2193 κοινῷς
1022 2118 1173 2194 Ἀρα
1214 2120 1500 2193 ἐλεηθῆναι
1544 2122 1753 2187 τοῦτον,
1790 2122 1826 2194 ἢ
1862 2122 1939 2195 μὴ

370 2215 679 2286 ὲλεηθῆναι;
723 2213 883 2267 Ἀλλὰ
909 2214 1153 2284 ὲλεηθεὶς
1183 2214 1281 2284 μὲν
1328 2213 1418 2266 ἐπὶ
1453 2213 1522 2267 τὰ
1561 2214 1701 2267 αὐτὰ
1738 2215 1937 2267 ἐπανε-

366 2307 609 2362 λεύσεται
629 2324 644 2338 ο
684 2306 758 2377 μὴ
786 2306 1027 2378 ὲλεηθεὶς
1057 2305 1116 2360 δὲ
1146 2305 1309 2371 αὐτὸς
1339 2307 1436 2377 μὲν
1476 2306 1850 2373 ἀποθανεῖται,
1874 2307 1937 2360 τὸ

361 2399 418 2453 δὲ
445 2399 621 2455 κοινὸν
662 2398 1097 2470 βελτιωθήσεται.
1130 2395 1316 2461 υῦτως
1344 2398 1372 2451 ό
1393 2396 1525 2460 Θεὸς
1558 2397 1654 2451 ὲὰν
1684 2397 1936 2467 φείσηται

360 2491 454 2546 τοῦ
491 2487 986 2565 ἁμαρτωλοῦ,ικαὶ
1014 2489 1213 2561 ἐλεήσῃ
1260 2488 1444 2552 αὐτὸν,
1482 2489 1575 2542 καὶ
1616 2490 1935 2561 οἰκτειρηση

357 2583 434 2650 ὡς
466 2585 540 2657 μὴ
572 2583 797 2639 κολάσαι
821 2582 981 2637 αὐτόν
1004 2600 1017 2614 ι
1050 2581 1135 2646 τίς
1160 2578 1257 2637 οὖν
1285 2582 1359 2653 (4)
1395 2581 1803 2655 ἐπιτριϐήσεται
1824 2583 1933 2636 τῶν

359 2674 601 2745 φαύλων,
630 2675 725 2728 καὶ⁷
755 2672 845 2727 διὰ
871 2673 999 2736 τοὺς
1030 2670 1224 2741 φόϐους
1246 2670 1354 2722 τῶν
1378 2668 1748 2740 κολαστηρίων
1775 2668 1936 2721 παυό-

363 2783 522 2839 μενος
548 2763 661 2818 τῶν
692 2764 1099 2837 ἁμαρτημάτων
1134 2763 1233 2816 οὐκ
1270 2762 1698 2835 ἐπιτριϐήσεται,
1732 2761 1793 2813 οῦ
1823 2758 1937 2830 χεί-

363 2873 472 2928 ρων
506 2855 691 2917 iam;
715 2853 947 2908 Τοιαῦτα
964 2855 1059 2909 καὶ⁴
1086 2856 1143 2907 ἐν
1174 2857 1293 2917 ταῖς
1308 2852 1652 2924 Ἐκκλησίαις
1677 2851 1934 2922 γινόμενα

361 2950 511 3002 ἐστιν
546 2947 704 3000 ἰδεῖνί
739 2947 984 3019 Ἤμαρτέ
1006 2965 1110 3013 τις,
1142 2945 1334 3018 ἐδεήθη
1367 2945 1503 3017 μετὰ
1528 2944 1627 3017 τὴν
1659 2945 1933 3016 ἁμαρτίαν

364 3043 495 3114 περὶ
531 3040 827 3105 κοινωνίας.
869 3041 990 3095 Ἐὰν
1032 3041 1218 3111 τάχιον
1246 3038 1462 3112 ὲλεηΘῇ,
1502 3038 1842 3109 ὲπιτρίϐεται
1872 3037 1935 3090 τὸ

2053 561 2188 621 gunt
2218 552 2461 607 dicentes
2490 572 2503 607 :
2536 552 2767 609 Videsne
2798 556 2977 625 qualis
3022 559 3091 613 sit
3139 573 3296 614 error
3326 561 3622 630 propheta-

2051 657 2206 709 rum,
2238 654 2292 696 et
2323 644 2455 712 legis
2480 642 2621 697 Deus
2667 646 2797 716 quid
2832 647 3088 717 loquatur
3116 650 3139 703 ?
3180 648 3297 705 Non
3327 667 3543 721 parcam
3572 662 3623 706 et

2051 744 2153 782 non
2175 729 2456 784 miserebor
2486 733 2550 785 ab
2598 734 2817 788 interitu
2864 751 3065 790 eorum.
3107 735 3391 803 Quomodo
3445 749 3623 809 potest

2051 817 2153 874 iste
2185 820 2364 876 bonus
2391 822 2558 877 esse?
2588 824 2863 894 Accipiam
2893 842 3023 897 ergo
3053 830 3360 898 exemplum
3416 829 3620 899 judicis

2048 909 2173 964 boni
2208 926 2305 980 pro
2335 913 2565 968 utilitate
2606 916 2884 969 communi
2912 917 3241 987 quibusdam
3290 935 3398 974 non
3452 921 3618 975 mise-

2049 1003 2241 1069 rentis,
2284 1014 2346 1059 ut
2374 1005 2679 1076 perspicere
2739 1007 3052 1077 possimus,
3107 1012 3382 1080 quomodo
3435 1014 3621 1067 multis

2046 1109 2297 1165 parcens,
2332 1096 2425 1150 uni
2461 1113 2568 1151 non
2600 1105 2786 1166 parcat
2812 1097 2955 1153 Deus
2981 1118 2994 1153 :
3031 1101 3293 1171 accipiam
3319 1115 3373 1157 ct
3401 1104 3620 1171 medici,

2046 1188 2340 1243 ostendens
2365 1204 2488 1243 eum
2526 1191 2619 1244 uni
2652 1191 2897 1246 membro
2926 1207 3030 1247 non
3062 1210 3302 1263 parcere.
3340 1204 3408 1268 ut
3448 1212 3623 1251 mem-

2048 1278 2164 1336 bris
2198 1282 2455 1336 omnibus
2505 1295 2713 1351 parcat.
2749 1281 2907 1340 Verbi
2943 1301 3162 1356 quoque
3194 1290 3366 1359 gratia
3407 1289 3615 1345 dictum

2046 1373 2118 1428 sit
2147 1392 2161 1427 :
2196 1372 2588 1445 Habeatjudex
2618 1377 2979 1446 propositum,
3013 1380 3248 1449 quietem
3289 1381 3517 1443 civitati.
3564 1390 3622 1439 et

2044 1476 2230 1531 pacem
2271 1464 2436 1532 genti,
2460 1464 2549 1520 cui
2593 1466 2864 1535 praesidet,
2891 1466 3198 1538 providere.
3244 1467 3382 1525 lluic
3408 1471 3452 1525 si
3480 1472 3616 1525 oli'e-

2044 1562 2198 1609 ratur
2240 1556 2380 1610 latro
2401 1556 2630 1611 honesta
2659 1555 2855 1622 forma,
2888 1567 3046 1635 aetate
3070 1559 3206 1615 satis
3242 1560 3452 1632 integer
3481 1600 3497 1624 ,
3548 1577 3619 1617 ex

2044 1644 2153 1699 alio
2192 1645 2361 1700 latere
2412 1640 2587 1702 mater
2647 1650 2904 1718 expansis
2935 1650 3180 1706 crinibus
3209 1652 3531 1721 deprecetur
3561 1661 3621 1706 ut

2044 1738 2342 1793 senectutis
2368 1754 2480 1795 suae
2510 1739 2834 1795 misereatur
2868 1759 2883 1810 ;
2914 1751 2966 1797 et
2996 1758 3061 1796 ex
3094 1743 3201 1797 alio
3241 1759 3380 1798 uxor
3429 1760 3498 1799 ne
3529 1744 3618 1798 vi-

1974 1806 2016 1863 B
2047 1841 2167 1881 rum
2207 1844 2366 1883 suum
2392 1830 2720 1895 interﬁciat,
2752 1806 3086 1903 lacrvmabili
3131 1849 3270 1909 voce
3331 1835 3572 1904 deploret
3599 1850 3613 1863 °

2046 1918 2397 1975 circumstent
2429 1930 2482 1974 et
2515 1923 2721 1989 parvuli
2754 1923 2906 1976 liberi
2931 1924 3040 1978 cito
3063 1924 3183 1979 orbi
3218 1923 3429 1981 futuri:
3486 1926 3616 1994 quid

2045 2009 2206 2065 faciet
2230 2012 2395 2080 judex
2420 2012 2443 2065 ?
2470 2012 2815 2067 miserebitur
2842 2015 3092 2080 latronis,
3118 2017 3341 2071 annon?
3375 2017 3505 2083 quid
3559 2018 3614 2071 in

2043 2117 2334 2158 commune
2358 2105 2575 2174 expedit
2602 2105 2805 2159 civitati
2835 2106 2859 2158 ?
2887 2105 2942 2161 Si
2981 2107 3239 2160 misertus
3267 2105 3467 2171 fuerit,
3525 2123 3614 2160 re-

2041 2202 2282 2249 vertetur
2318 2194 2586 2250 homicida
2614 2196 2680 2249 ad
2713 2197 3001 2263 pristinum
3031 2197 3209 2253 scelus
3239 2215 3252 2251 :
3284 2198 3367 2252 sin
3403 2213 3530 2251 vero
3557 2195 3615 2252 in

2036 2287 2325 2355 judiciaria
2355 2288 2645 2344 severitate
2672 2290 3056 2358 permanserit,
3082 2305 3225 2345 unus
3255 2291 3420 2346 homo
3471 2292 3615 2347 inte-

2041 2378 2187 2442 ribit,
2208 2368 2277 2433 et
2315 2381 2459 2433 unin
2482 2397 2571 2435 rso
2600 2382 2801 2451 populo
2840 2380 3233 2450 providebitur.
3272 2381 3363 2437 Sic
3394 2381 3537 2440 Deus
3567 2383 3615 2440 si

2038 2472 2340 2539 pepercerit
2367 2472 2528 2542 198
2552 2473 2823 2542 peccaturi
2853 2512 2868 2537 ,
2925 2481 2981 2527 et
3012 2474 3281 2529 miserans
3339 2474 3458 2545 ejus
3513 2491 3616 2529 uo-

2038 2563 2200 2618 luerit
2220 2579 2343 2618 eum
2376 2566 2568 2633 punire
2612 2580 2711 2634 pro
2736 2567 2964 2631 scelere,
2998 2566 3121 2636 quis
3154 2581 3258 2620 non
3291 2568 3523 2635 accipiat
3550 2568 3618 2621 li-

2036 2656 2269 2711 centiam
2294 2656 2317 2710 ?
2346 2656 2481 2722 Quis
2517 2657 2784 2711 malorum
2813 2697 2828 2722 ,
2874 2658 2967 2728 qui
3001 2673 3147 2712 nunc
3174 2657 3363 2713 saltem
3394 2669 3617 2728 prOpter

2037 2748 2303 2818 supplicia
2338 2756 2633 2814 terrentur,
2664 2765 2775 2803 nou
2798 2749 3016 2804 invadet
3047 2759 3284 2819 tempus,
3315 2760 3373 2804 ut
3397 2751 3616 2819 expleat

2035 2856 2377 2912 quaecunque
2426 2843 2690 2905 voluerit,
2719 2849 2774 2896 et
2795 2856 3039 2912 praeceps
3078 2840 3284 2897 feratur
3339 2843 3394 2896 in
3446 2843 3616 2897 vitia?

2036 2929 2161 2986 llaec
2185 2939 2366 2987 autem
2400 2932 2455 2987 in
2488 2932 2727 2988 Ecclesia
2756 2947 2898 3002 saepe
2952 2932 3255 2989 accidentia
3311 2948 3610 3005 possumus

2035 3024 2404 3080 considerare.
2435 3023 2687 3080 Peccavit
2713 3024 2985 3094 quispiam
3006 3064 3023 3092 ,
3070 3033 3127 3080 et
3155 3034 3278 3095 post
3326 3037 3610 3096 peceatum

364 3134 560 3200 κοινὸν,
592 3132 810 3198 αὔξεται
841 3134 873 3206 ἡ
903 3134 1147 3205 ἁμαρτία
1178 3133 1398 3205 ἑτέρων.
1447 3130 1572 3185 Ἐὰν
1604 3130 1660 3183 δὲ
1689 3128 1935 3200 λογισμῷ

2038 3117 2275 3187 postulet
2323 3117 2789 3173 communionem.
2826 3114 2882 3170 Si
2915 3116 2965 3171 ei
2996 3119 3313 3172 conceditur
3335 3120 3478 3188 quod
3527 3137 3614 3171 ru-

356 3227 455 3298 οὐχ
506 3226 583 3291 ὼς
606 3226 937 3298 ἁνελεήμων,
972 3225 1081 3280 οὐδ’
1114 3225 1190 3288 ὡς
1216 3224 1366 3295 ὠμὸς
1397 3221 1684 3294 δικαστὴς,
1709 3221 1824 3278 ἀλλ’
1858 3221 1934 3285 ὡς

358 3318 753 3389 προνοούμενος
784 3319 879 3372 καὶ⁴
916 3315 1011 3373 τοῦ
1044 3316 1183 3383 ἑνὸς,
1230 3316 1411 3370 πλεῖον
1446 3316 1503 3369 δὲ
1542 3314 1935 3388 προνοούμενος

354 3411 462 3465 τῶν
504 3409 714 3464 πολλῶν
751 3409 903 3481 παρὰ
940 3410 1033 3464 τὸν
1076 3408 1192 3473 ἕνα,
1233 3409 1484 3480 σκοπήσῃ
1527 3407 1626 3480 τὴν
1669 3406 1935 3478 ἐσομένην

357 3504 557 3576 ζημίαν
589 3502 668 3575 τῷ
696 3503 862 3574 κοινῷ
889 3504 954 3556 ὲκ
985 3502 1086 3573 τῆς
1115 3502 1397 3565 κοινωνίας
1425 3500 1519 3555 τοῦ
1559 3500 1676 3565 ἑνὸς
1704 3501 1797 3554 καὶ
1834 3500 1934 3570 τῆς

358 3599 760 3670 συγχωρήσεως
803 3597 896 3650 τοῦ
942 3596 1339 3668 ἁμαρτήματος
1383 3593 1549 3649 αὐτοῦ
1569 3610 1584 3624 ο
1629 3593 1806 3664 δῆλον,
1849 3593 1933 3645 ὃτι

357 3691 573 3762 ποιήσει
589 3688 843 3743 ἐκϐαλεῖν
866 3689 955 3742 τὸν
981 3688 1096 3754 ἕνα,
1118 3688 1209 3742 ἵνα
1234 3685 1381 3758 σώζῃ
1406 3687 1532 3749 τοὺς
1554 3683 1799 3748 πολλούς.
1827 3682 1932 3736 Ἴδε

361 3796 450 3852 μοι
478 3780 570 3834 καὶ
598 3778 803 3851 ἰατρόν.
849 3779 976 3833 Ἐὶιν
1018 3777 1336 3849 φεισόμενος
1378 3771 1538 3849 ᾖτοῦ
1581 3773 1799 3844 τέμνειν
1842 3772 1930 3825 ὅτε

357 3870 465 3945 χρὴ
503 3871 746 3942 τέμνειν,
792 3868 888 3924 ἐὰν
934 3868 1250 3940 φεισόμενος
1289 3864 1384 3919 τοῦ
1422 3861 1805 3934 ωυτηριάζειν
1844 3860 1934 3915 διὰ

358 3963 482 4024 τοὺς
510 3962 705 4025 πόνους
724 3962 849 4024 τοὺς
872 3958 1364 4022 ἐπακολουθοῦντας
1392 3961 1504 4021 τοῖς
1529 3954 1785 4018 τοιούτοις
1814 3952 1935 4024 βοη-

360 4053 585 4127 θήμασι,
617 4053 739 4108 τινὰ
765 4053 967 4125 τρόπον
989 4054 1023 4125 ἡ
1047 4052 1201 4116 νόσος
1229 4049 1471 4116 αὔξεται,
1502 4048 1597 4103 καὶ
1618 4046 1815 4118 χείρων
1843 4044 1931 4114 γί-

357 4164 527 4202 νεται.
568 4147 695 4202 Ἐὰν
726 4147 783 4200 δὲ
812 4145 1208 4219 τολμηρότερον
1243 4137 1355 4199 οἷον
1390 4139 1663 4214 προσέλθῃ
1692 4141 1759 4211 τῇ
1791 4140 1931 4210 τομῇ

358 4240 457 4294 καὶ
486 4242 553 4312 τῇ
586 4239 801 4305 καύσει,
835 4238 1161 4311 θεραπεύσει
1198 4235 1286 4290 διὰ
1319 4234 1414 4288 τοῦ
1458 4232 1532 4305 μὴ
1569 4231 1814 4302 ἐλεῆσαι,
1843 4229 1931 4283 διὰ

355 4332 452 4389 τοῦ
479 4332 653 4388 δοκεῖν
683 4331 757 4405 μὴ
786 4331 1094 4404 οἰκτείρειν,
1136 4329 1340 4383 ἐκεῖνον
1369 4324 1459 4380 τὸν
1498 4321 1934 4397 καυτηριαζόμε-

2036 3215 2149 3277 gat,
2182 3208 2236 3263 in
2272 3208 2678 3263 incommodum
2713 3208 2872 3262 venia
2899 3208 3165 3277 procedit,
3198 3218 3251 3264 et
3274 3209 3470 3264 laxatis
3502 3210 3612 3263 fre-

2034 3298 2142 3361 nis,
2174 3297 2472 3355 sceleribus
2500 3298 2758 3368 panditur
2780 3300 2889 3353 via.
2927 3297 3024 3354 Sin
3054 3315 3181 3354 vero
3208 3315 3334 3354 cum
3370 3300 3614 3356 rationa-

2035 3389 2127 3445 bili
2162 3391 2559 3445 deliberatione
2587 3429 2604 3454 ,
2636 3405 2746 3446 non
2777 3399 2837 3444 ut
2873 3390 3188 3447 misericors
3209 3430 3224 3454 ,
3253 3405 3353 3446 nec
3390 3407 3609 3447 rursum

2035 3491 2095 3539 ut
2119 3483 2352 3538 crudelis
2383 3482 2547 3553 iudex
2578 3522 2593 3547 ,
2650 3483 2743 3537 sed
2775 3492 2830 3538 et
2871 3483 3030 3552 quasi
3061 3483 3152 3538 uni
3190 3484 3483 3551 pr0videns
3508 3522 3524 3547 ,
3559 3493 3614 3539 ct

2033 3573 2101 3630 de
2128 3574 2375 3630 omnium
2407 3575 2581 3630 salute
2604 3584 2946 3645 pertractans
2977 3575 3408 3630 consideraverit
3426 3576 3612 3645 populi

2033 3664 2294 3719 damnum
2329 3664 2384 3720 in
2413 3665 2580 3722 uuius
2613 3667 2790 3729 venia,
2820 3665 2964 3720 haud
2997 3665 3224 3721 dubium
3248 3671 3332 3720 est
3362 3666 3495 3734 quin
3531 3664 3611 3719 fa-

2033 3758 2144 3813 ciat
2172 3758 2298 3828 ejici
2335 3773 2502 3812 unum
2530 3758 2597 3812 tle
2628 3755 2894 3821 ECelesia,
2929 3766 2990 3812 ut
3013 3757 3217 3811 multos
3247 3756 3422 3810 salvt-t
3451 3756 3606 3811 inco-

2034 3852 2229 3907 lumes.
2266 3849 2383 3920 Age
2414 3863 2560 3903 nunc
2590 3848 2877 3903 considera
2931 3848 3062 3903 mihi
3113 3856 3167 3904 et
3224 3847 3494 3904 medicum
3559 3848 3608 3903 si

2032 3943 2330 3999 cessaverit
2364 3957 2396 3997 a
2420 3942 2661 3998 sectione
2687 3941 2807 4012 ejus
2838 3939 3103 4003 vulneris,
3133 3939 3279 4009 quod
3308 3939 3606 3994 secandum

2033 4046 2137 4103 est,
2164 4035 2209 4092 si
2235 4049 2343 4089 non
2373 4034 2571 4090 usserit
2596 4037 2741 4104 quod
2782 4033 2985 4102 indiget
3023 4032 3270 4087 cauterio
3294 4071 3310 4097 ,
3361 4030 3611 4085 videlicet

2033 4133 2255 4197 propter
2286 4124 2501 4181 dolores
2531 4124 2625 4195 qui
2658 4140 2725 4180 ex
2755 4123 2954 4177 talibus
2983 4122 3240 4177 remediis
3260 4136 3610 4191 consequun-

2032 4227 2145 4285 tur,
2178 4216 2455 4288 quomodo
2482 4213 3017 4278 crcscatintirmizas,
3036 4224 3089 4267 et
3115 4214 3169 4267 in
3193 4213 3431 4271 deterius
3452 4223 3613 4266 vetus

2035 4311 2235 4367 liumor
2263 4308 2540 4365 exuberet.
2568 4304 2626 4360 Si
2655 4321 2804 4370 vero,
2837 4312 2896 4360 ut
2919 4305 2992 4359 ita
3027 4304 3204 4359 dicam
3233 4343 3249 4368 ,
3287 4302 3611 4358 temerarius

355 4444 466 4496 νον,
493 4429 589 4484 καὶ
631 4395 1095 4499 1ov1cpv6pev0v.
1130 4421 1316 4485 Οὕτως
1348 4421 1441 4475 καὶ
1470 4421 1500 4475 ὁ
1530 4417 1665 4481 Θεὸς
1686 4395 1807 4487 0131
1837 4415 1933 4469 ἕνα

2038 4402 2101 4457 ad
2133 4401 2291 4456 ulcus
2322 4407 2502 4455 sector
2545 4398 2834 4454 accesserit
2864 4436 2879 4463 ,
2936 4405 2992 4451 et
3041 4395 3304 4451 inusserit
3348 4396 3557 4464 plagam
3589 4433 3606 4457 ,

356 4488 638 4596 ἄνθρωπον
669 4488 963 4590 οἰκονομεῖ,
992 4516 1105 4571 ἀλλ’
1131 4513 1251 4568 ὅλον
1281 4512 1373 4566 τὸν
1405 4509 1609 4581 κόσμον
1636 4506 1930 4577 οἰκονομεῖ,

2038 4505 2193 4549 curat
2223 4507 2348 4549 eum
2380 4491 2475 4562 qui
2509 4499 2728 4546 secatur
2769 4498 2823 4544 et
2852 4488 3062 4556 uritur,
3100 4489 3230 4558 quia
3266 4489 3485 4558 paulum
3518 4504 3596 4542 se-

354 4609 506 4668 1&'tv
526 4612 607 4684 τῷ
625 4609 861 4684 οὐρανῷ,
889 4608 960 4662 τὰ
985 4608 1044 4661 ὲν
1065 4608 1130 4678 τῇ
1161 4606 1233 4677 γῇ
1262 4600 1535 4675 πανταχοῦ
1560 4600 1767 4656 διοικεῖ.
1801 4599 1932 4651 Σκο-

359 4708 455 4761 «si
489 4702 583 4760 οὖν
624 4704 676 4758 τί
700 4701 965 4775 συμφέρει
1004 4699 1110 4770 ὅλῳ
1152 4697 1229 4769 τῷ
1269 4695 1481 4766 κόσμῳ,
1512 4692 1609 4747 καὶ
1642 4691 1777 4747 πᾶσι
1816 4691 1930 4753 τοῖς

359 4791 480 4850 οὖσι
511 4794 653 4851 κατὰ
682 4792 745 4846 τὸ
792 4788 1037 4845 δυνατόν.
1082 4788 1284 4841 Σκοπεῖ
1321 4786 1416 4841 καὶ
1441 4783 1503 4839 τὸ
1536 4780 1812 4852 συμφέρον
1850 4778 1949 4850 τῷν

355 4891 462 4955 ἑνὶ,
488 4889 549 4941 οὐ
587 4887 769 4960 μέντοι
810 4884 897 4938 ῖνα
924 4881 1148 4952 γένηται
1180 4876 1445 4950 ἐπιζημία
1486 4873 1584 4931 τοῦ
1616 4871 1826 4943 κόσμου
1868 4870 1931 4923 τὸ

351 4981 446 5035 τοῦ
477 4980 594 5043 ἐνὸς
624 4977 919 5050 συμφέρον.
950 4975 1048 5027 Διὰ
1075 4971 1235 5027 τοῦτο
1260 4969 1356 5025 καὶ
1392 4966 1505 5039 πῦρ
1536 4963 1755 5020 αἰώνιον
1787 4965 1932 5034 ἡτοι-

358 5070 562 5143 μὰσθη,
593 5068 683 5124 διὰ
717 5066 878 5121 τοῦτο
904 5066 998 5120 καὶ
1027 5064 1218 5133 γέεννα
1249 5057 1629 5132 ηὐτρέπισται,
1650 5054 1741 5109 διὰ
1773 5051 1932 5106 τοῦτό

353 5165 473 5221 ἐστί
505 5182 560 5219 τι
588 5163 682 5218 καὶ
715 5161 904 5224 σκότος
935 5156 1221 5228 ἐξώτερον,
1250 5147 1327 5209 ὧν
1353 5151 1513 5224 χρεία
1553 5150 1616 5203 οὐ
1650 5148 1810 5219 μόνον
1844 5143 1933 5200 διὰ

352 5258 443 5314 τὸν
474 5255 855 5330 κολαζόμενον,
884 5251 1019 5307 ἀλλὰ
1048 5248 1278 5323 μάλιστα
1308 5244 1397 5299 διὰ
1427 5242 1489 5296 τὸ
1521 5238 1716 5295 κοινόν.

426 5492 504 5619 (ig
547 5493 613 5546 οι
648 5489 768 5546 ἀπὸ
790 5486 910 5543 τῶν
926 5482 1232 5565 αἱρέσεων.
1275 5477 1594 5535 Valentinus
1637 5470 1924 5535 nimirum,

426 5565 481 5619 tsi
504 5563 642 5619 ides.
670 5559 908 5619 Cerdon,
941 5565 996 5613 et
1020 5554 1291 5609 Marcion.

352 5554 642 5627 Basilides,
670 5559 908 5623 Cerdon,
941 5554 996 5613 et
1020 5554 1291 5609 Marcion.

444 5678 502 5750 ε)
552 5676 712 5750 πίεν-
728 5670 797 5727 δέ
835 5668 996 5750 ee
1039 5661 1439 5750 παράρειγμεετ
1470 5652 1924 5750 ets-ﬂag}?

353 5726 548 5804 ordine
561 5726 837 5802 render-at
863 5726 1248 5806 Hieronyriius,
1274 5726 1438 5806 quem
1469 5741 1572 5783 nos
1597 5726 1665 5781 ad
1700 5726 1922 5806 δοθεῖε-

354 5800 559 5876 lett—sem
610 5800 851 5872 codicem
885 5800 1440 5865 accoumiodavimus,
1472 5813 1595 5852 cum
1624 5800 1925 5864 praesertim

2036 4586 2280 4643 veritatis
2312 4599 2497 4642 assum
2510 4583 2620 4655 psit
2645 4623 2661 4648 ,
2691 4583 2819 4638 licet
2846 4582 2997 4637 visus
3026 4578 3189 4635 fuerit
3219 4578 3498 4650 aegrotanti
3540 4579 3609 4632 ad

2038 4679 2232 4734 horam
2266 4691 2372 4731 non
2405 4673 2672 4730 misereri.
2703 4669 2783 4728 ita
2809 4680 2864 4728 et
2889 4669 3033 4728 Deus
3062 4683 3172 4725 non
3218 4682 3386 4722 unum
3430 4664 3607 4720 homi-

2035 4787 2185 4840 nem,
2215 4769 2310 4829 sed
2338 4769 2650 4825 universum
2687 4773 2846 4824 curat
2885 4764 3071 4821 orbem
3094 4803 3111 4831 ,
3167 4759 3409 4817 etelestia
3445 4766 3612 4827 atque

2034 4874 2272 4928 terrena,
2304 4871 2361 4917 et
2398 4862 2580 4917 omnia
2615 4860 2818 4930 ubique
2870 4856 3189 4926 dispensat,
3242 4861 3297 4907 et
3345 4844 3468 4935 cum
3506 4851 3611 4902 huc

2036 4955 2324 5028 provideat
2369 4953 2517 5025 quod
2546 4952 2639 5009 uni
2687 4948 3035 5008 commodum
3086 4945 3197 5008 sit,
3237 4943 3407 4996 multo
3436 4940 3611 5008 magis

2036 5049 2286 5122 providet
2317 5047 2450 5118 quid
2503 5046 2602 5102 toti
2646 5045 2850 5099 mundo
2885 5042 3159 5097 conducat
3201 5046 3258 5093 et
3292 5034 3609 5091 hominibus

2039 5141 2335 5199 universis.
2389 5138 2647 5195 Providet
2677 5136 2899 5208 quitltm
2936 5146 2988 5186 et
3015 5146 3078 5186 ea
3131 5144 3254 5200 quae
3312 5127 3405 5183 uni
3442 5142 3608 5194 expe-

2038 5234 2201 5289 diunt
2224 5273 2243 5300 ,
2274 5247 2466 5289 verum
2493 5231 2570 5287 ita
2602 5244 2672 5285 ne
2701 5227 2867 5283 unius
2895 5223 3103 5281 utilitas
3129 5218 3375 5277 omnium
3405 5217 3610 5270 damno

2032 5465 2189 5532 illud.
2219 5462 2480 5532 accipiam
2501 5475 2625 5532 ergo
2661 5454 2954 5532 εμπιριξυς
2981 5439 3611 5532 ἰαάἱεὶξ-ἑ’91ἔῗ;.⁰ἶ’ῗῗξ.ῗ2ἷ

2501 5502 3041 5593 Ξ”ιυίξιῦ’ἆζ”α’ξείρὶαήι
3062 5525 3110 5572 et
3135 5510 3416 5571 medicum.
3447 5502 3624 5581 ινιτιτῆ

2032 5621 2158 5663 cere
2187 5605 2455 5659 videatur.
2487 5600 2754 5655 Hus'rius.

2103 5696 2180 5767 ('5)
2230 5691 2527 5760 Ἰατρικόν.
2571 5689 2713 5759 Lege
2748 5684 2949 5756 ἰατρόν.

2105 5790 2189 5859 (4)
2229 5785 2323 5849 Τίς
2344 5781 2474 5839 οὖν.
2517 5782 2662 5853 Lego
2690 5781 2772 5844 τίς
2802 5778 2922 5832 οὐκ.
2976 5818 2981 5823 -
