4122 6424
508 360 609 415 387
1994 351 2062 405 01

2169 349 2323 405 ENlS
3658 358 3766 415 588

506 480 601 533 sit.
632 476 841 532 idcirco
868 482 922 530 et
952 473 1090 545 ignis
1125 482 1359 528 aeternus
1386 481 1721 542 prteparatus
1752 482 1855 537 est,
1885 482 1939 525 et
1980 471 2252 541 gelienna.
2290 482 2343 526 et
2372 473 2606 527 tenebrae
2628 476 2926 529 exteriores
2960 495 2972 529 :
3016 491 3137 546 qua:
3171 478 3352 532 omnia
3395 494 3502 533 non
3534 489 3643 534 tam
3695 481 3768 536 ob

506 587 633 627 cum
663 571 757 641 qui
785 567 1090 639 puniendus
1118 576 1221 633 est,
1250 582 1415 637 quam
1442 576 1660 637 propter
1685 566 1971 621 universos
2009 563 2262 619 homines
2293 569 2591 621 constituta
2622 580 2770 623 sunt.
3788 612 3793 625 ι

580 663 633 719 ϐ.
669 662 727 718 Si
760 673 940 718 autem
975 660 1059 715 vis
1092 659 1256 729 hujus
1304 659 1378 713 rei
1412 667 1604 714 testem
1657 658 1903 728 accipere
1926 656 2067 713 Scri-

2254 656 2315 709 El
2339 656 2395 709 δὲ
2425 657 2600 722 Θέλεις
2635 659 2735 731 τὴν
2768 660 2989 731 Γραφὴν
3028 660 3280 734 μάρτυρα
3319 660 3524 723 λαϐεῖν,
3560 661 3641 715 ὅτι
3670 660 3767 717 καὶ

506 767 722 827 pturam
747 796 763 821 ,
797 752 942 823 quod
988 752 1041 806 in
1076 752 1307 807 aliorum
1366 750 1729 806 eruditionem
1754 790 1770 815 ,
1806 748 1932 803 licet
1960 748 2067 818 jam

2185 748 2265 811 εἰς
2292 748 2493 821 ἑτέρων
2524 751 2803 805 παίδευσιν
2845 752 2894 805 οἱ
2926 752 3240 825 ἁμαρτωλοὶ
3278 751 3618 821 κολάζονται,
3659 753 3766 809 κᾶν

508 843 875 915 desperabiles
910 841 1021 897 sint
1050 850 1387 912 peccatores.
1420 849 1476 895 et
1499 856 1527 893 a
1549 841 1834 895 curatione
1867 840 2067 909 penitus

2181 834 2328 894 οὗτοί
2395 859 2523 895 ποτε
2589 843 2999 915 άπεγνωσμένοι
3072 838 3174 897 ὦσι
3232 843 3361 915 περὶ
3432 843 3760 916 Θεραπείαςο

505 934 704 996 alieni,
741 941 1144 1003 torqueantur;
1182 932 1309 986 audi
1356 931 1706 986 Salomonem
1742 931 1796 985 in
1845 929 2067 985 Prover-

2181 933 2347 987 άκουε
2368 933 2709 1005 Σολομῶντος
2738 936 2794 988 ὲν
2819 938 2940 999 ταῖς
2966 934 3311 1005 Παροιμίαις
3336 934 3604 1004 λέγοντος·
3629 940 3761 991 Δοι-

504 1024 611 1080 biis
632 1023 901 1079 dicentem
916 1022 969 1054 ’³
995 1040 1008 1077 :
1046 1021 1328 1077 Pestilente
1353 1022 1624 1092 ﬂagellato
1645 1022 1944 1091 imprudens
1975 1021 2067 1076 cal

2175 1023 2297 1093 μοῦ
2327 1026 2813 1095 μσστιτουμένου
2832 1025 3038 1096 ἄφρων
3055 1027 3532 1096 πανουργότερος
3566 1028 3671 1083 εστ
3680 1044 3760 1082 αι.

505 1114 668 1169 tidiar
690 1115 810 1169 erit.
841 1112 962 1169 Non
994 1129 1120 1169 eum
1143 1113 1555 1184 quiﬂagellatur
1583 1116 1721 1170 dixit
1740 1115 2078 1171 callidiorem

503 1206 530 1260 ι
530 1215 621 1261 ntu
630 1221 750 1262 rum
765 1215 820 1262 et
837 1206 1222 1277 sapientiorem
1238 1214 1457 1276 propter
1470 1208 1878 1278 castigationem
1897 1222 2078 1274 suam,

503 1299 600 1354 sed
634 1298 980 1368 insipientem
1009 1312 1039 1351 a
1070 1297 1302 1352 stultitia
1338 1297 1404 1352 ad
1436 1297 1781 1368 prudentiam
1830 1296 2077 1354 converti

502 1396 725 1457 propter
753 1386 1020 1457 supplicia
1051 1388 1404 1458 pestilentis:
1452 1388 1558 1443 hoc
1598 1389 1799 1459 quippe
1837 1404 1902 1443 ex
1956 1389 2076 1458 ipso

503 1477 727 1532 nomine
757 1477 1066 1532 calliditatis
1093 1475 1464 1549 signiﬁcatur,
1514 1486 1569 1533 et
1601 1478 1843 1534 converti
1872 1493 1997 1533 eum
2043 1492 2075 1533 a

501 1566 797 1623 calliditate
822 1608 838 1632 ,
889 1568 1019 1624 dum
1089 1569 1230 1624 alios
1284 1569 1457 1625 cernit
1488 1578 1707 1640 propter
1736 1584 1798 1624 ea
1822 1608 1837 1633 ,
1874 1568 2076 1639 quibus

501 1659 620 1730 ipse
648 1659 922 1715 obnoxius
950 1668 1054 1726 est,
1079 1668 1300 1731 peccata
1329 1660 1584 1715 cruciari.
1635 1660 1802 1731 igitur
1856 1659 2077 1730 prodest

501 1752 682 1816 nobis,
715 1752 761 1806 si
794 1760 974 1805 tamen
1005 1751 1154 1821 digni
1198 1765 1391 1806 sumus
1413 1752 1607 1816 salute,
1635 1763 1696 1807 ut
1728 1753 1820 1807 alii
1845 1754 1899 1808 in
1933 1754 2077 1807 utili-

2180 1114 2295 1168 οὐκ
2325 1115 2488 1169 αὐτὸν
2513 1115 2605 1170 τὸν
2640 1117 3071 1188 μαστιγούμενον
3098 1113 3256 1172 εἷπεν
3277 1118 3494 1172 ἔσεσθαι
3527 1134 3764 1191 πανουρ-

2178 1205 2402 1279 γότερον
2435 1209 2531 1261 καὶ
2564 1207 2969 1281 φρονιμώτερον
3010 1209 3099 1263 διὰ
3135 1208 3236 1273 τάς
3277 1209 3582 1281 μάστιγας,
3619 1210 3761 1264 ἀλλά

2177 1298 2269 1353 τὸν
2314 1297 2528 1371 ἄφρονά
2572 1316 2703 1372 φησι
2750 1301 3106 1372 μεταϐάλλειν
3158 1302 3268 1355 ἀπὸ
3319 1300 3633 1373 ἀφροσύνης
3675 1301 3758 1366 είς

2180 1388 2439 1460 φρόνησιν
2463 1388 2550 1442 διὰ
2594 1390 2692 1453 τὰς
2721 1391 3101 1463 προαγομένας
3132 1390 3211 1461 τῷ
3249 1390 3423 1462 λοιμῷ
3455 1390 3752 1462 μάστιγας·

2175 1480 2334 1534 τοῦτο
2368 1479 2476 1552 γὰρ
2516 1480 2840 1551 σημαίνεται
2874 1483 2939 1535 ἐκ
2970 1481 3065 1536 τοῦ
3108 1482 3367 1553 ὀνόματος
3397 1482 3632 1536 ἐνταῦθα
3656 1482 3760 1552 τῆς

2177 1572 2544 1643 πανουργίας·
2580 1574 2675 1627 καὶ
2704 1574 3028 1645 μεταϐάλλει
3054 1574 3142 1629 διὰ
3164 1575 3259 1628 τοῦ
3292 1574 3509 1644 βλέπειν
3537 1573 3757 1643 ἑτέρους

2178 1667 2641 1737 μαστιγουμένους
2663 1670 2693 1722 ὁ
2727 1669 2935 1740 ἄφρων.
2967 1669 3178 1731 Οὐκοῦν
3206 1669 3472 1741 συμφέρει
3490 1668 3757 1739 ἡμῖν,ὲάν

2173 1771 2238 1823 γε
2287 1756 2561 1827 σωτηρίας
2606 1756 2745 1822 ἄξιοι
2795 1757 3082 1829 γενώμεθα
3132 1759 3199 1812 δι’
3244 1758 3418 1813 ἄλλων
3466 1756 3756 1829 κολαζομέ-

499 1851 664 1898 tatem
691 1851 933 1898 nostram
968 1852 1343 1913 torqueantur.
1367 1841 1434 1896 Et
1456 1844 1733 1913 quomodo
1786 1845 1918 1900 utile
1970 1844 2067 1899 fuit

2173 1864 2279 1901 νων
2304 1849 2402 1920 (1),
2422 1849 2517 1902 καὶ
2551 1850 2585 1922 ἠ
2628 1849 2803 1904 ἄλλων
2835 1851 3076 1915 κόλασις.
3118 1851 3229 1905 Καὶ
3263 1850 3337 1915 ὼς
3367 1852 3664 1922 συνήνεγκε
3692 1848 3756 1902 τὺ

497 1943 781 2005 peccatum
797 1934 963 1989 Israel
979 1933 1032 1988 in
1050 1934 1281 1989 salutem
1301 1936 1566 2005 gentium,
1583 1936 1663 1991 sic
1680 1935 1829 1991 utilis
1839 1944 1924 1991 est
1937 1952 2067 2007 quo-

2174 1940 2527 2012 παράπτωμα
2554 1941 2649 1994 τοῦ
2695 1941 2911 2013 Ἰσραὴλ
2941 1945 3007 2013 τῇ
3041 1943 3286 2015 σωτηρίᾳ.
3308 1942 3416 1995 τῶν
3441 1941 3630 2008 ἐθνῶν,
3659 1940 3753 1995 ού-

497 2001 748 2080 rumdam
775 2040 938 2096 pana
966 2026 1200 2080 aliorum
1227 2001 1412 2081 saluti.
1442 2024 1508 2079 Et
1529 2025 1651 2080 ideo
1671 2026 1849 2082 bonus
1878 2034 1932 2081 et
1954 2001 2067 2081 cle-

2171 2001 2282 2095 τως
2314 2001 2547 2086 συνοίσει
2576 2034 2610 2104 ἡ
2640 2001 2940 2105 κόλασιςτῇ
2965 2001 3450 2106 ἐτέρωνισωτηρίᾳ.
3474 2033 3573 2087 Διὰ
3594 2001 3755 2087 τοῦτο

498 2133 654 2174 mens
679 2117 840 2189 199
859 2118 998 2173 Deus
1031 2135 1045 2173 :
1076 2116 1199 2174 Non
1221 2118 1661 2190 parcam,inquit,
1690 2128 1740 2173 et
1787 2135 1888 2174 nan
1911 2119 2069 2175 mise-

499 2208 653 2263 rebor
684 2209 749 2261 ab
775 2209 995 2262 interitu
1023 2225 1224 2265 eorum.

570 2299 622 2352 7.
654 2300 1082 2370 Circumscripto
1110 2310 1292 2357 autem
1327 2301 1431 2357 hoc
1466 2302 1704 2372 capitulo
1728 2342 1744 2367 ,
1786 2302 2071 2359 videamus

497 2389 838 2460 subsequens
877 2391 1145 2460 scriptura
1179 2392 1308 2461 quid
1337 2393 1527 2447 doceat
1557 2392 1605 2426 “
1631 2410 1645 2447 :
1671 2395 1865 2448 Audite
1902 2403 1948 2448 et
1972 2410 2071 2448 au—

495 2482 644 2536 ribus
667 2483 937 2552 percipite,
979 2492 1028 2537 et
1063 2482 1221 2538 nolite
1261 2484 1446 2539 extolli
1470 2524 1483 2549 ,
1525 2486 1776 2556 quoniam
1814 2484 2069 2539 Dominus

493 2575 702 2628 locutus
721 2583 819 2628 est.
858 2572 990 2628 Date
1018 2573 1242 2629 Domino
1278 2574 1385 2629 Deo
1416 2585 1583 2629 vestra
1622 2576 1848 2647 gloriam
1893 2578 2071 2648 prius-

491 2682 652 2737 quam
690 2665 928 2722 obscuret
972 2675 1021 2721 et
1061 2668 1374 2738 priusquam
1406 2668 1675 2738 offendant
1726 2670 1879 2741 pedes
1911 2672 2070 2726 vestri

493 2774 651 2828 super
678 2771 878 2813 montes
903 2758 1221 2823 tenebrasas,
1238 2767 1289 2812 et
1311 2759 1633 2814 sustinebitis
1650 2762 1702 2814 in
1716 2760 1914 2827 lumen,
1933 2771 1983 2815 et
2001 2762 2071 2816 il-

493 2848 564 2902 lia
594 2847 780 2901 umbra
808 2849 1018 2912 martis,
1044 2857 1094 2903 et
1116 2858 1375 2920 ponentur
1403 2849 1458 2902 in
1486 2851 1742 2904 tenebras.
1772 2849 1833 2906 Si
1853 2867 1957 2905 non
1979 2868 2072 2906 au-

495 2941 705 2994 dieritis
727 2938 948 3005 occulte,
982 2939 1213 3009 plorabit
1238 2942 1419 2995 anima
1442 2952 1613 2997 vestra
1650 2960 1683 2997 a
1725 2944 1864 3013 [acie
1883 2954 2071 2999 contu-

495 3030 687 3096 melire,
712 3038 761 3083 et
786 3030 1044 3083 deducent
1064 3032 1205 3085 oculi
1225 3034 1383 3087 vestri
1406 3033 1691 3104 lacrymas,
1718 3036 1843 3105 quia
1871 3038 2071 3091 contri-

494 3138 577 3181 tus
606 3135 681 3180 eqt
706 3142 832 3197 grex
856 3125 1095 3180 Domini.
1129 3124 1356 3181 Eosdem
1383 3126 1498 3180 vult
1531 3128 1741 3194 audire,
1768 3138 1820 3183 et
1843 3128 2069 3185 auribus

494 3219 791 3289 percipere,
828 3232 937 3272 non
967 3225 1277 3281 contentus,
1314 3232 1490 3287 neque
1530 3218 1811 3275 auditione
1857 3221 2065 3276 solum--

2170 2122 2375 2191 ἀγαθὸς
2415 2122 2490 2176 ὢν
2529 2125 2557 2177 δ
2594 2122 2728 2187 Θεός
2774 2141 2970 2195 φησιν’
3019 2126 3101 2178 οὐ
3152 2125 3433 2196 φείσομαι
3484 2126 3582 2180 καί
3637 2128 3753 2179 οὐκ

2170 2214 2517 2284 οἰκτειρήσω
2541 2215 2660 2272 ἀπὸ
2692 2214 3014 2287 διαφθορᾶς
3043 2216 3260 2272 αὐτῶν.

2238 2309 2764 2381 Περιγεγραμμένου
2785 2308 2842 2361 δὲ
2863 2307 2959 2362 τοῦ
2976 2309 3092 2372 ἑνὸς
3107 2307 3419 2389 κεφαλαίου,
3436 2307 3630 2379 ωωμεν
3654 2307 3750 2361 καὶ

2170 2400 2357 2473 ἕτερον
2382 2402 2436 2454 τί
2467 2403 2613 2472 ἡμᾶς
2639 2401 2876 2455 διδάσκει
2899 2417 2915 2433 ’
2960 2402 3299 2465 Ἀκούσατε,
3338 2402 3436 2457 καί
3474 2402 3751 2454 ἐνωτίσα-

2172 2492 2302 2553 σθε,
2333 2488 2431 2545 καί
2454 2490 2541 2560 μὴ
2569 2490 2908 2556 ἐπαίρεσθε,
2932 2491 3023 2546 ὅτι
3054 2492 3265 2560 Κύριος
3295 2490 3584 2559 ἐλάλησε.
3608 2491 3751 2546 Δότε

2173 2578 2253 2646 τῷ
2283 2582 2478 2649 Κιερίῳ
2504 2580 2627 2647 Θεῷ
2654 2581 2822 2652 ὑμῶν
2846 2582 3034 2648 δόξαν
3056 2582 3170 2652 πρὸ
3203 2583 3308 2637 τοῦ
3345 2580 3746 2644 συσκοτὰσαι,

2171 2672 2269 2726 καὶ
2293 2673 2405 2741 πρὸ
2437 2673 2543 2727 τοῦ
2572 2675 2917 2743 προσκόψαι
2939 2674 3077 2743 τοὺς
3108 2674 3299 2742 πόδας
3323 2674 3490 2746 ὑμῶν
3521 2675 3613 2729 ἐπ’
3640 2674 3748 2742 ὄρη

2170 2764 2455 2818 σκοτεινὰ
2473 2780 2487 2794 ο
2514 2764 2614 2818 καί
2648 2765 2993 2836 ἀναμενεῖτε
3019 2770 3108 2832 εις
3132 2765 3254 2837 φῶς
3278 2785 3293 2799 ’
3325 2766 3425 2821 καί
3451 2765 3580 2821 ἐκεῖ
3602 2766 3749 2820 σκιὰ

2171 2852 2452 2919 θανάτου,
2502 2855 2601 2909 καὶ
2652 2856 3011 2924 τεθήσονται
3054 2860 3141 2924 είς
3187 2858 3424 2923 σκότος.
3490 2856 3630 2911 Ἐὰν
3679 2856 3747 2909 δε

2163 2943 2250 3014 μὴ
2283 2944 2587 3013 ἀκούσητε
2613 2947 3046 3017 κεκρυμμένως,
3096 2948 3423 3002 κλαύσεται
3485 2948 3525 3016 ὴ
3574 2947 3747 3017 ψυχὴ

2168 3033 2336 3104 ὑμῶν
2373 3034 2490 3090 ἀπὸ
2530 3036 2856 3103 προσώπου
2894 3039 3137 3107 ὕϐρεως,
3169 3039 3265 3092 καί
3298 3037 3666 3103 κατάξουσιν
3691 3042 3747 3094 ol

2170 3126 2464 3198 ὀφθαλμοὶ
2500 3125 2671 3197 ὑμῶν
2706 3126 2959 3196 δάκρυα,
2985 3129 3135 3183 διότι
3173 3129 3487 3198 συνετρίϐη
3520 3136 3586 3183 τὸ
3614 3131 3747 3184 ποί-

2164 3232 2345 3286 μνιον
2387 3217 2629 3286 Κυρίου.
2675 3217 2911 3283 Τούτους
2956 3218 3154 3282 αὐτοὺς
3196 3218 3443 3289 βούλεται
3491 3218 3745 3285 ἀκοῦσαι,

494 3310 679 3375 modo,
709 3325 885 3381 neque
911 3310 1126 3364 aurium
1148 3309 1512 3379 perceptione;
1544 3318 1763 3380 propter
1783 3311 1929 3382 quod
1947 3311 2024 3366 ait
2051 3329 2063 3367 :

2170 3308 2266 3362 καὶ
2320 3308 2700 3372 ὲνωτίσασθαι,
2759 3311 2860 3364 οὐκ
2916 3311 3291 3382 ἀρκουμένους
3350 3310 3446 3383 (2),
3491 3310 3616 3365 οὔτε
3668 3313 3744 3383 τῷ

493 3402 689 3457 Audite
710 3413 759 3456 et
789 3401 1007 3457 auribus
1030 3402 1298 3471 percipite,
1331 3410 1401 3467 et,
1431 3401 1575 3470 quod
1619 3401 1705 3457 his
1749 3403 1928 3473 majus
1961 3412 2064 3470 est,

492 3492 657 3549 nolite
683 3492 890 3561 extolli,
936 3500 991 3548 et
1025 3493 1233 3563 reliqua
1280 3507 1400 3563 quae
1434 3502 1756 3563 sequuntur.
1798 3494 1939 3561 Quid
1984 3502 2069 3550 est

491 3602 623 3658 ergo
654 3586 863 3652 audire,
907 3593 962 3640 et
986 3585 1118 3656 quid
1150 3592 1235 3640 est
1264 3584 1489 3639 auribus
1525 3584 1822 3655 percipere,
1849 3585 2067 3657 exipsis

493 3678 843 3734 sermonibus
879 3678 1310 3734 consideremus.
1363 3677 1605 3732 Auribus
1640 3677 1920 3748 percipere
1960 3686 2064 3741 est,

493 3780 553 3827 nt
580 3770 713 3825 mihi
743 3769 962 3841 quidem
986 3769 1222 3835 videtur,
1259 3768 1486 3825 auribus
1530 3784 1652 3840 quae
1682 3769 1939 3824 dicuntur
1969 3784 2067 3824 au.

490 3862 629 3917 dire.
661 3859 816 3927 Quod
851 3869 1031 3915 autem
1063 3859 1343 3930 praecedit,
1368 3858 1570 3926 audite,
1594 3859 1641 3915 si
1662 3858 1727 3913 ad
1756 3858 2069 3915 distinctio-

492 3966 617 4006 nem
648 3952 768 4022 ejus
799 3951 1052 4021 praecepti
1097 3950 1329 4014 dicitur,
1379 3948 1524 4019 quod
1576 3961 1761 4019 postea
1811 3949 2063 4017 infertur,

491 4041 711 4098 auribus
757 4043 1037 4113 percipite,
1093 4041 1198 4096 hoc
1242 4041 1471 4111 imperat
1517 4050 1576 4095 ut
1608 4040 1662 4095 in
1723 4052 1964 4099 mentem
2012 4053 2067 4099 et

490 4151 712 4193 sensum
755 4150 818 4190 ea
850 4149 971 4204 quae
1018 4134 1310 4201 dicuntur,
1362 4134 1657 4205 excipiant.
1706 4134 1893 4208 Neque
1937 4153 2064 4195 vero

492 4229 599 4286 hac
616 4228 793 4284 solum
821 4227 875 4280 in
902 4226 1044 4294 loco,
1079 4228 1173 4282 sed
1212 4227 1265 4281 in
1293 4228 1439 4281 omni
1461 4226 1741 4298 Scriptura
1768 4239 1895 4286 sunt
1915 4246 2065 4301 quae-

491 4322 616 4375 dam
651 4330 704 4375 et
736 4317 914 4375 facilia
951 4329 1004 4375 et
1041 4334 1292 4391 prompta
1338 4321 1404 4375 ad
1446 4320 1855 4393 intelligendum
1880 4362 1897 4388 ,
1942 4339 2066 4395 quae

491 4411 674 4465 statim
721 4420 780 4465 ut
817 4411 953 4466 lecta
991 4410 1235 4477 fuerint,
1278 4412 1569 4469 utilitatem
1618 4414 1921 4485 legentibus
1968 4417 2067 4471 tri-

491 4505 683 4559 buunt.
714 4502 854 4558 Sunt
880 4503 984 4559 alia
1014 4504 1307 4560 secretiora
1332 4514 1386 4560 et
1417 4505 1731 4569 ineffabilia,
1765 4518 1853 4575 et,
1896 4518 1957 4563 ut
1986 4508 2058 4563 ita

489 4595 690 4661 dicam,
721 4593 1046 4665 quibusdam
1075 4594 1499 4651 obscuritatibus
1550 4595 1810 4651 involuta.
1863 4597 1939 4653 De
1974 4597 2062 4653 his

2170 3401 2391 3456 ἀκούειν
2418 3402 2616 3466 αὐτοὺς
2645 3402 2823 3470 μόνον,
2852 3400 2976 3454 οὔτε
3008 3401 3087 3473 τῷ
3118 3401 3465 3467 ὲνωτίζεσθαι
3488 3421 3501 3433 ·
3534 3403 3617 3457 διό
3644 3421 3747 3476 φη-

2172 3510 2255 3547 σιν
2277 3510 2290 3524 ·
2344 3494 2660 3551 Ἀκούσατε
2688 3494 2788 3547 καί
2833 3493 3209 3555 ἐνωτίζεσθευ
3243 3492 3364 3548 εἶτα
3410 3496 3549 3568 μετὰ
3588 3497 3748 3553 τοῦτο

2170 3586 2501 3657 προστάσσει
2543 3586 2728 3649 αὐτοῖς
2769 3584 2856 3655 μὴ
2895 3586 3262 3654 ἐπαίρεσθαι,
3307 3586 3403 3640 καὶ
3438 3587 3677 3642 διδάσκει
3715 3590 3746 3643 δ

2169 3678 2439 3748 ποιητέον.
2477 3678 2542 3730 Τί
2570 3674 2663 3730 οὖν
2689 3678 2750 3730 τὸ
2783 3675 3040 3741 ἀκοῦσαι,
3068 3679 3165 3731 καὶ
3194 3678 3246 3731 τί
3276 3679 3336 3733 τὸ
3366 3680 3741 3746 ἑνωτίσασθαι,

2169 3770 2265 3824 ἀπ’
2279 3770 2448 3840 αὐτῆς
2459 3771 2557 3841 τῆς
2569 3769 2765 3837 λέξεως
2777 3772 3222 3842 κατανοήσωμεν.
3251 3772 3325 3825 Τὸ
3348 3772 3742 3837 ἐνωτίσασθε,

2169 3863 2249 3925 είς
2285 3861 2356 3916 τά
2392 3856 2509 3916 ὦτα
2553 3862 2779 3930 δέξασθε
2800 3879 2815 3893 ο
2858 3863 2952 3917 καλ⁸
2979 3866 3041 3919 τὸ
3085 3866 3385 3921 ἀκούσατε
3430 3866 3565 3938 πρὸς
3591 3866 3743 3919 ἀντι-

2166 3952 2451 4026 διαστολὴν
2478 3954 2697 4024 λέγεται
2734 3955 2829 4009 τοῦ
2877 3956 3265 4021 ἐνωτίσασθε,
3322 3959 3535 4031 μήποτέ
3572 3959 3744 4023 ἐστιν,

2168 4043 2249 4107 εἰς
2283 4043 2380 4115 τὴν
2409 4044 2647 4099 διάνοιαν
2682 4044 2927 4112 δέξασθε.
2958 4046 3068 4100 Καὶ
3100 4047 3194 4101 ἐπὶ
3219 4046 3327 4101 τῶν
3355 4048 3661 4119 λεγομένων
3686 4049 3744 4102 ἐν

2167 4138 2287 4200 ταῖς
2310 4137 2573 4208 Γραφαῖς,
2604 4136 2641 4191 ἃ
2674 4138 2773 4209 μὲν
2803 4135 2958 4192 ἐστὶν
2986 4138 3401 4211 άπορῤητότερα
3428 4141 3523 4193 καὶ
3552 4155 3735 4210 μυστιο

2167 4226 2383 4301 κώτερα
2401 4244 2415 4259 '
2442 4228 2479 4283 ἃ
2501 4226 2558 4283 δὲ
2582 4228 2809 4283 αὐτόθεν
2835 4231 3078 4302 χρήσιμα
3115 4232 3229 4295 τοῖς
3254 4230 3454 4287 νοοῦσι.
3484 4232 3620 4303 Περὶ
3646 4231 3745 4303 μὲν

2165 4320 2274 4375 τῶν
2314 4320 2791 4395 ἀπορῤητοτέρων,
2812 4317 2988 4392 οἶμαι,
3009 4321 3223 4390 λέγεται
3251 4322 3337 4376 τό·
3386 4323 3700 4378 Ἀκούσατε
3724 4340 3739 4352 ·

2166 4412 2296 4483 περὶ
2317 4412 2374 4465 δὲ
2408 4411 2517 4466 τῶν
2539 4412 2764 4466 αὐτόθεν
2792 4411 3098 4483 χρησίμων,
3127 4411 3221 4465 καὶ
3247 4413 3415 4483 χωρὶς
3445 4415 3742 4486 ἑρμηνείας

2165 4499 2473 4571 δυναμένων
2495 4499 2769 4570 ὠφελῆσαι
2789 4499 2885 4551 τὸν
2905 4498 3190 4565 ἀκούοντα,
3209 4499 3286 4553 τό·
3319 4501 3736 4556 Ἐνωτίσασθε.

2168 4590 2335 4660 Ὅλην
2363 4586 2457 4643 οὖν
2496 4589 2596 4662 τὴν
2623 4588 2847 4662 Γραφὴν
2878 4588 2972 4642 ἐὰν
3002 4586 3368 4658 δξετάσωμεν,
3396 4587 3629 4660 ἐροῦμεν
3655 4588 3743 4640 δό-

490 4686 654 4757 igitur
677 4700 799 4754 quae
836 4686 1004 4740 latent
1045 4694 1099 4742 et
1127 4687 1469 4757 expositione
1505 4686 1778 4759 indigent,
1825 4688 2062 4744 arbitror

2169 4699 2317 4755 κιμοι
2355 4681 2636 4753 γενόμενοι
2684 4680 3035 4751 τραπεζῖται·
3085 4680 3255 4734 Τοῦτο
3290 4682 3385 4752 μὲν
3415 4680 3741 4738 ἀκούσατε.

489 4793 637 4833 nunc
664 4779 869 4833 dictum
897 4781 1018 4833 esse
1046 4797 1061 4833 :
1097 4778 1324 4844 Audite;
1353 4779 1421 4833 de
1452 4778 1537 4833 his
1563 4787 1746 4834 autem
1774 4795 1897 4851 qua
1940 4781 2061 4836 sine

489 4867 748 4938 scrupulo
802 4867 1212 4937 interpretantis
1257 4867 1497 4922 auditori
1546 4869 1829 4923 commoda
1871 4879 2002 4924 sunt
2040 4886 2055 4923 :

490 4957 722 5013 Auribus
751 4959 1023 5028 pereipite.
1054 4957 1451 5014 Percurramus
1480 4958 1767 5014 universas
1810 4959 2059 5029 Scriptu-

488 5062 601 5113 ras,
631 5055 684 5101 et
713 5047 925 5117 probati
960 5048 1312 5102 nummularii
1342 5046 1515 5103 eﬂ‘eCti
1540 5046 1808 5113 dicamus,
1838 5047 1945 5102 hoc
1969 5062 2061 5102 au-

487 5139 606 5195 dire
635 5138 915 5205 debemus,
952 5139 1057 5194 hoc
1086 5138 1311 5193 auribus
1335 5137 1632 5207 percipere.
1666 5136 1910 5208 Denique
1932 5152 2059 5193 cum

489 5230 830 5288 audierimus
862 5239 915 5287 et
941 5230 1347 5302 perceperimus
1375 5228 1601 5284 auribus
1626 5243 1750 5298 quae
1774 5228 2057 5298 dicuntur,

557 5442 604 5477 ”
639 5442 801 5501 Prov.
835 5459 947 5508 xIx,
971 5441 1064 5498 25.
1140 5441 1188 5473 “
1209 5440 1412 5496 Jerem.
1445 5456 1563 5507 xm,
1599 5443 1685 5511 15,
1716 5444 1804 5511 i6,
1836 5444 1939 5502 17.;

558 5618 634 5687 (1)
684 5620 825 5675 Ἐάν
842 5638 909 5693 τε
930 5620 1226 5689 σωτηρίας
1257 5618 1410 5684 ἄξιοι
1505 5621 1736 5691 νεώμεθα
1753 5621 1828 5676 δι’
1852 5621 2077 5678 ἄλλων

558 5687 917 5745 ιλαζοηένων.
960 5689 1075 5745 Hoc
1100 5701 1182 5745 est
1210 5709 1223 5745 :
1254 5689 1313 5745 Si
1337 5638 1503 5745 mor}:
1523 5709 1615 5745 uer
1638 5695 1868 5745 aliorum
1903 5694 2057 5745 nuni-

1459 5711 1489 5744 0

492 5687 917 5762 πλαζομένων.
960 5687 1182 5746 Ηοιίρει
1207 5687 1223 5747 ι
1254 5689 1313 5746 Si
1337 5687 1489 5745 modo
1523 5687 1615 5762 per
1638 5695 1868 5748 aliarum
1901 5694 2057 5762 puni-

495 5761 682 5808 tionem
723 5760 868 5829 digni
890 5763 1062 5817 salute
1085 5762 1351 5832 eﬂicimur.
1397 5760 1532 5819 Male
1563 5760 1927 5836 Hieronymus
1954 5782 1967 5819 :
1998 5761 2057 5817 Si

1012 5908 1035 5945 ι

2165 4774 2320 4829 τοῦτο
2354 4772 2412 4827 δὲ
2443 4772 2815 4828 ἐνωτίσασθε
2830 4772 3063 4842 δέχεται.
3126 4772 3294 4826 Ἐπὰν
3327 4770 3739 4842 ἐπακούσωμεν,

2161 4866 2257 4919 καὶ
2282 4863 2685 4934 ὲνωτισώμεθα,
2712 4863 3043 4937 προστάσσει
3077 4865 3207 4935 ἡμῖν
3227 4880 3241 4894 ·
3268 4862 3380 4917 Kal
3401 4862 3484 4933 μὴ
3510 4862 3743 4931 ἐπαίρε-

2162 4962 2273 5012 σθε
2296 4974 2309 4987 ·
2348 4955 2467 5024 πᾶς
2508 4956 2619 5027 γὰρ
2664 4959 2698 5011 ό
2743 4954 2920 5027 ὑψῶν
2943 4956 3161 5011 ἑαυτὸν
3210 4954 3737 5022 ταπεινωθήσεται·

2161 5048 2256 5102 καὶ
2281 5050 2309 5102 ὁ
2333 5047 2521 5121 Σωτὴρ
2546 5048 2605 5102 δὲ
2629 5050 2686 5103 ὲν
2721 5049 2799 5122 τῷ
2835 5050 3016 5120 λέγειν
3034 5068 3046 5082 ·
3074 5050 3301 5105 Μάθετε
3326 5050 3428 5105 ἀπ’
3453 5049 3622 5120 ἐμοῦ,
3651 5048 3742 5102 ὅτι

2164 5142 2357 5207 πραΰς
2372 5144 2510 5211 εἰμι,
2547 5142 2646 5196 καί
2680 5145 2959 5211 ταπεινὸς
2986 5144 3057 5213 τῇ
3084 5143 3317 5212 καρδίᾳ,
3333 5144 3429 5199 καί
3454 5142 3744 5212 εὑρήσετε

2168 5234 2518 5290 ἀνάπαυσιν
2548 5237 2679 5305 ταῖς
2709 5238 2938 5309 ψυχαῖς
2978 5238 3145 5309 ὑμῶν
3164 5256 3177 5269 ·
3221 5238 3461 5294 διδάσκει
3497 5240 3644 5313 ἡμᾶς
3684 5236 3747 5295 τὸ

2163 5638 2339 5682 tamen
2367 5629 2517 5697 digni
2545 5644 2727 5682 sumus
2753 5629 2944 5683 salute.

2235 5698 2313 5769 (2)
2357 5698 2799 5768 Ἀρκουμένους.
2833 5698 2972 5771 Lege
2995 5697 3353 5771 ἀρκούμενος.
