4122 6438
341 349 451 410 εει)
1546 353 1610 411 ΙΝ
1648 352 1904 410 ΙΕῐὶΕΜΙ.

2032 356 2311 411 nomen
2354 356 2467 413 xu.
3498 371 3606 431 590

344 471 421 541 μὴ
441 468 782 539 ἐπαίρεσθαι.
806 468 960 522 Μετὰ
989 467 1099 540 γὰρ
1124 468 1233 523 τῶν
1255 470 1427 524 ἄλλων
1452 471 1809 543 ἀνθρωπίνων
1833 490 1904 525 κα

2026 488 2132 526 nou
2162 475 2437 529 elevemur
2469 495 2481 530 :
2517 475 2701 532 Omnis
2732 480 2925 551 quippe
2958 483 3046 552 qui
3077 500 3131 538 se
3173 484 3419 542 humilia:
3447 493 3604 544 exal-

338 559 454 613 κῶν
484 560 578 613 καὶ
604 558 763 612 τοῦτο
789 559 848 611 τὸ
883 559 1187 631 ἁμάρτημα
1210 560 1344 614 πολὺ
1382 562 1441 614 ἐν
1471 563 1600 632 ἡμῖν
1637 563 1807 626 ἐστιν,
1835 563 1904 615 ὁτὲ

2029 564 2234 617 tubitur
2259 566 2324 630 ἐς
2360 575 2413 620 et
2466 565 2714 622 Salvator
2747 582 2936 627 uoster
2968 575 3155 631 dicens
3187 578 3233 609 "
3281 597 3295 632 :
3334 579 3536 636 Discite
3566 600 3601 636 ιι

341 649 442 720 μὲν
468 648 579 720 γὰρ
618 648 758 701 πάνυ
782 648 994 718 ἀλόγως
1019 650 1420 723 ἐπαιρομένοις,
1452 652 1547 704 καὶ
1579 653 1664 720 ἐφ’
1689 645 1762 705 ὧν
1803 651 1904 704 οὐδὲ

2027 667 2108 706 me
2133 654 2254 723 quia
2286 656 2430 709 mitis
2454 673 2569 709 sum
2602 667 2649 711 et
2675 659 2892 715 humilis
2915 664 3103 728 corde,
3143 676 3192 719 et
3220 667 3489 725 invenietis
3515 688 3603 725 rc-

336 738 484 793 κατά
508 738 571 791 τὸ
611 738 776 792 ποσὸν
808 738 1131 810 ἐπαίρεσθαι
1157 740 1285 812 χρὴ,
1319 740 1407 793 ὁτὲ
1443 740 1501 793 δὲ
1536 739 1674 810 μετὰ
1703 740 1904 793 πιθανά

2025 743 2197 812 quiem
2226 744 2281 797 iu
2313 747 2591 800 animabus
2621 751 2827 814 vestris;
2853 752 3009 807 docet
3038 770 3138 810 nos
3162 772 3226 810 ne
3253 760 3598 816 extollamur.

336 848 522 902 τητος,
550 832 633 884 ὅτι
660 829 885 899 εὔλογον
909 830 970 882 τὸ
998 832 1082 899 ἐφ’
1105 831 1133 884 δ
1156 830 1517 905 ἐπαιρόμεθα,
1543 831 1602 884 οὒ
1637 832 1742 903 μὴν
1769 832 1904 901 ὑγιὲς

2025 831 2160 887 Nam
2189 851 2313 889 cum
2366 837 2550 892 multis
2601 840 2751 895 vitiis
2791 858 2961 912 genus
3010 858 3235 901 vexetur
3276 850 3600 914 humanum,

344 925 434 977 καὶ
454 925 543 976 ἐπ’
567 924 745 975 ἐκεῖνο
769 922 828 975 τὸ
866 922 1212 993 ἐπαίρεσθαι.

2024 923 2130 979 hoc
2180 936 2404 995 peccato
2456 930 2536 983 vel
2584 931 2820 987 maxime
2860 938 3149 1003 premitur.
3188 936 3299 994 Nec
3338 956 3479 998 unus
3521 952 3604 997 est

334 1016 537 1070 modus
558 1015 846 1085 superbiae.
877 1015 1033 1069 Alius
1058 1014 1503 1069 irrationabiliter
1547 1023 1602 1069 et
1630 1016 1921 1070 stultorum
1963 1032 2117 1072 more
2142 1017 2197 1072 in
2231 1018 2298 1074 iis
2332 1019 2555 1076 eﬂ'ertur
2599 1038 2720 1092 quae
2764 1026 2936 1096 magis
2980 1029 3187 1096 pudore
3228 1031 3390 1102 digna
3443 1045 3600 1091 sunt.

336 1123 431 1168 aut
474 1121 623 1167 certe
668 1112 889 1165 modum
922 1111 1175 1166 elationis
1214 1111 1446 1167 excedit.
1487 1111 1641 1166 Alius
1681 1111 1838 1181 quasi
1876 1113 1987 1167 veri
2039 1113 2388 1169 simulatione
2443 1116 2700 1173 seductus
2732 1133 2897 1189 super
2944 1122 3011 1177 iis
3048 1124 3291 1181 elevatur
3334 1132 3453 1199 quae
3498 1125 3601 1184 sibi

334 1206 501 1275 digna
541 1203 712 1273 gloria
744 1212 931 1273 putat,
980 1217 1104 1257 cum
1137 1211 1190 1258 et
1218 1203 1273 1256 in
1307 1203 1506 1258 talibus
1550 1204 1917 1273 periculosum
1957 1204 2028 1258 sit
2062 1202 2302 1273 gloriari.

410 1299 480 1350 Ὀ
502 1297 559 1351 δὲ
590 1296 734 1366 λέγω
761 1296 934 1360 οὕτως
970 1295 1124 1351 ἔσται
1158 1296 1329 1367 σαφές
1350 1313 1365 1328 ο
1395 1297 1501 1350 εἰσί
1525 1315 1667 1362 τινες
1697 1299 1920 1370 ἐπαιρό-

341 1406 511 1460 μενοι,
550 1389 633 1443 ὅτι
672 1388 808 1441 εἰσὶν
859 1388 963 1441 υἱοὶ
996 1388 1299 1459 ἡγεμόνων,
1345 1389 1440 1442 καὶ
1464 1390 1545 1443 ὅτι
1587 1389 1777 1460 γένους
1809 1389 1917 1442 είσὶ

335 1481 445 1535 τῶν
472 1479 582 1534 ἀπὸ
612 1479 892 1551 κοσμικῶν
923 1478 1248 1549 ἀξιωμάτων
1284 1480 1554 1551 μεγάλων.
1582 1483 1643 1535 Οἱ
1664 1481 1914 1548 τοιοῦτοι,

338 1575 430 1627 ἐπὶ
460 1572 808 1644 άπροαιρέτῳ
839 1573 934 1626 καὶ
976 1572 1261 1644 πράγματι
1307 1574 1585 1645 ἁδιαφόρῳ
1615 1574 1914 1646 ἐπαιρόμε-

2089 1299 2145 1353 8.
2199 1300 2521 1373 Exemplum
2574 1319 2851 1361 assumam
2878 1348 2893 1374 ,
2942 1324 3051 1379 quo
3093 1310 3187 1367 ﬁat
3230 1318 3594 1380 manifestius.

2022 1393 2163 1449 Sunt
2193 1397 2415 1466 quidam
2446 1399 2499 1451 iu
2540 1413 2605 1452 eo
2638 1415 2696 1454 se
2725 1401 2997 1471 jactantes
3022 1442 3037 1468 ,
3086 1407 3215 1476 quia
3263 1411 3363 1467 lilii
3411 1417 3598 1487 regum

2018 1493 2168 1552 sunt,
2207 1495 2261 1541 et
2292 1488 2457 1542 nobili
2492 1487 2693 1544 familia
2722 1492 2852 1548 nati.
2887 1492 3199 1552 Istiusmodi
3234 1501 3484 1560 homines
3530 1523 3601 1563 ne

2020 1575 2270 1631 umbram
2323 1579 2542 1648 quidem
2585 1589 2639 1636 et
2681 1583 2974 1654 imaginem
3006 1587 3258 1648 elationis
3304 1609 3418 1650 suae
3466 1613 3599 1668 pos-

337 1682 438 1728 νοι,
464 1666 586 1719 οὐδὲ
614 1664 949 1736 πιθανότητα
978 1666 1198 1736 εὔλογον
1243 1668 1424 1738 ἔχουσι
1451 1666 1548 1737 τὴν
1574 1666 1904 1739 παραϐαλλο-

2020 1677 2148 1722 sunt
2198 1673 2504 1726 ostendere.
2547 1673 2688 1729 Sunt
2735 1678 2825 1730 alii
2865 1679 2957 1747 qui
3002 1681 3069 1736 de
3109 1699 3175 1738 eo
3220 1664 3599 1760 sublevantur,

335 1758 508 1829 μένην
539 1758 736 1822 αὐτοὺς
760 1757 852 1811 ἐπὶ
879 1757 940 1812 τὸ
974 1758 1317 1830 ἐπαίρεσθαι.
1364 1759 1515 1811 Εἰσὶν
1540 1758 1913 1831 ἐπαιρόμενοι.

333 1850 416 1904 ὅτι
449 1850 702 1922 εἰλήφασι
730 1850 829 1922 τὴν
865 1850 995 1922 παρ’
1027 1851 1211 1915 αὐτοῖς
1251 1850 1592 1921 καλουμένην
1635 1853 1916 1925 προκοπὴν

335 1940 609 2013 τοιαύτην,
656 1939 797 1994 ὥστε
838 1940 1134 2011 ἀποτεμεῖν
1177 1938 1481 2013 ἀνθρώπων
1526 1940 1785 2009 κεφαλάς.
1851 1943 1915 1996 Ἡ

334 2030 457 2095 δόξα
493 2029 604 2084 τῶν
629 2012 884 2084 ⁴τοιούτων
921 2031 979 2083 ἐν
1008 2032 1075 2101 τῇ
1104 2029 1333 2103 αἰσχύνῃ
1364 2028 1544 2083 αὐτῶν
1570 2032 1737 2083 ἐστιν.
1779 2028 1908 2081 Ἀλ-

335 2118 414 2172 λοι
457 2119 548 2173 ἐπὶ
599 2119 814 2187 πλούτῳ
865 2119 1184 2191 ἐπαίρονται
1223 2118 1323 2171 οὐκ
1370 2116 1626 2188 ἀληθινῷ,
1658 2117 1795 2172 ἀλλὰ
1835 2117 1914 2190 τῷ

340 2212 501 2265 κάτω.
531 2212 640 2267 Καὶ
678 2212 825 2268 ἄλλοι
858 2212 1198 2282 ἐπαίρονται,
1228 2211 1348 2283 φέρ’
1378 2213 1572 2273 εἰπεῖν,
1603 2211 1696 2264 ἐπὶ⁸
1732 2210 1809 2282 τῷ
1836 2212 1915 2264 0i-

337 2301 455 2355 κίαν
490 2302 634 2375 ἔχειν
675 2304 846 2375 καλὴν
890 2303 922 2375 ἦ
964 2303 1170 2375 ἀγροὺς
1210 2301 1460 2365 πολλούς.
1493 2302 1658 2355 Οὐδὲν
1705 2302 1911 2356 τούτων

331 2396 445 2449 ἐστὶ
471 2395 632 2464 λόγου
667 2395 837 2461 ἄξιον.
875 2395 950 2448 06
984 2394 1092 2465 χρὴ
1138 2393 1461 2465 ἐπαίρεσθαι
1506 2395 1597 2446 ἐπί
1633 2411 1739 2447 τινι
1784 2393 1910 2447 τοὺ-

328 2503 453 2539 των.
494 2486 568 2540 Τὸ
606 2485 830 2539 πιθανὸν
860 2484 917 2537 δὲ
960 2485 1089 2556 περὶ
1126 2482 1221 2536 τοῦ
1268 2482 1615 2553 ἐπαίρεσθαι,
1649 2483 1778 2537 ὅταν
1827 2501 1911 2550 τις

328 2577 643 2650 ἐπαίρηται,
684 2577 767 2630 ὅτι
811 2575 971 2645 σοφός
1006 2576 1142 2640 ἐστι,
1179 2574 1274 2628 καὶ
1314 2574 1608 2647 ἐπαίρηται
1657 2574 1910 2641 συνειδὼς

329 2668 528 2740 ἐαυτῷ,
557 2669 638 2723 ὅτι
662 2667 766 2739 ἥδη
794 2665 900 2720 ἀπὸ
921 2666 1052 2720 δέκα
1074 2665 1210 2719 ἐτῶν
1232 2665 1331 2736 οὐχ
1354 2663 1532 2737 ἥψατο
1556 2664 1904 2736 ἀφροδισίων,

323 2760 360 2831 ἢ
392 2758 486 2813 καὶ
514 2759 580 2811 ἐκ
617 2758 826 2811 παίδων
856 2758 955 2828 οὐχ
986 2756 1183 2827 ἥψατο.
1217 2757 1329 2810 Καὶ
1364 2755 1525 2809 πάλιν
1562 2754 1718 2819 ἄλλος
1746 2755 1905 2808 ἐπαί-

330 2867 504 2922 ρεται,
545 2849 628 2902 ὅτι
665 2847 898 2919 δεσμοὺς
940 2848 1165 2920 ἐφόρεσε
1193 2847 1320 2910 τοὺς
1358 2845 1488 2918 περὶ
1518 2845 1778 2919 Χριστοῦ.
1809 2848 1907 2901 Ht-

323 2939 566 3009 θανότης
592 2936 692 3007 μὲν
720 2935 867 2990 ἐστιν
890 2936 1119 2989 ἐνταῦθα
1145 2935 1537 3000 ὑποϐάλλουσα,
1563 2937 1644 2989 ὅτι
1669 2936 1904 3005 εὐλόγως

328 3046 415 3092 τις
438 3027 719 3100 ἐπαίρεται
742 3044 755 3058 ·
786 3027 919 3099 πλὴν
940 3026 1112 3089 οὕτως
1133 3028 1235 3080 οὐκ
1262 3025 1407 3080 ἐστιν
1430 3027 1553 3081 οὐδὲ
1578 3027 1671 3081 ἐπὶ
1694 3027 1903 3092 τούτοις
1930 3067 1972 3125 C

331 3120 565 3191 εὐλόγως
587 3120 925 3191 ἐπαίρεσθαι.
956 3119 1165 3182 Παῦλος
1196 3115 1310 3191 εἶχε
1339 3121 1440 3193 τὴν
1470 3119 1603 3192 ὓλην
1633 3120 1727 3173 τοῦ
1752 3120 1905 3175 ἐπαί-

330 3213 518 3285 ρεσθαι
547 3213 709 3267 αὑτὸν
741 3212 829 3267 διὰ
853 3213 953 3279 τὰς
982 3213 1266 3278 ὀπτασίας,
1292 3213 1379 3267 διὰ
1404 3211 1474 3266 τά
1503 3213 1776 3286 ὁράματα,
1806 3212 1903 3266 καὶ

319 3300 413 3359 διὰ
440 3306 509 3361 τὰ
538 3307 741 3379 τέρατα
778 3308 874 3361 καὶ
919 3308 1143 3378 σημεῖα,
1173 3306 1260 3359 διὰ
1307 3307 1436 3370 τοὺς
1486 3306 1766 3378 καμάτους
1807 3304 1902 3372 οὓς

321 3396 526 3468 ἔκαμεν
554 3396 698 3468 ὑπὲρ
726 3394 987 3468 Χριστοῦ,
1022 3394 1112 3450 διὰ
1151 3394 1252 3459 τὰς
1289 3395 1612 3467 Ἐκκλησίας
1641 3397 1707 3460 ἃς
1733 3394 1901 3469 ἔπηξε

322 3485 790 3558 φιλοτιμούμενος,
815 3487 947 3540 ὅπου
990 3485 1063 3557 μὴ
1089 3484 1383 3557 ὠνομάσθη
1417 3486 1652 3557 Χριστὸς
1678 3484 1903 3555 θέμενος

335 3577 675 3648 Ἐκκλησίαν.
717 3576 902 3630 Ταῦτα
934 3577 1113 3632 πάντα
1153 3575 1287 3648 ὓλην
1323 3576 1417 3630 τοῦ
1447 3574 1771 3648 ἐπαίρεσθαι
1799 3577 1898 3629 αὺ-

320 3670 411 3724 τὸν
439 3666 551 3742 εἶχε
583 3670 763 3739 λέγειν
804 3670 875 3742 (l)
919 3670 1057 3741 μετὰ
1091 3670 1449 3741 πιθανότητος
1491 3668 1591 3740 τῆς
1639 3668 1768 3741 περὶ
1805 3667 1898 3722 τοῦ

321 3761 660 3834 ἐπαίρεσθαι,
687 3762 769 3815 ὅτι
798 3761 976 3825 καλῶς
1005 3761 1071 3815 ἂν
1113 3760 1257 3828 ἔδοξὲ
1292 3777 1432 3814 τισιν
1460 3758 1779 3831 ἐπαίρεσθαι
1804 3759 1901 3812 αὑ-

318 3852 429 3906 τόν.
454 3850 756 3924 Ἀλλ’ὄμως
785 3853 906 3906 ἐπεὶ
943 3852 1066 3907 οὐδὲ
1097 3852 1158 3905 τὺ
1181 3853 1274 3906 ἐπὶ
1310 3852 1423 3916 τοῖς
1448 3850 1711 3915 τοιούτοις
1741 3850 1900 3903 ἐπαί-

322 3942 509 4016 ρεσθαι
537 3943 818 3997 ἀκίνδυνόν
846 3946 1015 4009 ἐστιν,
1045 3946 1075 3998 6
1105 3943 1341 4015 χρηστὸς
1368 3943 1578 4015 Πατὴρ,
1602 3942 1660 4006 ὃς
1694 3941 1899 4013 ἐδωρή-

322 4050 450 4087 σατο
473 4034 550 4105 (2)
573 4033 722 4105 αὐτῷ
748 4035 1009 4100 ὀπτασίας
1038 4036 1131 4089 καὶ
1155 4035 1426 4107 ὁράματα,
1461 4028 1615 4096 οὗτος
1640 4032 1718 4103 (5)
1746 4030 1898 4101 αὐτῷ

318 4125 377 4177 ἐν
409 4125 751 4197 χαρίσματος
774 4125 942 4197 μοίρᾳ
967 4124 1164 4179 ἔδωκεν
1186 4122 1417 4194 ἄγγελον
1443 4122 1642 4190 Σατὰν,
1677 4123 1763 4177 ἵνα
1794 4122 1895 4176 αὑ·-

227 4260 242 4277 .
315 4215 408 4269 τὸν
434 4216 724 4289 κολαφίσῃ,
755 4216 841 4270 ἵνα
869 4218 944 4289 μὴ
974 4216 1341 4289 ὑπεραίρηται
1361 4232 1375 4247 ·
1418 4215 1513 4270 καὶ
1542 4216 1673 4287 περὶ
1700 4214 1893 4269 τούτου

314 4304 436 4375 τρὶς
461 4304 553 4358 τὸν
593 4305 799 4376 Κύριον
826 4305 1224 4378 παρεκάλεσεν,
1280 4306 1368 4360 ἵνα
1411 4306 1622 4376 ἀποστῇ
1656 4304 1751 4359 ἀπ’
1797 4306 1896 4359 αὐ-

2022 1758 2148 1827 quia
2181 1768 2501 1828 potestatem
2531 1764 2730 1818 habent
2758 1768 3038 1824 occidendi
3075 1773 3354 1845 homines;
3399 1789 3453 1835 et
3479 1823 3493 1848 ,
3540 1758 3599 1838 ut

2021 1849 2184 1919 200
2209 1851 2310 1946 ipsi
2342 1862 2555 1922 putant,
2588 1872 2651 1911 ea
2689 1856 2808 1913 fulti
2845 1870 2974 1916 sunt
3012 1864 3307 1936 dignitate,
3349 1881 3409 1927 ut
3456 1892 3597 1946 quo-

2021 1957 2144 1996 rum
2188 1944 2356 1998 velint
2401 1948 2581 2016 capita
2625 1961 2829 2007 secent.
2871 1952 3073 2012 Horum
3110 1960 3277 2031 gloria
3309 1964 3362 2018 in
3406 1944 3599 2024 confu-

2020 2033 2173 2089 sione
2198 2052 2297 2091 sua
2337 2046 2440 2092 est.
2491 2038 2595 2094 Alii
2645 2058 2810 2113 super
2854 2047 3061 2106 divitiis
3100 2052 3202 2109 sibi
3240 2057 3596 2126 applaudunt,

2019 2140 2126 2179 non
2161 2127 2249 2183 his
2280 2129 2447 2196 veris,
2478 2132 2569 2185 sed
2618 2133 2686 2189 iis
2730 2136 2933 2194 divitiis
2967 2157 3088 2211 qua:
3137 2145 3391 2203 deorsum
3444 2160 3593 2208 sunt.

2018 2309 2356 2367 sessionibus
2382 2314 2590 2379 multis,
2619 2316 2673 2370 in
2708 2319 2909 2389 quibus
2939 2325 3209 2383 universis
3238 2346 3344 2386 non
3378 2309 3481 2389 est—
3501 2351 3595 2406 pe-

2016 2399 2164 2499 nitus
2185 2400 2545 2470 gloriandum.
2578 2406 2733 2475 Quod
2765 2422 2945 2469 autem
2976 2418 3271 2478 verisimile
3292 2433 3346 2479 et
3367 2399 3591 2499 dignum

2011 2485 2309 2556 iudicatur,
2336 2502 2397 2548 ut
2429 2498 2651 2566 quidam
2682 2510 2913 2571 putant,
2961 2508 3301 2577 gloriandum
3335 2485 3590 2576 estvcum

2014 2578 2213 2649 aliquis
2242 2582 2313 2637 ob
2341 2585 2662 2653 sapientiam
2697 2605 2855 2646 suam
2883 2593 3148 2665 elevatur,
3194 2613 3286 2658 aut
3333 2610 3589 2667 conscius

2013 2670 2117 2725 sibi
2145 2682 2229 2727 est
2255 2675 2382 2742 quia
2410 2675 2595 2731 decem
2625 2679 2737 2749 jam
2766 2686 2923 2741 anuis
2957 2703 3044 2743 res
3078 2706 3334 2751 venereas
3359 2713 3467 2753 non
3509 2709 3593 2757 te-

2010 2760 2194 2831 tigerit
2219 2763 2330 2818 sive
2360 2765 2430 2818 ab
2469 2765 2700 2825 infantia
2725 2770 2933 2845 integer
2958 2788 3251 2853 castusque
3274 2800 3590 2855 permanse-

2010 2853 2500 2953 rit.:Rursumquc
2548 2861 2691 2917 alius
2732 2864 3003 2936 erigitur,
3053 2873 3179 2942 quia
3229 2853 3446 2935 vincula
3489 2898 3589 2953 pro

2008 2944 2228 3001 Christo
2263 2951 2578 3017 portaverit.
2613 2950 2781 3009 Recta
2803 2959 3022 3026 quidem
3051 2962 3306 3021 videntur
3332 2968 3444 3026 haec
3469 2944 3589 3028 om-

2008 3041 2120 3131 uia,
2147 3049 2202 3095 et
2234 3042 2579 3112 subjicienda
2611 3049 2845 3116 quadam
2877 3056 3230 3121 persuasione
3250 3060 3317 3115 ad
3349 3064 3589 3131 glorian-

2004 3130 2157 3199 dum;
2194 3137 2289 3188 sed
2315 3149 2383 3189 ne
2405 3135 2458 3190 in
2484 3135 2568 3193 his
2591 3140 2833 3209 quidem,
2869 3144 2914 3198 si
2940 3155 3120 3203 tamen
3155 3154 3438 3221 sequimur
3490 3173 3587 3213 ve-

2003 3223 2240 3291 ritatem,
2272 3227 2669 3285 rationabiliter
2694 3234 2817 3303 quis
2838 3235 3080 3306 ell‘ertur,
3108 3242 3234 3311 quia
3264 3252 3316 3298 et
3340 3248 3393 3300 in
3420 3248 3586 3307 rebus

2003 3312 2162 3372 bonis
2197 3317 2539 3388 gloriandum
2579 3328 2683 3379 est’
2710 3326 2828 3382 sine
2869 3328 3206 3388 discrimine.
3243 3333 3447 3396 Paulus
3481 3340 3583 3397 ha-

2002 3406 2122 3462 buit
2152 3409 2431 3466 materiam
2460 3412 2733 3483 elationis,
2785 3418 2995 3476 habens
3026 3422 3080 3477 in
3111 3440 3170 3481 se
3201 3426 3460 3498 visiones,
3499 3450 3584 3489 rc-

2001 3498 2319 3568 velationes,
2359 3502 2511 3574 signa
2539 3545 2553 3572 ,
2599 3506 2828 3564 virtutes
2853 3548 2870 3575 ,
2914 3521 3136 3582 propter
3175 3516 3390 3577 labores
3439 3539 3582 3593 quos

2000 3591 2204 3646 Christi
2229 3609 2393 3649 causa
2428 3611 2719 3666 perpessus
2747 3609 2850 3669 est,
2885 3612 3107 3673 propter
3135 3604 3406 3666 Ecelesias
3439 3591 3581 3682 quas
3630 3614 3635 3618 ’

2001 3684 2302 3748 constituit,
2337 3688 2675 3744 contendens
2711 3691 2803 3745 ubi
2833 3692 3085 3750 Christus
3120 3713 3226 3752 non
3254 3710 3366 3755 erat
3404 3706 3575 3759 uomi-

1998 3781 2180 3841 natus,
2211 3775 2281 3829 ibi
2307 3775 2490 3846 jacere
2522 3777 2958 3840 fundamentum.
2997 3786 3121 3841 llaec
3161 3793 3348 3847 omnia
3398 3803 3574 3850 mate-

2000 3865 2094 3920 riae
2115 3876 2269 3921 erant
2299 3869 2706 3938 gloriationum,
2736 3882 2791 3930 et
2817 3875 2861 3931 si
2891 3876 2971 3933 sic
3001 3881 3218 3948 expedit
3244 3882 3444 3949 dicere,
3480 3903 3577 3940 ve-

1997 3957 2241 4015 risimilis
2269 3975 2434 4018 causa
2469 3979 2593 4034 quae
2644 3966 2931 4024 honestam
2981 3972 3277 4041 subjiceret
3318 3977 3577 4046 jactatio-

1996 4063 2142 4103 nem.
2174 4049 2276 4106 Sed
2303 4053 2432 4123 quia
2464 4071 2533 4110 ne
2558 4056 2611 4110 in
2654 4058 2855 4115 talibus
2889 4063 3109 4132 quidem
3155 4066 3275 4121 sine
3332 4070 3576 4138 periculo

1995 4150 2076 4197 est
2104 4143 2396 4211 sublevari,
2432 4146 2699 4218 benignus
2732 4159 2787 4206 ct
2818 4153 3076 4222 providus
3105 4152 3266 4211 Pater
3297 4162 3575 4229 quomodo

1993 4233 2043 4288 ei
2078 4233 2307 4306 largitus
2339 4246 2422 4293 est
2452 4240 2810 4298 revelationes
2836 4284 2852 4309 ,
2898 4252 2952 4298 et
2994 4246 3198 4314 gratias
3238 4248 3570 4320 dill‘ereutes,

1995 4327 2075 4382 sic
2100 4328 2167 4382 ad
2201 4328 2482 4385 tuitionem
2515 4330 2784 4388 donorum
2819 4349 3043 4391 suorum
3076 4339 3294 4395 tradidit
3319 4344 3572 4415 angelum

315 4395 410 4449 τοῦ
437 4397 466 4449 6
492 4394 722 4464 ἄγγελος
747 4393 840 4451 τοῦ
881 4397 1116 4463 Σατανᾶ,
1137 4396 1166 4448 6
1194 4396 1314 4450 κατ’
1340 4396 1670 4467 οἰκονομίαν,
1698 4395 1786 4450 ἵνα
1815 4394 1890 4468 μὴ

2003 4416 2230 4487 Satanae,
2260 4430 2319 4478 ut
2340 4439 2464 4478 eum
2496 4425 2818 4496 colaphizet,
2846 4443 2912 4482 ne
2938 4430 3290 4487 extolleretur
3317 4453 3330 4489 :
3366 4393 3422 4489 εἴ
3443 4452 3574 4507 pro-

314 4488 624 4560 ἐπαίρηται,
655 4487 829 4552 δοθεὶς
858 4488 1039 4560 αὐτῷ’
1058 4490 1161 4543 -καὶ
1188 4488 1523 4559 ἁπεκρίνατο
1540 4486 1698 4559 αὐτῷ
1721 4489 1750 4541 6
1772 4487 1888 4541 Κύ-

318 4593 431 4648 ριος
463 4577 632 4650 (ἄξιος
656 4578 766 4650 γάρ
783 4575 850 4652 ἦν
872 4579 1231 4652 ἀποκρίσεως
1251 4580 1455 4652 Κυρίου
1477 4583 1506 4634 6
1539 4578 1773 4651 Παῦλος)
1796 4580 1892 4633 καὶ

313 4663 466 4723 εἶπεν
488 4666 655 4739 αὐτῷ’
693 4669 891 4738 Ἀρκεῖ
912 4686 1012 4725 σοι
1032 4672 1075 4739 ἠ
1090 4669 1267 4740 χάρις
1280 4686 1422 4739 ,κου’
1444 4672 1484 4739 ἡ
1507 4669 1617 4740 γὰρ
1639 4669 1894 4740 δύναμίς

310 4775 428 4828 μου
442 4759 512 4813 ἐν
525 4759 810 4828 ἀσθενείᾳ
822 4760 1172 4817 τελειοῦται.
1203 4760 1320 4815 Ἐπ’
1342 4761 1517 4815 οὐδενὶ
1533 4756 1625 4815 οὖν
1643 4761 1724 4814 δεῖ
1738 4761 1895 4815 ἐπαί-

313 4848 500 4920 ρεσθαι
515 4867 529 4880 ·
555 4849 840 4905 ἀκολουθεῖ
856 4852 965 4924 γάρ
982 4854 1165 4907 πεσεῖν
1181 4851 1259 4923 τῷ
1279 4852 1621 4925 ἐπαίρεσθαι,
1642 4852 1783 4907 κατὰ
1800 4852 1881 4905 τό·

308 4940 429 5010 lbi)
456 4941 784 5012 συν-τριϐῆς
818 4943 1080 5013 ὑψοῦται
1113 4944 1329 5013 καρδία
1367 4944 1608 5012 ἀνδρὸς,
1644 4944 1743 4999 καί
1770 4944 1886 5013 πρὸ

308 5032 499 5101 δόξης
517 5034 919 5090 ταπεινοῦται.
947 5036 1134 5091 Ταῦτα
1173 5035 1273 5108 μὲν
1298 5038 1378 5101 εἰς
1406 5036 1469 5089 τό
1487 5054 1500 5066 ·
1549 5037 1885 5102 Ἀκούσατε,

308 5125 410 5181 καί
456 5125 847 5193 ἐνωτίσασθε,
878 5127 977 5182 καὶ
1019 5123 1495 5197 μὴ’ὲπαίρεσθε·
1536 5128 1626 5182 ὅτι
1672 5129 1888 5197 Κύριος

305 5214 632 5284 euinctus.

1991 4519 2110 4581 pter
2138 4512 2243 4569 hoc
2272 4522 2354 4569 ter
2368 4513 2657 4571 Dominum
2685 4518 2914 4588 rogavit,
2950 4521 3157 4578 scilicet
3182 4532 3242 4578 ut
3268 4524 3336 4579 ab
3361 4542 3428 4581 eo
3455 4528 3572 4584 dis-

1993 4603 2208 4694 cederet
2232 4607 2459 4678 angelus
2489 4608 2739 4694 Satanae,
2780 4612 2874 4682 qni
2903 4612 3060 4684 juxta
3102 4615 3569 4688 dispensationem

1992 4691 2043 4746 ei
2077 4690 2359 4765 appositus
2407 4696 2588 4753 fuerat
2626 4690 2692 4753 ’5.
2735 4698 2842 4756 Sed
2880 4706 3163 4774 respondit
3209 4707 3258 4762 ei
3308 4708 3571 4767 Dominus

1996 4784 2217 4855 (dignus
2242 4787 2444 4858 quippe
2469 4798 2586 4845 erat
2615 4793 2969 4863 responsione
3005 4793 3230 4870 Paulus)
3262 4808 3317 4854 et
3343 4800 3482 4857 dixit
3501 4803 3569 4857 ad

1993 4889 2118 4930 eum
2144 4875 2192 4910 ’⁸
2220 4895 2234 4932 :
2273 4874 2474 4948 Sufﬁcit
2505 4879 2600 4933 tibi
2634 4883 2813 4950 gratia
2840 4899 2977 4949 mea,
3003 4886 3173 4941 virtus
3203 4889 3344 4941 enim
3387 4890 3444 4943 in
3484 4891 3571 4945 iu-

1991 4969 2249 5038 ﬁrmitate
2273 4972 2567 5041 per/icitur.
2605 4973 2781 5043 Super
2818 4976 2969 5031 nullo
3012 4977 3177 5048 igitur
3219 4980 3566 5050 gloriandum

1987 5069 2103 5116 est.‘
2130 5059 2389 5132 Sequitur
2437 5063 2638 5134 quippe
2682 5064 2842 5119 ruina
2872 5065 3236 5137 iactantiam,
3285 5067 3567 5141 Scriptura

1988 5151 2205 5208 dicente
2235 5154 2280 5185 "
2314 5172 2328 5208 :
2373 5154 2509 5209 Ante
2538 5157 2907 5210 contritionem
2945 5156 3182 5212 elevatur
3225 5176 3316 5214 cor
3356 5163 3479 5228 viri,
3516 5169 3567 5216 et

1990 5253 2114 5297 ante
2145 5243 2375 5313 gloriam
2406 5245 2744 5301 humiliatur.
2771 5246 2837 5302 Et
2860 5249 2974 5303 haec
3001 5250 3220 5319 quidem
3256 5250 3402 5306 dicta
3440 5261 3569 5308 sunt

1988 5336 2056 5391 de
2087 5350 2155 5390 eo
2187 5337 2332 5407 quod
2364 5337 2440 5391 ait
2478 5356 2491 5391 :
2522 5338 2718 5392 Audire
2747 5348 2797 5392 et
2820 5339 3040 5394 auribus
3066 5340 3347 5411 percipite,
3378 5350 3430 5395 et
3473 5357 3567 5395 no-
3624 5382 3630 5386 -

1987 5426 2082 5481 lite
2101 5426 2306 5494 extolli,
2331 5429 2581 5498 quoniam
2607 5429 2860 5483 Dominus
2884 5428 3090 5484 locutus
3111 5439 3210 5485 est.
3595 5421 3606 5444 ¹

372 5599 419 5631 ’³
450 5600 580 5655 Luc.
618 5613 775 5664 xvm,
810 5599 896 5655 Η.
972 5600 1020 5633 ⁸⁸
1045 5599 1235 5655 Matth.
1263 5613 1342 5666 xl,
1371 5596 1463 5653 29.
1537 5597 1583 5629 ⁸⁷
1613 5592 1656 5649 ll
1684 5594 1812 5651 Cor.
1843 5610 1896 5650 τι

2006 5635 2021 5662 ,
2057 5595 2111 5649 8.
2187 5594 2394 5652 “Ibid.
2437 5595 2494 5653 9.
2568 5594 2781 5651 "Prov.
2807 5610 2966 5660 xvm,
2990 5594 3077 5648 12.

373 5695 450 5766 (ί)
474 5694 700 5766 Λέγειν.
729 5693 872 5766 Lege
901 5694 997 5749 καὶ
1020 5694 1221 5766 λέγειν.

372 5764 451 5837 (2)
485 5764 583 5834 ὀξ
607 5764 973 5836 ἐδωρήσατο.
1000 5764 1141 5837 Lege
1169 5765 1245 5831 ὡς
1268 5764 1594 5839 ἐδωρήσατο.

2058 5692 2135 5763 (5)
2169 5687 2377 5758 Οὗτος.
2412 5690 2552 5763 Lege
2579 5690 2770 5754 οὕτως.
