4122 6424
2000 328 2162 384 οιιια
2171 326 2328 384 ENIS

1695 450 1829 506 Date
1879 450 2105 505 Domino
2133 453 2179 511 Α

522 339 618 396 an
2000 329 2090 383 0“

2201 328 2328 382 INIS
3671 328 3777 383 581

587 457 643 514 0.
677 455 972 513 Videamus
1003 463 1186 510 autem
1224 462 1281 508 et
1321 462 1514 507 cmtera
1558 453 1573 483 ¹
1625 469 1639 505 ι
1695 450 1829 506 Date
1879 450 2098 505 Domina

2281 448 2507 518 ’Ἱὸωμεν
2560 447 2616 501 δὲ
2664 449 2758 502 καὶ
2804 447 2921 501 τίνα
2972 447 3182 502 κελεύει
3222 448 3372 519 ἡμᾶς
3429 448 3568 520 μετά
3604 449 3778 503 ταῦτα

518 547 630 603 Deo
654 556 833 601 nostro
862 546 1109 617 gloriam.
1141 544 1447 613 priusquam
1493 542 1762 607 obscuret,
1812 550 1861 596 et
1912 542 2094 611 prius-

2201 540 2389 591 ποιεῖν.
2429 540 2598 604 Δότε,
2643 540 2796 611 φησι,
2841 540 3036 607 Κυρίῳ
3072 538 3152 605 τῷ
3203 538 3326 605 Θεῷ
3371 540 3542 610 ὑμῶν
3588 539 3780 605 δόξαν

515 653 677 707 quam
704 637 973 704 o/fendant
1000 633 1151 702 pedes
1178 633 1336 686 vestri
1367 648 1527 702 super
1546 642 1748 686 montes
1771 630 2091 695 tenebrosos,

516 737 570 782 et
602 726 932 782 sustinebitis
959 726 1014 778 in
1038 723 1236 777 lumen.
1272 722 1407 777 Eum
1451 723 1543 794 qui
1576 726 1806 778 daturus
1846 731 1931 779 est
1976 723 2095 793 glo-

516 818 657 871 riam
692 815 823 881 Deo,
845 816 957 869 vult
986 816 1115 869 dare
1144 814 1199 868 in
1232 815 1456 883 lumine,
1493 814 1649 884 quasi
1680 813 1792 883 jam
1823 829 1930 869 non
1968 829 2099 883 pos-

518 908 590 961 sit
617 907 842 977 gloriam
873 907 1203 976 praedicare,
1250 922 1374 961 cum
1417 906 1655 960 tenebrae
1696 913 1830 959 orta:
1873 904 2089 959 fuerint.

403 1043 409 1050 .
520 996 749 1064 Quando
785 997 1133 1061 tenebrescit,
1168 1006 1222 1053 et
1250 997 1473 1067 quando
1509 1011 1616 1050 non
1650 1004 1781 1050 sunt
1828 994 2098 1049 tenebrm?

517 1087 831 1157 Operamini
868 1088 1043 1143 donec
1076 1088 1257 1143 lumen
1283 1095 1369 1143 est
1405 1087 1458 1141 in
1502 1086 1677 1140 vobis.
1715 1084 1920 1140 Lumen
1957 1085 2012 1139 in
2047 1094 2099 1139 te

516 1191 621 1246 est,
645 1180 691 1235 si
724 1180 890 1235 habes
927 1180 981 1233 in
1011 1188 1062 1233 te
1095 1179 1364 1234 dicentem
1403 1197 1416 1232 :
1450 1177 1560 1249 Ego
1583 1195 1700 1232 sum
1738 1177 1915 1232 lumen
1944 1194 2100 1232 mun-

517 1271 575 1325 di
604 1272 643 1326 ⁸.
674 1270 927 1337 Quandiu
981 1270 1076 1326 tibi
1110 1271 1203 1323 lux
1240 1271 1343 1326 ista
1378 1270 1575 1335 oritur,
1615 1270 1854 1325 clarilica
1902 1268 2096 1335 Deum,

519 1362 701 1417 sciens
727 1363 857 1434 quia
880 1360 1074 1414 futurze
1102 1361 1259 1431 201
1286 1369 1416 1414 sunt
1444 1360 1701 1415 tenebrte.
1737 1358 1847 1414 Nec
1879 1359 1976 1413 tibi
2000 1375 2100 1414 ex-

518 1454 686 1525 pedit,
715 1464 775 1508 ut
798 1470 894 1509 eas
921 1455 1223 1525 opperiatis
1263 1454 1354 1507 sed
1381 1460 1669 1521 antequam
1696 1451 1845 1517 fiant,
1874 1453 1941 1506 da
1985 1452 2100 1523 gloo

523 1545 660 1599 riam
700 1543 833 1600 Deo.

602 1718 689 1773 lO.
722 1718 975 1774 Forsitan
1008 1719 1273 1787 intelliges
1299 1734 1541 1789 prtcseus
1567 1719 1901 1790 capitulum,
1939 1720 1987 1775 si
2031 1736 2098 1776 ex

2195 631 2309 699 πρὸ
2357 631 2463 685 τοῦ
2507 631 2911 695 συσκοτάσαι,
2943 632 3055 699 πρὸ
3103 630 3210 684 τοῦ
3250 636 3598 702 προσκόψαι
3636 633 3779 700 τοὺς

2196 722 2389 788 πόδας
2420 721 2588 792 ὑμῶν
2612 722 2704 775 ἐπ’
2736 723 2842 789 ὄρη
2871 722 3175 786 σκοτεινὰ,
3202 723 3303 776 καί
3319 725 3667 794 ἀναμενεῖτε
3691 729 3779 793 εἰς

2196 813 2344 883 φῶς.
2381 814 2484 868 Τὸν
2520 814 2731 868 διδόντα
2763 813 2921 878 δόξαν
2954 813 3031 884 τῷ
3070 813 3190 885 Θεῷ
3219 815 3362 869 θέλει
3397 817 3597 871 διδόναι
3623 818 3780 884 δόξαν

2197 902 2274 972 τῷ
2298 904 2416 973 Θεῷ
2451 904 2625 973 φωτὸς
2651 904 2831 967 ὄντοςο
2864 904 2940 967 ὡς
2968 905 3030 957 ού
3075 904 3381 977 δυναμένης
3406 907 3568 979 δόξης
3596 910 3781 976 ἀπαγ-

2198 993 2483 1061 γέλλεσθαι
2524 993 2622 1047 τοῦ
2663 993 2823 1057 Θεοῦ,
2862 993 3001 1047 ἐπὰν
3043 996 3380 1069 συσκοτάσῃ,
3410 998 3508 1051 καὶ
3554 999 3779 1069 γένηται

2201 1082 2410 1145 σκότος.
2452 1083 2587 1136 Πότε
2617 1078 2711 1137 οῦν
2739 1080 3084 1147 συσκοτάζει,
3112 1086 3207 1137 καὶ
3236 1086 3366 1138 πότε
3399 1087 3779 1157 συσκοτασμὸς

2198 1172 2262 1224 οὐ
2286 1171 2528 1239 γίνεται;
2573 1171 2900 1244 Ἐργάζεσθε
2923 1170 3025 1236 ἕως
3047 1167 3109 1228 οὗ
3137 1173 3198 1231 τὸ
3224 1174 3339 1243 φῶς
3364 1176 3422 1229 ὲν
3447 1176 3576 1246 ὑμῖν
3605 1176 3772 1238 ἔστιν,

2200 1260 2295 1314 ἐὰν
2330 1260 2462 1333 ἔχῃς
2488 1263 2546 1314 ἐν
2577 1262 2663 1315 σοὶ
2691 1262 2781 1315 τὸν
2808 1262 3055 1316 εἰπόντα*
3095 1263 3239 1332 Ἐγώ
3271 1266 3387 1333 εἰμι
3418 1265 3483 1319 τὸ
3510 1264 3638 1334 φῶς
3667 1266 3774 1320 τοῦ

2201 1355 2450 1422 κόσμου.
2489 1354 2650 1406 Ὅσον
2677 1352 2838 1406 τοῦτό
2870 1370 2951 1407 σοι
2974 1354 3274 1418 ἀνατέλλει,
3302 1355 3488 1422 δόξαζε
3508 1356 3597 1410 τὸν
3623 1356 3771 1410 Θεόν·

2204 1444 2313 1499 ἴσθι
2337 1445 2418 1504 δι.
2447 1446 2531 1499 ὅτι
2562 1445 2785 1499 δύναται
2809 1443 3061 1514 λέγεσθαι
3088 1447 3394 1516 σκοτασμός
3420 1465 3526 1512 τις.
3556 1448 3649 1501 καὶ
3672 1447 3778 1520 χρὴ

2204 1535 2280 1607 μὴ
2320 1539 2498 1605 μεῖναι
2537 1534 2628 1587 τὸν
2662 1533 2967 1604 σκοτασμὸν
2989 1532 3198 1599 τοῦτον,
3232 1533 3368 1588 ἀλλὰ
3393 1534 3500 1606 πρὸ
3529 1533 3624 1588 τοῦ
3655 1551 3779 1589 σκο-

2201 1627 2386 1688 τάσαι,
2420 1626 2519 1698 τὴν
2539 1625 2697 1692 δόξαν
2725 1624 2927 1678 διδόναι
2950 1623 3028 1695 τῷ
3050 1624 3189 1695 Θεῷ.

2274 1717 2428 1788 Τάχα
2455 1718 2721 1788 νοήσομεν
2759 1716 2821 1770 τὸ
2857 1715 3237 1789 γεγραμμένον
3266 1715 3599 1787 χρησάμενοι
3635 1715 3776 1784 λέξει

519 1805 817 1879 Evangelia
852 1810 1153 1878 sumpseris
1184 1811 1514 1879 exemplum,
1553 1810 1699 1879 quod
1736 1810 1809 1864 ita
1851 1811 2096 1865 contexi-

2201 1805 2526 1877 εὐαγγελικῇ
2594 1805 2860 1877 εἰρημένῃ
2922 1805 3028 1859 ὑπὸ
3089 1804 3182 1859 τοῦ
3252 1805 3503 1878 Σωτῆρος
3528 1844 3544 1869 ,
3604 1803 3778 1870 οὕτως

516 1910 609 1956 tur
637 1900 658 1932 ³
695 1920 708 1955 :
751 1900 1058 1970 Operamini
1082 1905 1244 1955 donec
1266 1901 1377 1954 dies
1403 1912 1517 1963 est,
1563 1908 1698 1955 venit
1739 1917 1844 1954 nos
1882 1902 2095 1972 quando

518 1992 695 2047 nullus
713 2004 882 2062 potest
905 1994 1134 2062 operari.
1170 1991 1323 2047 Diem
1354 1992 1428 2045 ibi
1459 1993 1723 2046 saeculum
1771 1992 1916 2047 istud
1956 2009 2099 2047 nun-

518 2084 758 2153 cupavit,
786 2093 842 2138 et
871 2086 1184 2139 necessario
1230 2083 1459 2153 apposui
1505 2083 1600 2137 ibi.
1656 2081 1783 2137 Scio
1812 2084 2012 2153 quippe
2040 2083 2095 2136 in

518 2171 644 2226 aliis
667 2172 803 2228 locis
834 2171 1174 2227 dissonantia
1202 2171 1562 2241 praesentibus
1592 2187 1659 2226 ex
1684 2172 1791 2227 diei
1832 2172 2097 2228 vocabulo

520 2263 837 2335 signiﬁcari.
872 2262 1020 2318 Diem
1063 2264 1246 2334 itaque
1268 2264 1604 2332 nuncupavit
1641 2265 1898 2320 saeculum
1930 2265 2095 2333 istud;

519 2353 772 2408 tenebras
803 2369 932 2407 vero
963 2362 1017 2407 et
1045 2363 1283 2417 noctem,
1317 2354 1848 2408 consummationem
1883 2354 2095 2421 mundi,

522 2454 741 2516 propter
774 2446 1037 2516 supplicia
1066 2461 1188 2514 qua:
1211 2445 1393 2501 futura
1415 2454 1559 2501 sunt.
1595 2445 1663 2500 Ut
1693 2447 1820 2517 quid
1840 2449 1979 2501 enim
2009 2464 2099 2501 vo-

521 2537 600 2590 bis
623 2535 919 2590 desiderare
939 2536 1077 2589 diem
1095 2534 1339 2591 Domini?
1362 2535 1429 2590 Et
1455 2537 1559 2590 ista
1581 2546 1655 2590 est
1681 2536 1906 2592 tenebrat
1924 2549 1971 2592 et
1995 2554 2100 2592 non

518 2625 615 2682 lua:
648 2627 689 2693 ⁸,
739 2628 907 2682 Amos
937 2627 1114 2697 inquit
1156 2630 1466 2697 prophetes.
1517 2628 1573 2683 Si
1612 2630 1926 2686 consideres
1975 2639 2101 2700 post

518 2720 1048 2772 consummationem
1082 2717 1271 2771 mundi
1305 2718 1534 2789 lugubre
1557 2719 1688 2774 illud
1719 2721 1865 2789 quod
1904 2736 2101 2791 passu-

518 2823 642 2862 rum
670 2816 753 2861 est
801 2807 1123 2861 universum
1159 2822 1295 2876 pene
1342 2808 1625 2863 hominum
1662 2824 1834 2879 genus
1881 2825 1982 2880 pro
2014 2812 2101 2869 bis

522 2913 644 2967 qua:
673 2898 937 2967 peccavit,
964 2896 1172 2951 videbis
1194 2900 1472 2968 quomodo
1498 2899 1733 2954 tenebrat
1755 2911 2101 2972 occupatum

523 2987 636 3044 sint
663 2989 869 3053 ontnia,
897 2999 952 3042 et
979 2988 1162 3043 nullus
1190 2990 1365 3058 possit
1393 2990 1447 3044 in
1477 2990 1570 3046 illo
1610 3000 1854 3063 tempore
1895 2994 2103 3066 gloriﬁ-

522 3097 651 3138 care
685 3081 875 3136 Deum.
906 3080 963 3136 Si
994 3081 1213 3152 quidem
1254 3091 1309 3138 et
1337 3083 1501 3152 justis
1534 3082 1589 3137 in
1614 3082 1757 3139 Isaia
1780 3085 2048 3150 jubetur‘
2081 3106 2096 3145 :

534 3173 695 3241 l'ade,
719 3172 943 3243 populus
972 3189 1140 3237 meus,
1166 3175 1222 3228 in
1243 3175 1612 3243 promptuaria
1637 3184 1730 3230 tua
1755 3178 1918 3247 intra,
1949 3178 2101 3234 clau-

521 3267 586 3319 de
616 3267 808 3319 ostium
840 3275 1009 3331 tuum,
1047 3274 1095 3318 et
1139 3262 1455 3319 abscondere
1488 3265 1744 3335 pusillum
1780 3270 2099 3339 quantulum

520 3359 687 3413 donec
719 3359 801 3412 ira
827 3357 925 3411 Dei
957 3367 1215 3412 transeat.
1265 3356 1441 3413 Simul
1473 3370 1654 3413 autem
1691 3369 1747 3416 et
1791 3362 1846 3417 in
1885 3363 1971 3419 his
2004 3364 2099 3435 qui

521 3459 699 3523 potest
728 3452 1012 3516 observet,
1057 3465 1226 3520 quare
1272 3449 1411 3504 dixit
1447 3451 1706 3520 pusillum
1749 3455 2097 3522 quantulum.

521 3542 855 3612 Quantulum
889 3541 1145 3612 pusillum
1171 3544 1369 3612 quippe
1398 3542 1523 3605 hoc,
1565 3545 1890 3612 quantulum
1925 3548 2100 3616 pusil-

519 3634 635 3690 lum
684 3643 767 3688 est
803 3634 1039 3699 Domini,
1069 3648 1177 3687 non
1221 3643 1306 3688 est
1339 3634 1598 3704 pusillum
1647 3636 1984 3693 hominibus.
2034 3638 2102 3696 Et

520 3728 783 3782 debemus
808 3726 1074 3797 inspicere
1099 3728 1377 3796 quomodo
1406 3728 1635 3798 singulis
1664 3740 1756 3785 aut
1778 3747 2003 3800 parvum
2029 3733 2102 3788 sit

520 3821 747 3891 aliquid,
792 3829 888 3875 aut
939 3834 1220 3889 magnum.
1248 3819 1327 3873 Ad
1368 3822 1514 3889 quod
1555 3822 1895 3891 probandum
1934 3827 2101 3880 etiam

521 3911 771 3980 exemplo
801 3912 1026 3965 utimur.
1055 3909 1365 3981 Unicuique
1399 3913 1717 3968 animalium
1751 3930 1852 3984 pro
1909 3925 2101 3972 natura

520 4011 579 4056 et
610 4003 771 4055 modo
810 4002 1059 4071 corporis
1092 4001 1217 4065 sui,
1270 4011 1366 4056 aut
1398 4019 1599 4072 parvus
1646 4015 1731 4061 est
1772 4006 1962 4073 cibus,
2006 4017 2103 4063 aut

524 4106 777 4161 magnus;
807 4101 862 4145 et
888 4090 1034 4161 quod
1063 4091 1151 4149 alii
1182 4093 1442 4162 pusillum
1487 4102 1592 4160 est,
1630 4109 1784 4165 teque
1815 4095 1868 4150 Id
1920 4097 2099 4168 ipsum

521 4183 617 4238 alii
649 4174 879 4238 multum
912 4192 1016 4239 est.
1047 4183 1186 4250 Quid
1209 4184 1275 4238 de
1299 4185 1630 4241 animalibus
1652 4186 1958 4258 loquar?ln
1984 4190 2102 4262 ipso

520 4289 749 4345 quoque
788 4274 1009 4330 homine
1040 4290 1221 4330 rerum
1264 4275 1582 4332 differentiae
1607 4287 1752 4333 sunt.
1782 4277 1940 4346 Quod
1984 4282 2102 4336 viro

525 4381 717 4438 parum
750 4377 853 4434 est,
885 4368 993 4422 hoc
1034 4367 1227 4422 infanti
1275 4369 1577 4438 superﬂuit.
1631 4371 1809 4441 Atque
1851 4372 1906 4428 in
1957 4373 2104 4429 hunc

2197 1898 2416 1971 ἐχούσῃ·
2479 1895 2825 1967 Ἑργάζεσθε
2872 1896 2984 1963 ἓως
3010 1897 3201 1966 τὐιέρα
3251 1896 3455 1950 ἐστίν·
3532 1899 3775 1966 ἔρχεται

2196 1988 2337 2052 νὺξ,
2399 1986 2497 2040 ὅτε
2549 1986 2749 2052 οὐδεὶς
2808 1986 3057 2040 δύναται
3112 1985 3470 2056 ἐργάζεσθαι.
3536 1986 3779 2058 Ἡμέραν

2201 2080 2317 2132 ἐκεῖ
2362 2078 2619 2149 ὠνόμασε
2658 2079 2750 2131 τὸν
2802 2078 2974 2132 αἰῶνα
3023 2077 3245 2132 τοῦτον⁶
3289 2078 3425 2132 ἀλλὰ
3466 2078 3778 2147 ἀναγκαίως

2203 2169 2528 2241 προσέθηκα
2558 2170 2619 2223 τὸ
2643 2168 2785 2223 ἐκεῒο
2821 2164 2937 2223 οἰδα
2965 2169 3074 2241 γὰρ
3120 2171 3179 2222 ὲν
3223 2169 3402 2233 ἄλλοις
3435 2169 3568 2225 ἄλλα
3616 2170 3777 2225 πάλιν

2196 2260 2519 2331 δηλούμενα.
2576 2262 2640 2312 Ἣ
2648 2262 2820 2331 μόραν
2859 2256 2952 2313 οῦν
2976 2260 3225 2331 ὠνόμασε
3250 2260 3342 2313 τὸν
3371 2261 3541 2316 αἰῶνα
3567 2261 3777 2327 τοῦτον,

2199 2352 2389 2417 σκότος
2439 2352 2496 2405 δὲ
2547 2353 2641 2405 καὶ
2681 2350 2869 2414 νύκτα,
2900 2350 2998 2423 τὴν
3032 2350 3339 2406 συντέλειαν
3370 2352 3460 2406 διὰ
3484 2353 3582 2417 τὰς
3619 2353 3780 2408 κολά-

2198 2459 2332 2504 σεις.
2366 2442 2490 2497 Ἵνα
2509 2442 2566 2495 τί
2607 2442 2718 2512 γὰρ
2742 2441 2883 2512 ὑμῖν
2921 2442 3232 2511 ἐπιθυμεῖν
3271 2443 3498 2514 ἡμέραν
3524 2446 3777 2513 Κυρίου,

2199 2533 2296 2587 καὶ
2326 2533 2477 2601 αὕτη
2505 2534 2639 2587 ἐστί
2674 2534 2914 2600 σκότος,
2952 2534 3050 2588 καὶ
3074 2536 3145 2588 οὐ
3172 2533 3318 2604 φῶς,
3348 2537 3509 2606 φησιν
3547 2534 3726 2608 ’Δμὼς
3750 2538 3780 2591 ὸ

2200 2624 2507 2695 προφήτης.
2539 2624 2663 2678 Ἐὰν
2686 2623 2804 2696 ἴδῃς
2824 2625 2876 2678 τί
2899 2625 2960 2678 τὸ
2981 2625 3303 2697 σκυθρωπὸν
3322 2625 3462 2697 μετά
3479 2627 3579 2696 τὴν
3596 2628 3780 2682 συντέ-

2199 2713 2350 2771 λειαν
2368 2714 2461 2770 τοῦ
2485 2715 2713 2787 κόσμου,
2736 2716 2796 2771 τὸ
2829 2716 3251 2783 έπακολουθοῦν,
3300 2718 3376 2783 ὼς
3406 2718 3591 2789 σχεδὸν
3619 2722 3781 2772 παντὶ

2199 2806 2280 2878 τῷ
2302 2806 2449 2876 γένει
2478 2808 2589 2860 τῶν
2616 2807 2919 2880 ἀνθρώπων
2942 2807 3317 2880 κολαζομένων
3339 2810 3434 2863 ἐπὶ
3468 2813 3580 2875 τοίς
3609 2811 3783 2882 ἡμαρε

2200 2899 2478 2971 τημένοις,
2502 2900 2645 2970 ὕψει,
2673 2901 2755 2953 ὅτι
2784 2902 3149 2958 συνεσκότασε
3174 2903 3295 2955 τότε
3317 2902 3376 2955 τὸ
3401 2903 3671 2974 περιέχον,
3688 2904 3783 2958 καὶ

2202 2992 2388 3046 οὐκέτι
2435 2992 2611 3057 οὐδεὶς
2655 2992 2876 3047 δύναται
2927 2992 3169 3059 δοξάζειν
3212 2993 3304 3047 τὸν
3347 2995 3479 3048 Θεόν
3503 3011 3516 3025 ·
3544 2995 3659 3064 εῑγε
3685 2996 3782 3049 καὶ

2205 3087 2318 3148 τοῖς
2340 3083 2569 3149 δικαίοις
2597 3084 2928 3157 προσέταξεν
2950 3087 2980 3138 ὁ
3004 3086 3159 3155 λόγος
3178 3086 3312 3139 Θεοῦ
3334 3085 3536 3156 λέγων·
3553 3086 3779 3153 βάδιζε,

2206 3176 2359 3243 λαός
2390 3193 2532 3245 μου,
2566 3176 2805 3233 εἴσελθε
2834 3180 2921 3244 εἰς
2951 3177 3019 3231 τὸ
3060 3177 3302 3247 ταμεῖόν
3337 3194 3476 3245 σου,
3503 3179 3782 3234 ἀπόκλει-

2200 3283 2318 3321 σον
2332 3266 2447 3335 τὴν
2465 3268 2654 3335 θύραν
2670 3284 2809 3333 σου,
2822 3269 3193 3338 ἀποκρύϐηθι
3211 3270 3429 3339 μικρὸν
3444 3268 3594 3325 ὅσον
3607 3269 3781 3339 ὅσον,

2203 3358 2356 3432 [ἕως]
2398 3360 2476 3415 ἂν
2509 3361 2778 3431 παρέλθῃ
2809 3364 2841 3414 ό
2870 3359 3058 3430 θυμὸς
3095 3360 3205 3430 τῆς
3244 3359 3426 3430 ὀργῆς
3450 3379 3589 3431 μου.
3631 3363 3782 3433 ’Δμα

2201 3453 2259 3508 δὲ
2303 3454 2360 3506 ὲν
2403 3452 2633 3519 τούτοις,
2675 3453 2727 3506 εἴ
2768 3469 2853 3516 τις
2904 3450 3147 3517 δύναται,
3182 3455 3439 3524 τηρείτω,
3471 3454 3554 3508 ὅτι
3590 3457 3781 3527 εἴρηκε

2195 3544 2417 3614 μικρὸν
2433 3543 2584 3598 ὅσον
2599 3546 2769 3599 ὅσον-⁸
2788 3542 2903 3597 ἀλλ’
2920 3545 3096 3596 ἐκεῖνο
3108 3543 3168 3597 τὸ
3174 3543 3391 3613 μικρὸν
3411 3545 3562 3599 ὅσον
3588 3547 3781 3618 μικρόν

2203 3637 2320 3690 ἐστι
2376 3636 2534 3700 Θεοῦ,
2581 3638 2682 3691 οὐκ
2736 3636 2851 3689 ἔστι
2908 3637 3103 3708 μικρὸν
3153 3636 3455 3709 ἀνθρώπῳ²
3515 3639 3623 3711 χρὴ
3673 3641 3781 3711 γὰρ

2205 3725 2443 3797 βλέπειν,
2472 3727 2552 3780 ὅτι
2593 3726 2809 3798 ἑκάστῳ
2853 3727 2969 3779 ὲστί
3007 3744 3059 3780 τι
3107 3728 3301 3800 μικρὸν
3337 3731 3432 3785 καὶ
3476 3731 3638 3801 μέγα.
3669 3732 3783 3785 Καὶ

2203 3815 2311 3870 ἀπὸ
2346 3818 2787 3890 παραδείγματος
2825 3820 3182 3890 παραστήσω,
3217 3822 3299 3874 ὅτι
3330 3821 3543 3893 ἑκάστῳ
3586 3821 3702 3875 ἐστί
3724 3838 3779 3875 τι

2206 3908 2401 3980 μικρὸν
2426 3909 2520 3964 καὶ
2548 3909 2713 3980 μέγα.
2754 3908 3003 3981 Ἐκάστῳ
3045 3909 3169 3982 ζώῳ
3200 3911 3374 3984 μικρὰ
3406 3912 3632 3985 τροφὴῆ
3657 3928 3781 3966 τοσ-

2203 4001 2297 4073 ήδε
2316 4042 2331 4066 ,
2375 4001 2451 4066 ὡς
2478 4003 2629 4073 ,πρὸς
2661 4002 2949 4075 σύγκρισιν
2989 4001 3089 4073 τῆς
3120 4005 3431 4069 συστάσεως
3464 4003 3650 4070 αὑτοῦ,
3684 4002 3781 4059 καὶ

2204 4094 2373 4166 πολλὴ
2417 4095 2594 4167 τροφὴ
2636 4096 2829 4169 τοσήδε
2867 4096 2945 4162 ὡς
2989 4097 3126 4167 πρὸς
3154 4097 3255 4170 τὴν
3304 4096 3589 4170 σύγκρισιν
3620 4096 3782 4151 πάλιν

2201 4186 2301 4258 τῆς
2326 4188 2670 4259 κατασκευῆς
2696 4187 2880 4243 αὐτοῦ.
2918 4188 3029 4244 Καὶ
3060 4187 3235 4253 οὕτως
3256 4188 3318 4242 τὸ
3344 4189 3540 4261 μικρὸν
3570 4188 3661 4245 τοῦ
3694 4190 3784 4245 ἀν-
3866 4256 3873 4261 ι

2205 4274 2445 4347 Θρὼπου,
2478 4264 2625 4348 ἄλλῳ
2667 4277 2793 4351 cet,»
2824 4279 2967 4351 μέγα
2998 4279 3137 4334 ἐστί.
3174 4280 3248 4334 Τὸ
3295 4280 3509 4352 μικρὸν,
3546 4280 3665 4353 φέρ’
3698 4280 3781 4333 εἰ·

2207 4370 2347 4433 πεῖν,
2389 4367 2565 4441 ἀνδρὶ,
2605 4369 2739 4423 πολύ
2789 4372 2903 4424 ἐστι
2945 4370 3175 4425 παιδίου.
3210 4370 3393 4435 Οὕτως
3434 4372 3627 4442 μικρὸς
3655 4372 3783 4443 χρόα

526 4460 745 4515 modum
772 4475 935 4516 omne
961 4470 1174 4531 tempus
1218 4464 1343 4518 vitze
1373 4464 1644 4527 humanm,
1673 4467 1886 4522 etiamsi
1917 4478 2098 4525 cente-

2205 4477 2295 4525 νος
2322 4462 2437 4515 ἐστὶ
2462 4461 2562 4531 τῆς
2595 4460 2740 4532 ζωῆς
2767 4461 2868 4530 τῆς
2891 4460 3237 4533 ἀνθρωπίνης
3268 4463 3375 4524 πᾶς
3400 4467 3494 4515 καὶ
3514 4465 3544 4515 ό
3572 4462 3669 4516 τοῦ
3694 4481 3783 4517 πο-

527 4549 737 4605 nariam
762 4549 988 4605 excedat
1020 4561 1257 4618 aetatem,
1282 4552 1349 4606 ad
1386 4553 1848 4624 comparationem
1876 4559 2093 4613 arterni-

526 4641 652 4697 tatis
681 4643 841 4696 breve
872 4650 983 4706 est,
1033 4645 1177 4699 unde
1212 4644 1470 4715 pusilhtm
1519 4645 1611 4702 Dei
1659 4647 1818 4702 nobis
1865 4648 2096 4705 multum

526 4741 633 4798 est,
654 4742 708 4788 et
733 4733 971 4789 vicissim
1000 4735 1251 4793 universa
1279 4737 1477 4793 saecula
1499 4737 1566 4795 ad
1595 4736 1763 4794 Deum
1795 4738 1964 4795 relata
1985 4740 2101 4795 bre-

528 4823 752 4879 vissima
779 4836 928 4879 sunt.
963 4821 1021 4879 Si
1052 4840 1183 4895 ergo
1208 4826 1407 4883 dicitur
1432 4844 1446 4883 :
1492 4824 1656 4887 Vade,
1679 4825 1904 4897 populus
1930 4842 2099 4892 meus,

527 4925 670 4970 intra
696 4916 752 4970 in
772 4916 1139 4987 promptuaria
1171 4929 1286 4982 tua,
1330 4916 1517 4970 claude
1540 4918 1753 4978 ostium,
1784 4916 2101 4971 abscondere

526 5011 777 5080 pusillum
799 5008 1134 5080 quantulum.
1165 5009 1501 5077 Quantulum
1537 5007 1793 5077 pusillum
1826 5007 1958 5062 illud
1989 5023 2097 5062 non

526 5099 593 5157 ad
630 5100 775 5157 illius
804 5108 1055 5157 naturam
1087 5096 1343 5167 refertur,
1371 5100 1464 5169 qui
1494 5098 1547 5152 in
1587 5096 1962 5168 promptuaria
1998 5111 2098 5153 sua

523 5191 744 5261 iubetur
767 5191 991 5259 intrare,
1021 5192 1114 5249 sed
1139 5191 1260 5262 ejus
1285 5190 1377 5262 qui
1399 5189 1574 5260 jubet,
1615 5188 1702 5243 cui
1738 5186 1995 5259 pusillum
2016 5196 2101 5244 est

528 5286 633 5340 hoc
662 5300 826 5340 omne
847 5286 990 5352 quod
1012 5283 1213 5355 grande
1235 5294 1340 5338 est.
1364 5277 1419 5336 Si
1452 5281 1595 5336 enim
1622 5280 1797 5335 donec
1825 5288 2101 5351 pertrans-

522 5386 615 5430 eat
648 5380 727 5431 ira
776 5374 909 5440 Dei,
947 5383 1158 5446 oportet
1180 5373 1448 5445 quosdam
1484 5373 1689 5427 intrare
1726 5372 2105 5442 promptuaria

527 5480 649 5531 sua;
680 5475 809 5519 sunt
852 5474 1034 5519 autem
1084 5462 1177 5517 alii
1218 5461 1421 5529 quibus
1470 5475 1579 5515 non
1616 5469 1745 5515 sunt
1778 5459 2097 5516 dimittenda

528 5567 769 5625 peccata,
796 5572 902 5612 non
931 5556 1108 5613 solum
1128 5555 1183 5611 in
1209 5554 1463 5625 praesenti
1489 5555 1711 5621 saeculo,
1740 5554 1833 5611 sed
1855 5555 2019 5611 etiam
2043 5556 2097 5611 in

605 5734 620 5764 '
645 5733 755 5789 Jcr.
793 5752 911 5807 xm,
948 5738 1031 5792 16.

2203 4549 2485 4620 λυχρονίου
2541 4549 2617 4613 ὡς
2671 4550 2809 4620 πρὸς
2864 4550 2985 4605 ὅλον
3037 4549 3131 4603 τοῦ
3180 4551 3380 4614 παντὸς
3427 4552 3781 4622 ἐνεστηκότος

2205 4640 2419 4703 αἰῶνος.
2450 4638 2607 4693 Οὕτω
2636 4638 2704 4710 δὴ
2737 4641 2832 4694 καὶ
2862 4639 2924 4692 τὸ
2955 4638 3149 4711 μικρὸν
3173 4638 3267 4692 τοῦ
3291 4638 3427 4692 Θεοῦ
3460 4639 3595 4695 πολύ
3632 4641 3780 4696 ἔστιν

2205 4731 2281 4794 ὠς
2306 4731 2444 4802 πρὸς
2478 4732 2660 4800 ἡμᾶς·
2690 4731 2785 4785 καὶ
2820 4730 2956 4786 αἰών
2984 4731 3130 4784 ἔστιν
3173 4731 3293 4796 ὅλος
3336 4731 3399 4785 τὸ
3446 4733 3640 4803 μικρὸν
3684 4732 3778 4787 τοῦ

2206 4819 2363 4875 Θεοῦ.
2400 4819 2523 4875 Ἐὰν
2551 4818 2777 4891 λέγηται
2804 4816 2917 4877 οὖν·
2947 4820 3170 4886 Βάδιᾰ,
3201 4825 3353 4889 λαός
3370 4840 3511 4891 μου,
3535 4824 3775 4882 εἴσελθε

2204 4914 2292 4978 εἰς
2319 4912 2393 4967 τὰ
2420 4909 2651 4982 raptem
2676 4927 2814 4976 σου,
2852 4913 3221 4969 ἀπόκλεισον
3264 4912 3381 4982 τὴν
3416 4914 3604 4983 θύραν
3638 4931 3780 4979 σου,

2206 5005 2575 5073 ἀποκρύόηθι
2598 5005 2815 5075 μικρὸν
2852 5006 3005 5065 ὅσον
3051 5007 3224 5075 ὅσον,
3262 5008 3324 5064 τὸ
3360 5008 3561 5081 μικρὸν
3604 5012 3781 5067 tumo

2205 5096 2486 5166 νομιστέον
2517 5095 2771 5165 λέγεσθαι
2794 5100 2857 5154 οὐ
2883 5100 3022 5173 πρὸς
3049 5100 3152 5173 τὴν
3192 5101 3376 5172 σχέσιν
3415 5100 3511 5156 τοῦ
3559 5102 3780 5159 κελευο-

2209 5187 2370 5258 μένου
2397 5186 2654 5258 βαδίζειν,
2695 5191 2790 5245 καὶ
2816 5192 3079 5246 εἰσελθεῖν
3107 5193 3188 5257 εἰς
3211 5192 3280 5246 τὰ
3312 5195 3533 5264 ταμιεῖα
3563 5193 3779 5257 ἑαυτοῦ,

2207 5277 2343 5332 ἀλλὰ
2392 5278 2529 5351 πρὸς
2569 5279 2669 5351 τὴν
2712 5281 2894 5353 σχέσιν
2931 5281 3027 5336 τοῦ
3067 5282 3208 5337 αὐτὰ
3248 5282 3700 5355 προστάσσοντος,
3751 5285 3780 5337 ὃ

2210 5371 2405 5445 μικρόν
2446 5373 2593 5427 εστιν
2638 5372 2808 5446 αὐτῷ,
2841 5374 2904 5427 τὸ
2927 5374 3104 5446 τούτῳ
3150 5374 3305 5429 πολύ.
3340 5377 3405 5430 Εἰ
3434 5375 3543 5448 γὰρ
3578 5376 3682 5440 ἓως
3712 5375 3780 5428 ἂν

2203 5462 2449 5536 παρέλθῃ
2481 5462 2512 5515 ὁ
2536 5461 2706 5534 Θυμὸς
2732 5464 2832 5535 τῆς
2867 5467 3035 5537 ὀργῆς
3066 5465 3161 5519 τοῦ
3193 5466 3352 5530 Θεοῦ,
3379 5467 3460 5521 δεῖ
3489 5483 3637 5529 τινας
3669 5468 3782 5519 εἰσ-

2203 5554 2379 5610 ελθείν
2428 5556 2507 5619 εἰς
2545 5555 2615 5609 τὰ
2645 5556 3124 5627 ταμιεῖαίαυτῶν,
3164 5560 3273 5633 sic}
3293 5559 3349 5613 δὲ
3382 5555 3461 5623 οἷς
3485 5559 3584 5613 οὐκ
3629 5557 3782 5624 ἀφίε-

1110 5740 1130 5769 ’
1158 5737 1316 5795 Joan.
1352 5754 1467 5807 vm,
1506 5739 1587 5794 12.
1668 5739 1688 5771 ³
1720 5737 1878 5793 Joan.
1917 5754 1991 5805 ix,
2020 5738 2072 5794 ι.
2151 5738 2171 5769 ⁵
2198 5736 2368 5794 Amos
2400 5754 2453 5804 ι’,
2494 5737 2579 5794 is.
2659 5739 2679 5771 ³
2711 5736 2817 5795 lsa.
2854 5754 3001 5802 nrt,
3026 5738 3118 5795 20.
