4122 6420
475 315 600 379 ,τιξΓὶ

1912 316 2231 372 ORIGEXlS

3645 332 3748 388 396

495 443 602 489 test
631 435 846 504 quidem
873 437 1044 506 aptari
1075 437 1198 491 huic
1227 437 1372 505 quod
1404 437 1603 492 dicitur
1633 457 1646 491 :
1680 437 1812 491 Date
1841 437 2046 507 gloria»

2171 438 2263 490 ἐπὶ
2305 438 2407 507 ὅρη
2455 453 2708 506 φωτεινα,
2755 437 2870 492 ἀλλ’
2902 437 2993 491 ἐπὶ
3033 441 3132 508 ὖρη
3176 455 3456 492 σκοτεινά·
3497 435 3745 512 acui/tl)

495 524 722 581 ﬂamina
755 526 858 581 Deo
881 538 1080 594 nostro,
1116 528 1218 581 hoc
1248 530 1391 596 quod
1428 529 1592 584 modo
1627 529 1792 584 infert
1825 548 1839 585 :
1875 528 2070 587 Etsus-

491 622 724 678 tittebitis
789 619 842 672 in
879 619 1072 672 lumen.
1119 617 1175 672 Si
1211 617 1465 676 dederitis
1498 619 1728 676 Domino
1751 621 1860 676 Deo
1887 632 2064 677 vestro

495 710 718 779 gloriam
747 718 1036 779 antequam
1061 709 1530 776 contenebrescat,
1566 719 1619 764 et
1648 719 1941 781 antequam
1979 711 2064 765 of-

495 800 721 855 fendant
741 801 905 870 pedes
932 801 1095 855 vestri
1126 815 1291 870 super
1320 810 1531 856 montes
1555 801 1892 867 tenebrosos,
1918 802 2063 857 haud

492 891 716 945 dubium
751 891 880 960 quin
909 892 1072 945 etiam
1102 891 1149 946 si
1174 892 1639 955 contenebrescat,
1679 901 1734 946 et
1787 893 2062 947 sustinea-

494 984 585 1046 tis,
629 983 808 1037 lumen
857 999 953 1038 vos
1005 986 1285 1054 suscipiat.
1327 985 1481 1039 Alius
1529 999 1657 1039 vero
1687 985 1831 1040 dicat
1877 987 2064 1041 nescio

493 1083 674 1127 utrum
702 1083 847 1128 recte
880 1090 948 1128 an
978 1091 1284 1144 perperam,
1317 1076 1444 1146 quia
1471 1085 1524 1130 et
1550 1077 1604 1129 hi
1645 1077 1737 1146 qui
1779 1077 2062 1134 ollendunt

491 1178 654 1231 super
687 1172 898 1218 montes
921 1166 1590 1236 tenebrosos,exspeetant
1635 1167 1927 1237 aliquando
1960 1170 2063 1223 mi-

492 1255 805 1310 sericordiae
829 1257 1033 1311 lumen.
1066 1255 1178 1312 Hoc
1202 1259 1347 1312 enim
1375 1259 1588 1314 videtur
1621 1259 1907 1314 ostendere
1947 1279 1959 1313 :
1993 1259 2061 1314 Et

490 1345 815 1399 sustinebitis
839 1348 893 1401 in
916 1347 1111 1402 tamen.
1146 1347 1202 1402 Si
1232 1358 1411 1404 autem
1439 1352 1562 1420 quis
1585 1351 1792 1405 venerit
1820 1351 1885 1406 ad
1908 1367 2061 1406 mon-

492 1449 573 1493 tes
605 1439 942 1506 tenebrosos,
975 1441 1097 1496 vide
1125 1443 1256 1512 quid
1283 1443 1356 1497 ibi
1387 1443 1650 1499 inveniat.
1680 1443 1775 1500 Est
1806 1445 1914 1499 illic
1940 1460 2061 1498 um-

489 1534 582 1588 bra
612 1537 822 1591 mortis.
855 1534 954 1590 Ubi
985 1536 1255 1592 tenebrosi
1286 1546 1517 1602 montes,
1549 1539 1620 1592 ibi
1646 1541 1836 1595 umbra
1865 1541 2058 1595 mortis

486 1638 553 1677 ex
591 1625 723 1694 ipsis
753 1627 1030 1682 montibus
1056 1637 1353 1698 procreata.

563 1806 644 1860 15.
689 1804 755 1858 Et
797 1815 1056 1875 ponentur
1100 1809 1154 1861 in
1186 1810 1446 1865 tenebras.
1493 1807 1561 1863 Et
1613 1811 1719 1864 nisi
1764 1812 2050 1866 audieritis

485 1897 704 1964 occulte,
734 1898 962 1966 plorabit
989 1901 1170 1954 anima
1209 1912 1382 1955 vestra
1423 1918 1455 1954 a
1491 1902 1628 1971 facie
1653 1903 1986 1958 contumelia:
2009 1905 2050 1958 ’.

487 1989 558 2044 De
589 1990 673 2045 his
698 1990 791 2060 qui
821 1991 1073 2058 audiunt,
1103 1992 1322 2063 quidam
1359 1994 1572 2048 occulte
1621 1995 1886 2060 audiunt;
1928 1997 2053 2066 qui-

483 2084 606 2137 dam
635 2099 764 2138 vero
793 2099 916 2138 cum
958 2085 1211 2148 audiunt,
1241 2100 1349 2140 non
1381 2086 1592 2141 occulte
1627 2087 1876 2142 audiunt.
1912 2087 2052 2154 Quid

481 2184 566 2228 est
611 2175 794 2244 itaque
831 2175 1040 2231 occulte
1081 2177 1306 2231 audire?
1335 2175 1539 2247 Nempe
1573 2177 1705 2232 illud
1731 2179 1773 2210 ¹⁶
1800 2195 1812 2231 :
1839 2176 1941 2234 Sed
1973 2181 2053 2234 lo-

481 2266 693 2335 quimur
747 2266 1064 2334 sapientiam
1114 2265 1212 2320 Dei
1277 2266 1336 2319 in
1394 2267 1645 2335 mysterio
1699 2266 2052 2322 absconsum:

480 2373 641 2425 quam
687 2357 1079 2426 prwdestinavit
1126 2354 1264 2410 Deus
1319 2365 1440 2410 ante
1481 2356 1678 2410 stecula
1728 2359 1784 2410 in
1827 2356 2049 2428 gloriam

482 2459 735 2502 nostram.
768 2447 836 2502 Et
863 2463 1081 2503 rursum
1116 2449 1245 2504 alibi
1272 2450 1310 2481 “
1336 2451 1554 2515 dicitur,
1586 2449 1712 2519 quia
1749 2448 1902 2519 plura
1931 2464 2053 2518 ope-

482 2554 596 2590 rum
618 2537 713 2594 Dei
752 2547 874 2592 sunt
911 2539 966 2591 in
992 2539 1280 2592 absconsis.
1339 2537 1395 2593 Si
1423 2539 1585 2594 audio
1614 2539 1809 2608 legem,
1837 2547 1929 2594 aut
1957 2554 2051 2594 oc-

478 2629 620 2683 culte
644 2629 828 2694 audio,
851 2637 947 2684 aut
967 2644 1074 2684 non
1097 2629 1329 2685 occulte.
1351 2628 1570 2685 indecus
1593 2631 1719 2700 quia
1743 2630 1914 2700 legem
1939 2645 2048 2684 non

2163 527 2422 594 γένωνται
2441 529 2574 598 μετά
2585 527 2678 581 τοῦ
2695 528 2944 582 διαϐόλου
2965 529 3059 581 καὶ
3075 528 3182 581 τῶν
3199 529 3440 596 ἀγγέλων
3457 529 3620 584 αὑτοῦ
3638 533 3748 589 τῶν

2165 603 2450 672 σκοτεινῶν
2473 620 2646 692 ὁρέων
2667 637 2680 650 ·
2704 620 2815 674 Kal
2841 620 3192 689 ἀναμενεῖτε
3217 623 3306 686 εὶς
3333 621 3478 690 φῶς.
3509 621 3745 680 Δύναται

2167 711 2347 782 μέντοι
2375 711 2739 766 συνάπτεσθαι
2779 711 2860 782 τῷ
2880 729 2894 741 ο
2927 713 3068 765 Δότε
3099 712 3295 779 Κυρίῳ
3320 713 3399 778 τῷ
3429 714 3552 780 Θεῷ
3577 715 3746 784 ὑμῶν

2163 798 2355 866 δὶέξαν
2384 801 2495 871 πρὸ
2543 803 2649 856 τοῦ
2677 802 3078 867 συσκοτάσαι,
3112 802 3224 871 πρὸ
3253 804 3362 858 τοῦ
3397 808 3746 876 προσκόψαι

2161 893 2304 960 τοὺς
2355 892 2546 959 πόδας
2577 891 2744 962 ὑμῶν
2790 893 2889 946 ἐπὶ
2939 892 3044 960 ὄρη
3092 894 3376 948 σκοτεινά
3399 911 3412 924 ·
3445 895 3606 966 δῆλον
3638 899 3742 962 ὅτι,

2162 984 2265 1037 κᾶν
2310 983 2620 1056 συσκοτάσῃ
2643 1022 2657 1045 ,
2708 985 3025 1054 ἀναμενεῖτε
3073 983 3135 1036 τὸ
3199 983 3336 1052 φῶς,
3387 987 3482 1039 καὶ
3523 988 3584 1040 τὸ
3629 990 3746 1058 φῶς

2161 1075 2304 1145 ὑμᾶς
2332 1075 2648 1140 διαδέξεται.
2691 1075 2880 1138 Ἄλλος
2911 1075 2970 1128 δὲ
3019 1075 3164 1128 εἴποι
3201 1075 3267 1129 ἂν
3296 1077 3415 1148 (οὐκ
3445 1076 3559 1131 οἴδα
3587 1082 3744 1133 πότε-

2165 1184 2256 1238 ρον
2309 1167 2476 1236 ὑγιῶς
2519 1167 2655 1221 νοῶν
2700 1167 2733 1239 ἢ
2787 1167 2901 1238 μή)
2938 1168 3021 1220 ὅτι
3069 1168 3164 1222 καὶ
3213 1171 3262 1222 οἱ
3313 1171 3740 1241 προσκόπτοντες

2161 1261 2246 1312 ἐπ’
2274 1259 2374 1331 ὅρη
2421 1260 2669 1313 σκοτεινά
2699 1259 3030 1331 ἀναμενοῦσι
3073 1258 3226 1330 παρά
3271 1264 3382 1324 τοῖς
3426 1265 3737 1327 σκοτεινοῖς,

2161 1350 2523 1421 ἀναμένοντες
2548 1350 2608 1403 τὸ
2641 1350 2734 1404 τοῦ
2765 1351 2913 1404 ἐλέου
2942 1350 3077 1419 φῶς.
3101 1350 3274 1404 Τοῦτο
3298 1351 3405 1421 γὰρ
3439 1347 3578 1405 εἶναι
3597 1352 3736 1417 δόξει

2158 1444 2252 1496 τόο
2284 1443 2394 1496 Kal
2426 1442 2773 1512 ἀναμενεῖτε
2810 1445 2899 1508 εὶς
2928 1440 3074 1511 φῶς.
3118 1442 3285 1496 Ἐπὰν
3319 1443 3375 1496 δὲ
3419 1443 3610 1516 ἔλθητε
3641 1447 3734 1498 ἐπὶ

2158 1535 2227 1589 τὰ
2261 1536 2361 1609 ὅρη
2405 1535 2476 1588 τὰ
2510 1535 2787 1596 σκοτεινὰ,
2822 1535 3022 1606 ἴδωμεν
3051 1535 3102 1587 τι
3136 1534 3286 1588 ἐστιν
3319 1537 3453 1590 ἐκεῖ.
3481 1536 3616 1590 Σκιά
3644 1536 3741 1590 θαι

2153 1627 2338 1682 νάτου.
2374 1628 2548 1680 Ὅπου
2597 1625 2668 1678 τὰ
2716 1624 2966 1677 σκοτεινά
3011 1624 3133 1695 ὅρη,
3181 1625 3298 1677 ἐκεῖ
3337 1623 3462 1678 σκιά
3491 1625 3738 1682 ίθανάτω

2159 1719 2256 1771 ἀπ’
2291 1718 2472 1772 αὐτῶν
2501 1716 2791 1770 σκοτεινῶν
2824 1715 2996 1787 ὀρέων
3030 1715 3316 1787 γενομένη.

2231 1810 2340 1865 Kal
2352 1807 2704 1875 τεθήσονται
2718 1809 2805 1872 εις
2816 1806 3056 1872 σκότος.
3085 1806 3227 1859 Ἐὰν
3241 1804 3309 1858 δὲ
3317 1805 3404 1874 μὴ
3434 1806 3736 1874 ἀκούσητε

2158 1897 2596 1968 κεκρυμμένως,
2620 1895 2947 1950 κλαύσεται
2964 1896 3001 1962 ἡ
3023 1893 3193 1962 ψυχὴ
3220 1893 3387 1963 ὑμῶν
3403 1895 3522 1948 ἀπὸ
3547 1912 3736 1964 προσ-

2156 1989 2320 2043 ώπου
2365 1989 2585 2055 ὕϐρεως
2617 1985 2734 2039 τῶν
2763 1986 3127 2039 ἀκουόντων.
3170 1986 3234 2038 Ol
3289 1985 3388 2056 μὲν
3417 1989 3734 2058 κεκρυμμέο

2155 2098 2260 2144 νως
2277 2079 2585 2140 ἀκούουσιν,
2605 2079 2652 2129 οἱ
2678 2076 2754 2138 δὲ,
2783 2075 2887 2128 κᾶν
2908 2074 3233 2137 ἀκούσωσιν,
3254 2076 3314 2128 οὐ
3336 2078 3736 2148 κεκρυμμὲνως

2154 2171 2462 2225 ἀκούουσιν.
2500 2169 2565 2222 Ti
2594 2164 2686 2222 οὖν
2723 2170 2839 2221 ἐστι
2863 2167 2924 2220 τὸ
2953 2165 3348 2238 κεκρυμμένους
3369 2167 3621 2229 ἀκούεινς
3660 2168 3728 2220 ἸΙ

2153 2263 2242 2318 τό·
2300 2261 2487 2315 Ἀλλὰ
2517 2258 2825 2327 λαλοῦμεν
2865 2257 3011 2311 Θεοῦ
3043 2257 3266 2326 σοφίαν
3296 2257 3367 2310 ὲν
3399 2259 3730 2327 μυσττυιῳ.

2154 2354 2269 2423 τὴν
2289 2350 2848 2421 ἀποκεκρυμμένην,
2890 2347 2970 2417 ἢν
3007 2348 3342 2417 προώρισεν
3373 2352 3406 2403 ό
3437 2349 3581 2416 Θεὸς
3616 2352 3729 2418 πρὸ

2153 2445 2271 2500 τῶν
2299 2444 2530 2498 αἰώνων
2553 2446 2641 2509 εις
2678 2442 2866 2507 δόξαν
2905 2439 3092 2510 ἡμῶν.
3142 2441 3251 2494 Καὶ
3300 2441 3460 2496 πάλιν
3493 2442 3729 2512 ἀλλαχοῦ

2152 2537 2385 2606 λέγεται,
2414 2538 2497 2590 ὅτι
2520 2534 2590 2589 τὰ
2619 2535 2870 2589 πλείονα
2903 2531 3021 2586 τῶν
3046 2533 3234 2602 ἔργων
3259 2533 3364 2588 τοῦ
3389 2534 3535 2588 Θεοῦ
3558 2535 3724 2589 ἐστιν

2151 2627 2220 2680 ἐν
2233 2627 2624 2695 ἀποκρύφοις.
2667 2624 2791 2678 Ἐὰν
2817 2622 3001 2678 ἀκούω
3021 2622 3116 2676 τοῦ
3138 2624 3324 2694 νόμου,
3348 2626 3465 2694 ἦτοι
3495 2642 3729 2697 κεκρυμ-

478 2720 630 2773 audit
653 2721 885 2786 occulte,
915 2721 970 2774 in
1010 2719 1302 2775 manifesto
1327 2721 1759 2787 circumciditur,
1798 2721 2046 2777 nesciens

2157 2718 2333 2788 μένως
2357 2718 2571 2782 ἀκούω,
2607 2717 2638 2787 ἢ
2669 2716 2768 2771 οὐκ
2805 2715 2987 2770 ἀκούω
3016 2716 3431 2786 κεκρυμμένως.
3485 2717 3545 2770 ’0
3591 2717 3723 2771 Ἰου-

477 2823 603 2871 eum
644 2809 738 2878 qui
778 2810 832 2864 in
871 2809 1164 2864 manifesto
1201 2810 1633 2877 circumciditur,
1660 2809 1906 2866 Judaeum
1939 2827 2046 2867 non

2149 2809 2298 2874 δαῖος
2334 2809 2434 2862 οὐκ
2465 2809 2649 2862 ἀκούει
2675 2807 3071 2880 κεκρυμμένως
3107 2807 3200 2860 τοῦ
3231 2808 3414 2878 νόμου.
3451 2807 3546 2862 Διά
3571 2807 3727 2863 τοῦτο

479 2912 622 2962 esse,
647 2913 823 2968 neque
845 2914 964 2954 eam
991 2915 1113 2969 quae
1136 2900 1189 2954 in
1221 2901 1399 2970 palam
1427 2911 1510 2956 est
1539 2902 1593 2956 in
1626 2917 1792 2958 carne
1814 2903 2046 2958 circum-

2152 2902 2398 2974 φανερῶς
2433 2901 2849 2972 περιτέμνεται,
2874 2900 2974 2953 οὐκ
3009 2899 3185 2964 εἰδὼς,
3216 2900 3298 2954 ὅτι
3328 2900 3418 2954 καὶ
3450 2900 3606 2971 ἄλλη,
3629 2902 3726 2972 οὐχ

477 2991 760 3046 cisionem.
794 2988 897 3058 Qui
928 2991 1140 3046 auditor
1165 2999 1248 3046 est
1287 3000 1466 3046 autem
1499 2991 1936 3049 circumcisionis
1962 3009 2046 3050 oc-

2150 2995 2184 3063 ή
2228 2997 2285 3048 ὲν
2312 2993 2388 3065 τῷ
2421 2992 2638 3064 φανερῷ
2684 2995 2740 3047 ὲν
2775 2992 2938 3065 σαρκὶ
2977 2994 3266 3064 περιτομή.
3335 2995 3391 3045 ’0
3421 2994 3475 3046 δὲ
3513 2994 3727 3047 ἀκούων

475 3080 659 3139 culta,
683 3088 736 3133 et
768 3079 821 3132 in
858 3080 1076 3134 occulto
1095 3079 1521 3134 circumciditur.
1561 3078 1665 3146 Qui
1694 3081 1844 3136 audit
1876 3082 2044 3152 legem

2149 3084 2248 3157 τῆς
2277 3086 2574 3158 περιτομῆς
2606 3084 3001 3157 κεκρυμμένως
3038 3085 3095 3137 ἐν
3129 3084 3356 3155 κρυπτῷ
3383 3085 3726 3157 περιτμηθή-

478 3171 689 3227 occulte
721 3171 788 3225 de
819 3171 1092 3242 mysteriis
1122 3169 1366 3235 Paschae,
1406 3185 1506 3225 ove
1541 3171 1778 3227 vescitur
1797 3170 2045 3228 Christo:

479 3261 687 3316 Pascha
709 3263 896 3331 quippe
939 3270 1175 3315 nostrum
1231 3263 1534 3315 immolatus
1577 3272 1655 3316 est
1692 3261 1932 3318 Christus
1966 3265 2044 3332 ¹¹;

475 3354 653 3408 sciens
671 3369 889 3407 carnem
911 3351 1172 3408 VerbiDei
1193 3369 1320 3408 vere
1345 3353 1524 3408 cibum
1549 3369 1691 3420 esse,
1708 3355 1944 3411 vescitur
1958 3371 2042 3411 ea:

474 3443 682 3499 occulte
695 3444 894 3513 quippe
912 3446 978 3498 de
994 3443 1203 3500 Pascha
1228 3445 1454 3500 audivit.
1473 3447 1542 3500 At
1563 3460 1693 3500 vero
1718 3446 2045 3503 miserabilis

470 3533 690 3592 Judteus
723 3536 924 3591 idcirco
948 3535 1231 3592 Dominum
1253 3535 1436 3592 Jesum
1476 3535 1766 3603 interfecit,
1793 3547 1842 3592 et
1875 3553 2047 3609 usque

472 3630 525 3683 in
555 3637 873 3699 praesentem
913 3629 1054 3683 diem
1091 3645 1217 3684 reus
1253 3638 1338 3684 est
1377 3629 1568 3685 mortis
1601 3630 1740 3700 ejus,
1777 3631 1904 3699 quia
1935 3645 2043 3686 non

469 3720 677 3774 audivit
695 3722 907 3775 occulte
926 3721 1097 3790 legem
1119 3731 1173 3774 et
1188 3720 1494 3790 prophetas.
1514 3718 1570 3774 Si
1587 3721 1806 3791 quando
1822 3722 1966 3790 leges
1978 3722 2044 3778 de

468 3813 694 3885 azymis,
718 3825 871 3885 potes
893 3815 1083 3869 audire
1096 3814 1328 3879 occulte,
1357 3824 1506 3884 potes
1527 3815 1716 3870 audire.
1733 3815 2042 3871 manifeste.

469 3902 794 3972 Quicunque
849 3903 918 3957 de
967 3904 1122 3959 vobis
1177 3903 1371 3974 (prope
1421 3905 1622 3974 quippe
1675 3914 1759 3961 est
1807 3905 2040 3976 Pascha)

469 4009 657 4064 stylea
694 3995 1067 4058 celebraverit,
1100 3995 1153 4049 id
1183 4004 1268 4049 est
1292 4010 1480 4065 azyma
1513 3997 1630 4049 haec
1659 4011 1910 4066 corpora,
1931 4011 2040 4051 non

468 4086 675 4141 audivit
707 4087 1024 4141 mandatum
1067 4087 1295 4141 dicens:
1327 4085 1451 4140 Nisi
1492 4089 1770 4142 audieritis
1817 4089 2039 4156 occulte,

465 4178 694 4248 plorabit
731 4179 910 4232 anima
947 4188 1134 4232 uestra.
1171 4175 1238 4231 Et
1271 4177 1338 4232 de
1367 4177 1605 4232 Sabbato
1637 4179 1882 4248 quaedam
1913 4195 2039 4234 mu-

468 4272 704 4326 lierculae
753 4287 858 4325 non
905 4272 1188 4326 audientes
1248 4271 1597 4340 prophetam,
1652 4286 1761 4326 non
1809 4271 2040 4327 audiunt

464 4362 694 4426 occulte,
721 4362 815 4417 sed
851 4362 1027 4431 palam
1046 4363 1134 4419 die
1165 4361 1432 4425 Sabbato,
1463 4363 1707 4418 lavantes
1733 4378 1812 4427 se,
1842 4374 1896 4418 et
1936 4363 2036 4418 ite-

2153 3196 2304 3233 σεται
2323 3196 2336 3210 ·
2385 3180 2413 3231 ὀ
2430 3177 2642 3232 ἀκούων
2667 3177 2775 3230 τῶν
2805 3179 2934 3247 περὶ
2956 3176 3051 3230 τοῦ
3079 3177 3269 3248 Πάσχα
3298 3179 3722 3250 νενομοθετημέ-

2148 3288 2254 3325 νων
2283 3269 2698 3343 κεκρυμμένως,
2722 3268 2890 3322 ἐσθίει
2913 3269 3020 3322 ἀπὸ
3045 3268 3139 3323 τοῦ
3159 3269 3430 3340 προϐάτου
3452 3272 3721 3342 Χριστοῦ·

2154 3362 2222 3416 Τὸ
2253 3360 2362 3432 γὰρ
2380 3361 2590 3430 Πάσχα
2612 3359 2779 3429 ἡμῶν
2792 3359 2969 3427 ἐτύθη
3000 3360 3270 3428 Χριστός.
3298 3361 3405 3416 Καὶ
3440 3360 3595 3426 εἰδὼς
3624 3364 3723 3434 τὴν

2155 3452 2335 3523 σάρκα
2358 3449 2454 3505 τοῦ
2482 3451 2656 3519 Λόγου
2673 3449 2835 3504 ὁποία
2869 3449 3007 3514 ἐστὶ,
3043 3450 3141 3504 καὶ
3173 3449 3349 3514 εἰδὼς,
3394 3452 3476 3505 ὄτι
3519 3453 3722 3525 ἀληθής

2145 3546 2260 3598 ἐστι
2314 3543 2556 3615 βρῶσις,
2603 3541 3006 3613 μεταλαμϐάνει
3043 3541 3277 3614 ταύτης·
3325 3547 3720 3616 κεκρυμμένοις

2143 3635 2253 3706 γὰρ
2286 3636 2483 3707 ἢκουσε
2516 3634 2611 3687 τοῦ
2645 3635 2858 3704 Πάσχα.
2905 3634 2964 3686 '0
2989 3634 3048 3687 δὲ
3080 3633 3246 3698 πολὺς
3289 3627 3443 3697 οὗτος
3478 3637 3552 3705 (2)
3593 3636 3719 3690 Ἰου-

2141 3728 2288 3792 δαῖος
2311 3725 2401 3780 διὰ
2437 3724 2595 3780 τοῦτο
2625 3726 2717 3780 τὸν
2755 3726 2957 3798 Κύριον
3015 3724 3220 3796 Ἰησοῦν
3267 3726 3576 3792 ἀπέκτεινε,
3627 3729 3718 3782 και

2143 3818 2324 3888 ἔνοχος
2369 3817 2462 3871 καὶ
2504 3816 2745 3888 σήμερον
2777 3820 2894 3870 ἐστι
2938 3816 3014 3888 τῷ
3049 3815 3195 3886 φόνῳ
3243 3816 3439 3887 Ἰησοῦ,
3489 3819 3607 3872 ἐπεὶ
3641 3821 3715 3888 μὴ

2142 3908 2538 3982 κεκρυμμένως
2595 3909 2732 3980 μήτε
2780 3908 2874 3962 τοῦ
2916 3909 3079 3980 νόμου
3110 3911 3248 3980 μήτε
3281 3908 3388 3962 τῶν
3422 3909 3717 3982 προφητῶν

2139 4002 2390 4072 ῆκουσεν.
2432 3999 2558 4053 Ἐὰν
2596 3998 2972 4074 ἀναγινώσκης
3006 4001 3133 4073 περὶ
3163 4001 3270 4055 τῶν
3300 4000 3544 4072 ἀζύμων,
3569 4001 3715 4055 ἔστιν

2138 4091 2370 4146 ἀκοῦσαι
2413 4093 2809 4164 κεκρυμμένως
2833 4133 2847 4156 ,
2892 4093 3039 4146 ἔστιν
3077 4091 3308 4147 ἀκοῦσαι
3338 4093 3586 4164 φανερῶς
3617 4093 3716 4162 τῆς

2138 4184 2357 4254 ἐντολῆς
2387 4185 2501 4238 ὅσοι
2545 4186 2605 4237 ὲν
2626 4187 2757 4255 ημῖν
2783 4184 2857 4255 (5)
2882 4201 2896 4215 ο
2949 4185 3114 4254 ἐγγὺς
3134 4184 3243 4254 γάρ
3273 4186 3391 4239 ἐστι
3411 4182 3472 4237 τὸ
3502 4185 3717 4254 Πάσχα,

2137 4277 2324 4348 ἄζυμα
2353 4277 2577 4345 ἄγεται.
2611 4276 2682 4330 τὰ
2718 4277 2901 4348 ἄζυμα
2928 4276 2996 4330 τὰ
3027 4275 3334 4347 σωματικὰ,
3365 4277 3465 4330 οὐκ
3489 4276 3714 4331 ἀκούετε

2136 4367 2238 4440 τῆς
2264 4367 2529 4439 λέγουσης
2562 4367 2782 4438 ἐντολῆς
2799 4384 2815 4399 ·
2859 4367 2992 4421 Ἐὰν
3011 4367 3098 4436 μὴ
3127 4369 3430 4435 ἀκούσητε
3457 4384 3713 4438 κεκρυμ-

466 4469 587 4507 rum
644 4462 977 4509 revertentes
1026 4456 1094 4510 ad
1148 4469 1314 4524 egena
1369 4465 1422 4511 et
1472 4456 1685 4511 inﬁrma
1731 4455 2034 4522 elementa,

2149 4460 2352 4530 μένως,
2383 4462 2708 4516 κλαύσεται
2739 4461 2778 4528 ’ἡ
2799 4458 2971 4529 ψυχὴ
3005 4458 3192 4527 ὑμῶν.
3220 4460 3330 4512 Καὶ
3362 4461 3489 4530 περὶ
3513 4461 3717 4514 σα66ἀ-

464 4545 624 4615 quasi
671 4546 912 4600 nondum
963 4546 1302 4601 descenderit
1347 4546 1639 4613 Christus,
1687 4557 1741 4603 et
1785 4562 1888 4603 nos
1934 4546 2033 4602 ba-

464 4635 662 4702 ptismo
686 4649 786 4688 suo
799 4634 1031 4690 laverita
1054 4635 1316 4707 legalibus
1327 4636 1489 4709 204
1505 4637 1739 4692 initiisln
1768 4637 2037 4708 evangeli-

461 4744 580 4783 cum
605 4727 1012 4798 perfectionem.
1040 4728 1248 4785 idcirco
1267 4731 1576 4799 diligentius
1597 4729 1961 4797 attendamus,
1988 4731 2033 4786 si

461 4822 682 4892 quando
707 4820 880 4892 legem
913 4821 1146 4894 legimus
1187 4833 1244 4877 et
1275 4822 1589 4893 prophetas,
1624 4836 1692 4876 ne
1725 4821 2034 4887 incidamus

463 4919 517 4968 in
555 4913 1022 4979 maledictionem,
1056 4929 1180 4986 qua!
1223 4930 1370 4971 nunc
1405 4913 1605 4968 dicitur
1635 4931 1658 4966 :.
1690 4911 1812 4967 Nisi
1851 4915 2034 4969 audie-

460 5005 581 5059 ritis
603 5003 824 5069 occultc,
852 5005 1081 5075 plorabit
1111 5007 1292 5060 anima
1327 5015 1498 5060 uestra
1530 5021 1563 5057 α
1592 5003 1732 5072 [acie
1762 5013 2032 5062 contumer

457 5099 564 5153 tite.
614 5097 936 5169 Quicunque
983 5099 1253 5169 jejunium
1285 5097 1632 5161 Iudaeorum,
1669 5097 1826 5166 quasi
1879 5097 2031 5168 igno-

526 5284 546 5315 ’
579 5283 687 5338 Jer.
721 5298 837 5349 xm,
865 5284 951 5337 Π.
1033 5285 1078 5314 ⁸⁸
1104 5281 1118 5335 Ι
1143 5281 1269 5336 Cor.
1293 5273 1363 5346 'tt,
1403 5280 1454 5335 7.
1533 5282 1569 5311 ¹¹
1602 5280 1763 5335 Eccli.
1792 5297 1900 5346 XVI,
1925 5281 2014 5334 22.

525 5398 599 5464 (ii
637 5399 787 5453 Ἀλλ’
815 5401 918 5452 ’ἐπὶ
942 5399 1048 5467 ὄρη
1077 5399 1377 5452 σκοτεινά·
1409 5399 1574 5463 ὅταν,
1596 5409 1700 5453 etc.
1735 5399 2021 5468 Perperam

456 5468 572 5540 inec
603 5471 802 5540 scripta
833 5479 884 5524 et
913 5471 1251 5540 interpuncta
1279 5476 1425 5523 sunt.
1459 5479 1580 5540 quze
1619 5472 1698 5524 sic
1727 5471 1972 5540 corrigas
2007 5487 2021 5521 :

468 5536 606 5610 Ἁλλ·
633 5536 727 5610 ἐπι
747 5537 848 5610 ὄρη
889 5536 1158 5610 σκοτεινὰ,
1192 5541 1327 5610 ὅταν·
1339 5536 1613 5610 γένωνται
1642 5539 1778 5610 μετά
1797 5538 1893 5610 τοῦ
1911 5537 2024 5610 δια-

454 5606 607 5726 illisu
637 5608 730 5659 xui.
762 5606 872 5664 τῶν
897 5609 1144 5676 ἀγγέλων
1170 5608 1333 5669 αὑτοῦ
1358 5606 1465 5662 τῶν
1502 5606 1790 5665 σκοτεινῶν
1832 5607 2024 5678 ὀρέων.

508 5681 560 5727 πὶ
597 5679 931 5730 ἀναμενεῖτε.

527 5694 560 5727 ιι
597 5694 696 5728 ἀνα
747 5694 931 5730 ενειτε.

527 5746 601 5817 [ἓν
629 5694 821 5811 nolite
865 5745 1061 5814 οὗτος.
1096 5747 1464 5819 Hieronymus
1498 5765 1508 5800 :
1558 5759 1613 5802 at
1645 5764 1759 5801 vero
1806 5747 2025 5805 mium-

2140 4569 2234 4605 του
2303 4553 2560 4620 γυναῖκες
2625 4550 2701 4622 μὴ
2771 4549 3070 4603 ἀκούσασαι
3128 4549 3222 4602 τοῦ
3277 4550 3578 4620 προφητοῦ,
3613 4553 3714 4604 οὐκ

2140 4643 2396 4699 ἀκούουσι
2430 4641 2860 4713 κεκρυμμένως,
2891 4639 3302 4701 ἀλλάἀκούουσι
3335 4640 3602 4712 φανερῶς.
3635 4641 3712 4692 Οὐ

2140 4736 2385 4790 λούονται
2409 4735 2506 4806 τὴν
2539 4733 2752 4804 ἡμέραν
2773 4729 2866 4784 τοῦ
2893 4729 3183 4794 σαϐϐάτου,
3215 4731 3600 4802 ἐπανέρχονται
3617 4731 3712 4784 ἐπὶ

2136 4829 2207 4883 τὰ
2241 4827 2431 4898 πτωχά
2462 4826 2555 4880 καὶ
2593 4823 2791 4894 ἀσθενῆ
2828 4823 3094 4895 στοιχεῖα,
3123 4819 3199 4886 ὡς
3222 4821 3456 4894 Χριστοῦ
3489 4822 3564 4894 μὴ
3593 4824 3710 4876 ἑπι-

2137 4915 2525 4987 δεδημηκὰτος,
2545 4911 2643 4965 τοῦ
2665 4910 3000 4976 τελειοῦντος
3015 4911 3180 4981 ἡμᾶς,
3203 4911 3296 4963 καὶ
3309 4909 3710 4977 διαειὸἀζοντος

2140 5007 2249 5060 ἀπὸ
2263 5005 2372 5060 τῶν
2380 5005 2620 5077 νομικῶν
2633 5003 2916 5075 ,στοιχείων
2931 5003 3024 5056 ἐπὶ
3039 5003 3139 5072 τὴν
3147 5001 3506 5076 εὐαγγελικὴν
3521 5003 3713 5059 τελειό-

2139 5115 2295 5170 τητα.
2320 5097 2416 5155 Διά
2437 5096 2594 5151 τοῦτο
2613 5096 2966 5168 προσέχωμεν
2979 5094 3438 5162 ἀναγινώσκοντες
3448 5096 3537 5152 τὸν
3548 5097 3708 5170 νόμον

2131 5283 2215 5336 ηι
2247 5283 2375 5337 Cor.
2408 5296 2462 5347 v,
2493 5280 2547 5334 7.

2129 5399 2251 5452 bilis
2273 5398 2498 5453 Judteus
2533 5413 2550 5450 .'
2581 5397 2710 5468 quid
2744 5398 2789 5452 si
2815 5397 3081 5468 legamus,
3123 5397 3520 5468 πολύοικτροςῗ
3562 5396 3708 5452 Πυξ-

2131 5485 2279 5609 “'85
2295 5536 2573 5605 Ἐντολῆς
2603 5537 2735 5593 ὅσοι
2770 5537 2840 5592 ἐν
2863 5537 3031 5608 ἡμῖν,
3055 5533 3311 5609 etenim
3322 5546 3554 5609 aut-tore
3578 5535 3703 5609 Hie-

2132 5606 2364 5680 ronymo
2397 5610 2478 5663 sic
2517 5606 2914 5680 distinguenda
2947 5606 3405 5680 suntsiwoligg.
3457 5609 3605 5668 Ὅσοι
3643 5607 3704 5658 ιν

2133 5676 2260 5748 ὑμῖν
2308 5678 2494 5748 (ἐγγὺς
2527 5680 2634 5751 γάρ
2656 5676 2770 5733 ἐστι
2803 5679 2864 5732 τὸ
2898 5677 3106 5748 Πάσχα)
3132 5676 3313 5747 ἄζυμα
3345 5677 3526 5745 ἄγετε.
