4122 6420
467 343 580 405 59!)

1930 336 2258 394 ORIGENIS

3640 345 3746 400 4ου

475 459 575 512 tia:
601 459 733 523 Quis
763 467 939 528 parcet
965 474 1117 527 super
1146 466 1213 521 te,
1243 455 1618 511 Hierusalem?
1655 465 1747 509 aut
1778 456 1893 527 quis
1928 471 2051 509 con-

2159 471 2251 508 ται
2281 455 2378 507 ἐπὶ
2436 454 2559 518 σοί,
2620 454 3050 524 ’1ερουσα.ιιξμ;
3086 454 3125 524 ἢ
3184 456 3275 522 τίς
3323 458 3744 524 σκυθρωπάσει

475 550 782 604 tristabitur
815 567 970 618 super
1009 551 1095 604 te?
1126 547 1257 613 Quis
1292 558 1620 602 convertetur
1647 565 1832 618 rogare
1859 565 1918 601 ea
1939 564 2054 616 qua

475 643 530 696 in
572 658 753 711 parem
798 651 919 694 sunt
956 641 1088 693 tibi?
1124 643 1376 694 Aversata
1415 657 1467 693 es
1510 658 1541 693 a
1582 657 1680 706 me,
1711 639 1837 693 dicit
1875 638 2056 692 Domi-

476 749 594 786 nus.
637 731 796 784 Retro
846 731 1166 796 ambulabis,
1215 739 1263 784 et
1301 732 1581 784 extendam
1621 748 1835 784 manum
1886 748 2053 784 meam

474 840 630 891 super
671 833 738 885 te,
775 835 824 876 et
859 821 1161 891 disperdam
1193 832 1261 887 te,
1291 833 1341 875 et
1377 822 1520 875 ultra
1555 839 1655 875 non
1693 824 1864 875 sinam
1905 831 1976 885 te,
2007 833 2057 876 et

473 915 772 983 dispergam
803 913 924 966 illos
955 914 1008 964 in
1035 912 1382 980 dispersione.
1423 911 1546 964 Dixi
1580 929 1598 964 .·
1624 911 1748 966 Sine
1776 912 1906 980 ﬁliis
1933 912 2058 980 e/Te-

473 1017 588 1058 ctus
619 1019 775 1067 sum;
802 1012 1006 1072 egestas
1037 1004 1203 1055 tenuit
1229 1002 1387 1054 me".
1416 1001 1733 1072 Exemplum
1758 1001 2051 1071 accipiam:

477 1096 652 1152 hostis
693 1096 968 1166 quispiam
1018 1109 1083 1149 ac
1127 1094 1420 1164 perduellis
1453 1105 1646 1149 contra
1677 1095 2054 1164 imperatorem

477 1186 641 1256 hujus
681 1195 841 1241 terra:
877 1186 1158 1256 judicatus
1204 1195 1287 1240 est
1323 1205 1334 1238 :
1367 1185 1437 1240 ab
1479 1186 1581 1240 hoc
1619 1185 1798 1241 omnis
1846 1187 2056 1241 miscri-

475 1277 660 1332 cordia
693 1276 972 1341 aufertur;
999 1275 1207 1331 scilicet
1237 1291 1304 1329 ne
1339 1277 1468 1329 dum
1496 1275 1754 1330 damnato
1792 1277 1916 1346 quis
1956 1277 2057 1330 mi-

475 1379 708 1434 seretur,
781 1367 1008 1436 incipiat
1062 1367 1337 1422 offendere
1395 1367 1868 1424 condemnantem.
1919 1368 2058 1423 Sunt

474 1461 639 1516 etiam
665 1459 909 1512 nonnulli
943 1460 1036 1527 qui
1070 1458 1334 1527 adjiciunt
1365 1457 1431 1512 ad
1462 1458 1828 1523 severitatem,
1861 1468 1919 1512 ut
1948 1474 2056 1514 non

477 1549 874 1603 contristentur
901 1549 1120 1618 quidem
1151 1563 1317 1618 super
1347 1563 1435 1613 eo,
1468 1548 1519 1602 id
1545 1564 1877 1620 magnopere
1906 1550 2056 1604 devi-

477 1651 672 1705 tantes,
711 1657 776 1694 ne
810 1656 904 1710 per
930 1655 1219 1694 mmrorem
1245 1637 1427 1693 vultus
1456 1641 2056 1711 monstrenturjudirio

479 1731 622 1801 regis
642 1729 861 1784 offendi.
901 1727 956 1782 Si
990 1726 1322 1793 intellexisti,
1350 1725 1637 1782 considera
1657 1728 1812 1791 milii,
1839 1737 2057 1798 propter

478 1800 697 1892 peccata
737 1822 904 1875 multa
935 1836 963 1874 a
996 1818 1108 1874 Deo
1143 1819 1561 1874 condemnatum
1604 1829 1966 1888 peccatorem,
2002 1829 2058 1874 et
2091 1800 2131 1854 Β

477 1913 601 1968 vide
628 1913 904 1984 quomodo
938 1909 1430 1964 innumerabilibus
1457 1909 1662 1980 angelis
1695 1910 1933 1964 humano
1960 1925 2058 1979 ge—

477 2004 590 2060 neri
623 2002 1065 2074 przesidentibus,
1101 2016 1168 2054 ne
1201 2000 1270 2053 ab
1303 2015 1412 2054 uno
1439 2000 1658 2069 quidem
1684 2001 2057 2056 misericordia

475 2095 674 2166 dignus
695 2094 990 2165 judieetur.
1018 2091 1228 2162 Singuli
1251 2090 1469 2161 quidem
1493 2091 1808 2160 angelorum
1841 2091 2056 2160 prospi-

475 2187 685 2241 cientes
718 2187 844 2256 quia
883 2181 1026 2238 Deus
1056 2195 1138 2238 est
1165 2184 1256 2254 qui
1290 2181 1695 2245 condemnavit,
1731 2182 1857 2251 quia
1888 2182 2058 2236 Crea-

479 2288 684 2334 torest
720 2279 812 2347 qui
854 2277 1196 2342 adversatur,
1241 2284 1296 2331 et
1345 2275 1450 2329 tale
1490 2289 1611 2330 esse
1652 2283 1957 2344 peccatum,
1999 2283 2059 2329 ut

479 2371 813 2435 misericors,
855 2379 909 2424 et
945 2369 1184 2423 clemens
1230 2367 1638 2438 quodammodo
1678 2368 2056 2422 necessitatem

480 2476 674 2530 passus
703 2461 774 2514 sit
806 2475 968 2530 super
983 2475 1113 2532 eum
1145 2459 1474 2515 sententiam
1501 2473 1776 2528 promere,
1803 2473 1908 2512 non
1941 2473 2059 2528 par-

441 2589 450 2598 .
478 2559 628 2615 cunt,
659 2565 766 2605 non
799 2550 1210 2616 contristantur,
1244 2565 1420 2620 neque
1461 2549 1810 2614 miserentur,
1842 2563 1949 2603 non
1975 2563 2058 2604 re-

477 2652 784 2708 vertuntur,
811 2653 868 2698 ut
890 2653 1080 2714 rogent
1097 2657 1194 2712 pro
1209 2657 1274 2696 eo
1300 2656 1510 2710 pacem.
1531 2639 1868 2696 Hierusalem
1895 2641 2060 2710 igitur

477 2737 606 2806 quia
635 2736 700 2790 ad
733 2737 914 2806 priora
942 2735 1148 2792 scelera
1185 2735 1350 2788 etiam
1381 2735 1484 2788 hoc
1509 2733 1728 2802 adjecit,
1761 2741 1818 2786 ut
1837 2731 2060 2787 crucifi-

479 2835 629 2898 geret
663 2824 954 2881 Dominum
986 2841 1165 2880 meum
1184 2823 1392 2889 Jesum,
1417 2833 1469 2877 et
1501 2824 1554 2876 in
1585 2831 1795 2878 tantum
1823 2822 2061 2878 surrexit

480 2918 836 2982 scelus,utde
859 2933 921 2971 ea
949 2916 1153 2971 diceret
1179 2914 1523 2969 Salvator":
1553 2911 1908 2976 Hierusalem,
1933 2912 2061 2968 Hie-

481 3011 732 3076 rusalem,
751 3026 868 3080 quae
878 3008 1073 3062 occidis
1089 3007 1389 3077 prophetas,
1404 3015 1452 3058 et
1471 3004 1680 3074 lapidas
1703 3005 1890 3060 missos
1907 3005 1975 3059 ad
1991 3015 2058 3072 te,

479 3102 681 3174 quoties
705 3102 843 3156 volui
864 3115 1176 3169 congregare
1196 3097 1336 3168 ﬁlios
1369 3107 1505 3161 tuos,
1533 3097 1685 3168 quasi
1709 3097 1912 3167 gallina
1937 3114 2061 3150 con-

480 3212 701 3268 gregans
724 3192 898 3263 pullos
919 3208 1041 3245 suos
1067 3190 1162 3244 sub
1189 3190 1337 3254 alas;
1361 3200 1406 3244 et
1432 3189 1690 3244 noluisti?
1719 3188 1853 3244 Ecce
1871 3190 2050 3244 dimit-

477 3292 624 3338 tetur
655 3279 795 3334 vobis
825 3279 1013 3333 domus
1057 3287 1226 3332 vestra
1258 3279 1466 3332 deserta
1503 3294 1519 3332 :
1549 3278 1670 3334 ideo
1696 3279 1923 3335 dimissa
1954 3291 2060 3348 est,

484 3382 539 3426 et
564 3386 737 3440 usque
763 3373 827 3425 ad
857 3371 1022 3441 206
1051 3385 1288 3440 praesens
1312 3379 1527 3439 tempus
1559 3371 1842 3427 destituta.
1868 3371 2059 3439 Angeli

481 3465 685 3535 quippe
710 3462 802 3534 qui
831 3477 1046 3532 semper
1077 3462 1483 3516 auxiliabantur
1506 3463 1578 3526 ei,
1609 3477 1705 3533 per
1730 3478 1872 3534 quos
1897 3467 2059 3520 etiam

483 3558 567 3612 lex
617 3557 746 3613 Mosi
780 3554 977 3611 tradita
1015 3567 1119 3622 est,
1155 3555 1415 3625 disposita
1447 3570 1538 3624 per
1571 3555 1783 3626 angelos
1815 3558 1869 3612 in
1898 3573 2058 3611 manu

485 3648 795 3704 Mediatoris
818 3648 884 3715 ”,
915 3649 1276 3704 deseruerunt
1304 3663 1446 3714 eam,
1476 3656 1529 3702 et
1550 3647 1805 3703 dixerunt
1831 3668 1843 3704 :
1873 3651 2061 3707 multis

484 3739 815 3796 facinoribus
827 3737 1302 3810 oppressaJesum
1322 3737 1610 3805 interfecit,
1629 3752 1679 3794 ct
1697 3739 1750 3794 in
1771 3739 2059 3797 Dominum

484 3841 730 3886 nostrum
767 3832 915 3887 misit
947 3847 1172 3887 manus.
1221 3829 1476 3896 Quandiu
1531 3833 1743 3887 minora
1789 3836 2059 3903 peccavit.

482 3923 761 3994 potuimus
786 3937 977 3993 rogare
1005 3938 1106 3993 pro
1132 3938 1216 3989 ea,
1259 3923 1536 3993 potuimus
1563 3915 1852 3978 obsecrare
1875 3922 2062 3979 Domi-

485 4031 637 4078 num.
673 4015 1200 4084 potuimusparcere
1232 4015 1280 4069 ei
1313 4032 1325 4067 :
1363 4032 1526 4084 super
1551 4016 1654 4070 ista
1681 4016 1804 4078 quis
1834 4017 2063 4086 parcat?

484 4105 544 4162 Si
567 4108 856 4178 peccaverit
885 4109 965 4161 vir
1009 4109 1062 4160 in
1087 4107 1283 4174 virum,
1311 4109 1619 4162 exorabitur
1649 4125 1743 4179 pro
1773 4125 1868 4173 eo;
1899 4110 1944 4162 si
1973 4125 2063 4162 au-

485 4211 583 4254 tem
617 4202 911 4271 peccaverit
934 4202 987 4255 in
1011 4200 1346 4271 Deum,iquis
1381 4201 1554 4256 orabit
1579 4217 1676 4271 pro
1710 4204 1814 4257 eo?
1853 4201 2062 4256 Grande

481 4293 753 4360 piaculum
796 4293 1058 4348 commisit
1109 4290 1464 4359 Hierusalem,
1517 4294 1716 4364 grande
1747 4293 2062 4364 perpetravit

485 4385 656 4452 nefas,
690 4384 806 4437 ideo
839 4384 893 4436 in
923 4384 1268 4436 commotione
1299 4384 1443 4454 facta
1471 4393 1546 4438 est
1568 4386 1610 4415 ¹¹
1636 4401 1650 4448 ;
1687 4391 1740 4438 et
1769 4384 1967 4438 dicitur
1993 4381 2062 4438 ad

2168 546 2264 600 ἐπὶ
2302 546 2442 611 σοί;
2481 546 2519 614 ἢ
2553 547 2644 612 τίς
2681 545 3021 615 ἀνακάμψει
3054 546 3342 614 ἐρωτῆσαι
3373 550 3459 614 είς
3497 548 3740 618 εἰρήνην

2156 649 2304 698 σου;
2345 635 2428 688 Σὺ
2459 633 2849 704 ἀπεστράφης
2883 653 2980 703 με,
3013 635 3173 704 λέγει
3220 638 3455 705 Κύριος.
3524 639 3744 696 Ὀπίσω

2157 725 2446 792 πορεύσῃ,
2468 724 2566 777 καὶ
2604 723 2825 778 ἐκτενῶ
2852 723 2967 792 τὴν
2993 724 3159 794 χεῷά
3189 743 3309 793 μου
3350 727 3450 779 ἐπὶ
3491 728 3588 794 σὲ,
3643 731 3744 784 καὶ

2165 812 2457 882 διαφθερῶ
2479 829 2572 874 σε,
2603 813 2700 865 καὶ
2729 813 2927 866 οὐκέτι
2945 813 3153 879 ἀνήσω
3176 832 3271 880 σε,
3300 818 3397 869 καὶ
3441 817 3747 888 διασπερὼ

2155 905 2378 972 αὐτοὺς
2407 907 2478 958 ἐν
2515 903 2837 973 διασπορᾷ.
2869 901 3050 959 Ebur
3091 908 3493 977 Ἠτεκνώοην,
3525 911 3748 978 ἀπορία

2157 998 2413 1065 κατέσχε
2441 1014 2536 1066 με.
2584 997 2940 1068 Παράδειγμα
2987 999 3269 1070 λαμϐάνω,
3324 999 3581 1071 πολέμιόν
3624 1019 3746 1057 τινα

2158 1088 2542 1157 ἀποδειχθέντα
2579 1087 2672 1142 τοῦ
2718 1088 3093 1157 βασιλεύοντος
3138 1091 3232 1144 ἐπὶ
3264 1091 3366 1161 τῆς
3403 1093 3526 1163 γῆς,
3559 1094 3641 1146 ὃτι
3668 1094 3745 1165 τῷ

2156 1179 2386 1250 τοιούτῳ
2414 1180 2533 1234 οὐδὲ
2581 1181 2914 1250 μεταδιδόναι
2954 1182 3105 1235 ἐλέου
3132 1182 3360 1249 ἔξεστιν,
3392 1186 3478 1239 ἵνα
3512 1186 3584 1257 μὴ
3609 1188 3738 1258 δοκῇ

2156 1287 2239 1332 τις
2270 1268 2630 1340 προσκρούειν
2673 1270 2750 1340 τῷ
2791 1272 3214 1328 καταδικάσαντι
3249 1275 3475 1346 βασιλεῖ.
3504 1279 3611 1330 Καὶ
3641 1279 3740 1333 οὐκ

2157 1359 2330 1425 ἔξεστι
2369 1360 2459 1413 τὺν
2481 1359 2721 1413 τοιοῦτον
2746 1362 2864 1414 οὐδὲ
2892 1362 3105 1433 ἐλεῆσαι
3142 1367 3643 1437 προσεπιτείνοντές
3661 1386 3742 1422 τι-

2158 1471 2246 1516 νες
2271 1451 2388 1505 οὐδὲ
2406 1451 2890 1524 σκνθρωπὰξοντες
2917 1454 2992 1525 (l)
3018 1456 3105 1508 ἐπ’
3137 1457 3312 1528 αὐτῷ,
3333 1459 3418 1511 ἴνα
3445 1459 3520 1529 μὴ
3549 1459 3642 1512 ἐπὶ
3664 1459 3743 1529 τῷ

2160 1541 2574 1615 σκυθρωπάζειν
2630 1543 2829 1598 δοκῶσι
2879 1545 3326 1617 δυσαρεστεῖσθαι
3371 1549 3448 1620 τῷ
3501 1551 3740 1622 κριθέντι

2159 1637 2263 1689 ὑπὸ
2294 1635 2388 1688 τοῦ
2429 1634 2709 1706 βασιλέως.
2753 1637 2816 1689 El
2869 1640 3128 1709 νενόηκας
3169 1639 3347 1701 τοῦτο,
3410 1641 3483 1694 ἴδε
3528 1659 3616 1712 μοι
3650 1642 3741 1696 τὸν

2158 1725 2622 1780 καταδικασθέντα
2656 1726 2760 1778 ὑπὸ
2787 1728 2878 1780 τοῦ
2910 1727 3046 1781 Θεοῦ
3076 1728 3163 1781 διὰ
3190 1729 3289 1790 τὰς
3317 1729 3514 1793 πολλὰς
3546 1730 3740 1786 ἑαυτοῦ

2159 1817 2452 1888 ἁμαρτίας,
2485 1819 2578 1871 καὶ
2606 1818 2708 1889 δρα
2741 1819 2832 1870 τὸν
2861 1818 3100 1872 τοιοῦτον
3119 1858 3134 1881 ,
3171 1821 3262 1872 καὶ
3289 1820 3395 1873 τῶν
3435 1820 3740 1890 βλεπόντων

2160 1907 2404 1976 ἀγγέλων
2440 1907 2550 1959 τῶν
2586 1908 2934 1977 τεταγμένων
2959 1909 3049 1962 ἐπὶ
3073 1910 3134 1963 τὸ
3165 1910 3378 1982 βοηθεῖν
3408 1917 3474 1982 τῇ
3507 1913 3614 1966 τῶν
3643 1915 3738 1967 ἀν·-

2159 1997 2391 2070 θρὼπων
2436 1998 2617 2067 φύσει,
2666 1999 2772 2050 ὑπὸ
2817 1999 3043 2069 μηδενὸς
3085 1999 3423 2073 ἐλεούμενον.
3471 2005 3740 2070 Ἕκαστος

2157 2090 2266 2162 γὰρ
2294 2091 2400 2143 τῶν
2430 2090 2696 2160 ἀγγέλων,
2735 2091 2857 2145 ίδὼν
2885 2092 2976 2146 τὸν
3009 2093 3468 2160 καταδικάσαντα,
3504 2097 3587 2150 ὅτι
3610 2097 3742 2161 Θεός

2159 2182 2296 2244 ἐστι,
2346 2181 2437 2233 τὸν
2477 2181 2912 2252 ἀποστραφέντα,
2950 2183 3031 2236 ὅτι
3076 2187 3414 2257 Δημιουργός
3459 2189 3594 2254 ἐστι,
3645 2189 3742 2259 τὴν

2160 2274 2320 2343 φύσιν
2358 2274 2464 2327 τῶν
2489 2274 2806 2346 ἁμαρτιῶν,
2838 2275 2919 2328 ὅτι
2959 2275 3200 2346 τοιαύτη,
3241 2276 3382 2330 ὥστε
3413 2280 3504 2331 τὸν
3533 2279 3736 2347 ἀγαθον

2159 2365 2291 2418 Θεὸν
2339 2364 2749 2436 ἀναγκασθῆναι
2805 2364 2893 2435 (ἵν’
2926 2366 3098 2429 οὕτως
3132 2367 3364 2440 εἴποιμι)
3390 2409 3404 2433 ,
3445 2371 3614 2442 αὐτὴν
3643 2371 3744 2443 τὴν

2159 2458 2340 2528 ψῆφον
2376 2459 2604 2527 ἀγαγεῖν
2651 2458 2793 2512 κατὰ
2819 2459 2914 2513 τοῦ
2945 2461 3348 2532 ἡμαρτηκότος,
3379 2462 3606 2528 ἕκαστος
3635 2466 3744 2519 τῶν

2159 2547 2409 2619 δρώντων
2443 2548 2502 2600 οὐ
2540 2548 2802 2618 φείδεται,
2859 2549 3275 2621 σκυθρωπάζει,
3308 2552 3408 2605 οὐκ
3443 2554 3600 2619 ἐλεεῖ,
3643 2558 3746 2610 οὐκ

2160 2641 2543 2713 ἐπανέρχεται,
2583 2639 2725 2695 ὥστε
2765 2641 3146 2712 παρακαλέσαι
3185 2644 3310 2714 περὶ
3345 2644 3444 2714 τῆς
3488 2646 3622 2720 πρὸς
3649 2647 3742 2700 τὸν

2160 2732 2400 2788 τοιοῦτον
2433 2733 2672 2803 εἰρήνης.
2715 2733 2780 2786 Ἡ
2815 2731 3170 2804 Ἰερουσαλὴμ
3198 2733 3374 2786 τοίνυν
3409 2734 3568 2806 αῦτη,
3601 2736 3744 2789 οὕτω

2161 2823 2270 2895 γὰρ
2304 2823 2574 2889 λελέξεται
2617 2824 2692 2894 (2)
2734 2824 2822 2878 διὰ
2858 2823 2920 2877 τὸ
2956 2823 3190 2896 γράμμα
3234 2826 3608 2900 ἡμαρτηκέναι
3637 2847 3740 2899 μου

2162 2917 2242 2981 είς
2273 2917 2363 2969 τὸν
2407 2917 2636 2988 Ἰησοῦν,
2673 2919 2766 2971 καὶ⁵
2810 2915 3033 2971 τοιαῦτα
3075 2918 3453 2988 πεποιηκέναι,
3505 2921 3589 2973 ῖνα
3614 2922 3747 2996 εἴπῃ

2164 3009 2292 3081 περὶ
2324 3009 2493 3079 αὐτῆς
2525 3012 2553 3063 ὁ
2594 3009 2796 3083 Ἰησοῦς
2815 3027 2829 3042 ο
2883 3009 3298 3079 Ἰερουσαλὴμ,
3331 3011 3746 3082 Ἰερουσαλὴμ,

2087 3129 2129 3187 C
2163 3101 2202 3169 ἡ
2224 3100 2672 3156 ἀποκτείνουσα
2707 3101 2846 3168 τοὺς
2867 3100 3197 3170 προφήτας,
3231 3100 3747 3162 καίλιθοϐολοῦσιι

2163 3190 2302 3256 τοὺς
2329 3190 2825 3260 ἀπεσταλμένους
2853 3191 3001 3260 πρὸς
3025 3193 3242 3260 αὐτὴν,
3285 3193 3498 3261 ὁσάκις
3525 3193 3743 3264 ἠθέλη-

2161 3297 2244 3337 σα
2280 3282 2642 3346 ἐπισυνάξαι
2678 3283 2750 3336 τὰ
2792 3283 2974 3336 τέκνα
3018 3299 3134 3338 σου
3161 3324 3175 3346 ,
3219 3283 3293 3337 ὃν
3332 3287 3555 3352 τρόπον
3584 3286 3747 3355 ὄρνις

2161 3374 2513 3443 ἐπισυνάγει
2537 3375 2610 3429 τὰ
2633 3377 2857 3429 νοσσία
2886 3375 3005 3429 ὑπὸ
3031 3374 3137 3440 τὰς
3165 3376 3482 3447 πτέρυγας,
3509 3378 3606 3432 καὶ
3634 3381 3748 3434 οὐκ

2161 3465 2540 3536 inaediﬁcare;
2583 3467 2738 3520 Ἰδοὺ
2761 3467 2995 3536 ἀφίεται
3025 3465 3168 3536 ὑμῖν
3187 3470 3219 3520 ό
3244 3467 3406 3534 οἶκος
3431 3468 3596 3537 ὑμῶν
3622 3469 3751 3539 ἐρη-

2157 3577 2272 3629 μος
2292 3575 2306 3589 ·
2335 3559 2714 3613 καταλιπέσθω
2736 3558 2874 3630 αὕτη
2897 3559 2928 3630 ή
2955 3558 3414 3630 Ίερουσαλὴμ,ὼς
3427 3561 3744 3616 καταλέλει-

2164 3669 2313 3708 πται.
2342 3650 2408 3706 Ol
2433 3651 2685 3721 ἄγγελοι,
2729 3652 2782 3703 οἱ
2812 3652 2899 3704 ἀεὶ
2935 3651 3252 3723 βοηθοῦντες
3273 3655 3336 3724 τῇ
3371 3651 3746 3727 Ἰερουσαλὴμ,

2162 3744 2230 3799 δι’
2249 3738 2323 3798 ὧν
2343 3745 2566 3813 διετάγη
2596 3743 2688 3798 καὶ
2714 3745 2743 3797 ὁ
2759 3743 3001 3808 Μωσέως
3027 3743 3213 3814 νόμος,
3238 3743 3534 3814 διαταγεὶς
3551 3745 3624 3801 δι’
3645 3749 3744 3816 dr-

2164 3836 2357 3906 γέλων
2388 3837 2459 3889 ἐν
2488 3835 2640 3905 χειρὶ
2673 3835 2939 3890 Μεσίτου
2960 3875 2975 3899 ,
3019 3835 3468 3891 καταλιπέτωσαν
3505 3840 3603 3910 τὴν
3643 3840 3738 3893 Ἰε-

2168 3929 2466 4003 ρουσαλὴμ,
2488 3927 2581 3982 καὶ
2605 3927 2932 3996 λεγέτωσαν·
2962 3926 3042 3983 Τὰ
3062 3929 3438 4002 ἁμαρτήματα
3451 3932 3619 4002 αὐτῆς
3652 3950 3746 4004 με-

2162 4023 2303 4094 γάλα
2352 4022 2564 4090 γέγονε,
2609 4020 2703 4074 τὸν
2757 4019 2972 4092 Ἰσραὴλ
3001 4021 3079 4091 (3)
3113 4022 3474 4089 ἀπέκτειναν,
3521 4025 3612 4078 ἐπὶ
3653 4027 3745 4080 τὸν

2163 4115 2396 4185 Χριστὸν
2425 4114 2523 4178 τὰς
2555 4117 2744 4184 χεῖρας
2772 4112 3216 4185 ὲπιόεδλήκασιν.
3247 4116 3410 4170 Ὅσον
3443 4115 3520 4169 ἔτι
3551 4118 3745 4189 μικρό-

2162 4223 2297 4276 τερα
2325 4201 2392 4277 ἧν
2434 4204 2502 4257 τὰ
2527 4206 2918 4277 ἁμαρτήματα,
2959 4205 3260 4277 ἐδυνάμεθα
3297 4208 3374 4261 ἔτι
3409 4209 3536 4280 περὶ
3563 4211 3754 4268 αὐτῶν

2163 4294 2368 4361 ἀξιοῦν,
2419 4296 2513 4348 καὶ
2568 4297 2925 4367 παρακαλεῖν,
2964 4297 3281 4371 ἠδυνάμεθα
3330 4300 3603 4370 φείδεσθαι
3648 4304 3748 4375 τῆς

2175 4386 2529 4458 Ἰερουσαλήμ
2550 4404 2562 4417 ⁸
2591 4385 2675 4450 τίς
2709 4389 2804 4442 ἐπὶ
2829 4385 3002 4458 τούτῳ
3024 4387 3302 4457 φείσεται;
3335 4390 3741 4460 Ἐὰν-ἁμαρτά-

483 4489 604 4528 eam
635 4492 647 4529 :
682 4473 788 4528 Nos
825 4488 934 4526 non
969 4474 1360 4530 contristamur
1400 4490 1566 4544 super
1609 4473 1970 4542 Hierusalem,
2006 4485 2059 4531 et

2163 4494 2285 4529 νων
2309 4474 2542 4545 ἁμάρτῃ
2569 4474 2726 4544 ἀνὴρ
2751 4478 2836 4541 εὶς
2853 4473 3063 4542 ἄνδρα,
3081 4475 3180 4528 καὶ
3197 4479 3596 4546 προσεύχεται
3613 4482 3746 4548 περὶ

487 4562 891 4619 calamitatibus
934 4564 1072 4632 ejus,
1108 4575 1162 4618 et
1201 4565 1382 4620 omnis
1421 4566 1604 4636 populi
1641 4566 1805 4620 illius.
1838 4563 2057 4622 lllorum

2165 4566 2370 4621 αὑτοῦ.
2405 4567 2716 4635 Ἁμαρτίαν
2732 4565 2996 4636 ἥμαρτεν
3028 4566 3545 4635 Ἰερουσαλὴμ,διὰ
3573 4569 3746 4623 τοῦτο

486 4654 686 4723 quippe
716 4650 912 4707 delicto
939 4653 1089 4709 salus
1117 4655 1275 4711 nobis
1306 4654 1450 4710 facta
1480 4667 1564 4712 est
1598 4656 1665 4711 ad
1693 4657 2059 4712 aemulandum

2160 4661 2246 4725 εἰς
2274 4657 2472 4712 σάλον
2495 4657 2732 4728 ἐγένετο
2752 4675 2765 4687 ο
2803 4658 2895 4712 καὶ
2919 4657 3135 4727 λέγεται
3176 4658 3313 4727 πρὸς
3343 4658 3512 4726 αὐτὴν
3541 4656 3746 4729 ταύτην

487 4761 583 4800 eos
596 4746 661 4798 ".
685 4743 748 4800 Et
771 4745 898 4814 quia
916 4746 994 4800 sic
1012 4749 1256 4815 peccavit
1279 4756 1338 4802 ut
1365 4762 1498 4804 voce
1522 4747 1738 4802 Domini
1753 4747 2026 4803 diceretur
2048 4767 2059 4804 :

2163 4749 2411 4823 πρῶτον·
2446 4751 2542 4815 Τίς
2587 4749 2855 4818 φείσεται
2897 4748 2997 4801 ἐπὶ
3038 4747 3132 4811 σὲ,
3174 4747 3599 4817 Ἰεροινσαιήμ;
3645 4750 3746 4803 καὶ

489 4840 622 4905 Quis
652 4846 828 4908 parcet
859 4854 1013 4908 super
1044 4837 1420 4896 Hierusalem?
1453 4838 1566 4911 Ego
1599 4855 1816 4910 quoque
1843 4839 1966 4894 dico
1998 4840 2059 4894 ad

2160 4842 2251 4908 τίς
2296 4839 2724 4909 σκυθρωπάσει
2767 4839 2863 4893 ἐπὶ
2893 4840 2993 4892 σοί
3025 4839 3134 4908 (4);
3189 4840 3379 4910 Ἡμεῖς
3415 4841 3475 4896 οῦ
3507 4840 3748 4910 σκυθρω-

489 4928 906 4986 interfectricem
954 4931 1169 4986 Domini
1213 4932 1366 4985 mei:
1406 4930 1539 4996 Quis
1587 4940 1765 5000 parcet
1806 4947 1962 5000 super
1995 4942 2059 4999 te,

2163 4932 2408 5004 πάξομεν
2445 4933 2541 4985 ἐπὶ
2585 4934 2652 5003 τῇ
2697 4931 3074 5002 Ἰερουσαλὴμ,
3136 4931 3228 4986 καὶ
3275 4934 3397 4995 ταῖς
3446 4935 3750 5005 συμφοραῖς

494 5021 845 5089 Hierusalem,
877 5033 925 5076 et
956 5024 1072 5096 quis
1109 5021 1512 5077 contristabitur
1542 5039 1698 5090 super
1721 5011 1828 5077 te?'

2161 5026 2359 5096 αὐτῆς,
2416 5024 2654 5087 καὶτοῖς
2689 5023 2998 5094 γενομένοις
3041 5025 3202 5077 παντὶ
3247 5023 3324 5094 τῷ
3370 5025 3483 5096 λαῷ
3532 5025 3748 5096 ἐκείνῳ·

493 5116 568 5188 τῷ
608 5116 718 5187 γὰρ
766 5117 992 5171 ἐκείνων
1033 5115 1441 5187 παραπτώματι
1479 5117 1512 5186 ἡ
1549 5115 1790 5186 σωτηρία
1846 5115 2002 5187 ἡμῶν
2051 5119 2305 5187 γέγονεν,
2356 5119 2436 5180 εἰς
2480 5117 2540 5169 τὸ
2597 5113 2991 5186 παραζηλῶσαι
3049 5114 3266 5178 αὐτούς.
3322 5118 3432 5171 Καὶ
3473 5119 3532 5171 τὸ
3574 5121 3752 5190 παρά-

1016 5255 1048 5308 5
1075 5264 1126 5307 et
1155 5270 1268 5323 seq.
1351 5252 1392 5284 ¹⁹
1429 5251 1617 5309 Matth.
1653 5269 1812 5323 xxul,
1843 5256 1932 5322 57,
1971 5255 2059 5310 58:

981 5327 1024 5356 ¹¹
1061 5324 1218 5378 Hom.
1241 5339 1302 5390 ll,
1331 5324 1416 5378 il.

2159 5272 2235 5312 uc.
2276 5271 2396 5322 xm,
2426 5254 2512 5317 54,
2550 5252 2638 5306 55.
2751 5253 2795 5284 ³⁸
2835 5251 2953 5306 Gal.
2985 5267 3064 5319 III,
3094 5252 3178 5306 19.
3258 5253 3326 5285 ⁸⁸·
3355 5254 3371 5308 l
3405 5253 3536 5325 Reg.
3571 5271 3632 5322 ll,
3657 5256 3750 5311 35.

565 5255 606 5284 "‘
645 5252 847 5308 Jerem.
884 5269 975 5312 xv.
1016 5255 1048 5308 5
1075 5264 1126 5307 et
1155 5270 1268 5323 seq.

491 5327 531 5356 "
577 5323 707 5380 Tltt‘.
753 5341 790 5390 ι,
846 5326 898 5378 8.

562 5481 639 5552 (Ι)
679 5480 1357 5552 ιιρεεπροσεπιτείνοντάς
1403 5497 1553 5544 τινας
1597 5481 1716 5536 οὐδὲ
1754 5479 2068 5554 σκυθρωπά-

491 5545 712 5614 ζοντας.
759 5545 784 5551 ⁷
894 5545 906 5552 ’

563 5619 639 5690 (2)
680 5618 1015 5684 Λελέίῖεται.
1059 5619 1218 5690 Lege,
1250 5620 1522 5675 λέλεκται.

566 5679 641 5759 (3)
696 5679 929 5758 Ἰσραὴλ
993 5679 1178 5769 Lege“:
1207 5679 1430 5764 ἱΙησοῦν.

2249 5479 2324 5549 (4)
2365 5477 2473 5530 καὶ
2508 5477 2741 5549 λέγεται
2792 5478 2941 5549 πρὸς
2988 5478 3184 5546 αὐτὴν
3227 5480 3452 5548 ταύτην
3488 5479 3742 5547 πρῶτον.

2180 5548 2275 5615 Τίς
2306 5549 2571 5618 φείσεται
2609 5548 2707 5600 ἐπὶ
2744 5548 2842 5612 σὲ,
2883 5549 3310 5618 ’1εροιξσαλήμ;
3346 5550 3439 5603 καὶ
3472 5551 3563 5615 τίς
3608 5563 3751 5604 σκυ-

2174 5616 2468 5690 θρῳπάσει
2493 5618 2588 5670 ἐπὶ
2620 5619 2721 5690 σοί
2744 5635 2761 5682 ;
2796 5619 2920 5674 Haec
2943 5621 3003 5690 in,
3029 5616 3463 5690 Hieron‘ymianae
3493 5619 3753 5687 interpre-

2175 5689 2394 5745 tationis
2421 5688 2822 5760 exemplaribus
2857 5688 3256 5746 desiderantur.
