4122 6420
365 394 456 449 ωε

1539 403 1602 458 IN
1639 403 1987 461 JIsREMIAM
2026 403 2311 462 HOMILIA
2350 400 2494 462 XIII.

3519 400 3631 455 ID?

362 528 562 584 πτωμα
590 514 771 569 αὐτῶν
804 516 1103 590 τηλικαύτη
1132 520 1354 589 γέγονεν
1379 521 1640 592 ἁμαρτία·
1681 524 1774 589 Τίς
1795 519 1909 578 οὖν
1926 524 2194 592 φείσεται
2224 523 2321 578 ἐπὶ
2355 525 2476 589 σοί,
2513 524 2894 594 Ἰερουσαλήμ
2912 520 3087 593 ;λέγω
3113 521 3247 596 πρδς
3278 520 3469 591 αὐτὴν,
3490 519 3624 572 ἀπέ-

359 605 580 669 κτεινάς
616 624 718 676 μου
744 607 839 662 τὸν
875 610 1102 680 Ἰησοῦν,
1138 612 1231 665 καὶ
1259 611 1433 681 λέγω·
1477 613 1570 679 Τίς
1607 614 1875 682 φείσεται
1901 613 1999 667 ἐπὶ
2035 614 2596 685 σοὶ,ἰερουσαλήμ;
2657 616 2754 669 καὶ
2783 617 2870 683 τίς
2904 612 3321 682 σκυθρωπάσει
3351 611 3447 665 ἐπὶ
3486 610 3624 674 σοι;

429 700 759 756 Μεταϐαίνω
779 704 888 757 ἀπὸ
907 705 1002 759 τοῦ
1027 706 1356 778 γράμματος
1382 707 1476 761 καὶ
1491 707 1614 760 τότε
1643 707 1761 761 ὁδὸν
1783 709 1947 778 ἐσχη-

2125 709 2182 763 2.
2221 706 2624 764 Transcendam
2658 717 2836 765 autem
2864 708 2931 764 ad
2959 707 3257 779 spiritalem
3290 705 3634 761 intellectum

359 789 536 854 κότος,
571 792 641 863 ἢν
674 792 873 847 ἔδωκεν
916 797 944 848 ὀ
993 797 1182 867 λόγος,
1228 798 1319 851 ἐπὶ
1357 799 1598 870 ἑκάστην
1639 798 1816 870 ψυχὴν
1846 799 1948 870 ἢδη

362 882 687 950 ἀξιωθεῖσαν
723 884 818 938 τοῦ
860 889 992 959 ὀρᾷν
1012 887 1111 960 τὴν
1142 891 1364 962 εἰρήνην
1385 907 1399 921 ο
1452 889 1591 956 μετά
1615 890 1724 963 γὰρ
1747 890 1813 944 τά
1844 908 1949 962 μα·

372 974 585 1045 »ἠματα
632 975 703 1028 τὰ
745 976 865 1032 θεῖα
895 978 1124 1048 γέγονας
1165 980 1553 1054 Ἰερουσαλὴμ,
1594 982 1656 1035 τὸ
1689 981 1950 1054 πρότερον

363 1061 496 1120 οὖσα
526 1066 745 1131 Ἰεϐούς.
773 1069 1037 1141 Δεύτερον
1065 1070 1121 1124 δὲ
1152 1070 1417 1141 μετέϐαλε
1433 1078 1494 1125 τὸ
1509 1072 1700 1144 ὄνομα,
1732 1073 1825 1125 καὶ
1858 1073 1952 1140 γέ-

362 1173 520 1227 γονεν
555 1159 938 1233 Ἰερουσαὶήμ.
974 1163 1387 1233 ’ῐεϐοὺς,σφασὶν
1418 1164 1495 1235 (I)
1534 1164 1803 1236 Ἐϐραίων
1825 1167 1951 1217 παῖ-

364 1247 471 1313 δες,
505 1249 587 1302 δτι
619 1251 984 1321 ἑρμηνεύεται
1027 1255 1445 1325 πεπατημένη·
1509 1255 1709 1319 Ἰεσοὺς
1751 1253 1866 1324 οὖν,
1914 1259 1949 1328 ἡ

367 1340 727 1413 πεπατημένη
761 1343 867 1396 ὑπὸ
892 1343 1176 1415 δυνάμεων
1204 1346 1596 1416 ἀντικειμένων
1616 1345 1762 1417 ψυχὴ
1795 1363 1955 1418 μετα-

366 1428 644 1500 ϐέϐληται,
676 1434 771 1485 καὶ
791 1434 1013 1503 γέγονεν
1030 1435 1411 1509 Ἰερουσαλὴμ,
1445 1438 1656 1505 ὅρασις
1685 1436 1948 1506 είρήνης.

366 1521 428 1573 Ei
462 1517 575 1586 οὖν,
620 1523 709 1576 ὅτε
740 1525 1162 1598 μεταβέϐληκας
1198 1528 1305 1581 ἀπὸ
1354 1528 1557 1591 Ἰεὸοὺς
1599 1528 1681 1592 είς
1707 1528 1768 1581 τὸ
1803 1525 1954 1596 γενέ-

368 1613 487 1668 σθαι
523 1615 877 1689 Ἰερουσαλὴμ
899 1658 913 1681 ,
952 1620 1221 1691 ἥμαρτες,
1256 1621 1351 1674 καὶ
1380 1621 1472 1674 τὸν
1518 1618 1647 1674 Υίὸν
1686 1619 1781 1673 τοῦ
1816 1618 1950 1674 Θεοῦ

366 1708 868 1778 καταπεπάτηκας,
905 1711 998 1764 καὶ
1040 1712 1103 1765 τὸ
1140 1706 1281 1779 αἷμα
1322 1711 1424 1782 τῆς
1456 1711 1651 1782 καινῆς
1680 1711 1954 1784 Διαθήκης

364 1795 543 1849 κοινὸν
577 1797 654 1861 ὡς
685 1799 870 1869 ἐκείνη
902 1801 997 1854 καὶ
1027 1802 1093 1855 σὺ
1123 1803 1335 1874 ἡγήσω,
1379 1802 1472 1855 καὶ
1508 1804 1568 1855 έν
1594 1803 1952 1874 ἁμαρτήμασι

366 1886 597 1954 γέγονας
621 1888 900 1959 χαλεποῖς,
926 1891 1247 1963 λεχθήσεται
1274 1894 1369 1946 καὶ
1396 1893 1524 1965 περὶ
1550 1892 1642 1946 σοῦ
1658 1909 1671 1923 ·
1706 1892 1803 1959 Τίς
1828 1892 1954 1962 ysl-

366 1994 533 2032 σεται
554 1979 652 2033 ἐπὶ
684 1981 806 2046 σοὶ,
854 1982 1263 2052 Ἰερουσαλιίιμ,
1288 1982 1387 2037 καὶ
1412 1983 1504 2049 τίς
1526 1980 1950 2051 σκυθρωπάσει

2051 800 2120 855 ab
2149 800 2452 856 humilitate
2483 800 2694 867 litterae,
2743 802 2884 856 viam
2929 800 3061 855 mihi
3095 800 3364 870 pandente
3388 797 3629 860 ratione,

2050 898 2109 944 ut
2139 889 2347 944 videam
2380 891 2656 961 quomodo
2692 905 3031 960 unaquaeque
3058 890 3260 955 anima,
3291 887 3450 959 digna
3489 902 3622 958 pace
3715 887 3721 891 ’

2051 980 2143 1036 Dei
2167 980 2505 1037 Hierusalem
2531 991 2894 1053 nuncupetur.
2908 980 3039 1037 Post
3061 982 3402 1052 disciplinam
3424 981 3623 1051 quippe

2050 1068 2287 1123 divinam
2320 1068 2463 1124 facta
2494 1087 2554 1127 es
2588 1069 2953 1138 Hierusalem,
2981 1086 3102 1141 quae
3128 1074 3281 1142 prius
3317 1072 3498 1127 fueras
3534 1070 3622 1126 Je-

2051 1160 2173 1217 bus.
2210 1160 2268 1217 In
2309 1162 2535 1217 historia
2574 1161 2829 1230 refertur,
2874 1163 3017 1233 quod
3075 1179 3274 1219 nomen
3315 1164 3420 1221 loci
3462 1165 3623 1221 istius

2050 1247 2214 1305 fuerit
2248 1248 2437 1316 Jebus,
2466 1260 2519 1306 ct
2555 1260 2740 1321 postea
2764 1260 3095 1308 commutato
3120 1251 3382 1307 vocabulo
3415 1267 3625 1308 nuncu—

2051 1350 2176 1411 pata
2207 1341 2280 1398 sit
2313 1341 2670 1399 Hierusalem.
2706 1341 2873 1399 Jebus
2902 1351 3105 1406 autem,
3142 1341 3490 1398 Hebraeorum
3527 1359 3624 1412 po-

2051 1434 2179 1490 steri
2208 1435 2429 1490 tradunt
2458 1435 2821 1506 interpretari,
2845 1435 3227 1491 conculcatam.
3254 1434 3421 1491 Jebus
3443 1444 3621 1490 autem

2051 1524 2368 1580 conculcata
2403 1541 2434 1581 a
2470 1525 2884 1582 fortitudinibus
2918 1527 3205 1583 contrariis
3229 1526 3412 1580 anima
3435 1534 3622 1581 nostra

2052 1623 2414 1672 transmutata
2448 1626 2550 1682 est,
2578 1626 2632 1673 et
2660 1617 2801 1673 facta
2830 1616 3190 1685 Hierusalem,
3213 1618 3343 1673 visio
3371 1617 3536 1686 pacis.
3566 1615 3627 1670 Si

2054 1707 2240 1779 itaque
2270 1720 2395 1779 post
2436 1710 2862 1765 demutationem
2910 1724 2942 1765 a
2982 1708 3150 1765 Jebus
3193 1710 3248 1765 in
3284 1707 3628 1765 Hierusalem

2053 1800 2382 1869 peccaveris,
2408 1807 2462 1855 et
2487 1800 2808 1872 sanguinem
2835 1799 3166 1866 testamenti,
3202 1799 3344 1854 sicut
3378 1799 3625 1869 quidam,

2053 1897 2107 1943 et
2138 1896 2193 1944 tu
2229 1904 2576 1944 communem
2615 1889 3039 1956 existimaveris,
3085 1889 3287 1945 dicitur
3327 1898 3382 1945 et
3424 1888 3492 1945 de
3526 1897 3625 1944 te:

2056 1979 2189 2044 Quis
2216 1991 2393 2050 parcet
2428 1995 2585 2049 super
2613 1989 2682 2048 te,
2717 1979 3050 2036 Hierusalem
3069 1981 3095 2035 ?
3115 1989 3164 2035 et
3197 1983 3313 2052 quis
3340 1983 3625 2037 contristao

361 2073 460 2128 ἐπὶ
492 2075 596 2128 σοί
612 2090 632 2139 ;
665 2073 760 2128 ἐὰν
803 2075 937 2150 γένῃ
983 2076 1243 2142 τοιοῦτος,
1273 2076 1350 2140 ὡς
1395 2075 1689 2148 προδοῦναι
1715 2075 1806 2130 τὸν
1845 2076 1947 2147 Ἰη-

2051 2069 2194 2124 bitur
2232 2086 2387 2140 super
2435 2075 2529 2129 te?
2575 2070 2709 2139 Quis
2748 2073 2894 2126 enim
2937 2073 3374 2138 contristabitur,
3406 2075 3452 2129 si
3498 2073 3624 2130 talis

369 2168 509 2223 σοῦν.
566 2169 835 2233 Ἕκαστος
885 2170 1043 2241 ἡμῶν
1087 2171 1454 2243 ἁμαρτάνων,
1504 2171 1600 2224 καὶ
1633 2170 1868 2242 μάλιστα
1900 2173 1950 2226 εί

368 2259 603 2329 μείζονα,
630 2261 711 2325 είς
752 2260 959 2332 Ἰησοῦν
986 2261 1310 2333 ἁμαρτάνει.
1357 2260 1487 2315 Ἐἀν
1514 2260 1571 2316 δὲ
1601 2263 1695 2315 καὶ
1718 2261 1951 2316 ἀποστά-

361 2356 460 2423 της
500 2347 589 2424 ᾖς,
638 2352 719 2405 ἔτι
764 2350 1001 2423 μάλιστα
1029 2335 1202 2407 ταῦτα
1246 2355 1419 2416 ποιεῖς
1441 2352 1519 2424 τῷ
1574 2352 1748 2426 Ἰησοῦ
1787 2353 1951 2407 πνεύ-

362 2460 490 2513 ματι
514 2443 594 2515 (2)
625 2445 728 2498 ὅσα
748 2443 1006 2516 ἐποίησεν
1034 2443 1184 2516 αὐτῷ
1218 2443 1570 2518 Ἰερουσαλὴμ
1600 2445 1945 2517 σωματικῶς.

358 2536 448 2588 Διὸ
480 2537 654 2601 πόσῳ
684 2535 915 2590 δοκεῖτε
942 2536 1217 2607 χείρονος
1241 2535 1640 2605 ἀξιωθήσεται
1671 2537 1949 2607 τιμωρίας

356 2630 390 2682 δ
424 2626 529 2682 τὸν
580 2627 718 2681 ne,»
761 2626 868 2682 τοῦ
911 2627 1061 2683 Θεοῦ
1088 2627 1539 2695 καταπατήσας,
1574 2628 1672 2684 καὶ
1711 2628 1776 2683 τὸ
1807 2624 1951 2699 αἷμα

357 2718 469 2787 τῆς
500 2716 797 2785 Διαθήκης
821 2717 1029 2773 κοινὸν
1056 2719 1460 2789 ἡγησάμενος,
1498 2720 1569 2774 ἐν
1589 2712 1638 2786 ᾧ
1663 2718 1945 2789 ἡγιάσθη,

356 2810 459 2865 καί
489 2808 558 2862 τὸ
588 2809 825 2877 πνεῦμα
864 2808 975 2876 τῆς
1018 2809 1258 2879 χάριτος
1299 2811 1658 2881 ἑνυόρίσας;
1685 2812 1750 2866 Ei
1782 2829 1948 2866 κατε-

361 2899 617 2970 πάτησας
649 2900 739 2953 τὸν
767 2899 895 2951 Υίὸν
931 2898 1091 2964 Θεοῦ,
1132 2901 1228 2955 καὶ
1263 2901 1325 2955 τὸ
1356 2901 1571 2974 πνεῦμα
1598 2902 1700 2972 τῆς
1727 2903 1949 2975 χάριτος

360 2988 656 3059 ἐνύϐρισας
683 3030 698 3055 ,
754 2990 836 3054 τίς
880 2990 1122 3058 φείσεται
1151 2993 1244 3046 έπὶ
1283 2994 1399 3058 σοί·;
1438 2993 1521 3058 τίς
1563 2993 1948 3066 σκυθρωπάσει

363 3082 455 3136 ἐπὶ
502 3083 618 3149 σοι;
678 3081 762 3147 τίς
801 3083 1115 3156 ἀνακάμψει
1161 3086 1439 3158 ἐρωτῆσαι
1484 3084 1551 3139 τὰ
1599 3088 1680 3151 είς
1724 3087 1948 3158 εἰρήνην

360 3192 487 3242 σονς
522 3175 694 3231 Αὐτὸν
728 3176 820 3230 τὸν
855 3177 983 3231 Υίδν
1019 3176 1112 3231 τοῦ
1156 3176 1290 3230 Θεοῦ
1337 3176 1429 3231 τὸν
1485 3178 1835 3249 ἐρωτήσαντα
1879 3175 1946 3230 τά

355 3269 438 3332 είς
464 3268 686 3341 είρήνην
721 3268 1035 3339 προέδωκεν
1065 3271 1098 3339 ἡ
1139 3268 1233 3323 τοῦ
1272 3266 1596 3341 ἀμαρτωλοῦ
1640 3267 1820 3340 ψυχή·
1864 3268 1948 3332 τίς

2051 2163 2216 2221 fueris
2234 2175 2291 2220 ut
2311 2165 2493 2221 tradas
2507 2163 2730 2221 Jesum?
2753 2163 3142 2238 Unusquisque
3174 2175 3420 2223 nostrum
3446 2184 3623 2239 quan-

2049 2259 2231 2327 doque
2260 2269 2448 2329 peecat
2478 2278 2492 2314 :
2521 2260 2867 2332 maximeque
2897 2277 3022 2316 eum
3055 2267 3243 2332 peccat
3270 2263 3530 2333 ingentia,
3569 2262 3623 2317 in

2049 2345 2235 2403 Jesum
2282 2358 2488 2420 peccat.
2541 2347 2597 2403 Si
2646 2362 2828 2404 autem
2864 2358 2919 2404 et
2951 2350 3239 2406 recesserit
3275 2364 3305 2404 a
3343 2348 3467 2413 (Ide,
3510 2348 3626 2405 haec

2049 2438 2181 2493 facit
2211 2439 2527 2509 spiritaliter
2552 2440 2792 2502 Christo,
2823 2456 2945 2510 quae
2971 2440 3328 2510 corporaliter
3353 2438 3478 2495 fecit
3498 2437 3625 2494 Hic-

2050 2530 2307 2586 rusalem.
2343 2529 2707 2596 Quamobrem
2731 2540 2929 2601 quanto
2957 2531 3075 2598 plus
3113 2530 3450 2584 arbitramini
3481 2529 3625 2584 dete-

2050 2620 2194 2674 riora
2220 2620 2407 2675 mereri
2439 2619 2699 2689 supplicia
2728 2635 2845 2673 eum
2877 2620 2967 2690 qui
2999 2617 3047 2672 F
3050 2619 3201 2673 ilium
3232 2617 3329 2672 Dei
3351 2618 3639 2672 conculca--

2048 2718 2198 2779 verit,
2242 2724 2292 2769 et
2336 2717 2664 2787 sanguinem.
2697 2715 2992 2770 testamenti
3021 2713 3283 2785 pollutum
3321 2713 3531 2767 duxerit
3567 2713 3622 2766 in

2048 2819 2149 2874 quo
2177 2804 2569 2875 sanctiﬁcatur,
2594 2814 2642 2860 et
2675 2805 2888 2873 spiritui
2916 2805 3107 2874 gratiae
3137 2802 3511 2857 contumeliam
3547 2804 3623 2871 fe-

2049 2895 2279 2950 cerit"?
2325 2894 2383 2951 Si
2429 2895 2764 2951 conculcasti
2814 2893 3000 2950 Jcsum
3042 2891 3239 2948 Filium
3286 2891 3404 2961 Dei,
3446 2891 3622 2948 fecisti

2048 2987 2358 3044 convicium
2388 2987 2602 3059 spiritui
2644 2987 2804 3058 207
2841 2988 3052 3058 gratiae,
3090 2987 3214 3055 quis
3244 2995 3429 3056 parcet
3460 2999 3625 3056 super

2050 3079 2137 3134 te?
2185 3079 2309 3150 quis
2360 3079 2775 3134 contristabitur
2823 3093 2988 3148 super
3028 3076 3118 3132 te?
3159 3078 3284 3147 quis
3327 3082 3619 3130 revertetur

2048 3186 2238 3244 rogare
2260 3186 2324 3229 ea
2341 3188 2463 3244 qua:
2479 3172 2534 3228 in
2560 3187 2745 3243 pacem
2773 3180 2900 3227 sunt
2926 3170 3057 3226 tibi?
3080 3167 3263 3241 Ipsum
3283 3167 3496 3234 Jesum,
3528 3168 3624 3237 qui

2046 3264 2275 3333 rogabat
2294 3264 2519 3334 pariter,
2544 3271 2599 3318 et
2619 3262 2911 3333 praestabat
2935 3278 2997 3317 ea
3019 3277 3142 3333 quae
3155 3273 3312 3317 erant
3332 3262 3386 3315 in
3410 3275 3623 3345 pacem,

353 3358 575 3414 δύναται
622 3358 1005 3431 παρακαλέσαι
1044 3358 1376 3432 ἀνακάμψας
1403 3357 1566 3413 πάλιν
1594 3358 1841 3430 περὶτῆς
1870 3359 1947 3412 εί-

2051 3359 2287 3431 perdidit
2325 3358 2507 3413 anima
2536 3359 2832 3429 peccatrix,
2869 3358 2993 3427 quis
3029 3365 3207 3428 potest
3239 3357 3380 3412 ultra
3410 3370 3622 3426 rogare,

357 3451 558 3521 ρήνης;
600 3448 969 3513 Γινώσκοντες
1011 3445 1126 3515 οὖν,
1168 3450 1251 3502 ὅτι
1281 3446 1587 3502 ἀδύνατον
1611 3445 1757 3513 τοὺς
1781 3445 1944 3512 ἅπαξ

2047 3467 2346 3509 conversus
2384 3452 2451 3507 ad
2491 3466 2553 3506 ea
2586 3466 2707 3521 quae
2731 3459 2860 3506 sunt
2889 3450 2942 3503 in
2979 3464 3169 3520 pacem
3207 3448 3343 3505 tibi?
3376 3447 3628 3504 Scientes

355 3538 778 3609 φωτισθέντας,
837 3540 1250 3611 γευσαμένους
1295 3555 1362 3592 τε
1402 3536 1513 3606 τῆς
1560 3534 1784 3606 δωρεᾶς
1829 3534 1943 3606 τῆς

356 3628 740 3699 ἐπουρανίου,
775 3630 874 3685 καὶ
892 3632 1186 3701 μετόχους
1215 3627 1573 3700 γενηθέντας
1590 3626 1937 3698 Πνεύματος

358 3721 551 3791 ἁγίου,
575 3723 674 3777 καὶ
712 3724 908 3778 καλὸν
940 3721 1353 3794 γευσαμένους
1382 3719 1529 3775 Θεοῦ
1542 3718 1728 3789 ῥῆμα,
1757 3717 1939 3773 δυνά-

352 3829 486 3881 μεις
533 3828 600 3866 τε
635 3812 974 3882 μέλλοντος
1002 3812 1244 3879 αἰῶνος,
1294 3811 1394 3865 καὶ
1447 3810 1935 3878 παραπεσόντας,

359 3900 545 3957 πάλιν
580 3901 979 3965 ἀνακαινίζειν
1007 3905 1096 3969 εις
1116 3900 1464 3972 μετάνοιαν,
1493 3899 1945 3968 ἀνασταυροῦν-

360 4011 466 4058 τας
491 3996 561 4048 ἐν
588 3994 824 4062 ἑαυτοῖς
853 3995 961 4051 τὸν
992 3995 1131 4051 Υίόν
1157 3993 1265 4050 τοῦ
1306 3991 1475 4059 Θεοῦ,
1519 3989 1943 4063 καίπαραδσιτ-

351 4078 705 4153 ματίζοντας
729 4098 746 4116 ο
827 4088 1004 4142 πάντα
1052 4086 1402 4159 πράττωμεν,
1453 4086 1542 4140 ἵνα
1571 4083 1646 4158 μὴ
1673 4084 1767 4139 καὶ
1809 4083 1944 4153 περὶ

358 4173 516 4245 ἡμῶν
547 4173 770 4247 λέγηται
799 4179 859 4231 τό
877 4195 890 4208 ’
930 4178 1023 4244 Τίς
1045 4178 1318 4247 φείσεται
1338 4176 1439 4231 ἐπὶ
1464 4176 1564 4232 σοὶ
1581 4215 1595 4240 ,
1655 4178 1942 4246 Ἰερουσα-

356 4262 516 4336 1151:;
547 4269 643 4320 καὶ
686 4268 778 4333 τίς
808 4267 1228 4337 σκυθρωπάσει
1261 4268 1364 4321 ἐπὶ
1402 4269 1540 4333 σοι;
1584 4268 1622 4337 ἣ
1666 4270 1758 4335 τίς
1797 4270 1944 4325 ἀνα-

358 4354 580 4426 κάμψει
607 4357 904 4426 ἐρωτῆσαι
933 4361 1021 4425 είς
1053 4358 1301 4428 eLatis-nr
1322 4372 1458 4424 σοι;

2045 3560 2176 3619 ergo
2207 3543 2336 3614 quia
2390 3542 2715 3612 impossibile
2761 3552 2839 3597 est
2886 3558 2974 3595 eos
3018 3542 3108 3610 qui
3141 3540 3302 3596 semel
3332 3540 3635 3596 illuminati

2041 3642 2186 3700 sunt,
2213 3642 2551 3706 gustaverunt
2597 3634 2757 3686 etiam
2791 3632 2988 3685 donum
3017 3631 3240 3697 sceleste,
3267 3641 3316 3685 et
3341 3633 3622 3701 participes

2039 3736 2161 3780 sunt
2198 3726 2329 3796 facti
2369 3724 2601 3795 Spiritus
2643 3727 2838 3790 sancti,
2879 3733 3222 3794 gustaverunt
3278 3725 3622 3779 nihilominus

2040 3817 2231 3871 bonum
2258 3815 2352 3870 Dei
2373 3815 2602 3882 rerbum,
2627 3815 2946 3885 virtutesque
2975 3813 3160 3868 seaculi
3182 3815 3408 3881 venturi,
3432 3824 3485 3868 et
3506 3831 3624 3885 pro-

2042 3906 2177 3975 lapsi
2209 3916 2352 3974 sunt,
2393 3907 2637 3961 renovari
2666 3922 2847 3961 rursus
2889 3906 2958 3960 ad
3005 3906 3390 3976 paenitentiam,
3431 3906 3622 3960 iterum

2043 3999 2402 4069 cruciﬁgentes
2457 4002 2511 4052 in
2556 3998 2848 4067 semetipsis
2898 3995 3099 4051 Filium
3136 3995 3256 4063 Dei,
3293 4007 3343 4053 et
3376 3995 3621 4052 habentes

2045 4090 2276 4146 ostentui
2299 4091 2367 4158 η,
2397 4088 2547 4145 omni
2572 4089 2761 4144 labore
2785 4088 3048 4155 nitamur,
3077 4103 3144 4143 ne
3172 4096 3226 4142 et
3259 4087 3326 4143 de
3351 4086 3509 4143 nobis
3539 4089 3621 4142 di-

2047 4188 2204 4236 catur
2238 4197 2252 4236 :
2287 4176 2419 4244 Quis
2450 4188 2631 4250 parcet
2669 4194 2824 4246 super
2860 4186 2928 4242 te,
2973 4175 3344 4231 Hierusalem?
3381 4186 3474 4231 aut
3502 4179 3620 4249 quis

2046 4271 2451 4326 contristabitur
2479 4285 2635 4338 super
2666 4272 2755 4324 te?
2781 4279 2872 4321 aut
2902 4268 3019 4338 quis
3048 4266 3341 4322 revertetur
3354 4284 3536 4339 rogare
3556 4285 3620 4325 ea

2046 4376 2164 4431 qua:
2189 4361 2243 4414 in
2275 4377 2457 4431 pacem
2489 4370 2611 4415 sunt
2640 4357 2778 4414 tibi?

436 4449 546 4503 Καὶ
578 4448 718 4522 πρὸς
749 4450 1017 4520 ἑκατέραν
1036 4449 1093 4502 δὲ
1122 4450 1421 4523 ἑρμηνείαν
1449 4451 1545 4521 τῆς
1591 4450 1942 4524 Ἰερουσαλὴμ

2114 4453 2169 4508 ‘5.
2194 4453 2275 4507 Ad
2303 4452 2567 4523 reliquam
2597 4463 2779 4509 autem
2802 4451 3326 4522 interpretationem,
3362 4449 3507 4522 quod
3535 4466 3621 4507 se-

355 4537 587 4609 ἀρμόσει
613 4539 707 4593 καὶ
731 4540 792 4593 τὸ
822 4539 969 4610 ἑῆς·
998 4539 1081 4594 Σὺ
1108 4540 1498 4610 ἀπεστράφης
1516 4558 1615 4611 με,
1640 4541 1801 4612 λέγει
1826 4543 1944 4598 Κύ-

347 4644 503 4696 ριος,
557 4630 750 4685 ὀπίσω
796 4631 1088 4701 πορεύσῃ.
1147 4631 1268 4686 Ὀτι
1324 4632 1683 4704 ἀπεστράφης
1739 4650 1807 4706 με
1849 4635 1940 4689 τὸν

2037 4544 2224 4615 quitur
2250 4545 2504 4599 convenit
2533 4563 2548 4600 :
2593 4542 2672 4598 Tu
2697 4554 2941 4602 aversata
2964 4558 3018 4601 es
3042 4559 3143 4611 me,
3168 4541 3300 4600 dicit
3337 4542 3626 4612 Dominus,

2038 4645 2175 4690 retro
2210 4635 2508 4692 ambulabis
2536 4637 2605 4690 ".
2646 4636 2784 4704 Quia
2819 4647 3069 4694 aversata
3093 4653 3153 4694 es
3184 4636 3379 4694 Filium
3408 4637 3534 4705 Dei,
3565 4650 3625 4694 et

359 4719 487 4774 Υἱδν
541 4718 635 4774 τοῦ
689 4719 846 4787 Θεοῦ,
901 4723 996 4776 καὶ
1037 4722 1128 4777 διὰ
1162 4725 1224 4778 τὺ
1257 4724 1642 4797 ἀπεστράφθαι
1682 4726 1775 4779 τὸν
1809 4725 1941 4780 Υίὸν

2047 4743 2130 4797 per
2163 4729 2266 4785 huc
2293 4729 2458 4783 etiam
2494 4744 2525 4783 a
2552 4726 2664 4784 Deo
2694 4737 2847 4800 patre
2891 4730 3191 4798 recessisti,
3238 4739 3384 4787 retro
3425 4732 3619 4787 ambe-

347 4806 443 4865 τοῦ
511 4810 669 4875 Θεοῦ,
725 4813 1084 4884 ἀπεστράφης
1132 4814 1223 4868 τὸν
1266 4813 1431 4869 Θεόν·
1477 4815 1530 4870 τί
1584 4815 1667 4869 δεῖ
1704 4817 1803 4870 καὶ
1860 4815 1941 4870 λέ-

2047 4820 2195 4876 ὶιώίε.
2231 4819 2372 4888 Quid
2403 4830 2585 4877 autem
2618 4837 2842 4879 necesse
2872 4834 2956 4879 est
2997 4825 3287 4880 manifesta
3320 4825 3625 4896 replicaret

355 4916 503 4968 γειν;
534 4902 644 4955 Καὶ
683 4901 872 4975 ἐπειδὴ
907 4904 1234 4977 ἀπεστράφη
1278 4907 1312 4976 ἡ
1354 4905 1728 4979 Ἰερουσαλὴμ,
1772 4908 1832 4961 ὲν
1868 4910 1935 4981 τῇ

2047 4909 2368 4968 Hierusalem
2399 4927 2522 4984 quae
2551 4915 2829 4984 quondam
2860 4914 2913 4968 in
2941 4913 3125 4971 Judaea
3160 4925 3278 4972 erat
3301 4956 3318 4982 ,
3357 4931 3388 4972 a
3415 4932 3520 4989 qua
3546 4917 3608 4973 li-

366 4989 598 5062 ἰουδαίᾳ
628 4989 721 5044 τὸν
753 4990 986 5063 Χριστὸν
1025 4990 1317 5057 ἀθετοῦσα,
1359 4994 1754 5066 συνεκδοχικῶς
1802 4996 1941 5051 πάν-

355 5096 454 5147 τας
475 5081 601 5145 τοὺς
615 5081 900 5146 Ἰουδαίους
924 5083 1197 5155 σημαίνει,
1215 5082 1303 5139 διὰ
1325 5083 1482 5139 τοῦτο
1501 5105 1521 5135 ι
1542 5087 1717 5140 ὀπίσω
1741 5087 1940 5160 πορεύ-

355 5189 446 5246 σῃ.
478 5190 500 5226 s
536 5168 648 5227 Ἦν
688 5175 799 5246 γὰρ
828 5174 919 5228 ὅτε
965 5176 1066 5229 οὐκ
1094 5175 1271 5230 ὀπίσω
1310 5177 1624 5248 ἐπορεύετο,
1660 5178 1799 5233 ἀλλά
1837 5178 1936 5251 έμ-

2039 5001 2302 5071 guraliter
2323 5001 2564 5058 universi
2593 5000 2764 5058 Judaei
2786 5003 3182 5075 intelliguntur,
3207 5008 3337 5077 quia
3365 5018 3623 5064 aversata

2038 5099 2124 5147 est
2144 5089 2447 5159 Christum,
2479 5092 2601 5147 ideo
2630 5102 2782 5148 retro
2799 5093 3061 5150 ambulat.
3094 5094 3219 5152 Fuit
3248 5096 3450 5168 quippe
3475 5106 3615 5154 tem-

2039 5198 2143 5253 pus
2180 5182 2402 5254 quando
2455 5198 2565 5238 non
2600 5184 3021 5241 ambulaverunt
3050 5196 3197 5242 retro
3245 5206 3257 5242 :
3298 5203 3443 5243 nunc
3487 5204 3619 5244 vero

352 5263 592 5336 προσθεν
611 5282 626 5297 ο
660 5265 756 5319 νῦν
780 5264 838 5318 δὲ
868 5265 1045 5320 ὀπίσω
1063 5266 1409 5338 πορεύσεται.
1442 5268 1554 5323 Καὶ
1582 5270 1933 5343 ἐστράφησαν

2047 5273 2337 5340 ambulant,
2364 5281 2419 5327 et
2450 5273 2702 5329 conversi
2744 5282 2874 5329 sunt
2895 5274 3061 5330 corde
3101 5275 3155 5328 in
3196 5272 3514 5345 Egyptum,
3553 5287 3613 5330 ut

348 5357 471 5417 ταῖς
517 5354 766 5428 καρδίαις
814 5358 893 5420 εἰς
940 5357 1243 5425 Αἴγυπτον,
1290 5358 1450 5430 δῆλον
1494 5361 1576 5414 ὅτι
1623 5361 1711 5415 ἵνα
1756 5363 1933 5418 ὀπίσω

2047 5372 2183 5418 retro
2220 5364 2517 5419 ambulent.
2563 5361 2704 5430 Quid
2749 5373 2931 5418 autem
2966 5363 3055 5426 sit,
3108 5371 3265 5418 retro-
3287 5361 3606 5428 ambulent,

353 5445 678 5518 πορευθῶσι.
716 5447 854 5520 Περὶ
877 5448 934 5503 δὲ
965 5447 1060 5502 τοῦ
1093 5450 1146 5503 τί
1178 5450 1294 5504 ἐστι
1314 5450 1396 5516 τὸ,
1431 5451 1634 5505 Ὀπίσω
1667 5452 1927 5526 πορεύσῃ,

422 5586 468 5617 ⁸³
506 5552 642 5645 Hel).
680 5605 734 5653 κ,
762 5589 853 5644 29.
930 5590 976 5622 "
1006 5582 1169 5647 Hebr.
1196 5608 1249 5658 ν,
1278 5593 1331 5662 6,
1362 5592 1419 5659 5,
1445 5592 1500 5647 6.
1576 5593 1622 5625 ’⁸
1643 5590 1843 5648 Jerem.
1870 5594 2029 5661 xv,6.

423 5697 500 5770 (I)
554 5699 784 5765 Ἱεόοὺς,
818 5701 1011 5768 φασίν
1035 5743 1050 5767 ,
1095 5714 1203 5759 etc.
1245 5707 1290 5758 A
1325 5717 1418 5771 up
1454 5684 1813 5771 c'ouculcav'it;
1844 5706 1933 5763 Je-

352 5766 611 5847 rnSaIan
632 5786 761 5847 vero
794 5766 831 5823 a‘
853 5783 992 5839 nm,
1029 5766 1190 5842 vidit;
1221 5783 1275 5831 ει
1302 5766 1473 5844 ειήω,
1511 5792 1635 5847 pax.
1663 5766 1927 5834 VidXJos.

353 5854 512 5908 tum,
542 5839 634 5895 ‘28.
672 5837 936 5896 “unus.
978 5837 985 5839 ”
1172 5837 1181 5842 ⁷
1366 5864 1371 5867 ι

2038 5458 2154 5513 sive
2191 5456 2411 5512 extendi
2463 5454 2517 5508 in
2563 5456 2771 5525 priora,
2828 5455 3133 5511 considera.
3179 5452 3368 5508 Justus
3420 5466 3615 5511 eorum

2089 5711 2191 5792 “(9.)
2233 5714 2544 5781 Πνεύματι.
2587 5713 2735 5779 Lego
2784 5726 2908 5765 cum
2961 5709 3287 5777 Ilieronytno
3316 5726 3615 5781 πνευματι-

2043 5798 2148 5846 ut»;
2159 5823 2171 5835 .
