4122 6424
471 367 574 422 δθὸ

1927 365 2251 423 ORIGENIS

3638 368 3740 424 ιιιι

468 497 592 553 «iure
659 490 806 539 retro
857 491 986 538 sunt
1057 483 1418 550 obliviscens,
1485 484 1537 539 in
1602 486 1784 556 priora
1857 495 2047 540 exten-

2154 487 2264 557 ῆτί
2292 489 2404 550 τοῖς
2442 488 2752 560 ἔμπροσθεν
2790 486 3222 551 ἐπεκτείνεσθαι,
3266 484 3411 542 οὕτω
3453 487 3737 557 παραστήο

469 577 618 631 ditur
668 577 734 630 “.
791 573 1052 630 Peccator
1109 578 1474 644 posteriorum
1537 581 1821 640 meminit.
1870 581 2049 651 priora

474 684 580 721 non
634 677 914 736 appetens.
944 664 1047 732 Qui
1097 677 1281 720 autem
1340 670 1707 737 posteriorum
1765 670 2049 734 meminit,

473 759 860 827 praevaricatur
893 758 946 811 in
978 757 1150 828 legem
1184 756 1312 814 Jesu
1348 759 1578 817 dicentis
1601 764 1644 794 ³⁷
1673 781 1686 818 :
1727 762 1808 817 Ne
1841 779 2046 818 conver-

471 855 616 898 tatur
633 855 916 900 retrorsum
941 848 1124 901 tollere
1145 850 1504 904 vestimentum
1521 869 1698 907 suum.
1720 853 2045 910 lnobcdiens

470 945 553 988 est
585 933 734 1006 dicto
781 936 899 1006 ejus
943 954 956 991 :
993 934 1304 992 Mementote
1344 942 1525 994 uxoris
1578 941 1700 1006 Lot,
1755 961 1878 998 cum
1915 959 2052 999 con-

471 1027 661 1081 temnit
697 1027 985 1097 imperium
1015 1027 1314 1086 Salvatoris
1346 1033 1576 1087 dicentis
1601 1035 1645 1065 ’⁸
1684 1053 1696 1088 :
1726 1033 1895 1088 Nemo
1931 1033 2052 1086 mit-

471 1127 580 1170 tens
611 1133 823 1171 manum
851 1135 1008 1188 super
1033 1131 1296 1187 aratrum,
1327 1131 1376 1174 et
1419 1123 1696 1193 respiciens
1729 1133 2014 1178 retrorsum
2035 1164 2050 1189 ,

469 1217 622 1277 aptus
664 1218 738 1262 est
778 1225 933 1280 regno
979 1209 1094 1265 Dei.
1132 1209 1188 1266 in
1226 1212 1343 1284 lege
1377 1229 1597 1284 quoque
1637 1216 1900 1284 scriptum
1931 1232 2053 1271 esse

471 1303 775 1373 reperimus
807 1302 1030 1373 angelos
1062 1302 1130 1357 ad
1159 1301 1260 1358 Lot
1295 1305 1664 1375 egredientem
1699 1307 1766 1360 de
1796 1306 2053 1362 Sodomis

468 1395 673 1450 dixisse
691 1395 735 1426 ¹⁹
763 1412 777 1448 :
817 1392 900 1447 Ne
922 1395 1208 1462 respexeris
1233 1403 1392 1459 retro,
1428 1405 1476 1450 et
1514 1414 1576 1451 ne
1608 1398 1816 1452 steteris
1852 1399 1906 1452 in
1939 1408 2053 1452 tota

474 1487 682 1558 regione
711 1500 729 1538 :
755 1485 808 1539 in
838 1496 1008 1539 monte
1029 1485 1232 1540 salvum
1262 1496 1310 1540 te
1332 1487 1439 1556 fac,
1463 1504 1526 1540 ne
1553 1488 1690 1558 forte
1717 1489 2060 1558 comprehen-

474 1577 644 1632 daris.
691 1573 867 1631 Habes
914 1584 968 1630 et
1013 1575 1160 1630 hunc
1212 1576 1542 1631 intellectum
1580 1577 1803 1649 dignum
1857 1577 2052 1648 spiritu

475 1664 606 1720 Dei:
646 1664 747 1728 Ne,
780 1666 976 1736 inquit,
1014 1669 1304 1734 respexeris
1351 1678 1512 1732 retro,
1548 1667 1599 1721 id
1636 1677 1742 1731 est,
1783 1668 1836 1722 in
1869 1669 2051 1738 priora

470 1758 720 1813 extende.
758 1758 1022 1813 Dimisisti
1061 1757 1377 1823 Sodomam,
1416 1776 1481 1815 ne
1529 1761 1825 1815 revertaris
1849 1760 1905 1815 iu
1948 1758 2052 1813 So-

2156 599 2357 652 σωμεν.
2409 582 2465 634 '0
2487 583 2692 644 δίκαιος
2722 585 2833 644 τοῖς
2863 580 3172 652 ἔμπροσθεν
3203 579 3598 641 ἐπεκτείνεται,
3631 577 3740 633 τῶν

2152 671 2376 727 δπισθεν
2409 671 2839 726 ἐπιλανθάνεται.
2870 671 3041 742 Δῆλον
3069 673 3152 726 ὅτι
3195 672 3223 724 ὁ
3255 669 3516 733 ἐναντίως
3539 669 3618 739 τῷ
3658 669 3741 723 δι-

2155 762 2298 832 καίῳ
2319 762 2662 832 διακείμενος
2693 761 2801 815 τῶν
2831 760 3009 814 ὀπίσω
3041 760 3335 831 μέμνηται,
3369 760 3462 812 καὶ
3491 761 3603 822 τοῖς
3641 757 3740 828 ἐμ-

2155 855 2388 926 προσθεν
2411 855 2511 908 οὐκ
2536 854 2928 909 ἐπεκτείνεται·
2949 851 3126 907 τῶνδὲ
3157 852 3333 906 ὀπίσω
3365 849 3736 922 μεμνημένος,

2158 946 2461 1017 παρακούει
2489 945 2582 998 τοῦ
2631 943 2806 1016 Ἰησοῦ
2831 943 3171 1006 διδάσκοντος
3209 943 3304 996 καὶ
3327 941 3606 1010 λέγοντος
3639 941 3738 1007 Μὴ

2153 1038 2464 1107 στραφέτω
2509 1040 2616 1103 εἰς,
2641 1037 2713 1090 τὰ
2753 1037 2946 1090 ὀπίσω
2980 1029 3116 1103 ἆραι
3153 1033 3220 1087 τὸ
3267 1031 3494 1102 ἱμάτιον
3527 1031 3734 1086 αὑτοῦ.

2154 1128 2465 1201 Παρακούει
2491 1128 2584 1182 τοῦ
2627 1127 2802 1200 Ἰησοῦ
2831 1128 3108 1196 λέγοντος·
3144 1127 3354 1191 Οὐδεὶς
3373 1125 3588 1189 ,βαλὼν
3623 1124 3740 1192 τὴν

2155 1224 2322 1293 χεῖρα
2362 1223 2454 1275 ἐπ’
2487 1221 2761 1290 ἄροτρον,
2796 1221 2895 1275 καὶ
2948 1220 3237 1288 στραφεὶς
3278 1221 3360 1281 είς
3401 1218 3472 1271 τὰ
3507 1217 3733 1278 ὀπίσω,

2153 1314 2397 1379 εὔθετός
2435 1313 2566 1366 ἐστι
2615 1311 2689 1380 τῇ
2735 1311 3027 1377 ,Βασιλείᾳ
3072 1309 3177 1363 τοῦ
3211 1309 3388 1362 Θεοῦ·
3440 1309 3532 1361 καὶ
3573 1308 3631 1359 ἐν
3660 1305 3738 1376 τῷ

2155 1403 2305 1474 νόμῳ
2345 1402 2400 1455 δὲ
2439 1402 2770 1474 γέγραπται,
2818 1401 2901 1455 ὅτι
2944 1396 3094 1454 εἶπον
3134 1399 3183 1452 oi
3221 1397 3444 1466 ἄγγελοι
3475 1397 3609 1468 πρὸς
3645 1395 3737 1450 τὸν

2154 1495 2434 1561 ἐξελθόντα
2463 1495 2570 1547 ἀπὸ
2592 1493 2841 1564 Σοδόμων
2869 1490 2992 1546 Λώτ
3012 1509 3023 1520 ·
3056 1489 3154 1558 Μὴ
3183 1487 3516 1557 “meum
3547 1487 3634 1552 είς
3667 1486 3742 1540 τὰ

2155 1589 2369 1651 ὀπίσω,
2397 1585 2554 1656 μηδὲ
2583 1585 2740 1653 στῇς
2765 1585 2834 1638 ἐν
2862 1584 3030 1652 πάσῃ
3074 1581 3149 1651 τῇ
3185 1579 3513 1650 περιχώρῳο
3558 1581 3646 1645 εις
3672 1579 3740 1634 τὸ

2156 1679 2295 1748 ὄρος
2323 1677 2515 1739 σώζου
2534 1717 2549 1742 ,
2585 1676 2819 1748 μήποτε
2861 1673 3411 1745 συμπαραληεεθῇς.
3443 1672 3552 1725 Καὶ
3584 1669 3744 1724 τοῦτο

2156 1771 2210 1823 δέ
2238 1770 2351 1841 ἔχει
2373 1770 2608 1825 διάνοιαν
2634 1769 2792 1835 ἀξίαν
2819 1766 3114 1837 ἀγγελικοῦ
3149 1766 3460 1836 πνεύματος
3477 1781 3490 1793 ·
3515 1763 3614 1830 Μὴ
3642 1779 3742 1816 πε·-

469 1849 710 1906 domam.
744 1850 1010 1906 Dimisisti
1047 1851 1177 1906 vitia
1211 1863 1374 1920 atque
1404 1862 1650 1924 peccata,
1681 1867 1750 1908 ne
1777 1854 2049 1922 regredia.

2148 1862 2448 1931 ριὸλέψῃς
2488 1864 2576 1929 εὶς
2613 1864 2685 1916 τὰ
2719 1863 2945 1925 ὀπίσω,
2983 1860 3071 1913 ἀεὶ
3119 1860 3230 1922 τοῖς
3275 1855 3585 1927 ἔμπροσθεν
3641 1856 3741 1906 ἐπ-

472 1941 548 1996 ris
579 1940 644 1996 ad
685 1957 765 1996 ea.
807 1940 890 1996 Ne
917 1943 1123 1997 steteris
1151 1943 1204 1996 in
1236 1950 1346 1996 tota
1389 1945 1615 2013 regione.
1650 1943 1874 1999 Etiamsi
1915 1960 2053 2015 prae-

469 2031 669 2088 cedens
694 2033 987 2104 imperium
1014 2035 1362 2098 custodieris,
1392 2033 1458 2089 de
1486 2049 1596 2104 quo
1613 2035 1813 2089 dicitur
1837 2059 1847 2092 ;
1873 2033 1955 2089 Ne
1973 2053 2054 2089 re-

468 2124 702 2191 spexeris
733 2133 893 2187 retro,
933 2139 1041 2178 non
1082 2123 1176 2178 tibi
1224 2122 1423 2179 suﬂicit
1451 2124 1517 2179 sd
1562 2125 1816 2192 salutem,
1854 2125 1958 2180 nisi
1999 2136 2055 2181 ct

469 2228 815 2283 consequens
860 2215 1236 2270 observaveris
1282 2236 1294 2270 :
1332 2214 1414 2270 Ne
1457 2217 1666 2271 steteris
1718 2218 1773 2270 in
1809 2226 1920 2271 tota
1973 2234 2054 2270 re-

471 2306 650 2376 gione;
679 2321 786 2360 non
815 2307 959 2362 enim
984 2308 1200 2376 expedit
1218 2307 1502 2377 incipienti
1531 2309 1818 2378 prolicere,
1855 2319 1915 2365 ut
1949 2319 2055 2364 stet

472 2396 526 2450 in
546 2398 857 2466 regionibus
876 2397 1262 2454 Sodomorum.
1285 2398 1350 2454 Et
1371 2401 1416 2455 si
1439 2398 1730 2456 Sodomam
1755 2411 2008 2457 transcen
2022 2430 2046 2442 -

469 2488 617 2554 disti,
642 2490 811 2562 208
832 2501 884 2546 et
913 2508 943 2546 ιι
975 2491 1189 2547 Satana-
1222 2492 1440 2563 regione
1453 2493 1760 2561 discedens,
1782 2494 2059 2564 incipisli-

471 2581 698 2638 beresse
729 2585 1045 2653 suppliciis,
1076 2585 1292 2656 expedit
1320 2592 1379 2639 ut
1409 2585 1638 2641 salveris
1663 2587 1719 2641 in
1741 2597 1960 2652 monte;
1992 2603 2054 2638 ne

472 2677 754 2740 respexeris
775 2686 934 2742 retro,
959 2692 1050 2730 nec
1068 2676 1276 2730 steteris
1304 2676 1359 2729 in
1387 2685 1501 2732 tota
1529 2677 1737 2747 regione
1761 2693 1779 2732 .'
1807 2678 1860 2731 in
1883 2685 2056 2730 monte

468 2765 672 2822 salvum
726 2779 774 2822 te
821 2769 930 2838 fac,
975 2785 1036 2822 ne
1084 2769 1223 2838 forte
1273 2769 1758 2838 comprehendaris.
1802 2768 1858 2824 Si
1905 2770 1988 2824 vis
2023 2784 2054 2822 a

472 2861 839 2916 Sodomorum
873 2861 1029 2914 ruina
1060 2875 1167 2914 non
1203 2860 1618 2929 comprehendi,
1663 2876 1730 2914 ne
1764 2870 2054 2914 converta—

473 2953 549 3007 ris
585 2962 730 3006 retro
759 2994 773 3018 ,
805 2966 872 3006 ne
901 2952 1121 3008 steteris
1151 2953 1203 3005 in
1238 2952 1462 3022 regione
1489 2966 1702 3017 eorum,
1739 2967 1806 3006 ne
1847 2951 1915 3006 ad
1946 2952 2055 3006 alia

473 3062 666 3116 pergas
708 3046 847 3112 loca,
882 3044 975 3101 sed
1021 3061 1143 3100 cum
1178 3044 1302 3099 inde
1334 3043 1650 3099 discesseris
1675 3084 1690 3110 ,
1723 3044 1956 3098 ascende
1999 3044 2054 3098 in

475 3148 712 3194 montem
750 3139 803 3192 in
833 3152 944 3208 quo
979 3137 1094 3192 solo
1125 3136 1274 3191 salus
1299 3144 1403 3203 est,
1433 3151 1630 3190 nomen
1657 3134 1785 3192 Jesu
1823 3136 2050 3202 Christi,

472 3232 561 3285 cui
596 3230 768 3300 gloria
799 3238 880 3285 est
921 3237 975 3284 et
1021 3228 1309 3299 imperium
1354 3229 1410 3283 in
1452 3228 1649 3286 smeula
1699 3229 2048 3285 saeculorum.
2085 3208 2127 3266 (ἶ

473 3326 668 3378 Amen.

2155 1955 2421 2008 εκτείνου.
2460 1953 2874 2015 Καταλέλοιπας
2901 1951 3130 2021 Σόδομα,
3163 1949 3239 2020 μὴ
3272 1949 3506 2019 στρέφου
3537 1947 3618 2009 είς
3647 1947 3743 1998 Σό-

2154 2047 2313 2117 δομα.
2346 2045 2758 2108 Καταλέλοιπας
2789 2045 2887 2116 τὴν
2939 2043 3138 2098 κακίαν
3168 2041 3262 2094 καὶ
3292 2039 3390 2111 τήν
3434 2037 3740 2109 ἁμαρτίαν,

2161 2133 2236 2204 μὴ
2261 2134 2606 2204 ἐπιστραφῇς
2641 2132 2777 2203 πρὸς
2807 2133 3000 2202 αὐτὴν,
3038 2130 3173 2202 μηδὲ
3213 2133 3345 2202 στῇς
3385 2131 3444 2181 ἐν
3482 2128 3634 2201 πάσῃ
3671 2129 3741 2198 τῇ

2158 2223 2472 2295 περιχώρῳ,
2507 2223 2600 2277 καὶ
2631 2224 2892 2294 τηρήσεις
2919 2222 3020 2293 τήν
3058 2221 3333 2292 προτέραν
3378 2219 3600 2290 ἐντολὴν
3643 2218 3744 2288 τήν

2156 2312 2448 2380 λέγουσαν·
2484 2311 2581 2378 Μὴ
2629 2311 3001 2380 περιϐλέψης
3041 2313 3130 2378 είς
3153 2310 3226 2364 τὰ
3254 2311 3466 2365 ὀπίσω.
3500 2311 3613 2363 Ούκ
3640 2310 3741 2381 ἀρ-

2157 2405 2243 2456 κεῖ
2275 2420 2356 2455 σοι
2395 2402 2533 2472 πρὸς
2564 2401 2624 2454 τὸ
2670 2399 2932 2472 σωθῆναι,
2977 2401 3072 2456 ἐὰν
3106 2401 3182 2473 μή
3213 2403 3307 2454 καὶ
3345 2401 3442 2471 τῆς
3481 2398 3742 2464 δευτέρας

2157 2493 2376 2565 ἐντολῆς
2404 2493 2645 2565 ἀκούσῃς
2669 2492 2936 2561 λεγούσης
2957 2509 2970 2522 ⁶
3003 2491 3167 2560 Μηδὲ
3200 2490 3354 2560 στῆς
3378 2492 3448 2544 ἐν
3478 2489 3644 2559 πάσῃ
3671 2489 3742 2557 trj

2159 2587 2494 2655 πἐριχώρῳο
2531 2587 2591 2638 ού
2630 2585 2710 2638 δεῖ
2735 2586 2846 2656 γὰρ
2877 2585 3184 2656 ἀρξάμενον
3223 2585 3550 2656 προκόπτειν
3587 2584 3746 2636 ἐστά-

2157 2697 2244 2733 ναι
2272 2681 2332 2733 ὲν
2368 2681 2434 2749 τῇ
2468 2678 2761 2751 περιχώρῳ
2791 2679 3062 2749 Σοδόμων,
3096 2679 3144 2731 εί
3189 2679 3284 2731 καὶ
3326 2677 3536 2748 Σόδομα
3568 2677 3738 2731 διαϐέ-

2159 2771 2348 2843 ϐηκεν,
2391 2769 2526 2824 ἀλλά
2561 2770 2822 2826 διαϐάντα
2854 2770 2961 2825 ἀπὸ
2996 2770 3090 2824 τοῦ
3127 2770 3348 2824 ἑστάναι
3393 2773 3449 2824 ἐν
3488 2772 3554 2840 τῇ
3593 2786 3742 2841 περι·

2159 2861 2342 2935 χώρῳ,
2377 2861 2644 2928 σώζεσθαι
2683 2865 2762 2928 εἰς
2790 2863 2851 2916 τὸ
2882 2863 3028 2935 ὅρος,
3059 2863 3204 2918 κατὰ
3236 2863 3317 2917 τόο
3343 2863 3440 2930 Μὴ
3480 2861 3746 2931 “mare.

2159 2958 2284 3026 ’ἔβης
2314 2955 2402 3020 εἷς
2436 2955 2509 3008 τὰ
2536 2955 2749 3017 ὀπίσω,
2782 2954 2940 3024 μηδὲ
2972 2953 3126 3023 στῆς
3151 2955 3222 3008 ἐν
3257 2953 3432 3023 ’πάσῃ
3465 2952 3539 3021 τῇ
3581 2969 3745 3020 περι-

2159 3044 2344 3114 χώρῳ.
2360 3047 2464 3110 Εὶς
2478 3043 2550 3110 τὸ,
2563 3046 2700 3114 ὄρος
2719 3043 2928 3108 σώζου,
2945 3046 3180 3114 μήποτε
3195 3041 3744 3112 συμπαραληφθῇς.

2162 3136 2224 3190 El
2278 3135 2457 3208 βούλει
2510 3137 2584 3207 μὴ
2643 3136 3184 3209 συμπαραληφθῆναι
3241 3136 3594 3206 Σοδομίταις,
3647 3137 3748 3206 μή-

2162 3246 2291 3282 ποτε
2321 3231 2400 3293 εἰς
2448 3229 2517 3282 τὰ
2543 3230 2718 3283 ὀπίσω
2751 3233 3016 3302 στραφῇς,
3069 3231 3207 3300 μήτε
3246 3232 3378 3299 στῇς
3408 3229 3465 3282 ἐν
3497 3231 3563 3300 τῇ
3597 3244 3749 3299 περι-

2164 3323 2328 3394 χώρῳ
2372 3322 2646 3393 Σοδόμων,
2686 3322 2819 3394 μηδὲ
2868 3321 3103 3392 ἀλλαχοῦ
3137 3321 3271 3392 γένῃ
3309 3321 3340 3391 ἢ
3376 3322 3455 3384 είς
3499 3319 3559 3374 τὸ
3591 3320 3746 3392 ὅρος·

474 3419 590 3470 ἐκεῖ
619 3415 728 3486 γὰρ
757 3416 873 3470 ἔστι.
920 3417 1078 3487 μόνον
1107 3413 1366 3484 σωθῆναι.
1422 3415 1662 3470 Ἔστιδέ
1700 3417 1760 3468 τὺ
1786 3417 1910 3488 ὅρος
1944 3416 2147 3488 Κύριος
2189 3415 2417 3488 Ἰησοῦς,
2464 3410 2509 3486 ᾧ
2564 3418 2712 3471 ἐστιν
2761 3419 2794 3488 ή
2833 3415 2960 3481 δόξα
2999 3415 3093 3468 καὶ
3140 3415 3200 3466 τὸ
3239 3413 3439 3484 κράτος
3489 3413 3569 3476 είς
3624 3411 3748 3474 τοὺς

474 3508 674 3576 αἰῶνας
687 3551 698 3562 .
741 3510 932 3580 Ἀμήν.

1034 3604 1317 3662 IIOMILIA
1356 3603 1496 3660 XIV.
2759 3606 3004 3660 UMIAIA
3045 3605 3140 3658 lA‘.

2838 3698 2932 3760 Εἰς
2961 3697 3048 3750 τό’

2165 3791 2329 3858 οτμοι
2535 3789 2744 3876 μῆεςρν
2781 3789 2942 3876 vix!”
2964 3788 3058 3842 τοῦ
3079 3789 3230 3868 ’-Διά
3259 3787 3444 3876 ῖρξῖο,
3461 3782 3748 3876 ίτςξὲξέὲ

2228 3878 2311 3930 γει
2345 3861 2580 3928 Κύριος·
2611 3861 2752 3914 Ἐὰν
2777 3861 3180 3928 ἐπιστραφῇς,
3208 3861 3305 3912 καὶ
3331 3861 3744 3920 ἀποκαταστή-

2229 3949 2317 3986 σω
2344 3948 2438 3983 σε.

867 3697 1067 3770 (Juxta
1098 3696 1478 3767 Hieronymum
1507 3695 1555 3750 X
1563 3695 1588 3750 Ι
1600 3698 1650 3765 .)

473 3791 554 3844 Ab
585 3809 650 3846 eo
674 3794 794 3846 loco
825 3792 877 3845 in
909 3807 1020 3860 quo
1049 3790 1312 3860 scriptum
1333 3800 1418 3844 est
1445 3807 1457 3844 :
1490 3787 1606 3843 Heu
1632 3791 1760 3843 mihi
1788 3807 1900 3860 ego,
1943 3808 2059 3844 ma-

547 3874 663 3926 ter;
701 3877 873 3930 usque
917 3860 983 3914 ad
1032 3861 1212 3931 locum
1263 3861 1316 3914 in
1359 3876 1470 3931 quo
1503 3862 1579 3915 ait
1621 3879 1632 3913 :
1669 3860 1728 3914 Si
1774 3877 2055 3915 conversus

547 3933 733 4000 fueris,
772 3932 1048 3986 restituam
1079 3943 1124 3983 te
1148 3930 1214 3985 '°.

1749 4114 1988 4177 Eodem
2021 4115 2391 4190 interprete.

548 4315 735 4371 Medici
801 4327 1092 4383 corporum
1149 4309 1541 4382 aegrotantibus
1598 4310 1954 4378 assistentcs,
2004 4320 2055 4365 et

2241 4313 2302 4364 Οί
2333 4310 2509 4382 ἰατροὶ
2551 4310 2658 4364 τῶν
2692 4313 2959 4381 σωμάτων
2993 4310 3142 4381 παρὰ
3170 4310 3294 4376 τοὺς
3329 4311 3635 4381 κάμνοντας
3663 4326 3748 4379 γιο

471 4408 628 4475 juxta
676 4406 1018 4476 disciplinam
1073 4404 1208 4462 artis
1271 4418 1386 4459 sua:
1437 4403 1682 4458 volentes
1712 4418 1912 4458 curare
1962 4419 2055 4458 eos

2165 4404 2402 4475 νόμενοι,
2455 4403 2548 4456 καὶ
2592 4403 2677 4456 ἀεὶ
2710 4405 2780 4474 τῇ
2820 4402 3084 4474 θεραπείᾳ
3116 4400 3223 4453 τῶν
3264 4401 3580 4470 καμνόντων
3625 4402 3748 4453 ἐαυ-

479 4498 574 4570 qui
601 4499 655 4552 in
688 4473 1096 4553 inﬁrmitatibus
1126 4496 1406 4551 constituti
1441 4504 1590 4562 sunt,
1624 4495 1810 4550 vident
1845 4495 2016 4549 tristia
2039 4535 2054 4560 ,

2165 4473 2292 4559 toi);
2322 4494 2671 4557 ἐπιδιδόντες,
2720 4473 2862 4546 κατὰ
2890 4473 2966 4544 τὸ
3009 4489 3256 4559 βούλημα
3285 4489 3384 4557 τῆς
3423 4488 3618 4560 τέχνης
3653 4490 3750 4557 τῆς

477 4589 773 4660 injucunda
822 4595 1178 4659 pertractant,
1223 4595 1277 4642 et
1323 4587 1376 4641 in
1425 4587 1621 4642 alienis
1653 4586 2055 4643 calamitatibus

2163 4587 2416 4660 ἰατρικῆς
2438 4627 2452 4651 ,
2485 4585 2652 4658 ὁρῶσί
2683 4601 2826 4646 τινα,
2867 4583 2964 4636 καὶ
3011 4580 3359 4648 θιγγάνουσιν
3397 4577 3598 4648 ἀηδιῶν
3634 4577 3747 4646 (1),

480 4697 713 4738 mmrore
746 4680 967 4753 proprio
1013 4679 1381 4735 coniiciuntur
1421 4699 1434 4735 :
1469 4695 1685 4752 semper
1737 4680 1881 4733 enim
1924 4693 2060 4733 con-

481 4773 718 4829 versatio
766 4789 956 4829 eorum
1010 4771 1064 4827 in
1120 4773 1345 4844 gemitu,
1391 4787 1606 4840 semper
1653 4772 1708 4826 in
1753 4770 1902 4826 curis
1935 4778 2053 4835 est,

482 4881 761 4935 nunquam
792 4881 916 4921 cum
963 4863 1100 4928 lanis
1129 4863 1466 4919 consortium
1499 4862 1740 4918 habent:
1789 4878 1914 4917 cum
1945 4861 2058 4915 vnl-

482 4956 707 5021 neratis,
738 4973 862 5012 cum
892 4956 976 5013 his
1011 4971 1243 5026 quorum
1272 4969 1466 5010 carnes
1501 4951 1863 5008 incommodis
1890 4951 2058 5006 variis

480 5050 860 5116 debilitantur,
894 5050 988 5120 qui
1025 5048 1267 5104 febribus
1308 5055 1561 5110 aestuant,
1599 5047 1690 5117 qui
1728 5046 1917 5102 dolore
1947 5054 2058 5099 tor-

480 5153 738 5214 quentur,
761 5143 876 5214 jugi
905 5143 1129 5199 servitio
1151 5154 1520 5214 perseverant.
1552 5141 1618 5197 Et
1639 5141 1684 5198 si
1715 5143 1839 5214 quis
1866 5158 2055 5198 eorum

484 5236 596 5291 vult
625 5236 850 5307 implere
879 5235 1226 5301 medicinam,
1254 5251 1362 5291 non
1397 5234 1737 5306 indignatur,
1775 5249 1881 5288 non
1917 5233 2059 5287 obli-

481 5329 709 5386 viscitur
741 5329 1006 5402 propositi
1035 5329 1170 5384 artis
1201 5343 1336 5393 sua,
1365 5336 1654 5398 postquam
1679 5341 1803 5383 cum
1830 5325 1916 5380 his
1943 5323 2058 5378 fue—

482 5425 553 5478 rit
584 5439 723 5493 quos
753 5438 936 5479 sermo
963 5421 1223 5493 praelatus
1252 5430 1355 5478 est.
1390 5419 1515 5475 Haec
1551 5420 1756 5476 idcirco
1795 5419 1848 5474 in
1876 5433 2060 5487 prom-

484 5514 595 5567 mio
627 5514 872 5569 diximus
891 5513 1019 5584 quia
1040 5522 1093 5568 et
1117 5513 1397 5584 prophetas
1421 5513 1618 5568 medici
1649 5509 2056 5582 quodammodo

558 5654 838 5725 “Philipp.
871 5671 952 5720 ιιι,
984 5653 1070 5709 15.
1150 5655 1191 5686 ’⁷
1217 5652 1384 5710 Marc.
1421 5670 1543 5720 xm,
1580 5653 1660 5707 l6.

559 5795 632 5864 (1)
673 5795 938 5863 Ἀηδιῶν.
983 5795 1124 5868 Lege
1156 5813 1166 5849 :
1195 5797 1393 5868 ἀηδῶν.

2157 4681 2243 4732 ἐπ’
2275 4677 2584 4749 ἀλλοτρίαις
2622 4676 2930 4745 συμφοραῖς
2979 4670 3320 4743 καρποῦνται
3364 4668 3500 4731 ἰδίας
3539 4667 3744 4729 λύπας-

2158 4774 2251 4828 καὶ
2286 4772 2434 4826 ἐστιν
2481 4771 2569 4824 ἀεὶ
2601 4771 2630 4823 ὁ
2659 4767 2770 4838 βίος
2802 4767 2980 4820 αὐτῶν
3007 4767 3065 4818 ἐν
3102 4763 3451 4836 περιστάσει⁰
3489 4761 3749 4814 οὐδέποτε

2155 4865 2266 4938 γάρ
2287 4865 2392 4920 εἰσι
2426 4860 2563 4934 μετά
2607 4858 2979 4927 ὑγιαινόντων,
3003 4855 3116 4911 ἀλλ’
3155 4857 3243 4910 ἀεὶ
3275 4854 3412 4925 μετά
3439 4853 3548 4907 τῶν
3585 4869 3751 4924 τραυ-

2169 4955 2354 5024 μάτων
2389 4951 2488 5024 (3),
2526 4949 2666 5021 μετὰ
2692 4948 2800 5004 τῶν
2833 4947 3004 5019 νομὰς
3043 4947 3301 5016 ἐχόντων,
3339 4944 3478 5016 μετά
3508 4944 3617 4998 τῶν
3652 4960 3751 4996 πε-

2171 5041 2542 5115 πληρωμένων
2583 5040 2757 5104 πυῶν,
2804 5038 3076 5110 πυρετῶν,
3111 5038 3282 5092 νόσων
3329 5037 3606 5092 ποικίλων.
3643 5037 3754 5091 Καὶ

2168 5139 2217 5191 εἰ
2253 5133 2500 5207 βούλεταί
2529 5151 2612 5197 τις
2643 5130 2952 5188 στείλασθαι
2983 5131 3079 5202 τὴν
3113 5128 3386 5203 ἰατρικὴν,
3417 5129 3520 5182 ούκ
3550 5129 3754 5196 ἀγανα-

2167 5229 2380 5300 κτήσει,
2414 5225 2536 5279 ούδέ
2577 5224 2841 5296 ἀμελήσει
2875 5221 2970 5277 τοῦ
3007 5222 3344 5295 βουλήματος
3383 5220 3483 5292 τῆς
3521 5219 3752 5291 τέχνης,

2167 5315 2235 5394 ἦς
2289 5317 2600 5389 ἀνείληφεν,
2637 5317 2775 5371 ἐπὰν
2868 5315 3005 5387 μετὰ
3036 5314 3144 5368 τῶν
3172 5312 3429 5367 τοιούτων
3460 5312 3536 5375 ὡς
3572 5328 3755 5380 προειρ-

2169 5414 2435 5483 ρήκαμεν.
2461 5409 2631 5464 Τοῦτο
2645 5409 2702 5462 δέ
2726 5407 2890 5482 μοιτδ
2909 5407 3191 5480 προοίμιον
3216 5406 3462 5459 λέλεκται
3475 5404 3564 5457 διά
3576 5402 3637 5456 τὸ
3659 5402 3754 5459 καὶ

2165 5503 2292 5567 τοὺς
2335 5502 2618 5573 προφήτας
2660 5495 2770 5554 οἷον
2813 5495 2952 5552 εἶναι
3000 5499 3220 5568 ἰατροὺς
3265 5496 3487 5567 ψυχῶν,
3533 5495 3629 5548 καὶ
3664 5491 3756 5546 ἀεὶ

1738 5653 1782 5683 ’⁸
1809 5649 1938 5705 Luc.
1968 5663 2040 5711 ιιι,
2068 5647 2157 5702 6i.
2237 5647 2281 5677 ³⁹
2305 5642 2440 5699 Gen.
2477 5659 2590 5706 xix,
2631 5641 2714 5695 17.
2792 5637 2836 5670 ³⁰
2865 5635 3065 5693 Jerem.
3104 5654 3194 5703 xv,
3223 5637 3411 5692 l0-l9.

2223 5793 2296 5860 (Ξ)
2328 5790 2694 5860 Τίσι-μάτων.
2720 5787 2861 5856 Lego
2878 5790 3005 5842 rum
3027 5783 3358 5855 Hieronymo
3383 5776 3750 5856 τραυματιῶν.
