  <div class='ocr_page' id='page_1' title='image "/cluster/home/n/w/nwhite01/storage/ocr_20150623/13:no.3/coo.31924054872910/211.png"; bbox 0 0 4122 6416; ppageno 0'>
   <div class='ocr_carea' id='block_1_1' title="bbox 508 392 610 446">
    <p class='ocr_par' dir='ltr' id='par_1_1' title="bbox 508 392 610 446">
     <span class='ocr_line' id='line_1_1' title="bbox 508 392 610 446; baseline 0.01 -2"><span class='ocrx_word' id='word_1_1' title='bbox 508 392 610 446; x_wconf 68' lang='lat'><strong>1.07</strong></span> 
     </span>
    </p>
   </div>
   <div class='ocr_carea' id='block_1_2' title="bbox 1978 380 2307 439">
    <p class='ocr_par' dir='ltr' id='par_1_2' title="bbox 1978 380 2307 439">
     <span class='ocr_line' id='line_1_2' title="bbox 1978 380 2307 439; baseline -0.006 0"><span class='ocrx_word' id='word_1_2' title='bbox 1978 380 2143 439; x_wconf 79' lang='lat' dir='ltr'><strong>OllIG</strong></span> <span class='ocrx_word' id='word_1_3' title='bbox 2154 380 2307 437; x_wconf 63' lang='grc' dir='ltr'><strong>ΕΝῚὸ</strong></span> 
     </span>
    </p>
   </div>
   <div class='ocr_carea' id='block_1_3' title="bbox 3654 381 3761 437">
    <p class='ocr_par' dir='ltr' id='par_1_3' title="bbox 3654 381 3761 437">
     <span class='ocr_line' id='line_1_3' title="bbox 3654 381 3761 437; baseline 0.009 -1"><span class='ocrx_word' id='word_1_4' title='bbox 3654 381 3761 437; x_wconf 61' lang='lat'><strong>‘08</strong></span> 
     </span>
    </p>
   </div>
   <div class='ocr_carea' id='block_1_4' title="bbox 505 496 2066 578">
    <p class='ocr_par' dir='ltr' id='par_1_4' title="bbox 505 508 2066 578">
     <span class='ocr_line' id='line_1_4' title="bbox 505 508 2066 578; baseline -0.004 -15"><span class='ocrx_word' id='word_1_5' title='bbox 505 508 795 564; x_wconf 72' lang='lat' dir='ltr'><strong>artificium</strong></span> <span class='ocrx_word' id='word_1_6' title='bbox 820 511 1044 575; x_wconf 85' lang='lat' dir='ltr'><strong>curatis,</strong></span> <span class='ocrx_word' id='word_1_7' title='bbox 1080 509 1172 565; x_wconf 87' lang='lat' dir='ltr'><strong>sed</strong></span> <span class='ocrx_word' id='word_1_8' title='bbox 1200 510 1353 578; x_wconf 75' lang='lat' dir='ltr'><strong>juxta</strong></span> <span class='ocrx_word' id='word_1_9' title='bbox 1378 512 1706 563; x_wconf 72' lang='lat' dir='ltr'><strong>voluntatem</strong></span> <span class='ocrx_word' id='word_1_10' title='bbox 1738 521 1892 561; x_wconf 88' lang='lat' dir='ltr'><strong>suam</strong></span> <span class='ocrx_word' id='word_1_11' title='bbox 1920 520 2066 573; x_wconf 78' lang='lat' dir='ltr'><strong>agru-</strong></span> 
     </span>
    </p>
   </div>
   <div class='ocr_carea' id='block_1_5' title="bbox 2170 496 3763 578">
    <p class='ocr_par' dir='ltr' id='par_1_5' title="bbox 2186 496 3763 570">
     <span class='ocr_line' id='line_1_5' title="bbox 2186 496 3763 570; baseline -0.001 -16"><span class='ocrx_word' id='word_1_12' title='bbox 2186 500 2342 567; x_wconf 83' lang='grc' dir='ltr'><strong>,ιησέ</strong></span> <span class='ocrx_word' id='word_1_13' title='bbox 2365 517 2441 569; x_wconf 86' lang='grc' dir='ltr'><strong>με</strong></span> <span class='ocrx_word' id='word_1_14' title='bbox 2472 500 2689 565; x_wconf 74' lang='grc' dir='ltr'><strong>οὐδείς.</strong></span> <span class='ocrx_word' id='word_1_15' title='bbox 2721 500 2874 569; x_wconf 84' lang='grc' dir='ltr'><strong>Τάχα</strong></span> <span class='ocrx_word' id='word_1_16' title='bbox 2900 496 3221 553; x_wconf 76' lang='grc' dir='ltr'><strong>ἀντιπάθειά</strong></span> <span class='ocrx_word' id='word_1_17' title='bbox 3257 498 3373 552; x_wconf 72' lang='grc' dir='ltr'><strong>ἐστι</strong></span> <span class='ocrx_word' id='word_1_18' title='bbox 3403 496 3493 552; x_wconf 77' lang='grc' dir='ltr'><strong>διὰ</strong></span> <span class='ocrx_word' id='word_1_19' title='bbox 3519 497 3618 570; x_wconf 77' lang='grc' dir='ltr'><strong>τήν</strong></span> <span class='ocrx_word' id='word_1_20' title='bbox 3642 497 3763 569; x_wconf 74' lang='grc' dir='ltr'><strong>φιλ-</strong></span> 
     </span>
    </p>
   </div>
   <div class='ocr_carea' id='block_1_6' title="bbox 505 596 2078 670">
    <p class='ocr_par' dir='ltr' id='par_1_6' title="bbox 505 596 2078 670">
     <span class='ocr_line' id='line_1_6' title="bbox 505 596 2078 670; baseline -0.004 -17"><span class='ocrx_word' id='word_1_21' title='bbox 505 597 652 654; x_wconf 84' lang='lat' dir='ltr'><strong>tibus</strong></span> <span class='ocrx_word' id='word_1_22' title='bbox 699 599 831 654; x_wconf 80' lang='lat' dir='ltr'><strong>dicit</strong></span> <span class='ocrx_word' id='word_1_23' title='bbox 868 619 882 654; x_wconf 88' lang='lat'>:</span> <span class='ocrx_word' id='word_1_24' title='bbox 923 598 1043 653; x_wconf 81' lang='lat' dir='ltr'><strong>Non</strong></span> <span class='ocrx_word' id='word_1_25' title='bbox 1083 600 1281 670; x_wconf 77' lang='lat' dir='ltr'><strong>profui.</strong></span> <span class='ocrx_word' id='word_1_26' title='bbox 1321 615 1482 669; x_wconf 82' lang='lat' dir='ltr'><strong>neque</strong></span> <span class='ocrx_word' id='word_1_27' title='bbox 1520 600 1721 668; x_wconf 77' lang='lat' dir='ltr'><strong>profuit</strong></span> <span class='ocrx_word' id='word_1_28' title='bbox 1763 596 1888 651; x_wconf 79' lang='lat' dir='ltr'><strong>mihi</strong></span> <span class='ocrx_word' id='word_1_29' title='bbox 1933 597 2078 665; x_wconf 85' lang='lat' dir='ltr'><strong>quis-</strong></span> 
     </span>
    </p>
   </div>
   <div class='ocr_carea' id='block_1_7' title="bbox 501 686 2080 761">
    <p class='ocr_par' dir='ltr' id='par_1_7' title="bbox 501 686 2080 761">
     <span class='ocr_line' id='line_1_7' title="bbox 501 686 2080 761; baseline -0.003 -19"><span class='ocrx_word' id='word_1_30' title='bbox 501 702 684 761; x_wconf 84' lang='lat' dir='ltr'><strong>quam.</strong></span> <span class='ocrx_word' id='word_1_31' title='bbox 723 688 1135 757; x_wconf 70' lang='lat' dir='ltr'><strong>Quodammodo</strong></span> <span class='ocrx_word' id='word_1_32' title='bbox 1162 691 1308 745; x_wconf 88' lang='lat' dir='ltr'><strong>enim</strong></span> <span class='ocrx_word' id='word_1_33' title='bbox 1363 690 1685 745; x_wconf 78' lang='lat' dir='ltr'><strong>beneficium</strong></span> <span class='ocrx_word' id='word_1_34' title='bbox 1726 686 2080 756; x_wconf 78' lang='lat' dir='ltr'><strong>consequitur</strong></span> 
     </span>
    </p>
   </div>
   <div class='ocr_carea' id='block_1_8' title="bbox 502 780 2080 852">
    <p class='ocr_par' dir='ltr' id='par_1_8' title="bbox 502 780 2080 852">
     <span class='ocr_line' id='line_1_8' title="bbox 502 780 2080 852; baseline -0.004 -17"><span class='ocrx_word' id='word_1_35' title='bbox 502 780 619 851; x_wconf 91' lang='lat' dir='ltr'><strong>ipse</strong></span> <span class='ocrx_word' id='word_1_36' title='bbox 651 784 745 852; x_wconf 89' lang='lat' dir='ltr'><strong>qui</strong></span> <span class='ocrx_word' id='word_1_37' title='bbox 777 792 954 848; x_wconf 89' lang='lat' dir='ltr'><strong>curat,</strong></span> <span class='ocrx_word' id='word_1_38' title='bbox 990 783 1035 838; x_wconf 86' lang='lat' dir='ltr'><strong>si</strong></span> <span class='ocrx_word' id='word_1_39' title='bbox 1080 781 1314 838; x_wconf 80' lang='lat' dir='ltr'><strong>fructum</strong></span> <span class='ocrx_word' id='word_1_40' title='bbox 1348 781 1433 837; x_wconf 88' lang='lat' dir='ltr'><strong>sui</strong></span> <span class='ocrx_word' id='word_1_41' title='bbox 1470 780 1676 837; x_wconf 88' lang='lat' dir='ltr'><strong>laboris</strong></span> <span class='ocrx_word' id='word_1_42' title='bbox 1700 780 1752 833; x_wconf 93' lang='lat' dir='ltr'><strong>iu</strong></span> <span class='ocrx_word' id='word_1_43' title='bbox 1784 785 2080 849; x_wconf 65' lang='lat' dir='ltr'><strong>mgrotante</strong></span> 
     </span>
    </p>
   </div>
   <div class='ocr_carea' id='block_1_9' title="bbox 502 870 2076 941">
    <p class='ocr_par' dir='ltr' id='par_1_9' title="bbox 502 870 2076 941">
     <span class='ocr_line' id='line_1_9' title="bbox 502 870 2076 941; baseline -0.004 -17"><span class='ocrx_word' id='word_1_44' title='bbox 502 872 825 941; x_wconf 84' lang='lat' dir='ltr'><strong>conspiciat,</strong></span> <span class='ocrx_word' id='word_1_45' title='bbox 857 880 912 927; x_wconf 90' lang='lat' dir='ltr'><strong>et</strong></span> <span class='ocrx_word' id='word_1_46' title='bbox 942 888 1035 941; x_wconf 90' lang='lat' dir='ltr'><strong>per</strong></span> <span class='ocrx_word' id='word_1_47' title='bbox 1082 873 1324 927; x_wconf 58' lang='lat' dir='ltr'><strong>laetitiam</strong></span> <span class='ocrx_word' id='word_1_48' title='bbox 1358 873 1560 928; x_wconf 88' lang='lat' dir='ltr'><strong>mentis</strong></span> <span class='ocrx_word' id='word_1_49' title='bbox 1589 871 1755 925; x_wconf 87' lang='lat' dir='ltr'><strong>etiam</strong></span> <span class='ocrx_word' id='word_1_50' title='bbox 1787 870 1905 939; x_wconf 91' lang='lat' dir='ltr'><strong>ipse</strong></span> <span class='ocrx_word' id='word_1_51' title='bbox 1942 880 2076 921; x_wconf 91' lang='lat' dir='ltr'><strong>con-</strong></span> 
     </span>
    </p>
   </div>
   <div class='ocr_carea' id='block_1_10' title="bbox 503 955 2083 1030">
    <p class='ocr_par' dir='ltr' id='par_1_10' title="bbox 503 955 2083 1030">
     <span class='ocr_line' id='line_1_10' title="bbox 503 955 2083 1030; baseline -0.004 -15"><span class='ocrx_word' id='word_1_52' title='bbox 503 962 751 1030; x_wconf 72' lang='lat' dir='ltr'><strong>sequitur</strong></span> <span class='ocrx_word' id='word_1_53' title='bbox 811 963 1121 1029; x_wconf 74' lang='lat' dir='ltr'><strong>utilitatem,</strong></span> <span class='ocrx_word' id='word_1_54' title='bbox 1189 962 1490 1018; x_wconf 87' lang='lat' dir='ltr'><strong>secuudum</strong></span> <span class='ocrx_word' id='word_1_55' title='bbox 1556 961 1689 1015; x_wconf 90' lang='lat' dir='ltr'><strong>illud</strong></span> <span class='ocrx_word' id='word_1_56' title='bbox 1750 957 1895 1029; x_wconf 90' lang='lat' dir='ltr'><strong>quod</strong></span> <span class='ocrx_word' id='word_1_57' title='bbox 1951 955 2083 1010; x_wconf 85' lang='lat' dir='ltr'><strong>dici-</strong></span> 
     </span>
    </p>
   </div>
   <div class='ocr_carea' id='block_1_11' title="bbox 503 1046 2080 1124">
    <p class='ocr_par' dir='ltr' id='par_1_11' title="bbox 503 1046 2080 1124">
     <span class='ocr_line' id='line_1_11' title="bbox 503 1046 2080 1124; baseline -0.002 -18"><span class='ocrx_word' id='word_1_58' title='bbox 503 1059 592 1106; x_wconf 85' lang='lat' dir='ltr'><strong>tur</strong></span> <span class='ocrx_word' id='word_1_59' title='bbox 624 1068 639 1107; x_wconf 92' lang='lat'><strong>:</strong></span> <span class='ocrx_word' id='word_1_60' title='bbox 674 1050 872 1107; x_wconf 82' lang='lat' dir='ltr'><strong>Beatus</strong></span> <span class='ocrx_word' id='word_1_61' title='bbox 897 1054 988 1123; x_wconf 97' lang='lat' dir='ltr'><strong>qui</strong></span> <span class='ocrx_word' id='word_1_62' title='bbox 1013 1054 1249 1124; x_wconf 82' lang='lat' dir='ltr'><strong>loquitur</strong></span> <span class='ocrx_word' id='word_1_63' title='bbox 1278 1055 1331 1107; x_wconf 86' lang='lat' dir='ltr'><strong>in</strong></span> <span class='ocrx_word' id='word_1_64' title='bbox 1359 1067 1516 1107; x_wconf 87' lang='lat' dir='ltr'><strong>aures</strong></span> <span class='ocrx_word' id='word_1_65' title='bbox 1548 1052 1900 1105; x_wconf 83' lang='lat' dir='ltr'><strong>audientium.</strong></span> <span class='ocrx_word' id='word_1_66' title='bbox 1927 1046 2080 1103; x_wconf 86' lang='lat' dir='ltr'><strong>Hanc</strong></span> 
     </span>
    </p>
   </div>
   <div class='ocr_carea' id='block_1_12' title="bbox 504 1140 2079 1215">
    <p class='ocr_par' dir='ltr' id='par_1_12' title="bbox 504 1140 2079 1215">
     <span class='ocr_line' id='line_1_12' title="bbox 504 1140 2079 1215; baseline -0.003 -21"><span class='ocrx_word' id='word_1_67' title='bbox 504 1143 668 1212; x_wconf 81' lang='lat' dir='ltr'><strong>igitur</strong></span> <span class='ocrx_word' id='word_1_68' title='bbox 697 1145 982 1199; x_wconf 89' lang='lat' dir='ltr'><strong>utilitatem</strong></span> <span class='ocrx_word' id='word_1_69' title='bbox 1013 1160 1178 1215; x_wconf 89' lang='lat' dir='ltr'><strong>quam</strong></span> <span class='ocrx_word' id='word_1_70' title='bbox 1212 1145 1569 1215; x_wconf 84' lang='lat' dir='ltr'><strong>consequitur</strong></span> <span class='ocrx_word' id='word_1_71' title='bbox 1592 1142 1849 1211; x_wconf 77' lang='lat' dir='ltr'><strong>magister</strong></span> <span class='ocrx_word' id='word_1_72' title='bbox 1890 1140 1959 1193; x_wconf 89' lang='lat' dir='ltr'><strong>ab</strong></span> <span class='ocrx_word' id='word_1_73' title='bbox 1981 1154 2079 1192; x_wconf 86' lang='lat' dir='ltr'><strong>au-</strong></span> 
     </span>
    </p>
   </div>
   <div class='ocr_carea' id='block_1_13' title="bbox 500 1228 2078 1305">
    <p class='ocr_par' dir='ltr' id='par_1_13' title="bbox 500 1228 2078 1305">
     <span class='ocr_line' id='line_1_13' title="bbox 500 1228 2078 1305; baseline -0.001 -20"><span class='ocrx_word' id='word_1_74' title='bbox 500 1233 770 1290; x_wconf 82' lang='lat' dir='ltr'><strong>ditoribus</strong></span> <span class='ocrx_word' id='word_1_75' title='bbox 805 1236 943 1302; x_wconf 88' lang='lat' dir='ltr'><strong>suis,</strong></span> <span class='ocrx_word' id='word_1_76' title='bbox 971 1235 1018 1290; x_wconf 90' lang='lat' dir='ltr'><strong>si</strong></span> <span class='ocrx_word' id='word_1_77' title='bbox 1054 1233 1342 1305; x_wconf 82' lang='lat' dir='ltr'><strong>proﬁciant</strong></span> <span class='ocrx_word' id='word_1_78' title='bbox 1378 1233 1679 1299; x_wconf 86' lang='lat' dir='ltr'><strong>audiendo,</strong></span> <span class='ocrx_word' id='word_1_79' title='bbox 1710 1232 1839 1286; x_wconf 91' lang='lat' dir='ltr'><strong>dum</strong></span> <span class='ocrx_word' id='word_1_80' title='bbox 1868 1228 2078 1285; x_wconf 82' lang='lat' dir='ltr'><strong>fructus</strong></span> 
     </span>
    </p>
   </div>
   <div class='ocr_carea' id='block_1_14' title="bbox 500 1319 2078 1395">
    <p class='ocr_par' dir='ltr' id='par_1_14' title="bbox 500 1319 2078 1395">
     <span class='ocr_line' id='line_1_14' title="bbox 500 1319 2078 1395; baseline -0.001 -19"><span class='ocrx_word' id='word_1_81' title='bbox 500 1336 565 1377; x_wconf 78' lang='lat' dir='ltr'><strong>ex</strong></span> <span class='ocrx_word' id='word_1_82' title='bbox 604 1324 778 1379; x_wconf 89' lang='lat' dir='ltr'><strong>salute</strong></span> <span class='ocrx_word' id='word_1_83' title='bbox 810 1339 1001 1380; x_wconf 90' lang='lat' dir='ltr'><strong>eorum</strong></span> <span class='ocrx_word' id='word_1_84' title='bbox 1049 1326 1409 1395; x_wconf 87' lang='lat' dir='ltr'><strong>consequitur</strong></span> <span class='ocrx_word' id='word_1_85' title='bbox 1438 1322 1846 1395; x_wconf 86' lang='lat' dir='ltr'><strong>quodammodo</strong></span> <span class='ocrx_word' id='word_1_86' title='bbox 1875 1340 1890 1375; x_wconf 87' lang='lat'>:</span> <span class='ocrx_word' id='word_1_87' title='bbox 1930 1319 2078 1375; x_wconf 84' lang='lat' dir='ltr'><strong>Jerc-</strong></span> 
     </span>
    </p>
   </div>
   <div class='ocr_carea' id='block_1_15' title="bbox 501 1412 2078 1483">
    <p class='ocr_par' dir='ltr' id='par_1_15' title="bbox 501 1412 2078 1483">
     <span class='ocr_line' id='line_1_15' title="bbox 501 1412 2078 1483; baseline -0.004 -12"><span class='ocrx_word' id='word_1_88' title='bbox 501 1416 642 1471; x_wconf 90' lang='lat' dir='ltr'><strong>mias</strong></span> <span class='ocrx_word' id='word_1_89' title='bbox 670 1416 862 1472; x_wconf 83' lang='lat' dir='ltr'><strong>videns</strong></span> <span class='ocrx_word' id='word_1_90' title='bbox 880 1415 1162 1472; x_wconf 64' lang='lat' dir='ltr'><strong>deludmis</strong></span> <span class='ocrx_word' id='word_1_91' title='bbox 1180 1432 1288 1471; x_wconf 91' lang='lat' dir='ltr'><strong>non</strong></span> <span class='ocrx_word' id='word_1_92' title='bbox 1308 1417 1508 1472; x_wconf 82' lang='lat' dir='ltr'><strong>habere</strong></span> <span class='ocrx_word' id='word_1_93' title='bbox 1524 1431 1602 1480; x_wconf 88' lang='lat' dir='ltr'><strong>se,</strong></span> <span class='ocrx_word' id='word_1_94' title='bbox 1624 1415 1756 1470; x_wconf 88' lang='lat' dir='ltr'><strong>dicit</strong></span> <span class='ocrx_word' id='word_1_95' title='bbox 1779 1433 1792 1469; x_wconf 91' lang='lat'><strong>:</strong></span> <span class='ocrx_word' id='word_1_96' title='bbox 1820 1412 1939 1468; x_wconf 78' lang='lat' dir='ltr'><strong>Non</strong></span> <span class='ocrx_word' id='word_1_97' title='bbox 1955 1429 2078 1483; x_wconf 86' lang='lat' dir='ltr'><strong>pro-</strong></span> 
     </span>
    </p>
   </div>
   <div class='ocr_carea' id='block_1_16' title="bbox 502 1507 2076 1581">
    <p class='ocr_par' dir='ltr' id='par_1_16' title="bbox 502 1507 2076 1581">
     <span class='ocr_line' id='line_1_16' title="bbox 502 1507 2076 1581; baseline 0.001 -19"><span class='ocrx_word' id='word_1_98' title='bbox 502 1509 603 1577; x_wconf 90' lang='lat' dir='ltr'><strong>fuit</strong></span> <span class='ocrx_word' id='word_1_99' title='bbox 623 1509 787 1579; x_wconf 72' lang='lat'><strong>210</strong></span> <span class='ocrx_word' id='word_1_100' title='bbox 809 1510 938 1564; x_wconf 82' lang='lat' dir='ltr'><strong>mihi</strong></span> <span class='ocrx_word' id='word_1_101' title='bbox 968 1510 1264 1581; x_wconf 72' lang='lat' dir='ltr'><strong>quisquam.</strong></span> <span class='ocrx_word' id='word_1_102' title='bbox 1284 1507 1339 1563; x_wconf 91' lang='lat' dir='ltr'><strong>Si</strong></span> <span class='ocrx_word' id='word_1_103' title='bbox 1373 1509 1519 1564; x_wconf 89' lang='lat' dir='ltr'><strong>enim</strong></span> <span class='ocrx_word' id='word_1_104' title='bbox 1544 1510 1703 1565; x_wconf 87' lang='lat' dir='ltr'><strong>debet</strong></span> <span class='ocrx_word' id='word_1_105' title='bbox 1734 1507 2076 1563; x_wconf 82' lang='lat' dir='ltr'><strong>auditoribus</strong></span> 
     </span>
    </p>
   </div>
   <div class='ocr_carea' id='block_1_17' title="bbox 501 1600 2076 1673">
    <p class='ocr_par' dir='ltr' id='par_1_17' title="bbox 501 1600 2076 1673">
     <span class='ocr_line' id='line_1_17' title="bbox 501 1600 2076 1673; baseline -0.002 -17"><span class='ocrx_word' id='word_1_106' title='bbox 501 1602 758 1673; x_wconf 85' lang='lat' dir='ltr'><strong>prodesse</strong></span> <span class='ocrx_word' id='word_1_107' title='bbox 794 1602 939 1673; x_wconf 93' lang='lat' dir='ltr'><strong>quod</strong></span> <span class='ocrx_word' id='word_1_108' title='bbox 972 1602 1184 1671; x_wconf 89' lang='lat' dir='ltr'><strong>loquor,</strong></span> <span class='ocrx_word' id='word_1_109' title='bbox 1219 1600 1494 1657; x_wconf 84' lang='lat' dir='ltr'><strong>auditores</strong></span> <span class='ocrx_word' id='word_1_110' title='bbox 1522 1615 1652 1656; x_wconf 70' lang='lat' dir='ltr'><strong>vero</strong></span> <span class='ocrx_word' id='word_1_111' title='bbox 1674 1615 1795 1671; x_wconf 64' lang='lat' dir='ltr'><strong>qua!</strong></span> <span class='ocrx_word' id='word_1_112' title='bbox 1816 1600 2076 1656; x_wconf 85' lang='lat' dir='ltr'><strong>dicuntur</strong></span> 
     </span>
    </p>
   </div>
   <div class='ocr_carea' id='block_1_18' title="bbox 504 1690 2071 1763">
    <p class='ocr_par' dir='ltr' id='par_1_18' title="bbox 504 1690 2071 1763">
     <span class='ocr_line' id='line_1_18' title="bbox 504 1690 2071 1763; baseline 0.001 -18"><span class='ocrx_word' id='word_1_113' title='bbox 504 1692 788 1762; x_wconf 77' lang='lat' dir='ltr'><strong>abjiciunt,</strong></span> <span class='ocrx_word' id='word_1_114' title='bbox 822 1700 876 1747; x_wconf 89' lang='lat' dir='ltr'><strong>et</strong></span> <span class='ocrx_word' id='word_1_115' title='bbox 905 1707 1006 1763; x_wconf 79' lang='lat' dir='ltr'><strong>ego</strong></span> <span class='ocrx_word' id='word_1_116' title='bbox 1044 1691 1169 1747; x_wconf 90' lang='lat' dir='ltr'><strong>dico</strong></span> <span class='ocrx_word' id='word_1_117' title='bbox 1198 1710 1210 1745; x_wconf 92' lang='lat'><strong>:</strong></span> <span class='ocrx_word' id='word_1_118' title='bbox 1251 1690 1372 1745; x_wconf 86' lang='lat' dir='ltr'><strong>Non</strong></span> <span class='ocrx_word' id='word_1_119' title='bbox 1402 1692 1619 1761; x_wconf 87' lang='lat' dir='ltr'><strong>profui,</strong></span> <span class='ocrx_word' id='word_1_120' title='bbox 1671 1707 1833 1762; x_wconf 85' lang='lat' dir='ltr'><strong>neque</strong></span> <span class='ocrx_word' id='word_1_121' title='bbox 1873 1690 2071 1759; x_wconf 87' lang='lat' dir='ltr'><strong>profuit</strong></span> 
     </span>
    </p>
   </div>
   <div class='ocr_carea' id='block_1_19' title="bbox 501 1784 2072 1856">
    <p class='ocr_par' dir='ltr' id='par_1_19' title="bbox 501 1784 2072 1856">
     <span class='ocr_line' id='line_1_19' title="bbox 501 1784 2072 1856; baseline -0.001 -20"><span class='ocrx_word' id='word_1_122' title='bbox 501 1786 630 1837; x_wconf 83' lang='lat' dir='ltr'><strong>mihi</strong></span> <span class='ocrx_word' id='word_1_123' title='bbox 652 1787 963 1856; x_wconf 82' lang='lat' dir='ltr'><strong>quisquam;</strong></span> <span class='ocrx_word' id='word_1_124' title='bbox 997 1785 1127 1855; x_wconf 89' lang='lat' dir='ltr'><strong>quia</strong></span> <span class='ocrx_word' id='word_1_125' title='bbox 1157 1785 1299 1839; x_wconf 83' lang='lat' dir='ltr'><strong>hanc</strong></span> <span class='ocrx_word' id='word_1_126' title='bbox 1326 1784 1613 1839; x_wconf 85' lang='lat' dir='ltr'><strong>utilitatem</strong></span> <span class='ocrx_word' id='word_1_127' title='bbox 1647 1799 1753 1837; x_wconf 91' lang='lat' dir='ltr'><strong>non</strong></span> <span class='ocrx_word' id='word_1_128' title='bbox 1794 1798 1916 1838; x_wconf 89' lang='lat' dir='ltr'><strong>sum</strong></span> <span class='ocrx_word' id='word_1_129' title='bbox 1941 1796 2072 1837; x_wconf 81' lang='lat' dir='ltr'><strong>con-</strong></span> 
     </span>
    </p>
   </div>
   <div class='ocr_carea' id='block_1_20' title="bbox 2187 589 3761 663">
    <p class='ocr_par' dir='ltr' id='par_1_20' title="bbox 2187 589 3761 663">
     <span class='ocr_line' id='line_1_20' title="bbox 2187 589 3761 663; baseline -0.004 -14"><span class='ocrx_word' id='word_1_130' title='bbox 2187 593 2502 663; x_wconf 85' lang='grc' dir='ltr'><strong>ανθρωπίαν</strong></span> <span class='ocrx_word' id='word_1_131' title='bbox 2542 592 2636 645; x_wconf 79' lang='grc' dir='ltr'><strong>τοῦ</strong></span> <span class='ocrx_word' id='word_1_132' title='bbox 2683 590 3057 660; x_wconf 68' lang='grc' dir='ltr'><strong>ὠφεληθέντος</strong></span> <span class='ocrx_word' id='word_1_133' title='bbox 3083 590 3218 662; x_wconf 71' lang='grc' dir='ltr'><strong>πρὸς</strong></span> <span class='ocrx_word' id='word_1_134' title='bbox 3251 590 3344 643; x_wconf 76' lang='grc' dir='ltr'><strong>τὸν</strong></span> <span class='ocrx_word' id='word_1_135' title='bbox 3369 589 3761 660; x_wconf 82' lang='grc' dir='ltr'><strong>ὠφελήσαντα,</strong></span> 
     </span>
    </p>
   </div>
   <div class='ocr_carea' id='block_1_21' title="bbox 2180 679 3760 751">
    <p class='ocr_par' dir='ltr' id='par_1_21' title="bbox 2180 679 3760 751">
     <span class='ocr_line' id='line_1_21' title="bbox 2180 679 3760 751; baseline -0.001 -16"><span class='ocrx_word' id='word_1_136' title='bbox 2180 683 2320 735; x_wconf 76' lang='grc' dir='ltr'><strong>ὥστε</strong></span> <span class='ocrx_word' id='word_1_137' title='bbox 2355 682 2604 751; x_wconf 78' lang='grc' dir='ltr'><strong>γενέσθαι</strong></span> <span class='ocrx_word' id='word_1_138' title='bbox 2634 683 2714 744; x_wconf 81' lang='grc' dir='ltr'><strong>είς</strong></span> <span class='ocrx_word' id='word_1_139' title='bbox 2742 680 2804 733; x_wconf 83' lang='grc' dir='ltr'><strong>τὸ</strong></span> <span class='ocrx_word' id='word_1_140' title='bbox 2850 679 3199 751; x_wconf 79' lang='grc' dir='ltr'><strong>ὠφεληθῆναι</strong></span> <span class='ocrx_word' id='word_1_141' title='bbox 3230 682 3326 734; x_wconf 77' lang='grc' dir='ltr'><strong>καὶ</strong></span> <span class='ocrx_word' id='word_1_142' title='bbox 3364 682 3457 735; x_wconf 76' lang='grc' dir='ltr'><strong>τὸν</strong></span> <span class='ocrx_word' id='word_1_143' title='bbox 3498 680 3760 749; x_wconf 66' lang='grc' dir='ltr'><strong>λέγοντα,</strong></span> 
     </span>
    </p>
   </div>
   <div class='ocr_carea' id='block_1_22' title="bbox 2194 767 3763 841">
    <p class='ocr_par' dir='ltr' id='par_1_22' title="bbox 2194 767 3763 841">
     <span class='ocr_line' id='line_1_22' title="bbox 2194 767 3763 841; baseline 0 -17"><span class='ocrx_word' id='word_1_144' title='bbox 2194 772 2349 825; x_wconf 77' lang='grc' dir='ltr'><strong>Ἐπεὶ</strong></span> <span class='ocrx_word' id='word_1_145' title='bbox 2372 770 2663 841; x_wconf 78' lang='grc' dir='ltr'><strong>μακάριος</strong></span> <span class='ocrx_word' id='word_1_146' title='bbox 2697 774 2730 825; x_wconf 86' lang='grc' dir='ltr'><strong>ό</strong></span> <span class='ocrx_word' id='word_1_147' title='bbox 2770 770 2966 837; x_wconf 70' lang='grc' dir='ltr'><strong>λέγων</strong></span> <span class='ocrx_word' id='word_1_148' title='bbox 2992 774 3081 836; x_wconf 78' lang='grc' dir='ltr'><strong>είς</strong></span> <span class='ocrx_word' id='word_1_149' title='bbox 3103 767 3225 824; x_wconf 81' lang='grc' dir='ltr'><strong>ὦτα</strong></span> <span class='ocrx_word' id='word_1_150' title='bbox 3247 772 3613 827; x_wconf 78' lang='grc' dir='ltr'><strong>ἀκουόντων.</strong></span> <span class='ocrx_word' id='word_1_151' title='bbox 3658 769 3763 824; x_wconf 79' lang='grc' dir='ltr'><strong>οὖ-</strong></span> 
     </span>
    </p>
   </div>
   <div class='ocr_carea' id='block_1_23' title="bbox 2179 857 3764 933">
    <p class='ocr_par' dir='ltr' id='par_1_23' title="bbox 2179 857 3764 933">
     <span class='ocr_line' id='line_1_23' title="bbox 2179 857 3764 933; baseline -0.001 -18"><span class='ocrx_word' id='word_1_152' title='bbox 2179 879 2287 925; x_wconf 82' lang='grc' dir='ltr'><strong>τως</strong></span> <span class='ocrx_word' id='word_1_153' title='bbox 2312 857 2406 916; x_wconf 80' lang='grc' dir='ltr'><strong>οὖν</strong></span> <span class='ocrx_word' id='word_1_154' title='bbox 2436 860 2534 933; x_wconf 77' lang='grc' dir='ltr'><strong>τὴν</strong></span> <span class='ocrx_word' id='word_1_155' title='bbox 2562 861 2831 931; x_wconf 69' lang='grc' dir='ltr'><strong>ὠφέλειαν</strong></span> <span class='ocrx_word' id='word_1_156' title='bbox 2861 860 3165 930; x_wconf 75' lang='grc' dir='ltr'><strong>ὠφεληθείη</strong></span> <span class='ocrx_word' id='word_1_157' title='bbox 3202 860 3269 913; x_wconf 83' lang='grc' dir='ltr'><strong>ἂν</strong></span> <span class='ocrx_word' id='word_1_158' title='bbox 3303 860 3624 923; x_wconf 75' lang='grc' dir='ltr'><strong>διδάσκαλος</strong></span> <span class='ocrx_word' id='word_1_159' title='bbox 3652 859 3764 914; x_wconf 71' lang='grc' dir='ltr'><strong>ἀπὸ</strong></span> 
     </span>
    </p>
   </div>
   <div class='ocr_carea' id='block_1_24' title="bbox 2180 950 3761 1023">
    <p class='ocr_par' dir='ltr' id='par_1_24' title="bbox 2180 950 3761 1023">
     <span class='ocr_line' id='line_1_24' title="bbox 2180 950 3761 1023; baseline -0.001 -18"><span class='ocrx_word' id='word_1_160' title='bbox 2180 951 2464 1023; x_wconf 77' lang='grc' dir='ltr'><strong>ἀκροατῶν</strong></span> <span class='ocrx_word' id='word_1_161' title='bbox 2499 951 2915 1023; x_wconf 82' lang='grc' dir='ltr'><strong>προκοπτόντων</strong></span> <span class='ocrx_word' id='word_1_162' title='bbox 2955 951 3050 1005; x_wconf 70' lang='grc' dir='ltr'><strong>καὶ</strong></span> <span class='ocrx_word' id='word_1_163' title='bbox 3086 950 3510 1021; x_wconf 68' lang='grc' dir='ltr'><strong>βελτιουμένων·</strong></span> <span class='ocrx_word' id='word_1_164' title='bbox 3544 950 3761 1022; x_wconf 67' lang='grc' dir='ltr'><strong>ὠφελη-</strong></span> 
     </span>
    </p>
   </div>
   <div class='ocr_carea' id='block_1_25' title="bbox 2179 1044 3761 1117">
    <p class='ocr_par' dir='ltr' id='par_1_25' title="bbox 2179 1044 3761 1117">
     <span class='ocr_line' id='line_1_25' title="bbox 2179 1044 3761 1117; baseline -0.001 -18"><span class='ocrx_word' id='word_1_165' title='bbox 2179 1045 2298 1116; x_wconf 80' lang='grc' dir='ltr'><strong>θείη</strong></span> <span class='ocrx_word' id='word_1_166' title='bbox 2329 1044 2394 1098; x_wconf 83' lang='grc' dir='ltr'><strong>ἂν</strong></span> <span class='ocrx_word' id='word_1_167' title='bbox 2424 1045 2504 1116; x_wconf 80' lang='grc' dir='ltr'><strong>τῷ</strong></span> <span class='ocrx_word' id='word_1_168' title='bbox 2531 1044 2675 1115; x_wconf 65' lang='grc' dir='ltr'><strong>ἔχειν</strong></span> <span class='ocrx_word' id='word_1_169' title='bbox 2707 1046 2953 1117; x_wconf 76' lang='grc' dir='ltr'><strong>καρποὺς</strong></span> <span class='ocrx_word' id='word_1_170' title='bbox 2984 1047 3043 1098; x_wconf 82' lang='grc' dir='ltr'><strong>ὲν</strong></span> <span class='ocrx_word' id='word_1_171' title='bbox 3069 1045 3280 1106; x_wconf 83' lang='grc' dir='ltr'><strong>αὐτοῖς·</strong></span> <span class='ocrx_word' id='word_1_172' title='bbox 3314 1044 3363 1095; x_wconf 85' lang='grc' dir='ltr'><strong>εί</strong></span> <span class='ocrx_word' id='word_1_173' title='bbox 3396 1044 3506 1115; x_wconf 77' lang='grc' dir='ltr'><strong>γὰρ</strong></span> <span class='ocrx_word' id='word_1_174' title='bbox 3546 1044 3761 1115; x_wconf 75' lang='grc' dir='ltr'><strong>καρπὸν</strong></span> 
     </span>
    </p>
   </div>
   <div class='ocr_carea' id='block_1_26' title="bbox 2176 1133 3758 1207">
    <p class='ocr_par' dir='ltr' id='par_1_26' title="bbox 2176 1133 3758 1207">
     <span class='ocr_line' id='line_1_26' title="bbox 2176 1133 3758 1207; baseline -0.001 -17"><span class='ocrx_word' id='word_1_175' title='bbox 2176 1137 2258 1190; x_wconf 84' lang='grc' dir='ltr'><strong>δεῖ</strong></span> <span class='ocrx_word' id='word_1_176' title='bbox 2288 1137 2384 1207; x_wconf 74' lang='grc' dir='ltr'><strong>μὲν</strong></span> <span class='ocrx_word' id='word_1_177' title='bbox 2416 1136 2561 1207; x_wconf 74' lang='grc' dir='ltr'><strong>ἔχειν</strong></span> <span class='ocrx_word' id='word_1_178' title='bbox 2604 1136 2661 1188; x_wconf 75' lang='grc' dir='ltr'><strong>ὲν</strong></span> <span class='ocrx_word' id='word_1_179' title='bbox 2706 1139 2818 1199; x_wconf 89' lang='grc' dir='ltr'><strong>τοῖς</strong></span> <span class='ocrx_word' id='word_1_180' title='bbox 2863 1136 3165 1207; x_wconf 77' lang='grc' dir='ltr'><strong>ἀκροαταῖς</strong></span> <span class='ocrx_word' id='word_1_181' title='bbox 3206 1134 3298 1186; x_wconf 82' lang='grc' dir='ltr'><strong>τὸν</strong></span> <span class='ocrx_word' id='word_1_182' title='bbox 3330 1134 3578 1201; x_wconf 79' lang='grc' dir='ltr'><strong>λέγοντα,</strong></span> <span class='ocrx_word' id='word_1_183' title='bbox 3619 1137 3649 1187; x_wconf 93' lang='grc' dir='ltr'><strong>ὀ</strong></span> <span class='ocrx_word' id='word_1_184' title='bbox 3696 1133 3758 1188; x_wconf 70' lang='grc' dir='ltr'><strong>δὲ</strong></span> 
     </span>
    </p>
   </div>
   <div class='ocr_carea' id='block_1_27' title="bbox 2178 1223 3758 1299">
    <p class='ocr_par' dir='ltr' id='par_1_27' title="bbox 2178 1223 3758 1299">
     <span class='ocr_line' id='line_1_27' title="bbox 2178 1223 3758 1299; baseline -0.003 -18"><span class='ocrx_word' id='word_1_185' title='bbox 2178 1227 2526 1299; x_wconf 77' lang='grc' dir='ltr'><strong>ἀκροώμενος</strong></span> <span class='ocrx_word' id='word_1_186' title='bbox 2562 1225 2972 1297; x_wconf 85' lang='grc' dir='ltr'><strong>παρεκδέχοιτο,</strong></span> <span class='ocrx_word' id='word_1_187' title='bbox 3012 1225 3106 1279; x_wconf 79' lang='grc' dir='ltr'><strong>καὶ</strong></span> <span class='ocrx_word' id='word_1_188' title='bbox 3138 1223 3243 1291; x_wconf 67' lang='grc' dir='ltr'><strong>ἔξω</strong></span> <span class='ocrx_word' id='word_1_189' title='bbox 3282 1224 3486 1292; x_wconf 78' lang='grc' dir='ltr'><strong>γίνοιτο</strong></span> <span class='ocrx_word' id='word_1_190' title='bbox 3524 1223 3633 1277; x_wconf 82' lang='grc' dir='ltr'><strong>τῶν</strong></span> <span class='ocrx_word' id='word_1_191' title='bbox 3668 1225 3758 1278; x_wconf 80' lang='grc' dir='ltr'><strong>λι-</strong></span> 
     </span>
    </p>
   </div>
   <div class='ocr_carea' id='block_1_28' title="bbox 2176 1310 3753 1389">
    <p class='ocr_par' dir='ltr' id='par_1_28' title="bbox 2176 1310 3753 1389">
     <span class='ocr_line' id='line_1_28' title="bbox 2176 1310 3753 1389; baseline -0.003 -17"><span class='ocrx_word' id='word_1_192' title='bbox 2176 1319 2441 1389; x_wconf 82' lang='grc' dir='ltr'><strong>γομένων,</strong></span> <span class='ocrx_word' id='word_1_193' title='bbox 2484 1318 2700 1386; x_wconf 82' lang='grc' dir='ltr'><strong>λέγεται</strong></span> <span class='ocrx_word' id='word_1_194' title='bbox 2748 1317 2838 1371; x_wconf 66' lang='grc' dir='ltr'><strong>τό*</strong></span> <span class='ocrx_word' id='word_1_195' title='bbox 2868 1319 2988 1370; x_wconf 78' lang='grc' dir='ltr'><strong>Οὐκ</strong></span> <span class='ocrx_word' id='word_1_196' title='bbox 3032 1315 3311 1385; x_wconf 70' lang='grc' dir='ltr'><strong>ὠφέλησέ</strong></span> <span class='ocrx_word' id='word_1_197' title='bbox 3353 1332 3431 1385; x_wconf 75' lang='grc' dir='ltr'><strong>με</strong></span> <span class='ocrx_word' id='word_1_198' title='bbox 3466 1314 3607 1368; x_wconf 78' lang='grc' dir='ltr'><strong>οὐδὲ</strong></span> <span class='ocrx_word' id='word_1_199' title='bbox 3640 1310 3753 1381; x_wconf 79' lang='grc' dir='ltr'><strong>εἷς·</strong></span> 
     </span>
    </p>
   </div>
   <div class='ocr_carea' id='block_1_29' title="bbox 2177 1406 3756 1481">
    <p class='ocr_par' dir='ltr' id='par_1_29' title="bbox 2177 1406 3756 1481">
     <span class='ocr_line' id='line_1_29' title="bbox 2177 1406 3756 1481; baseline -0.003 -18"><span class='ocrx_word' id='word_1_200' title='bbox 2177 1410 2300 1463; x_wconf 74' lang='grc' dir='ltr'><strong>ἐπεὶ</strong></span> <span class='ocrx_word' id='word_1_201' title='bbox 2365 1410 2440 1481; x_wconf 78' lang='grc' dir='ltr'><strong>μὴ</strong></span> <span class='ocrx_word' id='word_1_202' title='bbox 2510 1409 2786 1479; x_wconf 77' lang='grc' dir='ltr'><strong>ὠφέληται</strong></span> <span class='ocrx_word' id='word_1_203' title='bbox 2862 1408 3067 1478; x_wconf 80' lang='grc' dir='ltr'><strong>ταύτην</strong></span> <span class='ocrx_word' id='word_1_204' title='bbox 3132 1408 3231 1478; x_wconf 81' lang='grc' dir='ltr'><strong>τὴν</strong></span> <span class='ocrx_word' id='word_1_205' title='bbox 3295 1406 3562 1474; x_wconf 71' lang='grc' dir='ltr'><strong>ὠφέλειαν</strong></span> <span class='ocrx_word' id='word_1_206' title='bbox 3587 1447 3603 1471; x_wconf 90' lang='grc'><strong>,</strong></span> <span class='ocrx_word' id='word_1_207' title='bbox 3687 1407 3756 1478; x_wconf 83' lang='grc' dir='ltr'><strong>ήν</strong></span> 
     </span>
    </p>
   </div>
   <div class='ocr_carea' id='block_1_30' title="bbox 2174 1496 3754 1571">
    <p class='ocr_par' dir='ltr' id='par_1_30' title="bbox 2174 1496 3754 1571">
     <span class='ocr_line' id='line_1_30' title="bbox 2174 1496 3754 1571; baseline -0.004 -18"><span class='ocrx_word' id='word_1_208' title='bbox 2174 1500 2429 1571; x_wconf 78' lang='grc' dir='ltr'><strong>ὠφελήθη</strong></span> <span class='ocrx_word' id='word_1_209' title='bbox 2499 1498 2565 1552; x_wconf 74' lang='grc' dir='ltr'><strong>ἂν</strong></span> <span class='ocrx_word' id='word_1_210' title='bbox 2612 1501 2677 1553; x_wconf 80' lang='grc' dir='ltr'><strong>ἐκ</strong></span> <span class='ocrx_word' id='word_1_211' title='bbox 2735 1497 2830 1552; x_wconf 85' lang='grc' dir='ltr'><strong>τοῦ</strong></span> <span class='ocrx_word' id='word_1_212' title='bbox 2896 1498 2988 1551; x_wconf 76' lang='grc' dir='ltr'><strong>τὸν</strong></span> <span class='ocrx_word' id='word_1_213' title='bbox 3041 1497 3317 1570; x_wconf 79' lang='grc' dir='ltr'><strong>ἀκροατήν</strong></span> <span class='ocrx_word' id='word_1_214' title='bbox 3371 1496 3754 1569; x_wconf 69' lang='grc' dir='ltr'><strong>ὠφεληθέντα.</strong></span> 
     </span>
    </p>
   </div>
   <div class='ocr_carea' id='block_1_31' title="bbox 2176 1589 3756 1661">
    <p class='ocr_par' dir='ltr' id='par_1_31' title="bbox 2176 1589 3756 1661">
     <span class='ocr_line' id='line_1_31' title="bbox 2176 1589 3756 1661; baseline 0.001 -17"><span class='ocrx_word' id='word_1_215' title='bbox 2176 1593 2346 1645; x_wconf 84' lang='grc' dir='ltr'><strong>αῖτιον</strong></span> <span class='ocrx_word' id='word_1_216' title='bbox 2379 1591 2660 1661; x_wconf 78' lang='grc' dir='ltr'><strong>προκοπῆς</strong></span> <span class='ocrx_word' id='word_1_217' title='bbox 2688 1589 2780 1644; x_wconf 79' lang='grc' dir='ltr'><strong>καὶ</strong></span> <span class='ocrx_word' id='word_1_218' title='bbox 2805 1589 3206 1661; x_wconf 72' lang='grc' dir='ltr'><strong>μακαριότητος</strong></span> <span class='ocrx_word' id='word_1_219' title='bbox 3227 1589 3478 1659; x_wconf 69' lang='grc' dir='ltr'><strong>γενέσθαι</strong></span> <span class='ocrx_word' id='word_1_220' title='bbox 3499 1591 3578 1661; x_wconf 82' lang='grc' dir='ltr'><strong>τῷ</strong></span> <span class='ocrx_word' id='word_1_221' title='bbox 3609 1590 3756 1659; x_wconf 74' lang='grc' dir='ltr'><strong>ὠφε-</strong></span> 
     </span>
    </p>
   </div>
   <div class='ocr_carea' id='block_1_32' title="bbox 2175 1678 3755 1752">
    <p class='ocr_par' dir='ltr' id='par_1_32' title="bbox 2175 1678 3755 1752">
     <span class='ocr_line' id='line_1_32' title="bbox 2175 1678 3755 1752; baseline 0.002 -20"><span class='ocrx_word' id='word_1_222' title='bbox 2175 1679 2419 1752; x_wconf 67' lang='grc' dir='ltr'><strong>λήσαντι.</strong></span> <span class='ocrx_word' id='word_1_223' title='bbox 2460 1681 2569 1734; x_wconf 72' lang='grc' dir='ltr'><strong>Καὶ</strong></span> <span class='ocrx_word' id='word_1_224' title='bbox 2598 1678 2773 1742; x_wconf 77' lang='grc' dir='ltr'><strong>ἄλλως</strong></span> <span class='ocrx_word' id='word_1_225' title='bbox 2800 1678 2878 1743; x_wconf 76' lang='grc' dir='ltr'><strong>δὲ,</strong></span> <span class='ocrx_word' id='word_1_226' title='bbox 2928 1680 3038 1742; x_wconf 77' lang='grc' dir='ltr'><strong>πᾶς</strong></span> <span class='ocrx_word' id='word_1_227' title='bbox 3073 1681 3104 1733; x_wconf 88' lang='grc' dir='ltr'><strong>ὀ</strong></span> <span class='ocrx_word' id='word_1_228' title='bbox 3131 1680 3433 1744; x_wconf 75' lang='grc' dir='ltr'><strong>διδάσκων,</strong></span> <span class='ocrx_word' id='word_1_229' title='bbox 3468 1680 3589 1734; x_wconf 86' lang='grc' dir='ltr'><strong>κατ’</strong></span> <span class='ocrx_word' id='word_1_230' title='bbox 3622 1681 3755 1735; x_wconf 80' lang='grc' dir='ltr'><strong>αὐτὸ</strong></span> 
     </span>
    </p>
   </div>
   <div class='ocr_carea' id='block_1_33' title="bbox 2173 1771 3751 1845">
    <p class='ocr_par' dir='ltr' id='par_1_33' title="bbox 2173 1771 3751 1845">
     <span class='ocr_line' id='line_1_33' title="bbox 2173 1771 3751 1845; baseline 0.002 -21"><span class='ocrx_word' id='word_1_231' title='bbox 2173 1771 2235 1824; x_wconf 80' lang='grc' dir='ltr'><strong>τὸ</strong></span> <span class='ocrx_word' id='word_1_232' title='bbox 2273 1771 2561 1835; x_wconf 78' lang='grc' dir='ltr'><strong>διδάσκειν,</strong></span> <span class='ocrx_word' id='word_1_233' title='bbox 2606 1773 2715 1844; x_wconf 76' lang='grc' dir='ltr'><strong>ὅσῳ</strong></span> <span class='ocrx_word' id='word_1_234' title='bbox 2758 1773 3122 1845; x_wconf 73' lang='grc' dir='ltr'><strong>συνετώτερὸς</strong></span> <span class='ocrx_word' id='word_1_235' title='bbox 3164 1775 3312 1828; x_wconf 61' lang='grc' dir='ltr'><strong>ἔστιν</strong></span> <span class='ocrx_word' id='word_1_236' title='bbox 3360 1773 3389 1825; x_wconf 88' lang='grc' dir='ltr'><strong>ὀ</strong></span> <span class='ocrx_word' id='word_1_237' title='bbox 3431 1772 3751 1843; x_wconf 76' lang='grc' dir='ltr'><strong>μανθάνων,</strong></span> 
     </span>
    </p>
   </div>
   <div class='ocr_carea' id='block_1_34' title="bbox 498 1863 2066 1947">
    <p class='ocr_par' dir='ltr' id='par_1_34' title="bbox 498 1872 2059 1947">
     <span class='ocr_line' id='line_1_34' title="bbox 498 1872 2059 1947; baseline -0.003 -16"><span class='ocrx_word' id='word_1_238' title='bbox 498 1886 741 1941; x_wconf 90' lang='lat' dir='ltr'><strong>secutus,</strong></span> <span class='ocrx_word' id='word_1_239' title='bbox 774 1892 939 1947; x_wconf 90' lang='lat' dir='ltr'><strong>quam</strong></span> <span class='ocrx_word' id='word_1_240' title='bbox 985 1876 1341 1946; x_wconf 83' lang='lat' dir='ltr'><strong>consequitur</strong></span> <span class='ocrx_word' id='word_1_241' title='bbox 1384 1876 1429 1930; x_wconf 55' lang='lat' dir='ltr'><strong>is</strong></span> <span class='ocrx_word' id='word_1_242' title='bbox 1459 1876 1552 1946; x_wconf 91' lang='lat' dir='ltr'><strong>qui</strong></span> <span class='ocrx_word' id='word_1_243' title='bbox 1584 1874 1770 1929; x_wconf 84' lang='lat' dir='ltr'><strong>beatus</strong></span> <span class='ocrx_word' id='word_1_244' title='bbox 1798 1872 2059 1937; x_wconf 71' lang='lat' dir='ltr'><strong>efﬁcitur,</strong></span> 
     </span>
    </p>
   </div>
   <div class='ocr_carea' id='block_1_35' title="bbox 2170 1863 3756 1947">
    <p class='ocr_par' dir='ltr' id='par_1_35' title="bbox 2170 1863 3756 1938">
     <span class='ocr_line' id='line_1_35' title="bbox 2170 1863 3756 1938; baseline 0.003 -22"><span class='ocrx_word' id='word_1_245' title='bbox 2170 1863 2453 1933; x_wconf 69' lang='grc' dir='ltr'><strong>ὠφελεῖται</strong></span> <span class='ocrx_word' id='word_1_246' title='bbox 2484 1865 2618 1929; x_wconf 80' lang='grc' dir='ltr'><strong>εἱςᾶ</strong></span> <span class='ocrx_word' id='word_1_247' title='bbox 2642 1864 2900 1930; x_wconf 76' lang='grc' dir='ltr'><strong>διδάσκει,</strong></span> <span class='ocrx_word' id='word_1_248' title='bbox 2922 1868 3003 1929; x_wconf 86' lang='grc' dir='ltr'><strong>είς</strong></span> <span class='ocrx_word' id='word_1_249' title='bbox 3034 1865 3070 1919; x_wconf 75' lang='grc' dir='ltr'>ἃ</span> <span class='ocrx_word' id='word_1_250' title='bbox 3105 1864 3380 1937; x_wconf 75' lang='grc' dir='ltr'><strong>μανθάνει.</strong></span> <span class='ocrx_word' id='word_1_251' title='bbox 3426 1866 3536 1920; x_wconf 82' lang='grc' dir='ltr'><strong>Καὶ</strong></span> <span class='ocrx_word' id='word_1_252' title='bbox 3573 1865 3756 1938; x_wconf 70' lang='grc' dir='ltr'><strong>κρείτ-</strong></span> 
     </span>
    </p>
   </div>
   <div class='ocr_carea' id='block_1_36' title="bbox 495 1966 2070 2038">
    <p class='ocr_par' dir='ltr' id='par_1_36' title="bbox 495 1966 2070 2038">
     <span class='ocr_line' id='line_1_36' title="bbox 495 1966 2070 2038; baseline 0 -16"><span class='ocrx_word' id='word_1_253' title='bbox 495 1970 625 2024; x_wconf 85' lang='lat' dir='ltr'><strong>dum</strong></span> <span class='ocrx_word' id='word_1_254' title='bbox 657 1970 710 2024; x_wconf 94' lang='lat' dir='ltr'><strong>in</strong></span> <span class='ocrx_word' id='word_1_255' title='bbox 743 1985 905 2024; x_wconf 73' lang='lat' dir='ltr'><strong>aures</strong></span> <span class='ocrx_word' id='word_1_256' title='bbox 932 1969 1175 2038; x_wconf 87' lang='lat' dir='ltr'><strong>loquitur</strong></span> <span class='ocrx_word' id='word_1_257' title='bbox 1204 1969 1563 2023; x_wconf 88' lang='lat' dir='ltr'><strong>audientium.</strong></span> <span class='ocrx_word' id='word_1_258' title='bbox 1597 1966 1783 2023; x_wconf 87' lang='lat' dir='ltr'><strong>Potest</strong></span> <span class='ocrx_word' id='word_1_259' title='bbox 1807 1975 1987 2021; x_wconf 88' lang='lat' dir='ltr'><strong>autem</strong></span> <span class='ocrx_word' id='word_1_260' title='bbox 2016 1976 2070 2022; x_wconf 89' lang='lat' dir='ltr'><strong>ct</strong></span> 
     </span>
    </p>
   </div>
   <div class='ocr_carea' id='block_1_37' title="bbox 494 2057 2069 2131">
    <p class='ocr_par' dir='ltr' id='par_1_37' title="bbox 494 2057 2069 2131">
     <span class='ocr_line' id='line_1_37' title="bbox 494 2057 2069 2131; baseline -0.003 -17"><span class='ocrx_word' id='word_1_261' title='bbox 494 2062 652 2115; x_wconf 67' lang='lat' dir='ltr'><strong>aliter</strong></span> <span class='ocrx_word' id='word_1_262' title='bbox 679 2060 926 2131; x_wconf 77' lang='lat' dir='ltr'><strong>intelligi.</strong></span> <span class='ocrx_word' id='word_1_263' title='bbox 957 2057 1282 2129; x_wconf 85' lang='lat' dir='ltr'><strong>Quicunque</strong></span> <span class='ocrx_word' id='word_1_264' title='bbox 1315 2058 1603 2128; x_wconf 82' lang='lat' dir='ltr'><strong>discipulis</strong></span> <span class='ocrx_word' id='word_1_265' title='bbox 1641 2058 1921 2128; x_wconf 67' lang='lat' dir='ltr'><strong>pracipit,</strong></span> <span class='ocrx_word' id='word_1_266' title='bbox 1967 2057 2069 2112; x_wconf 89' lang='lat' dir='ltr'><strong>iste</strong></span> 
     </span>
    </p>
   </div>
   <div class='ocr_carea' id='block_1_38' title="bbox 495 2147 2065 2221">
    <p class='ocr_par' dir='ltr' id='par_1_38' title="bbox 495 2147 2065 2221">
     <span class='ocr_line' id='line_1_38' title="bbox 495 2147 2065 2221; baseline -0.003 -16"><span class='ocrx_word' id='word_1_267' title='bbox 495 2150 541 2205; x_wconf 91' lang='lat' dir='ltr'><strong>si</strong></span> <span class='ocrx_word' id='word_1_268' title='bbox 577 2150 890 2221; x_wconf 77' lang='lat' dir='ltr'><strong>ingeniosos</strong></span> <span class='ocrx_word' id='word_1_269' title='bbox 919 2157 973 2204; x_wconf 92' lang='lat' dir='ltr'><strong>et</strong></span> <span class='ocrx_word' id='word_1_270' title='bbox 1008 2148 1280 2204; x_wconf 88' lang='lat' dir='ltr'><strong>audientis</strong></span> <span class='ocrx_word' id='word_1_271' title='bbox 1309 2158 1517 2204; x_wconf 64' lang='lat' dir='ltr'><strong>natura</strong></span> <span class='ocrx_word' id='word_1_272' title='bbox 1546 2147 1743 2203; x_wconf 83' lang='lat' dir='ltr'><strong>habeat</strong></span> <span class='ocrx_word' id='word_1_273' title='bbox 1766 2148 2065 2210; x_wconf 87' lang='lat' dir='ltr'><strong>auditores,</strong></span> 
     </span>
    </p>
   </div>
   <div class='ocr_carea' id='block_1_39' title="bbox 495 2238 2068 2313">
    <p class='ocr_par' dir='ltr' id='par_1_39' title="bbox 495 2238 2068 2313">
     <span class='ocr_line' id='line_1_39' title="bbox 495 2238 2068 2313; baseline -0.004 -17"><span class='ocrx_word' id='word_1_274' title='bbox 495 2250 702 2312; x_wconf 88' lang='lat' dir='ltr'><strong>quanto</strong></span> <span class='ocrx_word' id='word_1_275' title='bbox 731 2239 851 2312; x_wconf 86' lang='lat' dir='ltr'><strong>plus</strong></span> <span class='ocrx_word' id='word_1_276' title='bbox 873 2241 1135 2313; x_wconf 65' lang='lat' dir='ltr'><strong>praecipit,</strong></span> <span class='ocrx_word' id='word_1_277' title='bbox 1170 2250 1321 2296; x_wconf 90' lang='lat' dir='ltr'><strong>tanto</strong></span> <span class='ocrx_word' id='word_1_278' title='bbox 1346 2241 1470 2311; x_wconf 87' lang='lat' dir='ltr'><strong>plus</strong></span> <span class='ocrx_word' id='word_1_279' title='bbox 1494 2240 1731 2311; x_wconf 86' lang='lat' dir='ltr'><strong>prolicit,</strong></span> <span class='ocrx_word' id='word_1_280' title='bbox 1769 2239 1876 2294; x_wconf 88' lang='lat' dir='ltr'><strong>illis</strong></span> <span class='ocrx_word' id='word_1_281' title='bbox 1899 2238 2068 2292; x_wconf 82' lang='lat' dir='ltr'><strong>inter-</strong></span> 
     </span>
    </p>
   </div>
   <div class='ocr_carea' id='block_1_40' title="bbox 495 2330 2061 2401">
    <p class='ocr_par' dir='ltr' id='par_1_40' title="bbox 495 2330 2061 2401">
     <span class='ocr_line' id='line_1_40' title="bbox 495 2330 2061 2401; baseline -0.001 -16"><span class='ocrx_word' id='word_1_282' title='bbox 495 2331 831 2401; x_wconf 78' lang='lat' dir='ltr'><strong>rogantibus,</strong></span> <span class='ocrx_word' id='word_1_283' title='bbox 859 2331 1003 2387; x_wconf 88' lang='lat' dir='ltr'><strong>etde</strong></span> <span class='ocrx_word' id='word_1_284' title='bbox 1034 2346 1099 2387; x_wconf 88' lang='lat' dir='ltr'><strong>eo</strong></span> <span class='ocrx_word' id='word_1_285' title='bbox 1142 2331 1287 2400; x_wconf 84' lang='lat' dir='ltr'><strong>quod</strong></span> <span class='ocrx_word' id='word_1_286' title='bbox 1321 2331 1454 2386; x_wconf 90' lang='lat' dir='ltr'><strong>dicit</strong></span> <span class='ocrx_word' id='word_1_287' title='bbox 1482 2344 1626 2400; x_wconf 64' lang='lat' dir='ltr'><strong>saape</strong></span> <span class='ocrx_word' id='word_1_288' title='bbox 1660 2330 2061 2401; x_wconf 68' lang='lat' dir='ltr'><strong>quaerentibus,</strong></span> 
     </span>
    </p>
   </div>
   <div class='ocr_carea' id='block_1_41' title="bbox 2165 1955 3752 2029">
    <p class='ocr_par' dir='ltr' id='par_1_41' title="bbox 2165 1955 3752 2029">
     <span class='ocr_line' id='line_1_41' title="bbox 2165 1955 3752 2029; baseline 0.001 -20"><span class='ocrx_word' id='word_1_289' title='bbox 2165 1972 2289 2020; x_wconf 87' lang='grc' dir='ltr'><strong>τους</strong></span> <span class='ocrx_word' id='word_1_290' title='bbox 2305 1955 2541 2024; x_wconf 84' lang='grc' dir='ltr'><strong>γίνονται</strong></span> <span class='ocrx_word' id='word_1_291' title='bbox 2568 1957 2694 2027; x_wconf 69' lang='grc' dir='ltr'><strong>περὶ</strong></span> <span class='ocrx_word' id='word_1_292' title='bbox 2714 1955 2750 2010; x_wconf 71' lang='grc' dir='ltr'>ἃ</span> <span class='ocrx_word' id='word_1_293' title='bbox 2777 1956 3131 2029; x_wconf 86' lang='grc' dir='ltr'><strong>παραδιδόασι</strong></span> <span class='ocrx_word' id='word_1_294' title='bbox 3163 1956 3461 2028; x_wconf 81' lang='grc' dir='ltr'><strong>μαθήματα</strong></span> <span class='ocrx_word' id='word_1_295' title='bbox 3489 1959 3539 2009; x_wconf 76' lang='lat' dir='ltr'><strong>oi</strong></span> <span class='ocrx_word' id='word_1_296' title='bbox 3564 1956 3752 2025; x_wconf 65' lang='grc' dir='ltr'><strong>λέγον-</strong></span> 
     </span>
    </p>
   </div>
   <div class='ocr_carea' id='block_1_42' title="bbox 2165 2047 3754 2119">
    <p class='ocr_par' dir='ltr' id='par_1_42' title="bbox 2165 2047 3754 2119">
     <span class='ocr_line' id='line_1_42' title="bbox 2165 2047 3754 2119; baseline 0.001 -19"><span class='ocrx_word' id='word_1_297' title='bbox 2165 2063 2277 2111; x_wconf 81' lang='grc' dir='ltr'><strong>τες,</strong></span> <span class='ocrx_word' id='word_1_298' title='bbox 2326 2048 2413 2101; x_wconf 81' lang='grc' dir='ltr'><strong>ὅτε</strong></span> <span class='ocrx_word' id='word_1_299' title='bbox 2442 2048 2651 2100; x_wconf 78' lang='grc' dir='ltr'><strong>συνετοὶ</strong></span> <span class='ocrx_word' id='word_1_300' title='bbox 2685 2047 2838 2111; x_wconf 79' lang='grc' dir='ltr'><strong>ὀντες</strong></span> <span class='ocrx_word' id='word_1_301' title='bbox 2873 2049 2922 2102; x_wconf 87' lang='grc' dir='ltr'><strong>οί</strong></span> <span class='ocrx_word' id='word_1_302' title='bbox 2971 2047 3257 2119; x_wconf 81' lang='grc' dir='ltr'><strong>ἀκροαταὶ,</strong></span> <span class='ocrx_word' id='word_1_303' title='bbox 3288 2048 3384 2100; x_wconf 75' lang='grc' dir='ltr'><strong>καὶ</strong></span> <span class='ocrx_word' id='word_1_304' title='bbox 3412 2048 3512 2118; x_wconf 79' lang='grc' dir='ltr'><strong>οὐχ</strong></span> <span class='ocrx_word' id='word_1_305' title='bbox 3542 2048 3754 2114; x_wconf 75' lang='grc' dir='ltr'><strong>ἁπαξα-</strong></span> 
     </span>
    </p>
   </div>
   <div class='ocr_carea' id='block_1_43' title="bbox 2165 2135 3756 2210">
    <p class='ocr_par' dir='ltr' id='par_1_43' title="bbox 2165 2135 3756 2210">
     <span class='ocr_line' id='line_1_43' title="bbox 2165 2135 3756 2210; baseline 0 -20"><span class='ocrx_word' id='word_1_306' title='bbox 2165 2137 2313 2202; x_wconf 84' lang='grc' dir='ltr'><strong>πλῶς</strong></span> <span class='ocrx_word' id='word_1_307' title='bbox 2342 2137 2764 2209; x_wconf 78' lang='grc' dir='ltr'><strong>παραδέχονται,</strong></span> <span class='ocrx_word' id='word_1_308' title='bbox 2791 2137 2927 2192; x_wconf 77' lang='grc' dir='ltr'><strong>ἀλλὰ</strong></span> <span class='ocrx_word' id='word_1_309' title='bbox 2954 2135 3446 2204; x_wconf 73' lang='grc' dir='ltr'><strong>ἀντιϐασανίζουσι,</strong></span> <span class='ocrx_word' id='word_1_310' title='bbox 3479 2138 3575 2192; x_wconf 68' lang='grc' dir='ltr'><strong>καὶ</strong></span> <span class='ocrx_word' id='word_1_311' title='bbox 3615 2139 3756 2210; x_wconf 66' lang='grc' dir='ltr'><strong>ὀρω-</strong></span> 
     </span>
    </p>
   </div>
   <div class='ocr_carea' id='block_1_44' title="bbox 2164 2223 3746 2302">
    <p class='ocr_par' dir='ltr' id='par_1_44' title="bbox 2164 2223 3746 2302">
     <span class='ocr_line' id='line_1_44' title="bbox 2164 2223 3746 2302; baseline 0 -18"><span class='ocrx_word' id='word_1_312' title='bbox 2164 2232 2318 2294; x_wconf 85' lang='grc' dir='ltr'><strong>τῶσι.</strong></span> <span class='ocrx_word' id='word_1_313' title='bbox 2369 2232 2462 2286; x_wconf 73' lang='grc' dir='ltr'><strong>καὶ</strong></span> <span class='ocrx_word' id='word_1_314' title='bbox 2506 2230 2818 2296; x_wconf 72' lang='grc' dir='ltr'><strong>ἐξετάζουσι</strong></span> <span class='ocrx_word' id='word_1_315' title='bbox 2868 2230 2930 2284; x_wconf 84' lang='grc' dir='ltr'><strong>τὸ</strong></span> <span class='ocrx_word' id='word_1_316' title='bbox 2984 2229 3228 2302; x_wconf 80' lang='grc' dir='ltr'><strong>βούλημα</strong></span> <span class='ocrx_word' id='word_1_317' title='bbox 3268 2223 3377 2284; x_wconf 81' lang='grc' dir='ltr'><strong>τῶν</strong></span> <span class='ocrx_word' id='word_1_318' title='bbox 3421 2230 3746 2301; x_wconf 75' lang='grc' dir='ltr'><strong>λεγομένων.</strong></span> 
     </span>
    </p>
   </div>
   <div class='ocr_carea' id='block_1_45' title="bbox 2167 2318 3653 2393">
    <p class='ocr_par' dir='ltr' id='par_1_45' title="bbox 2167 2318 3653 2393">
     <span class='ocr_line' id='line_1_45' title="bbox 2167 2318 3653 2393; baseline -0.001 -15"><span class='ocrx_word' id='word_1_319' title='bbox 2167 2324 2303 2378; x_wconf 78' lang='grc' dir='ltr'><strong>οὔτ’</strong></span> <span class='ocrx_word' id='word_1_320' title='bbox 2336 2320 2432 2378; x_wconf 79' lang='grc' dir='ltr'><strong>οὖν</strong></span> <span class='ocrx_word' id='word_1_321' title='bbox 2466 2322 2782 2393; x_wconf 68' lang='grc' dir='ltr'><strong>ὠφέλησα,</strong></span> <span class='ocrx_word' id='word_1_322' title='bbox 2818 2323 2956 2377; x_wconf 79' lang='grc' dir='ltr'><strong>οὔτε</strong></span> <span class='ocrx_word' id='word_1_323' title='bbox 2983 2321 3263 2391; x_wconf 58' lang='grc' dir='ltr'><strong>ὠφέλησέ</strong></span> <span class='ocrx_word' id='word_1_324' title='bbox 3285 2339 3360 2393; x_wconf 81' lang='grc' dir='ltr'><strong>με</strong></span> <span class='ocrx_word' id='word_1_325' title='bbox 3385 2322 3527 2377; x_wconf 82' lang='grc' dir='ltr'><strong>οὐδὲ</strong></span> <span class='ocrx_word' id='word_1_326' title='bbox 3545 2318 3653 2390; x_wconf 76' lang='grc' dir='ltr'><strong>εἷς.</strong></span> 
     </span>
    </p>
   </div>
   <div class='ocr_carea' id='block_1_46' title="bbox 495 2412 3752 2493">
    <p class='ocr_par' dir='ltr' id='par_1_46' title="bbox 495 2412 3752 2493">
     <span class='ocr_line' id='line_1_46' title="bbox 495 2412 3752 2493; baseline -0.002 -17"><span class='ocrx_word' id='word_1_327' title='bbox 495 2423 586 2493; x_wconf 89' lang='lat' dir='ltr'><strong>qui</strong></span> <span class='ocrx_word' id='word_1_328' title='bbox 613 2423 684 2478; x_wconf 92' lang='lat' dir='ltr'><strong>sit</strong></span> <span class='ocrx_word' id='word_1_329' title='bbox 718 2438 913 2479; x_wconf 84' lang='lat' dir='ltr'><strong>sensus</strong></span> <span class='ocrx_word' id='word_1_330' title='bbox 957 2424 1011 2478; x_wconf 88' lang='lat' dir='ltr'><strong>in</strong></span> <span class='ocrx_word' id='word_1_331' title='bbox 1061 2422 1227 2487; x_wconf 91' lang='lat' dir='ltr'><strong>dicto,</strong></span> <span class='ocrx_word' id='word_1_332' title='bbox 1295 2422 1387 2493; x_wconf 88' lang='lat' dir='ltr'><strong>qui</strong></span> <span class='ocrx_word' id='word_1_333' title='bbox 1443 2422 1599 2487; x_wconf 87' lang='lat' dir='ltr'><strong>ordo,</strong></span> <span class='ocrx_word' id='word_1_334' title='bbox 1646 2437 1769 2491; x_wconf 72' lang='lat' dir='ltr'><strong>qua:</strong></span> <span class='ocrx_word' id='word_1_335' title='bbox 1830 2420 2017 2491; x_wconf 86' lang='lat' dir='ltr'><strong>scripti</strong></span> <span class='ocrx_word' id='word_1_336' title='bbox 2055 2418 2331 2474; x_wconf 73' lang='lat' dir='ltr'><strong>voluntas.</strong></span> <span class='ocrx_word' id='word_1_337' title='bbox 2406 2412 2561 2470; x_wconf 85' lang='lat' dir='ltr'><strong>Unde</strong></span> <span class='ocrx_word' id='word_1_338' title='bbox 2603 2414 2912 2470; x_wconf 88' lang='lat' dir='ltr'><strong>econtrario</strong></span> <span class='ocrx_word' id='word_1_339' title='bbox 2956 2415 3033 2469; x_wconf 90' lang='lat' dir='ltr'><strong>ait</strong></span> <span class='ocrx_word' id='word_1_340' title='bbox 3079 2433 3094 2469; x_wconf 89' lang='lat'><strong>:</strong></span> <span class='ocrx_word' id='word_1_341' title='bbox 3150 2412 3271 2468; x_wconf 81' lang='lat' dir='ltr'><strong>Non</strong></span> <span class='ocrx_word' id='word_1_342' title='bbox 3329 2414 3532 2483; x_wconf 79' lang='lat' dir='ltr'><strong>nrofui,</strong></span> <span class='ocrx_word' id='word_1_343' title='bbox 3588 2430 3752 2485; x_wconf 76' lang='lat' dir='ltr'><strong>neque</strong></span> 
     </span>
    </p>
   </div>
   <div class='ocr_carea' id='block_1_47' title="bbox 491 2518 1166 2590">
    <p class='ocr_par' dir='ltr' id='par_1_47' title="bbox 491 2518 1166 2590">
     <span class='ocr_line' id='line_1_47' title="bbox 491 2518 1166 2590; baseline 0 -19"><span class='ocrx_word' id='word_1_344' title='bbox 491 2518 690 2589; x_wconf 57' lang='lat' dir='ltr'><strong>profuit</strong></span> <span class='ocrx_word' id='word_1_345' title='bbox 720 2518 845 2573; x_wconf 87' lang='lat' dir='ltr'><strong>mihi</strong></span> <span class='ocrx_word' id='word_1_346' title='bbox 867 2519 1166 2590; x_wconf 75' lang='lat' dir='ltr'><strong>quisquam.</strong></span> 
     </span>
    </p>
   </div>
   <div class='ocr_carea' id='block_1_48' title="bbox 561 2610 2059 2683">
    <p class='ocr_par' dir='ltr' id='par_1_48' title="bbox 561 2610 2059 2683">
     <span class='ocr_line' id='line_1_48' title="bbox 561 2610 2059 2683; baseline -0.001 -18"><span class='ocrx_word' id='word_1_347' title='bbox 561 2613 613 2667; x_wconf 84' lang='grc'><strong>4.</strong></span> <span class='ocrx_word' id='word_1_348' title='bbox 646 2610 781 2679; x_wconf 90' lang='lat' dir='ltr'><strong>Quia</strong></span> <span class='ocrx_word' id='word_1_349' title='bbox 806 2623 985 2668; x_wconf 89' lang='lat' dir='ltr'><strong>autem</strong></span> <span class='ocrx_word' id='word_1_350' title='bbox 1011 2620 1066 2668; x_wconf 83' lang='lat' dir='ltr'><strong>et</strong></span> <span class='ocrx_word' id='word_1_351' title='bbox 1093 2612 1199 2667; x_wconf 88' lang='lat' dir='ltr'><strong>alia</strong></span> <span class='ocrx_word' id='word_1_352' title='bbox 1228 2612 1383 2669; x_wconf 87' lang='lat' dir='ltr'><strong>nobis</strong></span> <span class='ocrx_word' id='word_1_353' title='bbox 1414 2612 1685 2683; x_wconf 78' lang='lat' dir='ltr'><strong>expositio</strong></span> <span class='ocrx_word' id='word_1_354' title='bbox 1715 2611 1933 2667; x_wconf 85' lang='lat' dir='ltr'><strong>residua</strong></span> <span class='ocrx_word' id='word_1_355' title='bbox 1955 2623 2059 2678; x_wconf 82' lang='lat' dir='ltr'><strong>est,</strong></span> 
     </span>
    </p>
   </div>
   <div class='ocr_carea' id='block_1_49' title="bbox 489 2700 2058 2771">
    <p class='ocr_par' dir='ltr' id='par_1_49' title="bbox 489 2700 2058 2771">
     <span class='ocr_line' id='line_1_49' title="bbox 489 2700 2058 2771; baseline 0.001 -19"><span class='ocrx_word' id='word_1_356' title='bbox 489 2709 708 2770; x_wconf 88' lang='lat' dir='ltr'><strong>propter</strong></span> <span class='ocrx_word' id='word_1_357' title='bbox 736 2700 1068 2771; x_wconf 72' lang='lat' dir='ltr'><strong>exemplaria</strong></span> <span class='ocrx_word' id='word_1_358' title='bbox 1111 2700 1340 2756; x_wconf 87' lang='lat' dir='ltr'><strong>certiora</strong></span> <span class='ocrx_word' id='word_1_359' title='bbox 1374 2700 1428 2755; x_wconf 89' lang='lat' dir='ltr'><strong>in</strong></span> <span class='ocrx_word' id='word_1_360' title='bbox 1459 2701 1662 2771; x_wconf 85' lang='lat' dir='ltr'><strong>quibus</strong></span> <span class='ocrx_word' id='word_1_361' title='bbox 1704 2702 2015 2756; x_wconf 85' lang='lat' dir='ltr'><strong>continetur</strong></span> <span class='ocrx_word' id='word_1_362' title='bbox 2044 2717 2058 2753; x_wconf 90' lang='lat'><strong>:</strong></span> 
     </span>
    </p>
   </div>
   <div class='ocr_carea' id='block_1_50' title="bbox 494 2784 2061 2863">
    <p class='ocr_par' dir='ltr' id='par_1_50' title="bbox 494 2784 2061 2863">
     <span class='ocr_line' id='line_1_50' title="bbox 494 2784 2061 2863; baseline 0.003 -22"><span class='ocrx_word' id='word_1_363' title='bbox 494 2784 615 2842; x_wconf 73' lang='lat' dir='ltr'><strong>Non</strong></span> <span class='ocrx_word' id='word_1_364' title='bbox 641 2791 817 2853; x_wconf 80' lang='lat' dir='ltr'><strong>debui,</strong></span> <span class='ocrx_word' id='word_1_365' title='bbox 848 2807 1008 2853; x_wconf 84' lang='lat' dir='ltr'><strong>neque</strong></span> <span class='ocrx_word' id='word_1_366' title='bbox 1032 2791 1208 2845; x_wconf 84' lang='lat' dir='ltr'><strong>debuit</strong></span> <span class='ocrx_word' id='word_1_367' title='bbox 1233 2792 1363 2846; x_wconf 82' lang='lat' dir='ltr'><strong>mihi</strong></span> <span class='ocrx_word' id='word_1_368' title='bbox 1383 2795 1682 2863; x_wconf 79' lang='lat' dir='ltr'><strong>quisquam,</strong></span> <span class='ocrx_word' id='word_1_369' title='bbox 1722 2802 1778 2848; x_wconf 88' lang='lat' dir='ltr'><strong>et</strong></span> <span class='ocrx_word' id='word_1_370' title='bbox 1810 2795 1957 2849; x_wconf 86' lang='lat' dir='ltr'><strong>hunc</strong></span> <span class='ocrx_word' id='word_1_371' title='bbox 1976 2793 2061 2845; x_wconf 88' lang='lat' dir='ltr'><strong>lo-</strong></span> 
     </span>
    </p>
   </div>
   <div class='ocr_carea' id='block_1_51' title="bbox 489 2883 2059 2953">
    <p class='ocr_par' dir='ltr' id='par_1_51' title="bbox 489 2883 2059 2953">
     <span class='ocr_line' id='line_1_51' title="bbox 489 2883 2059 2953; baseline 0.003 -17"><span class='ocrx_word' id='word_1_372' title='bbox 489 2898 611 2936; x_wconf 84' lang='lat' dir='ltr'><strong>cum</strong></span> <span class='ocrx_word' id='word_1_373' title='bbox 652 2883 1078 2939; x_wconf 88' lang='lat' dir='ltr'><strong>consideremus.</strong></span> <span class='ocrx_word' id='word_1_374' title='bbox 1117 2884 1221 2950; x_wconf 85' lang='lat' dir='ltr'><strong>Qui</strong></span> <span class='ocrx_word' id='word_1_375' title='bbox 1264 2887 1509 2939; x_wconf 84' lang='lat' dir='ltr'><strong>omnibus</strong></span> <span class='ocrx_word' id='word_1_376' title='bbox 1556 2889 1737 2941; x_wconf 83' lang='lat' dir='ltr'><strong>omnia</strong></span> <span class='ocrx_word' id='word_1_377' title='bbox 1786 2889 2059 2953; x_wconf 86' lang='lat' dir='ltr'><strong>restituit,</strong></span> 
     </span>
    </p>
   </div>
   <div class='ocr_carea' id='block_1_52' title="bbox 489 2974 2051 3047">
    <p class='ocr_par' dir='ltr' id='par_1_52' title="bbox 489 2974 2051 3047">
     <span class='ocr_line' id='line_1_52' title="bbox 489 2974 2051 3047; baseline 0.004 -22"><span class='ocrx_word' id='word_1_378' title='bbox 489 2974 575 3026; x_wconf 88' lang='lat' dir='ltr'><strong>rui</strong></span> <span class='ocrx_word' id='word_1_379' title='bbox 614 2974 835 3045; x_wconf 80' lang='lat' dir='ltr'><strong>vectigal</strong></span> <span class='ocrx_word' id='word_1_380' title='bbox 864 2975 1102 3047; x_wconf 81' lang='lat' dir='ltr'><strong>vectigal,</strong></span> <span class='ocrx_word' id='word_1_381' title='bbox 1141 2978 1227 3030; x_wconf 88' lang='lat' dir='ltr'><strong>cui</strong></span> <span class='ocrx_word' id='word_1_382' title='bbox 1263 2978 1500 3031; x_wconf 88' lang='lat' dir='ltr'><strong>timorem</strong></span> <span class='ocrx_word' id='word_1_383' title='bbox 1530 2979 1795 3047; x_wconf 86' lang='lat' dir='ltr'><strong>timorem,</strong></span> <span class='ocrx_word' id='word_1_384' title='bbox 1833 2981 1917 3032; x_wconf 85' lang='lat' dir='ltr'><strong>cui</strong></span> <span class='ocrx_word' id='word_1_385' title='bbox 1950 2980 2051 3032; x_wconf 87' lang='lat' dir='ltr'><strong>tri-</strong></span> 
     </span>
    </p>
   </div>
   <div class='ocr_carea' id='block_1_53' title="bbox 2252 2600 3742 2675">
    <p class='ocr_par' dir='ltr' id='par_1_53' title="bbox 2252 2600 3742 2675">
     <span class='ocr_line' id='line_1_53' title="bbox 2252 2600 3742 2675; baseline -0.005 -15"><span class='ocrx_word' id='word_1_386' title='bbox 2252 2607 2405 2660; x_wconf 70' lang='grc' dir='ltr'><strong>Ἐπεὶ</strong></span> <span class='ocrx_word' id='word_1_387' title='bbox 2433 2606 2491 2659; x_wconf 71' lang='grc' dir='ltr'><strong>δὲ</strong></span> <span class='ocrx_word' id='word_1_388' title='bbox 2524 2606 2618 2659; x_wconf 67' lang='grc' dir='ltr'><strong>καὶ</strong></span> <span class='ocrx_word' id='word_1_389' title='bbox 2644 2604 2777 2675; x_wconf 80' lang='grc' dir='ltr'><strong>ἄλλη</strong></span> <span class='ocrx_word' id='word_1_390' title='bbox 2811 2606 3065 2675; x_wconf 79' lang='grc' dir='ltr'><strong>διήγησις</strong></span> <span class='ocrx_word' id='word_1_391' title='bbox 3099 2603 3391 2673; x_wconf 77' lang='grc' dir='ltr'><strong>ἀναγκαία,</strong></span> <span class='ocrx_word' id='word_1_392' title='bbox 3431 2601 3519 2655; x_wconf 80' lang='grc' dir='ltr'><strong>διὰ</strong></span> <span class='ocrx_word' id='word_1_393' title='bbox 3546 2601 3613 2655; x_wconf 75' lang='grc' dir='ltr'><strong>τὰ</strong></span> <span class='ocrx_word' id='word_1_394' title='bbox 3656 2600 3742 2654; x_wconf 77' lang='grc' dir='ltr'><strong>ἁν-</strong></span> 
     </span>
    </p>
   </div>
   <div class='ocr_carea' id='block_1_54' title="bbox 2165 2693 3750 2771">
    <p class='ocr_par' dir='ltr' id='par_1_54' title="bbox 2165 2693 3750 2771">
     <span class='ocr_line' id='line_1_54' title="bbox 2165 2693 3750 2771; baseline -0.004 -18"><span class='ocrx_word' id='word_1_395' title='bbox 2165 2701 2407 2771; x_wconf 87' lang='grc' dir='ltr'><strong>τίγραφα</strong></span> <span class='ocrx_word' id='word_1_396' title='bbox 2453 2698 2522 2752; x_wconf 81' lang='grc' dir='ltr'><strong>τὰ</strong></span> <span class='ocrx_word' id='word_1_397' title='bbox 2555 2698 2924 2771; x_wconf 75' lang='grc' dir='ltr'><strong>ἀκριϐέστερα</strong></span> <span class='ocrx_word' id='word_1_398' title='bbox 2962 2696 3134 2760; x_wconf 76' lang='grc' dir='ltr'><strong>οὕτως</strong></span> <span class='ocrx_word' id='word_1_399' title='bbox 3167 2696 3383 2766; x_wconf 71' lang='grc' dir='ltr'><strong>ἔχοντα,</strong></span> <span class='ocrx_word' id='word_1_400' title='bbox 3416 2696 3542 2747; x_wconf 84' lang='grc' dir='ltr'><strong>Οὐκ</strong></span> <span class='ocrx_word' id='word_1_401' title='bbox 3575 2693 3750 2763; x_wconf 65' lang='grc' dir='ltr'><strong>ὠφεί-</strong></span> 
     </span>
    </p>
   </div>
   <div class='ocr_carea' id='block_1_55' title="bbox 2166 2788 3753 2862">
    <p class='ocr_par' dir='ltr' id='par_1_55' title="bbox 2166 2788 3753 2862">
     <span class='ocr_line' id='line_1_55' title="bbox 2166 2788 3753 2862; baseline -0.001 -16"><span class='ocrx_word' id='word_1_402' title='bbox 2166 2796 2355 2861; x_wconf 70' lang='lat' dir='ltr'><strong>.lnaa,</strong></span> <span class='ocrx_word' id='word_1_403' title='bbox 2383 2792 2526 2847; x_wconf 80' lang='grc' dir='ltr'><strong>οὐδὲ</strong></span> <span class='ocrx_word' id='word_1_404' title='bbox 2546 2792 2849 2862; x_wconf 68' lang='grc' dir='ltr'><strong>ὠφείλησέ</strong></span> <span class='ocrx_word' id='word_1_405' title='bbox 2869 2809 2969 2862; x_wconf 83' lang='grc' dir='ltr'><strong>μοι</strong></span> <span class='ocrx_word' id='word_1_406' title='bbox 2998 2792 3219 2857; x_wconf 70' lang='grc' dir='ltr'><strong>οὐδεὶς,</strong></span> <span class='ocrx_word' id='word_1_407' title='bbox 3246 2788 3635 2862; x_wconf 61' lang='grc' dir='ltr'><strong>διηησώμεθα</strong></span> <span class='ocrx_word' id='word_1_408' title='bbox 3658 2792 3753 2844; x_wconf 67' lang='grc' dir='ltr'><strong>καὶ</strong></span> 
     </span>
    </p>
   </div>
   <div class='ocr_carea' id='block_1_56' title="bbox 2169 2879 3745 2956">
    <p class='ocr_par' dir='ltr' id='par_1_56' title="bbox 2169 2879 3745 2956">
     <span class='ocr_line' id='line_1_56' title="bbox 2169 2879 3745 2956; baseline -0.003 -19"><span class='ocrx_word' id='word_1_409' title='bbox 2169 2883 2340 2948; x_wconf 77' lang='grc' dir='ltr'><strong>οὕτως</strong></span> <span class='ocrx_word' id='word_1_410' title='bbox 2381 2882 2501 2954; x_wconf 72' lang='grc' dir='ltr'><strong>ἕχον</strong></span> <span class='ocrx_word' id='word_1_411' title='bbox 2525 2884 2586 2937; x_wconf 85' lang='grc' dir='ltr'><strong>τὸ</strong></span> <span class='ocrx_word' id='word_1_412' title='bbox 2619 2883 2801 2956; x_wconf 79' lang='grc' dir='ltr'><strong>ῥητόν.</strong></span> <span class='ocrx_word' id='word_1_413' title='bbox 2852 2886 2903 2936; x_wconf 91' lang='lat'><strong>&#39;0</strong></span> <span class='ocrx_word' id='word_1_414' title='bbox 2925 2882 3043 2953; x_wconf 80' lang='grc' dir='ltr'><strong>μὲν</strong></span> <span class='ocrx_word' id='word_1_415' title='bbox 3068 2881 3179 2951; x_wconf 77' lang='grc' dir='ltr'><strong>γὰρ</strong></span> <span class='ocrx_word' id='word_1_416' title='bbox 3208 2879 3398 2936; x_wconf 75' lang='grc' dir='ltr'><strong>πᾶσιν</strong></span> <span class='ocrx_word' id='word_1_417' title='bbox 3424 2879 3745 2945; x_wconf 75' lang='grc' dir='ltr'><strong>ἀποδιδοὺς</strong></span> 
     </span>
    </p>
   </div>
   <div class='ocr_carea' id='block_1_57' title="bbox 2169 2970 3746 3045">
    <p class='ocr_par' dir='ltr' id='par_1_57' title="bbox 2169 2970 3746 3045">
     <span class='ocr_line' id='line_1_57' title="bbox 2169 2970 3746 3045; baseline -0.003 -16"><span class='ocrx_word' id='word_1_418' title='bbox 2169 2975 2277 3042; x_wconf 78' lang='grc' dir='ltr'><strong>τὰς</strong></span> <span class='ocrx_word' id='word_1_419' title='bbox 2310 2976 2574 3045; x_wconf 66' lang='grc' dir='ltr'><strong>ὀφειλὰς,</strong></span> <span class='ocrx_word' id='word_1_420' title='bbox 2604 2975 2682 3042; x_wconf 83' lang='grc' dir='ltr'><strong>τῷ</strong></span> <span class='ocrx_word' id='word_1_421' title='bbox 2714 2974 2819 3029; x_wconf 82' lang='grc' dir='ltr'><strong>τὸν</strong></span> <span class='ocrx_word' id='word_1_422' title='bbox 2842 2976 3051 3044; x_wconf 73' lang='grc' dir='ltr'><strong>φόρον,</strong></span> <span class='ocrx_word' id='word_1_423' title='bbox 3075 2973 3181 3027; x_wconf 80' lang='grc' dir='ltr'><strong>τόν</strong></span> <span class='ocrx_word' id='word_1_424' title='bbox 3203 2974 3392 3042; x_wconf 73' lang='grc' dir='ltr'><strong>φόρον</strong></span> <span class='ocrx_word' id='word_1_425' title='bbox 3419 3011 3435 3035; x_wconf 96' lang='grc'><strong>,</strong></span> <span class='ocrx_word' id='word_1_426' title='bbox 3466 2970 3545 3037; x_wconf 82' lang='grc' dir='ltr'><strong>τῷ</strong></span> <span class='ocrx_word' id='word_1_427' title='bbox 3570 2970 3636 3024; x_wconf 89' lang='grc' dir='ltr'><strong>τὸ</strong></span> <span class='ocrx_word' id='word_1_428' title='bbox 3660 2970 3746 3025; x_wconf 72' lang='grc' dir='ltr'><strong>τέο</strong></span> 
     </span>
    </p>
   </div>
   <div class='ocr_carea' id='block_1_58' title="bbox 490 3063 2066 3146">
    <p class='ocr_par' dir='ltr' id='par_1_58' title="bbox 490 3064 2062 3131">
     <span class='ocr_line' id='line_1_58' title="bbox 490 3064 2062 3131; baseline 0.006 -15"><span class='ocrx_word' id='word_1_429' title='bbox 490 3065 669 3118; x_wconf 82' lang='grc' dir='ltr'><strong>ιιιιιιιηι</strong></span> <span class='ocrx_word' id='word_1_430' title='bbox 701 3064 977 3129; x_wconf 86' lang='lat' dir='ltr'><strong>tributum,</strong></span> <span class='ocrx_word' id='word_1_431' title='bbox 1001 3067 1087 3121; x_wconf 83' lang='lat' dir='ltr'><strong>cui</strong></span> <span class='ocrx_word' id='word_1_432' title='bbox 1115 3068 1364 3121; x_wconf 82' lang='lat' dir='ltr'><strong>honorem</strong></span> <span class='ocrx_word' id='word_1_433' title='bbox 1387 3068 1638 3123; x_wconf 81' lang='lat' dir='ltr'><strong>honorem</strong></span> <span class='ocrx_word' id='word_1_434' title='bbox 1664 3069 1728 3131; x_wconf 71' lang='lat'><strong>&quot;.</strong></span> <span class='ocrx_word' id='word_1_435' title='bbox 1756 3078 1811 3125; x_wconf 87' lang='lat' dir='ltr'><strong>et</strong></span> <span class='ocrx_word' id='word_1_436' title='bbox 1838 3071 2062 3125; x_wconf 79' lang='lat' dir='ltr'><strong>univcr-</strong></span> 
     </span>
    </p>
   </div>
   <div class='ocr_carea' id='block_1_59' title="bbox 2170 3063 3748 3146">
    <p class='ocr_par' dir='ltr' id='par_1_59' title="bbox 2170 3063 3748 3137">
     <span class='ocr_line' id='line_1_59' title="bbox 2170 3063 3748 3137; baseline -0.002 -17"><span class='ocrx_word' id='word_1_437' title='bbox 2170 3070 2299 3133; x_wconf 70' lang='grc' dir='ltr'><strong>λος,</strong></span> <span class='ocrx_word' id='word_1_438' title='bbox 2323 3067 2387 3121; x_wconf 82' lang='grc' dir='ltr'><strong>τὸ</strong></span> <span class='ocrx_word' id='word_1_439' title='bbox 2412 3068 2605 3134; x_wconf 74' lang='grc' dir='ltr'><strong>τέλος,</strong></span> <span class='ocrx_word' id='word_1_440' title='bbox 2650 3067 2729 3134; x_wconf 81' lang='grc' dir='ltr'><strong>τῷ</strong></span> <span class='ocrx_word' id='word_1_441' title='bbox 2752 3068 2857 3121; x_wconf 80' lang='grc' dir='ltr'><strong>τὸν</strong></span> <span class='ocrx_word' id='word_1_442' title='bbox 2888 3069 3094 3137; x_wconf 66' lang='grc' dir='ltr'><strong>φόϐον,</strong></span> <span class='ocrx_word' id='word_1_443' title='bbox 3130 3066 3237 3119; x_wconf 82' lang='grc' dir='ltr'><strong>τὸν</strong></span> <span class='ocrx_word' id='word_1_444' title='bbox 3277 3067 3486 3135; x_wconf 72' lang='grc' dir='ltr'><strong>φόϐον,</strong></span> <span class='ocrx_word' id='word_1_445' title='bbox 3531 3063 3612 3129; x_wconf 82' lang='grc' dir='ltr'><strong>τῷ</strong></span> <span class='ocrx_word' id='word_1_446' title='bbox 3634 3063 3748 3131; x_wconf 75' lang='grc' dir='ltr'><strong>τὴν</strong></span> 
     </span>
    </p>
   </div>
   <div class='ocr_carea' id='block_1_60' title="bbox 490 3156 2067 3231">
    <p class='ocr_par' dir='ltr' id='par_1_60' title="bbox 490 3156 2067 3231">
     <span class='ocr_line' id='line_1_60' title="bbox 490 3156 2067 3231; baseline 0.003 -20"><span class='ocrx_word' id='word_1_447' title='bbox 490 3156 569 3212; x_wconf 86' lang='lat' dir='ltr'><strong>sis</strong></span> <span class='ocrx_word' id='word_1_448' title='bbox 612 3157 794 3212; x_wconf 83' lang='lat' dir='ltr'><strong>omnia</strong></span> <span class='ocrx_word' id='word_1_449' title='bbox 847 3167 1214 3229; x_wconf 70' lang='lat' dir='ltr'><strong>repraesentat,</strong></span> <span class='ocrx_word' id='word_1_450' title='bbox 1264 3159 1398 3214; x_wconf 92' lang='lat' dir='ltr'><strong>nulli</strong></span> <span class='ocrx_word' id='word_1_451' title='bbox 1435 3160 1641 3216; x_wconf 90' lang='lat' dir='ltr'><strong>debens</strong></span> <span class='ocrx_word' id='word_1_452' title='bbox 1693 3160 1911 3231; x_wconf 87' lang='lat' dir='ltr'><strong>aliquod</strong></span> <span class='ocrx_word' id='word_1_453' title='bbox 1947 3159 2067 3216; x_wconf 81' lang='lat' dir='ltr'><strong>olli-</strong></span> 
     </span>
    </p>
   </div>
   <div class='ocr_carea' id='block_1_61' title="bbox 489 3248 2065 3323">
    <p class='ocr_par' dir='ltr' id='par_1_61' title="bbox 489 3248 2065 3323">
     <span class='ocr_line' id='line_1_61' title="bbox 489 3248 2065 3323; baseline 0.003 -21"><span class='ocrx_word' id='word_1_454' title='bbox 489 3249 656 3315; x_wconf 88' lang='lat' dir='ltr'><strong>cium,</strong></span> <span class='ocrx_word' id='word_1_455' title='bbox 687 3248 837 3303; x_wconf 79' lang='lat' dir='ltr'><strong>verbi</strong></span> <span class='ocrx_word' id='word_1_456' title='bbox 868 3250 1060 3320; x_wconf 77' lang='lat' dir='ltr'><strong>gratia,</strong></span> <span class='ocrx_word' id='word_1_457' title='bbox 1089 3249 1369 3305; x_wconf 90' lang='lat' dir='ltr'><strong>honorans</strong></span> <span class='ocrx_word' id='word_1_458' title='bbox 1405 3260 1660 3321; x_wconf 89' lang='lat' dir='ltr'><strong>parentes</strong></span> <span class='ocrx_word' id='word_1_459' title='bbox 1692 3259 1750 3305; x_wconf 94' lang='lat' dir='ltr'><strong>ut</strong></span> <span class='ocrx_word' id='word_1_460' title='bbox 1780 3261 2065 3323; x_wconf 74' lang='lat' dir='ltr'><strong>parentes,</strong></span> 
     </span>
    </p>
   </div>
   <div class='ocr_carea' id='block_1_62' title="bbox 490 3337 2062 3412">
    <p class='ocr_par' dir='ltr' id='par_1_62' title="bbox 490 3337 2062 3412">
     <span class='ocr_line' id='line_1_62' title="bbox 490 3337 2062 3412; baseline 0.001 -20"><span class='ocrx_word' id='word_1_461' title='bbox 490 3338 687 3394; x_wconf 79' lang='lat' dir='ltr'><strong>fratres</strong></span> <span class='ocrx_word' id='word_1_462' title='bbox 722 3348 782 3394; x_wconf 90' lang='lat' dir='ltr'><strong>ut</strong></span> <span class='ocrx_word' id='word_1_463' title='bbox 813 3337 1027 3405; x_wconf 81' lang='lat' dir='ltr'><strong>fratres,</strong></span> <span class='ocrx_word' id='word_1_464' title='bbox 1062 3339 1204 3397; x_wconf 83' lang='lat' dir='ltr'><strong>ﬁlios</strong></span> <span class='ocrx_word' id='word_1_465' title='bbox 1238 3350 1299 3397; x_wconf 89' lang='lat' dir='ltr'><strong>ut</strong></span> <span class='ocrx_word' id='word_1_466' title='bbox 1327 3341 1491 3409; x_wconf 81' lang='lat' dir='ltr'><strong>ﬁlios,</strong></span> <span class='ocrx_word' id='word_1_467' title='bbox 1530 3342 1820 3412; x_wconf 87' lang='lat' dir='ltr'><strong>episcopos</strong></span> <span class='ocrx_word' id='word_1_468' title='bbox 1854 3351 1913 3396; x_wconf 93' lang='lat' dir='ltr'><strong>ut</strong></span> <span class='ocrx_word' id='word_1_469' title='bbox 1945 3341 2062 3412; x_wconf 86' lang='lat' dir='ltr'><strong>epi-</strong></span> 
     </span>
    </p>
   </div>
   <div class='ocr_carea' id='block_1_63' title="bbox 490 3431 2067 3506">
    <p class='ocr_par' dir='ltr' id='par_1_63' title="bbox 490 3431 2067 3506">
     <span class='ocr_line' id='line_1_63' title="bbox 490 3431 2067 3506; baseline 0.002 -22"><span class='ocrx_word' id='word_1_470' title='bbox 490 3444 707 3500; x_wconf 88' lang='lat' dir='ltr'><strong>scopos,</strong></span> <span class='ocrx_word' id='word_1_471' title='bbox 761 3431 1108 3503; x_wconf 88' lang='lat' dir='ltr'><strong>presbyteros</strong></span> <span class='ocrx_word' id='word_1_472' title='bbox 1156 3441 1217 3488; x_wconf 93' lang='lat' dir='ltr'><strong>ut</strong></span> <span class='ocrx_word' id='word_1_473' title='bbox 1263 3433 1655 3506; x_wconf 86' lang='lat' dir='ltr'><strong>presbyteros,</strong></span> <span class='ocrx_word' id='word_1_474' title='bbox 1699 3434 1961 3489; x_wconf 88' lang='lat' dir='ltr'><strong>diaconos</strong></span> <span class='ocrx_word' id='word_1_475' title='bbox 2009 3443 2067 3488; x_wconf 90' lang='lat' dir='ltr'><strong>ut</strong></span> 
     </span>
    </p>
   </div>
   <div class='ocr_carea' id='block_1_64' title="bbox 489 3520 2065 3590">
    <p class='ocr_par' dir='ltr' id='par_1_64' title="bbox 489 3520 2065 3590">
     <span class='ocr_line' id='line_1_64' title="bbox 489 3520 2065 3590; baseline 0.002 -15"><span class='ocrx_word' id='word_1_476' title='bbox 489 3520 770 3587; x_wconf 84' lang='lat' dir='ltr'><strong>diaconos,</strong></span> <span class='ocrx_word' id='word_1_477' title='bbox 809 3521 992 3577; x_wconf 82' lang='lat' dir='ltr'><strong>ﬁdeles</strong></span> <span class='ocrx_word' id='word_1_478' title='bbox 1026 3536 1085 3578; x_wconf 89' lang='lat' dir='ltr'><strong>ut</strong></span> <span class='ocrx_word' id='word_1_479' title='bbox 1119 3524 1327 3590; x_wconf 87' lang='lat' dir='ltr'><strong>lideles,</strong></span> <span class='ocrx_word' id='word_1_480' title='bbox 1361 3526 1792 3582; x_wconf 86' lang='lat' dir='ltr'><strong>catechumenos</strong></span> <span class='ocrx_word' id='word_1_481' title='bbox 1821 3532 1883 3579; x_wconf 91' lang='lat' dir='ltr'><strong>ut</strong></span> <span class='ocrx_word' id='word_1_482' title='bbox 1918 3534 2065 3580; x_wconf 88' lang='lat' dir='ltr'><strong>cate-</strong></span> 
     </span>
    </p>
   </div>
   <div class='ocr_carea' id='block_1_65' title="bbox 487 3611 2067 3683">
    <p class='ocr_par' dir='ltr' id='par_1_65' title="bbox 487 3611 2067 3683">
     <span class='ocr_line' id='line_1_65' title="bbox 487 3611 2067 3683; baseline 0.006 -22"><span class='ocrx_word' id='word_1_483' title='bbox 487 3611 786 3666; x_wconf 83' lang='lat' dir='ltr'><strong>chumenos</strong></span> <span class='ocrx_word' id='word_1_484' title='bbox 809 3654 821 3675; x_wconf 92' lang='lat'><strong>,</strong></span> <span class='ocrx_word' id='word_1_485' title='bbox 855 3611 901 3667; x_wconf 90' lang='lat' dir='ltr'><strong>si</strong></span> <span class='ocrx_word' id='word_1_486' title='bbox 937 3614 1120 3668; x_wconf 90' lang='lat' dir='ltr'><strong>omnia</strong></span> <span class='ocrx_word' id='word_1_487' title='bbox 1155 3614 1409 3671; x_wconf 89' lang='lat' dir='ltr'><strong>omnibus</strong></span> <span class='ocrx_word' id='word_1_488' title='bbox 1441 3615 1661 3683; x_wconf 86' lang='lat' dir='ltr'><strong>reddat,</strong></span> <span class='ocrx_word' id='word_1_489' title='bbox 1711 3614 1846 3670; x_wconf 92' lang='lat' dir='ltr'><strong>nulli</strong></span> <span class='ocrx_word' id='word_1_490' title='bbox 1905 3614 2067 3670; x_wconf 89' lang='lat' dir='ltr'><strong>debet</strong></span> 
     </span>
    </p>
   </div>
   <div class='ocr_carea' id='block_1_66' title="bbox 486 3698 2062 3771">
    <p class='ocr_par' dir='ltr' id='par_1_66' title="bbox 486 3698 2062 3771">
     <span class='ocr_line' id='line_1_66' title="bbox 486 3698 2062 3771; baseline 0.003 -15"><span class='ocrx_word' id='word_1_491' title='bbox 486 3698 745 3757; x_wconf 70' lang='lat' dir='ltr'><strong>officium.</strong></span> <span class='ocrx_word' id='word_1_492' title='bbox 793 3701 849 3757; x_wconf 92' lang='lat' dir='ltr'><strong>Si</strong></span> <span class='ocrx_word' id='word_1_493' title='bbox 876 3719 1005 3759; x_wconf 85' lang='lat' dir='ltr'><strong>vero</strong></span> <span class='ocrx_word' id='word_1_494' title='bbox 1045 3704 1271 3761; x_wconf 88' lang='lat' dir='ltr'><strong>reddere</strong></span> <span class='ocrx_word' id='word_1_495' title='bbox 1297 3706 1458 3763; x_wconf 87' lang='lat' dir='ltr'><strong>debet</strong></span> <span class='ocrx_word' id='word_1_496' title='bbox 1485 3712 1540 3761; x_wconf 92' lang='lat' dir='ltr'><strong>et</strong></span> <span class='ocrx_word' id='word_1_497' title='bbox 1576 3722 1682 3762; x_wconf 93' lang='lat' dir='ltr'><strong>non</strong></span> <span class='ocrx_word' id='word_1_498' title='bbox 1716 3705 1912 3771; x_wconf 90' lang='lat' dir='ltr'><strong>reddit,</strong></span> <span class='ocrx_word' id='word_1_499' title='bbox 1954 3722 2062 3760; x_wconf 93' lang='lat' dir='ltr'><strong>non</strong></span> 
     </span>
    </p>
   </div>
   <div class='ocr_carea' id='block_1_67' title="bbox 2170 3154 3750 3228">
    <p class='ocr_par' dir='ltr' id='par_1_67' title="bbox 2170 3154 3750 3228">
     <span class='ocr_line' id='line_1_67' title="bbox 2170 3154 3750 3228; baseline -0.004 -16"><span class='ocrx_word' id='word_1_500' title='bbox 2170 3158 2367 3228; x_wconf 79' lang='grc' dir='ltr'><strong>τιμὴν,</strong></span> <span class='ocrx_word' id='word_1_501' title='bbox 2404 3158 2519 3227; x_wconf 82' lang='grc' dir='ltr'><strong>τὴν</strong></span> <span class='ocrx_word' id='word_1_502' title='bbox 2543 3157 2746 3228; x_wconf 79' lang='grc' dir='ltr'><strong>τιμὴν,</strong></span> <span class='ocrx_word' id='word_1_503' title='bbox 2782 3158 2878 3211; x_wconf 74' lang='grc' dir='ltr'><strong>καὶ</strong></span> <span class='ocrx_word' id='word_1_504' title='bbox 2919 3158 3055 3210; x_wconf 76' lang='grc' dir='ltr'><strong>πᾶσι</strong></span> <span class='ocrx_word' id='word_1_505' title='bbox 3101 3156 3170 3209; x_wconf 70' lang='grc' dir='ltr'><strong>τὰ</strong></span> <span class='ocrx_word' id='word_1_506' title='bbox 3208 3155 3518 3227; x_wconf 82' lang='grc' dir='ltr'><strong>καθήκοντα</strong></span> <span class='ocrx_word' id='word_1_507' title='bbox 3560 3154 3750 3207; x_wconf 77' lang='grc' dir='ltr'><strong>ἀποδι-</strong></span> 
     </span>
    </p>
   </div>
   <div class='ocr_carea' id='block_1_68' title="bbox 2167 3247 3753 3323">
    <p class='ocr_par' dir='ltr' id='par_1_68' title="bbox 2167 3247 3753 3323">
     <span class='ocr_line' id='line_1_68' title="bbox 2167 3247 3753 3323; baseline -0.002 -18"><span class='ocrx_word' id='word_1_508' title='bbox 2167 3252 2310 3315; x_wconf 78' lang='grc' dir='ltr'><strong>δοὺς,</strong></span> <span class='ocrx_word' id='word_1_509' title='bbox 2331 3251 2407 3315; x_wconf 88' lang='grc' dir='ltr'><strong>ὠς</strong></span> <span class='ocrx_word' id='word_1_510' title='bbox 2434 3251 2507 3323; x_wconf 84' lang='grc' dir='ltr'><strong>μὴ</strong></span> <span class='ocrx_word' id='word_1_511' title='bbox 2528 3251 2761 3321; x_wconf 81' lang='grc' dir='ltr'><strong>ὀφείλειν</strong></span> <span class='ocrx_word' id='word_1_512' title='bbox 2790 3251 2859 3304; x_wconf 76' lang='grc' dir='ltr'><strong>τὰ</strong></span> <span class='ocrx_word' id='word_1_513' title='bbox 2887 3250 3198 3322; x_wconf 83' lang='grc' dir='ltr'><strong>καθήκοντα</strong></span> <span class='ocrx_word' id='word_1_514' title='bbox 3233 3249 3367 3320; x_wconf 87' lang='grc' dir='ltr'><strong>πρός</strong></span> <span class='ocrx_word' id='word_1_515' title='bbox 3390 3264 3563 3311; x_wconf 85' lang='grc' dir='ltr'><strong>τινας,</strong></span> <span class='ocrx_word' id='word_1_516' title='bbox 3590 3247 3753 3317; x_wconf 62' lang='grc' dir='ltr'><strong>τιμή-</strong></span> 
     </span>
    </p>
   </div>
   <div class='ocr_carea' id='block_1_69' title="bbox 2169 3337 3750 3410">
    <p class='ocr_par' dir='ltr' id='par_1_69' title="bbox 2169 3337 3750 3410">
     <span class='ocr_line' id='line_1_69' title="bbox 2169 3337 3750 3410; baseline -0.004 -15"><span class='ocrx_word' id='word_1_517' title='bbox 2169 3357 2266 3405; x_wconf 89' lang='grc' dir='ltr'><strong>σας</strong></span> <span class='ocrx_word' id='word_1_518' title='bbox 2292 3341 2417 3404; x_wconf 76' lang='grc' dir='ltr'><strong>τοὺς</strong></span> <span class='ocrx_word' id='word_1_519' title='bbox 2439 3344 2615 3410; x_wconf 80' lang='grc' dir='ltr'><strong>γονεῖς</strong></span> <span class='ocrx_word' id='word_1_520' title='bbox 2629 3341 2704 3405; x_wconf 87' lang='grc' dir='ltr'><strong>ὼς</strong></span> <span class='ocrx_word' id='word_1_521' title='bbox 2724 3344 2920 3410; x_wconf 80' lang='grc' dir='ltr'><strong>γονεῖς,</strong></span> <span class='ocrx_word' id='word_1_522' title='bbox 2933 3341 3191 3409; x_wconf 78' lang='grc' dir='ltr'><strong>ἀδελφοὺς</strong></span> <span class='ocrx_word' id='word_1_523' title='bbox 3206 3340 3280 3403; x_wconf 84' lang='grc' dir='ltr'><strong>ὡς</strong></span> <span class='ocrx_word' id='word_1_524' title='bbox 3293 3338 3575 3408; x_wconf 76' lang='grc' dir='ltr'><strong>ἀδελφοὺς,</strong></span> <span class='ocrx_word' id='word_1_525' title='bbox 3600 3337 3750 3400; x_wconf 72' lang='grc' dir='ltr'><strong>υἱοὺς</strong></span> 
     </span>
    </p>
   </div>
   <div class='ocr_carea' id='block_1_70' title="bbox 2166 3430 3749 3502">
    <p class='ocr_par' dir='ltr' id='par_1_70' title="bbox 2166 3430 3749 3502">
     <span class='ocr_line' id='line_1_70' title="bbox 2166 3430 3749 3502; baseline -0.003 -15"><span class='ocrx_word' id='word_1_526' title='bbox 2166 3434 2242 3498; x_wconf 88' lang='grc' dir='ltr'><strong>ὠς</strong></span> <span class='ocrx_word' id='word_1_527' title='bbox 2270 3434 2439 3498; x_wconf 76' lang='grc' dir='ltr'><strong>υἱοὺς,</strong></span> <span class='ocrx_word' id='word_1_528' title='bbox 2482 3432 2814 3497; x_wconf 74' lang='grc' dir='ltr'><strong>ἐπισκόπους</strong></span> <span class='ocrx_word' id='word_1_529' title='bbox 2850 3433 2927 3496; x_wconf 85' lang='grc' dir='ltr'><strong>ὡς</strong></span> <span class='ocrx_word' id='word_1_530' title='bbox 2957 3433 3310 3495; x_wconf 78' lang='grc' dir='ltr'><strong>ἐπισκόπους,</strong></span> <span class='ocrx_word' id='word_1_531' title='bbox 3346 3430 3749 3502; x_wconf 73' lang='grc' dir='ltr'><strong>πρεσϐυτέρους</strong></span> 
     </span>
    </p>
   </div>
   <div class='ocr_carea' id='block_1_71' title="bbox 2165 3521 3749 3599">
    <p class='ocr_par' dir='ltr' id='par_1_71' title="bbox 2165 3521 3749 3599">
     <span class='ocr_line' id='line_1_71' title="bbox 2165 3521 3749 3599; baseline -0.003 -21"><span class='ocrx_word' id='word_1_532' title='bbox 2165 3526 2241 3590; x_wconf 84' lang='grc' dir='ltr'><strong>ὼς</strong></span> <span class='ocrx_word' id='word_1_533' title='bbox 2266 3525 2689 3599; x_wconf 80' lang='grc' dir='ltr'><strong>πρεσϐυτέρους,</strong></span> <span class='ocrx_word' id='word_1_534' title='bbox 2705 3525 2985 3589; x_wconf 85' lang='grc' dir='ltr'><strong>διακόνους</strong></span> <span class='ocrx_word' id='word_1_535' title='bbox 3007 3526 3083 3588; x_wconf 83' lang='grc' dir='ltr'><strong>ὡς</strong></span> <span class='ocrx_word' id='word_1_536' title='bbox 3105 3524 3407 3587; x_wconf 85' lang='grc' dir='ltr'><strong>διακόνους,</strong></span> <span class='ocrx_word' id='word_1_537' title='bbox 3426 3524 3650 3586; x_wconf 72' lang='grc' dir='ltr'><strong>πιστοὺς</strong></span> <span class='ocrx_word' id='word_1_538' title='bbox 3672 3521 3749 3584; x_wconf 85' lang='grc' dir='ltr'><strong>ὠς</strong></span> 
     </span>
    </p>
   </div>
   <div class='ocr_carea' id='block_1_72' title="bbox 2166 3615 3749 3690">
    <p class='ocr_par' dir='ltr' id='par_1_72' title="bbox 2166 3615 3749 3690">
     <span class='ocr_line' id='line_1_72' title="bbox 2166 3615 3749 3690; baseline -0.003 -18"><span class='ocrx_word' id='word_1_539' title='bbox 2166 3622 2408 3685; x_wconf 77' lang='grc' dir='ltr'><strong>πιστοὺς,</strong></span> <span class='ocrx_word' id='word_1_540' title='bbox 2438 3619 2878 3690; x_wconf 82' lang='grc' dir='ltr'><strong>κατηχουμένους</strong></span> <span class='ocrx_word' id='word_1_541' title='bbox 2891 3618 2967 3682; x_wconf 86' lang='grc' dir='ltr'><strong>ὼς</strong></span> <span class='ocrx_word' id='word_1_542' title='bbox 2996 3616 3432 3688; x_wconf 75' lang='grc' dir='ltr'><strong>κατηχουμένους</strong></span> <span class='ocrx_word' id='word_1_543' title='bbox 3454 3636 3466 3649; x_wconf 78' lang='grc' dir='ltr'><strong>ο</strong></span> <span class='ocrx_word' id='word_1_544' title='bbox 3503 3617 3552 3668; x_wconf 85' lang='grc' dir='ltr'><strong>εί</strong></span> <span class='ocrx_word' id='word_1_545' title='bbox 3573 3615 3749 3668; x_wconf 85' lang='grc' dir='ltr'><strong>πάντα</strong></span> 
     </span>
    </p>
   </div>
   <div class='ocr_carea' id='block_1_73' title="bbox 2165 3703 3745 3779">
    <p class='ocr_par' dir='ltr' id='par_1_73' title="bbox 2165 3703 3745 3779">
     <span class='ocr_line' id='line_1_73' title="bbox 2165 3703 3745 3779; baseline -0.003 -19"><span class='ocrx_word' id='word_1_546' title='bbox 2165 3706 2455 3761; x_wconf 66' lang='grc' dir='ltr'><strong>ἀποδίδωσι</strong></span> <span class='ocrx_word' id='word_1_547' title='bbox 2480 3706 2549 3761; x_wconf 81' lang='grc' dir='ltr'><strong>τὰ</strong></span> <span class='ocrx_word' id='word_1_548' title='bbox 2575 3707 2906 3779; x_wconf 86' lang='grc' dir='ltr'><strong>καθήκοντα,</strong></span> <span class='ocrx_word' id='word_1_549' title='bbox 2938 3707 3039 3760; x_wconf 77' lang='grc' dir='ltr'><strong>οὐκ</strong></span> <span class='ocrx_word' id='word_1_550' title='bbox 3063 3704 3393 3777; x_wconf 84' lang='grc' dir='ltr'><strong>ὠφείλησεν·</strong></span> <span class='ocrx_word' id='word_1_551' title='bbox 3424 3705 3470 3757; x_wconf 87' lang='grc' dir='ltr'><strong>εί</strong></span> <span class='ocrx_word' id='word_1_552' title='bbox 3500 3705 3556 3759; x_wconf 80' lang='grc' dir='ltr'><strong>δὲ</strong></span> <span class='ocrx_word' id='word_1_553' title='bbox 3577 3703 3745 3773; x_wconf 72' lang='grc' dir='ltr'><strong>ὠφει-</strong></span> 
     </span>
    </p>
   </div>
   <div class='ocr_carea' id='block_1_74' title="bbox 382 4158 2059 4229">
    <p class='ocr_par' dir='ltr' id='par_1_74' title="bbox 382 4158 2059 4229">
     <span class='ocr_line' id='line_1_74' title="bbox 382 4158 2059 4229; baseline 0.001 -18"><span class='ocrx_word' id='word_1_554' title='bbox 382 4222 399 4229; x_wconf 39' lang='lat'><strong><em>‘</em></strong></span> <span class='ocrx_word' id='word_1_555' title='bbox 488 4158 563 4212; x_wconf 92' lang='lat' dir='ltr'><strong>illi</strong></span> <span class='ocrx_word' id='word_1_556' title='bbox 612 4166 923 4213; x_wconf 82' lang='lat' dir='ltr'><strong>averterunt</strong></span> <span class='ocrx_word' id='word_1_557' title='bbox 954 4172 1117 4213; x_wconf 88' lang='lat' dir='ltr'><strong>aures</strong></span> <span class='ocrx_word' id='word_1_558' title='bbox 1159 4172 1288 4213; x_wconf 88' lang='lat' dir='ltr'><strong>suas</strong></span> <span class='ocrx_word' id='word_1_559' title='bbox 1323 4158 1391 4211; x_wconf 87' lang='lat' dir='ltr'><strong>ab</strong></span> <span class='ocrx_word' id='word_1_560' title='bbox 1436 4158 1504 4212; x_wconf 86' lang='lat' dir='ltr'><strong>iis</strong></span> <span class='ocrx_word' id='word_1_561' title='bbox 1543 4172 1667 4228; x_wconf 63' lang='lat' dir='ltr'><strong>quae</strong></span> <span class='ocrx_word' id='word_1_562' title='bbox 1700 4158 2059 4225; x_wconf 85' lang='lat' dir='ltr'><strong>dicebantur,</strong></span> 
     </span>
    </p>
   </div>
   <div class='ocr_carea' id='block_1_75' title="bbox 2165 3795 3744 3871">
    <p class='ocr_par' dir='ltr' id='par_1_75' title="bbox 2165 3795 3744 3871">
     <span class='ocr_line' id='line_1_75' title="bbox 2165 3795 3744 3871; baseline -0.004 -18"><span class='ocrx_word' id='word_1_563' title='bbox 2165 3799 2222 3854; x_wconf 81' lang='grc' dir='ltr'><strong>λε</strong></span> <span class='ocrx_word' id='word_1_564' title='bbox 2263 3801 2360 3871; x_wconf 80' lang='grc' dir='ltr'><strong>μὲν</strong></span> <span class='ocrx_word' id='word_1_565' title='bbox 2399 3800 2623 3870; x_wconf 82' lang='grc' dir='ltr'><strong>ποιῆσαι</strong></span> <span class='ocrx_word' id='word_1_566' title='bbox 2657 3799 2918 3870; x_wconf 78' lang='grc' dir='ltr'><strong>καθῆκον,</strong></span> <span class='ocrx_word' id='word_1_567' title='bbox 2949 3799 3008 3851; x_wconf 78' lang='grc' dir='ltr'><strong>οὐ</strong></span> <span class='ocrx_word' id='word_1_568' title='bbox 3043 3798 3306 3868; x_wconf 84' lang='grc' dir='ltr'><strong>πεποίηκε</strong></span> <span class='ocrx_word' id='word_1_569' title='bbox 3330 3795 3410 3861; x_wconf 79' lang='grc' dir='ltr'><strong>δὲ,</strong></span> <span class='ocrx_word' id='word_1_570' title='bbox 3441 3797 3499 3849; x_wconf 79' lang='grc' dir='ltr'><strong>οὒ</strong></span> <span class='ocrx_word' id='word_1_571' title='bbox 3523 3797 3744 3849; x_wconf 76' lang='grc' dir='ltr'><strong>δύναται</strong></span> 
     </span>
    </p>
   </div>
   <div class='ocr_carea' id='block_1_76' title="bbox 2165 3886 3743 3961">
    <p class='ocr_par' dir='ltr' id='par_1_76' title="bbox 2165 3886 3743 3961">
     <span class='ocr_line' id='line_1_76' title="bbox 2165 3886 3743 3961; baseline -0.003 -17"><span class='ocrx_word' id='word_1_572' title='bbox 2165 3891 2377 3961; x_wconf 71' lang='grc' dir='ltr'><strong>λέγειν*</strong></span> <span class='ocrx_word' id='word_1_573' title='bbox 2430 3895 2553 3946; x_wconf 81' lang='grc' dir='ltr'><strong>Οὐκ</strong></span> <span class='ocrx_word' id='word_1_574' title='bbox 2600 3890 2938 3960; x_wconf 49' lang='grc' dir='ltr'><strong>ὀψείλησα·</strong></span> <span class='ocrx_word' id='word_1_575' title='bbox 2992 3888 3223 3958; x_wconf 70' lang='grc' dir='ltr'><strong>ὀφείλων</strong></span> <span class='ocrx_word' id='word_1_576' title='bbox 3269 3888 3378 3960; x_wconf 70' lang='grc' dir='ltr'><strong>γὰρ</strong></span> <span class='ocrx_word' id='word_1_577' title='bbox 3422 3887 3523 3940; x_wconf 74' lang='grc' dir='ltr'><strong>οὐκ</strong></span> <span class='ocrx_word' id='word_1_578' title='bbox 3552 3886 3743 3940; x_wconf 71' lang='grc' dir='ltr'><strong>ἀποδέ-</strong></span> 
     </span>
    </p>
   </div>
   <div class='ocr_carea' id='block_1_77' title="bbox 490 3794 2060 3866">
    <p class='ocr_par' dir='ltr' id='par_1_77' title="bbox 490 3794 2060 3866">
     <span class='ocr_line' id='line_1_77' title="bbox 490 3794 2060 3866; baseline 0.005 -22"><span class='ocrx_word' id='word_1_579' title='bbox 490 3803 665 3861; x_wconf 90' lang='lat' dir='ltr'><strong>potest</strong></span> <span class='ocrx_word' id='word_1_580' title='bbox 690 3794 870 3850; x_wconf 90' lang='lat' dir='ltr'><strong>dicere</strong></span> <span class='ocrx_word' id='word_1_581' title='bbox 899 3815 911 3851; x_wconf 95' lang='lat'>:</span> <span class='ocrx_word' id='word_1_582' title='bbox 945 3813 1048 3851; x_wconf 82' lang='lat' dir='ltr'><strong>non</strong></span> <span class='ocrx_word' id='word_1_583' title='bbox 1088 3796 1268 3866; x_wconf 82' lang='lat' dir='ltr'><strong>debui;</strong></span> <span class='ocrx_word' id='word_1_584' title='bbox 1297 3813 1421 3854; x_wconf 89' lang='lat' dir='ltr'><strong>cum</strong></span> <span class='ocrx_word' id='word_1_585' title='bbox 1464 3797 1611 3854; x_wconf 85' lang='lat' dir='ltr'><strong>enim</strong></span> <span class='ocrx_word' id='word_1_586' title='bbox 1660 3798 2060 3865; x_wconf 84' lang='lat' dir='ltr'><strong>debuerit,non</strong></span> 
     </span>
    </p>
   </div>
   <div class='ocr_carea' id='block_1_78' title="bbox 485 3885 2062 3957">
    <p class='ocr_par' dir='ltr' id='par_1_78' title="bbox 485 3885 2062 3957">
     <span class='ocr_line' id='line_1_78' title="bbox 485 3885 2062 3957; baseline 0.003 -22"><span class='ocrx_word' id='word_1_587' title='bbox 485 3885 734 3949; x_wconf 68' lang='lat' dir='ltr'><strong>exsolvit.</strong></span> <span class='ocrx_word' id='word_1_588' title='bbox 784 3886 943 3952; x_wconf 88' lang='lat' dir='ltr'><strong>Quod</strong></span> <span class='ocrx_word' id='word_1_589' title='bbox 988 3895 1168 3941; x_wconf 85' lang='lat' dir='ltr'><strong>autem</strong></span> <span class='ocrx_word' id='word_1_590' title='bbox 1220 3887 1487 3957; x_wconf 90' lang='lat' dir='ltr'><strong>sequitur,</strong></span> <span class='ocrx_word' id='word_1_591' title='bbox 1540 3904 1643 3941; x_wconf 83' lang='lat' dir='ltr'><strong>non</strong></span> <span class='ocrx_word' id='word_1_592' title='bbox 1696 3888 1876 3943; x_wconf 85' lang='lat' dir='ltr'><strong>debuit</strong></span> <span class='ocrx_word' id='word_1_593' title='bbox 1932 3887 2062 3941; x_wconf 82' lang='lat' dir='ltr'><strong>mihi</strong></span> 
     </span>
    </p>
   </div>
   <div class='ocr_carea' id='block_1_79' title="bbox 486 3975 2066 4055">
    <p class='ocr_par' dir='ltr' id='par_1_79' title="bbox 486 3975 2064 4049">
     <span class='ocr_line' id='line_1_79' title="bbox 486 3975 2064 4049; baseline 0.004 -22"><span class='ocrx_word' id='word_1_594' title='bbox 486 3976 787 4045; x_wconf 82' lang='lat' dir='ltr'><strong>quisquam,</strong></span> <span class='ocrx_word' id='word_1_595' title='bbox 823 3975 903 4030; x_wconf 90' lang='lat' dir='ltr'><strong>sic</strong></span> <span class='ocrx_word' id='word_1_596' title='bbox 932 3975 1343 4045; x_wconf 77' lang='lat' dir='ltr'><strong>intelligendum</strong></span> <span class='ocrx_word' id='word_1_597' title='bbox 1371 3985 1454 4031; x_wconf 82' lang='lat' dir='ltr'><strong>cst</strong></span> <span class='ocrx_word' id='word_1_598' title='bbox 1481 3996 1493 4030; x_wconf 92' lang='lat'>:</span> <span class='ocrx_word' id='word_1_599' title='bbox 1529 3992 1629 4047; x_wconf 76' lang='lat' dir='ltr'><strong>ego</strong></span> <span class='ocrx_word' id='word_1_600' title='bbox 1651 3978 1871 4049; x_wconf 91' lang='lat' dir='ltr'><strong>quidem</strong></span> <span class='ocrx_word' id='word_1_601' title='bbox 1900 3977 2064 4034; x_wconf 62' lang='lat' dir='ltr'><strong>faene-</strong></span> 
     </span>
    </p>
   </div>
   <div class='ocr_carea' id='block_1_80' title="bbox 2170 3975 3745 4055">
    <p class='ocr_par' dir='ltr' id='par_1_80' title="bbox 2170 3978 3745 4055">
     <span class='ocr_line' id='line_1_80' title="bbox 2170 3978 3745 4055; baseline -0.003 -19"><span class='ocrx_word' id='word_1_602' title='bbox 2170 3982 2323 4037; x_wconf 82' lang='grc' dir='ltr'><strong>δωκε.</strong></span> <span class='ocrx_word' id='word_1_603' title='bbox 2362 3982 2486 4046; x_wconf 83' lang='grc' dir='ltr'><strong>Πῶς</strong></span> <span class='ocrx_word' id='word_1_604' title='bbox 2509 3979 2604 4037; x_wconf 75' lang='grc' dir='ltr'><strong>οὗν</strong></span> <span class='ocrx_word' id='word_1_605' title='bbox 2640 3983 2808 4055; x_wconf 86' lang='grc' dir='ltr'><strong>διηγή</strong></span> <span class='ocrx_word' id='word_1_606' title='bbox 2824 3999 2974 4054; x_wconf 65' lang='grc' dir='ltr'><strong>πομαι</strong></span> <span class='ocrx_word' id='word_1_607' title='bbox 3014 3983 3107 4036; x_wconf 71' lang='grc' dir='ltr'><strong>καὶ</strong></span> <span class='ocrx_word' id='word_1_608' title='bbox 3140 3982 3220 4046; x_wconf 70' lang='grc' dir='ltr'><strong>τὸ,</strong></span> <span class='ocrx_word' id='word_1_609' title='bbox 3262 3979 3416 4035; x_wconf 83' lang='grc' dir='ltr'><strong>Οὐδὲ</strong></span> <span class='ocrx_word' id='word_1_610' title='bbox 3443 3978 3745 4049; x_wconf 69' lang='grc' dir='ltr'><strong>ὼφείλησέ</strong></span> 
     </span>
    </p>
   </div>
   <div class='ocr_carea' id='block_1_81' title="bbox 486 4064 2066 4142">
    <p class='ocr_par' dir='ltr' id='par_1_81' title="bbox 486 4064 2059 4136">
     <span class='ocr_line' id='line_1_81' title="bbox 486 4064 2059 4136; baseline 0.003 -17"><span class='ocrx_word' id='word_1_611' title='bbox 486 4064 597 4120; x_wconf 83' lang='lat' dir='ltr'><strong>rari</strong></span> <span class='ocrx_word' id='word_1_612' title='bbox 631 4065 799 4132; x_wconf 85' lang='lat' dir='ltr'><strong>volui,</strong></span> <span class='ocrx_word' id='word_1_613' title='bbox 834 4074 888 4120; x_wconf 91' lang='lat' dir='ltr'><strong>et</strong></span> <span class='ocrx_word' id='word_1_614' title='bbox 921 4065 1194 4136; x_wconf 89' lang='lat' dir='ltr'><strong>spiritales</strong></span> <span class='ocrx_word' id='word_1_615' title='bbox 1237 4067 1505 4136; x_wconf 86' lang='lat' dir='ltr'><strong>pecunias</strong></span> <span class='ocrx_word' id='word_1_616' title='bbox 1537 4067 1890 4122; x_wconf 91' lang='lat' dir='ltr'><strong>commodare</strong></span> <span class='ocrx_word' id='word_1_617' title='bbox 1914 4109 1928 4133; x_wconf 95' lang='lat'><strong>,</strong></span> <span class='ocrx_word' id='word_1_618' title='bbox 1965 4070 2059 4124; x_wconf 88' lang='lat' dir='ltr'><strong>sed</strong></span> 
     </span>
    </p>
   </div>
   <div class='ocr_carea' id='block_1_82' title="bbox 2170 4064 3741 4142">
    <p class='ocr_par' dir='ltr' id='par_1_82' title="bbox 2170 4067 3741 4142">
     <span class='ocr_line' id='line_1_82' title="bbox 2170 4067 3741 4142; baseline -0.002 -18"><span class='ocrx_word' id='word_1_619' title='bbox 2170 4088 2260 4139; x_wconf 84' lang='grc' dir='ltr'><strong>μοι</strong></span> <span class='ocrx_word' id='word_1_620' title='bbox 2288 4070 2518 4136; x_wconf 64' lang='lat' dir='ltr'><strong>abduc;</strong></span> <span class='ocrx_word' id='word_1_621' title='bbox 2551 4072 2662 4141; x_wconf 72' lang='grc' dir='ltr'><strong>ἐγὼ</strong></span> <span class='ocrx_word' id='word_1_622' title='bbox 2700 4073 2797 4142; x_wconf 82' lang='grc' dir='ltr'><strong>μὲν</strong></span> <span class='ocrx_word' id='word_1_623' title='bbox 2834 4070 3129 4135; x_wconf 75' lang='grc' dir='ltr'><strong>ὲδάνειξον,</strong></span> <span class='ocrx_word' id='word_1_624' title='bbox 3161 4072 3256 4124; x_wconf 74' lang='grc' dir='ltr'><strong>καὶ</strong></span> <span class='ocrx_word' id='word_1_625' title='bbox 3286 4069 3489 4123; x_wconf 86' lang='grc' dir='ltr'><strong>διδόναι</strong></span> <span class='ocrx_word' id='word_1_626' title='bbox 3529 4067 3741 4122; x_wconf 73' lang='grc' dir='ltr'><strong>ιὸουλι.</strong></span> 
     </span>
    </p>
   </div>
   <div class='ocr_carea' id='block_1_83' title="bbox 2168 4159 3748 4235">
    <p class='ocr_par' dir='ltr' id='par_1_83' title="bbox 2168 4159 3748 4235">
     <span class='ocr_line' id='line_1_83' title="bbox 2168 4159 3748 4235; baseline -0.002 -19"><span class='ocrx_word' id='word_1_627' title='bbox 2168 4179 2274 4234; x_wconf 89' lang='grc' dir='ltr'><strong>μην</strong></span> <span class='ocrx_word' id='word_1_628' title='bbox 2291 4163 2358 4217; x_wconf 85' lang='grc' dir='ltr'><strong>τὰ</strong></span> <span class='ocrx_word' id='word_1_629' title='bbox 2377 4162 2722 4235; x_wconf 78' lang='grc' dir='ltr'><strong>πνευματικὰ</strong></span> <span class='ocrx_word' id='word_1_630' title='bbox 2746 4164 2849 4235; x_wconf 88' lang='grc' dir='ltr'><strong>χρή</strong></span> <span class='ocrx_word' id='word_1_631' title='bbox 2859 4180 3024 4235; x_wconf 89' lang='grc' dir='ltr'><strong>ματα,</strong></span> <span class='ocrx_word' id='word_1_632' title='bbox 3051 4163 3102 4216; x_wconf 89' lang='grc' dir='ltr'><strong>οί</strong></span> <span class='ocrx_word' id='word_1_633' title='bbox 3124 4162 3182 4216; x_wconf 75' lang='grc' dir='ltr'><strong>δὲ</strong></span> <span class='ocrx_word' id='word_1_634' title='bbox 3208 4161 3610 4235; x_wconf 74' lang='grc' dir='ltr'><strong>ἀπεστρέφοντο</strong></span> <span class='ocrx_word' id='word_1_635' title='bbox 3638 4159 3748 4213; x_wconf 77' lang='grc' dir='ltr'><strong>ἀπὺ</strong></span> 
     </span>
    </p>
   </div>
   <div class='ocr_carea' id='block_1_84' title="bbox 489 4251 2066 4329">
    <p class='ocr_par' dir='ltr' id='par_1_84' title="bbox 489 4251 2057 4323">
     <span class='ocr_line' id='line_1_84' title="bbox 489 4251 2057 4323; baseline 0.002 -17"><span class='ocrx_word' id='word_1_636' title='bbox 489 4266 668 4323; x_wconf 83' lang='lat' dir='ltr'><strong>neque</strong></span> <span class='ocrx_word' id='word_1_637' title='bbox 694 4251 981 4308; x_wconf 84' lang='lat' dir='ltr'><strong>voluerunt</strong></span> <span class='ocrx_word' id='word_1_638' title='bbox 1012 4251 1253 4322; x_wconf 64' lang='lat' dir='ltr'><strong>praebere</strong></span> <span class='ocrx_word' id='word_1_639' title='bbox 1281 4265 1341 4308; x_wconf 88' lang='lat' dir='ltr'><strong>se</strong></span> <span class='ocrx_word' id='word_1_640' title='bbox 1366 4252 1593 4318; x_wconf 88' lang='lat' dir='ltr'><strong>dociles,</strong></span> <span class='ocrx_word' id='word_1_641' title='bbox 1630 4260 1691 4307; x_wconf 90' lang='lat' dir='ltr'><strong>ut</strong></span> <span class='ocrx_word' id='word_1_642' title='bbox 1727 4251 1863 4307; x_wconf 79' lang='lat' dir='ltr'><strong>mihi</strong></span> <span class='ocrx_word' id='word_1_643' title='bbox 1890 4253 2057 4309; x_wconf 89' lang='lat' dir='ltr'><strong>debe-</strong></span> 
     </span>
    </p>
   </div>
   <div class='ocr_carea' id='block_1_85' title="bbox 2170 4251 3748 4329">
    <p class='ocr_par' dir='ltr' id='par_1_85' title="bbox 2170 4252 3748 4329">
     <span class='ocr_line' id='line_1_85' title="bbox 2170 4252 3748 4329; baseline 0 -21"><span class='ocrx_word' id='word_1_644' title='bbox 2170 4255 2271 4309; x_wconf 81' lang='grc' dir='ltr'><strong>τῶν</strong></span> <span class='ocrx_word' id='word_1_645' title='bbox 2292 4255 2621 4329; x_wconf 78' lang='grc' dir='ltr'><strong>λεγομένων,</strong></span> <span class='ocrx_word' id='word_1_646' title='bbox 2645 4258 2739 4311; x_wconf 70' lang='grc' dir='ltr'><strong>καὶ</strong></span> <span class='ocrx_word' id='word_1_647' title='bbox 2751 4257 2811 4309; x_wconf 77' lang='grc' dir='ltr'><strong>οὐ</strong></span> <span class='ocrx_word' id='word_1_648' title='bbox 2840 4257 3097 4327; x_wconf 83' lang='grc' dir='ltr'><strong>παρεῖχον</strong></span> <span class='ocrx_word' id='word_1_649' title='bbox 3112 4256 3311 4319; x_wconf 80' lang='grc' dir='ltr'><strong>αὐτοὺς</strong></span> <span class='ocrx_word' id='word_1_650' title='bbox 3333 4253 3634 4318; x_wconf 73' lang='grc' dir='ltr'><strong>δεκτικοὺς,</strong></span> <span class='ocrx_word' id='word_1_651' title='bbox 3659 4252 3748 4308; x_wconf 73' lang='grc' dir='ltr'><strong>ἵνα</strong></span> 
     </span>
    </p>
   </div>
   <div class='ocr_carea' id='block_1_86' title="bbox 490 4339 2066 4418">
    <p class='ocr_par' dir='ltr' id='par_1_86' title="bbox 490 4343 2062 4417">
     <span class='ocr_line' id='line_1_86' title="bbox 490 4343 2062 4417; baseline 0.003 -19"><span class='ocrx_word' id='word_1_652' title='bbox 490 4354 610 4398; x_wconf 59' lang='lat' dir='ltr'><strong>ient</strong></span> <span class='ocrx_word' id='word_1_653' title='bbox 638 4359 761 4414; x_wconf 70' lang='lat' dir='ltr'><strong>qua</strong></span> <span class='ocrx_word' id='word_1_654' title='bbox 793 4346 1108 4399; x_wconf 87' lang='lat' dir='ltr'><strong>audiebant.</strong></span> <span class='ocrx_word' id='word_1_655' title='bbox 1138 4343 1346 4401; x_wconf 85' lang='lat' dir='ltr'><strong>Idcirco</strong></span> <span class='ocrx_word' id='word_1_656' title='bbox 1376 4362 1485 4401; x_wconf 87' lang='lat' dir='ltr'><strong>non</strong></span> <span class='ocrx_word' id='word_1_657' title='bbox 1529 4345 1719 4401; x_wconf 87' lang='lat' dir='ltr'><strong>debuit</strong></span> <span class='ocrx_word' id='word_1_658' title='bbox 1745 4346 1877 4400; x_wconf 89' lang='lat' dir='ltr'><strong>mibi</strong></span> <span class='ocrx_word' id='word_1_659' title='bbox 1907 4348 2062 4417; x_wconf 74' lang='lat' dir='ltr'><strong>quis-</strong></span> 
     </span>
    </p>
   </div>
   <div class='ocr_carea' id='block_1_87' title="bbox 2170 4339 3744 4418">
    <p class='ocr_par' dir='ltr' id='par_1_87' title="bbox 2170 4339 3744 4418">
     <span class='ocr_line' id='line_1_87' title="bbox 2170 4339 3744 4418; baseline -0.003 -17"><span class='ocrx_word' id='word_1_660' title='bbox 2170 4349 2439 4418; x_wconf 80' lang='grc' dir='ltr'><strong>ὀφείλωσι.</strong></span> <span class='ocrx_word' id='word_1_661' title='bbox 2476 4348 2573 4402; x_wconf 79' lang='grc' dir='ltr'><strong>Διὰ</strong></span> <span class='ocrx_word' id='word_1_662' title='bbox 2608 4348 2766 4402; x_wconf 76' lang='grc' dir='ltr'><strong>τοῦτο</strong></span> <span class='ocrx_word' id='word_1_663' title='bbox 2794 4349 2895 4401; x_wconf 78' lang='grc' dir='ltr'><strong>οὐκ</strong></span> <span class='ocrx_word' id='word_1_664' title='bbox 2926 4346 3200 4417; x_wconf 67' lang='grc' dir='ltr'><strong>ὠφείλησε</strong></span> <span class='ocrx_word' id='word_1_665' title='bbox 3236 4362 3326 4418; x_wconf 85' lang='grc' dir='ltr'><strong>μοι</strong></span> <span class='ocrx_word' id='word_1_666' title='bbox 3363 4345 3484 4400; x_wconf 78' lang='grc' dir='ltr'><strong>οὐδὲ</strong></span> <span class='ocrx_word' id='word_1_667' title='bbox 3512 4339 3626 4408; x_wconf 77' lang='grc' dir='ltr'><strong>εἷς·</strong></span> <span class='ocrx_word' id='word_1_668' title='bbox 3659 4343 3744 4407; x_wconf 89' lang='grc' dir='ltr'><strong>τίς</strong></span> 
     </span>
    </p>
   </div>
   <div class='ocr_carea' id='block_1_88' title="bbox 485 4433 2066 4513">
    <p class='ocr_par' dir='ltr' id='par_1_88' title="bbox 485 4433 2058 4508">
     <span class='ocr_line' id='line_1_88' title="bbox 485 4433 2058 4508; baseline 0.004 -21"><span class='ocrx_word' id='word_1_669' title='bbox 485 4450 672 4504; x_wconf 88' lang='lat' dir='ltr'><strong>quam.</strong></span> <span class='ocrx_word' id='word_1_670' title='bbox 709 4433 768 4489; x_wconf 84' lang='lat' dir='ltr'><strong>Si</strong></span> <span class='ocrx_word' id='word_1_671' title='bbox 807 4436 931 4505; x_wconf 90' lang='lat' dir='ltr'><strong>quis</strong></span> <span class='ocrx_word' id='word_1_672' title='bbox 961 4436 1106 4491; x_wconf 88' lang='lat' dir='ltr'><strong>enim</strong></span> <span class='ocrx_word' id='word_1_673' title='bbox 1136 4438 1373 4492; x_wconf 81' lang='lat' dir='ltr'><strong>voluerit</strong></span> <span class='ocrx_word' id='word_1_674' title='bbox 1420 4452 1703 4494; x_wconf 86' lang='lat' dir='ltr'><strong>sermones</strong></span> <span class='ocrx_word' id='word_1_675' title='bbox 1731 4438 1825 4508; x_wconf 88' lang='lat' dir='ltr'><strong>qui</strong></span> <span class='ocrx_word' id='word_1_676' title='bbox 1861 4439 2058 4494; x_wconf 84' lang='lat' dir='ltr'><strong>dicun-</strong></span> 
     </span>
    </p>
   </div>
   <div class='ocr_carea' id='block_1_89' title="bbox 2170 4433 3749 4513">
    <p class='ocr_par' dir='ltr' id='par_1_89' title="bbox 2170 4435 3749 4513">
     <span class='ocr_line' id='line_1_89' title="bbox 2170 4435 3749 4513; baseline -0.003 -20"><span class='ocrx_word' id='word_1_677' title='bbox 2170 4440 2268 4513; x_wconf 61' lang='grc' dir='ltr'><strong>γὰρ</strong></span> <span class='ocrx_word' id='word_1_678' title='bbox 2311 4438 2646 4511; x_wconf 79' lang='grc' dir='ltr'><strong>παρεδέξατο</strong></span> <span class='ocrx_word' id='word_1_679' title='bbox 2678 4439 2747 4493; x_wconf 80' lang='grc' dir='ltr'><strong>τὰ</strong></span> <span class='ocrx_word' id='word_1_680' title='bbox 2778 4439 3069 4511; x_wconf 86' lang='grc' dir='ltr'><strong>λεγόμενα,</strong></span> <span class='ocrx_word' id='word_1_681' title='bbox 3099 4438 3185 4492; x_wconf 86' lang='grc' dir='ltr'><strong>ίνα</strong></span> <span class='ocrx_word' id='word_1_682' title='bbox 3217 4440 3282 4491; x_wconf 82' lang='grc' dir='ltr'><strong>ὲκ</strong></span> <span class='ocrx_word' id='word_1_683' title='bbox 3314 4438 3408 4490; x_wconf 81' lang='grc' dir='ltr'><strong>τοῦ</strong></span> <span class='ocrx_word' id='word_1_684' title='bbox 3450 4435 3749 4506; x_wconf 76' lang='grc' dir='ltr'><strong>παραδέχεο</strong></span> 
     </span>
    </p>
   </div>
   <div class='ocr_carea' id='block_1_90' title="bbox 487 4526 2066 4604">
    <p class='ocr_par' dir='ltr' id='par_1_90' title="bbox 487 4526 2057 4600">
     <span class='ocr_line' id='line_1_90' title="bbox 487 4526 2057 4600; baseline 0.003 -20"><span class='ocrx_word' id='word_1_685' title='bbox 487 4536 577 4580; x_wconf 90' lang='lat' dir='ltr'><strong>tur</strong></span> <span class='ocrx_word' id='word_1_686' title='bbox 603 4526 814 4589; x_wconf 84' lang='lat' dir='ltr'><strong>audire,</strong></span> <span class='ocrx_word' id='word_1_687' title='bbox 845 4527 1056 4581; x_wconf 85' lang='lat' dir='ltr'><strong>debitor</strong></span> <span class='ocrx_word' id='word_1_688' title='bbox 1085 4527 1144 4581; x_wconf 88' lang='lat' dir='ltr'><strong>tit</strong></span> <span class='ocrx_word' id='word_1_689' title='bbox 1161 4543 1376 4592; x_wconf 85' lang='lat' dir='ltr'><strong>eorum,</strong></span> <span class='ocrx_word' id='word_1_690' title='bbox 1400 4537 1454 4583; x_wconf 90' lang='lat' dir='ltr'><strong>et</strong></span> <span class='ocrx_word' id='word_1_691' title='bbox 1476 4530 1631 4600; x_wconf 79' lang='lat' dir='ltr'><strong>quasi</strong></span> <span class='ocrx_word' id='word_1_692' title='bbox 1659 4529 1873 4585; x_wconf 89' lang='lat' dir='ltr'><strong>debitor</strong></span> <span class='ocrx_word' id='word_1_693' title='bbox 1891 4530 2057 4584; x_wconf 89' lang='lat' dir='ltr'><strong>etiam</strong></span> 
     </span>
    </p>
   </div>
   <div class='ocr_carea' id='block_1_91' title="bbox 2170 4526 3743 4604">
    <p class='ocr_par' dir='ltr' id='par_1_91' title="bbox 2170 4527 3743 4604">
     <span class='ocr_line' id='line_1_91' title="bbox 2170 4527 3743 4604; baseline -0.004 -20"><span class='ocrx_word' id='word_1_694' title='bbox 2170 4530 2291 4585; x_wconf 86' lang='grc' dir='ltr'><strong>σθαι</strong></span> <span class='ocrx_word' id='word_1_695' title='bbox 2316 4532 2595 4603; x_wconf 73' lang='grc' dir='ltr'><strong>ὀφειλέτης</strong></span> <span class='ocrx_word' id='word_1_696' title='bbox 2620 4532 2846 4604; x_wconf 83' lang='grc' dir='ltr'><strong>γένηται</strong></span> <span class='ocrx_word' id='word_1_697' title='bbox 2874 4528 2948 4587; x_wconf 83' lang='grc' dir='ltr'><strong>ὧν</strong></span> <span class='ocrx_word' id='word_1_698' title='bbox 2985 4533 3203 4604; x_wconf 65' lang='grc' dir='ltr'><strong>ἤκουσε,</strong></span> <span class='ocrx_word' id='word_1_699' title='bbox 3238 4530 3331 4583; x_wconf 72' lang='grc' dir='ltr'><strong>καὶ</strong></span> <span class='ocrx_word' id='word_1_700' title='bbox 3362 4527 3641 4598; x_wconf 72' lang='grc' dir='ltr'><strong>ἀπαιτηθῇ</strong></span> <span class='ocrx_word' id='word_1_701' title='bbox 3664 4527 3743 4589; x_wconf 83' lang='grc' dir='ltr'><strong>ὡς</strong></span> 
     </span>
    </p>
   </div>
   <div class='ocr_carea' id='block_1_92' title="bbox 486 4614 2060 4689">
    <p class='ocr_par' dir='ltr' id='par_1_92' title="bbox 486 4614 2060 4689">
     <span class='ocr_line' id='line_1_92' title="bbox 486 4614 2060 4689; baseline 0.004 -20"><span class='ocrx_word' id='word_1_702' title='bbox 486 4630 684 4671; x_wconf 83' lang='lat' dir='ltr'><strong>usuras</strong></span> <span class='ocrx_word' id='word_1_703' title='bbox 716 4614 937 4670; x_wconf 88' lang='lat' dir='ltr'><strong>reddere</strong></span> <span class='ocrx_word' id='word_1_704' title='bbox 959 4615 1210 4686; x_wconf 75' lang='lat' dir='ltr'><strong>exigitur.</strong></span> <span class='ocrx_word' id='word_1_705' title='bbox 1250 4617 1325 4671; x_wconf 80' lang='lat' dir='ltr'><strong>Ex</strong></span> <span class='ocrx_word' id='word_1_706' title='bbox 1357 4633 1467 4688; x_wconf 91' lang='lat' dir='ltr'><strong>quo</strong></span> <span class='ocrx_word' id='word_1_707' title='bbox 1499 4618 1675 4689; x_wconf 77' lang='lat' dir='ltr'><strong>magis</strong></span> <span class='ocrx_word' id='word_1_708' title='bbox 1704 4620 1924 4689; x_wconf 78' lang='lat' dir='ltr'><strong>expedit</strong></span> <span class='ocrx_word' id='word_1_709' title='bbox 1960 4635 2060 4674; x_wconf 87' lang='lat' dir='ltr'><strong>au-</strong></span> 
     </span>
    </p>
   </div>
   <div class='ocr_carea' id='block_1_93' title="bbox 483 4705 2062 4777">
    <p class='ocr_par' dir='ltr' id='par_1_93' title="bbox 483 4705 2062 4777">
     <span class='ocr_line' id='line_1_93' title="bbox 483 4705 2062 4777; baseline 0.003 -17"><span class='ocrx_word' id='word_1_710' title='bbox 483 4706 754 4760; x_wconf 90' lang='lat' dir='ltr'><strong>ditoribus</strong></span> <span class='ocrx_word' id='word_1_711' title='bbox 782 4705 1028 4776; x_wconf 87' lang='lat' dir='ltr'><strong>accipere</strong></span> <span class='ocrx_word' id='word_1_712' title='bbox 1055 4706 1358 4777; x_wconf 59' lang='lat' dir='ltr'><strong>disciplinae</strong></span> <span class='ocrx_word' id='word_1_713' title='bbox 1384 4710 1549 4764; x_wconf 79' lang='lat' dir='ltr'><strong>verba</strong></span> <span class='ocrx_word' id='word_1_714' title='bbox 1572 4724 1698 4764; x_wconf 89' lang='lat' dir='ltr'><strong>cum</strong></span> <span class='ocrx_word' id='word_1_715' title='bbox 1739 4707 1977 4774; x_wconf 70' lang='lat' dir='ltr'><strong>foenore,</strong></span> <span class='ocrx_word' id='word_1_716' title='bbox 2005 4720 2062 4766; x_wconf 85' lang='lat' dir='ltr'><strong>et</strong></span> 
     </span>
    </p>
   </div>
   <div class='ocr_carea' id='block_1_94' title="bbox 485 4795 2061 4870">
    <p class='ocr_par' dir='ltr' id='par_1_94' title="bbox 485 4795 2061 4870">
     <span class='ocr_line' id='line_1_94' title="bbox 485 4795 2061 4870; baseline 0.003 -19"><span class='ocrx_word' id='word_1_717' title='bbox 485 4796 601 4851; x_wconf 81' lang='lat' dir='ltr'><strong>ileri</strong></span> <span class='ocrx_word' id='word_1_718' title='bbox 628 4795 923 4861; x_wconf 88' lang='lat' dir='ltr'><strong>debitores,</strong></span> <span class='ocrx_word' id='word_1_719' title='bbox 957 4811 1120 4866; x_wconf 88' lang='lat' dir='ltr'><strong>quam</strong></span> <span class='ocrx_word' id='word_1_720' title='bbox 1151 4813 1256 4853; x_wconf 90' lang='lat' dir='ltr'><strong>non</strong></span> <span class='ocrx_word' id='word_1_721' title='bbox 1281 4798 1549 4870; x_wconf 82' lang='lat' dir='ltr'><strong>accipere,</strong></span> <span class='ocrx_word' id='word_1_722' title='bbox 1584 4815 1684 4856; x_wconf 85' lang='lat' dir='ltr'><strong>nec</strong></span> <span class='ocrx_word' id='word_1_723' title='bbox 1711 4800 1929 4855; x_wconf 85' lang='lat' dir='ltr'><strong>debere.</strong></span> <span class='ocrx_word' id='word_1_724' title='bbox 1955 4802 2061 4856; x_wconf 87' lang='lat' dir='ltr'><strong>Ac-</strong></span> 
     </span>
    </p>
   </div>
   <div class='ocr_carea' id='block_1_95' title="bbox 485 4890 2058 4963">
    <p class='ocr_par' dir='ltr' id='par_1_95' title="bbox 485 4890 2058 4963">
     <span class='ocr_line' id='line_1_95' title="bbox 485 4890 2058 4963; baseline 0.002 -18"><span class='ocrx_word' id='word_1_725' title='bbox 485 4900 752 4946; x_wconf 89' lang='lat' dir='ltr'><strong>cusantur</strong></span> <span class='ocrx_word' id='word_1_726' title='bbox 791 4890 993 4961; x_wconf 90' lang='lat' dir='ltr'><strong>quippe</strong></span> <span class='ocrx_word' id='word_1_727' title='bbox 1028 4891 1187 4958; x_wconf 87' lang='lat' dir='ltr'><strong>tales,</strong></span> <span class='ocrx_word' id='word_1_728' title='bbox 1220 4892 1439 4949; x_wconf 85' lang='lat' dir='ltr'><strong>dicente</strong></span> <span class='ocrx_word' id='word_1_729' title='bbox 1484 4893 1746 4963; x_wconf 87' lang='lat' dir='ltr'><strong>propheta</strong></span> <span class='ocrx_word' id='word_1_730' title='bbox 1775 4910 1788 4947; x_wconf 88' lang='lat'><strong>:</strong></span> <span class='ocrx_word' id='word_1_731' title='bbox 1823 4891 1944 4947; x_wconf 79' lang='lat' dir='ltr'><strong>Non</strong></span> <span class='ocrx_word' id='word_1_732' title='bbox 1972 4894 2058 4948; x_wconf 79' lang='lat' dir='ltr'><strong>de-</strong></span> 
     </span>
    </p>
   </div>
   <div class='ocr_carea' id='block_1_96' title="bbox 484 4981 1072 5054">
    <p class='ocr_par' dir='ltr' id='par_1_96' title="bbox 484 4981 1072 5054">
     <span class='ocr_line' id='line_1_96' title="bbox 484 4981 1072 5054; baseline 0.003 -21"><span class='ocrx_word' id='word_1_733' title='bbox 484 4981 595 5035; x_wconf 76' lang='lat' dir='ltr'><strong>buit</strong></span> <span class='ocrx_word' id='word_1_734' title='bbox 627 4982 754 5036; x_wconf 81' lang='lat' dir='ltr'><strong>mihi</strong></span> <span class='ocrx_word' id='word_1_735' title='bbox 773 4983 1072 5054; x_wconf 83' lang='lat' dir='ltr'><strong>quisquam.</strong></span> 
     </span>
    </p>
   </div>
   <div class='ocr_carea' id='block_1_97' title="bbox 556 5071 2060 5144">
    <p class='ocr_par' dir='ltr' id='par_1_97' title="bbox 556 5071 2060 5144">
     <span class='ocr_line' id='line_1_97' title="bbox 556 5071 2060 5144; baseline 0.001 -17"><span class='ocrx_word' id='word_1_736' title='bbox 556 5073 609 5127; x_wconf 86' lang='lat'><strong>5.</strong></span> <span class='ocrx_word' id='word_1_737' title='bbox 651 5071 808 5139; x_wconf 89' lang='lat' dir='ltr'><strong>Quod</strong></span> <span class='ocrx_word' id='word_1_738' title='bbox 840 5073 916 5128; x_wconf 89' lang='lat' dir='ltr'><strong>ait</strong></span> <span class='ocrx_word' id='word_1_739' title='bbox 940 5072 1025 5127; x_wconf 83' lang='grc' dir='ltr'><strong>⁸⁸ι</strong></span> <span class='ocrx_word' id='word_1_740' title='bbox 1063 5072 1179 5128; x_wconf 83' lang='lat' dir='ltr'><strong>Heu</strong></span> <span class='ocrx_word' id='word_1_741' title='bbox 1198 5075 1349 5138; x_wconf 83' lang='lat' dir='ltr'><strong>mihi,</strong></span> <span class='ocrx_word' id='word_1_742' title='bbox 1386 5091 1502 5129; x_wconf 84' lang='lat' dir='ltr'><strong>mea</strong></span> <span class='ocrx_word' id='word_1_743' title='bbox 1542 5083 1731 5138; x_wconf 85' lang='lat' dir='ltr'><strong>mater,</strong></span> <span class='ocrx_word' id='word_1_744' title='bbox 1778 5091 1939 5144; x_wconf 86' lang='lat' dir='ltr'><strong>quare</strong></span> <span class='ocrx_word' id='word_1_745' title='bbox 1980 5091 2060 5129; x_wconf 87' lang='lat' dir='ltr'><strong>me</strong></span> 
     </span>
    </p>
   </div>
   <div class='ocr_carea' id='block_1_98' title="bbox 484 5163 2060 5234">
    <p class='ocr_par' dir='ltr' id='par_1_98' title="bbox 484 5163 2060 5234">
     <span class='ocr_line' id='line_1_98' title="bbox 484 5163 2060 5234; baseline 0.001 -17"><span class='ocrx_word' id='word_1_746' title='bbox 484 5163 711 5234; x_wconf 78' lang='lat' dir='ltr'><strong>genuisti</strong></span> <span class='ocrx_word' id='word_1_747' title='bbox 754 5164 926 5218; x_wconf 78' lang='lat' dir='ltr'><strong>uirum</strong></span> <span class='ocrx_word' id='word_1_748' title='bbox 955 5165 1045 5234; x_wconf 85' lang='lat' dir='ltr'><strong>qui</strong></span> <span class='ocrx_word' id='word_1_749' title='bbox 1064 5164 1273 5233; x_wconf 76' lang='lat' dir='ltr'><strong>iudicer</strong></span> <span class='ocrx_word' id='word_1_750' title='bbox 1296 5174 1346 5219; x_wconf 88' lang='lat' dir='ltr'><strong>et</strong></span> <span class='ocrx_word' id='word_1_751' title='bbox 1384 5165 1659 5221; x_wconf 75' lang='lat' dir='ltr'><strong>discantur</strong></span> <span class='ocrx_word' id='word_1_752' title='bbox 1683 5167 1827 5219; x_wconf 83' lang='lat' dir='ltr'><strong>omni</strong></span> <span class='ocrx_word' id='word_1_753' title='bbox 1852 5175 2008 5229; x_wconf 72' lang='lat' dir='ltr'><strong>terra;</strong></span> <span class='ocrx_word' id='word_1_754' title='bbox 2032 5167 2060 5219; x_wconf 68' lang='lat'><strong>.9</strong></span> 
     </span>
    </p>
   </div>
   <div class='ocr_carea' id='block_1_99' title="bbox 482 5254 2056 5327">
    <p class='ocr_par' dir='ltr' id='par_1_99' title="bbox 482 5254 2056 5327">
     <span class='ocr_line' id='line_1_99' title="bbox 482 5254 2056 5327; baseline -0.001 -17"><span class='ocrx_word' id='word_1_755' title='bbox 482 5270 591 5312; x_wconf 82' lang='lat' dir='ltr'><strong>non</strong></span> <span class='ocrx_word' id='word_1_756' title='bbox 620 5257 700 5312; x_wconf 90' lang='lat' dir='ltr'><strong>sic</strong></span> <span class='ocrx_word' id='word_1_757' title='bbox 732 5257 989 5313; x_wconf 78' lang='lat' dir='ltr'><strong>existimo</strong></span> <span class='ocrx_word' id='word_1_758' title='bbox 1016 5258 1307 5313; x_wconf 82' lang='lat' dir='ltr'><strong>convenire</strong></span> <span class='ocrx_word' id='word_1_759' title='bbox 1334 5257 1456 5314; x_wconf 85' lang='lat' dir='ltr'><strong>aliis</strong></span> <span class='ocrx_word' id='word_1_760' title='bbox 1490 5256 1771 5327; x_wconf 88' lang='lat' dir='ltr'><strong>prophetis</strong></span> <span class='ocrx_word' id='word_1_761' title='bbox 1816 5264 1873 5310; x_wconf 88' lang='lat' dir='ltr'><strong>ut</strong></span> <span class='ocrx_word' id='word_1_762' title='bbox 1905 5254 2056 5310; x_wconf 71' lang='lat' dir='ltr'><strong>lere-</strong></span> 
     </span>
    </p>
   </div>
   <div class='ocr_carea' id='block_1_100' title="bbox 484 5347 2057 5420">
    <p class='ocr_par' dir='ltr' id='par_1_100' title="bbox 484 5347 2057 5420">
     <span class='ocr_line' id='line_1_100' title="bbox 484 5347 2057 5420; baseline -0.001 -18"><span class='ocrx_word' id='word_1_763' title='bbox 484 5349 607 5403; x_wconf 63' lang='lat' dir='ltr'><strong>mias</strong></span> <span class='ocrx_word' id='word_1_764' title='bbox 652 5350 858 5405; x_wconf 88' lang='lat' dir='ltr'><strong>:multi</strong></span> <span class='ocrx_word' id='word_1_765' title='bbox 904 5349 1174 5419; x_wconf 89' lang='lat' dir='ltr'><strong>siquidem</strong></span> <span class='ocrx_word' id='word_1_766' title='bbox 1228 5350 1615 5420; x_wconf 83' lang='lat' dir='ltr'><strong>prophetarum</strong></span> <span class='ocrx_word' id='word_1_767' title='bbox 1667 5357 1788 5419; x_wconf 89' lang='lat' dir='ltr'><strong>post</strong></span> <span class='ocrx_word' id='word_1_768' title='bbox 1838 5347 2057 5417; x_wconf 88' lang='lat' dir='ltr'><strong>aliquod</strong></span> 
     </span>
    </p>
   </div>
   <div class='ocr_carea' id='block_1_101' title="bbox 486 5436 2060 5510">
    <p class='ocr_par' dir='ltr' id='par_1_101' title="bbox 486 5436 2060 5510">
     <span class='ocr_line' id='line_1_101' title="bbox 486 5436 2060 5510; baseline -0.003 -16"><span class='ocrx_word' id='word_1_769' title='bbox 486 5439 745 5509; x_wconf 80' lang='lat' dir='ltr'><strong>spatium,</strong></span> <span class='ocrx_word' id='word_1_770' title='bbox 782 5440 961 5510; x_wconf 85' lang='lat' dir='ltr'><strong>primo</strong></span> <span class='ocrx_word' id='word_1_771' title='bbox 995 5440 1145 5504; x_wconf 89' lang='lat' dir='ltr'><strong>mali,</strong></span> <span class='ocrx_word' id='word_1_772' title='bbox 1178 5449 1234 5494; x_wconf 88' lang='lat' dir='ltr'><strong>et</strong></span> <span class='ocrx_word' id='word_1_773' title='bbox 1255 5440 1367 5509; x_wconf 84' lang='lat' dir='ltr'><strong>jam</strong></span> <span class='ocrx_word' id='word_1_774' title='bbox 1394 5448 1518 5509; x_wconf 88' lang='lat' dir='ltr'><strong>post</strong></span> <span class='ocrx_word' id='word_1_775' title='bbox 1544 5447 1765 5509; x_wconf 80' lang='lat' dir='ltr'><strong>peccata</strong></span> <span class='ocrx_word' id='word_1_776' title='bbox 1785 5436 2060 5499; x_wconf 85' lang='lat' dir='ltr'><strong>conversi,</strong></span> 
     </span>
    </p>
   </div>
   <div class='ocr_carea' id='block_1_102' title="bbox 486 5528 2060 5601">
    <p class='ocr_par' dir='ltr' id='par_1_102' title="bbox 486 5528 2060 5601">
     <span class='ocr_line' id='line_1_102' title="bbox 486 5528 2060 5601; baseline -0.001 -20"><span class='ocrx_word' id='word_1_777' title='bbox 486 5529 808 5599; x_wconf 85' lang='lat' dir='ltr'><strong>prophetare</strong></span> <span class='ocrx_word' id='word_1_778' title='bbox 836 5540 1119 5601; x_wconf 71' lang='lat' dir='ltr'><strong>creperum</strong></span> <span class='ocrx_word' id='word_1_779' title='bbox 1144 5549 1156 5583; x_wconf 91' lang='lat'><strong>:</strong></span> <span class='ocrx_word' id='word_1_780' title='bbox 1187 5528 1454 5585; x_wconf 82' lang='lat' dir='ltr'><strong>Jeremias</strong></span> <span class='ocrx_word' id='word_1_781' title='bbox 1480 5545 1611 5584; x_wconf 82' lang='lat' dir='ltr'><strong>vero</strong></span> <span class='ocrx_word' id='word_1_782' title='bbox 1646 5546 1675 5585; x_wconf 87' lang='lat' dir='ltr'><strong>a</strong></span> <span class='ocrx_word' id='word_1_783' title='bbox 1713 5544 1881 5600; x_wconf 89' lang='lat' dir='ltr'><strong>puero</strong></span> <span class='ocrx_word' id='word_1_784' title='bbox 1911 5542 2060 5584; x_wconf 84' lang='lat' dir='ltr'><strong>sum-</strong></span> 
     </span>
    </p>
   </div>
   <div class='ocr_carea' id='block_1_103' title="bbox 487 5620 2060 5694">
    <p class='ocr_par' dir='ltr' id='par_1_103' title="bbox 487 5620 2060 5694">
     <span class='ocr_line' id='line_1_103' title="bbox 487 5620 2060 5694; baseline 0.003 -22"><span class='ocrx_word' id='word_1_785' title='bbox 487 5621 588 5690; x_wconf 82' lang='lat' dir='ltr'><strong>psit</strong></span> <span class='ocrx_word' id='word_1_786' title='bbox 620 5622 1026 5678; x_wconf 82' lang='lat' dir='ltr'><strong>vaticinationis</strong></span> <span class='ocrx_word' id='word_1_787' title='bbox 1050 5621 1356 5677; x_wconf 76' lang='lat' dir='ltr'><strong>exordium.</strong></span> <span class='ocrx_word' id='word_1_788' title='bbox 1388 5620 1453 5677; x_wconf 86' lang='lat' dir='ltr'><strong>Et</strong></span> <span class='ocrx_word' id='word_1_789' title='bbox 1477 5622 1640 5694; x_wconf 78' lang='lat' dir='ltr'><strong>hujus</strong></span> <span class='ocrx_word' id='word_1_790' title='bbox 1664 5622 1740 5677; x_wconf 72' lang='lat' dir='ltr'><strong>rei</strong></span> <span class='ocrx_word' id='word_1_791' title='bbox 1766 5637 2060 5693; x_wconf 87' lang='lat' dir='ltr'><strong>possumus</strong></span> 
     </span>
    </p>
   </div>
   <div class='ocr_carea' id='block_1_104' title="bbox 555 5784 1495 5856">
    <p class='ocr_par' dir='ltr' id='par_1_104' title="bbox 555 5784 1495 5856">
     <span class='ocr_line' id='line_1_104' title="bbox 555 5784 1495 5856; baseline 0.004 -18"><span class='ocrx_word' id='word_1_792' title='bbox 555 5784 599 5816; x_wconf 79' lang='lat'><strong>“</strong></span> <span class='ocrx_word' id='word_1_793' title='bbox 636 5787 793 5841; x_wconf 77' lang='lat' dir='ltr'><strong>Rom.</strong></span> <span class='ocrx_word' id='word_1_794' title='bbox 832 5804 948 5856; x_wconf 64' lang='grc' dir='ltr'><strong>χιιι,</strong></span> <span class='ocrx_word' id='word_1_795' title='bbox 996 5790 1045 5845; x_wconf 91' lang='lat'><strong>7.</strong></span> <span class='ocrx_word' id='word_1_796' title='bbox 1073 5788 1117 5822; x_wconf 82' lang='grc'><strong><em>³⁸</em></strong></span> <span class='ocrx_word' id='word_1_797' title='bbox 1145 5790 1252 5845; x_wconf 79' lang='lat' dir='ltr'><strong>Jer.</strong></span> <span class='ocrx_word' id='word_1_798' title='bbox 1289 5807 1376 5855; x_wconf 72' lang='lat' dir='ltr'><strong>sv,</strong></span> <span class='ocrx_word' id='word_1_799' title='bbox 1414 5791 1495 5843; x_wconf 86' lang='lat' dir='ltr'><strong>l0.</strong></span> 
     </span>
    </p>
   </div>
   <div class='ocr_carea' id='block_1_105' title="bbox 2165 4612 3736 4696">
    <p class='ocr_par' dir='ltr' id='par_1_105' title="bbox 2165 4612 3736 4696">
     <span class='ocr_line' id='line_1_105' title="bbox 2165 4612 3736 4696; baseline -0.005 -21"><span class='ocrx_word' id='word_1_800' title='bbox 2165 4622 2447 4693; x_wconf 84' lang='grc' dir='ltr'><strong>ὀφειλέτης</strong></span> <span class='ocrx_word' id='word_1_801' title='bbox 2482 4623 2591 4677; x_wconf 83' lang='grc' dir='ltr'><strong>τῶν</strong></span> <span class='ocrx_word' id='word_1_802' title='bbox 2623 4623 2926 4696; x_wconf 72' lang='grc' dir='ltr'><strong>λεγομένων</strong></span> <span class='ocrx_word' id='word_1_803' title='bbox 2961 4624 3086 4687; x_wconf 76' lang='grc' dir='ltr'><strong>τοὺς</strong></span> <span class='ocrx_word' id='word_1_804' title='bbox 3121 4621 3339 4684; x_wconf 85' lang='grc' dir='ltr'><strong>τόκους;</strong></span> <span class='ocrx_word' id='word_1_805' title='bbox 3393 4618 3609 4670; x_wconf 80' lang='grc' dir='ltr'><strong>Βέλτιον</strong></span> <span class='ocrx_word' id='word_1_806' title='bbox 3642 4612 3736 4668; x_wconf 81' lang='grc' dir='ltr'><strong>οὖν</strong></span> 
     </span>
    </p>
   </div>
   <div class='ocr_carea' id='block_1_106' title="bbox 2167 4706 3742 4786">
    <p class='ocr_par' dir='ltr' id='par_1_106' title="bbox 2167 4706 3742 4786">
     <span class='ocr_line' id='line_1_106' title="bbox 2167 4706 3742 4786; baseline -0.006 -19"><span class='ocrx_word' id='word_1_807' title='bbox 2167 4714 2309 4769; x_wconf 76' lang='grc' dir='ltr'><strong>κατὰ</strong></span> <span class='ocrx_word' id='word_1_808' title='bbox 2334 4715 2491 4769; x_wconf 76' lang='grc' dir='ltr'><strong>τοῦτο</strong></span> <span class='ocrx_word' id='word_1_809' title='bbox 2508 4715 2691 4769; x_wconf 83' lang='grc' dir='ltr'><strong>λαϐεῖν</strong></span> <span class='ocrx_word' id='word_1_810' title='bbox 2718 4714 2811 4769; x_wconf 71' lang='grc' dir='ltr'><strong>τὸν</strong></span> <span class='ocrx_word' id='word_1_811' title='bbox 2833 4712 3107 4786; x_wconf 81' lang='grc' dir='ltr'><strong>ἀκροατὴν</strong></span> <span class='ocrx_word' id='word_1_812' title='bbox 3139 4711 3246 4765; x_wconf 80' lang='grc' dir='ltr'><strong>ἀπὸ</strong></span> <span class='ocrx_word' id='word_1_813' title='bbox 3273 4709 3366 4763; x_wconf 81' lang='grc' dir='ltr'><strong>τοῦ</strong></span> <span class='ocrx_word' id='word_1_814' title='bbox 3392 4709 3640 4777; x_wconf 80' lang='grc' dir='ltr'><strong>λέγοντος</strong></span> <span class='ocrx_word' id='word_1_815' title='bbox 3654 4706 3742 4759; x_wconf 84' lang='grc' dir='ltr'><strong>λο-</strong></span> 
     </span>
    </p>
   </div>
   <div class='ocr_carea' id='block_1_107' title="bbox 2168 4797 3739 4876">
    <p class='ocr_par' dir='ltr' id='par_1_107' title="bbox 2168 4797 3739 4876">
     <span class='ocr_line' id='line_1_107' title="bbox 2168 4797 3739 4876; baseline -0.004 -19"><span class='ocrx_word' id='word_1_816' title='bbox 2168 4805 2302 4872; x_wconf 80' lang='grc' dir='ltr'><strong>γικὰ</strong></span> <span class='ocrx_word' id='word_1_817' title='bbox 2343 4803 2610 4876; x_wconf 80' lang='grc' dir='ltr'><strong>ἀργύρια.</strong></span> <span class='ocrx_word' id='word_1_818' title='bbox 2657 4804 2751 4857; x_wconf 81' lang='grc' dir='ltr'><strong>καὶ</strong></span> <span class='ocrx_word' id='word_1_819' title='bbox 2792 4803 3045 4873; x_wconf 73' lang='grc' dir='ltr'><strong>ὀφείλειν,</strong></span> <span class='ocrx_word' id='word_1_820' title='bbox 3078 4801 3111 4872; x_wconf 84' lang='grc' dir='ltr'>ἢ</span> <span class='ocrx_word' id='word_1_821' title='bbox 3158 4802 3232 4871; x_wconf 80' lang='grc' dir='ltr'><strong>μὴ</strong></span> <span class='ocrx_word' id='word_1_822' title='bbox 3266 4797 3739 4871; x_wconf 79' lang='grc' dir='ltr'><strong>παραδεχόμενον,</strong></span> 
     </span>
    </p>
   </div>
   <div class='ocr_carea' id='block_1_108' title="bbox 2172 4886 3742 4966">
    <p class='ocr_par' dir='ltr' id='par_1_108' title="bbox 2172 4886 3742 4966">
     <span class='ocr_line' id='line_1_108' title="bbox 2172 4886 3742 4966; baseline -0.004 -18"><span class='ocrx_word' id='word_1_823' title='bbox 2172 4894 2309 4966; x_wconf 74' lang='grc' dir='ltr'><strong>μηδὲ</strong></span> <span class='ocrx_word' id='word_1_824' title='bbox 2341 4892 2707 4964; x_wconf 80' lang='grc' dir='ltr'><strong>λαμϐάνοντα,</strong></span> <span class='ocrx_word' id='word_1_825' title='bbox 2743 4893 2878 4966; x_wconf 73' lang='grc' dir='ltr'><strong>μηδὲ</strong></span> <span class='ocrx_word' id='word_1_826' title='bbox 2908 4892 3170 4963; x_wconf 78' lang='grc' dir='ltr'><strong>ὀφείλειν.</strong></span> <span class='ocrx_word' id='word_1_827' title='bbox 3221 4890 3310 4953; x_wconf 82' lang='grc' dir='ltr'><strong>Ὠς</strong></span> <span class='ocrx_word' id='word_1_828' title='bbox 3337 4891 3399 4942; x_wconf 81' lang='grc' dir='ltr'><strong>ὲν</strong></span> <span class='ocrx_word' id='word_1_829' title='bbox 3429 4886 3742 4959; x_wconf 75' lang='grc' dir='ltr'><strong>ἐγκλήμασι</strong></span> 
     </span>
    </p>
   </div>
   <div class='ocr_carea' id='block_1_109' title="bbox 2167 4977 3622 5057">
    <p class='ocr_par' dir='ltr' id='par_1_109' title="bbox 2167 4977 3622 5057">
     <span class='ocr_line' id='line_1_109' title="bbox 2167 4977 3622 5057; baseline -0.003 -18"><span class='ocrx_word' id='word_1_830' title='bbox 2167 4987 2275 5057; x_wconf 70' lang='grc' dir='ltr'><strong>γὰρ</strong></span> <span class='ocrx_word' id='word_1_831' title='bbox 2305 4988 2480 5039; x_wconf 88' lang='grc' dir='ltr'><strong>κεῖται</strong></span> <span class='ocrx_word' id='word_1_832' title='bbox 2507 4986 2602 5039; x_wconf 81' lang='grc' dir='ltr'><strong>καὶ</strong></span> <span class='ocrx_word' id='word_1_833' title='bbox 2630 4986 2710 5050; x_wconf 87' lang='grc' dir='ltr'><strong>τὸ,</strong></span> <span class='ocrx_word' id='word_1_834' title='bbox 2737 4989 2857 5041; x_wconf 83' lang='grc' dir='ltr'><strong>Οὐκ</strong></span> <span class='ocrx_word' id='word_1_835' title='bbox 2880 4982 3180 5054; x_wconf 63' lang='grc' dir='ltr'><strong>ὠφείλησέ</strong></span> <span class='ocrx_word' id='word_1_836' title='bbox 3202 4998 3304 5051; x_wconf 81' lang='grc' dir='ltr'><strong>μοι</strong></span> <span class='ocrx_word' id='word_1_837' title='bbox 3330 4979 3475 5035; x_wconf 83' lang='grc' dir='ltr'><strong>οὐδὲ</strong></span> <span class='ocrx_word' id='word_1_838' title='bbox 3516 4977 3622 5047; x_wconf 72' lang='grc' dir='ltr'><strong>εἷς.</strong></span> 
     </span>
    </p>
   </div>
   <div class='ocr_carea' id='block_1_110' title="bbox 2238 5069 3738 5146">
    <p class='ocr_par' dir='ltr' id='par_1_110' title="bbox 2238 5069 3738 5146">
     <span class='ocr_line' id='line_1_110' title="bbox 2238 5069 3738 5146; baseline -0.003 -17"><span class='ocrx_word' id='word_1_839' title='bbox 2238 5076 2312 5129; x_wconf 76' lang='grc' dir='ltr'>Τὸ</span> <span class='ocrx_word' id='word_1_840' title='bbox 2326 5076 2401 5129; x_wconf 76' lang='grc' dir='ltr'><strong>δέ·</strong></span> <span class='ocrx_word' id='word_1_841' title='bbox 2421 5076 2607 5146; x_wconf 82' lang='grc' dir='ltr'><strong>Οῖμοι,</strong></span> <span class='ocrx_word' id='word_1_842' title='bbox 2627 5073 2832 5145; x_wconf 80' lang='grc' dir='ltr'><strong>μῆτερ,</strong></span> <span class='ocrx_word' id='word_1_843' title='bbox 2849 5074 2929 5139; x_wconf 85' lang='grc' dir='ltr'><strong>ὠς</strong></span> <span class='ocrx_word' id='word_1_844' title='bbox 2953 5074 3085 5126; x_wconf 81' lang='grc' dir='ltr'><strong>τίνα</strong></span> <span class='ocrx_word' id='word_1_845' title='bbox 3100 5088 3175 5140; x_wconf 80' lang='grc' dir='ltr'><strong>με</strong></span> <span class='ocrx_word' id='word_1_846' title='bbox 3191 5069 3527 5139; x_wconf 71' lang='grc' dir='ltr'><strong>ἐγέννησας</strong></span> <span class='ocrx_word' id='word_1_847' title='bbox 3547 5069 3738 5138; x_wconf 74' lang='grc' dir='ltr'><strong>ἄνδρα</strong></span> 
     </span>
    </p>
   </div>
   <div class='ocr_carea' id='block_1_111' title="bbox 2161 5162 3739 5237">
    <p class='ocr_par' dir='ltr' id='par_1_111' title="bbox 2161 5162 3739 5237">
     <span class='ocr_line' id='line_1_111' title="bbox 2161 5162 3739 5237; baseline -0.004 -14"><span class='ocrx_word' id='word_1_848' title='bbox 2161 5167 2544 5237; x_wconf 66' lang='grc' dir='ltr'><strong>δικαζὶίμενον</strong></span> <span class='ocrx_word' id='word_1_849' title='bbox 2580 5168 2679 5222; x_wconf 75' lang='grc' dir='ltr'><strong>καὶ</strong></span> <span class='ocrx_word' id='word_1_850' title='bbox 2719 5166 3169 5235; x_wconf 80' lang='grc' dir='ltr'><strong>διακρινόμενον</strong></span> <span class='ocrx_word' id='word_1_851' title='bbox 3208 5164 3278 5217; x_wconf 81' lang='grc' dir='ltr'><strong>ἐν</strong></span> <span class='ocrx_word' id='word_1_852' title='bbox 3315 5162 3480 5231; x_wconf 78' lang='grc' dir='ltr'><strong>πάσῃ</strong></span> <span class='ocrx_word' id='word_1_853' title='bbox 3513 5162 3587 5232; x_wconf 76' lang='grc' dir='ltr'><strong>τῇ</strong></span> <span class='ocrx_word' id='word_1_854' title='bbox 3630 5162 3708 5232; x_wconf 75' lang='grc' dir='ltr'><strong>τῇ</strong></span> <span class='ocrx_word' id='word_1_855' title='bbox 3722 5180 3739 5226; x_wconf 84' lang='lat'><strong>;</strong></span> 
     </span>
    </p>
   </div>
   <div class='ocr_carea' id='block_1_112' title="bbox 2166 5254 3740 5332">
    <p class='ocr_par' dir='ltr' id='par_1_112' title="bbox 2166 5254 3740 5332">
     <span class='ocr_line' id='line_1_112' title="bbox 2166 5254 3740 5332; baseline -0.004 -16"><span class='ocrx_word' id='word_1_856' title='bbox 2166 5263 2268 5316; x_wconf 81' lang='grc' dir='ltr'><strong>οὐκ</strong></span> <span class='ocrx_word' id='word_1_857' title='bbox 2295 5257 2444 5332; x_wconf 78' lang='grc' dir='ltr'><strong>οἶμαι</strong></span> <span class='ocrx_word' id='word_1_858' title='bbox 2479 5264 2590 5325; x_wconf 88' lang='grc' dir='ltr'><strong>τοῖς</strong></span> <span class='ocrx_word' id='word_1_859' title='bbox 2617 5260 2796 5322; x_wconf 76' lang='grc' dir='ltr'><strong>ἄλλοις</strong></span> <span class='ocrx_word' id='word_1_860' title='bbox 2827 5257 2998 5320; x_wconf 74' lang='grc' dir='ltr'><strong>οὕτως</strong></span> <span class='ocrx_word' id='word_1_861' title='bbox 3031 5254 3291 5326; x_wconf 76' lang='grc' dir='ltr'><strong>ἁρμόζειν</strong></span> <span class='ocrx_word' id='word_1_862' title='bbox 3329 5259 3630 5329; x_wconf 77' lang='grc' dir='ltr'><strong>προφήταις</strong></span> <span class='ocrx_word' id='word_1_863' title='bbox 3650 5256 3740 5309; x_wconf 73' lang='grc' dir='ltr'><strong>λέ-</strong></span> 
     </span>
    </p>
   </div>
   <div class='ocr_carea' id='block_1_113' title="bbox 2166 5343 3726 5419">
    <p class='ocr_par' dir='ltr' id='par_1_113' title="bbox 2166 5343 3726 5419">
     <span class='ocr_line' id='line_1_113' title="bbox 2166 5343 3726 5419; baseline -0.003 -16"><span class='ocrx_word' id='word_1_864' title='bbox 2166 5368 2303 5418; x_wconf 76' lang='grc' dir='ltr'><strong>γειν,</strong></span> <span class='ocrx_word' id='word_1_865' title='bbox 2334 5350 2409 5415; x_wconf 85' lang='grc' dir='ltr'><strong>ὠς</strong></span> <span class='ocrx_word' id='word_1_866' title='bbox 2433 5348 2511 5419; x_wconf 80' lang='grc' dir='ltr'><strong>τῷ</strong></span> <span class='ocrx_word' id='word_1_867' title='bbox 2548 5348 2814 5419; x_wconf 71' lang='grc' dir='ltr'><strong>Ἱερεμίᾳ·</strong></span> <span class='ocrx_word' id='word_1_868' title='bbox 2849 5347 2899 5399; x_wconf 79' lang='lat' dir='ltr'><strong>oi</strong></span> <span class='ocrx_word' id='word_1_869' title='bbox 2934 5345 3031 5415; x_wconf 83' lang='grc' dir='ltr'><strong>μὲν</strong></span> <span class='ocrx_word' id='word_1_870' title='bbox 3052 5346 3162 5417; x_wconf 84' lang='grc' dir='ltr'><strong>γὰρ</strong></span> <span class='ocrx_word' id='word_1_871' title='bbox 3189 5345 3375 5399; x_wconf 57' lang='grc' dir='ltr'><strong>πολλοὶ¹</strong></span> <span class='ocrx_word' id='word_1_872' title='bbox 3395 5343 3503 5398; x_wconf 71' lang='grc' dir='ltr'><strong>τῶν</strong></span> <span class='ocrx_word' id='word_1_873' title='bbox 3526 5358 3726 5415; x_wconf 68' lang='grc' dir='ltr'><strong>προφην</strong></span> 
     </span>
    </p>
   </div>
   <div class='ocr_carea' id='block_1_114' title="bbox 2164 5431 3741 5512">
    <p class='ocr_par' dir='ltr' id='par_1_114' title="bbox 2164 5431 3741 5512">
     <span class='ocr_line' id='line_1_114' title="bbox 2164 5431 3741 5512; baseline -0.006 -17"><span class='ocrx_word' id='word_1_874' title='bbox 2164 5443 2291 5506; x_wconf 80' lang='grc' dir='ltr'><strong>τῶν,</strong></span> <span class='ocrx_word' id='word_1_875' title='bbox 2324 5444 2461 5512; x_wconf 78' lang='grc' dir='ltr'><strong>μετά</strong></span> <span class='ocrx_word' id='word_1_876' title='bbox 2486 5458 2636 5503; x_wconf 85' lang='grc' dir='ltr'><strong>τινας</strong></span> <span class='ocrx_word' id='word_1_877' title='bbox 2656 5438 2913 5509; x_wconf 86' lang='grc' dir='ltr'><strong>χρόνους,</strong></span> <span class='ocrx_word' id='word_1_878' title='bbox 2944 5436 3080 5507; x_wconf 75' lang='grc' dir='ltr'><strong>μετὰ</strong></span> <span class='ocrx_word' id='word_1_879' title='bbox 3115 5436 3211 5508; x_wconf 83' lang='grc' dir='ltr'><strong>τήν</strong></span> <span class='ocrx_word' id='word_1_880' title='bbox 3244 5436 3464 5499; x_wconf 89' lang='grc' dir='ltr'><strong>κακίαν,</strong></span> <span class='ocrx_word' id='word_1_881' title='bbox 3499 5432 3637 5506; x_wconf 73' lang='grc' dir='ltr'><strong>μετὰ</strong></span> <span class='ocrx_word' id='word_1_882' title='bbox 3666 5431 3741 5486; x_wconf 78' lang='grc' dir='ltr'><strong>τὰ</strong></span> 
     </span>
    </p>
   </div>
   <div class='ocr_carea' id='block_1_115' title="bbox 2166 5525 3735 5604">
    <p class='ocr_par' dir='ltr' id='par_1_115' title="bbox 2166 5525 3735 5604">
     <span class='ocr_line' id='line_1_115' title="bbox 2166 5525 3735 5604; baseline -0.004 -19"><span class='ocrx_word' id='word_1_883' title='bbox 2166 5533 2539 5604; x_wconf 80' lang='grc' dir='ltr'><strong>ἁμαρτήματα</strong></span> <span class='ocrx_word' id='word_1_884' title='bbox 2590 5528 3002 5599; x_wconf 82' lang='grc' dir='ltr'><strong>μεταϐαλόντες,</strong></span> <span class='ocrx_word' id='word_1_885' title='bbox 3052 5526 3415 5600; x_wconf 80' lang='grc' dir='ltr'><strong>προφητεύειν</strong></span> <span class='ocrx_word' id='word_1_886' title='bbox 3469 5525 3735 5598; x_wconf 70' lang='grc' dir='ltr'><strong>ἤρξαντο·</strong></span> 
     </span>
    </p>
   </div>
   <div class='ocr_carea' id='block_1_116' title="bbox 2175 5610 3734 5695">
    <p class='ocr_par' dir='ltr' id='par_1_116' title="bbox 2175 5610 3734 5695">
     <span class='ocr_line' id='line_1_116' title="bbox 2175 5610 3734 5695; baseline -0.008 -18"><span class='ocrx_word' id='word_1_887' title='bbox 2175 5622 2442 5695; x_wconf 64' lang='grc' dir='ltr'><strong>Ἱερεμίας</strong></span> <span class='ocrx_word' id='word_1_888' title='bbox 2469 5621 2525 5673; x_wconf 79' lang='grc' dir='ltr'><strong>δὲ</strong></span> <span class='ocrx_word' id='word_1_889' title='bbox 2555 5622 2617 5673; x_wconf 80' lang='grc' dir='ltr'><strong>ὲκ</strong></span> <span class='ocrx_word' id='word_1_890' title='bbox 2655 5619 2858 5673; x_wconf 84' lang='grc' dir='ltr'><strong>παίδων</strong></span> <span class='ocrx_word' id='word_1_891' title='bbox 2894 5619 3245 5691; x_wconf 67' lang='grc' dir='ltr'><strong>προφητεύει.</strong></span> <span class='ocrx_word' id='word_1_892' title='bbox 3278 5619 3384 5675; x_wconf 75' lang='grc' dir='ltr'><strong>Καὶ</strong></span> <span class='ocrx_word' id='word_1_893' title='bbox 3412 5618 3526 5671; x_wconf 77' lang='grc' dir='ltr'><strong>ἔστι</strong></span> <span class='ocrx_word' id='word_1_894' title='bbox 3554 5610 3734 5683; x_wconf 73' lang='grc' dir='ltr'><strong>παρὰ·</strong></span> 
     </span>
    </p>
   </div>
  </div>
