4122 6430
437 315 535 368 4H

1934 317 2260 374 ORIGENIS

3605 327 3709 381 ιω

439 431 602 486 modo
628 431 818 488 videns
843 433 1142 490 Jerusalem
1168 433 1376 490 ﬂeverit
1401 452 1566 507 super
1589 453 1732 500 eam,
1767 437 1894 508 quia
1928 438 2001 491 di-

2114 439 2170 489 ὲν
2196 435 2648 507 τῷεὐαγγελὶῳ,
2685 437 2769 490 ὅτι
2807 436 2929 491 ἰδὼν
2969 438 3069 510 τὴν
3113 438 3472 512 Ἰερουσαλὴμ
3516 441 3713 496 ἔκλαυ-

438 527 578 579 xerit
597 526 643 558 ³⁹
669 542 682 579 :
712 527 1362 592 JerusalemJernsalcvn,
1397 547 1516 600 quia
1550 531 1749 585 occidis
1785 531 2011 601 prophe-

436 630 540 681 tas,
581 628 631 673 et
661 620 872 684 Iapidas
899 639 985 676 eos
1021 627 1112 692 qui
1143 623 1213 676 ad
1236 634 1284 678 te
1314 626 1467 678 missi
1496 633 1656 688 sunt,
1682 627 1888 695 quoties
1923 642 2012 679 vo-

436 708 514 762 lui
537 725 850 780 congregare
876 712 1016 782 ﬁlios
1039 725 1180 778 tuas,
1204 724 1258 769 et
1289 717 1516 786 reliqua.
1555 715 1774 774 Necnon
1818 729 1872 774 et
1922 720 2012 774 illa

434 813 556 868 qua
588 800 872 856 manifeste
912 818 942 857 s
985 801 1268 861 Salvatore
1293 807 1553 863 dicuntur
1597 810 1682 864 “:
1721 811 1838 866 Heu
1882 813 2013 866 mihi

433 890 683 958 quoniam
733 891 908 959 factus
951 911 1071 948 sunt
1108 897 1243 950 sicut
1287 899 1378 967 qui
1407 899 1609 970 colligit
1657 903 1910 972 stipulam
1957 905 2012 958 in

433 995 620 1042 messe,
647 991 700 1035 et
721 985 858 1036 sicut
887 1001 1121 1040 racemos
1143 988 1199 1041 in
1234 989 1521 1052 vindemia,
1544 1009 1664 1047 cum
1699 1011 1798 1048 non
1827 1013 2011 1064 super-

430 1069 504 1124 sit
524 1073 705 1126 botrus
727 1076 798 1127 ad
828 1078 1255 1132 manducandum
1281 1098 1392 1136 uec
1411 1085 1701 1150 primitioa.
1737 1085 1853 1141 Heu
1882 1089 2010 1142 mihi

431 1161 612 1216 anima
631 1203 646 1225 ,
681 1166 810 1234 quia
844 1169 1002 1232 periit
1055 1187 1288 1226 reverens
1317 1191 1349 1227 ιι
1393 1184 1555 1242 terra,
1578 1187 1627 1230 et
1655 1178 1746 1247 qui
1778 1181 2008 1250 corrigat

431 1248 568 1306 inter
589 1254 826 1310 homines
871 1275 974 1314 non
1020 1270 1116 1315 est.
1166 1261 1358 1319 Omnes
1384 1267 1440 1318 in
1465 1269 1720 1336 sanguine
1753 1248 2009 1338 judican-

431 1354 536 1396 tur.
566 1343 725 1400 Venit
749 1349 895 1402 enim
925 1361 984 1404 ut
1016 1363 1244 1408 meteret
1277 1355 1507 1422 fructus,
1531 1367 1589 1411 et
1615 1360 1774 1428 quasi
1807 1360 2007 1430 stipula

431 1439 484 1490 in
520 1447 702 1508 segete
727 1452 936 1510 reperta
967 1453 1191 1513 propter
1223 1448 1491 1516 plurimus
1521 1460 1853 1518 peccatores,
1888 1453 1964 1506 ait
1991 1472 2004 1507 :

430 1526 549 1582 Heu
582 1530 713 1582 mihi
737 1533 990 1601 quoniam
1015 1535 1188 1604 factus
1219 1554 1336 1592 sunt
1359 1540 1499 1592 sicut
1533 1542 1623 1611 qui
1673 1541 1872 1612 colligit
1909 1545 2006 1597 sti-

427 1619 610 1688 pulam
654 1623 711 1676 in
747 1640 927 1678 messe.
967 1625 1130 1682 Venit
1175 1630 1512 1686 vindemiare
1567 1633 1754 1688 hotros
1796 1649 1911 1688 uva?
1949 1635 2003 1690 in

429 1710 774 1780 hominibus,
811 1725 866 1770 et
912 1717 966 1770 in
1004 1734 1180 1774 messe
1209 1721 1508 1778 sceleribus
1540 1723 1794 1790 inventis,
1829 1727 2001 1782 dicit:

431 1803 500 1856 Et
527 1805 667 1858 sicut
700 1822 933 1862 racemos
964 1811 1016 1863 in
1049 1811 1333 1876 vindemia,
1369 1831 1489 1867 cum
1515 1831 1616 1868 non
1658 1818 1886 1884 supersit
1909 1819 2000 1871 bo-

428 1904 540 1949 trns
565 1913 677 1952 note
698 1900 768 1952 ad
795 1903 1223 1957 manducandum
1243 1908 1534 1975 primitiae.
1571 1907 1626 1962 In
1651 1909 1762 1963 alio
1787 1925 2007 1979 quoque

425 1981 546 2038 loco
571 1985 770 2041 similia
796 1988 878 2043 his
907 1991 973 2044 ad
1016 1989 1230 2047 Patrem
1265 1995 1509 2063 loquitur
1535 1997 1724 2053 dicens
1755 1998 1834 2052 “:
1873 1998 2006 2064 Qua

423 2075 631 2131 utilitas
666 2079 721 2132 in
774 2084 1028 2151 sanguine
1063 2101 1210 2150 meo,
1249 2086 1376 2139 dum
1421 2089 1679 2142 descendo
1727 2091 1782 2144 in
1822 2108 2006 2146 corru-

424 2167 654 2232 ptionem
672 2170 698 2223 .’
720 2169 864 2236 Quid
891 2181 1173 2244 tantopere
1207 2176 1524 2233 hominibus
1546 2179 1748 2249 profui,
1781 2183 1873 2251 qui
1905 2198 2005 2238 nec

427 2257 479 2345 in
508 2261 775 2328 sanguine
806 2278 946 2328 meo,
969 2281 1132 2334 quem
1167 2267 1283 2322 fudi
1312 2285 1414 2339 pro
1432 2285 1623 2326 eorum
1652 2273 1846 2338 salute,
1875 2290 2004 2345 pro-

427 2344 714 2404 fecerunt?
740 2351 872 2418 Quae
899 2355 1110 2410 utilitas
1147 2357 1200 2411 in
1246 2359 1514 2430 sanguine
1548 2377 1693 2425 meo,
1723 2363 1852 2418 dum
1879 2344 2002 2420 ide-

426 2440 626 2495 scendo
655 2442 723 2496 de
751 2444 925 2510 oculis,
961 2446 1090 2500 dum
1118 2448 1275 2504 venio
1306 2450 1360 2504 in
1388 2460 1612 2518 terram,
1644 2455 1772 2509 dum
1807 2467 2002 2512 contu-

424 2530 601 2585 meliis
635 2531 880 2600 aﬂ'ector,
921 2535 1050 2590 dum
1081 2549 1236 2606 porto
1261 2554 1462 2610 corpus
1489 2545 1826 2600 humanum?
1859 2546 2002 2614 Quid

425 2622 510 2678 his
566 2625 822 2682 omnibus
860 2628 1084 2700 dignum
1134 2631 1275 2686 inter
1326 2633 1576 2692 homines
1629 2649 1998 2708 perpetratum

421 2715 547 2769 est?
577 2715 707 2781 Qua:
733 2719 941 2774 utilitas
967 2725 1022 2776 in
1052 2725 1304 2794 sanguine
1335 2744 1466 2793 meo,
1504 2729 1630 2781 dum
1650 2729 1910 2786 descendo
1945 2734 2001 2786 in

421 2809 856 2875 corruptionem?
891 2809 1150 2882 Nunquid
1177 2816 1517 2884 conﬁtebitur
1549 2818 1646 2872 tibi
1681 2821 1872 2888 puluis,
1907 2833 1998 2876 aut

422 2899 759 2952 annuntiubit
793 2902 1064 2954 veritatem
1096 2911 1243 2955 tuam
1267 2905 1293 2956 .’
1325 2903 1457 2958 Tale
1482 2922 1615 2977 ergo
1641 2918 1725 2964 est
1763 2911 1908 2978 quod
1944 2913 1998 2966 in

417 2984 653 3043 Jeremia
679 2991 917 3046 dicitur:
956 2992 1072 3048 Heu
1104 2996 1255 3060 mihi,
1295 3007 1468 3050 mater
1522 3015 1658 3065 mea,
1707 3017 1869 3070 quare
1919 3020 2000 3058 me

419 3082 648 3150 genuisti
677 3085 888 3138 virum!
919 3083 1034 3139 Non
1063 3086 1220 3156 juxta
1248 3089 1394 3158 quod
1431 3089 1574 3148 Deus
1611 3090 1861 3149 Salvator
1890 3108 1995 3161 est,
2025 3131 2067 3189 ο

419 3173 552 3227 dicit
583 3189 600 3226 :
635 3173 752 3228 Heu
789 3177 939 3243 mihi,
972 3191 1174 3244 mater;
1209 3181 1302 3236 sed
1349 3182 1506 3251 juxta
1543 3185 1594 3239 id
1642 3187 1788 3255 quod
1832 3187 1997 3244 homo

418 3269 522 3329 est,
548 3264 689 3320 sicut
711 3267 763 3321 in
788 3269 897 3322 alio
919 3271 1179 3339 propheta
1201 3290 1214 3326 :
1234 3270 1347 3327 Heu
1368 3275 1518 3342 mihi,
1539 3275 1716 3346 inquit
1736 3278 1997 3342 ",anima

419 3369 555 3420 mea,
583 3361 709 3427 quia
742 3377 975 3416 reverens
1009 3363 1163 3432 periit
1197 3382 1230 3418 a
1262 3375 1425 3421 terra.
1462 3367 1656 3424 Anima
1685 3380 1866 3428 autem
1900 3375 1996 3429 ho—

421 3445 585 3502 minis
605 3457 688 3504 est
715 3466 836 3520 quae
874 3455 1251 3519 conturbatur,
1287 3467 1341 3512 et
1369 3459 1541 3514 tristis
1591 3469 1674 3515 est
1723 3479 1896 3534 usque
1929 3466 1994 3520 ad

422 3548 673 3607 mortem,
705 3558 813 3598 non
844 3542 1082 3600 Verbum
1111 3549 1255 3617 quod
1297 3561 1413 3607 erat
1457 3569 1486 3608 a
1526 3554 1802 3626 principio
1852 3559 1994 3626 apud

423 3627 612 3695 Deum,
642 3634 784 3702 quod
814 3651 1092 3706 nunquam
1135 3653 1356 3706 moeret,
1389 3659 1668 3713 nunquam
1717 3652 1994 3704 turbatum

415 3729 524 3785 est,
559 3738 838 3793 nunquam
871 3727 1038 3782 dixit:
1087 3729 1204 3784 Heu
1239 3734 1386 3787 mihi.
1455 3731 1640 3805 Neque
1675 3737 1819 3791 enim
1864 3737 1997 3793 Ver-

417 3813 550 3866 hum
581 3817 815 3872 sustinet
863 3831 1114 3887 mortem,
1145 3824 1241 3877 sed
1271 3825 1434 3881 homo
1469 3828 1557 3896 qui
1605 3829 1741 3884 istos
1792 3832 1996 3900 patitur

414 3903 665 3973 uti'ectus,
693 3918 751 3963 ut
783 3925 922 3979 saepe
950 3915 1326 3983 exposuimus.

490 4181 541 4239 7.
585 4183 763 4251 Quare
790 4204 871 4241 me
907 4192 1132 4259 genuisti
1162 4195 1330 4248 virum
1363 4196 1452 4264 qui
1477 4195 1691 4263 judicer
1718 4208 1766 4250 et
1794 4199 1994 4254 discer-

415 4293 518 4330 nar
544 4280 686 4332 omni
723 4283 914 4336 terrea?
946 4282 1002 4338 Si
1028 4286 1340 4342 consideres
1362 4287 1549 4357 utique
1575 4299 1842 4361 martyres
1863 4307 1997 4346 con-

417 4373 726 4440 demnatos,
755 4385 809 4430 et
828 4379 895 4432 de
922 4380 1150 4450 singulis
1191 4380 1454 4438 Ecclesiis
1483 4383 1755 4441 exhibitas
1783 4387 1849 4440 ad
1901 4388 1997 4442 trib

2118 544 2208 580 σεν
2233 529 2320 580 ἐπ’
2349 528 2542 599 αὐτὴν,
2573 528 2670 582 καὶ
2693 524 2846 582 εἶπεν
2865 546 2878 559 ·
2945 530 3335 600 Ἰερουσαλὴμ
3359 572 3374 594 ,
3419 533 3708 601 Ἰερουσα-

2113 619 2259 688 λὴμ,
2285 620 2322 687 ἡ
2349 619 2796 673 ἀποκτείνουσα
2825 621 2966 687 τοὺς
3008 619 3321 690 προφήτας
3341 664 3355 686 ,
3406 624 3503 677 καὶ
3547 627 3706 681 λιθο-

2115 710 2384 764 ϐολοῦσα
2416 708 2558 775 τοὺς
2588 708 3086 779 ἀπεσταλμένους
3112 710 3261 778 πρὸς
3279 711 3497 780 αὐτὴν,
3524 715 3709 768 ποσά-

2115 818 2209 866 κις
2241 800 2516 867 ἠθέλησα
2562 798 3033 869 ἐπισυναγαγεῖν
3074 802 3148 854 τὰ
3187 801 3370 853 τέκνα
3413 819 3564 864 σου,
3610 806 3705 856 καὶ

2112 891 2182 946 τά
2215 892 2363 962 ἑξῆς.
2396 892 2590 961 Σαφῶς
2613 893 2667 946 δὲ
2695 892 2787 946 καὶ
2814 891 2988 944 ταῦτα
3016 892 3119 944 ὑπὸ
3155 891 3248 945 τοῦ
3276 893 3527 964 Σωτῆρος
3556 893 3705 946 λέλε-

2113 1001 2237 1038 κται
2262 987 2319 1036 ὲν
2352 983 2459 1054 τῷ·
2491 984 2678 1053 Οῑμοι,
2713 984 2803 1036 ὅτι
2828 983 3125 1054 ἐγενήθην
3157 985 3238 1051 ὡς
3275 986 3562 1057 συνάγων
3593 1007 3700 1042 κα-

2110 1075 2311 1144 λάμην
2338 1075 2406 1129 ἐν
2423 1074 2645 1144 ἁμήτῳ,
2677 1074 2772 1128 καὶ
2806 1075 2886 1140 ὡς
2906 1075 3273 1144 ἐπιφυλλιδα
3305 1077 3375 1130 ἐν
3412 1079 3701 1149 τρυγητῷ,

2111 1168 2220 1220 οὐκ
2270 1166 2446 1232 ὄντος
2483 1165 2749 1236 στάχυος
2800 1166 2907 1220 τοῦ
2943 1167 3158 1237 φαγεῖν
3208 1168 3280 1222 τὰ
3335 1171 3696 1241 πρωτόγονα.

2105 1259 2294 1328 Οῑμοι,
2320 1259 2513 1330 ψυχὴ,
2541 1260 2630 1313 ὅτι
2651 1258 2969 1314 ἀπώλεσεν
2992 1260 3260 1328 εὐλαϐὴς
3274 1261 3393 1314 ἀπὸ
3422 1261 3531 1331 τῆς
3562 1262 3695 1332 γῆς,

2110 1353 2208 1405 καὶ
2238 1354 2271 1406 ό
2299 1351 2602 1420 κατορθῶν
2639 1352 2709 1405 ἐν
2736 1349 3071 1418 ἀνθρώποις
3097 1353 3167 1404 οὐ
3171 1371 3209 1420 χ
3245 1351 3524 1421 ὑπάρχει.
3550 1351 3699 1406 Πάνυ

2108 1461 2207 1509 τες
2233 1445 2319 1509 εἰς
2350 1444 2570 1511 αἵματα
2603 1440 2953 1502 δικάζονται.
2993 1437 3164 1495 ’Ἦλθε
3198 1443 3306 1514 γὰρ
3335 1443 3412 1507 ὼς
3451 1445 3700 1512 συνάγων

2109 1533 2361 1604 καλάμην
2387 1535 2466 1598 εἰς
2491 1533 2702 1604 ἄμητον
2736 1534 2821 1586 ἵνα
2861 1533 3052 1605 θερίσῃ
3075 1551 3086 1562 ·
3138 1536 3232 1587 καὶ
3279 1535 3523 1607 εὑρίσκει
3574 1536 3701 1588 πολ-

2107 1620 2232 1685 λοὺς
2254 1622 2632 1693 ἁμαρτωλοὺς,
2660 1624 2753 1676 καὶ
2786 1622 2938 1690 λέγει
2961 1640 2974 1653 ·
3012 1624 3179 1692 Οἷμοι
3205 1664 3220 1688 ,
3263 1623 3354 1678 ὅτι
3402 1627 3699 1695 ἐγενήθην

2107 1713 2187 1779 ὼς
2219 1713 2501 1782 συνάγων
2531 1714 2810 1784 καλάμην
2836 1715 2906 1767 ἐν
2933 1713 3157 1784 ἀμήτῳ.
3201 1711 3374 1770 τΗλθε
3422 1720 3695 1790 τρυγῆσαι

2039 1777 2079 1832 Β
2109 1777 2318 1875 καρπὸν
2361 1777 2510 1874 {tsi};
2551 1805 2606 1856 ὲν
2662 1777 2775 1868 τοῖς
2845 1777 3182 1876 ἀνθρώττοις.
3213 1777 3471 1880 Εὑρίσκει
3527 1777 3696 1864 ἐτέλλά

2107 1895 2477 1967 ἁμαρτήματα
2503 1897 2559 1948 ὲν
2587 1897 2738 1967 ἡμῖν,
2785 1896 2880 1948 καὶ
2928 1895 3014 1949 διὰ
3052 1897 3210 1950 τοῦτο
3253 1898 3429 1966 λέγει·
3473 1902 3581 1954 Καὶ
3617 1902 3696 1968 ὡς

2103 1986 2470 2055 ἐπιφυλλίδα
2501 1987 2571 2040 ἐν
2606 1986 2891 2056 τρυγητῷ,
2926 1989 3036 2041 οὐκ
3074 1987 3248 2056 ὄντος
3280 1991 3548 2062 στάχυος
3589 1994 3694 2048 τοῦ

2103 2075 2316 2145 φαγεῖν
2343 2077 2416 2130 τὰ
2445 2077 2808 2146 πρωτόγονα.
2842 2078 2980 2148 Φησὶ
3005 2079 3102 2131 καὶ
3127 2079 3358 2150 ἀλλαχοῦ
3405 2081 3466 2134 τὸ
3515 2099 3688 2155 παρα·

2104 2169 2332 2239 πλήσιον
2356 2168 2567 2232 τούτοις
2594 2169 2730 2240 πρὸς
2755 2168 2846 2222 τὸν
2891 2169 3111 2241 Πατέρα
3135 2169 3313 2239 λέγων
3335 2189 3348 2201 ’
3401 2173 3496 2238 Τίς
3545 2173 3695 2242 ὠφέ-

2101 2257 2234 2308 ⁸λεια
2267 2255 2336 2308 ἐν
2364 2253 2444 2320 τῷ
2469 2256 2670 2324 αἵματί
2690 2274 2809 2325 μου
2832 2297 2847 2320 ,
2882 2257 2953 2311 ἐν
2987 2257 3069 2322 τῷ
3109 2260 3444 2329 καταϐῆναι
3481 2279 3558 2331 με
3607 2266 3694 2330 εις

2101 2345 2470 2415 διαφθοράν;
2505 2347 2569 2399 Ti
2593 2347 2843 2418 ὠφέλησε
2865 2349 3156 2419 τηλικοῦτο
3186 2352 3314 2415 τοὺς
3338 2352 3690 2426 άνθρὼπουςς

2101 2440 2153 2492 τί
2185 2438 2332 2504 ἄξιον
2358 2437 2451 2492 τοῦ
2479 2439 2730 2508 αἵματος,
2767 2433 2827 2493 οὗ
2854 2439 3042 2511 ὲξὲχεα
3066 2443 3207 2515 ὑπὲρ
3234 2445 3433 2508 αὐτῶν,
3461 2449 3690 2518 πεποιή-

2103 2547 2261 2596 κασι;
2298 2529 2394 2594 Τίς
2427 2529 2662 2600 ὠφέλεια
2688 2533 2746 2584 ὲν
2775 2532 2852 2603 τῷ
2889 2533 3082 2604 αἵματι
3105 2576 3120 2599 ,
3156 2535 3235 2603 τῷ
3276 2538 3580 2608 καταϐῆναι
3622 2557 3690 2606 με

2103 2620 2161 2685 ἐξ
2188 2619 2468 2692 οὐρανῶνς
2495 2621 2862 2694 Καταόἑὸηκα
2883 2664 2896 2686 ,
2926 2618 3088 2695 ἦλθον
3135 2627 3228 2678 ἐπὶ
3257 2626 3355 2698 τὴν
3392 2628 3513 2698 γῆν,
3555 2629 3687 2682 ἐπέ-

2100 2711 2248 2765 δωκα
2277 2713 2511 2782 ἐμαυτὸν
2547 2711 2830 2784 διαφθορᾷ,
2863 2713 3102 2785 ὲφόρεσα
3126 2714 3284 2786 σῶμα
3327 2715 3687 2786 ἀνθρώπινον·

2100 2803 2152 2856 τί
2209 2803 2386 2856 αὐτῶν
2434 2803 2582 2868 ἄξιον
2614 2803 2974 2875 κατώρθωται
3022 2809 3134 2870 τοῖς
3188 2807 3528 2878 ἀνθρώποις;
3596 2811 3690 2874 Τίς

2100 2895 2358 2964 ὠφέλεια
2377 2896 2448 2949 ἐν
2472 2894 2550 2961 τῷ
2575 2896 2777 2965 αἵματί
2800 2914 2920 2965 μου
2945 2935 2960 2961 ,
3000 2897 3070 2950 ἐν
3120 2897 3199 2964 τῷ
3249 2898 3579 2968 καταϐῆναι
3611 2919 3688 2970 με

2099 2990 2186 3053 εις
2216 2987 2578 3056 ὃιιιφθοράν;
2615 2989 2672 3041 Μ
2680 2987 2712 3056 ὴ
2747 2988 3256 3059 ἐξομολογήσεταί
3305 3006 3403 3045 σοι
3438 2991 3620 3060 χοῦς,
3649 2993 3686 3058 ἢ

2101 3077 2423 3146 ἀναγγελεῖ
2441 3076 2556 3139 τὴν
2582 3077 2873 3142 ἀλήθειάν
2903 3094 3053 3143 σου;
3081 3079 3302 3134 Τοιοῦτο
3323 3077 3414 3134 οὖν
3453 3082 3688 3136 ἐστικαὶ

2099 3169 2160 3222 τὸ
2193 3169 2380 3224 ἐνθάδε
2423 3169 2638 3240 πρῶτον
2668 3170 2772 3223 ὑπὸ
2804 3169 2899 3224 τοῦ
2945 3171 3195 3243 Σωτῆρος
3228 3171 3514 3244 λεγόμενον
3539 3215 3554 3240 ,
3587 3173 3648 3226 τό
3669 3192 3680 3204 ·

2102 3263 2269 3332 Οῑμοι
2301 3262 2436 3334 ἐγὼ,
2462 3261 2676 3332 μῆτερ,
2703 3265 2784 3330 ὡς
2824 3265 2957 3318 τινα
2979 3282 3057 3335 με
3085 3267 3285 3332 ἔτεκες
3302 3267 3526 3335 άνδρα;
3549 3269 3683 3338 Οὐχὶ

2097 3355 2124 3406 6
2153 3353 2285 3417 Θεὸς
2312 3355 2340 3406 6
2368 3353 2559 3426 Σωτὴρ
2590 3353 2738 3423 λέγει
2767 3355 2848 3422 τὸ,
2884 3356 3050 3426 Οτμοι
3082 3355 3218 3427 ἐγὼ,
3240 3358 3431 3427 μῆτερ
3452 3399 3467 3423 ,
3492 3358 3606 3412 ἀλλ’
3649 3361 3683 3431 ἢ

2097 3446 2411 3517 ἄνθρωπος,
2453 3446 2529 3509 ὡς
2577 3449 2634 3500 ὲν
2671 3445 2749 3518 τῷ
2800 3451 3087 3522 προφήτῃ·
3127 3449 3321 3519 Οιμοι,
3358 3450 3551 3519 ψυχὴ,
3595 3449 3686 3506 ὅτι

2097 3537 2413 3591 ἀπόλωλεν
2433 3536 2696 3604 εὐλαϐὴς
2723 3536 2840 3591 ἀπὸ
2875 3536 2984 3606 τῆς
3018 3537 3151 3608 γῆς.
3203 3539 3269 3592 Ἡ
3301 3539 3358 3591 δὲ
3405 3540 3550 3613 ψυχὴ
3589 3541 3682 3595 άν-

2099 3628 2345 3700 Θρωπίνη
2373 3623 2442 3698 ἦν
2459 3645 2472 3658 ·
2503 3627 2592 3682 διὰ
2622 3629 2778 3682 τοῦτο
2801 3629 2894 3683 καὶ
2929 3632 3281 3701 τετάρακται,
3311 3631 3400 3684 διά
3419 3631 3576 3686 τοῦτο
3593 3635 3686 3686 καὶ

2098 3719 2396 3791 περίλυπος
2421 3715 2488 3790 ἦν
2507 3737 2520 3749 ·
2555 3722 2586 3772 6
2616 3719 2672 3772 δὲ
2702 3721 2894 3789 Λόγος,
2919 3724 2946 3775 6
2976 3725 3034 3775 ὲν
3060 3723 3200 3794 ἀρχῇ
3230 3723 3366 3793 πρὸς
3415 3723 3506 3778 τὸν
3530 3724 3683 3784 Θεὸν,

2095 3812 2154 3865 οὐ
2190 3811 2518 3882 τετάρακται
2547 3813 2777 3877 ἐκεῖνος,
2807 3813 2906 3866 οὐκ
2936 3813 3000 3866 ἂν
3023 3812 3194 3880 λέγων
3228 3814 3308 3875 τὸ,
3341 3815 3526 3883 Οῑμοι.
3550 3815 3684 3868 Οὐδὲ

2096 3903 2206 3974 γὰρ
2234 3906 2263 3956 6
2282 3903 2455 3971 Λόγος
2480 3902 2785 3973 ἐπιδέχεται
2818 3904 3067 3968 θάνατον,
3087 3904 3222 3958 ἀλλὰ
3254 3906 3314 3958 τὸ
3348 3905 3684 3978 ἀνθρώπινόν

2096 3996 2213 4046 ἐστι
2252 3994 2313 4046 τὸ
2355 3993 2511 4047 τοῦτο
2551 3993 2970 4066 ὲπιδεξάμενον,
3010 3996 3086 4059 ὡς
3110 3996 3370 4062 πολλάκις
3410 4000 3685 4070 παρεστή-

2098 4101 2293 4154 σαμεν.

2179 4199 2274 4264 Ὧς
2297 4199 2431 4253 τίνα
2456 4216 2533 4270 με
2561 4200 2763 4265 ἔτεκες
2780 4199 2972 4268 ἀνδρα
2995 4201 3380 4271 δικαζόμενον
3416 4204 3514 4257 καὶ
3531 4229 3534 4232 λ
3553 4204 3683 4256 δια-

2097 4290 2452 4358 κρινόμενον
2497 4290 2568 4343 ἐν
2617 4287 2786 4359 πάσῃ
2831 4289 2906 4358 τῇ
2940 4289 3053 4360 γῇ;
3111 4292 3235 4346 Ἐάν
3279 4292 3392 4364 ἴδῃς
3436 4311 3524 4362 μοι
3559 4295 3682 4355 τοὺς

2100 4377 2371 4449 πανταχοῦ
2399 4378 2682 4451 μάρτυρας
2707 4377 3093 4448 δικαζομένους
3112 4420 3126 4444 ,
3165 4380 3286 4434 καθ’
3316 4381 3554 4451 ἑκάστην
3591 4384 3674 4434 ἐκ-

413 4464 605 4528 ibunal,
637 4465 844 4522 videbis
873 4471 1146 4538 quomodo
1177 4486 1270 4540 per
1285 4473 1530 4544 singulos
1553 4484 1822 4546 martyres
1837 4476 1996 4532 Jesus

2102 4468 2329 4539 κλησιαν
2379 4466 2818 4539 παρισταμένους
2876 4471 2990 4532 τοῖς
3035 4469 3351 4534 δικασταῖς,
3396 4471 3515 4540 ὄψει
3560 4471 3682 4523 τινα

408 4557 828 4612 eundemnetur.
865 4557 983 4628 ipse
1011 4561 1156 4614 enim
1210 4571 1295 4617 est
1325 4565 1416 4634 qui
1473 4565 1528 4619 in
1579 4567 1994 4637 perhibentibus

406 4645 687 4720 divinitati
725 4649 1094 4706 testimonium
1147 4653 1459 4724 iudicatur:
1511 4667 1564 4712 et
1608 4658 1712 4714 hoc
1762 4659 1994 4715 ﬁdeliter

407 4737 578 4808 213
611 4738 895 4808 suscipies,
921 4742 1048 4811 quia
1075 4759 1181 4798 non
1211 4754 1262 4800 te
1296 4747 1495 4802 dixerit
1516 4763 1640 4803 esse
1667 4749 1720 4802 in
1748 4765 1991 4815 carcere,

419 4846 540 4883 cum
581 4829 747 4886 fueris
779 4832 831 4886 in
863 4849 1117 4903 carcere;
1157 4855 1262 4893 non
1290 4849 1339 4894 te
1371 4841 1602 4905 esurire,
1635 4857 1758 4896 cum
1786 4844 1992 4898 esurie-

418 4921 533 4986 ris;
569 4937 675 4975 non
718 4933 769 4977 te
791 4924 964 4992 sitire,
990 4928 1082 4982 sed
1118 4931 1494 4999 semetipsum.
1529 4929 1596 4985 In
1637 4949 1875 4999 carcere,
1905 4933 1992 4987 in-

407 5009 537 5079 quit
567 5010 634 5074 ”,
660 5011 811 5081 [uim
829 5018 1040 5071 venistis
1071 5019 1141 5071 ad
1164 5035 1243 5072 me
1259 5035 1280 5083 ;
1305 5021 1521 5083 esurivi,
1548 5031 1597 5075 et
1619 5022 1842 5077 dedistis
1867 5023 1994 5077 mihi

406 5102 736 5159 manducare
757 5108 962 5176 ;sitivi,
983 5118 1032 5162 et
1061 5113 1285 5178 potasti:
1335 5128 1432 5167 me.
1484 5111 1673 5183 Itaque
1717 5114 1762 5169 si
1793 5115 1993 5169 conde-

404 5203 635 5250 ‘mnatur
657 5197 820 5251 etiam
847 5196 1227 5266 Christianus,
1264 5217 1372 5256 non
1410 5217 1510 5272 pro
1545 5203 1650 5256 alia
1691 5211 1871 5256 tamen
1912 5217 1990 5268 re,

402 5302 591 5356 neque
619 5302 718 5356 pro
750 5289 1048 5343 sceleribus
1072 5290 1210 5354 suis,
1232 5293 1324 5346 sed
1355 5308 1454 5362 pro
1478 5294 1584 5347 hoc
1609 5303 1816 5347 tantum
1845 5294 1990 5363 quod

399 5379 762 5438 Christianus
795 5391 877 5436 est
903 5423 916 5446 ,
959 5382 1214 5438 Christus
1244 5393 1327 5439 est
1355 5385 1449 5456 qui
1481 5387 1894 5452 condemnatur,
1923 5402 1989 5440 ex

401 5483 521 5534 quo
553 5466 783 5525 cilicitur
815 5481 874 5524 ut
920 5472 972 5525 in
1000 5473 1149 5526 omni
1187 5483 1329 5528 terra
1366 5475 1761 5530 condemnetur
1808 5474 1989 5539 Jesus,

403 5561 851 5632 quotiescunque
879 5565 923 5619 is
947 5565 1235 5631 addicitur,
1251 5567 1343 5636 qui
1370 5583 1465 5638 pro
1487 5582 1551 5622 eo
1574 5569 1988 5623 condemnatur.

413 5736 464 5771 δ’
499 5741 688 5799 Matth.
737 5762 894 5816 xxtu,
931 5749 1018 5804 57.
1100 5750 1142 5782 η
1171 5749 1330 5805 Mirh.
1355 5768 1451 5817 vu,
1485 5753 1528 5812 l,
1564 5753 1618 5806 2.
1697 5752 1736 5783 δ’
1765 5750 1906 5806 Psul.
1939 5766 2001 5804 xx

2111 5750 2191 5802 10.
2271 5750 2313 5778 ³⁸
2342 5747 2501 5803 Mich.
2537 5763 2631 5812 ιιι,
2666 5749 2720 5801 ‘2.

2095 4561 2296 4632 τρόπον
2340 4557 2548 4628 Ἰησοῦς
2593 4559 2829 4629 Χριστὸς
2874 4561 2931 4612 ὲν
2966 4560 3182 4632 ἑκάστῳ
3229 4561 3335 4614 τῶν
3391 4560 3680 4633 μαρτύρων

2094 4649 2390 4714 δικάζεται.
2419 4650 2588 4712 Αὐτὸς
2607 4650 2716 4720 γάρ
2740 4652 2888 4704 ἔστιν
2918 4653 2946 4704 6
2972 4654 3029 4705 ὲν
3058 4656 3171 4716 τοῖς
3199 4656 3435 4724 μάρτυσι
3467 4657 3532 4725 τῇ
3550 4654 3679 4724 άλη-

2097 4742 2216 4815 θιὶᾳ
2235 4741 2615 4812 δικαζόμενος’
2651 4741 2921 4796 καὶτοῦτο
2952 4743 3220 4816 πεισθήσῃ
3251 4743 3675 4815 παραδέξασθαι,

2098 4833 2331 4904 βλέπων,
2359 4835 2441 4887 ὅτι
2471 4833 2534 4886 οὐ
2565 4833 2625 4886 σέ
2651 4850 2815 4904 φησιν
2849 4831 2988 4889 εἶναι
3008 4838 3065 4890 ὲν
3091 4839 3326 4907 φυλακῇ,
3357 4839 3484 4890 ὅταν
3518 4836 3582 4888 σὺ
3609 4831 3676 4911 ᾗς

2093 4927 2152 4977 ἐν
2177 4925 2414 4996 φυλακῇ,
2441 4924 2554 4978 ἀλλ’
2583 4925 2771 4979 ἑαυτόν
2788 4941 2803 4957 ο
2822 4927 2882 4979 οὐ
2918 4928 2977 4979 σὲ
3005 4928 3296 4990 πεινῶντα,
3320 4929 3447 4981 ὅταν
3476 4929 3539 4981 σὺ
3560 4941 3679 4981 πει-

2093 5017 2212 5087 νῇς,
2245 5016 2359 5070 ἀλλ’
2393 5016 2614 5070 ἑαυτόν·
2649 5017 2712 5069 οὐ
2748 5018 2808 5070 σὲ
2854 5017 3118 5088 διψῶντα,
3147 5019 3260 5072 ἀλλ’
3297 5019 3509 5074 ἑαυτόν⁹
3582 5021 3678 5072 Ἐν

2092 5107 2338 5178 φυλακῇ
2361 5109 2544 5177 ἥμην,
2572 5110 2670 5163 καὶ
2703 5109 2918 5178 ἤλθετε
2942 5110 3090 5178 πρὸς
3131 5110 3229 5180 μέ·
3265 5111 3539 5173 ἐπείνων,
3575 5113 3674 5166 καὶ

2092 5200 2388 5256 δεδώκατέ
2421 5219 2525 5270 μοι
2570 5201 2816 5270 φαγεῖν·
2866 5201 3093 5269 ἐδίψων
3114 5241 3129 5266 ,
3186 5203 3285 5255 καὶ
3332 5202 3676 5256 enucleate-

2093 5291 2302 5344 Οὐκοῦν
2333 5291 2436 5345 κᾶν
2472 5291 2758 5364 δικάζηται
2789 5290 3133 5364 Χριστιανὸς,
3159 5292 3222 5344 οὐ
3249 5291 3314 5344 δι’
3344 5291 3470 5346 ἄλλο
3502 5309 3576 5355 τι,
3613 5292 3675 5346 οὐ

2097 5384 2188 5437 διὰ
2209 5385 2306 5448 τὰς
2355 5385 2493 5450 ἰδίας
2535 5387 2846 5460 ἁμαρτίας,
2899 5384 3013 5439 ἀλλ’
3047 5385 3129 5438 ὅτι
3167 5386 3492 5456 Χριστιανός
3535 5389 3672 5445 ἐστι.

2098 5473 2328 5546 Χριστός
2363 5476 2510 5528 ἑστιν
2550 5479 2579 5529 6
2611 5476 2983 5547 δικαζόμενος.
3036 5475 3125 5529 Ἐν
3170 5478 3318 5548 πάσῃ
3364 5474 3456 5532 οὖν
3508 5479 3573 5547 τῇ
3604 5479 3673 5545 γῇ

2097 5566 2374 5630 δικάζεται
2408 5567 2640 5636 Χριστὸς
2685 5567 2891 5638 Ἰησοῦς
2911 5585 2923 5598 ·
2967 5571 3059 5622 καὶ
3089 5569 3277 5633 ὁσάκις
3301 5567 3392 5624 οὖν
3416 5571 3673 5640 Χριστια-

2803 5749 2844 5778 ³³
2883 5747 3062 5803 Matth.
3106 5764 3238 5813 xxv,
3267 5746 3354 5802 56.
