4122 6424
476 343 584 401 415

1652 336 1716 392 ιΝ
1761 334 2106 392 JEREMIAM
2145 335 2424 392 liOMllJA
2465 337 2603 393 XIV.

3632 341 3730 395 lli

472 464 561 526 νὸς
583 461 883 526 δικάζεται,
910 460 1140 530 Χριστός
1167 463 1310 512 ἐστιν
1337 463 1366 514 ὁ
1404 460 1757 530 δικαζόμενος
1797 460 1857 512 οὐ
1895 460 2037 530 μόνοι

2159 456 2275 512 Non
2301 461 2477 514 solum
2503 470 2682 515 autem
2715 459 2856 530 apud
2885 458 3097 529 judiccs
3135 461 3318 516 sazculi
3343 503 3358 528 ,
3399 471 3453 517 et
3489 463 3727 518 tribuna-

471 555 564 608 ἐπὶ
590 553 795 608 τούτων
831 553 940 607 τῶν
980 551 1378 620 δικαστηρίων·
1423 551 1559 604 ἀλλὰ
1604 551 1735 622 φέρε
1787 566 2037 617 συκοφαν

2157 548 2290 601 lium
2323 558 2618 619 potestates
2646 548 2897 604 Christus
2929 549 3220 611 addicitur.
3249 551 3344 606 sed
3371 551 3534 606 etiam
3567 553 3621 606 si
3641 567 3730 606 ca-

469 645 679 701 τείσθαι
703 643 1028 717 Χριστιανὸν
1053 643 1089 698 ἃ
1123 645 1249 714 περί
1296 662 1442 708 τινος
1482 642 1917 714 ἐγκαλούμενον,
1961 645 2054 696 καὶ

469 737 589 792 τότε
617 734 850 807 Χριστὸς
876 735 1076 798 ἀδίκως
1108 735 1406 799 δικάζεται.
1458 737 1551 801 Ὡς
1574 736 1706 791 τινα
1744 751 1821 806 με
1851 733 2053 799 ἔτεκες

469 828 659 896 ἄνδρα
704 826 1086 895 δικαζόμενον
1127 827 1225 881 καὶ
1280 827 1732 896 διακρινόμειόν
1778 827 1848 880 ἐν
1883 824 2050 895 πάσῃ

473 938 544 988 tn
580 936 678 988 rn-

542 1011 652 1064 Καὶ
673 1009 754 1062 ἔτι
779 1007 836 1060 δὲ
861 1007 1036 1072 οὕτως
1083 1009 1318 1080 νοήσεις,
1349 1008 1466 1072 πῶς
1495 1006 1773 1073 δικάζεται
1819 1009 1914 1062 καὶ
1940 1008 2052 1062 διαρ

473 1102 715 1174 κρίνεται
754 1102 811 1153 ὲν
831 1100 981 1172 πάσῃ
1010 1103 1074 1171 τῇ
1104 1104 1195 1172 γῇ.
1229 1102 1326 1164 Τίς
1352 1096 1444 1154 οὖν
1465 1100 1673 1164 δικάζει
1703 1101 1776 1170 (l)
1807 1102 1897 1154 τὸν
1919 1103 2052 1172 Χρι-

471 1189 682 1244 στιανὸν
715 1190 906 1258 λόγον;
937 1190 1033 1253 Τίς
1066 1191 1174 1244 τῶν
1195 1190 1366 1244 ὲθνῶν
1396 1230 1412 1255 ,
1449 1191 1552 1246 κᾶν
1583 1191 1768 1256 ἁπλῶς
1794 1192 1893 1246 ούκ
1929 1191 2049 1256 εξε-

466 1278 618 1343 τάζει
639 1278 831 1344 accde;
863 1279 960 1343 Τίς
982 1279 1044 1332 ού
1066 1279 1214 1347 λέγει
1247 1279 1355 1332 τῶν
1386 1280 1656 1334 Ἰουδαίων
1683 1281 1751 1336 τά
1776 1281 2050 1354 περὶΧρι-

468 1366 735 1433 στιανῶνς
773 1368 870 1431 Τίς
911 1366 1021 1421 τῶν
1074 1366 1375 1438 Ἑλλήνωνς
1424 1367 1520 1430 Τίς
1559 1367 1668 1420 τῶν
1707 1368 2046 1436 φιλοσόφωνς

469 1461 565 1524 Τίς
595 1457 702 1513 τῶν
737 1457 997 1524 ίδιωτῶν;
1029 1456 1313 1528 Πανταχοῠ
1371 1457 1579 1530 Ἰησοῦς
1623 1457 1902 1524 δικάζεται
1955 1461 2048 1514 καὶ

467 1550 708 1622 κρίνεται
730 1565 744 1579 ·
776 1549 872 1602 xui.
899 1549 989 1617 ὑφ’
1013 1539 1088 1602 ὧν
1116 1547 1216 1618 μὲν
1244 1547 1700 1614 καταδικάζεται,
1739 1548 1830 1617 ὑφ’
1881 1541 1955 1602 ὧν
1991 1549 2048 1603 δὲ

465 1643 527 1695 ού
551 1638 992 1703 καταδικάζεται.
1037 1640 1160 1696 Ἐάν
1197 1656 1261 1708 γε
1293 1639 1367 1710 μὴ
1399 1637 1847 1710 καταδικάζηται,
1871 1641 2048 1712 παρά-

464 1733 652 1795 δικτος
680 1731 925 1800 γίνεται·
968 1731 1204 1800 ἀνοίγεις
1247 1728 1395 1801 αύτῷ
1436 1730 1536 1794 τὰς
1583 1730 1832 1802 θυρίδας,
1872 1731 2049 1800 είσὲρο

2157 639 2419 694 lumniam
2449 641 2795 696 Christianus
2837 641 2907 696 ab
2944 642 3128 712 aliquo
3166 645 3421 713 patiatur,
3452 654 3506 700 et
3534 661 3730 715 provo-

2155 745 2310 791 cetur
2338 738 2404 790 ad
2433 737 2603 801 litem,
2636 747 2767 794 tunc
2809 753 3030 807 quoque
3074 737 3258 807 justus
3297 737 3627 807 dijudicatur
3651 739 3731 794 in-

2149 826 2316 896 juste.
2349 825 2518 892 Quasi
2545 843 2696 895 quem
2734 843 2816 882 me
2844 829 3076 898 genuisti
3103 829 3272 883 virum
3299 829 3392 900 qui
3417 829 3653 898 judicer,
3681 843 3726 884 et

2153 912 2426 969 discernar
2450 915 2594 966 omni
2619 922 2792 968 term.

2222 1003 2276 1059 8.
2318 1003 2619 1059 Possumus
2645 1013 2699 1058 et
2745 1005 2900 1067 aliter
2941 1005 3237 1076 intelligere
3259 1007 3538 1075 quomodo
3570 1005 3730 1064 .lcsus

2152 1094 2546 1149 condemnetur
2571 1103 2627 1149 et
2654 1095 2981 1164 dijudicetur
3011 1096 3065 1150 in
3099 1099 3250 1151 omni
3283 1111 3448 1152 terra.
3474 1097 3609 1164 Quis
3629 1099 3728 1152 im-

2151 1185 2450 1254 proborum
2485 1200 2592 1240 non
2624 1185 2952 1240 condemnat
2986 1184 3349 1240 Christianam
3375 1188 3730 1259 religionem?

2152 1274 2288 1341 Quis
2317 1277 2598 1346 gentilium
2635 1275 2826 1332 saltem
2856 1277 3172 1331 transitorie
3199 1293 3307 1332 non
3337 1280 3539 1333 excutit
3568 1281 3729 1334 eam?

2151 1362 2286 1430 Quis
2310 1363 2624 1420 Iudaeorum
2653 1380 2761 1419 nou
2786 1364 2853 1420 de
2885 1363 3214 1421 Christianis
3257 1366 3544 1436 loquitur?
3593 1367 3727 1433 Quis

2150 1455 2219 1511 de
2243 1456 2622 1527 philosophis?
2644 1455 2780 1524 Quis
2811 1458 2878 1514 de
2902 1457 3208 1527 imperitis?
3239 1458 3452 1528 Ubique
3475 1457 3728 1516 Christus

2150 1547 2546 1603 condemnatur
2569 1556 2733 1618 atque
2764 1548 3096 1604 discernitur
3121 1565 3134 1601 :
3173 1557 3228 1604 et
3265 1552 3334 1605 ab
3353 1550 3474 1605 aliis
3504 1551 3724 1621 quidem

2149 1637 2565 1705 condemnatur,
2593 1638 2660 1693 ab
2681 1638 2805 1694 aliis
2829 1656 2936 1694 non
2971 1640 3387 1697 condemnatur.
3440 1639 3497 1696 Si
3544 1650 3726 1696 autem

2149 1745 2258 1786 nou
2287 1731 2705 1799 condemnatur,
2732 1731 3064 1800 excipietur;
3105 1733 3320 1802 aperies
3339 1733 3388 1787 ei
3420 1734 3646 1795 ostium.
3673 1741 3728 1788 et

466 1841 618 1895 χεται
648 1823 783 1894 πρὸς
809 1823 900 1876 σε’
941 1823 1213 1887 πιστεύεις
1252 1823 1332 1886 είς
1380 1821 1544 1875 αὐτόν
1585 1821 1694 1892 (2)·
1738 1822 1833 1876 ὲάν
1877 1823 1934 1876 δὲ
1971 1823 2037 1894 μὴ

2149 1821 2480 1892 ingredietur
2507 1822 2576 1877 ad
2617 1833 2705 1889 te;
2733 1823 2912 1879 credis
2940 1823 2995 1877 in
3026 1837 3174 1889 eum,
3222 1833 3472 1880 vescetur
3522 1835 3724 1881 tecum.

469 1915 744 1988 παραδέξῃ
789 1917 918 1989 περὶ
956 1915 1388 1989 Χριστιανισμοῦ
1439 1914 1652 1968 ἀκούων
1679 1954 1694 1980 ,
1744 1916 1894 1970 οὐδὲν
1920 1917 2046 1971 ἀλλο

463 2009 771 2078 πεποίηκας
817 2008 849 2079 ἢ
897 2006 1262 2070 κατεδίκασας
1301 2007 1393 2060 τὸν
1446 2006 1653 2078 Ἰησοῦν
1693 2007 2042 2077 ψευδόμενον,

464 2100 537 2162 ὡς
575 2097 923 2169 πλανήσαντα
954 2097 1080 2160 τοὺς
1107 2095 1448 2168 ἀνθρώπους,
1470 2096 1547 2160 ὼς
1573 2097 1673 2150 οὐκ
1689 2096 2040 2168 ἀληθεύοντα,

463 2194 547 2246 διὰ
575 2194 669 2248 τοῦ
700 2193 775 2265 μὴ
821 2192 1245 2247 πεπιστευκέναι
1277 2192 1355 2264 τῷ
1379 2192 1521 2265 λόγῳ
1547 2187 1593 2262 ᾧ
1623 2195 1881 2249 διδάσκει.
1947 2195 2044 2260 Ὠς

461 2287 594 2340 τίνα
619 2302 698 2355 με
722 2286 926 2352 ἔτεκες
949 2285 1139 2354 ἄνδρα
1173 2285 1556 2356 δικαζόμενον
1602 2287 1700 2342 καί
1753 2285 2044 2355 διακρινό-

452 2395 640 2446 μενον
667 2379 738 2431 ἐν
761 2376 929 2446 πάσῃ
950 2375 1025 2445 τῇ
1054 2375 1167 2447 γῇ;
1193 2377 1346 2430 Ὅσοι
1372 2376 1473 2447 μὲν
1493 2377 1698 2432 τέλειον
1727 2379 2039 2442 ἀπιστοῦσι,

459 2466 905 2532 καταδικάζουσιν
937 2468 1100 2520 αὐτόν
1119 2483 1132 2496 ⁸
1174 2469 1288 2520 ὅσοι
1313 2467 1370 2520 δὲ
1403 2468 1504 2521 οὐκ
1536 2468 1878 2528 ἀπιστοῦσιν.
1907 2469 2043 2522 ἀλλά

457 2553 851 2622 ἀμφιϐάλλουσι
865 2555 991 2626 περὶ
1006 2554 1192 2619 αὑτοῦ,
1214 2555 1577 2626 διακρίνονται
1597 2557 1724 2627 περὶ
1737 2557 1923 2610 αὐτοῦ.
1939 2559 2042 2613 Δύο

458 2645 652 2715 πάσχει
677 2647 708 2698 ὁ
739 2644 942 2716 Ἰησοῦς
969 2647 1028 2698 ὲν
1055 2644 1382 2717 ἀνθρώποις,
1399 2647 1490 2699 ἐπὶ
1509 2646 1617 2718 (lo'.
1651 2647 1777 2717 ὑπό)
1815 2647 1913 2718 μὲν
1935 2650 2042 2704 τῶν

455 2736 700 2790 ἀπίστων
729 2736 1166 2802 καταδικάζεται,
1196 2737 1301 2792 ὑπὸ
1329 2738 1386 2791 δὲ
1413 2738 1653 2808 διψύχων
1679 2739 2036 2808 διακρίνεται.

468 2825 597 2878 Ἐὰν
624 2826 864 2897 φορέσῃς
895 2827 993 2897 τὴν
1013 2827 1199 2880 είκὸνα
1226 2826 1319 2880 τοῦ
1349 2828 1674 2899 ἐπουρανίου
1707 2828 2042 2900 ἀποθέμενος

457 2915 558 2987 τὴν
587 2916 772 2970 είκόνα
794 2916 888 2970 τοῦ
911 2917 1117 2989 χοϊκοῦ,
1152 2919 1253 2971 οὐκ
1278 2915 1325 2971 εί
1357 2919 1428 2988 γῆ
1459 2919 1899 2985 καταδικάζουσα
1944 2922 2041 2976 αύ-

462 3006 571 3073 τδν,
595 3005 717 3061 οὐδὲ
743 3002 791 3060 εί
817 3005 887 3078 γῆ
920 3010 978 3064 ιν
1101 3009 1554 3073 καταδικάζεταιο
1613 3011 1798 3065 οὐκάτι
1847 3013 1919 3084 γῆ
1952 3013 2039 3083 εἴη

467 3097 806 3171 διακρίνουσα
839 3100 1022 3156 αὐτόν.

2149 1909 2207 1965 Si
2238 1927 2370 1968 vero
2400 1911 2468 1967 de
2491 1913 2754 1982 religione
2779 1914 3006 1969 audiens
3030 1912 3340 1970 Christiana
3375 1932 3485 1970 non
3517 1918 3728 1986 ceperis

2146 2015 2287 2066 eam,
2321 2002 2456 2057 nihil
2499 2003 2648 2058 aliud
2687 2003 2855 2060 iacies
2888 2021 3052 2075 quam
3078 2006 3468 2063 condemnabis
3513 2005 3724 2072 Iesum,

2145 2100 2206 2146 ut
2232 2092 2568 2160 mendacem,
2604 2103 2663 2148 ut
2687 2096 3030 2151 seductorem
3065 2096 3120 2150 in
3165 2111 3412 2152 errorem
3457 2100 3722 2154 mundum

2145 2183 2472 2241 trahentem.
2507 2185 2677 2251 Quasi
2708 2203 2860 2259 quem
2891 2203 2970 2241 me
3002 2188 3231 2257 genuisti
3261 2189 3432 2242 virum
3460 2191 3553 2259 qui
3573 2190 3726 2260 judi-

2143 2290 2231 2329 cer
2263 2285 2313 2329 et
2350 2275 2624 2332 discernar
2659 2279 2804 2332 omni
2838 2286 3012 2332 terra.
3053 2276 3376 2349 Quicunque
3425 2281 3643 2349 penitus
3673 2282 3723 2335 ei

2143 2381 2254 2421 non
2277 2367 2526 2434 credunt,
2554 2368 2919 2423 condemnant
2943 2370 3117 2424 illum.
3142 2368 3246 2435 Qui
3269 2379 3448 2425 autem
3473 2371 3724 2436 credunt,

2142 2465 2196 2512 et
2230 2457 2413 2513 adhuc
2445 2459 2760 2530 ambigunt,
2810 2461 3113 2530 dijudicant
3167 2461 3343 2516 illum.
3393 2460 3512 2516 Duo
3561 2463 3725 2534 igitur

2142 2550 2285 2620 apud
2335 2550 2588 2607 homines
2631 2550 2885 2608 Christus
2923 2553 3256 2621 perpetitur:
3309 2553 3378 2607 ab
3428 2555 3724 2612 incredulis

2143 2640 2571 2708 condemnatur;
2597 2643 2664 2697 ah
2697 2642 3097 2710 ambigentibus
3128 2645 3476 2700 discernitur.
3513 2644 3568 2702 Si
3597 2663 3724 2715 por-

2143 2743 2228 2788 tas
2263 2733 2554 2804 imaginem
2585 2734 2826 2789 caelestis
2858 2735 3106 2804 deposita
3144 2736 3382 2804 imagine
3419 2738 3620 2792 terreni
3654 2737 3720 2801 ⁸³,

2143 2841 2251 2881 non
2278 2841 2339 2881 es
2377 2835 2521 2881 terra
2548 2827 2926 2882 condemnatis
2951 2842 3100 2890 eum,
3148 2840 3326 2896 neque
3367 2826 3422 2882 in
3452 2833 3597 2883 terra
3631 2837 3721 2884 tua

2137 2915 2418 2986 judicatur
2450 2924 2616 2986 atque
2640 2913 2990 2971 discernitur.

535 3192 595 3245 Ἡ
623 3192 803 3260 ἰσχύς
840 3209 961 3260 μου
989 3191 1269 3257 ἐξέλιπεν
1303 3193 1373 3246 ἐν
1419 3192 1544 3260 τοῖς
1594 3195 2035 3264 καταρωμένοις

2210 3190 2264 3246 9.
2305 3187 2483 3242 Virtus
2509 3205 2621 3242 mea
2647 3188 2838 3258 defecit
2863 3190 2919 3242 in
2942 3188 3024 3242 his
3046 3189 3135 3258 qui
3160 3188 3480 3244 maledicunt
3498 3190 3626 3243 mihi
3651 3189 3716 3245 “.

447 3299 539 3352 με.
591 3284 651 3337 Ὀ
713 3283 1034 3348 ’Δπόστολος
1090 3285 1236 3353 λέγει
1285 3284 1417 3356 περὶ
1470 3285 1564 3339 τοῦ
1626 3287 1897 3358 Σωτῆρος,
1951 3286 2033 3338 ὅτι

451 3370 768 3442 ἐσταυρώθη
792 3370 852 3436 ἐξ
879 3371 1183 3435 ἀσθενείας.
1210 3374 1320 3426 Καὶ
1361 3376 1390 3427 ὁ
1429 3377 1716 3447 προφήτης
1749 3376 1806 3428 δὲ
1855 3393 2035 3447 παρα-

454 3463 652 3533 πλήσια
685 3461 899 3526 τούτοις
929 3463 1078 3532 λέγει
1108 3465 1166 3518 ὲν
1198 3463 1304 3536 τῷο
1345 3465 1545 3532 Κύριε,
1587 3467 1672 3533 τίς
1706 3466 2034 3522 ἐπίστευσε

455 3548 525 3620 τῇ
554 3549 708 3619 ἀκοῇ
741 3551 946 3620 ἡμῶν,
973 3553 1070 3606 καὶ
1099 3556 1131 3606 ὁ
1151 3555 1425 3624 βραχίων
1466 3555 1690 3624 Κυρίου
1730 3556 1849 3610 τίνι
1888 3558 2032 3611 ἀπε-

449 3644 723 3712 καλύφθη
737 3659 757 3707 ;
803 3643 1257 3715 ἈνηγτεΓλαμεν
1275 3645 1554 3700 ἐναντίον
1579 3646 1766 3700 αὐτοῦ
1792 3648 1872 3714 ὡς
1894 3663 2030 3702 παι-

448 3733 597 3800 δίον,
626 3735 707 3800 ὠς
729 3733 862 3802 ῥίζα
886 3734 956 3788 ἐν
982 3733 1059 3806 τῇ
1089 3735 1326 3806 διψώσῃ
1357 3736 1454 3808 (5).
1506 3735 1771 3807 Εἶδομεν
1820 3739 2028 3805 αὐτὸν,

448 3825 546 3878 καί
581 3828 693 3879 οὐκ
721 3820 886 3893 εἶχεν
913 3819 1095 3893 εἶδος,
1126 3825 1270 3880 οὐδὲ
1297 3825 1526 3893 κάλλος
1547 3843 1560 3856 °
1589 3826 1752 3882 ἀλλὰ
1777 3829 1842 3881 τὸ
1871 3825 2028 3896 εἶδος

446 3915 605 3982 αὐτῷ
632 3914 863 3984 ἄτιμον,
894 3915 1181 3970 ἐκλεῖπον
1228 3918 1388 3984 παρὰ
1419 3917 1562 3983 τοὺς
1586 3917 1754 3984 υἱοὺς
1778 3918 1896 3972 τῶν
1925 3920 2029 3975 ἀν-

446 4005 708 4076 θρώπων.
758 4007 1112 4075 Ἀνθρωπος,
1138 4008 1209 4061 ἐν
1235 4006 1442 4077 πληγῇ
1460 4007 1566 4072 ὢν,
1593 4008 1690 4061 καί
1732 4009 1802 4062 ἐν
1841 4011 2026 4076 πόνῳ,

446 4097 542 4151 καί
573 4097 743 4165 είδὼς
772 4098 976 4168 φέρειν
1000 4099 1328 4168 μαλακίαν,
1372 4097 1470 4152 ὅτε
1514 4097 1924 4168 ἀπέστραπται
1959 4102 2026 4156 τὸ

444 4190 765 4257 πρόσωπον
785 4190 971 4244 αὐτοῦ
997 4171 1114 4245 ἀπὸ
1141 4191 1397 4260 ἀτιμίας,
1427 4192 1746 4264 ήτιμάσθη.
1781 4196 1878 4249 καί
1913 4197 2025 4251 οὐκ

443 4281 749 4351 ἐλογίσθη.
804 4279 994 4350 οὗτος
1034 4282 1142 4349 τὰς
1179 4283 1433 4352 ἀνομίας
1477 4285 1646 4354 ἡμῶν
1695 4287 1882 4357 φέρει,
1924 4289 2024 4344 καί

443 4370 576 4440 περὶ
601 4369 768 4440 ἡμῶν
795 4371 1096 4426 ὀδυνᾶταιο
1127 4372 1226 4426 καὶ
1258 4371 1431 4441 ἡμεῖς
1473 4373 1872 4445 ἐλογισάμεθα
1915 4377 2021 4430 αὑ-

440 4461 550 4515 τὸν
567 4456 718 4516 εἶναι
737 4463 807 4516 ὲν
836 4463 1018 4527 πόνῳ,
1055 4462 1154 4516 καί
1187 4462 1257 4516 ἐν
1288 4462 1494 4534 πληγῇ
1520 4466 1618 4519 καί
1641 4465 1711 4518 ἐν
1742 4465 2018 4522 κακώσει.

2135 3279 2433 3351 Apostolus
2462 3281 2702 3350 loquitur
2731 3280 2799 3334 de
2827 3280 3108 3335 Salvatore
3138 3290 3348 3346 nostro,
3387 3281 3514 3350 quia
3541 3282 3720 3336 cruci-

2135 3373 2277 3428 ﬁxus
2307 3389 2372 3428 ex
2422 3371 2737 3426 inﬁrmitate
2783 3381 2872 3426 stt.
2925 3371 3025 3426 Cui
3059 3375 3348 3441 prophetes
3391 3372 3590 3428 similia
3636 3383 3710 3427 te-

2135 3472 2310 3520 statur
2338 3463 2526 3518 dicens
2552 3463 2631 3513 “:
2672 3461 2917 3529 Domine,
2959 3463 3082 3532 quis
3113 3464 3338 3516 credidit
3371 3462 3580 3517 auditui
3618 3481 3715 3518 no-

2133 3567 2263 3619 stra,
2297 3565 2344 3609 et
2378 3554 2650 3608 brachium
2682 3562 2832 3606 tuum
2904 3554 2988 3606 cui
3017 3553 3304 3608 revelatum
3341 3557 3460 3610 est?
3497 3557 3716 3610 Annuu-

2135 3648 2357 3701 tiabitur
2387 3662 2566 3699 coram
2601 3659 2660 3698 eo
2701 3645 2838 3696 sicut
2866 3645 3073 3712 infans,
3114 3645 3252 3699 sicut
3285 3646 3443 3700 radix
3472 3647 3529 3700 in
3572 3655 3713 3700 terra

2131 3732 2354 3786 sitienti.
2375 3731 2427 3784 Ν
2431 3748 2498 3785 on
2520 3740 2597 3785 est
2619 3731 2815 3800 species
2840 3733 2888 3784 ei
2917 3747 3081 3802 neque
3109 3733 3319 3802 gloria;
3349 3733 3574 3789 vidimus
3594 3753 3712 3790 eum

2130 3829 2305 3875 etnon
2333 3818 2552 3873 habebat
2595 3821 2814 3888 speciem
2859 3837 3018 3891 neque
3071 3821 3337 3890 formam,
3377 3825 3469 3876 sed
3516 3829 3711 3892 species

2129 3913 2242 3982 ejus
2289 3912 2626 3976 inhonorata,
2667 3921 2715 3966 et
2757 3911 3004 3979 deﬁciens
3057 3914 3198 3966 circa
3245 3913 3391 3982 ﬁlios
3418 3914 3715 3970 Ironninum.

2132 4005 2307 4061 Homo
2346 4005 2402 4059 in
2431 4004 2591 4076 plaga
2627 4014 2676 4058 et
2708 4003 2909 4069 dolore,
2942 4003 3106 4076 214
3131 4006 3297 4058 sciens
3323 4006 3459 4074 ferre
3484 4007 3710 4075 inﬁrmi-

2131 4106 2316 4164 tatem,
2368 4097 2494 4167 quia
2550 4112 2734 4149 aversa
2773 4103 2849 4149 est
2883 4095 3046 4164 facies
3095 4095 3230 4164 ejus,
3263 4093 3587 4166 depretiatus
3631 4110 3714 4152 est

2128 4203 2219 4240 nec
2241 4192 2597 4256 computatus.
2634 4181 2738 4237 Hic
2773 4193 2990 4253 peccata
3015 4194 3199 4238 nostra
3234 4184 3357 4255 fert,
3395 4195 3443 4238 et
3471 4202 3567 4254 pro
3611 4203 3704 4239 no~

2129 4279 2207 4332 bis
2223 4276 2398 4342 dolet;
2425 4285 2474 4331 et
2497 4292 2596 4329 nos
2621 4276 3040 4329 existimavimus
3062 4275 3115 4328 in
3140 4275 3410 4330 doloribus
3431 4293 3547 4330 eum
3571 4294 3711 4345 esse,

2127 4378 2175 4424 et
2206 4369 2260 4422 in
2292 4367 2450 4438 plaga
2474 4375 2524 4421 et
2559 4368 2613 4421 in
2645 4368 2938 4422 vexatione.
2990 4366 3113 4434 Ipse
3160 4377 3336 4421 autem
3375 4369 3704 4434 vulneratus,

2126 4470 2174 4514 et
2199 4459 2500 4530 inﬁrmatus
2525 4468 2602 4513 est
2622 4467 2834 4528 propter
2856 4459 3163 4528 iniquitates
3189 4471 3418 4513 nostras.
3449 4459 3708 4515 Doctrina

440 4551 631 4618 Αὐτὸς
657 4551 724 4605 δὲ
761 4519 1198 4622 ἐτρα-υιὶιὲτίσθη
1240 4551 1338 4606 διὰ
1379 4519 1488 4620 at;
1537 4555 1790 4626 ἀνομίας
1830 4519 2016 4626 τιμον.

2141 4555 2270 4608 iacis
2301 4561 2494 4607 nostra:
2536 4567 2693 4622 super
2735 4567 2885 4606 eum:
2915 4552 3076 4606 livore
3107 4553 3221 4622 ejus
3273 4555 3453 4608 sanati
3499 4571 3702 4610 sumus.

443 4643 684 4698 Παιδεία
713 4642 958 4713 εἰρήνης
977 4644 1144 4714 ἡμῶν
1165 4646 1258 4714 ἐφ’
1291 4647 1496 4700 αὐτόν’
1524 4647 1606 4714 τῷ
1629 4646 1876 4717 μώλωπι
1909 4651 2020 4704 αὐ-

2141 4645 2292 4716 Lgitur
2314 4643 2552 4714 suscepit
2599 4643 2943 4698 inﬁrmitates
2977 4653 3326 4715 peccatorum
3369 4654 3701 4710 nostrorum,

440 4733 545 4788 τοῦ
573 4733 737 4804 ἡμεῖς
773 4733 1039 4803 ίάθημεν.
1081 4735 1288 4790 Οὐκοῦν
1333 4738 1561 4792 ἀνέλαϐε
1596 4740 1696 4812 τὴν
1733 4739 2019 4796 ἀσθένειαν

2141 4746 2175 4794 :t
2207 4737 2443 4808 portavit
2490 4752 2610 4803 nos,
2657 4745 2712 4792 et
2745 4740 2890 4792 venit
2937 4738 3004 4791 ad
3037 4753 3132 4794 eos
3174 4738 3266 4808 qui
3307 4739 3705 4794 maledicebaut

437 4823 546 4878 τῶν
584 4825 994 4897 ἁμαρτημάτων
1027 4826 1203 4898 ἡμῶν,
1259 4829 1352 4882 καὶ
1407 4830 1666 4901 ὲφόρεσεν
1708 4833 1892 4902 ἡμᾶς.
1921 4835 2016 4888 καὶ

2141 4830 2247 4894 ilbi,
2280 4837 2334 4884 et
2373 4829 2545 4883 virtus
2574 4827 2696 4898 ejus
2725 4827 2923 4883 deiecit
2967 4828 3035 4883 ab
3071 4830 3152 4884 eis
3183 4829 3275 4900 qui
3309 4830 3706 4886 maledicebaut

438 4911 566 4986 ἦλθε
603 4915 740 4986 πρὸς
774 4916 900 4979 τοὺς
946 4917 1370 4988 καταρωμένους
1414 4919 1606 4984 αὐτὸν,
1650 4920 1745 4975 καί
1787 4922 1820 4992 ἡ
1858 4923 2013 4994 ίσχὺς

2141 4939 2148 4974 2
2185 4919 2501 4976 ctelestibus
2529 4918 2970 4974 descendentem.
3013 4917 3190 4974 Simul
3215 4919 3360 4974 enim
3393 4928 3447 4974 et
3487 4935 3701 4975 assum-

438 5006 604 5060 αὐτοῦ
635 5007 878 5072 ἐξέλιπεν
910 5006 1021 5062 ἀπὺ
1049 5008 1159 5063 τῶν
1187 5011 1590 5083 καταρωμένων
1632 5012 1726 5067 ἀπ’
1769 5013 2016 5087 οὐρανῶν

2141 5012 2224 5067 ιείι
2257 5011 2401 5067 servi
2431 5010 2697 5076 formam;
2729 5009 2967 5065 Verbum
2992 5025 3122 5064 caro
3154 5009 3360 5066 iactum
3400 5011 3702 5067 exiuanivit

437 5097 876 5162 κατασαίνοντος.
935 5099 1086 5170 ’Ἀμα
1134 5099 1243 5172 γὰρ
1286 5101 1513 5155 ἀνέλαϐε
1551 5102 1648 5174 τὴν
1692 5102 1786 5158 τοῦ
1826 5103 2014 5159 δούλου

2141 5118 2200 5169 ιο,
2233 5109 2284 5156 et
2314 5101 2469 5171 juxta
2494 5100 2814 5170 Apostolum
2847 5099 3114 5155 dicentem
3153 5102 3231 5154 "'z
3273 5099 3584 5156 Exinanivit
3617 5117 3699 5156 se-

509 5257 554 5288 “
589 5256 611 5309 Ι
639 5256 766 5312 Cor.
810 5271 880 5311 xv
903 5295 918 5318 ,
967 5257 1058 5311 49.
1135 5257 1179 5290 "
1217 5257 1418 5314 Jerem.
1446 5276 1536 5327 xv,
1567 5259 1651 5315 l0.
1728 5262 1773 5295 “
1805 5265 1910 5319 lsa.
1941 5282 2056 5332 LIII,
2092 5267 2138 5330 Ι,
2165 5265 2267 5320 εει
2291 5281 2406 5338 seq.
2483 5263 2528 5296 ⁸⁷
2553 5262 2788 5334 Philipp.
2841 5277 2904 5330 ll,
2934 5263 2985 5317 7.

503 5410 582 5489 (ί)
622 5413 722 5489 ης
751 5407 866 5468 οὖν
910 5410 1148 5474 δικάζει.
1187 5411 1424 5484 Legebat
1466 5411 1872 5486 Hieronymus:
1930 5417 2014 5483 τίς

2141 5416 2398 5489 ιύτῷντάς
2445 5415 3046 5489 θυρίδαςηείσέρχεται
3093 5413 3227 5485 πρὸς
3272 5416 3370 5468 σέ·
3418 5415 3695 5479 πιστεύεις

431 5479 744 5554 oscinum.
828 5552 836 5554 _
1169 5553 1175 5554 γ
1253 5479 1291 5554 ί
1364 5550 1422 5554 ___
1673 5479 1689 5486 ⁷
1993 5479 2006 5483 ⁷

2141 5491 2197 5552 ίς
2221 5479 2402 5551 αὐτόν,
2427 5479 2578 5542 ἀοι-ἐι
2606 5479 3150 5554 ἀντίθετονζίιεωρε,
3174 5494 3407 5538 vescetur
3452 5494 3639 5554 tecum.

506 5548 582 5628 εξ)
621 5552 932 5617 Πιστεύεις
975 5555 1062 5617 εἰς
1111 5551 1318 5628 αὐτον.
1361 5550 1722 5628 Hieronymus
1753 5555 2003 5628 :__Credis

2176 5548 2266 5628 ’(5)
2307 5548 2438 5628 Post
2463 5555 2678 5628 atque“
2709 5555 2879 5628 codex
2911 5548 3088 5628 quem:
3119 5562 3341 5628 secutus
3381 5553 3694 5628 est_ll_iero-

435 5621 493 5673 in
527 5622 717 5694 Deum,
743 5630 976 5694 nascetur
1008 5631 1197 5694 tecum.
1227 5621 1506 5694 Postrema
1539 5619 1652 5678 haec
1686 5625 2002 5680 desiderau-

2141 5619 2331 5694 tyt'nus,
2387 5619 2612 5679 habebat
2635 5619 2785 5678 ι”οὐκ
2829 5619 2978 5675 ἐστὶν
3011 5619 3150 5685 εἶδος
3180 5623 3347 5694 αὐτῷ,
3383 5623 3503 5678 οὐδὲ
3537 5625 3687 5692 δόξα.

437 5702 526 5766 tur
569 5690 623 5744 in
643 5758 655 5766 _
674 5690 864 5766 codice
909 5688 1261 5766 Scoralieusi.
1283 5691 1592 5766 __‘AwlOe-.:a
1622 5709 1821 5766 quippe
1853 5707 2002 5766 sunt,

2141 5685 2357 5766 ἰῖδομεν,
2381 5703 2482 5749 etc.
3299 5685 3328 5741 ξ.

446 5758 570 5813 Ἐὰν
597 5758 674 5828 μὴ
693 5759 1140 5829 καταδικάζηται,
1154 5761 1488 5830 παράδῖκτος
1502 5758 1708 5830 γίνεται
1723 5758 1740 5794 3
1758 5758 2004 5833 ’ἀνοίγεις
