4122 6486
387 365 493 421 «HS

1842 365 2169 423 OllIGENlS

3542 364 3652 420 H6

385 488 551 537 insunt
586 487 813 553 formam
840 490 975 542 servi
1012 490 1295 559 arripiens,
1327 504 1473 543 nunc
1507 503 1729 559 quoque
1775 488 1959 556 loluio

2069 490 2303 561 μορφὴν,
2328 490 2422 544 καὶ
2454 491 2648 544 ἑαυτὸν
2673 491 2960 552 ἐκένωσεν,
2981 486 3054 550 ὡς
3070 488 3099 538 ὁ
3133 483 3452 546 ’Λπόστολος
3479 479 3654 546 εἶπεν,

385 591 500 630 .ur:
544 576 723 633 Virtus
758 596 870 633 mea
896 580 1084 648 defecit
1110 581 1163 633 in
1190 582 1257 633 iis
1281 581 1370 649 qui
1398 579 1723 634 maledicunt
1770 580 1918 633 mihi.

456 849 540 903 l0.
560 847 855 905 Videamus
878 858 1083 916 autem,
1107 850 1226 919 ipso
1243 850 1400 905 nobis
1421 864 1643 906 sensum
1662 850 1956 914 tribuente,

383 942 428 995 si
466 954 532 994 ex
562 940 667 994 hoc
697 956 947 995 sermone
977 941 1253 1008 possimus
1279 950 1333 996 et
1381 943 1525 997 aliud
1567 944 1696 1013 quid
1740 943 1963 998 manile-

2066 580 2170 643 δτι,
2217 579 2553 635 Ἐκένωσεν
2599 578 2818 634 ἑαυτὸν
2866 576 3109 648 μορφὴν
3155 575 3380 629 δούλου
3431 573 3656 629 λαϐὼν.

2071 668 2385 734 Ἐξέλιπεν
2406 666 2498 724 οὖν
2522 711 2539 734 ,
2571 671 2758 737 φησιν,
2798 670 2837 738 ἡ
2873 670 3052 737 ισχύς
3077 684 3198 736 μου
3241 665 3313 718 ἐν
3355 663 3482 731 τοῖς
3516 680 3657 718 κατ-

2058 756 2387 826 αρωμένας
2421 774 2516 827 με-

2134 847 2364 919 Ἴδωμεν
2406 850 2457 901 ei
2485 889 2500 913 ,
2534 847 2701 902 αὐτοῦ
2729 847 2964 911 ilon
3002 846 3096 900 τοῦ
3125 845 3299 913 Λόγου
3320 884 3337 908 ,
3379 843 3659 914 δυνάμεθα

2061 940 2155 993 καὶ
2184 939 2313 993 ἀλλο
2337 940 2672 1012 σαφέστερόν
2698 957 2752 990 τι.
2785 939 2937 1011 παρά
2968 939 3039 993 τά
3066 937 3333 1010 εἰρημένα
3366 936 3543 989 εἰπεῖν
3577 936 3657 998 είς

382 1030 522 1084 stius
550 1030 619 1083 ab
661 1029 743 1085 eis
764 1045 887 1100 qua:
930 1031 1073 1087 dicta
1104 1042 1232 1086 sunt
1259 1033 1473 1087 dicere:
1528 1031 1661 1085 Erat
1711 1033 1805 1085 lux
1837 1048 1959 1087 vera

2064 1031 2152 1083 τό·
2191 1031 2454 1099 Ἡίσχύς
2474 1047 2596 1100 μου
2616 1029 2899 1092 ἐξέλιπεν
2922 1030 2996 1083 ἐν
3039 1029 3166 1095 τοῖς
3212 1026 3656 1096 καταρωμένοις

380 1135 500 1192 quc
536 1120 803 1174 illuminat
846 1138 1049 1176 onmem
1099 1122 1363 1176 hominem
1396 1122 1682 1175 venientem
1718 1122 1772 1175 in
1824 1122 1962 1175 hunc

2064 1137 2153 1190 με.
2191 1116 2305 1175 Ἦν
2363 1121 2430 1174 τὸ
2479 1121 2604 1190 φῶς
2642 1120 2709 1175 τὸ
2739 1119 3030 1188 ἀληθινὸν
3092 1116 3127 1169 ὃ
3195 1116 3423 1187 φωτίζει
3460 1116 3657 1171 πάντα

385 1210 638 1262 mundum
661 1209 723 1265 “.
760 1208 879 1264 Lux
911 1226 1037 1266 vera
1060 1210 1230 1265 Filius
1255 1210 1373 1273 Dei,
1397 1226 1521 1281 quae
1545 1210 1819 1265 illuminat
1842 1226 1963 1265 om-

382 1314 506 1354 nem
524 1300 799 1354 hominem
824 1301 1129 1355 venientem
1155 1302 1208 1354 in
1235 1301 1380 1355 hunc
1409 1301 1693 1355 mundum.
1721 1298 1961 1367 Quicun-

383 1406 490 1459 que
536 1391 819 1446 rationalis
852 1399 957 1457 est,
1003 1391 1279 1461 particeps
1327 1407 1470 1446 verae
1522 1392 1661 1447 lucis
1710 1390 1958 1447 ellicitur.

384 1477 690 1536 Rationalis
713 1491 894 1536 autem
927 1492 1012 1537 est
1036 1483 1216 1538 omnis
1253 1486 1438 1537 homo.
1484 1481 1621 1537 Cum
1659 1484 1822 1553 igitur
1842 1498 1962 1539 om-

385 1586 482 1626 nes
512 1572 767 1626 homines
798 1573 1095 1628 rationales
1147 1573 1277 1639 sint,
1314 1573 1368 1627 in
1418 1573 1747 1643 quibusdam
1792 1574 1963 1631 virtus

385 1665 672 1721 rationalis
700 1674 949 1737 augetur,
983 1667 1038 1720 in
1061 1666 1391 1736 quibusdam
1416 1664 1702 1721 minuitur.
1727 1667 1786 1721 Si
1815 1667 1963 1723 vide-

384 1756 463 1810 ris
495 1755 733 1811 animam
768 1757 917 1812 vitiis
951 1756 1189 1827 plenam,
1224 1767 1278 1811 et
1308 1756 1812 1826 perturbationibus
1841 1774 1961 1814 ser-

2062 1210 2376 1279 ἄνθρωπον
2425 1212 2752 1281 ἐρχόμενον
2789 1212 2878 1271 etc
2912 1209 3021 1264 τὸν
3038 1209 3288 1279 κόσμον.
3323 1209 3508 1272 Καὶδς
3536 1210 3653 1262 ἐστι

2061 1302 2273 1371 λογικὸς
2325 1303 2546 1373 μετέχει
2587 1301 2684 1355 τοῦ
2743 1299 3002 1367 ἀληθινοῦ
3051 1301 3249 1370 φωτός.
3308 1299 3539 1369 Λογικδς
3592 1301 3652 1354 δέ

2062 1395 2179 1446 ἐστι
2218 1394 2330 1455 πᾶς
2364 1392 2671 1465 ἄνθρωπος.
2735 1391 2827 1464 Τῷ
2856 1389 2984 1447 νοῦν
3013 1390 3092 1461 (l)
3128 1388 3461 1462 μετεχόντων
3492 1388 3651 1459 λόγου

2064 1483 2280 1537 πάντων
2307 1481 2638 1554 ἀνθρώπων,
2706 1483 2764 1534 ιν
2823 1482 2939 1535 τισὶ
3006 1481 3104 1552 μιν
3162 1483 3197 1553 ή
3255 1480 3408 1551 ἰσχὺς
3435 1479 3531 1532 τοῦ
3568 1478 3656 1533 λό-

2063 1592 2160 1645 γου
2186 1572 2440 1646 ηὔξησεν,
2465 1573 2524 1627 ιν
2544 1574 2656 1627 τισὶ
2684 1573 2743 1627 δὲ
2764 1572 3028 1627 ἔκλείπει.
3075 1570 3203 1626 Ἐἀν
3232 1570 3290 1624 δὲ
3333 1571 3453 1643 ῐδτις
3478 1570 3656 1641 ψυχὴν

2065 1666 2289 1738 ἐμπαθῆ
2311 1666 2408 1719 καὶ
2424 1664 2768 1737 ἁμαρτωλὸν,
2786 1664 2908 1734 Mm
2924 1666 3042 1718 ἐκεῖ
3057 1664 3159 1736 τὴν
3180 1663 3336 1734 ἰσχὺν
3359 1662 3454 1716 τοῦ
3480 1663 3654 1731 Λόγου

2067 1759 2458 1813 ἐπιλείπουσαν
2477 1774 2491 1789 ·
2534 1757 2630 1811 ἐὰν
2656 1757 2715 1811 δὲ
2750 1756 2866 1828 ἴδῃς
2896 1757 3074 1828 ψυχὴν
3099 1757 3264 1825 ἀγίαν
3291 1757 3386 1809 καὶ
3412 1755 3653 1821 δικαίαν,

384 1849 641 1911 vientz‘m,
672 1848 880 1903 videbis
909 1848 1183 1918 quomodo
1227 1849 1398 1904 virtus
1452 1847 1614 1904 Verbi
1645 1850 1864 1906 deﬁciat
1904 1852 1959 1905 in

2064 1851 2183 1919 ὕψει
2213 1850 2316 1921 τὴν
2353 1849 2505 1920 ίσχὺν
2538 1847 2632 1902 τοῦ
2667 1848 2845 1917 Λόγου
2876 1849 3147 1921 ὁσημέραι
3177 1848 3651 1920 καρποφοροῦσαν·

381 1953 484 1991 ea:
519 1938 565 1992 si
607 1936 804 1991 videris
832 1947 1080 1992 sanctam
1116 1945 1172 1992 et
1200 1938 1429 2007 justam,
1464 1938 1677 1994 videbis
1697 1941 1843 2010 quod
1866 1956 1964 2011 per

382 2029 630 2099 singulos
663 2028 783 2083 dies
808 2028 986 2084 virtus
1016 2028 1108 2084 Dei
1147 2032 1395 2098 prolleiat
1444 2040 1499 2086 et
1539 2043 1751 2087 crescat
1778 2032 1831 2085 in
1854 2048 1916 2087 ea
1946 2049 1960 2085 :

380 2132 436 2175 et
471 2121 576 2177 hoc
607 2119 754 2190 quod
795 2121 1056 2175 scribitur
1100 2122 1168 2177 de
1210 2122 1340 2179 Jesu
1388 2125 1603 2195 aptabis
1656 2124 1728 2181 ei.
1778 2117 1972 2197 Neque.

383 2211 762 2265 tantummodo
781 2209 942 2266 Iesus
965 2211 1276 2280 proﬁciebat
1307 2216 1592 2284 sapientia,
1626 2225 1676 2271 et
1701 2228 1887 2286 a'tate,
1915 2230 1966 2274 et

381 2298 560 2369 gratia
583 2303 724 2368 apud
754 2300 917 2354 Deam
937 2312 985 2355 et
1020 2303 1256 2357 homines
1290 2304 1371 2370 “;
1399 2320 1588 2361 verum
1617 2317 1671 2362 et
1697 2308 1751 2362 in
1778 2309 1966 2382 singu-

383 2392 452 2446 lis
500 2390 804 2460 profectum
863 2392 1164 2462 sapientiae,
1186 2402 1240 2447 et
1290 2394 1487 2461 aetatis,
1530 2407 1584 2449 et
1615 2398 1803 2468 gratiae
1830 2399 1968 2453 reci-

382 2483 682 2552 pientibus,
715 2483 929 2553 proiicit
960 2483 1121 2539 Jesus
1149 2487 1436 2555 sapientia,
1480 2498 1639 2543 aetate
1660 2530 1674 2552 ,
1706 2499 1761 2543 et
1795 2491 1965 2561 gratia

382 2573 525 2641 apud
557 2572 720 2629 Deum
750 2585 805 2631 et
830 2576 1101 2633 homines.
1135 2576 1330 2633 Sermo
1355 2593 1487 2650 ergo
1518 2578 1695 2636 Filius
1743 2579 1836 2635 Dei
1869 2581 1964 2652 qui

379 2676 499 2722 erat
541 2665 682 2723 Deus
730 2666 968 2724 Verbum
996 2711 1011 2735 ,
1054 2671 1147 2741 qui
1182 2670 1393 2725 habitat
1441 2671 1496 2725 in
1546 2672 1800 2728 dicente:
1849 2672 1968 2727 Heu

382 2760 530 2827 mihi,
556 2769 722 2814 mater
755 2776 890 2824 mea,
914 2769 970 2816 et
993 2762 1202 2831 reliqua
1234 2762 1392 2831 juxta
1426 2770 1679 2817 naturam
1712 2763 1968 2833 majesta-

382 2852 454 2907 tis
479 2867 592 2907 suae
619 2852 898 2922 loquitur:
932 2851 1117 2905 Virtus
1164 2868 1280 2906 mea
1312 2853 1506 2922 defecit
1550 2855 1605 2908 in
1655 2855 1969 2909 maledicen-

383 2944 520 2996 tibas
552 2943 698 2997 mihi.
735 2942 792 2997 Si
832 2943 961 3014 quis
994 2943 1339 2999 maledixerit
1367 2943 1572 3010 Verbo,
1598 2947 1783 3001 statim
1818 2948 1964 3001 reci.

381 3037 460 3107 pit
484 3036 678 3101 rirem,
702 3044 757 3090 et
777 3043 1046 3090 tormenta
1072 3038 1389 3106 perpetitur.
1417 3035 1601 3093 Virtus
1615 3039 1817 3109 quippe
1837 3036 1966 3093 Jesu

380 3126 579 3182 defecit
605 3125 657 3180 in
684 3140 750 3182 eo
780 3142 905 3180 eum
935 3126 1074 3180 ratio
1104 3127 1389 3183 minuitur.
1435 3127 1493 3183 Si
1523 3129 1647 3199 quis
1702 3138 1964 3185 econtra-

2065 1943 2161 1994 καὶ
2184 1942 2246 1994 τὸ
2268 1942 2557 2013 εἰρημένον
2579 1940 2710 2011 περὶ
2739 1939 2914 2011 Ἰησοῦ
2937 1937 3242 2011 ἐφαρμόσει
3268 1942 3381 2003 τοῖς
3401 1938 3651 2002 δικαίοις.

2067 2033 2144 2085 Οὐ
2178 2031 2288 2104 γὰρ
2320 2031 2443 2086 καθ’
2480 2031 2671 2085 ἑαυτὸν
2717 2030 2876 2103 μόνον
2895 2033 2925 2084 ό
2961 2030 3169 2101 Ἰησοῦς
3188 2030 3557 2098 προέκοπτεν
3584 2030 3657 2083 ἐν

2066 2122 2140 2193 τῇ
2171 2124 2379 2193 σοφίᾳ,
2415 2124 2515 2178 και
2547 2126 2773 2193 ἡλικίᾳ,
2801 2124 2899 2177 και
2944 2122 3139 2193 χάριτι
3181 2123 3342 2191 παρὰ
3393 2120 3516 2188 Θεῷ
3555 2121 3656 2176 καὶ

2066 2212 2421 2280 ἀνθρώποις.
2457 2213 2619 2283 Λέγει
2650 2208 2743 2267 οὖν
2778 2214 2810 2265 ό
2839 2213 3061 2280 Λόγοςό
3089 2211 3218 2275 Υίὸς
3263 2211 3360 2265 τοῦ
3396 2211 3533 2264 Θεοῦ
3576 2210 3654 2265 ὣν

2064 2306 2124 2359 ἐν
2151 2305 2228 2377 τῷ
2251 2306 2489 2359 είπόντιο
2524 2305 2693 2375 οιμοι
2733 2304 2869 2375 ἐγὼ,
2905 2302 3115 2374 μῆτερ,
3161 2305 3255 2357 καὶ
3288 2304 3356 2357 τά
3393 2303 3543 2374 ἑξῆς,
3571 2303 3655 2357 δτι

2077 2397 2148 2454 Ἦ
2164 2399 2343 2468 ἰσχύς
2368 2414 2488 2467 μου
2512 2396 2794 2463 ἐξέλιπεν
2825 2397 2895 2449 ὲν
2923 2395 3047 2462 τοῖς
3080 2395 3517 2465 καταρωμένας
3550 2411 3648 2465 με.

2072 2491 2169 2553 ’ος
2200 2489 2266 2542 ἂν
2294 2488 2676 2559 καταράσηται
2703 2485 2784 2557 τῷ
2814 2486 2993 2556 Λόγῳ,
3026 2479 3179 2549 οὗτος
3207 2483 3411 2548 εὐθέως
3445 2483 3656 2554 λαμϐά-

2065 2598 2146 2635 νει
2170 2582 2270 2652 τὴν
2300 2580 2521 2635 κόλασιν
2544 2582 2637 2633 ἐπὶ
2658 2578 2738 2651 τῷ
2761 2576 3176 2650 καταράσασθαι
3210 2576 3289 2647 τῷ
3322 2577 3500 2647 Λόγῳ,
3555 2577 3649 2629 ἐπὶ

2065 2670 2143 2743 τῷ
2170 2671 2489 2743 μέμψασθαι
2523 2675 2589 2744 τῇ
2618 2671 2939 2743 διδασκαλία
2984 2668 3183 2740 Ἰησοῦ.
3240 2670 3307 2723 Ἦ
3348 2669 3460 2740 γὰρ
3501 2669 3654 2739 ἰσχὺς

2065 2765 2162 2818 τοῦ
2200 2764 2374 2835 Ἰησοῦ
2422 2765 2664 2819 ἐκλείπει
2714 2765 2774 2816 ὲν
2806 2762 2884 2834 τῷ
2936 2762 3199 2833 τοιούτῳ,
3235 2763 3332 2816 καὶ
3376 2762 3478 2815 οὐκ
3505 2761 3656 2816 ἐστιν

2069 2858 2223 2928 ἰσχὺς
2244 2858 2405 2927 λόγου
2435 2860 2492 2913 ὲν
2521 2856 2670 2928 αὐτῷ
2692 2874 2708 2888 ·
2747 2856 2824 2919 ὡς
2852 2855 3013 2909 πάλιν
3042 2855 3107 2908 ὲκ
3138 2852 3232 2909 τοῦ
3269 2854 3532 2918 ἐναντίου,
3560 2854 3655 2907 ὲάν

2070 2948 2372 3021 εὐλογήσῃς
2420 2947 2649 3020 Ἰησοῦν,
2673 2949 2767 3001 καὶ
2802 2944 3079 3020 παραδέξῃ
3107 2945 3303 3011 αὑτὸν,
3347 2947 3381 3015 ή
3419 2946 3573 3016 ἰσχὺς
3593 2945 3656 2998 τδ

2065 3038 2303 3092 ἐναντίον
2336 3037 2534 3108 πάσχει
2576 3037 2606 3090 ὃ
2630 3037 2741 3100 (τσ.
2768 3030 2853 3107 οὗ)
2874 3034 3140 3090 πέπονθεν
3168 3036 3228 3088 ὲν
3267 3037 3380 3098 τοῖς
3399 3051 3654 3105 καταρω-

2070 3131 2249 3200 μένοις
2271 3129 2431 3184 αὐτόν
2450 3144 2466 3160 ο
2504 3127 2580 3191 ὡς
2610 3127 2719 3198 γὰρ
2745 3129 2863 3180 ἐκεῖ
2893 3124 3139 3190 ἐξέλιπεν
3170 3126 3228 3178 ὲν
3257 3129 3370 3188 τοῖς
3399 3141 3651 3198 καταρω-

383 3219 466 3273 rio
487 3217 822 3273 benedixerit
850 3226 905 3273 et
937 3220 1200 3288 receperit
1238 3218 1424 3275 Jesnm
1450 3261 1466 3288 ,
1500 3224 1678 3276 virtus
1713 3220 1835 3291 ejus
1875 3218 1959 3273 di-

2070 3220 2271 3291 μένοις,
2305 3218 2479 3282 οὕτως
2499 3217 2733 3272 ἐνταῦθα
2761 3216 2912 3284 αὔξει
2942 3218 3001 3269 ὲν
3030 3218 3142 3279 τοῖς
3179 3215 3479 3285 εὐλογοῦσι,

384 3328 541 3368 versa
576 3328 740 3383 quam
762 3321 846 3368 est
872 3313 926 3368 in
955 3313 1407 3371 maledicentibus
1440 3315 1489 3372 ei
1521 3331 1680 3386 passa
1718 3316 2051 3387 perpetitur;
2118 3326 2177 3370 ut
2225 3316 2368 3369 enim
2402 3314 2457 3368 in
2489 3312 2934 3369 maledicentibus
2973 3311 3277 3378 deiecerat,
3324 3311 3404 3368 sic
3452 3313 3507 3367 in
3562 3312 3655 3368 be-

384 3407 757 3463 lus-dicentibus
793 3409 1009 3463 crescit.

455 3521 540 3577 ll.
577 3518 737 3589 Fiat,
767 3519 986 3576 Domine
1008 3562 1023 3589 ,
1075 3520 1425 3591 dirigentibas
1456 3523 1553 3587 eis,
1591 3521 1639 3575 si
1682 3538 1783 3575 non
1816 3521 1965 3575 astiti

382 3616 479 3669 tibi
506 3615 560 3668 in
586 3622 812 3683 tempore
838 3616 1098 3667 malorum
1119 3631 1300 3668 eorum
1331 3615 1399 3668 ".
1425 3613 1564 3680 Quid
1586 3623 1669 3669 est
1694 3614 1796 3669 hoc
1820 3614 1964 3684 quod

381 3706 582 3762 dicitur
617 3725 630 3761 :
675 3704 824 3769 Fiat,
858 3705 1101 3772 Domine,
1127 3706 1221 3776 qui
1248 3715 1444 3776 potest,
1469 3722 1531 3761 ex
1565 3705 1685 3776 ipso
1711 3721 1965 3760 sermone

380 3797 705 3853 consideret.
736 3796 831 3853 His
858 3796 1013 3867 ipsis,
1048 3795 1293 3861 Domine,
1317 3795 1697 3867 dirigentibus,
1720 3795 1811 3867 qui
1852 3812 1965 3851 ma-

381 3890 683 3946 ledicebant
712 3887 868 3953 mihi,
899 3889 1073 3943 virtus
1096 3904 1221 3959 quae
1246 3888 1536 3945 deﬁciebat.
1570 3888 1623 3944 in
1655 3889 1755 3949 eis.
1789 3888 1880 3943 ﬁat
1908 3889 1961 3944 in

382 3983 463 4036 eis
491 3996 616 4034 cum
662 3977 728 4034 ad
769 3979 1146 4049 paenitentiam
1193 3981 1444 4036 conversi
1500 3989 1624 4050 post
1678 3981 1961 4037 maledicta

383 4070 545 4143 215
569 4070 768 4140 quibus
792 4087 876 4124 me
907 4072 1373 4141 persequebantur
1398 4072 1677 4127 ambulare
1699 4075 1965 4143 coeperint

382 4172 590 4217 rectam
615 4162 780 4216 viam.
815 4160 959 4224 Fiat,
997 4161 1236 4227 Domine,
1255 4163 1606 4234 dirigentibus
1642 4164 1739 4228 eis,
1780 4165 1828 4217 si
1861 4181 1961 4219 non

382 4256 536 4310 astiti
555 4255 671 4311 tibi.
697 4253 892 4310 Reddit
918 4255 1184 4310 rationem
1213 4272 1383 4326 quare
1415 4255 1482 4310 iis
1533 4254 1625 4326 qui
1672 4256 1963 4311 maledice-

386 4346 514 4402 bant
556 4346 658 4401 sibi
694 4345 933 4416 postulat
969 4344 1325 4400 directionem
1374 4353 1538 4415 atque
1577 4344 1833 4399 virtutem
1879 4343 1962 4398 di-

384 4450 546 4491 cens:
582 4434 643 4490 Si
672 4451 774 4488 non
798 4436 949 4489 astili
983 4436 1076 4489 tibi
1118 4436 1173 4489 in
1214 4445 1440 4506 tempore
1471 4433 1732 4488 malorum
1758 4449 1957 4488 eorum.

384 4528 568 4582 Astitit
591 4526 737 4582 Patri
769 4527 1085 4599 propitialio
1129 4542 1229 4599 pro
1268 4526 1504 4597 peccatis
1553 4525 1756 4582 nostris
1783 4525 1851 4590 ³⁸,
1908 4533 1964 4580 et

384 4620 704 4691 deprecatus
721 4630 804 4676 est
825 4637 949 4676 eum
975 4624 1027 4675 in
1053 4629 1298 4693 tempore
1317 4620 1585 4677 malorum
1607 4628 1922 4675 nostrorum
1944 4637 1957 4673 :

383 4729 558 4783 neque
582 4716 726 4769 enim
767 4713 935 4769 astitit
964 4719 1088 4784 post
1128 4719 1341 4781 tempus
1383 4710 1692 4765 amictionis
1738 4718 1955 4771 nostra,

383 4805 477 4860 sed
501 4820 624 4859 cum
660 4804 837 4859 adhuc
867 4811 1178 4872 peccatores
1205 4815 1472 4863 essemus,

383 4912 479 4966 pro
507 4896 663 4951 nobis
686 4903 935 4949 mortuus
974 4902 1077 4948 est.
1115 4889 1175 4945 Si
1210 4907 1313 4945 non
1339 4891 1487 4944 astili
1516 4890 1612 4944 tibi
1641 4892 1694 4944 in
1731 4899 1958 4958 tempore

381 4986 643 5041 malorum
672 5000 873 5048 eorum,
909 4993 957 5036 et
999 4984 1055 5036 in
1089 4993 1315 5050 tempore
1351 4981 1717 5035 tribulationis
1753 4995 1957 5045 eorum,

380 5087 628 5148 exsurgat
661 5075 940 5129 inimicas:
970 5089 1062 5144 ego
1082 5074 1229 5127 astiti
1261 5071 1360 5126 tibi
1384 5088 1478 5142 pro
1498 5074 1593 5127 eis.
1616 5070 1751 5137 Quis
1778 5080 1957 5124 autem

378 5179 465 5224 est
513 5165 768 5222 inimicus
808 5170 1028 5228 noster,
1082 5163 1184 5218 nisi
1209 5161 1447 5217 Zabulus
1474 5201 1490 5226 ,
1522 5161 1615 5232 qui
1667 5158 1961 5215 tribulabat

383 5270 506 5319 nos,
534 5262 587 5306 et
613 5250 746 5320 justo
790 5248 1070 5305 servitutis
1104 5252 1418 5322 promebat?
1460 5251 1747 5306 adversum
1796 5264 1956 5318 quem

384 5345 557 5400 astitit
585 5341 729 5395 Patri
756 5340 1023 5410 Salvator,
1057 5353 1112 5398 et
1140 5344 1207 5398 de
1248 5344 1559 5413 captivitate
1586 5357 1687 5398 nos
1716 5334 1955 5396 liberans

2140 3497 2404 3559 Γένοιτο,
2436 3499 2643 3567 Κύριε,
2691 3496 3184 3552 κατευθυικίντων
3221 3496 3419 3550 αὐτῶν
3441 3535 3456 3560 ,
3491 3500 3544 3551 εὶ
3565 3499 3654 3569 μὴ

2065 3591 2375 3657 παρέστην
2401 3601 2499 3642 σοι
2533 3588 2603 3642 ἐν
2632 3588 2813 3656 καιρῷ
2842 3587 2959 3643 τῶν
2980 3587 3179 3642 κακῶν
3209 3586 3424 3641 αὐτῶν.
3446 3589 3536 3655 Τί,
3561 3594 3657 3660 τέ·-

2064 3699 2244 3745 νοιτο,
2277 3681 2449 3748 Κύριε
2461 3696 2480 3744 ;
2530 3681 2586 3734 Ὁ
2612 3680 2908 3751 δυνάμενος
2934 3674 3039 3749 ago"
3062 3678 3260 3732 ἑαυτοῦ
3301 3681 3654 3750 ουναγαγέτω

2063 3772 2125 3826 τὸ
2143 3771 2382 3827 τοιοῦτον
2404 3774 2485 3837 τὸ,
2515 3772 2750 3837 Γένοιτο,
2772 3772 3017 3825 Δέσποτα
3057 3772 3250 3842 Κύριε,
3284 3772 3652 3828 κατευθυνάν-

2063 3880 2172 3916 των
2191 3861 2394 3929 αὐτῶν,
2422 3862 2631 3932 γένοιτο
2659 3864 2812 3934 ἰσχὺς
2837 3862 3165 3918 ἐκλείπουσα
3189 3866 3246 3917 ὲν
3271 3867 3383 3928 τοῖς
3410 3882 3654 3938 καταρω-

2068 3956 2273 4025 μένοις,
2307 3956 2438 4009 ὅταν
2468 3954 2606 4027 μετά
2631 3954 2691 4008 τὸ
2726 3954 2911 4019 κακῶς
2935 3972 3002 4027 με
3027 3957 3201 4010 εἰπεῖν
3221 3997 3235 4020 ,
3281 3957 3533 4029 τραπῶσι
3556 3957 3655 4029 τὴν

2062 4047 2276 4102 εὐθεῖαν
2306 4087 2321 4111 ,
2375 4046 2468 4101 καὶ
2493 4047 2665 4118 αὐτὴν
2712 4047 2992 4102 όδεύσωσι.
3034 4046 3301 4112 Γένοιτο,
3347 4048 3640 4113 Δέσποτα,

2064 4139 2557 4193 κατευθυνάντων
2586 4138 2804 4202 αὐτῶν,
2838 4141 2891 4193 ει
2923 4138 3012 4209 μὴ
3043 4141 3353 4209 παρέστην
3380 4155 3499 4197 σοι.
3523 4135 3657 4195 Εἶτα

2062 4227 2473 4298 δικαιολογεῖται
2505 4245 2581 4281 πα
2587 4229 2656 4301 ρά
2676 4230 2787 4284 τῶν
2804 4230 3246 4300 κακολογοῦντων
3265 4231 3428 4285 αὐτὸν
3458 4232 3652 4301 λέγων’

2063 4321 2134 4373 El
2155 4318 2242 4389 μὴ
2272 4319 2587 4388 παρέστην
2601 4339 2699 4377 σοι
2723 4323 2796 4376 ἐν
2821 4322 3003 4392 καιρῷ
3030 4322 3150 4376 τῶν
3188 4322 3391 4377 κακῶν
3435 4323 3652 4377 αὐτῶν.

2065 4406 2320 4479 ΙΙαρέστη
2344 4409 2423 4481 τῷ
2456 4409 2652 4480 Πατρὶ,
2680 4409 2909 4479 ίλασμὸς
2939 4410 3014 4464 ὢν
3051 4411 3180 4482 περὶ
3226 4409 3337 4463 τῶν
3370 4412 3656 4484 ἀμαρτιιῖιν

2034 4558 2035 4561 η
2063 4495 2240 4567 ήμῶν,
2265 4498 2360 4551 καὶ
2384 4499 2725 4569 παρεκάλεσε
2757 4499 2887 4571 περὶ
2917 4500 3096 4553 αὐτῶν
3118 4502 3178 4553 ὲν
3208 4499 3356 4570 αὐτῷ
3379 4501 3458 4571 τῷ
3479 4502 3657 4572 καιρῷ

2061 4590 2171 4645 τῶν
2191 4592 2377 4646 κακῶν
2401 4591 2579 4663 ημῶν.
2619 4590 2757 4645 Ἀλλ’
2780 4593 2948 4646 όντων
2978 4593 3084 4646 τῶν
3106 4594 3448 4665 ἁμαρτωλῶν
3475 4595 3654 4666 ἡμῶν,

2062 4681 2294 4751 Χριστὸς
2315 4682 2456 4753 ὑπὲρ
2490 4681 2647 4752 ἡμῶν
2669 4681 2962 4737 ἀπέθανεν.
3000 4685 3073 4737 Et
3090 4682 3177 4753 μὴ
3208 4683 3526 4756 παρέστην
3555 4697 3655 4738 σοι

1504 4798 1664 4854 Jesus
1705 4799 1958 4853 Christus

2064 4772 2133 4825 ὲν
2150 4772 2334 4840 καιρῷ
2356 4772 2476 4827 τῶν
2496 4772 2699 4825 κακῶν
2721 4771 2938 4838 αὐτῶν,
2957 4774 3028 4828 ἐν
3042 4773 3227 4843 καιρῷ
3249 4774 3367 4829 τῶν
3390 4777 3658 4846 θλίψεων

2064 4862 2266 4916 αὐτῶν
2281 4864 2369 4929 εις
2395 4862 2585 4932 ἀγαθὰ
2614 4864 2766 4931 πρὸς
2796 4864 2904 4918 τὸν
2929 4867 3148 4937 ἐχθρόν
3171 4866 3249 4939 (2)
3269 4883 3283 4896 ’
3321 4867 3420 4921 καὶ
3460 4869 3529 4922 ἐν
3575 4865 3656 4934 τῷ

2065 4951 2247 5019 καῳῷ
2285 4952 2397 5021 τῆς
2441 4954 2706 5022 θλίψεως
2754 4955 2974 5022 αὐτῶν,
3028 4961 3182 5031 φησὶ,
3219 4958 3330 5028 τῆς
3359 4959 3512 5029 πρὸς
3548 4960 3657 5016 τὸν

2064 5045 2282 5113 ἐχθρὸν
2302 5045 2418 5115 ἐγὼ
2474 5046 2785 5116 παρέστην
2825 5066 2923 5103 σοι
2948 5050 3101 5119 ὑπὲρ
3131 5048 3345 5106 αὐτῶν.
3403 5052 3499 5116 Τίς
3533 5051 3590 5106 δὲ
3625 5050 3656 5105 ὁ

2066 5134 2262 5208 ἐχθρὸς
2283 5176 2298 5201 ,
2349 5136 2383 5207 ἢ
2437 5138 2466 5190 ό
2514 5136 2784 5202 ἀντίδικος
2815 5143 2846 5210 ὴ
2857 5140 2972 5209 μῶν
3005 5140 3279 5207 διάσολος,
3335 5140 3394 5205 ὃς
3440 5140 3655 5212 ἐθλιψεν

2064 5237 2213 5307 ἡμᾶς
2230 5253 2243 5299 ;
2263 5237 2373 5290 Καὶ
2397 5237 2580 5306 σαφῶς
2597 5239 2656 5293 ὲν
2676 5239 2753 5311 τῷ
2780 5239 2956 5311 καιρῷ
2978 5240 3075 5310 τῆς
3092 5239 3292 5313 ἔχθρας
3318 5240 3526 5294 ἐκείνου
3555 5242 3655 5313 τῆς

2064 5340 2204 5393 κατὰ
2261 5338 2368 5395 τῶν
2418 5338 2722 5410 ἀνθρώπιον
2771 5344 3019 5413 παρέστη
3069 5342 3146 5414 τῷ
3184 5343 3361 5413 Πατρὶ
3394 5344 3422 5396 ὁ
3461 5341 3651 5415 Σωτὴρ

459 5479 501 5510 ⁸⁸
532 5477 691 5537 Joan.
719 5497 771 5546 I,
822 5481 874 5535 9.
952 5482 996 5514 ‘9
1033 5481 1164 5538 Luc.
1224 5498 1298 5549 ιι,
1339 5481 1428 5537 32.
1504 5482 1550 5514 "
1595 5480 1794 5537 Jerem.
1833 5482 1962 5548 xv,l

2111 5483 2153 5516 "
2187 5483 2389 5539 lJoan.
2429 5501 2488 5547 ιι,
2530 5484 2583 5538 2.

463 5687 537 5763 (l)
586 5689 667 5754 Τῷ
697 5690 862 5746 νοῦν.
899 5692 1056 5763 Lege,
1092 5694 1199 5748 τῶν
1227 5693 1339 5749 οὖν.

464 5762 537 5831 c2,
573 5763 677 5827 Εἰς
700 5764 888 5833 ἀγαθὰ
915 5762 1062 5833 πρὸς
1090 5765 1193 5820 τὸν
1211 5766 1447 5836 ἐχθρόν.
1476 5764 1709 5836 Legebat
1730 5764 1960 5822 fortasse

2064 5783 2357 5837 eronymus
2387 5764 2655 5832 ὲξανάστα
2682 5765 2774 5820 τὸν
2799 5764 3012 5838 ἐχθρόν.
