  <div class='ocr_page' id='page_1' title='image "/cluster/home/n/w/nwhite01/storage/ocr_20150623/13:no.3/coo.31924054872910/216.png"; bbox 0 0 2061 3210; ppageno 0'>
   <div class='ocr_carea' id='block_1_1' title="bbox 196 178 246 204">
    <p class='ocr_par' dir='ltr' id='par_1_1' title="bbox 196 178 246 204">
     <span class='ocr_line' id='line_1_1' title="bbox 196 178 246 204; baseline 0 0"><span class='ocrx_word' id='word_1_1' title='bbox 196 178 246 204; x_wconf 76' lang='lat' dir='ltr'><strong>M1</strong></span> 
     </span>
    </p>
   </div>
   <div class='ocr_carea' id='block_1_2' title="bbox 768 172 1241 201">
    <p class='ocr_par' dir='ltr' id='par_1_2' title="bbox 768 172 1241 201">
     <span class='ocr_line' id='line_1_2' title="bbox 768 172 1241 201; baseline -0.002 0"><span class='ocrx_word' id='word_1_2' title='bbox 768 174 801 201; x_wconf 81' lang='lat' dir='ltr'><strong>IN</strong></span> <span class='ocrx_word' id='word_1_3' title='bbox 820 173 992 201; x_wconf 74' lang='lat' dir='ltr'><strong>JEREMIAM</strong></span> <span class='ocrx_word' id='word_1_4' title='bbox 1014 172 1152 201; x_wconf 70' lang='lat' dir='ltr'><strong>IIUMILH</strong></span> <span class='ocrx_word' id='word_1_5' title='bbox 1173 172 1241 200; x_wconf 76' lang='lat' dir='ltr'><strong>XIV.</strong></span> 
     </span>
    </p>
   </div>
   <div class='ocr_carea' id='block_1_3' title="bbox 1782 173 1836 199">
    <p class='ocr_par' dir='ltr' id='par_1_3' title="bbox 1782 173 1836 199">
     <span class='ocr_line' id='line_1_3' title="bbox 1782 173 1836 199; baseline 0 0"><span class='ocrx_word' id='word_1_6' title='bbox 1782 173 1836 199; x_wconf 73' lang='grc' dir='ltr'>ιιει</span> 
     </span>
    </p>
   </div>
   <div class='ocr_carea' id='block_1_4' title="bbox 197 231 995 273">
    <p class='ocr_par' dir='ltr' id='par_1_4' title="bbox 197 234 990 273">
     <span class='ocr_line' id='line_1_4' title="bbox 197 234 990 273; baseline -0.004 -10"><span class='ocrx_word' id='word_1_7' title='bbox 197 237 285 273; x_wconf 71' lang='grc' dir='ltr'>ἡμῶν,</span> <span class='ocrx_word' id='word_1_8' title='bbox 303 236 351 263; x_wconf 76' lang='grc' dir='ltr'>καὶ</span> <span class='ocrx_word' id='word_1_9' title='bbox 369 236 464 272; x_wconf 66' lang='grc' dir='ltr'>ἐδεήθη</span> <span class='ocrx_word' id='word_1_10' title='bbox 484 235 546 271; x_wconf 75' lang='grc' dir='ltr'>περὶ</span> <span class='ocrx_word' id='word_1_11' title='bbox 566 235 616 270; x_wconf 82' lang='grc' dir='ltr'>τῆς</span> <span class='ocrx_word' id='word_1_12' title='bbox 636 234 777 271; x_wconf 77' lang='grc' dir='ltr'>ἡμετέρας</span> <span class='ocrx_word' id='word_1_13' title='bbox 789 234 990 269; x_wconf 76' lang='grc' dir='ltr'><strong>αἰχμαλωσίας,</strong></span> 
     </span>
    </p>
   </div>
   <div class='ocr_carea' id='block_1_5' title="bbox 1046 231 1834 273">
    <p class='ocr_par' dir='ltr' id='par_1_5' title="bbox 1046 231 1834 268">
     <span class='ocr_line' id='line_1_5' title="bbox 1046 231 1834 268; baseline -0.003 -9"><span class='ocrx_word' id='word_1_14' title='bbox 1046 234 1159 261; x_wconf 84' lang='lat' dir='ltr'><strong>reddidit</strong></span> <span class='ocrx_word' id='word_1_15' title='bbox 1174 233 1304 260; x_wconf 70' lang='lat' dir='ltr'><strong>libertati.</strong></span> <span class='ocrx_word' id='word_1_16' title='bbox 1323 231 1385 260; x_wconf 69' lang='lat' dir='ltr'><strong>Hzec</strong></span> <span class='ocrx_word' id='word_1_17' title='bbox 1398 233 1561 268; x_wconf 79' lang='lat' dir='ltr'><strong>prophetico</strong></span> <span class='ocrx_word' id='word_1_18' title='bbox 1575 232 1706 260; x_wconf 80' lang='lat' dir='ltr'><strong>Dominus</strong></span> <span class='ocrx_word' id='word_1_19' title='bbox 1723 232 1834 258; x_wconf 73' lang='lat' dir='ltr'><strong>dixerit.</strong></span> 
     </span>
    </p>
   </div>
   <div class='ocr_carea' id='block_1_6' title="bbox 198 279 991 318">
    <p class='ocr_par' dir='ltr' id='par_1_6' title="bbox 198 279 991 318">
     <span class='ocr_line' id='line_1_6' title="bbox 198 279 991 318; baseline -0.004 -9"><span class='ocrx_word' id='word_1_20' title='bbox 198 284 241 310; x_wconf 78' lang='grc' dir='ltr'>ἵνα</span> <span class='ocrx_word' id='word_1_21' title='bbox 270 282 463 318; x_wconf 84' lang='grc' dir='ltr'>λυτρωθῶμεν,</span> <span class='ocrx_word' id='word_1_22' title='bbox 489 282 537 308; x_wconf 79' lang='grc' dir='ltr'>καὶ</span> <span class='ocrx_word' id='word_1_23' title='bbox 564 280 708 317; x_wconf 80' lang='grc' dir='ltr'><strong>ῥυσθῶμεν</strong></span> <span class='ocrx_word' id='word_1_24' title='bbox 737 280 792 307; x_wconf 80' lang='grc' dir='ltr'><strong>ἀπὸ</strong></span> <span class='ocrx_word' id='word_1_25' title='bbox 810 280 857 307; x_wconf 81' lang='grc' dir='ltr'><strong>τοῦ</strong></span> <span class='ocrx_word' id='word_1_26' title='bbox 883 279 991 315; x_wconf 72' lang='grc' dir='ltr'>ἐχθροῦ.</span> 
     </span>
    </p>
   </div>
   <div class='ocr_carea' id='block_1_7' title="bbox 198 326 994 364">
    <p class='ocr_par' dir='ltr' id='par_1_7' title="bbox 198 326 994 364">
     <span class='ocr_line' id='line_1_7' title="bbox 198 326 994 364; baseline -0.004 -9"><span class='ocrx_word' id='word_1_27' title='bbox 198 329 290 356; x_wconf 84' lang='grc' dir='ltr'>Ταῦτα</span> <span class='ocrx_word' id='word_1_28' title='bbox 304 328 353 364; x_wconf 72' lang='grc' dir='ltr'>μιν</span> <span class='ocrx_word' id='word_1_29' title='bbox 368 330 383 355; x_wconf 91' lang='lat'><strong>6</strong></span> <span class='ocrx_word' id='word_1_30' title='bbox 394 328 488 364; x_wconf 82' lang='grc' dir='ltr'>Σωτὴρ</span> <span class='ocrx_word' id='word_1_31' title='bbox 501 328 517 363; x_wconf 84' lang='grc' dir='ltr'>ἣ</span> <span class='ocrx_word' id='word_1_32' title='bbox 533 328 548 354; x_wconf 92' lang='lat'><strong>6</strong></span> <span class='ocrx_word' id='word_1_33' title='bbox 558 328 700 363; x_wconf 68' lang='grc' dir='ltr'>προφήτης</span> <span class='ocrx_word' id='word_1_34' title='bbox 713 326 857 362; x_wconf 77' lang='grc' dir='ltr'>εἰρηκέτω.</span> <span class='ocrx_word' id='word_1_35' title='bbox 871 326 926 353; x_wconf 77' lang='grc' dir='ltr'><strong>Καὶ</strong></span> <span class='ocrx_word' id='word_1_36' title='bbox 938 326 994 361; x_wconf 82' lang='grc' dir='ltr'><strong>γὰρ</strong></span> 
     </span>
    </p>
   </div>
   <div class='ocr_carea' id='block_1_8' title="bbox 198 370 994 410">
    <p class='ocr_par' dir='ltr' id='par_1_8' title="bbox 198 370 994 410">
     <span class='ocr_line' id='line_1_8' title="bbox 198 370 994 410; baseline -0.003 -9"><span class='ocrx_word' id='word_1_37' title='bbox 198 376 211 402; x_wconf 97' lang='lat'><strong>6</strong></span> <span class='ocrx_word' id='word_1_38' title='bbox 227 375 370 410; x_wconf 78' lang='grc' dir='ltr'><strong>προφήτης</strong></span> <span class='ocrx_word' id='word_1_39' title='bbox 382 374 495 400; x_wconf 80' lang='grc' dir='ltr'>δύναται</span> <span class='ocrx_word' id='word_1_40' title='bbox 505 374 539 400; x_wconf 85' lang='grc' dir='ltr'><strong>τὰ</strong></span> <span class='ocrx_word' id='word_1_41' title='bbox 547 373 658 400; x_wconf 73' lang='grc' dir='ltr'>τοιαῦτα</span> <span class='ocrx_word' id='word_1_42' title='bbox 670 373 821 409; x_wconf 80' lang='grc' dir='ltr'><strong>εἰρηκέναι,</strong></span> <span class='ocrx_word' id='word_1_43' title='bbox 834 372 882 399; x_wconf 80' lang='grc' dir='ltr'><strong>καὶ</strong></span> <span class='ocrx_word' id='word_1_44' title='bbox 895 370 994 408; x_wconf 84' lang='grc' dir='ltr'>ηὗχθαι</span> 
     </span>
    </p>
   </div>
   <div class='ocr_carea' id='block_1_9' title="bbox 200 418 886 456">
    <p class='ocr_par' dir='ltr' id='par_1_9' title="bbox 200 418 886 456">
     <span class='ocr_line' id='line_1_9' title="bbox 200 418 886 456; baseline -0.003 -9"><span class='ocrx_word' id='word_1_45' title='bbox 200 420 263 456; x_wconf 76' lang='grc' dir='ltr'>περὶ</span> <span class='ocrx_word' id='word_1_46' title='bbox 276 420 322 447; x_wconf 84' lang='grc' dir='ltr'><strong>τοῦ</strong></span> <span class='ocrx_word' id='word_1_47' title='bbox 334 420 400 446; x_wconf 83' lang='grc' dir='ltr'>λαοῦ</span> <span class='ocrx_word' id='word_1_48' title='bbox 418 421 448 446; x_wconf 71' lang='grc' dir='ltr'><strong>ιν</strong></span> <span class='ocrx_word' id='word_1_49' title='bbox 458 419 497 454; x_wconf 79' lang='grc' dir='ltr'>τῷ</span> <span class='ocrx_word' id='word_1_50' title='bbox 514 418 602 455; x_wconf 76' lang='grc' dir='ltr'>καιρῷ</span> <span class='ocrx_word' id='word_1_51' title='bbox 615 419 669 446; x_wconf 88' lang='grc' dir='ltr'>τῶν</span> <span class='ocrx_word' id='word_1_52' title='bbox 682 419 775 446; x_wconf 83' lang='grc' dir='ltr'>κακῶν</span> <span class='ocrx_word' id='word_1_53' title='bbox 785 418 886 446; x_wconf 77' lang='grc' dir='ltr'>αὐτῶν.</span> 
     </span>
    </p>
   </div>
   <div class='ocr_carea' id='block_1_10' title="bbox 240 464 992 500">
    <p class='ocr_par' dir='ltr' id='par_1_10' title="bbox 240 464 992 500">
     <span class='ocr_line' id='line_1_10' title="bbox 240 464 992 500; baseline -0.003 -8"><span class='ocrx_word' id='word_1_54' title='bbox 240 466 301 492; x_wconf 82' lang='grc' dir='ltr'><strong>Ἐπὶ</strong></span> <span class='ocrx_word' id='word_1_55' title='bbox 317 466 422 496; x_wconf 75' lang='grc' dir='ltr'>τούτοις</span> <span class='ocrx_word' id='word_1_56' title='bbox 433 465 460 492; x_wconf 87' lang='grc' dir='ltr'>τί</span> <span class='ocrx_word' id='word_1_57' title='bbox 476 465 656 500; x_wconf 75' lang='grc' dir='ltr'>ἀποκρίνεται</span> <span class='ocrx_word' id='word_1_58' title='bbox 669 465 684 491; x_wconf 90' lang='lat'><strong>6</strong></span> <span class='ocrx_word' id='word_1_59' title='bbox 697 464 764 496; x_wconf 79' lang='grc' dir='ltr'>Θεὸς</span> <span class='ocrx_word' id='word_1_60' title='bbox 785 464 854 500; x_wconf 78' lang='grc' dir='ltr'>πρὸς</span> <span class='ocrx_word' id='word_1_61' title='bbox 869 464 916 491; x_wconf 76' lang='grc' dir='ltr'>τὸν</span> <span class='ocrx_word' id='word_1_62' title='bbox 928 464 992 491; x_wconf 80' lang='grc' dir='ltr'>λαδν</span> 
     </span>
    </p>
   </div>
   <div class='ocr_carea' id='block_1_11' title="bbox 198 510 993 547">
    <p class='ocr_par' dir='ltr' id='par_1_11' title="bbox 198 510 993 547">
     <span class='ocr_line' id='line_1_11' title="bbox 198 510 993 547; baseline -0.003 -9"><span class='ocrx_word' id='word_1_63' title='bbox 198 513 244 538; x_wconf 75' lang='grc' dir='ltr'>τὸν</span> <span class='ocrx_word' id='word_1_64' title='bbox 261 511 486 547; x_wconf 78' lang='grc' dir='ltr'><strong>κατηγορηθέντα</strong></span> <span class='ocrx_word' id='word_1_65' title='bbox 515 511 568 537; x_wconf 74' lang='grc' dir='ltr'>ὑπὸ</span> <span class='ocrx_word' id='word_1_66' title='bbox 592 510 640 537; x_wconf 79' lang='grc' dir='ltr'><strong>τοῦ</strong></span> <span class='ocrx_word' id='word_1_67' title='bbox 663 511 802 546; x_wconf 79' lang='grc' dir='ltr'><strong>προφήτου</strong></span> <span class='ocrx_word' id='word_1_68' title='bbox 829 510 845 545; x_wconf 78' lang='grc' dir='ltr'><strong>ἢ</strong></span> <span class='ocrx_word' id='word_1_69' title='bbox 873 510 927 537; x_wconf 81' lang='grc' dir='ltr'><strong>ὑπὸ</strong></span> <span class='ocrx_word' id='word_1_70' title='bbox 945 510 993 536; x_wconf 81' lang='grc' dir='ltr'><strong>τοῦ</strong></span> 
     </span>
    </p>
   </div>
   <div class='ocr_carea' id='block_1_12' title="bbox 200 556 994 594">
    <p class='ocr_par' dir='ltr' id='par_1_12' title="bbox 200 556 994 594">
     <span class='ocr_line' id='line_1_12' title="bbox 200 556 994 594; baseline -0.003 -9"><span class='ocrx_word' id='word_1_71' title='bbox 200 557 319 594; x_wconf 78' lang='grc' dir='ltr'>Χριστοῦ</span> <span class='ocrx_word' id='word_1_72' title='bbox 332 566 339 590; x_wconf 91' lang='grc'>;</span> <span class='ocrx_word' id='word_1_73' title='bbox 356 558 404 585; x_wconf 74' lang='grc' dir='ltr'>καὶ</span> <span class='ocrx_word' id='word_1_74' title='bbox 420 557 507 585; x_wconf 82' lang='grc' dir='ltr'>ταῦτα</span> <span class='ocrx_word' id='word_1_75' title='bbox 524 557 598 591; x_wconf 74' lang='grc' dir='ltr'>λέγει</span> <span class='ocrx_word' id='word_1_76' title='bbox 613 557 682 593; x_wconf 75' lang='grc' dir='ltr'>πρὸς</span> <span class='ocrx_word' id='word_1_77' title='bbox 698 557 788 584; x_wconf 74' lang='grc' dir='ltr'>αὐτόν’</span> <span class='ocrx_word' id='word_1_78' title='bbox 807 557 933 591; x_wconf 80' lang='grc' dir='ltr'>Σιδηρος</span> <span class='ocrx_word' id='word_1_79' title='bbox 944 556 994 583; x_wconf 75' lang='grc' dir='ltr'>καὶ</span> 
     </span>
    </p>
   </div>
   <div class='ocr_carea' id='block_1_13' title="bbox 200 602 993 638">
    <p class='ocr_par' dir='ltr' id='par_1_13' title="bbox 200 602 993 638">
     <span class='ocr_line' id='line_1_13' title="bbox 200 602 993 638; baseline -0.005 -7"><span class='ocrx_word' id='word_1_80' title='bbox 200 604 390 638; x_wconf 73' lang='grc' dir='ltr'>περιϐόλαιον</span> <span class='ocrx_word' id='word_1_81' title='bbox 403 603 540 638; x_wconf 70' lang='grc' dir='ltr'>χαλκοῦν</span> <span class='ocrx_word' id='word_1_82' title='bbox 559 603 579 637; x_wconf 76' lang='grc' dir='ltr'><strong><em>ἠ</em></strong></span> <span class='ocrx_word' id='word_1_83' title='bbox 599 604 689 638; x_wconf 83' lang='grc' dir='ltr'>ισχύς</span> <span class='ocrx_word' id='word_1_84' title='bbox 701 611 770 631; x_wconf 84' lang='grc' dir='ltr'><strong>σου.</strong></span> <span class='ocrx_word' id='word_1_85' title='bbox 785 602 904 638; x_wconf 82' lang='grc' dir='ltr'>Σκληρὰ,</span> <span class='ocrx_word' id='word_1_86' title='bbox 915 602 993 628; x_wconf 79' lang='grc' dir='ltr'>ἀνέν-</span> 
     </span>
    </p>
   </div>
   <div class='ocr_carea' id='block_1_14' title="bbox 200 646 994 685">
    <p class='ocr_par' dir='ltr' id='par_1_14' title="bbox 200 646 994 685">
     <span class='ocr_line' id='line_1_14' title="bbox 200 646 994 685; baseline -0.003 -9"><span class='ocrx_word' id='word_1_87' title='bbox 200 650 285 682; x_wconf 80' lang='grc' dir='ltr'>δοτος,</span> <span class='ocrx_word' id='word_1_88' title='bbox 294 650 344 676; x_wconf 70' lang='grc' dir='ltr'>οὔκ</span> <span class='ocrx_word' id='word_1_89' title='bbox 353 649 533 685; x_wconf 73' lang='grc' dir='ltr'><strong>ἐλαυνομένη,</strong></span> <span class='ocrx_word' id='word_1_90' title='bbox 542 646 598 675; x_wconf 82' lang='grc' dir='ltr'>οἷον</span> <span class='ocrx_word' id='word_1_91' title='bbox 612 649 734 684; x_wconf 81' lang='grc' dir='ltr'>τμητική</span> <span class='ocrx_word' id='word_1_92' title='bbox 742 657 784 681; x_wconf 83' lang='grc' dir='ltr'><strong>τις</strong></span> <span class='ocrx_word' id='word_1_93' title='bbox 795 649 842 675; x_wconf 79' lang='grc' dir='ltr'><strong>καὶ</strong></span> <span class='ocrx_word' id='word_1_94' title='bbox 853 647 994 683; x_wconf 78' lang='grc' dir='ltr'>διαιροῦσα</span> 
     </span>
    </p>
   </div>
   <div class='ocr_carea' id='block_1_15' title="bbox 200 690 995 728">
    <p class='ocr_par' dir='ltr' id='par_1_15' title="bbox 200 690 995 728">
     <span class='ocr_line' id='line_1_15' title="bbox 200 690 995 728; baseline 0.001 -10"><span class='ocrx_word' id='word_1_95' title='bbox 200 693 218 727; x_wconf 87' lang='grc' dir='ltr'><strong>ή</strong></span> <span class='ocrx_word' id='word_1_96' title='bbox 239 692 312 727; x_wconf 64' lang='grc' dir='ltr'>ἰσχύς</span> <span class='ocrx_word' id='word_1_97' title='bbox 328 701 386 724; x_wconf 87' lang='grc' dir='ltr'>σου,</span> <span class='ocrx_word' id='word_1_98' title='bbox 406 693 457 719; x_wconf 85' lang='grc' dir='ltr'>οὐκ</span> <span class='ocrx_word' id='word_1_99' title='bbox 467 693 510 719; x_wconf 78' lang='grc' dir='ltr'><strong>ἐπ’</strong></span> <span class='ocrx_word' id='word_1_100' title='bbox 522 692 616 727; x_wconf 83' lang='grc' dir='ltr'>ἀγαθῷ</span> <span class='ocrx_word' id='word_1_101' title='bbox 632 690 699 719; x_wconf 76' lang='grc' dir='ltr'>οὖσα</span> <span class='ocrx_word' id='word_1_102' title='bbox 716 692 801 728; x_wconf 82' lang='grc' dir='ltr'><strong>ἰσχύς.</strong></span> <span class='ocrx_word' id='word_1_103' title='bbox 814 693 869 719; x_wconf 79' lang='grc' dir='ltr'><strong>Καὶ</strong></span> <span class='ocrx_word' id='word_1_104' title='bbox 883 694 995 726; x_wconf 83' lang='grc' dir='ltr'>θησαυ-</span> 
     </span>
    </p>
   </div>
   <div class='ocr_carea' id='block_1_16' title="bbox 201 738 994 774">
    <p class='ocr_par' dir='ltr' id='par_1_16' title="bbox 201 738 994 774">
     <span class='ocr_line' id='line_1_16' title="bbox 201 738 994 774; baseline 0.001 -10"><span class='ocrx_word' id='word_1_105' title='bbox 201 739 273 771; x_wconf 72' lang='grc' dir='ltr'>ρούς</span> <span class='ocrx_word' id='word_1_106' title='bbox 290 746 348 764; x_wconf 85' lang='grc' dir='ltr'><strong>σου</strong></span> <span class='ocrx_word' id='word_1_107' title='bbox 363 740 406 771; x_wconf 77' lang='grc' dir='ltr'><strong>εἰς</strong></span> <span class='ocrx_word' id='word_1_108' title='bbox 432 739 588 772; x_wconf 71' lang='grc' dir='ltr'>προνομὴν</span> <span class='ocrx_word' id='word_1_109' title='bbox 608 738 704 771; x_wconf 84' lang='grc' dir='ltr'>δώσω,</span> <span class='ocrx_word' id='word_1_110' title='bbox 733 738 930 774; x_wconf 61' lang='grc' dir='ltr'>ἀντάλλαπμα</span> <span class='ocrx_word' id='word_1_111' title='bbox 946 739 994 765; x_wconf 76' lang='grc' dir='ltr'>διὰ</span> 
     </span>
    </p>
   </div>
   <div class='ocr_carea' id='block_1_17' title="bbox 202 784 993 823">
    <p class='ocr_par' dir='ltr' id='par_1_17' title="bbox 202 784 993 823">
     <span class='ocr_line' id='line_1_17' title="bbox 202 784 993 823; baseline 0.004 -12"><span class='ocrx_word' id='word_1_112' title='bbox 202 785 304 817; x_wconf 76' lang='grc' dir='ltr'>πάσας</span> <span class='ocrx_word' id='word_1_113' title='bbox 324 784 362 819; x_wconf 90' lang='grc'><strong>(1)</strong></span> <span class='ocrx_word' id='word_1_114' title='bbox 394 784 446 816; x_wconf 79' lang='grc' dir='ltr'><strong>τὰς</strong></span> <span class='ocrx_word' id='word_1_115' title='bbox 472 785 617 818; x_wconf 73' lang='grc' dir='ltr'>ἀμαρτΙιις</span> <span class='ocrx_word' id='word_1_116' title='bbox 634 793 702 811; x_wconf 82' lang='grc' dir='ltr'><strong>σου.</strong></span> <span class='ocrx_word' id='word_1_117' title='bbox 734 786 815 817; x_wconf 82' lang='grc' dir='ltr'>Τίνας</span> <span class='ocrx_word' id='word_1_118' title='bbox 842 786 993 823; x_wconf 74' lang='grc' dir='ltr'>θησαυροὺς</span> 
     </span>
    </p>
   </div>
   <div class='ocr_carea' id='block_1_18' title="bbox 202 830 994 867">
    <p class='ocr_par' dir='ltr' id='par_1_18' title="bbox 202 830 994 867">
     <span class='ocr_line' id='line_1_18' title="bbox 202 830 994 867; baseline 0.004 -11"><span class='ocrx_word' id='word_1_119' title='bbox 202 830 256 856; x_wconf 83' lang='grc' dir='ltr'><strong>τῶν</strong></span> <span class='ocrx_word' id='word_1_120' title='bbox 273 830 483 865; x_wconf 71' lang='grc' dir='ltr'>ἁμαρτανόντων</span> <span class='ocrx_word' id='word_1_121' title='bbox 495 830 602 856; x_wconf 76' lang='grc' dir='ltr'>δίδωσιν</span> <span class='ocrx_word' id='word_1_122' title='bbox 620 831 659 862; x_wconf 83' lang='grc' dir='ltr'><strong>εἰς</strong></span> <span class='ocrx_word' id='word_1_123' title='bbox 677 831 814 867; x_wconf 82' lang='grc' dir='ltr'>προνομὴν</span> <span class='ocrx_word' id='word_1_124' title='bbox 828 833 841 858; x_wconf 88' lang='lat'><strong>6</strong></span> <span class='ocrx_word' id='word_1_125' title='bbox 855 833 931 863; x_wconf 81' lang='grc' dir='ltr'>Θεὸς,</span> <span class='ocrx_word' id='word_1_126' title='bbox 949 834 994 860; x_wconf 80' lang='grc' dir='ltr'>καὶ</span> 
     </span>
    </p>
   </div>
   <div class='ocr_carea' id='block_1_19' title="bbox 202 876 993 914">
    <p class='ocr_par' dir='ltr' id='par_1_19' title="bbox 202 876 993 914">
     <span class='ocr_line' id='line_1_19' title="bbox 202 876 993 914; baseline 0.003 -11"><span class='ocrx_word' id='word_1_127' title='bbox 202 876 308 903; x_wconf 81' lang='grc' dir='ltr'>δίδωσιν</span> <span class='ocrx_word' id='word_1_128' title='bbox 323 876 421 907; x_wconf 71' lang='grc' dir='ltr'>αὐτοὺς</span> <span class='ocrx_word' id='word_1_129' title='bbox 437 876 613 911; x_wconf 75' lang='grc' dir='ltr'>ἀντάλλαγμα</span> <span class='ocrx_word' id='word_1_130' title='bbox 629 877 673 903; x_wconf 73' lang='grc' dir='ltr'><strong>διὰ</strong></span> <span class='ocrx_word' id='word_1_131' title='bbox 691 878 779 909; x_wconf 82' lang='grc' dir='ltr'>πάσας</span> <span class='ocrx_word' id='word_1_132' title='bbox 792 877 840 909; x_wconf 79' lang='grc' dir='ltr'><strong>τὰς</strong></span> <span class='ocrx_word' id='word_1_133' title='bbox 857 879 993 914; x_wconf 71' lang='grc' dir='ltr'>ἁμαρτίας</span> 
     </span>
    </p>
   </div>
   <div class='ocr_carea' id='block_1_20' title="bbox 203 912 1030 958">
    <p class='ocr_par' dir='ltr' id='par_1_20' title="bbox 203 912 1030 958">
     <span class='ocr_line' id='line_1_20' title="bbox 203 912 1030 958; baseline 0.002 -11"><span class='ocrx_word' id='word_1_134' title='bbox 203 921 291 948; x_wconf 74' lang='grc' dir='ltr'>αὐτῶν</span> <span class='ocrx_word' id='word_1_135' title='bbox 304 930 311 954; x_wconf 87' lang='grc'>;</span> <span class='ocrx_word' id='word_1_136' title='bbox 326 921 442 957; x_wconf 77' lang='grc' dir='ltr'>Πότερόν</span> <span class='ocrx_word' id='word_1_137' title='bbox 458 930 522 947; x_wconf 81' lang='grc' dir='ltr'>ποτε</span> <span class='ocrx_word' id='word_1_138' title='bbox 540 923 602 953; x_wconf 73' lang='grc' dir='ltr'>τοὺς</span> <span class='ocrx_word' id='word_1_139' title='bbox 622 922 667 948; x_wconf 73' lang='grc' dir='ltr'><strong>ἐπὶ</strong></span> <span class='ocrx_word' id='word_1_140' title='bbox 684 922 734 957; x_wconf 81' lang='grc' dir='ltr'><strong>γῆς</strong></span> <span class='ocrx_word' id='word_1_141' title='bbox 746 922 993 958; x_wconf 74' lang='grc' dir='ltr'>θησαυριζομένους</span> <span class='ocrx_word' id='word_1_142' title='bbox 1010 912 1030 940; x_wconf 68' lang='grc' dir='ltr'><strong><em>Β</em></strong></span> 
     </span>
    </p>
   </div>
   <div class='ocr_carea' id='block_1_21' title="bbox 204 966 992 1003">
    <p class='ocr_par' dir='ltr' id='par_1_21' title="bbox 204 966 992 1003">
     <span class='ocr_line' id='line_1_21' title="bbox 204 966 992 1003; baseline 0.003 -10"><span class='ocrx_word' id='word_1_143' title='bbox 204 967 311 998; x_wconf 82' lang='grc' dir='ltr'><strong>αὑτοῖ;;</strong></span> <span class='ocrx_word' id='word_1_144' title='bbox 331 966 445 998; x_wconf 71' lang='grc' dir='ltr'>ἕκαστος</span> <span class='ocrx_word' id='word_1_145' title='bbox 461 967 514 1001; x_wconf 76' lang='grc' dir='ltr'>γὰρ</span> <span class='ocrx_word' id='word_1_146' title='bbox 527 967 579 992; x_wconf 79' lang='grc' dir='ltr'>τῶν</span> <span class='ocrx_word' id='word_1_147' title='bbox 596 967 745 1001; x_wconf 80' lang='grc' dir='ltr'>ἀνθρώπων</span> <span class='ocrx_word' id='word_1_148' title='bbox 778 968 946 1003; x_wconf 72' lang='grc' dir='ltr'>θησαυρίζει·</span> <span class='ocrx_word' id='word_1_149' title='bbox 969 970 992 995; x_wconf 82' lang='grc' dir='ltr'>εἰ</span> 
     </span>
    </p>
   </div>
   <div class='ocr_carea' id='block_1_22' title="bbox 206 1011 991 1048">
    <p class='ocr_par' dir='ltr' id='par_1_22' title="bbox 206 1011 991 1048">
     <span class='ocr_line' id='line_1_22' title="bbox 206 1011 991 1048; baseline 0 -10"><span class='ocrx_word' id='word_1_150' title='bbox 206 1013 253 1047; x_wconf 85' lang='grc' dir='ltr'>μὲν</span> <span class='ocrx_word' id='word_1_151' title='bbox 267 1012 367 1046; x_wconf 69' lang='grc' dir='ltr'>φαῦλός</span> <span class='ocrx_word' id='word_1_152' title='bbox 383 1012 470 1043; x_wconf 77' lang='grc' dir='ltr'>ἐστιν,</span> <span class='ocrx_word' id='word_1_153' title='bbox 489 1012 535 1038; x_wconf 76' lang='grc' dir='ltr'><strong>ἐπὶ</strong></span> <span class='ocrx_word' id='word_1_154' title='bbox 545 1011 605 1045; x_wconf 73' lang='grc' dir='ltr'><strong>γῆς’</strong></span> <span class='ocrx_word' id='word_1_155' title='bbox 620 1012 643 1037; x_wconf 83' lang='grc' dir='ltr'>εἰ</span> <span class='ocrx_word' id='word_1_156' title='bbox 656 1011 683 1037; x_wconf 78' lang='grc' dir='ltr'>δὲ</span> <span class='ocrx_word' id='word_1_157' title='bbox 698 1012 814 1043; x_wconf 80' lang='grc' dir='ltr'>ἀστεῖος,</span> <span class='ocrx_word' id='word_1_158' title='bbox 832 1013 860 1038; x_wconf 80' lang='grc' dir='ltr'>ἐν</span> <span class='ocrx_word' id='word_1_159' title='bbox 875 1013 991 1048; x_wconf 68' lang='grc' dir='ltr'>οὐρανῷ,</span> 
     </span>
    </p>
   </div>
   <div class='ocr_carea' id='block_1_23' title="bbox 203 1057 994 1094">
    <p class='ocr_par' dir='ltr' id='par_1_23' title="bbox 203 1057 994 1094">
     <span class='ocr_line' id='line_1_23' title="bbox 203 1057 994 1094; baseline 0.001 -10"><span class='ocrx_word' id='word_1_160' title='bbox 203 1059 239 1090; x_wconf 74' lang='grc' dir='ltr'>ὡς</span> <span class='ocrx_word' id='word_1_161' title='bbox 254 1058 430 1093; x_wconf 75' lang='grc' dir='ltr'><strong>ἐδιδάχθημεν</strong></span> <span class='ocrx_word' id='word_1_162' title='bbox 461 1058 513 1084; x_wconf 78' lang='grc' dir='ltr'><strong>ἀπὸ</strong></span> <span class='ocrx_word' id='word_1_163' title='bbox 534 1057 580 1083; x_wconf 77' lang='grc' dir='ltr'>τοὺ</span> <span class='ocrx_word' id='word_1_164' title='bbox 611 1058 786 1092; x_wconf 65' lang='grc' dir='ltr'><strong>Εὺαγγελῖου.</strong></span> <span class='ocrx_word' id='word_1_165' title='bbox 804 1060 837 1084; x_wconf 84' lang='grc' dir='ltr'><em>Ἣ</em></span> <span class='ocrx_word' id='word_1_166' title='bbox 868 1060 939 1092; x_wconf 74' lang='grc' dir='ltr'>λέγει</span> <span class='ocrx_word' id='word_1_167' title='bbox 956 1059 994 1094; x_wconf 82' lang='grc' dir='ltr'>τῷ</span> 
     </span>
    </p>
   </div>
   <div class='ocr_carea' id='block_1_24' title="bbox 205 1104 994 1139">
    <p class='ocr_par' dir='ltr' id='par_1_24' title="bbox 205 1104 994 1139">
     <span class='ocr_line' id='line_1_24' title="bbox 205 1104 994 1139; baseline 0.003 -10"><span class='ocrx_word' id='word_1_168' title='bbox 205 1104 259 1139; x_wconf 86' lang='grc' dir='ltr'>λαῷ</span> <span class='ocrx_word' id='word_1_169' title='bbox 274 1105 381 1139; x_wconf 74' lang='grc' dir='ltr'>ἐκείνῳ,</span> <span class='ocrx_word' id='word_1_170' title='bbox 396 1105 446 1135; x_wconf 78' lang='grc' dir='ltr'>ὅτι,</span> <span class='ocrx_word' id='word_1_171' title='bbox 460 1104 555 1130; x_wconf 68' lang='grc' dir='ltr'><strong>Μέῖκλιι)</strong></span> <span class='ocrx_word' id='word_1_172' title='bbox 568 1104 611 1130; x_wconf 73' lang='grc' dir='ltr'>διὰ</span> <span class='ocrx_word' id='word_1_173' title='bbox 628 1104 661 1130; x_wconf 67' lang='grc' dir='ltr'><strong>τὰ</strong></span> <span class='ocrx_word' id='word_1_174' title='bbox 675 1105 862 1139; x_wconf 74' lang='grc' dir='ltr'>ἁμαρτήματά</span> <span class='ocrx_word' id='word_1_175' title='bbox 874 1114 920 1131; x_wconf 78' lang='grc' dir='ltr'>σου</span> <span class='ocrx_word' id='word_1_176' title='bbox 933 1106 994 1137; x_wconf 66' lang='grc' dir='ltr'>τοὺς</span> 
     </span>
    </p>
   </div>
   <div class='ocr_carea' id='block_1_25' title="bbox 206 1148 994 1187">
    <p class='ocr_par' dir='ltr' id='par_1_25' title="bbox 206 1148 994 1187">
     <span class='ocr_line' id='line_1_25' title="bbox 206 1148 994 1187; baseline 0 -10"><span class='ocrx_word' id='word_1_177' title='bbox 206 1151 359 1187; x_wconf 73' lang='grc' dir='ltr'>θησαυρούς</span> <span class='ocrx_word' id='word_1_178' title='bbox 377 1159 423 1176; x_wconf 76' lang='grc' dir='ltr'>σου</span> <span class='ocrx_word' id='word_1_179' title='bbox 437 1150 536 1176; x_wconf 75' lang='grc' dir='ltr'>διδόναι</span> <span class='ocrx_word' id='word_1_180' title='bbox 550 1151 589 1180; x_wconf 68' lang='grc' dir='ltr'><strong>εἰς</strong></span> <span class='ocrx_word' id='word_1_181' title='bbox 606 1153 754 1187; x_wconf 74' lang='grc' dir='ltr'>προνομήν.</span> <span class='ocrx_word' id='word_1_182' title='bbox 775 1149 829 1176; x_wconf 77' lang='grc' dir='ltr'><strong>ἹΙν</strong></span> <span class='ocrx_word' id='word_1_183' title='bbox 845 1151 872 1176; x_wconf 76' lang='grc' dir='ltr'>δὲ</span> <span class='ocrx_word' id='word_1_184' title='bbox 891 1148 929 1182; x_wconf 72' lang='grc' dir='ltr'>εἷς</span> <span class='ocrx_word' id='word_1_185' title='bbox 942 1151 994 1177; x_wconf 80' lang='grc' dir='ltr'>τῶν</span> 
     </span>
    </p>
   </div>
   <div class='ocr_carea' id='block_1_26' title="bbox 205 1196 994 1232">
    <p class='ocr_par' dir='ltr' id='par_1_26' title="bbox 205 1196 994 1232">
     <span class='ocr_line' id='line_1_26' title="bbox 205 1196 994 1232; baseline 0.001 -10"><span class='ocrx_word' id='word_1_186' title='bbox 205 1196 347 1231; x_wconf 77' lang='grc' dir='ltr'>θησαυρῶν</span> <span class='ocrx_word' id='word_1_187' title='bbox 370 1197 512 1231; x_wconf 78' lang='grc' dir='ltr'>Ἱερεμίας,</span> <span class='ocrx_word' id='word_1_188' title='bbox 529 1196 607 1226; x_wconf 79' lang='grc' dir='ltr'>ἄλλος</span> <span class='ocrx_word' id='word_1_189' title='bbox 629 1196 764 1231; x_wconf 75' lang='grc' dir='ltr'>θησαυρὸς</span> <span class='ocrx_word' id='word_1_190' title='bbox 796 1197 918 1229; x_wconf 78' lang='grc' dir='ltr'>Ἡσαΐας·</span> <span class='ocrx_word' id='word_1_191' title='bbox 948 1198 994 1232; x_wconf 74' lang='grc' dir='ltr'>οη-</span> 
     </span>
    </p>
   </div>
   <div class='ocr_carea' id='block_1_27' title="bbox 205 1240 991 1278">
    <p class='ocr_par' dir='ltr' id='par_1_27' title="bbox 205 1240 991 1278">
     <span class='ocr_line' id='line_1_27' title="bbox 205 1240 991 1278; baseline 0.003 -10"><span class='ocrx_word' id='word_1_192' title='bbox 205 1243 304 1278; x_wconf 79' lang='grc' dir='ltr'>σαυρὺς</span> <span class='ocrx_word' id='word_1_193' title='bbox 318 1240 352 1277; x_wconf 81' lang='grc' dir='ltr'>ἦν</span> <span class='ocrx_word' id='word_1_194' title='bbox 368 1242 415 1268; x_wconf 71' lang='grc' dir='ltr'><strong>καὶ</strong></span> <span class='ocrx_word' id='word_1_195' title='bbox 426 1242 538 1277; x_wconf 80' lang='grc' dir='ltr'>Μωσῆς.</span> <span class='ocrx_word' id='word_1_196' title='bbox 555 1241 671 1273; x_wconf 75' lang='grc' dir='ltr'><strong>Τούτους</strong></span> <span class='ocrx_word' id='word_1_197' title='bbox 687 1243 749 1273; x_wconf 64' lang='grc' dir='ltr'>τοὺς</span> <span class='ocrx_word' id='word_1_198' title='bbox 765 1242 918 1278; x_wconf 73' lang='grc' dir='ltr'>θησαυροὺς</span> <span class='ocrx_word' id='word_1_199' title='bbox 932 1244 991 1270; x_wconf 76' lang='grc' dir='ltr'>ἕλα-</span> 
     </span>
    </p>
   </div>
   <div class='ocr_carea' id='block_1_28' title="bbox 205 1287 994 1323">
    <p class='ocr_par' dir='ltr' id='par_1_28' title="bbox 205 1287 994 1323">
     <span class='ocr_line' id='line_1_28' title="bbox 205 1287 994 1323; baseline 0.003 -10"><span class='ocrx_word' id='word_1_200' title='bbox 205 1288 249 1315; x_wconf 73' lang='grc' dir='ltr'>6εν</span> <span class='ocrx_word' id='word_1_201' title='bbox 265 1289 279 1314; x_wconf 87' lang='lat'><strong>6</strong></span> <span class='ocrx_word' id='word_1_202' title='bbox 295 1288 361 1319; x_wconf 72' lang='grc' dir='ltr'>Θεὸς</span> <span class='ocrx_word' id='word_1_203' title='bbox 377 1288 423 1314; x_wconf 83' lang='grc' dir='ltr'><strong>ἀπ’</strong></span> <span class='ocrx_word' id='word_1_204' title='bbox 436 1288 542 1314; x_wconf 79' lang='grc' dir='ltr'>ἐκείνου</span> <span class='ocrx_word' id='word_1_205' title='bbox 566 1287 611 1313; x_wconf 83' lang='grc' dir='ltr'><strong>τοῦ</strong></span> <span class='ocrx_word' id='word_1_206' title='bbox 637 1287 712 1314; x_wconf 78' lang='grc' dir='ltr'>λαοῦ·</span> <span class='ocrx_word' id='word_1_207' title='bbox 738 1288 784 1314; x_wconf 71' lang='grc' dir='ltr'>καὶ</span> <span class='ocrx_word' id='word_1_208' title='bbox 810 1288 853 1314; x_wconf 79' lang='grc' dir='ltr'>διὰ</span> <span class='ocrx_word' id='word_1_209' title='bbox 876 1289 994 1323; x_wconf 76' lang='grc' dir='ltr'>Χριστοῦ</span> 
     </span>
    </p>
   </div>
   <div class='ocr_carea' id='block_1_29' title="bbox 205 1333 995 1367">
    <p class='ocr_par' dir='ltr' id='par_1_29' title="bbox 205 1333 995 1367">
     <span class='ocr_line' id='line_1_29' title="bbox 205 1333 995 1367; baseline 0.001 -7"><span class='ocrx_word' id='word_1_210' title='bbox 205 1333 335 1365; x_wconf 75' lang='grc' dir='ltr'>εἰπόντος·</span> <span class='ocrx_word' id='word_1_211' title='bbox 356 1333 524 1366; x_wconf 76' lang='grc' dir='ltr'>Ἄρθήσεται</span> <span class='ocrx_word' id='word_1_212' title='bbox 551 1334 601 1367; x_wconf 55' lang='grc' dir='ltr'><strong>ἀφ’</strong></span> <span class='ocrx_word' id='word_1_213' title='bbox 619 1333 701 1367; x_wconf 73' lang='grc' dir='ltr'>ὑμῶν</span> <span class='ocrx_word' id='word_1_214' title='bbox 727 1335 745 1367; x_wconf 77' lang='grc' dir='ltr'><strong><em>ἠ</em></strong></span> <span class='ocrx_word' id='word_1_215' title='bbox 772 1334 917 1365; x_wconf 76' lang='grc' dir='ltr'>βασιλεία</span> <span class='ocrx_word' id='word_1_216' title='bbox 943 1335 995 1361; x_wconf 81' lang='grc' dir='ltr'><strong>τοῦ</strong></span> 
     </span>
    </p>
   </div>
   <div class='ocr_carea' id='block_1_30' title="bbox 206 1377 995 1413">
    <p class='ocr_par' dir='ltr' id='par_1_30' title="bbox 206 1377 995 1413">
     <span class='ocr_line' id='line_1_30' title="bbox 206 1377 995 1413; baseline 0.003 -9"><span class='ocrx_word' id='word_1_217' title='bbox 206 1378 290 1410; x_wconf 83' lang='grc' dir='ltr'><strong>Θεοῦ,</strong></span> <span class='ocrx_word' id='word_1_218' title='bbox 302 1378 350 1404; x_wconf 78' lang='grc' dir='ltr'>καὶ</span> <span class='ocrx_word' id='word_1_219' title='bbox 362 1377 520 1410; x_wconf 79' lang='grc' dir='ltr'><strong>δοθήσεται</strong></span> <span class='ocrx_word' id='word_1_220' title='bbox 535 1378 612 1404; x_wconf 75' lang='grc' dir='ltr'>ἔθνει</span> <span class='ocrx_word' id='word_1_221' title='bbox 628 1378 762 1404; x_wconf 75' lang='grc' dir='ltr'>ποιοῦντι</span> <span class='ocrx_word' id='word_1_222' title='bbox 777 1379 847 1412; x_wconf 72' lang='grc' dir='ltr'>τοὺς</span> <span class='ocrx_word' id='word_1_223' title='bbox 861 1380 995 1413; x_wconf 72' lang='grc' dir='ltr'>καρποὺς</span> 
     </span>
    </p>
   </div>
   <div class='ocr_carea' id='block_1_31' title="bbox 205 1420 995 1460">
    <p class='ocr_par' dir='ltr' id='par_1_31' title="bbox 205 1420 995 1460">
     <span class='ocr_line' id='line_1_31' title="bbox 205 1420 995 1460; baseline 0.003 -12"><span class='ocrx_word' id='word_1_224' title='bbox 205 1422 311 1456; x_wconf 78' lang='grc' dir='ltr'>αὐτῆς,</span> <span class='ocrx_word' id='word_1_225' title='bbox 327 1422 376 1449; x_wconf 74' lang='grc' dir='ltr'>καὶ</span> <span class='ocrx_word' id='word_1_226' title='bbox 399 1422 496 1448; x_wconf 79' lang='grc' dir='ltr'>ἔδωκεν</span> <span class='ocrx_word' id='word_1_227' title='bbox 511 1424 588 1458; x_wconf 81' lang='grc' dir='ltr'>ἡμῖν.</span> <span class='ocrx_word' id='word_1_228' title='bbox 615 1422 697 1448; x_wconf 78' lang='grc' dir='ltr'>Δώσω</span> <span class='ocrx_word' id='word_1_229' title='bbox 721 1420 766 1449; x_wconf 83' lang='grc' dir='ltr'>οὖν</span> <span class='ocrx_word' id='word_1_230' title='bbox 781 1423 824 1450; x_wconf 79' lang='grc' dir='ltr'><strong>διὰ</strong></span> <span class='ocrx_word' id='word_1_231' title='bbox 839 1424 888 1455; x_wconf 73' lang='grc' dir='ltr'>τὰς</span> <span class='ocrx_word' id='word_1_232' title='bbox 905 1425 995 1460; x_wconf 78' lang='grc' dir='ltr'>ἁμαρ-</span> 
     </span>
    </p>
   </div>
   <div class='ocr_carea' id='block_1_32' title="bbox 207 1467 993 1504">
    <p class='ocr_par' dir='ltr' id='par_1_32' title="bbox 207 1467 993 1504">
     <span class='ocr_line' id='line_1_32' title="bbox 207 1467 993 1504; baseline 0.005 -11"><span class='ocrx_word' id='word_1_233' title='bbox 207 1468 266 1499; x_wconf 81' lang='grc' dir='ltr'>τίας</span> <span class='ocrx_word' id='word_1_234' title='bbox 284 1476 330 1494; x_wconf 84' lang='grc' dir='ltr'>σου</span> <span class='ocrx_word' id='word_1_235' title='bbox 348 1467 409 1498; x_wconf 72' lang='grc' dir='ltr'>τοὺς</span> <span class='ocrx_word' id='word_1_236' title='bbox 420 1467 569 1502; x_wconf 81' lang='grc' dir='ltr'>θησαυρούς</span> <span class='ocrx_word' id='word_1_237' title='bbox 582 1477 627 1494; x_wconf 81' lang='grc' dir='ltr'>σου</span> <span class='ocrx_word' id='word_1_238' title='bbox 641 1469 679 1499; x_wconf 71' lang='grc' dir='ltr'>εἰς</span> <span class='ocrx_word' id='word_1_239' title='bbox 694 1470 839 1504; x_wconf 61' lang='grc' dir='ltr'>προνομήν</span> <span class='ocrx_word' id='word_1_240' title='bbox 852 1471 899 1496; x_wconf 74' lang='grc' dir='ltr'>καὶ</span> <span class='ocrx_word' id='word_1_241' title='bbox 911 1470 993 1497; x_wconf 80' lang='grc' dir='ltr'>ἔδωκε</span> 
     </span>
    </p>
   </div>
   <div class='ocr_carea' id='block_1_33' title="bbox 207 1513 994 1552">
    <p class='ocr_par' dir='ltr' id='par_1_33' title="bbox 207 1513 994 1552">
     <span class='ocr_line' id='line_1_33' title="bbox 207 1513 994 1552; baseline 0.004 -13"><span class='ocrx_word' id='word_1_242' title='bbox 207 1515 271 1544; x_wconf 77' lang='grc' dir='ltr'>τοὺς</span> <span class='ocrx_word' id='word_1_243' title='bbox 287 1513 440 1549; x_wconf 75' lang='grc' dir='ltr'>θησαυροὺς</span> <span class='ocrx_word' id='word_1_244' title='bbox 457 1513 502 1539; x_wconf 85' lang='grc' dir='ltr'><strong>τοῦ</strong></span> <span class='ocrx_word' id='word_1_245' title='bbox 518 1513 581 1540; x_wconf 85' lang='grc' dir='ltr'>λαοῦ</span> <span class='ocrx_word' id='word_1_246' title='bbox 607 1514 712 1540; x_wconf 73' lang='grc' dir='ltr'>ἐκείνου</span> <span class='ocrx_word' id='word_1_247' title='bbox 726 1515 800 1549; x_wconf 75' lang='grc' dir='ltr'>ἡμῖν’</span> <span class='ocrx_word' id='word_1_248' title='bbox 818 1515 925 1550; x_wconf 86' lang='grc' dir='ltr'>πρῶτον</span> <span class='ocrx_word' id='word_1_249' title='bbox 940 1516 994 1552; x_wconf 79' lang='grc' dir='ltr'>γὰρ</span> 
     </span>
    </p>
   </div>
   <div class='ocr_carea' id='block_1_34' title="bbox 209 1559 1028 1607">
    <p class='ocr_par' dir='ltr' id='par_1_34' title="bbox 209 1559 1028 1607">
     <span class='ocr_line' id='line_1_34' title="bbox 209 1559 1028 1607; baseline 0.005 -23"><span class='ocrx_word' id='word_1_250' title='bbox 209 1559 305 1585; x_wconf 75' lang='grc' dir='ltr'>ἐκεῖνοι</span> <span class='ocrx_word' id='word_1_251' title='bbox 322 1559 520 1594; x_wconf 81' lang='grc' dir='ltr'><strong>ἐπιστεύθησαν</strong></span> <span class='ocrx_word' id='word_1_252' title='bbox 545 1559 579 1585; x_wconf 86' lang='grc' dir='ltr'><strong>τὰ</strong></span> <span class='ocrx_word' id='word_1_253' title='bbox 595 1559 672 1593; x_wconf 75' lang='grc' dir='ltr'>λόγια</span> <span class='ocrx_word' id='word_1_254' title='bbox 688 1560 735 1586; x_wconf 83' lang='grc' dir='ltr'><strong>τοῦ</strong></span> <span class='ocrx_word' id='word_1_255' title='bbox 763 1560 840 1586; x_wconf 86' lang='grc' dir='ltr'>Θεοῦ·</span> <span class='ocrx_word' id='word_1_256' title='bbox 862 1560 920 1588; x_wconf 79' lang='grc' dir='ltr'>εἶτα</span> <span class='ocrx_word' id='word_1_257' title='bbox 935 1563 993 1597; x_wconf 85' lang='grc' dir='ltr'>μετ’</span> <span class='ocrx_word' id='word_1_258' title='bbox 1007 1578 1028 1607; x_wconf 77' lang='lat' dir='ltr'><strong><em>C</em></strong></span> 
     </span>
    </p>
   </div>
   <div class='ocr_carea' id='block_1_35' title="bbox 207 1605 993 1641">
    <p class='ocr_par' dir='ltr' id='par_1_35' title="bbox 207 1605 993 1641">
     <span class='ocr_line' id='line_1_35' title="bbox 207 1605 993 1641; baseline 0.003 -10"><span class='ocrx_word' id='word_1_259' title='bbox 207 1605 326 1636; x_wconf 80' lang='grc' dir='ltr'>ἐκείνους</span> <span class='ocrx_word' id='word_1_260' title='bbox 341 1606 431 1640; x_wconf 83' lang='grc' dir='ltr'>ἡμεῖς.</span> <span class='ocrx_word' id='word_1_261' title='bbox 464 1605 689 1641; x_wconf 76' lang='grc' dir='ltr'>Ἐπιστεύθημεν.</span> <span class='ocrx_word' id='word_1_262' title='bbox 717 1606 854 1641; x_wconf 77' lang='grc' dir='ltr'><strong>ἀρθέντων</strong></span> <span class='ocrx_word' id='word_1_263' title='bbox 881 1607 934 1633; x_wconf 81' lang='grc' dir='ltr'>τῶν</span> <span class='ocrx_word' id='word_1_264' title='bbox 949 1607 993 1633; x_wconf 84' lang='grc' dir='ltr'>λο-</span> 
     </span>
    </p>
   </div>
   <div class='ocr_carea' id='block_1_36' title="bbox 206 1650 993 1688">
    <p class='ocr_par' dir='ltr' id='par_1_36' title="bbox 206 1650 993 1688">
     <span class='ocr_line' id='line_1_36' title="bbox 206 1650 993 1688; baseline 0.004 -12"><span class='ocrx_word' id='word_1_265' title='bbox 206 1650 271 1684; x_wconf 74' lang='grc' dir='ltr'>γίων</span> <span class='ocrx_word' id='word_1_266' title='bbox 285 1650 331 1677; x_wconf 81' lang='grc' dir='ltr'><strong>τοῦ</strong></span> <span class='ocrx_word' id='word_1_267' title='bbox 348 1651 414 1677; x_wconf 80' lang='grc' dir='ltr'>Θεοῦ</span> <span class='ocrx_word' id='word_1_268' title='bbox 429 1651 475 1677; x_wconf 79' lang='grc' dir='ltr'><strong>ἀπ’</strong></span> <span class='ocrx_word' id='word_1_269' title='bbox 493 1651 603 1677; x_wconf 78' lang='grc' dir='ltr'>ἐκείνων</span> <span class='ocrx_word' id='word_1_270' title='bbox 627 1652 673 1677; x_wconf 79' lang='grc' dir='ltr'>καὶ</span> <span class='ocrx_word' id='word_1_271' title='bbox 699 1651 828 1679; x_wconf 79' lang='grc' dir='ltr'>δοθέντων</span> <span class='ocrx_word' id='word_1_272' title='bbox 839 1654 914 1688; x_wconf 78' lang='grc' dir='ltr'>ἡμῖν.</span> <span class='ocrx_word' id='word_1_273' title='bbox 940 1654 993 1679; x_wconf 68' lang='grc' dir='ltr'><strong>Καὶ</strong></span> 
     </span>
    </p>
   </div>
   <div class='ocr_carea' id='block_1_37' title="bbox 206 1695 994 1732">
    <p class='ocr_par' dir='ltr' id='par_1_37' title="bbox 206 1695 994 1732">
     <span class='ocr_line' id='line_1_37' title="bbox 206 1695 994 1732; baseline 0.005 -10"><span class='ocrx_word' id='word_1_274' title='bbox 206 1696 321 1732; x_wconf 73' lang='grc' dir='ltr'>λέγομεν</span> <span class='ocrx_word' id='word_1_275' title='bbox 334 1696 375 1728; x_wconf 81' lang='grc' dir='ltr'>τὸ,</span> <span class='ocrx_word' id='word_1_276' title='bbox 395 1695 562 1730; x_wconf 74' lang='grc' dir='ltr'>Ὰρθήσεται</span> <span class='ocrx_word' id='word_1_277' title='bbox 584 1697 633 1731; x_wconf 67' lang='grc' dir='ltr'><strong>ἀφ’</strong></span> <span class='ocrx_word' id='word_1_278' title='bbox 649 1697 732 1731; x_wconf 75' lang='grc' dir='ltr'><strong>ὑμῶν</strong></span> <span class='ocrx_word' id='word_1_279' title='bbox 747 1699 766 1731; x_wconf 83' lang='grc' dir='ltr'><em>ὴ</em></span> <span class='ocrx_word' id='word_1_280' title='bbox 782 1699 926 1729; x_wconf 75' lang='grc' dir='ltr'>,ϐασιλεία</span> <span class='ocrx_word' id='word_1_281' title='bbox 941 1699 994 1726; x_wconf 84' lang='grc' dir='ltr'><strong>τοῦ</strong></span> 
     </span>
    </p>
   </div>
   <div class='ocr_carea' id='block_1_38' title="bbox 209 1743 994 1780">
    <p class='ocr_par' dir='ltr' id='par_1_38' title="bbox 209 1743 994 1780">
     <span class='ocr_line' id='line_1_38' title="bbox 209 1743 994 1780; baseline 0.004 -11"><span class='ocrx_word' id='word_1_282' title='bbox 209 1743 293 1774; x_wconf 84' lang='grc' dir='ltr'><strong>Θεοῦ,</strong></span> <span class='ocrx_word' id='word_1_283' title='bbox 307 1743 355 1770; x_wconf 82' lang='grc' dir='ltr'>καὶ</span> <span class='ocrx_word' id='word_1_284' title='bbox 369 1743 525 1776; x_wconf 78' lang='grc' dir='ltr'>δοθήσεται</span> <span class='ocrx_word' id='word_1_285' title='bbox 536 1745 614 1771; x_wconf 78' lang='grc' dir='ltr'>ἔθνει</span> <span class='ocrx_word' id='word_1_286' title='bbox 627 1745 761 1772; x_wconf 75' lang='grc' dir='ltr'>ποιοῦντι</span> <span class='ocrx_word' id='word_1_287' title='bbox 781 1746 850 1779; x_wconf 79' lang='grc' dir='ltr'>τοὺς</span> <span class='ocrx_word' id='word_1_288' title='bbox 865 1746 994 1780; x_wconf 77' lang='grc' dir='ltr'>καρποὺς</span> 
     </span>
    </p>
   </div>
   <div class='ocr_carea' id='block_1_39' title="bbox 207 1787 992 1825">
    <p class='ocr_par' dir='ltr' id='par_1_39' title="bbox 207 1787 992 1825">
     <span class='ocr_line' id='line_1_39' title="bbox 207 1787 992 1825; baseline 0.005 -12"><span class='ocrx_word' id='word_1_289' title='bbox 207 1787 310 1821; x_wconf 78' lang='grc' dir='ltr'>αὐτῆς,</span> <span class='ocrx_word' id='word_1_290' title='bbox 324 1787 448 1823; x_wconf 80' lang='grc' dir='ltr'>εἰρῆσθαι</span> <span class='ocrx_word' id='word_1_291' title='bbox 459 1788 510 1814; x_wconf 79' lang='grc' dir='ltr'><strong>ὑπὸ</strong></span> <span class='ocrx_word' id='word_1_292' title='bbox 520 1788 566 1814; x_wconf 83' lang='grc' dir='ltr'><strong>τοῦ</strong></span> <span class='ocrx_word' id='word_1_293' title='bbox 583 1789 718 1824; x_wconf 79' lang='grc' dir='ltr'><strong>Σωτῆρος,</strong></span> <span class='ocrx_word' id='word_1_294' title='bbox 732 1790 778 1816; x_wconf 78' lang='grc' dir='ltr'>καὶ</span> <span class='ocrx_word' id='word_1_295' title='bbox 789 1790 992 1825; x_wconf 69' lang='grc' dir='ltr'><strong>πεπληρῶσθαι⁶</strong></span> 
     </span>
    </p>
   </div>
   <div class='ocr_carea' id='block_1_40' title="bbox 207 1834 995 1872">
    <p class='ocr_par' dir='ltr' id='par_1_40' title="bbox 207 1834 995 1872">
     <span class='ocr_line' id='line_1_40' title="bbox 207 1834 995 1872; baseline 0.006 -13"><span class='ocrx_word' id='word_1_296' title='bbox 207 1834 256 1869; x_wconf 75' lang='grc' dir='ltr'>οὐχ</span> <span class='ocrx_word' id='word_1_297' title='bbox 270 1835 312 1860; x_wconf 80' lang='grc' dir='ltr'>ὅτι</span> <span class='ocrx_word' id='word_1_298' title='bbox 344 1834 414 1870; x_wconf 75' lang='grc' dir='ltr'>ἤρθη</span> <span class='ocrx_word' id='word_1_299' title='bbox 440 1835 486 1860; x_wconf 76' lang='grc' dir='ltr'><strong>ἀπ’</strong></span> <span class='ocrx_word' id='word_1_300' title='bbox 501 1835 590 1862; x_wconf 75' lang='grc' dir='ltr'>αὐτῶν</span> <span class='ocrx_word' id='word_1_301' title='bbox 617 1836 633 1870; x_wconf 88' lang='grc' dir='ltr'><strong>ἠ</strong></span> <span class='ocrx_word' id='word_1_302' title='bbox 651 1836 755 1872; x_wconf 81' lang='grc' dir='ltr'>Γραφή’</span> <span class='ocrx_word' id='word_1_303' title='bbox 775 1837 842 1864; x_wconf 74' lang='grc' dir='ltr'>ἀλλὰ</span> <span class='ocrx_word' id='word_1_304' title='bbox 869 1837 917 1863; x_wconf 89' lang='grc' dir='ltr'><strong>νῦν</strong></span> <span class='ocrx_word' id='word_1_305' title='bbox 931 1838 995 1864; x_wconf 79' lang='grc' dir='ltr'>οὑκ-</span> 
     </span>
    </p>
   </div>
   <div class='ocr_carea' id='block_1_41' title="bbox 207 1879 994 1918">
    <p class='ocr_par' dir='ltr' id='par_1_41' title="bbox 207 1879 994 1918">
     <span class='ocr_line' id='line_1_41' title="bbox 207 1879 994 1918; baseline 0.006 -13"><span class='ocrx_word' id='word_1_306' title='bbox 207 1880 246 1906; x_wconf 82' lang='grc' dir='ltr'>ἐτι</span> <span class='ocrx_word' id='word_1_307' title='bbox 264 1880 302 1915; x_wconf 68' lang='lat'><strong>(2)</strong></span> <span class='ocrx_word' id='word_1_308' title='bbox 319 1879 409 1916; x_wconf 70' lang='grc' dir='ltr'>ἔχουσι</span> <span class='ocrx_word' id='word_1_309' title='bbox 427 1880 473 1907; x_wconf 83' lang='grc' dir='ltr'>τὸν</span> <span class='ocrx_word' id='word_1_310' title='bbox 492 1881 572 1916; x_wconf 79' lang='grc' dir='ltr'>νόμον</span> <span class='ocrx_word' id='word_1_311' title='bbox 589 1881 635 1907; x_wconf 80' lang='grc' dir='ltr'>καὶ</span> <span class='ocrx_word' id='word_1_312' title='bbox 651 1882 713 1913; x_wconf 75' lang='grc' dir='ltr'>τοὺς</span> <span class='ocrx_word' id='word_1_313' title='bbox 730 1883 880 1918; x_wconf 83' lang='grc' dir='ltr'>προφήτας,</span> <span class='ocrx_word' id='word_1_314' title='bbox 897 1883 943 1909; x_wconf 84' lang='grc' dir='ltr'><strong>τοῦ</strong></span> <span class='ocrx_word' id='word_1_315' title='bbox 957 1884 994 1918; x_wconf 86' lang='grc' dir='ltr'>μὴ</span> 
     </span>
    </p>
   </div>
   <div class='ocr_carea' id='block_1_42' title="bbox 208 1926 992 1964">
    <p class='ocr_par' dir='ltr' id='par_1_42' title="bbox 208 1926 992 1964">
     <span class='ocr_line' id='line_1_42' title="bbox 208 1926 992 1964; baseline 0.004 -12"><span class='ocrx_word' id='word_1_316' title='bbox 208 1927 319 1961; x_wconf 83' lang='grc' dir='ltr'>θεωρεῖν</span> <span class='ocrx_word' id='word_1_317' title='bbox 347 1926 391 1952; x_wconf 82' lang='grc' dir='ltr'>τὸν</span> <span class='ocrx_word' id='word_1_318' title='bbox 409 1927 437 1952; x_wconf 77' lang='grc' dir='ltr'>ὲν</span> <span class='ocrx_word' id='word_1_319' title='bbox 454 1927 544 1957; x_wconf 73' lang='grc' dir='ltr'>αὐτοῖς</span> <span class='ocrx_word' id='word_1_320' title='bbox 557 1926 629 1952; x_wconf 82' lang='grc' dir='ltr'>νοῦν·</span> <span class='ocrx_word' id='word_1_321' title='bbox 648 1927 738 1962; x_wconf 83' lang='grc' dir='ltr'>ἔχουσι</span> <span class='ocrx_word' id='word_1_322' title='bbox 766 1928 820 1964; x_wconf 79' lang='grc' dir='ltr'>γὰρ</span> <span class='ocrx_word' id='word_1_323' title='bbox 844 1929 878 1954; x_wconf 78' lang='grc' dir='ltr'>τὰ</span> <span class='ocrx_word' id='word_1_324' title='bbox 895 1929 992 1963; x_wconf 76' lang='grc' dir='ltr'>βιϐλία.</span> 
     </span>
    </p>
   </div>
   <div class='ocr_carea' id='block_1_43' title="bbox 215 1971 995 2006">
    <p class='ocr_par' dir='ltr' id='par_1_43' title="bbox 215 1971 995 2006">
     <span class='ocr_line' id='line_1_43' title="bbox 215 1971 995 2006; baseline 0.004 -10"><span class='ocrx_word' id='word_1_325' title='bbox 215 1971 294 1997; x_wconf 76' lang='grc' dir='ltr'>Ἀλλὰ</span> <span class='ocrx_word' id='word_1_326' title='bbox 310 1971 367 2002; x_wconf 77' lang='grc' dir='ltr'>πῶς</span> <span class='ocrx_word' id='word_1_327' title='bbox 378 1971 448 2006; x_wconf 75' lang='grc' dir='ltr'>ἦρθη</span> <span class='ocrx_word' id='word_1_328' title='bbox 462 1971 508 1996; x_wconf 85' lang='grc' dir='ltr'><strong>ἀπ’</strong></span> <span class='ocrx_word' id='word_1_329' title='bbox 527 1971 616 1997; x_wconf 74' lang='grc' dir='ltr'>αὐτῶν</span> <span class='ocrx_word' id='word_1_330' title='bbox 631 1972 647 2006; x_wconf 85' lang='grc' dir='ltr'>ἡ</span> <span class='ocrx_word' id='word_1_331' title='bbox 667 1972 788 2005; x_wconf 80' lang='grc' dir='ltr'>βασιλεία</span> <span class='ocrx_word' id='word_1_332' title='bbox 803 1972 850 1998; x_wconf 84' lang='grc' dir='ltr'><strong>τοῦ</strong></span> <span class='ocrx_word' id='word_1_333' title='bbox 860 1972 945 2004; x_wconf 78' lang='grc' dir='ltr'><strong>Θεοῦ;</strong></span> <span class='ocrx_word' id='word_1_334' title='bbox 967 1973 995 1999; x_wconf 89' lang='lat'><strong>&#39;0</strong></span> 
     </span>
    </p>
   </div>
   <div class='ocr_carea' id='block_1_44' title="bbox 209 2015 994 2052">
    <p class='ocr_par' dir='ltr' id='par_1_44' title="bbox 209 2015 994 2052">
     <span class='ocr_line' id='line_1_44' title="bbox 209 2015 994 2052; baseline 0.003 -10"><span class='ocrx_word' id='word_1_335' title='bbox 209 2016 270 2048; x_wconf 66' lang='grc' dir='ltr'>νοῦς</span> <span class='ocrx_word' id='word_1_336' title='bbox 286 2016 338 2043; x_wconf 79' lang='grc' dir='ltr'>τῶν</span> <span class='ocrx_word' id='word_1_337' title='bbox 361 2016 477 2052; x_wconf 68' lang='grc' dir='ltr'>Γραφῶν</span> <span class='ocrx_word' id='word_1_338' title='bbox 492 2015 563 2050; x_wconf 78' lang='grc' dir='ltr'>ῆρθη</span> <span class='ocrx_word' id='word_1_339' title='bbox 587 2017 635 2042; x_wconf 77' lang='grc' dir='ltr'><strong>ἀπ’</strong></span> <span class='ocrx_word' id='word_1_340' title='bbox 652 2017 752 2043; x_wconf 69' lang='grc' dir='ltr'>αὺτῶνο</span> <span class='ocrx_word' id='word_1_341' title='bbox 772 2017 862 2043; x_wconf 78' lang='grc' dir='ltr'>οὐκέτι</span> <span class='ocrx_word' id='word_1_342' title='bbox 881 2017 994 2050; x_wconf 74' lang='grc' dir='ltr'>σώζεται</span> 
     </span>
    </p>
   </div>
   <div class='ocr_carea' id='block_1_45' title="bbox 207 2062 995 2099">
    <p class='ocr_par' dir='ltr' id='par_1_45' title="bbox 207 2062 995 2099">
     <span class='ocr_line' id='line_1_45' title="bbox 207 2062 995 2099; baseline 0.001 -10"><span class='ocrx_word' id='word_1_343' title='bbox 207 2063 330 2098; x_wconf 79' lang='grc' dir='ltr'>διήγησις</span> <span class='ocrx_word' id='word_1_344' title='bbox 347 2064 410 2099; x_wconf 77' lang='grc' dir='ltr'>παρ’</span> <span class='ocrx_word' id='word_1_345' title='bbox 421 2063 511 2094; x_wconf 74' lang='grc' dir='ltr'>αὐτοῖς</span> <span class='ocrx_word' id='word_1_346' title='bbox 522 2062 619 2098; x_wconf 83' lang='grc' dir='ltr'>νομικὴ</span> <span class='ocrx_word' id='word_1_347' title='bbox 637 2063 653 2098; x_wconf 81' lang='grc' dir='ltr'>ἢ</span> <span class='ocrx_word' id='word_1_348' title='bbox 672 2064 836 2099; x_wconf 83' lang='grc' dir='ltr'>προφητικὴ,</span> <span class='ocrx_word' id='word_1_349' title='bbox 853 2064 909 2090; x_wconf 76' lang='grc' dir='ltr'>ἀλλ’</span> <span class='ocrx_word' id='word_1_350' title='bbox 927 2064 995 2091; x_wconf 72' lang='grc' dir='ltr'>εἰσὶν</span> 
     </span>
    </p>
   </div>
   <div class='ocr_carea' id='block_1_46' title="bbox 209 2108 995 2145">
    <p class='ocr_par' dir='ltr' id='par_1_46' title="bbox 209 2108 995 2145">
     <span class='ocr_line' id='line_1_46' title="bbox 209 2108 995 2145; baseline 0.003 -11"><span class='ocrx_word' id='word_1_351' title='bbox 209 2108 450 2143; x_wconf 75' lang='grc' dir='ltr'>ἀναγινώσκοντες,</span> <span class='ocrx_word' id='word_1_352' title='bbox 467 2108 512 2134; x_wconf 79' lang='grc' dir='ltr'>καὶ</span> <span class='ocrx_word' id='word_1_353' title='bbox 534 2108 571 2144; x_wconf 89' lang='grc' dir='ltr'>μὴ</span> <span class='ocrx_word' id='word_1_354' title='bbox 590 2108 727 2140; x_wconf 79' lang='grc' dir='ltr'>νοοῦντες’</span> <span class='ocrx_word' id='word_1_355' title='bbox 747 2109 924 2145; x_wconf 82' lang='grc' dir='ltr'>πεπλήρωται</span> <span class='ocrx_word' id='word_1_356' title='bbox 942 2110 995 2145; x_wconf 81' lang='grc' dir='ltr'>γὰρ</span> 
     </span>
    </p>
   </div>
   <div class='ocr_carea' id='block_1_47' title="bbox 208 2153 996 2190">
    <p class='ocr_par' dir='ltr' id='par_1_47' title="bbox 208 2153 996 2190">
     <span class='ocr_line' id='line_1_47' title="bbox 208 2153 996 2190; baseline 0.001 -10"><span class='ocrx_word' id='word_1_357' title='bbox 208 2153 251 2181; x_wconf 80' lang='grc' dir='ltr'>διὰ</span> <span class='ocrx_word' id='word_1_358' title='bbox 278 2154 327 2190; x_wconf 81' lang='grc' dir='ltr'>τὴν</span> <span class='ocrx_word' id='word_1_359' title='bbox 358 2154 476 2190; x_wconf 80' lang='grc' dir='ltr'>Χριστοῦ</span> <span class='ocrx_word' id='word_1_360' title='bbox 502 2155 649 2190; x_wconf 76' lang='grc' dir='ltr'>ἐπιδημίαν</span> <span class='ocrx_word' id='word_1_361' title='bbox 676 2155 715 2181; x_wconf 80' lang='grc' dir='ltr'>τό·</span> <span class='ocrx_word' id='word_1_362' title='bbox 741 2153 837 2182; x_wconf 76' lang='grc' dir='ltr'>Εἶπον</span> <span class='ocrx_word' id='word_1_363' title='bbox 867 2156 907 2188; x_wconf 80' lang='grc' dir='ltr'>τῷ</span> <span class='ocrx_word' id='word_1_364' title='bbox 932 2155 996 2188; x_wconf 80' lang='grc' dir='ltr'><strong>λαῷ</strong></span> 
     </span>
    </p>
   </div>
   <div class='ocr_carea' id='block_1_48' title="bbox 208 2199 994 2235">
    <p class='ocr_par' dir='ltr' id='par_1_48' title="bbox 208 2199 994 2235">
     <span class='ocr_line' id='line_1_48' title="bbox 208 2199 994 2235; baseline 0.004 -10"><span class='ocrx_word' id='word_1_365' title='bbox 208 2199 322 2232; x_wconf 79' lang='grc' dir='ltr'>ἐκείνῳ·</span> <span class='ocrx_word' id='word_1_366' title='bbox 347 2199 432 2233; x_wconf 80' lang='grc' dir='ltr'>Ἀκοῇ</span> <span class='ocrx_word' id='word_1_367' title='bbox 444 2201 599 2232; x_wconf 82' lang='grc' dir='ltr'>ἀκούσετε,</span> <span class='ocrx_word' id='word_1_368' title='bbox 627 2201 674 2227; x_wconf 74' lang='grc' dir='ltr'>καὶ</span> <span class='ocrx_word' id='word_1_369' title='bbox 689 2202 724 2227; x_wconf 87' lang='grc' dir='ltr'>οὺ</span> <span class='ocrx_word' id='word_1_370' title='bbox 738 2201 781 2235; x_wconf 77' lang='grc' dir='ltr'><strong>μὴ</strong></span> <span class='ocrx_word' id='word_1_371' title='bbox 799 2201 923 2234; x_wconf 77' lang='grc' dir='ltr'>συνῆτε,</span> <span class='ocrx_word' id='word_1_372' title='bbox 945 2202 994 2228; x_wconf 76' lang='grc' dir='ltr'>καὶ</span> 
     </span>
    </p>
   </div>
   <div class='ocr_carea' id='block_1_49' title="bbox 1045 279 1833 314">
    <p class='ocr_par' dir='ltr' id='par_1_49' title="bbox 1045 279 1833 314">
     <span class='ocr_line' id='line_1_49' title="bbox 1045 279 1833 314; baseline -0.001 -8"><span class='ocrx_word' id='word_1_373' title='bbox 1045 279 1137 307; x_wconf 85' lang='lat' dir='ltr'><strong>Potest</strong></span> <span class='ocrx_word' id='word_1_374' title='bbox 1148 284 1238 307; x_wconf 79' lang='lat' dir='ltr'><strong>autent</strong></span> <span class='ocrx_word' id='word_1_375' title='bbox 1249 285 1277 307; x_wconf 87' lang='lat' dir='ltr'><strong>et</strong></span> <span class='ocrx_word' id='word_1_376' title='bbox 1288 279 1417 314; x_wconf 81' lang='lat' dir='ltr'><strong>propheta</strong></span> <span class='ocrx_word' id='word_1_377' title='bbox 1430 279 1524 306; x_wconf 83' lang='lat' dir='ltr'><strong>eadem</strong></span> <span class='ocrx_word' id='word_1_378' title='bbox 1538 279 1640 307; x_wconf 81' lang='lat' dir='ltr'><strong>dixisse</strong></span> <span class='ocrx_word' id='word_1_379' title='bbox 1657 287 1704 314; x_wconf 87' lang='lat' dir='ltr'><strong>pro</strong></span> <span class='ocrx_word' id='word_1_380' title='bbox 1719 279 1833 314; x_wconf 89' lang='lat' dir='ltr'><strong>populo,</strong></span> 
     </span>
    </p>
   </div>
   <div class='ocr_carea' id='block_1_50' title="bbox 1043 326 1523 360">
    <p class='ocr_par' dir='ltr' id='par_1_50' title="bbox 1043 326 1523 360">
     <span class='ocr_line' id='line_1_50' title="bbox 1043 326 1523 360; baseline -0.002 -7"><span class='ocrx_word' id='word_1_381' title='bbox 1043 330 1070 353; x_wconf 87' lang='lat' dir='ltr'><strong>et</strong></span> <span class='ocrx_word' id='word_1_382' title='bbox 1087 326 1113 352; x_wconf 92' lang='lat' dir='ltr'><strong>in</strong></span> <span class='ocrx_word' id='word_1_383' title='bbox 1134 330 1254 360; x_wconf 85' lang='lat' dir='ltr'><strong>tempore</strong></span> <span class='ocrx_word' id='word_1_384' title='bbox 1268 326 1402 353; x_wconf 87' lang='lat' dir='ltr'><strong>malorum</strong></span> <span class='ocrx_word' id='word_1_385' title='bbox 1416 333 1523 352; x_wconf 88' lang='lat' dir='ltr'><strong>eorum.</strong></span> 
     </span>
    </p>
   </div>
   <div class='ocr_carea' id='block_1_51' title="bbox 1081 465 1834 502">
    <p class='ocr_par' dir='ltr' id='par_1_51' title="bbox 1081 465 1834 502">
     <span class='ocr_line' id='line_1_51' title="bbox 1081 465 1834 502; baseline 0.005 -11"><span class='ocrx_word' id='word_1_386' title='bbox 1081 466 1124 492; x_wconf 73' lang='grc'><strong>12.</strong></span> <span class='ocrx_word' id='word_1_387' title='bbox 1147 465 1234 500; x_wconf 84' lang='lat' dir='ltr'><strong>Super</strong></span> <span class='ocrx_word' id='word_1_388' title='bbox 1249 474 1330 501; x_wconf 84' lang='lat' dir='ltr'><strong>quem</strong></span> <span class='ocrx_word' id='word_1_389' title='bbox 1351 466 1492 501; x_wconf 78' lang='lat' dir='ltr'><strong>respondit</strong></span> <span class='ocrx_word' id='word_1_390' title='bbox 1507 466 1588 500; x_wconf 89' lang='lat' dir='ltr'><strong>Deus,</strong></span> <span class='ocrx_word' id='word_1_391' title='bbox 1607 473 1634 494; x_wconf 86' lang='lat' dir='ltr'><strong>et</strong></span> <span class='ocrx_word' id='word_1_392' title='bbox 1662 467 1783 502; x_wconf 89' lang='lat' dir='ltr'><strong>loquitur</strong></span> <span class='ocrx_word' id='word_1_393' title='bbox 1800 468 1834 495; x_wconf 87' lang='lat' dir='ltr'><strong>ad</strong></span> 
     </span>
    </p>
   </div>
   <div class='ocr_carea' id='block_1_52' title="bbox 1045 510 1836 546">
    <p class='ocr_par' dir='ltr' id='par_1_52' title="bbox 1045 510 1836 546">
     <span class='ocr_line' id='line_1_52' title="bbox 1045 510 1836 546; baseline 0.004 -9"><span class='ocrx_word' id='word_1_394' title='bbox 1045 510 1185 545; x_wconf 80' lang='lat' dir='ltr'><strong>populum.</strong></span> <span class='ocrx_word' id='word_1_395' title='bbox 1204 510 1252 544; x_wconf 86' lang='lat' dir='ltr'><strong>qui</strong></span> <span class='ocrx_word' id='word_1_396' title='bbox 1267 518 1283 537; x_wconf 86' lang='lat' dir='ltr'><strong>a</strong></span> <span class='ocrx_word' id='word_1_397' title='bbox 1300 510 1441 538; x_wconf 80' lang='lat' dir='ltr'><strong>Salvatore</strong></span> <span class='ocrx_word' id='word_1_398' title='bbox 1456 511 1513 539; x_wconf 85' lang='lat' dir='ltr'><strong>sive</strong></span> <span class='ocrx_word' id='word_1_399' title='bbox 1528 513 1658 546; x_wconf 77' lang='lat' dir='ltr'><strong>propheta</strong></span> <span class='ocrx_word' id='word_1_400' title='bbox 1680 512 1767 540; x_wconf 71' lang='lat' dir='ltr'><strong>fuerat</strong></span> <span class='ocrx_word' id='word_1_401' title='bbox 1789 520 1836 539; x_wconf 89' lang='lat' dir='ltr'><strong>ac-</strong></span> 
     </span>
    </p>
   </div>
   <div class='ocr_carea' id='block_1_53' title="bbox 1044 555 1835 590">
    <p class='ocr_par' dir='ltr' id='par_1_53' title="bbox 1044 555 1835 590">
     <span class='ocr_line' id='line_1_53' title="bbox 1044 555 1835 590; baseline 0.004 -8"><span class='ocrx_word' id='word_1_402' title='bbox 1044 560 1172 587; x_wconf 85' lang='lat' dir='ltr'><strong>cusatus,</strong></span> <span class='ocrx_word' id='word_1_403' title='bbox 1198 555 1292 582; x_wconf 87' lang='lat' dir='ltr'><strong>dicens</strong></span> <span class='ocrx_word' id='word_1_404' title='bbox 1310 556 1331 571; x_wconf 87' lang='grc'><strong>⁵¹</strong></span> <span class='ocrx_word' id='word_1_405' title='bbox 1348 563 1355 582; x_wconf 91' lang='lat'><strong>:</strong></span> <span class='ocrx_word' id='word_1_406' title='bbox 1371 555 1484 583; x_wconf 82' lang='lat' dir='ltr'><strong>Ferrum</strong></span> <span class='ocrx_word' id='word_1_407' title='bbox 1509 561 1532 582; x_wconf 88' lang='lat' dir='ltr'><strong>et</strong></span> <span class='ocrx_word' id='word_1_408' title='bbox 1551 558 1711 590; x_wconf 82' lang='lat' dir='ltr'><strong>opertorium</strong></span> <span class='ocrx_word' id='word_1_409' title='bbox 1738 566 1835 585; x_wconf 75' lang='lat' dir='ltr'><strong>meum</strong></span> 
     </span>
    </p>
   </div>
   <div class='ocr_carea' id='block_1_54' title="bbox 1043 601 1835 637">
    <p class='ocr_par' dir='ltr' id='par_1_54' title="bbox 1043 601 1835 637">
     <span class='ocr_line' id='line_1_54' title="bbox 1043 601 1835 637; baseline 0.004 -10"><span class='ocrx_word' id='word_1_410' title='bbox 1043 601 1127 627; x_wconf 76' lang='lat' dir='ltr'><strong>virtus</strong></span> <span class='ocrx_word' id='word_1_411' title='bbox 1147 606 1203 628; x_wconf 85' lang='lat' dir='ltr'><strong>tua.</strong></span> <span class='ocrx_word' id='word_1_412' title='bbox 1232 601 1322 634; x_wconf 88' lang='lat' dir='ltr'><strong>Dura,</strong></span> <span class='ocrx_word' id='word_1_413' title='bbox 1349 601 1541 634; x_wconf 82' lang='lat' dir='ltr'><strong>indomabilis.</strong></span> <span class='ocrx_word' id='word_1_414' title='bbox 1565 610 1626 637; x_wconf 77' lang='lat' dir='ltr'><strong>qua:</strong></span> <span class='ocrx_word' id='word_1_415' title='bbox 1653 603 1754 630; x_wconf 88' lang='lat' dir='ltr'><strong>molliri</strong></span> <span class='ocrx_word' id='word_1_416' title='bbox 1781 612 1835 630; x_wconf 87' lang='lat' dir='ltr'><strong>non</strong></span> 
     </span>
    </p>
   </div>
   <div class='ocr_carea' id='block_1_55' title="bbox 1043 647 1835 683">
    <p class='ocr_par' dir='ltr' id='par_1_55' title="bbox 1043 647 1835 683">
     <span class='ocr_line' id='line_1_55' title="bbox 1043 647 1835 683; baseline 0.004 -10"><span class='ocrx_word' id='word_1_417' title='bbox 1043 647 1151 681; x_wconf 72' lang='lat' dir='ltr'><strong>quaerit.</strong></span> <span class='ocrx_word' id='word_1_418' title='bbox 1165 654 1226 681; x_wconf 62' lang='lat' dir='ltr'><strong>qua;</strong></span> <span class='ocrx_word' id='word_1_419' title='bbox 1242 647 1284 673; x_wconf 74' lang='lat' dir='ltr'><strong>vix</strong></span> <span class='ocrx_word' id='word_1_420' title='bbox 1301 647 1479 681; x_wconf 82' lang='lat' dir='ltr'><strong>producatur.</strong></span> <span class='ocrx_word' id='word_1_421' title='bbox 1499 647 1612 675; x_wconf 87' lang='lat' dir='ltr'><strong>Ferrum</strong></span> <span class='ocrx_word' id='word_1_422' title='bbox 1629 653 1656 675; x_wconf 91' lang='lat' dir='ltr'><strong>et</strong></span> <span class='ocrx_word' id='word_1_423' title='bbox 1668 650 1835 683; x_wconf 82' lang='lat' dir='ltr'><strong>opertorium</strong></span> 
     </span>
    </p>
   </div>
   <div class='ocr_carea' id='block_1_56' title="bbox 1043 692 1837 727">
    <p class='ocr_par' dir='ltr' id='par_1_56' title="bbox 1043 692 1837 727">
     <span class='ocr_line' id='line_1_56' title="bbox 1043 692 1837 727; baseline 0.004 -9"><span class='ocrx_word' id='word_1_424' title='bbox 1043 698 1143 719; x_wconf 60' lang='lat' dir='ltr'><strong>aereum</strong></span> <span class='ocrx_word' id='word_1_425' title='bbox 1169 692 1255 719; x_wconf 87' lang='lat' dir='ltr'><strong>virtus</strong></span> <span class='ocrx_word' id='word_1_426' title='bbox 1280 697 1340 724; x_wconf 87' lang='lat' dir='ltr'><strong>tua,</strong></span> <span class='ocrx_word' id='word_1_427' title='bbox 1368 692 1394 719; x_wconf 89' lang='lat' dir='ltr'><strong>id</strong></span> <span class='ocrx_word' id='word_1_428' title='bbox 1418 697 1461 720; x_wconf 86' lang='lat' dir='ltr'><strong>est</strong></span> <span class='ocrx_word' id='word_1_429' title='bbox 1484 700 1581 721; x_wconf 88' lang='lat' dir='ltr'><strong>secans</strong></span> <span class='ocrx_word' id='word_1_430' title='bbox 1601 698 1627 720; x_wconf 90' lang='lat' dir='ltr'><strong>et</strong></span> <span class='ocrx_word' id='word_1_431' title='bbox 1647 694 1787 727; x_wconf 85' lang='lat' dir='ltr'><strong>dividens,</strong></span> <span class='ocrx_word' id='word_1_432' title='bbox 1810 700 1837 722; x_wconf 86' lang='lat' dir='ltr'><strong>ct</strong></span> 
     </span>
    </p>
   </div>
   <div class='ocr_carea' id='block_1_57' title="bbox 1045 738 1835 772">
    <p class='ocr_par' dir='ltr' id='par_1_57' title="bbox 1045 738 1835 772">
     <span class='ocr_line' id='line_1_57' title="bbox 1045 738 1835 772; baseline 0.004 -8"><span class='ocrx_word' id='word_1_433' title='bbox 1045 738 1113 765; x_wconf 86' lang='lat' dir='ltr'><strong>bene</strong></span> <span class='ocrx_word' id='word_1_434' title='bbox 1133 738 1283 772; x_wconf 89' lang='lat' dir='ltr'><strong>composita</strong></span> <span class='ocrx_word' id='word_1_435' title='bbox 1305 738 1478 772; x_wconf 83' lang='lat' dir='ltr'><strong>disturbans,</strong></span> <span class='ocrx_word' id='word_1_436' title='bbox 1502 739 1644 767; x_wconf 86' lang='lat' dir='ltr'><strong>maledicta</strong></span> <span class='ocrx_word' id='word_1_437' title='bbox 1666 740 1762 767; x_wconf 85' lang='lat' dir='ltr'><strong>virtus.</strong></span> <span class='ocrx_word' id='word_1_438' title='bbox 1789 740 1835 767; x_wconf 80' lang='lat' dir='ltr'><strong>Di-</strong></span> 
     </span>
    </p>
   </div>
   <div class='ocr_carea' id='block_1_58' title="bbox 1044 783 1836 819">
    <p class='ocr_par' dir='ltr' id='par_1_58' title="bbox 1044 783 1836 819">
     <span class='ocr_line' id='line_1_58' title="bbox 1044 783 1836 819; baseline 0.004 -10"><span class='ocrx_word' id='word_1_439' title='bbox 1044 783 1121 809; x_wconf 73' lang='lat' dir='ltr'><strong>vitias</strong></span> <span class='ocrx_word' id='word_1_440' title='bbox 1142 787 1202 809; x_wconf 86' lang='lat' dir='ltr'><strong>tuas</strong></span> <span class='ocrx_word' id='word_1_441' title='bbox 1218 788 1243 810; x_wconf 90' lang='lat' dir='ltr'><strong>et</strong></span> <span class='ocrx_word' id='word_1_442' title='bbox 1262 784 1398 810; x_wconf 83' lang='lat' dir='ltr'><strong>thesauros</strong></span> <span class='ocrx_word' id='word_1_443' title='bbox 1417 788 1475 811; x_wconf 87' lang='lat' dir='ltr'><strong>tuos</strong></span> <span class='ocrx_word' id='word_1_444' title='bbox 1487 784 1513 811; x_wconf 82' lang='lat' dir='ltr'><strong>in</strong></span> <span class='ocrx_word' id='word_1_445' title='bbox 1529 784 1752 819; x_wconf 63' lang='lat' dir='ltr'><strong>dgprwdationcnt</strong></span> <span class='ocrx_word' id='word_1_446' title='bbox 1766 786 1836 812; x_wconf 86' lang='lat' dir='ltr'><strong>dabo</strong></span> 
     </span>
    </p>
   </div>
   <div class='ocr_carea' id='block_1_59' title="bbox 1044 828 1835 862">
    <p class='ocr_par' dir='ltr' id='par_1_59' title="bbox 1044 828 1835 862">
     <span class='ocr_line' id='line_1_59' title="bbox 1044 828 1835 862; baseline 0.006 -8"><span class='ocrx_word' id='word_1_447' title='bbox 1044 829 1127 862; x_wconf 83' lang='lat' dir='ltr'><strong>gratis</strong></span> <span class='ocrx_word' id='word_1_448' title='bbox 1139 828 1172 855; x_wconf 83' lang='lat'><strong>“.</strong></span> <span class='ocrx_word' id='word_1_449' title='bbox 1193 828 1325 855; x_wconf 87' lang='lat' dir='ltr'><strong>Concedit</strong></span> <span class='ocrx_word' id='word_1_450' title='bbox 1336 829 1408 856; x_wconf 90' lang='lat' dir='ltr'><strong>Deus</strong></span> <span class='ocrx_word' id='word_1_451' title='bbox 1422 834 1449 857; x_wconf 90' lang='lat' dir='ltr'><strong>et</strong></span> <span class='ocrx_word' id='word_1_452' title='bbox 1464 829 1511 857; x_wconf 86' lang='lat' dir='ltr'><strong>dat</strong></span> <span class='ocrx_word' id='word_1_453' title='bbox 1527 838 1575 857; x_wconf 87' lang='lat' dir='ltr'><strong>eos</strong></span> <span class='ocrx_word' id='word_1_454' title='bbox 1591 832 1835 859; x_wconf 81' lang='lat' dir='ltr'><strong>commutationem</strong></span> 
     </span>
    </p>
   </div>
   <div class='ocr_carea' id='block_1_60' title="bbox 1044 874 1838 912">
    <p class='ocr_par' dir='ltr' id='par_1_60' title="bbox 1044 874 1838 912">
     <span class='ocr_line' id='line_1_60' title="bbox 1044 874 1838 912; baseline 0.005 -12"><span class='ocrx_word' id='word_1_455' title='bbox 1044 879 1154 909; x_wconf 83' lang='lat' dir='ltr'><strong>propter</strong></span> <span class='ocrx_word' id='word_1_456' title='bbox 1174 874 1266 902; x_wconf 85' lang='lat' dir='ltr'><strong>omnia</strong></span> <span class='ocrx_word' id='word_1_457' title='bbox 1286 879 1397 910; x_wconf 75' lang='lat' dir='ltr'><strong>peccata</strong></span> <span class='ocrx_word' id='word_1_458' title='bbox 1420 883 1525 903; x_wconf 86' lang='lat' dir='ltr'><strong>eorum.</strong></span> <span class='ocrx_word' id='word_1_459' title='bbox 1547 875 1679 904; x_wconf 86' lang='lat' dir='ltr'><strong>Utrumne</strong></span> <span class='ocrx_word' id='word_1_460' title='bbox 1699 877 1748 904; x_wconf 90' lang='lat' dir='ltr'><strong>hos</strong></span> <span class='ocrx_word' id='word_1_461' title='bbox 1768 885 1838 912; x_wconf 87' lang='lat' dir='ltr'><strong>quos</strong></span> 
     </span>
    </p>
   </div>
   <div class='ocr_carea' id='block_1_61' title="bbox 1045 921 1835 957">
    <p class='ocr_par' dir='ltr' id='par_1_61' title="bbox 1045 921 1835 957">
     <span class='ocr_line' id='line_1_61' title="bbox 1045 921 1835 957; baseline 0.003 -10"><span class='ocrx_word' id='word_1_462' title='bbox 1045 921 1097 948; x_wconf 88' lang='lat' dir='ltr'><strong>sibi</strong></span> <span class='ocrx_word' id='word_1_463' title='bbox 1117 921 1143 947; x_wconf 90' lang='lat' dir='ltr'><strong>in</strong></span> <span class='ocrx_word' id='word_1_464' title='bbox 1164 926 1236 949; x_wconf 85' lang='lat' dir='ltr'><strong>terra</strong></span> <span class='ocrx_word' id='word_1_465' title='bbox 1260 921 1525 952; x_wconf 77' lang='lat' dir='ltr'><strong>tbesaurizavcrint?</strong></span> <span class='ocrx_word' id='word_1_466' title='bbox 1547 922 1737 957; x_wconf 85' lang='lat' dir='ltr'><strong>unusquisque</strong></span> <span class='ocrx_word' id='word_1_467' title='bbox 1762 924 1835 950; x_wconf 90' lang='lat' dir='ltr'><strong>enim</strong></span> 
     </span>
    </p>
   </div>
   <div class='ocr_carea' id='block_1_62' title="bbox 1045 966 1839 1002">
    <p class='ocr_par' dir='ltr' id='par_1_62' title="bbox 1045 966 1839 1002">
     <span class='ocr_line' id='line_1_62' title="bbox 1045 966 1839 1002; baseline 0.004 -10"><span class='ocrx_word' id='word_1_468' title='bbox 1045 966 1185 993; x_wconf 86' lang='lat' dir='ltr'><strong>hominum</strong></span> <span class='ocrx_word' id='word_1_469' title='bbox 1199 966 1365 994; x_wconf 83' lang='lat' dir='ltr'><strong>thesaurizat</strong></span> <span class='ocrx_word' id='word_1_470' title='bbox 1378 967 1444 999; x_wconf 85' lang='lat' dir='ltr'><strong>sibi;</strong></span> <span class='ocrx_word' id='word_1_471' title='bbox 1465 967 1487 994; x_wconf 91' lang='lat' dir='ltr'><strong>si</strong></span> <span class='ocrx_word' id='word_1_472' title='bbox 1501 972 1542 995; x_wconf 91' lang='lat' dir='ltr'><strong>est</strong></span> <span class='ocrx_word' id='word_1_473' title='bbox 1555 972 1690 1002; x_wconf 81' lang='lat' dir='ltr'><strong>peccatur,</strong></span> <span class='ocrx_word' id='word_1_474' title='bbox 1706 967 1732 994; x_wconf 91' lang='lat' dir='ltr'><strong>in</strong></span> <span class='ocrx_word' id='word_1_475' title='bbox 1747 972 1839 1001; x_wconf 80' lang='lat' dir='ltr'><strong>terra;</strong></span> 
     </span>
    </p>
   </div>
   <div class='ocr_carea' id='block_1_63' title="bbox 1045 1012 1839 1048">
    <p class='ocr_par' dir='ltr' id='par_1_63' title="bbox 1045 1012 1839 1048">
     <span class='ocr_line' id='line_1_63' title="bbox 1045 1012 1839 1048; baseline 0.004 -10"><span class='ocrx_word' id='word_1_476' title='bbox 1045 1012 1067 1038; x_wconf 88' lang='lat' dir='ltr'><strong>si</strong></span> <span class='ocrx_word' id='word_1_477' title='bbox 1081 1012 1181 1046; x_wconf 80' lang='lat' dir='ltr'><strong>justus,</strong></span> <span class='ocrx_word' id='word_1_478' title='bbox 1203 1012 1229 1039; x_wconf 95' lang='lat' dir='ltr'><strong>in</strong></span> <span class='ocrx_word' id='word_1_479' title='bbox 1248 1012 1328 1044; x_wconf 60' lang='lat' dir='ltr'><strong>coelo,</strong></span> <span class='ocrx_word' id='word_1_480' title='bbox 1345 1017 1374 1039; x_wconf 96' lang='lat' dir='ltr'><strong>ut</strong></span> <span class='ocrx_word' id='word_1_481' title='bbox 1399 1020 1449 1040; x_wconf 89' lang='lat' dir='ltr'><strong>nos</strong></span> <span class='ocrx_word' id='word_1_482' title='bbox 1468 1013 1561 1041; x_wconf 89' lang='lat' dir='ltr'><strong>docuit</strong></span> <span class='ocrx_word' id='word_1_483' title='bbox 1578 1013 1764 1048; x_wconf 74' lang='lat' dir='ltr'><strong>Evangelium.</strong></span> <span class='ocrx_word' id='word_1_484' title='bbox 1784 1014 1839 1041; x_wconf 80' lang='lat' dir='ltr'><strong>Aut</strong></span> 
     </span>
    </p>
   </div>
   <div class='ocr_carea' id='block_1_64' title="bbox 1043 1058 1838 1092">
    <p class='ocr_par' dir='ltr' id='par_1_64' title="bbox 1043 1058 1838 1092">
     <span class='ocr_line' id='line_1_64' title="bbox 1043 1058 1838 1092; baseline 0.003 -8"><span class='ocrx_word' id='word_1_485' title='bbox 1043 1058 1116 1092; x_wconf 63' lang='lat' dir='ltr'><strong>quod</strong></span> <span class='ocrx_word' id='word_1_486' title='bbox 1140 1058 1221 1091; x_wconf 87' lang='lat' dir='ltr'><strong>dicit,</strong></span> <span class='ocrx_word' id='word_1_487' title='bbox 1240 1058 1395 1085; x_wconf 86' lang='lat' dir='ltr'><strong>istiusmodi</strong></span> <span class='ocrx_word' id='word_1_488' title='bbox 1415 1063 1458 1086; x_wconf 85' lang='lat' dir='ltr'><strong>est</strong></span> <span class='ocrx_word' id='word_1_489' title='bbox 1481 1068 1487 1085; x_wconf 89' lang='lat'><strong>:</strong></span> <span class='ocrx_word' id='word_1_490' title='bbox 1513 1067 1576 1086; x_wconf 85' lang='lat' dir='ltr'><strong>ecce</strong></span> <span class='ocrx_word' id='word_1_491' title='bbox 1600 1067 1672 1086; x_wconf 90' lang='lat' dir='ltr'><strong>unus</strong></span> <span class='ocrx_word' id='word_1_492' title='bbox 1692 1059 1838 1087; x_wconf 73' lang='lat' dir='ltr'><strong>thesaurus</strong></span> 
     </span>
    </p>
   </div>
   <div class='ocr_carea' id='block_1_65' title="bbox 1044 1101 1837 1136">
    <p class='ocr_par' dir='ltr' id='par_1_65' title="bbox 1044 1101 1837 1136">
     <span class='ocr_line' id='line_1_65' title="bbox 1044 1101 1837 1136; baseline 0.001 -8"><span class='ocrx_word' id='word_1_493' title='bbox 1044 1101 1186 1132; x_wconf 79' lang='lat' dir='ltr'><strong>Jeremias,</strong></span> <span class='ocrx_word' id='word_1_494' title='bbox 1203 1102 1272 1129; x_wconf 87' lang='lat' dir='ltr'><strong>alius</strong></span> <span class='ocrx_word' id='word_1_495' title='bbox 1288 1102 1434 1129; x_wconf 81' lang='lat' dir='ltr'><strong>thesaurus</strong></span> <span class='ocrx_word' id='word_1_496' title='bbox 1448 1107 1489 1130; x_wconf 88' lang='lat' dir='ltr'><strong>est</strong></span> <span class='ocrx_word' id='word_1_497' title='bbox 1502 1101 1604 1136; x_wconf 87' lang='lat' dir='ltr'><strong>Isaias;</strong></span> <span class='ocrx_word' id='word_1_498' title='bbox 1619 1103 1765 1129; x_wconf 83' lang='lat' dir='ltr'><strong>thesaurus</strong></span> <span class='ocrx_word' id='word_1_499' title='bbox 1779 1107 1837 1129; x_wconf 85' lang='lat' dir='ltr'><strong>erat</strong></span> 
     </span>
    </p>
   </div>
   <div class='ocr_carea' id='block_1_66' title="bbox 1044 1146 1841 1183">
    <p class='ocr_par' dir='ltr' id='par_1_66' title="bbox 1044 1146 1841 1183">
     <span class='ocr_line' id='line_1_66' title="bbox 1044 1146 1841 1183; baseline 0 -9"><span class='ocrx_word' id='word_1_500' title='bbox 1044 1152 1071 1174; x_wconf 87' lang='lat' dir='ltr'><strong>ct</strong></span> <span class='ocrx_word' id='word_1_501' title='bbox 1085 1147 1202 1183; x_wconf 77' lang='lat' dir='ltr'><strong>Moyses,</strong></span> <span class='ocrx_word' id='word_1_502' title='bbox 1218 1151 1245 1174; x_wconf 89' lang='lat' dir='ltr'><strong>et</strong></span> <span class='ocrx_word' id='word_1_503' title='bbox 1260 1147 1369 1181; x_wconf 87' lang='lat' dir='ltr'><strong>reliqui.</strong></span> <span class='ocrx_word' id='word_1_504' title='bbox 1396 1146 1451 1174; x_wconf 87' lang='lat' dir='ltr'><strong>Hos</strong></span> <span class='ocrx_word' id='word_1_505' title='bbox 1469 1147 1613 1174; x_wconf 86' lang='lat' dir='ltr'><strong>thesauros</strong></span> <span class='ocrx_word' id='word_1_506' title='bbox 1636 1147 1749 1174; x_wconf 87' lang='lat' dir='ltr'><strong>abstulit</strong></span> <span class='ocrx_word' id='word_1_507' title='bbox 1766 1146 1841 1174; x_wconf 85' lang='lat' dir='ltr'><strong>Deus</strong></span> 
     </span>
    </p>
   </div>
   <div class='ocr_carea' id='block_1_67' title="bbox 1046 1192 1838 1227">
    <p class='ocr_par' dir='ltr' id='par_1_67' title="bbox 1046 1192 1838 1227">
     <span class='ocr_line' id='line_1_67' title="bbox 1046 1192 1838 1227; baseline -0.001 -7"><span class='ocrx_word' id='word_1_508' title='bbox 1046 1201 1060 1220; x_wconf 92' lang='lat' dir='ltr'><strong>a</strong></span> <span class='ocrx_word' id='word_1_509' title='bbox 1083 1193 1193 1227; x_wconf 89' lang='lat' dir='ltr'><strong>populo,</strong></span> <span class='ocrx_word' id='word_1_510' title='bbox 1211 1197 1238 1220; x_wconf 88' lang='lat' dir='ltr'><strong>et</strong></span> <span class='ocrx_word' id='word_1_511' title='bbox 1257 1201 1304 1227; x_wconf 85' lang='lat' dir='ltr'><strong>per</strong></span> <span class='ocrx_word' id='word_1_512' title='bbox 1321 1192 1462 1220; x_wconf 84' lang='lat' dir='ltr'><strong>Christum</strong></span> <span class='ocrx_word' id='word_1_513' title='bbox 1480 1193 1526 1227; x_wconf 92' lang='lat' dir='ltr'><strong>qui</strong></span> <span class='ocrx_word' id='word_1_514' title='bbox 1542 1193 1610 1220; x_wconf 82' lang='lat' dir='ltr'><strong>dixit</strong></span> <span class='ocrx_word' id='word_1_515' title='bbox 1628 1201 1634 1219; x_wconf 88' lang='lat'><strong>:</strong></span> <span class='ocrx_word' id='word_1_516' title='bbox 1657 1192 1799 1227; x_wconf 75' lang='lat' dir='ltr'><strong>Att/eretur</strong></span> <span class='ocrx_word' id='word_1_517' title='bbox 1822 1202 1838 1219; x_wconf 84' lang='grc' dir='ltr'><strong>α</strong></span> 
     </span>
    </p>
   </div>
   <div class='ocr_carea' id='block_1_68' title="bbox 1046 1237 1838 1273">
    <p class='ocr_par' dir='ltr' id='par_1_68' title="bbox 1046 1237 1838 1273">
     <span class='ocr_line' id='line_1_68' title="bbox 1046 1237 1838 1273; baseline -0.001 -9"><span class='ocrx_word' id='word_1_518' title='bbox 1046 1237 1117 1264; x_wconf 80' lang='lat' dir='ltr'><strong>vobis</strong></span> <span class='ocrx_word' id='word_1_519' title='bbox 1140 1246 1247 1273; x_wconf 81' lang='lat' dir='ltr'><strong>regnum</strong></span> <span class='ocrx_word' id='word_1_520' title='bbox 1270 1238 1328 1271; x_wconf 78' lang='lat' dir='ltr'><strong>Dei.</strong></span> <span class='ocrx_word' id='word_1_521' title='bbox 1349 1242 1374 1264; x_wconf 91' lang='lat' dir='ltr'><strong>et</strong></span> <span class='ocrx_word' id='word_1_522' title='bbox 1394 1237 1502 1264; x_wconf 84' lang='lat' dir='ltr'><strong>dabitur</strong></span> <span class='ocrx_word' id='word_1_523' title='bbox 1525 1239 1596 1273; x_wconf 80' lang='lat' dir='ltr'><strong>genti</strong></span> <span class='ocrx_word' id='word_1_524' title='bbox 1613 1238 1838 1273; x_wconf 76' lang='lat' dir='ltr'><strong>[acientifrttrtus</strong></span> 
     </span>
    </p>
   </div>
   <div class='ocr_carea' id='block_1_69' title="bbox 1045 1283 1840 1319">
    <p class='ocr_par' dir='ltr' id='par_1_69' title="bbox 1045 1283 1840 1319">
     <span class='ocr_line' id='line_1_69' title="bbox 1045 1283 1840 1319; baseline -0.001 -9"><span class='ocrx_word' id='word_1_525' title='bbox 1045 1284 1103 1318; x_wconf 75' lang='lat' dir='ltr'><strong>ejus</strong></span> <span class='ocrx_word' id='word_1_526' title='bbox 1120 1284 1153 1315; x_wconf 83' lang='lat'><strong>“,</strong></span> <span class='ocrx_word' id='word_1_527' title='bbox 1169 1284 1282 1319; x_wconf 73' lang='lat' dir='ltr'><strong>largitus</strong></span> <span class='ocrx_word' id='word_1_528' title='bbox 1297 1288 1340 1311; x_wconf 85' lang='lat' dir='ltr'><strong>est</strong></span> <span class='ocrx_word' id='word_1_529' title='bbox 1359 1283 1448 1311; x_wconf 88' lang='lat' dir='ltr'><strong>nobis.</strong></span> <span class='ocrx_word' id='word_1_530' title='bbox 1471 1284 1546 1310; x_wconf 83' lang='lat' dir='ltr'><strong>Dabo</strong></span> <span class='ocrx_word' id='word_1_531' title='bbox 1561 1291 1624 1319; x_wconf 78' lang='lat' dir='ltr'><strong>ergo</strong></span> <span class='ocrx_word' id='word_1_532' title='bbox 1647 1290 1757 1318; x_wconf 87' lang='lat' dir='ltr'><strong>propter</strong></span> <span class='ocrx_word' id='word_1_533' title='bbox 1777 1291 1840 1318; x_wconf 68' lang='lat' dir='ltr'><strong>pee~</strong></span> 
     </span>
    </p>
   </div>
   <div class='ocr_carea' id='block_1_70' title="bbox 1046 1329 1840 1364">
    <p class='ocr_par' dir='ltr' id='par_1_70' title="bbox 1046 1329 1840 1364">
     <span class='ocr_line' id='line_1_70' title="bbox 1046 1329 1840 1364; baseline -0.003 -7"><span class='ocrx_word' id='word_1_534' title='bbox 1046 1334 1106 1357; x_wconf 90' lang='lat' dir='ltr'><strong>cata</strong></span> <span class='ocrx_word' id='word_1_535' title='bbox 1128 1334 1173 1356; x_wconf 89' lang='lat' dir='ltr'><strong>tua</strong></span> <span class='ocrx_word' id='word_1_536' title='bbox 1194 1330 1337 1356; x_wconf 79' lang='lat' dir='ltr'><strong>thesauros</strong></span> <span class='ocrx_word' id='word_1_537' title='bbox 1362 1334 1423 1356; x_wconf 90' lang='lat' dir='ltr'><strong>tuos</strong></span> <span class='ocrx_word' id='word_1_538' title='bbox 1445 1329 1470 1356; x_wconf 91' lang='lat' dir='ltr'><strong>in</strong></span> <span class='ocrx_word' id='word_1_539' title='bbox 1493 1330 1732 1364; x_wconf 71' lang='lat' dir='ltr'><strong>deprmdatiouem.</strong></span> <span class='ocrx_word' id='word_1_540' title='bbox 1760 1329 1840 1356; x_wconf 87' lang='lat' dir='ltr'><strong>Dedit</strong></span> 
     </span>
    </p>
   </div>
   <div class='ocr_carea' id='block_1_71' title="bbox 1047 1375 1839 1410">
    <p class='ocr_par' dir='ltr' id='par_1_71' title="bbox 1047 1375 1839 1410">
     <span class='ocr_line' id='line_1_71' title="bbox 1047 1375 1839 1410; baseline 0 -8"><span class='ocrx_word' id='word_1_541' title='bbox 1047 1375 1125 1405; x_wconf 83' lang='lat' dir='ltr'><strong>nobis</strong></span> <span class='ocrx_word' id='word_1_542' title='bbox 1140 1376 1285 1403; x_wconf 85' lang='lat' dir='ltr'><strong>thesauros</strong></span> <span class='ocrx_word' id='word_1_543' title='bbox 1299 1375 1371 1403; x_wconf 88' lang='lat' dir='ltr'><strong>illius</strong></span> <span class='ocrx_word' id='word_1_544' title='bbox 1383 1376 1475 1410; x_wconf 86' lang='lat' dir='ltr'><strong>populi</strong></span> <span class='ocrx_word' id='word_1_545' title='bbox 1490 1375 1633 1406; x_wconf 84' lang='lat' dir='ltr'><strong>Dominus,</strong></span> <span class='ocrx_word' id='word_1_546' title='bbox 1644 1375 1707 1410; x_wconf 83' lang='lat' dir='ltr'><strong>quia</strong></span> <span class='ocrx_word' id='word_1_547' title='bbox 1719 1376 1839 1410; x_wconf 87' lang='lat' dir='ltr'><strong>primum</strong></span> 
     </span>
    </p>
   </div>
   <div class='ocr_carea' id='block_1_72' title="bbox 1046 1420 1840 1455">
    <p class='ocr_par' dir='ltr' id='par_1_72' title="bbox 1046 1420 1840 1455">
     <span class='ocr_line' id='line_1_72' title="bbox 1046 1420 1840 1455; baseline 0 -8"><span class='ocrx_word' id='word_1_548' title='bbox 1046 1420 1099 1447; x_wconf 83' lang='lat' dir='ltr'><strong>illis</strong></span> <span class='ocrx_word' id='word_1_549' title='bbox 1114 1421 1217 1448; x_wconf 84' lang='lat' dir='ltr'><strong>credita</strong></span> <span class='ocrx_word' id='word_1_550' title='bbox 1238 1424 1302 1448; x_wconf 88' lang='lat' dir='ltr'><strong>sunt</strong></span> <span class='ocrx_word' id='word_1_551' title='bbox 1322 1421 1429 1455; x_wconf 86' lang='lat' dir='ltr'><strong>eloquia</strong></span> <span class='ocrx_word' id='word_1_552' title='bbox 1449 1420 1507 1453; x_wconf 87' lang='lat' dir='ltr'><strong>Dei,</strong></span> <span class='ocrx_word' id='word_1_553' title='bbox 1523 1425 1549 1448; x_wconf 88' lang='lat' dir='ltr'><strong>et</strong></span> <span class='ocrx_word' id='word_1_554' title='bbox 1563 1420 1641 1448; x_wconf 85' lang='lat' dir='ltr'><strong>nobis</strong></span> <span class='ocrx_word' id='word_1_555' title='bbox 1654 1421 1781 1455; x_wconf 79' lang='lat' dir='ltr'><strong>deinceps</strong></span> <span class='ocrx_word' id='word_1_556' title='bbox 1796 1427 1840 1447; x_wconf 81' lang='lat' dir='ltr'><strong>at-</strong></span> 
     </span>
    </p>
   </div>
   <div class='ocr_carea' id='block_1_73' title="bbox 1046 1466 1840 1502">
    <p class='ocr_par' dir='ltr' id='par_1_73' title="bbox 1046 1466 1840 1502">
     <span class='ocr_line' id='line_1_73' title="bbox 1046 1466 1840 1502; baseline 0.001 -9"><span class='ocrx_word' id='word_1_557' title='bbox 1046 1467 1157 1494; x_wconf 80' lang='lat' dir='ltr'><strong>tributa.</strong></span> <span class='ocrx_word' id='word_1_558' title='bbox 1185 1466 1268 1502; x_wconf 69' lang='lat' dir='ltr'><strong>ldque</strong></span> <span class='ocrx_word' id='word_1_559' title='bbox 1297 1467 1369 1501; x_wconf 89' lang='lat' dir='ltr'><strong>quod</strong></span> <span class='ocrx_word' id='word_1_560' title='bbox 1397 1466 1529 1501; x_wconf 83' lang='lat' dir='ltr'><strong>scriptum</strong></span> <span class='ocrx_word' id='word_1_561' title='bbox 1557 1471 1598 1493; x_wconf 91' lang='lat' dir='ltr'><strong>est</strong></span> <span class='ocrx_word' id='word_1_562' title='bbox 1619 1475 1626 1492; x_wconf 88' lang='lat'><strong>:</strong></span> <span class='ocrx_word' id='word_1_563' title='bbox 1651 1467 1796 1500; x_wconf 80' lang='lat' dir='ltr'><strong>Auferetur</strong></span> <span class='ocrx_word' id='word_1_564' title='bbox 1822 1476 1840 1494; x_wconf 82' lang='grc' dir='ltr'><strong>ιι</strong></span> 
     </span>
    </p>
   </div>
   <div class='ocr_carea' id='block_1_74' title="bbox 1045 1512 1836 1548">
    <p class='ocr_par' dir='ltr' id='par_1_74' title="bbox 1045 1512 1836 1548">
     <span class='ocr_line' id='line_1_74' title="bbox 1045 1512 1836 1548; baseline 0 -9"><span class='ocrx_word' id='word_1_565' title='bbox 1045 1512 1117 1539; x_wconf 77' lang='lat' dir='ltr'><strong>vobis</strong></span> <span class='ocrx_word' id='word_1_566' title='bbox 1138 1521 1244 1548; x_wconf 79' lang='lat' dir='ltr'><strong>regnum</strong></span> <span class='ocrx_word' id='word_1_567' title='bbox 1261 1513 1317 1544; x_wconf 81' lang='lat' dir='ltr'><strong>Dei.</strong></span> <span class='ocrx_word' id='word_1_568' title='bbox 1340 1517 1365 1539; x_wconf 86' lang='lat' dir='ltr'><strong>et</strong></span> <span class='ocrx_word' id='word_1_569' title='bbox 1379 1512 1488 1539; x_wconf 81' lang='lat' dir='ltr'><strong>dabitur</strong></span> <span class='ocrx_word' id='word_1_570' title='bbox 1515 1513 1587 1548; x_wconf 84' lang='lat' dir='ltr'><strong>genti</strong></span> <span class='ocrx_word' id='word_1_571' title='bbox 1603 1512 1712 1547; x_wconf 79' lang='lat' dir='ltr'><strong>facienti</strong></span> <span class='ocrx_word' id='word_1_572' title='bbox 1733 1513 1836 1547; x_wconf 78' lang='lat' dir='ltr'><strong>[ructus</strong></span> 
     </span>
    </p>
   </div>
   <div class='ocr_carea' id='block_1_75' title="bbox 1044 1555 1839 1592">
    <p class='ocr_par' dir='ltr' id='par_1_75' title="bbox 1044 1555 1839 1592">
     <span class='ocr_line' id='line_1_75' title="bbox 1044 1555 1839 1592; baseline 0 -8"><span class='ocrx_word' id='word_1_573' title='bbox 1044 1557 1117 1591; x_wconf 78' lang='lat' dir='ltr'><strong>eius,</strong></span> <span class='ocrx_word' id='word_1_574' title='bbox 1135 1557 1303 1585; x_wconf 79' lang='lat' dir='ltr'><strong>assentimus</strong></span> <span class='ocrx_word' id='word_1_575' title='bbox 1325 1557 1381 1592; x_wconf 88' lang='lat' dir='ltr'><strong>jam</strong></span> <span class='ocrx_word' id='word_1_576' title='bbox 1406 1564 1467 1584; x_wconf 88' lang='lat' dir='ltr'><strong>esse</strong></span> <span class='ocrx_word' id='word_1_577' title='bbox 1485 1557 1664 1592; x_wconf 85' lang='lat' dir='ltr'><strong>completum.</strong></span> <span class='ocrx_word' id='word_1_578' title='bbox 1684 1555 1743 1583; x_wconf 85' lang='lat' dir='ltr'><strong>Non</strong></span> <span class='ocrx_word' id='word_1_579' title='bbox 1765 1557 1839 1592; x_wconf 80' lang='lat' dir='ltr'><strong>quod</strong></span> 
     </span>
    </p>
   </div>
   <div class='ocr_carea' id='block_1_76' title="bbox 1047 1602 1841 1640">
    <p class='ocr_par' dir='ltr' id='par_1_76' title="bbox 1047 1602 1841 1640">
     <span class='ocr_line' id='line_1_76' title="bbox 1047 1602 1841 1640; baseline -0.003 -9"><span class='ocrx_word' id='word_1_580' title='bbox 1047 1603 1185 1639; x_wconf 82' lang='lat' dir='ltr'><strong>Scriptura</strong></span> <span class='ocrx_word' id='word_1_581' title='bbox 1198 1603 1233 1630; x_wconf 86' lang='lat' dir='ltr'><strong>ab</strong></span> <span class='ocrx_word' id='word_1_582' title='bbox 1244 1603 1283 1630; x_wconf 86' lang='lat' dir='ltr'><strong>eis</strong></span> <span class='ocrx_word' id='word_1_583' title='bbox 1299 1603 1389 1640; x_wconf 80' lang='lat' dir='ltr'><strong>ablata</strong></span> <span class='ocrx_word' id='word_1_584' title='bbox 1402 1603 1437 1630; x_wconf 87' lang='lat' dir='ltr'><strong>sit</strong></span> <span class='ocrx_word' id='word_1_585' title='bbox 1456 1611 1464 1629; x_wconf 67' lang='grc' dir='ltr'><strong>ι</strong></span> <span class='ocrx_word' id='word_1_586' title='bbox 1480 1602 1581 1629; x_wconf 86' lang='lat' dir='ltr'><strong>habent</strong></span> <span class='ocrx_word' id='word_1_587' title='bbox 1595 1603 1694 1637; x_wconf 81' lang='lat' dir='ltr'><strong>quippe</strong></span> <span class='ocrx_word' id='word_1_588' title='bbox 1709 1602 1791 1637; x_wconf 75' lang='lat'><strong>216</strong></span> <span class='ocrx_word' id='word_1_589' title='bbox 1801 1602 1841 1629; x_wconf 75' lang='lat' dir='ltr'><strong>io-</strong></span> 
     </span>
    </p>
   </div>
   <div class='ocr_carea' id='block_1_77' title="bbox 1046 1648 1840 1685">
    <p class='ocr_par' dir='ltr' id='par_1_77' title="bbox 1046 1648 1840 1685">
     <span class='ocr_line' id='line_1_77' title="bbox 1046 1648 1840 1685; baseline -0.003 -8"><span class='ocrx_word' id='word_1_590' title='bbox 1046 1658 1104 1685; x_wconf 79' lang='lat' dir='ltr'><strong>gem</strong></span> <span class='ocrx_word' id='word_1_591' title='bbox 1120 1654 1146 1677; x_wconf 90' lang='lat' dir='ltr'><strong>et</strong></span> <span class='ocrx_word' id='word_1_592' title='bbox 1164 1649 1319 1684; x_wconf 79' lang='lat' dir='ltr'><strong>prophetas,</strong></span> <span class='ocrx_word' id='word_1_593' title='bbox 1342 1649 1442 1677; x_wconf 85' lang='lat' dir='ltr'><strong>habent</strong></span> <span class='ocrx_word' id='word_1_594' title='bbox 1455 1648 1594 1676; x_wconf 84' lang='lat' dir='ltr'><strong>volumina</strong></span> <span class='ocrx_word' id='word_1_595' title='bbox 1615 1648 1767 1675; x_wconf 87' lang='lat' dir='ltr'><strong>divinarutn</strong></span> <span class='ocrx_word' id='word_1_596' title='bbox 1793 1648 1840 1675; x_wconf 86' lang='lat' dir='ltr'><strong>lit-</strong></span> 
     </span>
    </p>
   </div>
   <div class='ocr_carea' id='block_1_78' title="bbox 1045 1693 1841 1730">
    <p class='ocr_par' dir='ltr' id='par_1_78' title="bbox 1045 1693 1841 1730">
     <span class='ocr_line' id='line_1_78' title="bbox 1045 1693 1841 1730; baseline -0.004 -7"><span class='ocrx_word' id='word_1_597' title='bbox 1045 1700 1181 1728; x_wconf 86' lang='lat' dir='ltr'><strong>terarum;</strong></span> <span class='ocrx_word' id='word_1_598' title='bbox 1198 1694 1245 1723; x_wconf 82' lang='lat' dir='ltr'><strong>sed</strong></span> <span class='ocrx_word' id='word_1_599' title='bbox 1257 1694 1329 1730; x_wconf 90' lang='lat' dir='ltr'><strong>quod</strong></span> <span class='ocrx_word' id='word_1_600' title='bbox 1346 1702 1400 1721; x_wconf 89' lang='lat' dir='ltr'><strong>non</strong></span> <span class='ocrx_word' id='word_1_601' title='bbox 1421 1695 1570 1730; x_wconf 78' lang='lat' dir='ltr'><strong>intelligant</strong></span> <span class='ocrx_word' id='word_1_602' title='bbox 1581 1702 1623 1721; x_wconf 87' lang='lat' dir='ltr'><strong>ea.</strong></span> <span class='ocrx_word' id='word_1_603' title='bbox 1648 1693 1736 1729; x_wconf 81' lang='lat' dir='ltr'><strong>Atque</strong></span> <span class='ocrx_word' id='word_1_604' title='bbox 1747 1694 1783 1721; x_wconf 83' lang='lat' dir='ltr'><strong>ita</strong></span> <span class='ocrx_word' id='word_1_605' title='bbox 1798 1701 1841 1721; x_wconf 87' lang='lat' dir='ltr'><strong>rc-</strong></span> 
     </span>
    </p>
   </div>
   <div class='ocr_carea' id='block_1_79' title="bbox 1045 1739 1841 1776">
    <p class='ocr_par' dir='ltr' id='par_1_79' title="bbox 1045 1739 1841 1776">
     <span class='ocr_line' id='line_1_79' title="bbox 1045 1739 1841 1776; baseline 0.001 -9"><span class='ocrx_word' id='word_1_606' title='bbox 1045 1749 1127 1776; x_wconf 79' lang='lat' dir='ltr'><strong>gnnm</strong></span> <span class='ocrx_word' id='word_1_607' title='bbox 1140 1740 1186 1768; x_wconf 88' lang='lat' dir='ltr'><strong>Dei</strong></span> <span class='ocrx_word' id='word_1_608' title='bbox 1204 1740 1323 1767; x_wconf 90' lang='lat' dir='ltr'><strong>ablatum</strong></span> <span class='ocrx_word' id='word_1_609' title='bbox 1339 1744 1380 1768; x_wconf 88' lang='lat' dir='ltr'><strong>est</strong></span> <span class='ocrx_word' id='word_1_610' title='bbox 1396 1740 1491 1772; x_wconf 76' lang='lat' dir='ltr'><strong>alneis,</strong></span> <span class='ocrx_word' id='word_1_611' title='bbox 1508 1740 1573 1768; x_wconf 89' lang='lat' dir='ltr'><strong>dum</strong></span> <span class='ocrx_word' id='word_1_612' title='bbox 1586 1739 1732 1775; x_wconf 77' lang='lat' dir='ltr'><strong>Scriptura.-</strong></span> <span class='ocrx_word' id='word_1_613' title='bbox 1743 1747 1841 1768; x_wconf 79' lang='lat' dir='ltr'><strong>sensus</strong></span> 
     </span>
    </p>
   </div>
   <div class='ocr_carea' id='block_1_80' title="bbox 1046 1786 1839 1821">
    <p class='ocr_par' dir='ltr' id='par_1_80' title="bbox 1046 1786 1839 1821">
     <span class='ocr_line' id='line_1_80' title="bbox 1046 1786 1839 1821; baseline 0 -8"><span class='ocrx_word' id='word_1_614' title='bbox 1046 1786 1179 1813; x_wconf 82' lang='lat' dir='ltr'><strong>aufertur.</strong></span> <span class='ocrx_word' id='word_1_615' title='bbox 1199 1786 1323 1813; x_wconf 84' lang='lat' dir='ltr'><strong>Cessavit</strong></span> <span class='ocrx_word' id='word_1_616' title='bbox 1349 1786 1419 1820; x_wconf 88' lang='lat' dir='ltr'><strong>apud</strong></span> <span class='ocrx_word' id='word_1_617' title='bbox 1441 1793 1489 1813; x_wconf 86' lang='lat' dir='ltr'><strong>eos</strong></span> <span class='ocrx_word' id='word_1_618' title='bbox 1509 1786 1577 1821; x_wconf 77' lang='lat' dir='ltr'><strong>legis</strong></span> <span class='ocrx_word' id='word_1_619' title='bbox 1596 1791 1623 1813; x_wconf 86' lang='lat' dir='ltr'><strong>et</strong></span> <span class='ocrx_word' id='word_1_620' title='bbox 1646 1786 1839 1821; x_wconf 86' lang='lat' dir='ltr'><strong>prophetarum</strong></span> 
     </span>
    </p>
   </div>
   <div class='ocr_carea' id='block_1_81' title="bbox 1046 1831 1838 1867">
    <p class='ocr_par' dir='ltr' id='par_1_81' title="bbox 1046 1831 1838 1867">
     <span class='ocr_line' id='line_1_81' title="bbox 1046 1831 1838 1867; baseline 0 -8"><span class='ocrx_word' id='word_1_621' title='bbox 1046 1832 1233 1867; x_wconf 82' lang='lat' dir='ltr'><strong>interpretatio</strong></span> <span class='ocrx_word' id='word_1_622' title='bbox 1259 1841 1265 1859; x_wconf 93' lang='lat'><strong>:</strong></span> <span class='ocrx_word' id='word_1_623' title='bbox 1293 1832 1384 1866; x_wconf 79' lang='lat' dir='ltr'><strong>legunt</strong></span> <span class='ocrx_word' id='word_1_624' title='bbox 1410 1831 1502 1858; x_wconf 88' lang='lat' dir='ltr'><strong>omnia</strong></span> <span class='ocrx_word' id='word_1_625' title='bbox 1529 1836 1556 1858; x_wconf 90' lang='lat' dir='ltr'><strong>et</strong></span> <span class='ocrx_word' id='word_1_626' title='bbox 1591 1839 1645 1858; x_wconf 89' lang='lat' dir='ltr'><strong>non</strong></span> <span class='ocrx_word' id='word_1_627' title='bbox 1674 1831 1838 1866; x_wconf 77' lang='lat' dir='ltr'><strong>intelligunt.</strong></span> 
     </span>
    </p>
   </div>
   <div class='ocr_carea' id='block_1_82' title="bbox 1048 1874 1839 1913">
    <p class='ocr_par' dir='ltr' id='par_1_82' title="bbox 1048 1874 1839 1913">
     <span class='ocr_line' id='line_1_82' title="bbox 1048 1874 1839 1913; baseline -0.001 -9"><span class='ocrx_word' id='word_1_628' title='bbox 1048 1877 1159 1913; x_wconf 74' lang='lat' dir='ltr'><strong>Expleta</strong></span> <span class='ocrx_word' id='word_1_629' title='bbox 1174 1881 1214 1904; x_wconf 87' lang='lat' dir='ltr'><strong>est</strong></span> <span class='ocrx_word' id='word_1_630' title='bbox 1230 1876 1274 1903; x_wconf 90' lang='lat' dir='ltr'><strong>illa</strong></span> <span class='ocrx_word' id='word_1_631' title='bbox 1295 1880 1357 1910; x_wconf 89' lang='lat' dir='ltr'><strong>post</strong></span> <span class='ocrx_word' id='word_1_632' title='bbox 1378 1874 1526 1903; x_wconf 82' lang='lat' dir='ltr'><strong>adventum</strong></span> <span class='ocrx_word' id='word_1_633' title='bbox 1543 1874 1650 1902; x_wconf 87' lang='lat' dir='ltr'><strong>Domini</strong></span> <span class='ocrx_word' id='word_1_634' title='bbox 1671 1875 1812 1910; x_wconf 84' lang='lat' dir='ltr'><strong>prophetia</strong></span> <span class='ocrx_word' id='word_1_635' title='bbox 1830 1884 1839 1903; x_wconf 91' lang='lat'><strong>:</strong></span> 
     </span>
    </p>
   </div>
   <div class='ocr_carea' id='block_1_83' title="bbox 1047 1921 1841 1958">
    <p class='ocr_par' dir='ltr' id='par_1_83' title="bbox 1047 1921 1841 1958">
     <span class='ocr_line' id='line_1_83' title="bbox 1047 1921 1841 1958; baseline 0 -9"><span class='ocrx_word' id='word_1_636' title='bbox 1047 1923 1097 1950; x_wconf 83' lang='lat' dir='ltr'><strong>Dic</strong></span> <span class='ocrx_word' id='word_1_637' title='bbox 1112 1922 1207 1958; x_wconf 84' lang='lat' dir='ltr'><strong>populo</strong></span> <span class='ocrx_word' id='word_1_638' title='bbox 1220 1922 1280 1948; x_wconf 80' lang='lat' dir='ltr'><strong>huic</strong></span> <span class='ocrx_word' id='word_1_639' title='bbox 1302 1930 1310 1948; x_wconf 94' lang='lat'><em>:</em></span> <span class='ocrx_word' id='word_1_640' title='bbox 1331 1921 1473 1948; x_wconf 79' lang='lat' dir='ltr'><strong>Auditione</strong></span> <span class='ocrx_word' id='word_1_641' title='bbox 1495 1921 1620 1955; x_wconf 73' lang='lat' dir='ltr'><strong>audietis,</strong></span> <span class='ocrx_word' id='word_1_642' title='bbox 1643 1926 1668 1948; x_wconf 85' lang='lat' dir='ltr'><strong>et</strong></span> <span class='ocrx_word' id='word_1_643' title='bbox 1689 1930 1740 1948; x_wconf 87' lang='lat' dir='ltr'><strong>non</strong></span> <span class='ocrx_word' id='word_1_644' title='bbox 1762 1922 1841 1949; x_wconf 70' lang='lat' dir='ltr'><strong>inte!—</strong></span> 
     </span>
    </p>
   </div>
   <div class='ocr_carea' id='block_1_84' title="bbox 1046 1966 1841 2004">
    <p class='ocr_par' dir='ltr' id='par_1_84' title="bbox 1046 1966 1841 2004">
     <span class='ocr_line' id='line_1_84' title="bbox 1046 1966 1841 2004; baseline -0.003 -8"><span class='ocrx_word' id='word_1_645' title='bbox 1046 1969 1141 2004; x_wconf 78' lang='lat' dir='ltr'><strong>ligctis,</strong></span> <span class='ocrx_word' id='word_1_646' title='bbox 1163 1973 1187 1995; x_wconf 87' lang='lat' dir='ltr'><strong>et</strong></span> <span class='ocrx_word' id='word_1_647' title='bbox 1200 1971 1331 1995; x_wconf 77' lang='lat' dir='ltr'><strong>cernentes</strong></span> <span class='ocrx_word' id='word_1_648' title='bbox 1351 1966 1481 1998; x_wconf 76' lang='lat' dir='ltr'><strong>videbitis.</strong></span> <span class='ocrx_word' id='word_1_649' title='bbox 1496 1972 1521 1994; x_wconf 87' lang='lat' dir='ltr'><strong>et</strong></span> <span class='ocrx_word' id='word_1_650' title='bbox 1544 1975 1595 1993; x_wconf 85' lang='lat' dir='ltr'><strong>non</strong></span> <span class='ocrx_word' id='word_1_651' title='bbox 1618 1967 1716 1999; x_wconf 77' lang='lat' dir='ltr'><strong>scietis,</strong></span> <span class='ocrx_word' id='word_1_652' title='bbox 1736 1967 1841 1994; x_wconf 74' lang='lat' dir='ltr'><strong>incrus-</strong></span> 
     </span>
    </p>
   </div>
   <div class='ocr_carea' id='block_1_85' title="bbox 1046 2010 1838 2046">
    <p class='ocr_par' dir='ltr' id='par_1_85' title="bbox 1046 2010 1838 2046">
     <span class='ocr_line' id='line_1_85' title="bbox 1046 2010 1838 2046; baseline -0.001 -6"><span class='ocrx_word' id='word_1_653' title='bbox 1046 2018 1132 2040; x_wconf 83' lang='lat' dir='ltr'><strong>satum</strong></span> <span class='ocrx_word' id='word_1_654' title='bbox 1153 2017 1192 2040; x_wconf 84' lang='lat' dir='ltr'><strong>est</strong></span> <span class='ocrx_word' id='word_1_655' title='bbox 1207 2012 1277 2039; x_wconf 86' lang='lat' dir='ltr'><strong>enim</strong></span> <span class='ocrx_word' id='word_1_656' title='bbox 1296 2020 1341 2038; x_wconf 83' lang='lat' dir='ltr'><strong>cor</strong></span> <span class='ocrx_word' id='word_1_657' title='bbox 1356 2011 1446 2046; x_wconf 75' lang='lat' dir='ltr'><strong>populi</strong></span> <span class='ocrx_word' id='word_1_658' title='bbox 1458 2011 1537 2045; x_wconf 84' lang='lat' dir='ltr'><strong>hujus</strong></span> <span class='ocrx_word' id='word_1_659' title='bbox 1550 2011 1584 2038; x_wconf 79' lang='grc'><strong>⁸⁸.</strong></span> <span class='ocrx_word' id='word_1_660' title='bbox 1605 2010 1715 2038; x_wconf 86' lang='lat' dir='ltr'><strong>Necnon</strong></span> <span class='ocrx_word' id='word_1_661' title='bbox 1730 2016 1758 2039; x_wconf 87' lang='lat' dir='ltr'><strong>et</strong></span> <span class='ocrx_word' id='word_1_662' title='bbox 1773 2011 1838 2039; x_wconf 81' lang='lat' dir='ltr'><strong>illud</strong></span> 
     </span>
    </p>
   </div>
   <div class='ocr_carea' id='block_1_86' title="bbox 1046 2055 1839 2095">
    <p class='ocr_par' dir='ltr' id='par_1_86' title="bbox 1046 2055 1839 2095">
     <span class='ocr_line' id='line_1_86' title="bbox 1046 2055 1839 2095; baseline -0.005 -8"><span class='ocrx_word' id='word_1_663' title='bbox 1046 2059 1118 2095; x_wconf 88' lang='lat' dir='ltr'><strong>quod</strong></span> <span class='ocrx_word' id='word_1_664' title='bbox 1131 2059 1166 2087; x_wconf 87' lang='lat' dir='ltr'><strong>ab</strong></span> <span class='ocrx_word' id='word_1_665' title='bbox 1182 2058 1251 2086; x_wconf 85' lang='lat' dir='ltr'><strong>Isaia</strong></span> <span class='ocrx_word' id='word_1_666' title='bbox 1263 2058 1364 2085; x_wconf 84' lang='lat' dir='ltr'><strong>dicitur</strong></span> <span class='ocrx_word' id='word_1_667' title='bbox 1374 2057 1398 2073; x_wconf 84' lang='lat'><strong>&quot;</strong></span> <span class='ocrx_word' id='word_1_668' title='bbox 1426 2055 1548 2090; x_wconf 74' lang='lat' dir='ltr'><strong>:Auferet</strong></span> <span class='ocrx_word' id='word_1_669' title='bbox 1563 2056 1692 2083; x_wconf 82' lang='lat' dir='ltr'><strong>Dominus</strong></span> <span class='ocrx_word' id='word_1_670' title='bbox 1710 2065 1726 2083; x_wconf 79' lang='grc' dir='ltr'><strong>α</strong></span> <span class='ocrx_word' id='word_1_671' title='bbox 1742 2056 1839 2084; x_wconf 71' lang='grc' dir='ltr'>Ιηάιινι</span> 
     </span>
    </p>
   </div>
   <div class='ocr_carea' id='block_1_87' title="bbox 1045 2102 1838 2136">
    <p class='ocr_par' dir='ltr' id='par_1_87' title="bbox 1045 2102 1838 2136">
     <span class='ocr_line' id='line_1_87' title="bbox 1045 2102 1838 2136; baseline -0.004 -5"><span class='ocrx_word' id='word_1_672' title='bbox 1045 2109 1071 2131; x_wconf 88' lang='lat' dir='ltr'><strong>et</strong></span> <span class='ocrx_word' id='word_1_673' title='bbox 1091 2104 1123 2131; x_wconf 85' lang='lat' dir='ltr'><strong>ab</strong></span> <span class='ocrx_word' id='word_1_674' title='bbox 1142 2103 1291 2131; x_wconf 80' lang='lat' dir='ltr'><strong>Jerusalem</strong></span> <span class='ocrx_word' id='word_1_675' title='bbox 1308 2102 1425 2130; x_wconf 70' lang='lat' dir='ltr'><strong>validum</strong></span> <span class='ocrx_word' id='word_1_676' title='bbox 1446 2106 1471 2129; x_wconf 84' lang='lat' dir='ltr'><strong>et</strong></span> <span class='ocrx_word' id='word_1_677' title='bbox 1491 2102 1609 2129; x_wconf 76' lang='lat' dir='ltr'><strong>ualidam</strong></span> <span class='ocrx_word' id='word_1_678' title='bbox 1623 2123 1631 2135; x_wconf 84' lang='lat'><strong>,</strong></span> <span class='ocrx_word' id='word_1_679' title='bbox 1659 2102 1790 2136; x_wconf 77' lang='lat' dir='ltr'><strong>gigantem</strong></span> <span class='ocrx_word' id='word_1_680' title='bbox 1814 2107 1838 2128; x_wconf 93' lang='lat' dir='ltr'><strong>et</strong></span> 
     </span>
    </p>
   </div>
   <div class='ocr_carea' id='block_1_88' title="bbox 1046 2147 1840 2183">
    <p class='ocr_par' dir='ltr' id='par_1_88' title="bbox 1046 2147 1840 2183">
     <span class='ocr_line' id='line_1_88' title="bbox 1046 2147 1840 2183; baseline -0.003 -7"><span class='ocrx_word' id='word_1_681' title='bbox 1046 2150 1176 2176; x_wconf 79' lang='lat' dir='ltr'><strong>hominem</strong></span> <span class='ocrx_word' id='word_1_682' title='bbox 1197 2148 1360 2182; x_wconf 73' lang='lat' dir='ltr'><strong>bellatorem,</strong></span> <span class='ocrx_word' id='word_1_683' title='bbox 1376 2153 1400 2175; x_wconf 84' lang='lat' dir='ltr'><strong>et</strong></span> <span class='ocrx_word' id='word_1_684' title='bbox 1419 2148 1548 2183; x_wconf 75' lang='lat' dir='ltr'><strong>judicent,</strong></span> <span class='ocrx_word' id='word_1_685' title='bbox 1562 2147 1726 2182; x_wconf 75' lang='lat' dir='ltr'><strong>prophetam,</strong></span> <span class='ocrx_word' id='word_1_686' title='bbox 1748 2153 1772 2174; x_wconf 86' lang='lat' dir='ltr'><strong>et</strong></span> <span class='ocrx_word' id='word_1_687' title='bbox 1794 2156 1840 2174; x_wconf 84' lang='lat' dir='ltr'><strong>ar-</strong></span> 
     </span>
    </p>
   </div>
   <div class='ocr_carea' id='block_1_89' title="bbox 1048 2193 1840 2228">
    <p class='ocr_par' dir='ltr' id='par_1_89' title="bbox 1048 2193 1840 2228">
     <span class='ocr_line' id='line_1_89' title="bbox 1048 2193 1840 2228; baseline -0.001 -6"><span class='ocrx_word' id='word_1_688' title='bbox 1048 2196 1154 2228; x_wconf 81' lang='lat' dir='ltr'><strong>bitrum,</strong></span> <span class='ocrx_word' id='word_1_689' title='bbox 1173 2195 1359 2227; x_wconf 72' lang='lat' dir='ltr'><strong>architectum,</strong></span> <span class='ocrx_word' id='word_1_690' title='bbox 1383 2198 1408 2220; x_wconf 87' lang='lat' dir='ltr'><strong>et</strong></span> <span class='ocrx_word' id='word_1_691' title='bbox 1428 2194 1573 2228; x_wconf 78' lang='lat' dir='ltr'><strong>sapientem</strong></span> <span class='ocrx_word' id='word_1_692' title='bbox 1598 2193 1757 2220; x_wconf 79' lang='lat' dir='ltr'><strong>auditorem.</strong></span> <span class='ocrx_word' id='word_1_693' title='bbox 1778 2193 1840 2221; x_wconf 67' lang='lat' dir='ltr'><strong>Haec</strong></span> 
     </span>
    </p>
   </div>
   <div class='ocr_carea' id='block_1_90' title="bbox 205 2239 995 2282">
    <p class='ocr_par' dir='ltr' id='par_1_90' title="bbox 205 2244 995 2282">
     <span class='ocr_line' id='line_1_90' title="bbox 205 2244 995 2282; baseline 0.001 -10"><span class='ocrx_word' id='word_1_694' title='bbox 205 2244 376 2278; x_wconf 63' lang='grc' dir='ltr'>,βλέποντες</span> <span class='ocrx_word' id='word_1_695' title='bbox 387 2245 530 2279; x_wconf 70' lang='grc' dir='ltr'>βλέψετε,</span> <span class='ocrx_word' id='word_1_696' title='bbox 554 2247 602 2273; x_wconf 79' lang='grc' dir='ltr'>καὶ</span> <span class='ocrx_word' id='word_1_697' title='bbox 619 2247 655 2273; x_wconf 79' lang='grc' dir='ltr'>οὐ</span> <span class='ocrx_word' id='word_1_698' title='bbox 665 2246 708 2281; x_wconf 73' lang='grc' dir='ltr'><strong>μὴ</strong></span> <span class='ocrx_word' id='word_1_699' title='bbox 732 2247 823 2280; x_wconf 81' lang='grc' dir='ltr'>ἵδητε’</span> <span class='ocrx_word' id='word_1_700' title='bbox 843 2247 995 2282; x_wconf 78' lang='grc' dir='ltr'><strong>ἐπαχύνθη</strong></span> 
     </span>
    </p>
   </div>
   <div class='ocr_carea' id='block_1_91' title="bbox 1046 2239 1840 2282">
    <p class='ocr_par' dir='ltr' id='par_1_91' title="bbox 1050 2239 1840 2275">
     <span class='ocr_line' id='line_1_91' title="bbox 1050 2239 1840 2275; baseline -0.001 -7"><span class='ocrx_word' id='word_1_701' title='bbox 1050 2242 1140 2269; x_wconf 91' lang='lat' dir='ltr'><strong>omnia</strong></span> <span class='ocrx_word' id='word_1_702' title='bbox 1155 2241 1265 2268; x_wconf 85' lang='lat' dir='ltr'><strong>abstulit</strong></span> <span class='ocrx_word' id='word_1_703' title='bbox 1280 2241 1314 2268; x_wconf 84' lang='lat' dir='ltr'><strong>ab</strong></span> <span class='ocrx_word' id='word_1_704' title='bbox 1332 2241 1385 2268; x_wconf 87' lang='lat' dir='ltr'><strong>illis</strong></span> <span class='ocrx_word' id='word_1_705' title='bbox 1406 2240 1485 2272; x_wconf 85' lang='lat' dir='ltr'><strong>Deus,</strong></span> <span class='ocrx_word' id='word_1_706' title='bbox 1502 2244 1529 2266; x_wconf 92' lang='lat' dir='ltr'><strong>et</strong></span> <span class='ocrx_word' id='word_1_707' title='bbox 1545 2239 1624 2266; x_wconf 90' lang='lat' dir='ltr'><strong>nobis</strong></span> <span class='ocrx_word' id='word_1_708' title='bbox 1641 2240 1687 2274; x_wconf 90' lang='lat' dir='ltr'><strong>qui</strong></span> <span class='ocrx_word' id='word_1_709' title='bbox 1701 2248 1735 2267; x_wconf 78' lang='lat' dir='ltr'><strong>ex</strong></span> <span class='ocrx_word' id='word_1_710' title='bbox 1752 2240 1840 2275; x_wconf 79' lang='lat' dir='ltr'><strong>genti-</strong></span> 
     </span>
    </p>
   </div>
   <div class='ocr_carea' id='block_1_92' title="bbox 209 2291 996 2328">
    <p class='ocr_par' dir='ltr' id='par_1_92' title="bbox 209 2291 996 2328">
     <span class='ocr_line' id='line_1_92' title="bbox 209 2291 996 2328; baseline 0.004 -12"><span class='ocrx_word' id='word_1_711' title='bbox 209 2291 263 2324; x_wconf 83' lang='grc' dir='ltr'><strong>γὰρ</strong></span> <span class='ocrx_word' id='word_1_712' title='bbox 280 2291 298 2325; x_wconf 79' lang='grc' dir='ltr'>ἡ</span> <span class='ocrx_word' id='word_1_713' title='bbox 314 2291 421 2325; x_wconf 82' lang='grc' dir='ltr'>καρδιά</span> <span class='ocrx_word' id='word_1_714' title='bbox 441 2291 494 2318; x_wconf 81' lang='grc' dir='ltr'><strong>τοῦ</strong></span> <span class='ocrx_word' id='word_1_715' title='bbox 512 2292 589 2318; x_wconf 71' lang='grc' dir='ltr'>λαοῦ</span> <span class='ocrx_word' id='word_1_716' title='bbox 613 2293 731 2319; x_wconf 78' lang='grc' dir='ltr'>τούτου·</span> <span class='ocrx_word' id='word_1_717' title='bbox 758 2293 935 2328; x_wconf 79' lang='grc' dir='ltr'>πεπλήρωται</span> <span class='ocrx_word' id='word_1_718' title='bbox 951 2293 996 2319; x_wconf 68' lang='grc' dir='ltr'>καὶ</span> 
     </span>
    </p>
   </div>
   <div class='ocr_carea' id='block_1_93' title="bbox 209 2336 997 2373">
    <p class='ocr_par' dir='ltr' id='par_1_93' title="bbox 209 2336 997 2373">
     <span class='ocr_line' id='line_1_93' title="bbox 209 2336 997 2373; baseline 0.003 -11"><span class='ocrx_word' id='word_1_719' title='bbox 209 2336 239 2362; x_wconf 78' lang='grc' dir='ltr'>τὸ</span> <span class='ocrx_word' id='word_1_720' title='bbox 251 2336 395 2373; x_wconf 81' lang='grc' dir='ltr'>εἰρημένον</span> <span class='ocrx_word' id='word_1_721' title='bbox 413 2337 464 2362; x_wconf 75' lang='grc' dir='ltr'><strong>ὑπὸ</strong></span> <span class='ocrx_word' id='word_1_722' title='bbox 480 2336 527 2363; x_wconf 82' lang='grc' dir='ltr'><strong>τοῦ</strong></span> <span class='ocrx_word' id='word_1_723' title='bbox 550 2337 672 2370; x_wconf 77' lang='grc' dir='ltr'>Ἰισαῖου,</span> <span class='ocrx_word' id='word_1_724' title='bbox 694 2338 745 2369; x_wconf 80' lang='grc' dir='ltr'>ὅτι,</span> <span class='ocrx_word' id='word_1_725' title='bbox 768 2338 882 2372; x_wconf 56' lang='grc' dir='ltr'>Ἀμελεῖ</span> <span class='ocrx_word' id='word_1_726' title='bbox 890 2338 997 2371; x_wconf 76' lang='grc' dir='ltr'>Κύριος</span> 
     </span>
    </p>
   </div>
   <div class='ocr_carea' id='block_1_94' title="bbox 208 2381 997 2418">
    <p class='ocr_par' dir='ltr' id='par_1_94' title="bbox 208 2381 997 2418">
     <span class='ocr_line' id='line_1_94' title="bbox 208 2381 997 2418; baseline 0.003 -10"><span class='ocrx_word' id='word_1_727' title='bbox 208 2382 266 2408; x_wconf 80' lang='grc' dir='ltr'><strong>ἀπὸ</strong></span> <span class='ocrx_word' id='word_1_728' title='bbox 300 2381 352 2415; x_wconf 84' lang='grc' dir='ltr'><strong>τῆς</strong></span> <span class='ocrx_word' id='word_1_729' title='bbox 387 2382 529 2415; x_wconf 81' lang='grc' dir='ltr'><strong>Ἰουδαίας</strong></span> <span class='ocrx_word' id='word_1_730' title='bbox 554 2383 603 2409; x_wconf 78' lang='grc' dir='ltr'>καὶ</span> <span class='ocrx_word' id='word_1_731' title='bbox 636 2383 694 2410; x_wconf 72' lang='grc' dir='ltr'><strong>ἀπὸ</strong></span> <span class='ocrx_word' id='word_1_732' title='bbox 724 2383 779 2418; x_wconf 77' lang='grc' dir='ltr'>τῆς</span> <span class='ocrx_word' id='word_1_733' title='bbox 806 2383 997 2418; x_wconf 74' lang='grc' dir='ltr'>Ἰερουσαλὴμ</span> 
     </span>
    </p>
   </div>
   <div class='ocr_carea' id='block_1_95' title="bbox 209 2428 996 2463">
    <p class='ocr_par' dir='ltr' id='par_1_95' title="bbox 209 2428 996 2463">
     <span class='ocr_line' id='line_1_95' title="bbox 209 2428 996 2463; baseline 0.003 -10"><span class='ocrx_word' id='word_1_734' title='bbox 209 2428 357 2462; x_wconf 60' lang='lat' dir='ltr'><strong>laxum-ta</strong></span> <span class='ocrx_word' id='word_1_735' title='bbox 380 2428 428 2454; x_wconf 77' lang='grc' dir='ltr'>καὶ</span> <span class='ocrx_word' id='word_1_736' title='bbox 455 2429 635 2463; x_wconf 76' lang='grc' dir='ltr'><strong>ἰσχύουσαν,</strong></span> <span class='ocrx_word' id='word_1_737' title='bbox 654 2429 778 2463; x_wconf 71' lang='grc' dir='ltr'>γίγαντα</span> <span class='ocrx_word' id='word_1_738' title='bbox 808 2429 857 2455; x_wconf 79' lang='grc' dir='ltr'>καὶ</span> <span class='ocrx_word' id='word_1_739' title='bbox 875 2431 996 2463; x_wconf 80' lang='grc' dir='ltr'>πολεμι-</span> 
     </span>
    </p>
   </div>
   <div class='ocr_carea' id='block_1_96' title="bbox 209 2474 995 2509">
    <p class='ocr_par' dir='ltr' id='par_1_96' title="bbox 209 2474 995 2509">
     <span class='ocr_line' id='line_1_96' title="bbox 209 2474 995 2509; baseline 0 -8"><span class='ocrx_word' id='word_1_740' title='bbox 209 2474 289 2508; x_wconf 81' lang='grc' dir='ltr'>στὴν</span> <span class='ocrx_word' id='word_1_741' title='bbox 315 2474 480 2508; x_wconf 80' lang='grc' dir='ltr'>ἄνθρωπον,</span> <span class='ocrx_word' id='word_1_742' title='bbox 505 2475 654 2509; x_wconf 79' lang='grc' dir='ltr'>δικαστὴν</span> <span class='ocrx_word' id='word_1_743' title='bbox 678 2476 726 2502; x_wconf 77' lang='grc' dir='ltr'>καὶ</span> <span class='ocrx_word' id='word_1_744' title='bbox 751 2475 919 2509; x_wconf 64' lang='grc' dir='ltr'>προφήτην,</span> <span class='ocrx_word' id='word_1_745' title='bbox 947 2476 995 2502; x_wconf 77' lang='grc' dir='ltr'>καὶ</span> 
     </span>
    </p>
   </div>
   <div class='ocr_carea' id='block_1_97' title="bbox 209 2520 997 2555">
    <p class='ocr_par' dir='ltr' id='par_1_97' title="bbox 209 2520 997 2555">
     <span class='ocr_line' id='line_1_97' title="bbox 209 2520 997 2555; baseline 0 -8"><span class='ocrx_word' id='word_1_746' title='bbox 209 2520 397 2555; x_wconf 78' lang='grc' dir='ltr'>στοχαστὴν,</span> <span class='ocrx_word' id='word_1_747' title='bbox 413 2522 462 2548; x_wconf 74' lang='grc' dir='ltr'><strong>καὶ</strong></span> <span class='ocrx_word' id='word_1_748' title='bbox 487 2522 586 2555; x_wconf 71' lang='grc' dir='ltr'>σοφὸν</span> <span class='ocrx_word' id='word_1_749' title='bbox 607 2520 813 2555; x_wconf 77' lang='grc' dir='ltr'>ἀρχιτέκτονα,</span> <span class='ocrx_word' id='word_1_750' title='bbox 843 2522 891 2549; x_wconf 79' lang='grc' dir='ltr'>καὶ</span> <span class='ocrx_word' id='word_1_751' title='bbox 908 2529 997 2548; x_wconf 84' lang='grc' dir='ltr'>συνε-</span> 
     </span>
    </p>
   </div>
   <div class='ocr_carea' id='block_1_98' title="bbox 210 2565 998 2601">
    <p class='ocr_par' dir='ltr' id='par_1_98' title="bbox 210 2565 998 2601">
     <span class='ocr_line' id='line_1_98' title="bbox 210 2565 998 2601; baseline 0.001 -10"><span class='ocrx_word' id='word_1_752' title='bbox 210 2565 262 2591; x_wconf 80' lang='grc' dir='ltr'>τὸν</span> <span class='ocrx_word' id='word_1_753' title='bbox 284 2565 446 2599; x_wconf 73' lang='grc' dir='ltr'>ἀκροατήν.</span> <span class='ocrx_word' id='word_1_754' title='bbox 481 2565 575 2592; x_wconf 83' lang='grc' dir='ltr'>Ταῦτα</span> <span class='ocrx_word' id='word_1_755' title='bbox 603 2567 689 2593; x_wconf 80' lang='grc' dir='ltr'>πάντα</span> <span class='ocrx_word' id='word_1_756' title='bbox 715 2566 823 2601; x_wconf 79' lang='grc' dir='ltr'>ἀφεῖλεν</span> <span class='ocrx_word' id='word_1_757' title='bbox 839 2568 854 2594; x_wconf 93' lang='lat'><strong>6</strong></span> <span class='ocrx_word' id='word_1_758' title='bbox 870 2567 936 2599; x_wconf 77' lang='grc' dir='ltr'>Θεὸς</span> <span class='ocrx_word' id='word_1_759' title='bbox 950 2568 998 2594; x_wconf 79' lang='grc' dir='ltr'><strong>ἀπ’</strong></span> 
     </span>
    </p>
   </div>
   <div class='ocr_carea' id='block_1_99' title="bbox 211 2611 998 2648">
    <p class='ocr_par' dir='ltr' id='par_1_99' title="bbox 211 2611 998 2648">
     <span class='ocr_line' id='line_1_99' title="bbox 211 2611 998 2648; baseline 0.004 -11"><span class='ocrx_word' id='word_1_760' title='bbox 211 2611 335 2643; x_wconf 74' lang='grc' dir='ltr'>ἐκείνων,</span> <span class='ocrx_word' id='word_1_761' title='bbox 351 2611 398 2638; x_wconf 81' lang='grc' dir='ltr'><strong>καὶ</strong></span> <span class='ocrx_word' id='word_1_762' title='bbox 414 2611 514 2638; x_wconf 71' lang='grc' dir='ltr'>ἔδωκεν</span> <span class='ocrx_word' id='word_1_763' title='bbox 526 2612 690 2646; x_wconf 83' lang='grc' dir='ltr'>Εὑαγγέλιον</span> <span class='ocrx_word' id='word_1_764' title='bbox 707 2613 772 2648; x_wconf 86' lang='grc' dir='ltr'>ήμῐν</span> <span class='ocrx_word' id='word_1_765' title='bbox 788 2614 844 2645; x_wconf 81' lang='grc' dir='ltr'>τοῖς</span> <span class='ocrx_word' id='word_1_766' title='bbox 864 2613 917 2640; x_wconf 78' lang='grc' dir='ltr'><strong>ἀπὸ</strong></span> <span class='ocrx_word' id='word_1_767' title='bbox 944 2612 998 2640; x_wconf 78' lang='grc' dir='ltr'><strong>τῶν</strong></span> 
     </span>
    </p>
   </div>
   <div class='ocr_carea' id='block_1_100' title="bbox 210 2656 1002 2692">
    <p class='ocr_par' dir='ltr' id='par_1_100' title="bbox 210 2656 1002 2692">
     <span class='ocr_line' id='line_1_100' title="bbox 210 2656 1002 2692; baseline 0.003 -9"><span class='ocrx_word' id='word_1_768' title='bbox 210 2656 305 2683; x_wconf 79' lang='grc' dir='ltr'>ἐθνῶν·</span> <span class='ocrx_word' id='word_1_769' title='bbox 322 2656 409 2684; x_wconf 80' lang='grc' dir='ltr'>ταῦτα</span> <span class='ocrx_word' id='word_1_770' title='bbox 420 2657 464 2684; x_wconf 82' lang='grc' dir='ltr'><strong>διὰ</strong></span> <span class='ocrx_word' id='word_1_771' title='bbox 480 2658 520 2690; x_wconf 83' lang='grc' dir='ltr'><strong>τὸ,</strong></span> <span class='ocrx_word' id='word_1_772' title='bbox 539 2658 594 2684; x_wconf 76' lang='grc' dir='ltr'><strong>Καὶ</strong></span> <span class='ocrx_word' id='word_1_773' title='bbox 612 2658 683 2691; x_wconf 85' lang='grc' dir='ltr'>τοὺς</span> <span class='ocrx_word' id='word_1_774' title='bbox 696 2659 867 2692; x_wconf 84' lang='grc' dir='ltr'>θησαυρούς</span> <span class='ocrx_word' id='word_1_775' title='bbox 883 2667 941 2685; x_wconf 88' lang='grc' dir='ltr'>σου</span> <span class='ocrx_word' id='word_1_776' title='bbox 955 2660 1002 2691; x_wconf 83' lang='grc' dir='ltr'>εΙς</span> 
     </span>
    </p>
   </div>
   <div class='ocr_carea' id='block_1_101' title="bbox 210 2702 998 2738">
    <p class='ocr_par' dir='ltr' id='par_1_101' title="bbox 210 2702 998 2738">
     <span class='ocr_line' id='line_1_101' title="bbox 210 2702 998 2738; baseline 0.003 -9"><span class='ocrx_word' id='word_1_777' title='bbox 210 2703 365 2738; x_wconf 76' lang='grc' dir='ltr'>προνομὴν</span> <span class='ocrx_word' id='word_1_778' title='bbox 395 2702 491 2735; x_wconf 84' lang='grc' dir='ltr'>δώσω,</span> <span class='ocrx_word' id='word_1_779' title='bbox 516 2703 712 2738; x_wconf 65' lang='grc' dir='ltr'><strong>ἀντάλλαγμα</strong></span> <span class='ocrx_word' id='word_1_780' title='bbox 743 2703 792 2731; x_wconf 81' lang='grc' dir='ltr'>διὰ</span> <span class='ocrx_word' id='word_1_781' title='bbox 822 2703 924 2737; x_wconf 77' lang='grc' dir='ltr'>πάσας</span> <span class='ocrx_word' id='word_1_782' title='bbox 945 2704 998 2737; x_wconf 81' lang='grc' dir='ltr'><strong>τὰς</strong></span> 
     </span>
    </p>
   </div>
   <div class='ocr_carea' id='block_1_102' title="bbox 245 2772 701 2805">
    <p class='ocr_par' dir='ltr' id='par_1_102' title="bbox 245 2772 701 2805">
     <span class='ocr_line' id='line_1_102' title="bbox 245 2772 701 2805; baseline 0.002 -6"><span class='ocrx_word' id='word_1_783' title='bbox 245 2773 267 2787; x_wconf 89' lang='lat'>&quot;</span> <span class='ocrx_word' id='word_1_784' title='bbox 280 2772 379 2799; x_wconf 85' lang='lat' dir='ltr'><strong>Jerem.</strong></span> <span class='ocrx_word' id='word_1_785' title='bbox 395 2772 496 2805; x_wconf 64' lang='lat'><strong>“,12.</strong></span> <span class='ocrx_word' id='word_1_786' title='bbox 541 2773 564 2788; x_wconf 80' lang='grc'><strong>⁸³</strong></span> <span class='ocrx_word' id='word_1_787' title='bbox 578 2773 642 2800; x_wconf 83' lang='lat' dir='ltr'><strong>ibid.</strong></span> <span class='ocrx_word' id='word_1_788' title='bbox 659 2773 701 2800; x_wconf 77' lang='grc'><strong>13.</strong></span> 
     </span>
    </p>
   </div>
   <div class='ocr_carea' id='block_1_103' title="bbox 210 2806 483 2839">
    <p class='ocr_par' dir='ltr' id='par_1_103' title="bbox 210 2806 483 2839">
     <span class='ocr_line' id='line_1_103' title="bbox 210 2806 483 2839; baseline 0.007 -6"><span class='ocrx_word' id='word_1_789' title='bbox 210 2806 232 2822; x_wconf 86' lang='grc'><strong>⁵⁷</strong></span> <span class='ocrx_word' id='word_1_790' title='bbox 250 2806 350 2833; x_wconf 78' lang='lat' dir='ltr'><strong>Jerem.</strong></span> <span class='ocrx_word' id='word_1_791' title='bbox 366 2814 411 2839; x_wconf 75' lang='lat' dir='ltr'><strong>xv,</strong></span> <span class='ocrx_word' id='word_1_792' title='bbox 439 2808 483 2835; x_wconf 76' lang='lat' dir='ltr'><strong>t3.</strong></span> 
     </span>
    </p>
   </div>
   <div class='ocr_carea' id='block_1_104' title="bbox 246 2865 997 2901">
    <p class='ocr_par' dir='ltr' id='par_1_104' title="bbox 246 2865 997 2901">
     <span class='ocr_line' id='line_1_104' title="bbox 246 2865 997 2901; baseline 0.005 -11"><span class='ocrx_word' id='word_1_793' title='bbox 246 2865 284 2895; x_wconf 73' lang='lat' dir='ltr'><strong>tl)</strong></span> <span class='ocrx_word' id='word_1_794' title='bbox 302 2865 499 2901; x_wconf 48' lang='lat' dir='ltr'><strong>futtilique</strong></span> <span class='ocrx_word' id='word_1_795' title='bbox 516 2865 562 2892; x_wconf 78' lang='grc' dir='ltr'>διὰ</span> <span class='ocrx_word' id='word_1_796' title='bbox 581 2866 681 2898; x_wconf 78' lang='grc' dir='ltr'>πάσας,</span> <span class='ocrx_word' id='word_1_797' title='bbox 703 2871 730 2893; x_wconf 85' lang='lat' dir='ltr'><strong>et</strong></span> <span class='ocrx_word' id='word_1_798' title='bbox 743 2871 840 2894; x_wconf 71' lang='lat' dir='ltr'><strong>czetera</strong></span> <span class='ocrx_word' id='word_1_799' title='bbox 856 2875 944 2901; x_wconf 85' lang='lat' dir='ltr'><strong>usque</strong></span> <span class='ocrx_word' id='word_1_800' title='bbox 964 2867 997 2894; x_wconf 81' lang='lat' dir='ltr'><strong>ad</strong></span> 
     </span>
    </p>
   </div>
   <div class='ocr_carea' id='block_1_105' title="bbox 212 2899 998 2937">
    <p class='ocr_par' dir='ltr' id='par_1_105' title="bbox 212 2899 998 2937">
     <span class='ocr_line' id='line_1_105' title="bbox 212 2899 998 2937; baseline 0.005 -12"><span class='ocrx_word' id='word_1_801' title='bbox 212 2899 322 2933; x_wconf 73' lang='grc' dir='ltr'>πότερόν</span> <span class='ocrx_word' id='word_1_802' title='bbox 336 2908 400 2927; x_wconf 72' lang='grc' dir='ltr'>ποτε</span> <span class='ocrx_word' id='word_1_803' title='bbox 424 2901 449 2927; x_wconf 92' lang='lat' dir='ltr'><strong>in</strong></span> <span class='ocrx_word' id='word_1_804' title='bbox 464 2899 693 2935; x_wconf 72' lang='lat' dir='ltr'><strong>interpretatione</strong></span> <span class='ocrx_word' id='word_1_805' title='bbox 714 2901 870 2937; x_wconf 81' lang='lat' dir='ltr'><strong>Hieronymi</strong></span> <span class='ocrx_word' id='word_1_806' title='bbox 891 2899 998 2929; x_wconf 78' lang='lat' dir='ltr'><strong>deside-</strong></span> 
     </span>
    </p>
   </div>
   <div class='ocr_carea' id='block_1_106' title="bbox 758 2774 1031 2806">
    <p class='ocr_par' dir='ltr' id='par_1_106' title="bbox 758 2774 1031 2806">
     <span class='ocr_line' id='line_1_106' title="bbox 758 2774 1031 2806; baseline 0 -6"><span class='ocrx_word' id='word_1_807' title='bbox 758 2774 781 2788; x_wconf 75' lang='lat'><strong>“</strong></span> <span class='ocrx_word' id='word_1_808' title='bbox 793 2774 889 2800; x_wconf 82' lang='lat' dir='ltr'><strong>Matth.</strong></span> <span class='ocrx_word' id='word_1_809' title='bbox 911 2781 968 2806; x_wconf 78' lang='lat' dir='ltr'><strong>xxt,</strong></span> <span class='ocrx_word' id='word_1_810' title='bbox 986 2774 1031 2800; x_wconf 67' lang='grc'><strong>45.</strong></span> 
     </span>
    </p>
   </div>
   <div class='ocr_carea' id='block_1_107' title="bbox 1050 2285 1839 2321">
    <p class='ocr_par' dir='ltr' id='par_1_107' title="bbox 1050 2285 1839 2321">
     <span class='ocr_line' id='line_1_107' title="bbox 1050 2285 1839 2321; baseline -0.001 -7"><span class='ocrx_word' id='word_1_811' title='bbox 1050 2287 1101 2314; x_wconf 90' lang='lat' dir='ltr'><strong>bus</strong></span> <span class='ocrx_word' id='word_1_812' title='bbox 1118 2295 1224 2319; x_wconf 88' lang='lat' dir='ltr'><strong>sumus,</strong></span> <span class='ocrx_word' id='word_1_813' title='bbox 1243 2287 1266 2314; x_wconf 92' lang='lat' dir='ltr'><strong>si</strong></span> <span class='ocrx_word' id='word_1_814' title='bbox 1280 2291 1370 2313; x_wconf 86' lang='lat' dir='ltr'><strong>tamen</strong></span> <span class='ocrx_word' id='word_1_815' title='bbox 1387 2286 1511 2321; x_wconf 85' lang='lat' dir='ltr'><strong>accipere</strong></span> <span class='ocrx_word' id='word_1_816' title='bbox 1523 2285 1703 2318; x_wconf 82' lang='lat' dir='ltr'><strong>voluerimus,</strong></span> <span class='ocrx_word' id='word_1_817' title='bbox 1718 2286 1839 2313; x_wconf 81' lang='lat' dir='ltr'><strong>tradidit.</strong></span> 
     </span>
    </p>
   </div>
   <div class='ocr_carea' id='block_1_108' title="bbox 1052 2332 1841 2366">
    <p class='ocr_par' dir='ltr' id='par_1_108' title="bbox 1052 2332 1841 2366">
     <span class='ocr_line' id='line_1_108' title="bbox 1052 2332 1841 2366; baseline 0 -7"><span class='ocrx_word' id='word_1_818' title='bbox 1052 2332 1086 2359; x_wconf 83' lang='lat' dir='ltr'><strong>Et</strong></span> <span class='ocrx_word' id='word_1_819' title='bbox 1102 2332 1236 2359; x_wconf 73' lang='lat' dir='ltr'><strong>thesauros</strong></span> <span class='ocrx_word' id='word_1_820' title='bbox 1254 2335 1312 2358; x_wconf 88' lang='lat' dir='ltr'><strong>tuos</strong></span> <span class='ocrx_word' id='word_1_821' title='bbox 1324 2332 1351 2359; x_wconf 77' lang='lat' dir='ltr'><strong>in</strong></span> <span class='ocrx_word' id='word_1_822' title='bbox 1365 2332 1587 2366; x_wconf 68' lang='lat' dir='ltr'><strong>depraedationem</strong></span> <span class='ocrx_word' id='word_1_823' title='bbox 1603 2332 1681 2363; x_wconf 78' lang='lat' dir='ltr'><strong>dabo,</strong></span> <span class='ocrx_word' id='word_1_824' title='bbox 1694 2337 1841 2359; x_wconf 71' lang='lat' dir='ltr'><strong>commuta-</strong></span> 
     </span>
    </p>
   </div>
   <div class='ocr_carea' id='block_1_109' title="bbox 1051 2377 1840 2413">
    <p class='ocr_par' dir='ltr' id='par_1_109' title="bbox 1051 2377 1840 2413">
     <span class='ocr_line' id='line_1_109' title="bbox 1051 2377 1840 2413; baseline -0.001 -8"><span class='ocrx_word' id='word_1_825' title='bbox 1051 2380 1147 2406; x_wconf 85' lang='lat' dir='ltr'><strong>tionem</strong></span> <span class='ocrx_word' id='word_1_826' title='bbox 1161 2383 1267 2413; x_wconf 82' lang='lat' dir='ltr'><strong>propter</strong></span> <span class='ocrx_word' id='word_1_827' title='bbox 1279 2378 1367 2404; x_wconf 78' lang='lat' dir='ltr'><strong>omnia</strong></span> <span class='ocrx_word' id='word_1_828' title='bbox 1383 2383 1491 2412; x_wconf 81' lang='lat' dir='ltr'><strong>peccata</strong></span> <span class='ocrx_word' id='word_1_829' title='bbox 1507 2383 1552 2405; x_wconf 87' lang='lat' dir='ltr'><strong>tua</strong></span> <span class='ocrx_word' id='word_1_830' title='bbox 1568 2379 1595 2405; x_wconf 81' lang='lat' dir='ltr'><strong>in</strong></span> <span class='ocrx_word' id='word_1_831' title='bbox 1606 2377 1727 2405; x_wconf 75' lang='lat' dir='ltr'><strong>omnibus</strong></span> <span class='ocrx_word' id='word_1_832' title='bbox 1742 2377 1840 2411; x_wconf 73' lang='lat' dir='ltr'><strong>ﬁnibus</strong></span> 
     </span>
    </p>
   </div>
   <div class='ocr_carea' id='block_1_110' title="bbox 1051 2424 1839 2459">
    <p class='ocr_par' dir='ltr' id='par_1_110' title="bbox 1051 2424 1839 2459">
     <span class='ocr_line' id='line_1_110' title="bbox 1051 2424 1839 2459; baseline -0.003 -7"><span class='ocrx_word' id='word_1_833' title='bbox 1051 2426 1103 2452; x_wconf 78' lang='lat' dir='ltr'><strong>tuis</strong></span> <span class='ocrx_word' id='word_1_834' title='bbox 1118 2426 1151 2452; x_wconf 85' lang='lat'><strong>&quot;.</strong></span> <span class='ocrx_word' id='word_1_835' title='bbox 1171 2424 1248 2458; x_wconf 86' lang='lat' dir='ltr'><strong>Quod</strong></span> <span class='ocrx_word' id='word_1_836' title='bbox 1262 2424 1328 2452; x_wconf 86' lang='lat' dir='ltr'><strong>dicit</strong></span> <span class='ocrx_word' id='word_1_837' title='bbox 1343 2424 1396 2451; x_wconf 88' lang='lat' dir='ltr'><strong>tale</strong></span> <span class='ocrx_word' id='word_1_838' title='bbox 1412 2428 1464 2452; x_wconf 85' lang='lat' dir='ltr'><strong>est.</strong></span> <span class='ocrx_word' id='word_1_839' title='bbox 1484 2424 1535 2451; x_wconf 90' lang='lat' dir='ltr'><strong>Ista</strong></span> <span class='ocrx_word' id='word_1_840' title='bbox 1552 2425 1642 2451; x_wconf 90' lang='lat' dir='ltr'><strong>omnia</strong></span> <span class='ocrx_word' id='word_1_841' title='bbox 1656 2428 1765 2459; x_wconf 80' lang='lat' dir='ltr'><strong>peccata</strong></span> <span class='ocrx_word' id='word_1_842' title='bbox 1783 2428 1839 2456; x_wconf 80' lang='lat' dir='ltr'><strong>tua,</strong></span> 
     </span>
    </p>
   </div>
   <div class='ocr_carea' id='block_1_111' title="bbox 1050 2470 1840 2506">
    <p class='ocr_par' dir='ltr' id='par_1_111' title="bbox 1050 2470 1840 2506">
     <span class='ocr_line' id='line_1_111' title="bbox 1050 2470 1840 2506; baseline -0.001 -8"><span class='ocrx_word' id='word_1_843' title='bbox 1050 2479 1111 2506; x_wconf 80' lang='lat' dir='ltr'><strong>quae</strong></span> <span class='ocrx_word' id='word_1_844' title='bbox 1134 2471 1160 2497; x_wconf 91' lang='lat' dir='ltr'><strong>in</strong></span> <span class='ocrx_word' id='word_1_845' title='bbox 1183 2471 1326 2498; x_wconf 82' lang='lat' dir='ltr'><strong>universos</strong></span> <span class='ocrx_word' id='word_1_846' title='bbox 1348 2471 1416 2499; x_wconf 84' lang='lat' dir='ltr'><strong>lines</strong></span> <span class='ocrx_word' id='word_1_847' title='bbox 1436 2475 1637 2506; x_wconf 85' lang='lat' dir='ltr'><strong>provenerunt.</strong></span> <span class='ocrx_word' id='word_1_848' title='bbox 1664 2471 1712 2498; x_wconf 86' lang='lat' dir='ltr'><strong>tibi</strong></span> <span class='ocrx_word' id='word_1_849' title='bbox 1735 2470 1840 2497; x_wconf 82' lang='lat' dir='ltr'><strong>reddita</strong></span> 
     </span>
    </p>
   </div>
   <div class='ocr_carea' id='block_1_112' title="bbox 1049 2517 1839 2557">
    <p class='ocr_par' dir='ltr' id='par_1_112' title="bbox 1049 2517 1839 2557">
     <span class='ocr_line' id='line_1_112' title="bbox 1049 2517 1839 2557; baseline -0.003 -11"><span class='ocrx_word' id='word_1_850' title='bbox 1049 2523 1122 2547; x_wconf 89' lang='lat' dir='ltr'><strong>sunt.</strong></span> <span class='ocrx_word' id='word_1_851' title='bbox 1141 2517 1238 2546; x_wconf 87' lang='lat' dir='ltr'><strong>Nullus</strong></span> <span class='ocrx_word' id='word_1_852' title='bbox 1249 2517 1349 2552; x_wconf 86' lang='lat' dir='ltr'><strong>quippe</strong></span> <span class='ocrx_word' id='word_1_853' title='bbox 1368 2517 1429 2544; x_wconf 85' lang='lat' dir='ltr'><strong>linis</strong></span> <span class='ocrx_word' id='word_1_854' title='bbox 1448 2517 1522 2545; x_wconf 88' lang='lat' dir='ltr'><strong>illius</strong></span> <span class='ocrx_word' id='word_1_855' title='bbox 1540 2522 1582 2545; x_wconf 90' lang='lat' dir='ltr'><strong>est</strong></span> <span class='ocrx_word' id='word_1_856' title='bbox 1599 2518 1703 2553; x_wconf 87' lang='lat' dir='ltr'><strong>populi.</strong></span> <span class='ocrx_word' id='word_1_857' title='bbox 1720 2517 1769 2552; x_wconf 89' lang='lat' dir='ltr'><strong>qui</strong></span> <span class='ocrx_word' id='word_1_858' title='bbox 1785 2525 1839 2557; x_wconf 81' lang='lat' dir='ltr'><strong>non</strong></span> 
     </span>
    </p>
   </div>
   <div class='ocr_carea' id='block_1_113' title="bbox 1049 2563 1840 2600">
    <p class='ocr_par' dir='ltr' id='par_1_113' title="bbox 1049 2563 1840 2600">
     <span class='ocr_line' id='line_1_113' title="bbox 1049 2563 1840 2600; baseline -0.004 -8"><span class='ocrx_word' id='word_1_859' title='bbox 1049 2564 1168 2600; x_wconf 85' lang='lat' dir='ltr'><strong>peccatis</strong></span> <span class='ocrx_word' id='word_1_860' title='bbox 1182 2564 1243 2599; x_wconf 87' lang='lat' dir='ltr'><strong>ejus</strong></span> <span class='ocrx_word' id='word_1_861' title='bbox 1259 2564 1379 2599; x_wconf 86' lang='lat' dir='ltr'><strong>repletus</strong></span> <span class='ocrx_word' id='word_1_862' title='bbox 1393 2563 1429 2590; x_wconf 87' lang='lat' dir='ltr'><strong>sit</strong></span> <span class='ocrx_word' id='word_1_863' title='bbox 1445 2572 1451 2590; x_wconf 90' lang='lat'><strong>:</strong></span> <span class='ocrx_word' id='word_1_864' title='bbox 1470 2570 1520 2591; x_wconf 90' lang='lat' dir='ltr'><strong>nec</strong></span> <span class='ocrx_word' id='word_1_865' title='bbox 1542 2568 1649 2598; x_wconf 88' lang='lat' dir='ltr'><strong>poterat</strong></span> <span class='ocrx_word' id='word_1_866' title='bbox 1671 2570 1724 2590; x_wconf 90' lang='lat' dir='ltr'><strong>non</strong></span> <span class='ocrx_word' id='word_1_867' title='bbox 1750 2563 1840 2590; x_wconf 86' lang='lat' dir='ltr'><strong>omnis</strong></span> 
     </span>
    </p>
   </div>
   <div class='ocr_carea' id='block_1_114' title="bbox 1049 2608 1837 2645">
    <p class='ocr_par' dir='ltr' id='par_1_114' title="bbox 1049 2608 1837 2645">
     <span class='ocr_line' id='line_1_114' title="bbox 1049 2608 1837 2645; baseline -0.005 -7"><span class='ocrx_word' id='word_1_868' title='bbox 1049 2611 1109 2645; x_wconf 85' lang='lat' dir='ltr'><strong>ejus</strong></span> <span class='ocrx_word' id='word_1_869' title='bbox 1126 2610 1187 2637; x_wconf 83' lang='lat' dir='ltr'><strong>ﬁnis</strong></span> <span class='ocrx_word' id='word_1_870' title='bbox 1203 2610 1322 2645; x_wconf 80' lang='lat' dir='ltr'><strong>peccatis</strong></span> <span class='ocrx_word' id='word_1_871' title='bbox 1336 2609 1445 2644; x_wconf 89' lang='lat' dir='ltr'><strong>repleri,</strong></span> <span class='ocrx_word' id='word_1_872' title='bbox 1465 2609 1522 2644; x_wconf 83' lang='lat' dir='ltr'><strong>qui,</strong></span> <span class='ocrx_word' id='word_1_873' title='bbox 1540 2613 1671 2643; x_wconf 83' lang='lat' dir='ltr'><strong>quantum</strong></span> <span class='ocrx_word' id='word_1_874' title='bbox 1686 2609 1713 2635; x_wconf 94' lang='lat' dir='ltr'><strong>in</strong></span> <span class='ocrx_word' id='word_1_875' title='bbox 1728 2616 1763 2635; x_wconf 87' lang='lat' dir='ltr'><strong>eo</strong></span> <span class='ocrx_word' id='word_1_876' title='bbox 1776 2608 1837 2640; x_wconf 76' lang='lat' dir='ltr'><strong>fuit,</strong></span> 
     </span>
    </p>
   </div>
   <div class='ocr_carea' id='block_1_115' title="bbox 1051 2653 1839 2691">
    <p class='ocr_par' dir='ltr' id='par_1_115' title="bbox 1051 2653 1839 2691">
     <span class='ocr_line' id='line_1_115' title="bbox 1051 2653 1839 2691; baseline -0.006 -7"><span class='ocrx_word' id='word_1_877' title='bbox 1051 2655 1186 2684; x_wconf 77' lang='lat' dir='ltr'><strong>interfecit</strong></span> <span class='ocrx_word' id='word_1_878' title='bbox 1198 2656 1333 2691; x_wconf 80' lang='lat' dir='ltr'><strong>justitiam</strong></span> <span class='ocrx_word' id='word_1_879' title='bbox 1345 2675 1352 2688; x_wconf 88' lang='grc'><strong>,</strong></span> <span class='ocrx_word' id='word_1_880' title='bbox 1368 2655 1391 2683; x_wconf 89' lang='lat' dir='ltr'><strong>si</strong></span> <span class='ocrx_word' id='word_1_881' title='bbox 1413 2660 1454 2683; x_wconf 85' lang='lat' dir='ltr'><strong>est</strong></span> <span class='ocrx_word' id='word_1_882' title='bbox 1468 2655 1593 2682; x_wconf 87' lang='lat' dir='ltr'><strong>Christus</strong></span> <span class='ocrx_word' id='word_1_883' title='bbox 1609 2653 1733 2688; x_wconf 74' lang='lat' dir='ltr'><strong>iustitia;</strong></span> <span class='ocrx_word' id='word_1_884' title='bbox 1755 2653 1839 2680; x_wconf 87' lang='lat' dir='ltr'><strong>inter-</strong></span> 
     </span>
    </p>
   </div>
   <div class='ocr_carea' id='block_1_116' title="bbox 1050 2699 1838 2737">
    <p class='ocr_par' dir='ltr' id='par_1_116' title="bbox 1050 2699 1838 2737">
     <span class='ocr_line' id='line_1_116' title="bbox 1050 2699 1838 2737; baseline -0.003 -8"><span class='ocrx_word' id='word_1_885' title='bbox 1050 2702 1114 2730; x_wconf 73' lang='lat' dir='ltr'><strong>fecit</strong></span> <span class='ocrx_word' id='word_1_886' title='bbox 1127 2702 1307 2737; x_wconf 82' lang='lat' dir='ltr'><strong>sapientiam,</strong></span> <span class='ocrx_word' id='word_1_887' title='bbox 1332 2701 1355 2728; x_wconf 88' lang='lat' dir='ltr'><strong>si</strong></span> <span class='ocrx_word' id='word_1_888' title='bbox 1379 2706 1421 2729; x_wconf 83' lang='lat' dir='ltr'><strong>est</strong></span> <span class='ocrx_word' id='word_1_889' title='bbox 1442 2701 1567 2728; x_wconf 82' lang='lat' dir='ltr'><strong>Christus</strong></span> <span class='ocrx_word' id='word_1_890' title='bbox 1584 2700 1735 2734; x_wconf 77' lang='lat' dir='ltr'><strong>sapientia;</strong></span> <span class='ocrx_word' id='word_1_891' title='bbox 1756 2699 1838 2727; x_wconf 51' lang='lat' dir='ltr'><strong>inter.</strong></span> 
     </span>
    </p>
   </div>
   <div class='ocr_carea' id='block_1_117' title="bbox 1088 2766 1835 2804">
    <p class='ocr_par' dir='ltr' id='par_1_117' title="bbox 1088 2766 1835 2804">
     <span class='ocr_line' id='line_1_117' title="bbox 1088 2766 1835 2804; baseline -0.008 -5"><span class='ocrx_word' id='word_1_892' title='bbox 1088 2773 1111 2789; x_wconf 81' lang='grc'><strong>⁵⁵</strong></span> <span class='ocrx_word' id='word_1_893' title='bbox 1125 2772 1177 2799; x_wconf 90' lang='lat' dir='ltr'><strong>lsa.</strong></span> <span class='ocrx_word' id='word_1_894' title='bbox 1195 2780 1232 2803; x_wconf 80' lang='lat' dir='ltr'><strong>vt,</strong></span> <span class='ocrx_word' id='word_1_895' title='bbox 1249 2771 1284 2804; x_wconf 78' lang='lat'><strong>9;</strong></span> <span class='ocrx_word' id='word_1_896' title='bbox 1309 2770 1404 2797; x_wconf 77' lang='lat' dir='ltr'><strong>Matth.</strong></span> <span class='ocrx_word' id='word_1_897' title='bbox 1422 2777 1481 2801; x_wconf 78' lang='lat' dir='ltr'><strong>xui,</strong></span> <span class='ocrx_word' id='word_1_898' title='bbox 1500 2768 1541 2795; x_wconf 72' lang='grc' dir='ltr'>Ν.</span> <span class='ocrx_word' id='word_1_899' title='bbox 1599 2769 1621 2783; x_wconf 70' lang='grc'><strong>³⁵</strong></span> <span class='ocrx_word' id='word_1_900' title='bbox 1636 2768 1686 2795; x_wconf 85' lang='lat' dir='ltr'><strong>lsa.</strong></span> <span class='ocrx_word' id='word_1_901' title='bbox 1708 2774 1749 2799; x_wconf 87' lang='grc' dir='ltr'>ιιι,</span> <span class='ocrx_word' id='word_1_902' title='bbox 1768 2768 1793 2801; x_wconf 83' lang='lat' dir='ltr'><strong>l,</strong></span> <span class='ocrx_word' id='word_1_903' title='bbox 1809 2766 1835 2794; x_wconf 72' lang='lat'><strong>2.</strong></span> 
     </span>
    </p>
   </div>
   <div class='ocr_carea' id='block_1_118' title="bbox 1052 2871 1662 2933">
    <p class='ocr_par' dir='ltr' id='par_1_118' title="bbox 1052 2871 1662 2933">
     <span class='ocr_line' id='line_1_118' title="bbox 1052 2871 1662 2933; baseline -0.008 -5"><span class='ocrx_word' id='word_1_904' title='bbox 1052 2871 1262 2933; x_wconf 42' lang='grc' dir='ltr'><strong>ΙὫῗκὶτῐῖπμιέτι.</strong></span> <span class='ocrx_word' id='word_1_905' title='bbox 1282 2897 1399 2933; x_wconf 71' lang='lat' dir='ltr'><strong>Legebat</strong></span> <span class='ocrx_word' id='word_1_906' title='bbox 1415 2897 1595 2932; x_wconf 84' lang='lat' dir='ltr'><strong>Hieronymus</strong></span> <span class='ocrx_word' id='word_1_907' title='bbox 1612 2897 1662 2923; x_wconf 73' lang='grc' dir='ltr'>ἱςι.</span> 
     </span>
    </p>
   </div>
  </div>
