4122 6424
459 331 566 382 423
1939 320 2048 375 οιιι

2159 318 2268 374 NIS
3627 315 3726 367 ιιι

462 451 556 518 qui
595 464 714 502 eam
767 445 1128 510 defendimus,
1185 455 1237 499 et
1299 443 1704 513 Scripturarum
1769 442 2042 496 voluntate

2153 442 2356 511 ζομένῳ
2381 441 2598 503 εἰδέναι,
2662 440 2743 492 ὅτι
2776 439 2836 492 οὐ
2883 439 2948 491 δι’
2974 438 3100 491 ἄλλο
3150 455 3200 491 τι
3238 439 3589 512 ὑϐρίζομαιῆ
3643 443 3728 493 δια

463 541 613 596 omni
645 557 767 594 cum
795 539 989 593 fiducia
1019 553 1138 590 eam
1163 535 1540 605 priedicamus.
1567 533 1754 603 Igitur,
1779 544 2040 602 quantum

2153 533 2403 604 Χριστὸν,
2430 533 2488 584 ἐν
2511 531 2773 598 ἀνάγκαις
2803 528 3091 598 γενόμενον
3144 530 3363 596 εἰδέναι,
3392 531 3474 582 ὃτι
3527 531 3562 602 ἡ
3599 531 3723 584 ὑπνὶ·

466 648 789 704 possunius,
821 629 888 682 ad
925 631 1087 682 vitam
1138 627 1546 696 prophetarum,
1578 633 1634 678 et
1674 624 2044 693 apostolorum

2153 624 2296 687 θεσις
2320 623 2426 676 τῶν
2479 622 2792 690 ἀναγκαίων
2840 624 2870 675 6
2902 621 3134 693 Χριστός
3167 623 3334 674 ἐστιν.
3379 622 3482 692 Είη
3517 639 3586 692 με
3617 623 3729 676 λοι-

461 724 938 778 conversationem
979 717 1300 774 imitandam
1350 731 1450 772 nos
1499 717 1876 781 extendamus,
1925 733 2045 770 mo-

2153 715 2469 786 δορούμενον
2502 713 2721 777 ειδέναι,
2755 714 2835 766 ὅτι
2860 715 2892 784 ἡ
2916 712 3184 785 πρόφασις
3215 713 3311 780 τῆς
3339 713 3604 785 λοιδορίας
3631 713 3732 768 οὐκ

468 815 648 869 lestias
669 824 722 868 et
749 813 986 883 pericula
1017 829 1124 866 non
1157 811 1408 864 vitantes.
1448 810 1660 864 Atlileta
1692 808 1838 863 enim
1871 808 1916 862 si
1944 805 2048 861 dif-

2153 803 2293 856 ἐστιν
2320 803 2525 874 ἅλλη,ῆ
2550 805 2632 857 ὅτι
2654 803 2852 856 ἐκδικῶ
2887 802 2984 873 τὴν
3010 805 3290 875 ἀλήθειαν,
3320 809 3415 860 καὶ
3445 807 3734 876 πρεσϐεύω

461 905 758 960 licullatem
791 903 1106 958 certaminis
1140 901 1355 971 fugerit,
1383 915 1506 954 cum
1539 899 1720 954 laetitia
1753 915 1861 954 non
1883 913 2044 954 coro-

467 1006 648 1057 natur,
686 1004 739 1048 et
779 994 953 1049 laudis
984 991 1210 1062 gloriam
1246 1006 1352 1044 non
1389 989 1762 1060 consequitur.

2151 897 2290 966 ὑπὲρ
2319 895 2428 948 τῶν
2465 895 2886 966 γεγραμμένων,
2911 896 3000 950 ἵνα
3018 897 3159 950 κατὰ
3198 898 3352 967 λόγον
3382 899 3516 952 Θεοῦ
3553 899 3731 955 πάντα

2153 987 2390 1056 γίνηται,
2430 989 2525 1041 καὶ
2574 987 2665 1040 διὰ
2713 987 2870 1039 τοῦτο
2905 987 3351 1059 βλασφημοῦμαι.
3410 991 3518 1044 Καὶ
3573 993 3731 1062 ἡμεῖς

464 1082 559 1139 οὖν
593 1087 813 1149 πάντες,
859 1087 960 1154 ὅση
993 1084 1241 1154 δύναμις,
1283 1082 1606 1154 σπεύσωμεν
1658 1084 1752 1136 ἐπὶ
1795 1082 1885 1135 τὸν
1933 1081 2046 1151 βίον
2087 1081 2443 1153 προφητικὸν,
2490 1082 2581 1134 ἐπὶ
2613 1082 2702 1135 τὸν
2731 1082 2844 1152 βίον
2877 1084 2967 1135 τὸν
2992 1085 3366 1148 ἀποστολικὸν,
3394 1086 3484 1138 τὸν
3505 1083 3742 1157 ὀχληρὸν

465 1180 545 1252 μὴ
598 1179 908 1248 φεύγοντες·
953 1177 1190 1248 ἀθλητὴς
1239 1176 1370 1247 γὰρ,
1422 1175 1488 1228 ἃν
1539 1175 1684 1246 φύγῃ
1730 1175 1789 1227 τὸ
1820 1177 1918 1244 τῆς
1948 1170 2511 1246 ἀθλήσεωςόχληρδν,
2545 1173 2606 1226 τὸ
2633 1173 2731 1243 ἡδὺ
2755 1173 2846 1226 τοῦ
2891 1176 3156 1243 στεφάνου
3178 1175 3278 1228 οὐκ
3303 1177 3662 1246 ἀπολήψεται.

542 1274 628 1328 lii.
674 1271 740 1324 Et
769 1274 867 1324 erit
897 1287 1067 1324 sermo
1109 1281 1231 1323 tuus
1279 1270 1404 1321 mihi
1447 1269 1498 1320 in
1548 1268 1793 1322 lwlitiam
1826 1269 1889 1321 ⁵⁷.
1924 1266 2040 1320 Non

464 1367 546 1419 ait
579 1383 591 1416 :
632 1363 746 1427 Est,
776 1362 868 1417 sed
905 1379 919 1416 :
960 1360 1098 1426 Erit,
1129 1360 1394 1430 siquidem
1443 1360 1495 1412 in
1529 1359 1774 1428 presenti
1804 1367 2044 1428 tempore

467 1471 738 1516 carceres,
768 1454 980 1515 exsilia,
1013 1452 1372 1507 contumelias
1415 1466 1480 1505 ac
1521 1450 1736 1503 labores
1775 1450 1905 1502 mihi
1953 1450 2049 1503 tri-

465 1545 613 1606 buit;
659 1543 752 1596 sed
793 1543 986 1596 horum
1027 1541 1271 1595 omnium
1318 1541 1439 1594 linis
1476 1541 1578 1594 erit
1613 1540 1818 1594 laetitia.
1853 1538 1920 1593 Et
1949 1541 2048 1593 erit

469 1652 639 1690 sermo
671 1645 788 1688 tuus
820 1635 947 1686 mihi
979 1635 1032 1687 in
1057 1633 1327 1695 lwtitiam,
1358 1643 1406 1685 et
1436 1632 1686 1702 gaudium
1719 1629 1891 1683 cordis
1927 1630 2048 1695 mei,

467 1729 595 1796 quia
627 1727 922 1778 invocatum
965 1733 1041 1776 est
1091 1739 1273 1775 nomen
1321 1733 1466 1775 tuum
1499 1739 1656 1790 super
1686 1739 1786 1785 me,
1831 1721 2050 1775 Domine

473 1817 634 1870 Pater
660 1818 986 1884 omnipotens
1050 1814 1118 1868 “.
1160 1813 1381 1868 Etiamsi
1422 1812 1676 1868 Christus
1729 1814 1832 1868 hoc
1879 1814 2050 1878 dicit,

473 1925 574 1962 non
609 1908 866 1960 abhorret
901 1906 968 1960 ab
1017 1905 1290 1959 intellectu
1328 1923 1340 1959 :
1391 1921 1586 1959 nomen
1631 1905 1831 1974 quippe
1877 1903 2052 1958 Patris

471 2001 777 2053 iuvomtum
797 2009 880 2054 est
911 2015 1072 2069 super
1101 2015 1248 2054 eum.
1284 1997 1404 2052 Non
1431 1998 1537 2051 sedi
1567 1997 1797 2067 219m
1829 1997 2052 2050 concilio

465 2091 762 2145 ludentium
783 2092 846 2144 θ’.
893 2091 950 2146 Si
981 2092 1202 2161 quando
1225 2091 1440 2146 videbat
1463 2091 1746 2160 prophetes
1770 2105 1876 2144 non
1902 2091 2053 2144 solli-

473 2181 705 2234 citorum
749 2180 1063 2246 concilium,
1101 2181 1192 2233 sed
1228 2179 1564 2242 ludentium,
1616 2177 1851 2248 fugiebat
1897 2178 2048 2234 illud.

476 2267 624 2322 Unde
651 2278 864 2337 oportet
898 2284 1058 2324 nosse
1102 2268 1435 2323 diﬂ'erentias
1462 2269 1819 2322 conciliorum
1846 2309 1861 2333 ,
1903 2269 2055 2324 solli-

471 2357 585 2423 citi,
621 2367 782 2428 atque
814 2358 1068 2412 ludentis.
1108 2358 1163 2412 Si
1201 2358 1306 2412 hoc
1335 2358 1625 2411 concilium
1665 2367 1910 2413 nostrqu
1945 2357 2054 2412 sol-

469 2447 678 2504 licitum
726 2458 829 2514 est,
883 2448 928 2504 si
974 2449 1155 2502 omnia
1204 2464 1328 2504 cum
1374 2448 1741 2503 ecclesiastica
1775 2449 2052 2518 diligentia

468 2540 682 2610 quaerit,
729 2539 772 2594 si
827 2555 1006 2594 sermo
1055 2555 1180 2594 cum
1223 2538 1533 2608 disciplina,
1588 2539 1631 2592 si
1674 2539 1781 2591 vita
1818 2539 2050 2592 sollicita

467 2642 588 2699 est,
635 2631 681 2686 si
733 2631 944 2701 negotia
990 2647 1112 2686 cum
1161 2631 1372 2687 cautela
1401 2669 1416 2694 ,
1465 2629 1756 2684 concilium
1793 2636 1904 2689 est,
1943 2643 2049 2680 non

474 2723 793 2787 ludentium,
825 2724 917 2778 sed
950 2723 1326 2778 sollicitorum.
1392 2719 1448 2774 Si
1492 2730 1673 2775 autem
1704 2719 2055 2789 dereliquerit

469 2817 710 2869 studium
743 2815 1039 2886 rcligiOnis,
1066 2823 1118 2867 et
1140 2812 1413 2868 vacaverit
1440 2811 1651 2865 lusibus
1678 2811 1861 2865 mundi
1893 2809 2052 2864 istius

470 2907 564 2978 qui
615 2906 840 2960 veniunt
873 2922 904 2960 a
953 2905 1234 2974 pravitate,
1287 2903 1344 2956 lit
1391 2902 1681 2956 concilium
1729 2901 2045 2955 ludentium.

471 2999 560 3052 Ait
585 2997 768 3068 itaque
808 2997 1095 3067 prophetes
1122 2996 1167 3027 "
1198 3015 1210 3050 :
1250 2993 1369 3048 Non
1402 2994 1514 3046 sedi
1537 2995 1588 3046 in
1614 2993 1836 3046 concilio
1866 2992 2051 3046 luden-

470 3103 626 3152 Iium,
651 3091 740 3144 sed
769 3089 1012 3143 timebam
1043 3105 1073 3140 a
1101 3087 1236 3157 facie
1259 3101 1446 3140 manus
1472 3094 1592 3139 tum.
1622 3083 1757 3138 Cum
1789 3088 1899 3142 duo
1920 3084 2048 3139 mihi

465 3192 652 3238 rssent
675 3181 973 3252 proposita,
999 3179 1186 3235 sedere
1206 3179 1259 3234 in
1283 3177 1516 3232 concilio
1537 3176 1860 3242 ludentium,
1878 3184 1932 3230 ct
1960 3173 2046 3229 of-

468 3275 688 3330 lendere
710 3273 1048 3342 majestatem
1073 3280 1241 3333 tuam,
1279 3277 1370 3323 aut
1389 3282 1533 3323 certe
1555 3283 1775 3338 surgere
1796 3267 1861 3321 de
1884 3281 1968 3332 eo,
1992 3275 2046 3320 et

469 3384 533 3422 ea
560 3365 738 3420 facere
763 3381 883 3435 qua:
918 3364 1012 3418 tibi
1044 3362 1236 3433 placita
1259 3369 1432 3426 erant,
1467 3361 1641 3429 magis
1661 3358 1796 3429 elegi
1829 3372 2052 3427 surgere

471 3457 537 3510 de
572 3456 987 3525 congregatione
1021 3455 1342 3517 ludentium,
1370 3461 1428 3506 ut
1450 3452 1660 3506 amicus
1696 3460 1822 3506 tuus
1854 3465 2050 3515 essem,

470 3565 635 3620 quam
675 3549 946 3603 contraria
979 3546 1220 3611 faciens,
1259 3548 1396 3601 inter
1428 3562 1522 3601 eos
1559 3545 1651 3616 qui
1687 3546 1870 3599 hostes
1902 3551 2048 3609 sunt,

470 3639 794 3709 computari.
823 3637 944 3692 Non
976 3637 1088 3692 sedi
1118 3637 1172 3691 in
1203 3637 1423 3690 concilio
1451 3635 1766 3700 ludentium,
1791 3633 1880 3688 sed
1902 3633 2053 3686 time-

472 3737 590 3786 bant
615 3751 643 3785 (ι
661 3731 801 3802 facie
827 3749 1012 3785 manus
1039 3741 1161 3784 tum.
1199 3729 1263 3784 Et
1287 3727 1535 3782 Salvator
1566 3735 1750 3782 noster
1774 3740 1882 3780 non
1911 3725 2052 3778 sedit

471 3823 524 3878 in
551 3825 782 3880 concilio
808 3824 1133 3888 ludentium,
1163 3822 1256 3878 sed
1291 3821 1600 3876 surrexisse
1623 3834 1682 3873 se
1704 3817 1907 3872 docens
1931 3816 2005 3869 ait
2031 3833 2044 3869 :

475 3915 781 3969 Dimittetur
801 3915 940 3968 vobis
970 3918 1154 3967 domus
1186 3922 1353 3966 vestra
1379 3917 1608 3964 deserta.
1639 3907 1878 3980 Reliquit
1901 3910 2045 3961 enim

461 4008 651 4062 Sermo
674 4004 768 4058 Dei
791 4005 1005 4059 divinus
1029 4004 1319 4058 concillum
1339 3999 1674 4063 Judaeorum,
1703 4009 1758 4054 et
1783 3999 1926 4053 aliud
1945 3998 2048 4053 sibi

469 4098 761 4150 concilium
793 4111 856 4150 ex
885 4096 1135 4166 gentibus
1162 4095 1530 4164 congregavit.

2219 1268 2326 1320 Kal
2365 1268 2535 1319 ἔσται
2569 1269 2602 1319 ό
2659 1269 2840 1335 ,λόγος
2867 1284 2982 1321 σου
3014 1267 3146 1336 ἐμοὶ
3185 1270 3272 1334 εἰς
3315 1271 3722 1337 εὐφροσύνην.

2151 1355 2264 1408 Οὐκ
2285 1355 2415 1408 ἐστι
2446 1354 2560 1417 νῦν,
2587 1353 2699 1408 ἀλλ’
2725 1356 2912 1409 ἔσται·
2934 1356 3056 1409 ἐπεὶ
3085 1356 3192 1427 γὰρ
3224 1358 3314 1410 ἐπὶ
3336 1357 3428 1410 τοῦ
3464 1359 3727 1429 παρόντος

2155 1447 2182 1498 6
2212 1445 2367 1514 λόγος
2405 1463 2496 1499 σου
2522 1449 2644 1517 ἐμοὶ
2673 1449 2751 1510 είς
2779 1447 3048 1516 φυλακὰς,
3090 1449 3168 1514 εἰς
3232 1449 3406 1512 δίκας,
3451 1467 3529 1513 εις
3593 1450 3732 1522 πρά-

2157 1540 2457 1608 γματα,είς
2479 1539 2807 1609 δυσφημίας,
2833 1541 2910 1601 είς
2942 1539 3155 1603 πόνους,
3190 1540 3324 1594 ἀλλὰ
3353 1541 3414 1594 τὸ
3446 1541 3594 1605 τελος
3618 1543 3735 1598 τούο

2154 1648 2260 1682 των
2290 1628 2595 1699 εὐφροσύνη
2623 1629 2756 1682 ἐστί.
2773 1629 2884 1682 Καὶ
2910 1630 3041 1683 ἔστι
3068 1633 3101 1683 ό
3126 1632 3308 1700 ,λόγος
3330 1647 3448 1686 σου
3484 1634 3612 1702 ἐμοὶ
3643 1637 3733 1700 εις

2153 1720 2539 1788 εὐφροσύνην
2569 1720 2667 1772 καὶ
2723 1719 2916 1786 χαρὰν
2959 1719 3206 1788 καρδίας
3229 1739 3371 1789 μου,
3423 1721 3510 1774 ὅτι
3537 1723 3735 1777 ἐπικέ-

2154 1816 2368 1878 κληται
2390 1811 2454 1864 τὸ
2485 1809 2670 1880 ὄνομά
2692 1825 2807 1864 σου
2835 1811 2927 1863 ἐπ’
2943 1811 3068 1880 ἐμὲ,
3095 1813 3268 1878 Κύριε
3300 1817 3729 1886 παντόκρατορ.

2155 1903 2273 1956 Κᾶν
2299 1903 2532 1974 Χριστὸς
2566 1902 2720 1973 λέγῃ,
2747 1904 2808 1955 τὸ
2833 1903 3003 1973 ὄνομα
3025 1905 3119 1957 τοῦ
3138 1905 3349 1978 Πατρός
3376 1908 3734 1980 ἐπικέκληται

2155 1993 2240 2046 ἐπ’
2289 1995 2470 2048 αὐτόν.
2509 1997 2630 2048 Οὐκ
2667 1993 2920 2048 ἐκάθισα
2952 1995 3022 2047 ἐν
3046 1996 3342 2064 συνεδρίῳ
3373 1997 3571 2052 αὐτῶν
3602 2016 3735 2053 παι-

2154 2085 2388 2145 ζόντων.
2428 2085 2494 2138 Εἴ
2538 2103 2665 2139 ποτε
2701 2085 2917 2156 ἑώρακε
2965 2087 3025 2140 τὸ
3056 2087 3331 2178 συνέδριον
3383 2091 3411 2142 6
3450 2093 3736 2162 προφήτης

2154 2178 2212 2230 οὺ
2263 2176 2692 2240 σπουδαζόντων,
2744 2179 2880 2230 ἀλλὰ
2932 2176 3251 2244 παιζόντων,
3305 2180 3500 2250 ἔφευγε
3534 2182 3734 2253 μᾶλλον

2153 2271 2214 2322 τὸ
2249 2269 2596 2337 συνάγεσθαι,
2631 2270 2777 2340 ἤπερ
2824 2270 3080 2324 ἔσπευδεν
3126 2273 3217 2324 ἐπὶ
3259 2275 3580 2344 συναγωγὴν
3608 2292 3735 2328 παι-

2155 2363 2373 2426 ζόντων.
2409 2360 2617 2431 Νοῆσαί
2669 2377 2727 2414 σε
2756 2357 2849 2415 οὖν
2892 2363 2972 2415 δεῖ
3000 2363 3263 2434 διαφορὰν
3312 2365 3586 2436 συνεδρίου
3618 2383 3735 2419 παιο

2156 2452 2378 2516 ζόντων,
2409 2452 2504 2506 καὶ
2537 2450 2965 2515 σπουδαζόντων.
2996 2452 3070 2506 Τὸ
3099 2452 3368 2524 συνέδριον
3391 2454 3548 2508 τοῦτο
3570 2471 3732 2508 σπου-

2153 2543 2302 2596 δαῖόν
2336 2546 2472 2608 ἐστι,
2496 2545 2592 2597 καὶ
2620 2543 2798 2596 πάντα
2821 2545 2963 2595 ποιεῖ
3008 2543 3145 2614 μετὰ
3171 2545 3424 2615 σπουδῆς,
3459 2547 3552 2599 καὶ
3577 2563 3732 2600 σπου-

2154 2632 2250 2702 δῆς
2279 2634 2454 2698 ἀξίας-⁸
2485 2634 2598 2698 καὶ,
2627 2631 2770 2687 κατὰ
2807 2633 2865 2686 τὸ
2895 2634 3208 2706 λεγόμενον,
3262 2635 3464 2708 σπουδὴ
3493 2639 3521 2689 6
3553 2635 3728 2705 λόγος,

2157 2723 2362 2794 σπουδὴ
2393 2727 2421 2776 6
2445 2724 2578 2794 βίος,
2619 2727 2712 2778 καὶ
2761 2725 2934 2798 πάντη
2967 2727 3084 2780 ἐστὶ
3108 2728 3168 2780 τὸ
3199 2728 3474 2799 συνέδριον
3521 2730 3582 2781 οὺ
3609 2747 3731 2782 παι-

2156 2814 2378 2879 ζόντων,
2404 2816 2538 2870 ἀλλὰ
2588 2816 3015 2881 σπουδαζόντων.
3053 2821 3223 2873 Ὅταν
3245 2819 3301 2872 δὲ
3333 2820 3392 2873 τὸ
3434 2821 3729 2892 συνέδριον,

2156 2907 2449 2961 καταλιπὸν
2499 2909 2598 2979 τὴν
2648 2909 2882 2980 σπουδὴν
2914 2911 3013 2980 τὴν
3049 2911 3178 2982 περὶ
3198 2913 3264 2964 τὰ
3287 2913 3581 2981 ἀναγκαῖα,
3610 2930 3733 2984 σχο-

2159 2997 2293 3071 λάζῃ
2325 3002 2435 3063 τοῖς
2467 3000 2736 3069 παιγνίοις
2768 2999 2860 3052 τοῦ
2891 3001 3083 3066 αίῶνος
3121 3003 3312 3056 τούτου
3342 3005 3437 3057 καὶ
3463 3004 3732 3072 παιγνίοις

2155 3093 2265 3154 τοῖς
2297 3089 2405 3143 ἀπὸ
2432 3092 2534 3161 γῆς
2589 3091 2803 3154 κακίας,
2838 3091 3044 3152 γίνεται
3093 3095 3365 3164 συνέδριον
3406 3094 3727 3159 παιζόντων.

2153 3180 2319 3248 Φησὶν
2353 3176 2446 3233 οὖν
2477 3176 2648 3243 οὗτοςο
2684 3183 2802 3234 Οὐκ
2829 3180 3078 3236 ἐκάθισα
3106 3183 3176 3236 ἐν
3215 3185 3512 3255 συνεδρίῳ
3533 3185 3732 3240 αὐτῶν

2151 3269 2494 3334 παιζόντων,
2511 3273 2647 3326 ἀλλ’
2665 3275 2881 3328 εὐλαόο
2889 3275 3044 3343 ὐμην
3059 3275 3175 3328 ἀπὸ
3190 3277 3514 3344 προσώπου
3531 3283 3733 3349 χειρός

2154 3377 2290 3416 σου.
2318 3363 3003 3437 Δύοπροκειμένων,ἧ·γουν
3025 3367 3348 3431 καθέζεσθαι
3381 3371 3439 3422 ἐν
3472 3371 3732 3442 συνεδρίῳ

2157 3453 2480 3518 παιζόντων,
2509 3455 2602 3508 καὶ
2635 3457 2718 3508 σοὶ
2740 3456 2818 3528 τῷ
2849 3456 2968 3527 Θεῷ
2995 3459 3380 3530 προσκόπτειν,
3415 3461 3509 3514 καὶ
3541 3463 3622 3515 σο)⁵
3655 3463 3728 3533 μὴ

2158 3545 2433 3618 ἀρέσκειν,
2458 3547 2490 3618 ἢ
2514 3547 2822 3621 ἐγείρεσθαι
2848 3549 2958 3602 ὰπὸ
2982 3550 3254 3623 συνεδρίου
3285 3551 3611 3618 παιζόντων,
3638 3556 3730 3608 καὶ

2157 3640 2330 3689 ποιεῖν
2354 3638 2527 3692 ταῦτα
2568 3639 2603 3692 ἆ
2634 3657 2714 3692 σοι
2748 3639 2899 3710 φίλον
2928 3635 3016 3712 ἦν·
3044 3642 3266 3715 εἱλόμην
3293 3644 3493 3714 μᾶλλον
3517 3645 3730 3700 ἀνίστα-

2157 3728 2277 3782 σθαι
2309 3730 2416 3783 ἀπὸ
2449 3731 2542 3784 τοῦ
2599 3733 2874 3802 συνεδρίου
2928 3731 3258 3799 παιζόντων,
3309 3737 3403 3789 καὶ
3440 3736 3522 3790 σοὶ
3579 3736 3729 3805 φίλος

2155 3815 2314 3887 εἶναι,
2344 3823 2486 3894 ἤπερ
2535 3825 2596 3878 τὸ
2648 3825 2886 3878 ἐναντίον
2926 3825 3092 3879 ποιῶν
3135 3827 3324 3900 ἐχθρὸς
3379 3829 3626 3898 γενέσθαι
3658 3831 3718 3901 τῇ

2158 3917 2520 3990 μακαριότητί
2573 3935 2684 3972 σου.
2728 3921 2849 3972 Οὐκ
2897 3919 3148 3975 ἐκάθισα
3181 3922 3250 3975 ὲν
3299 3923 3594 3992 συνεδρίῳ
3621 3923 3724 3978 αὺ-

2154 4010 2272 4062 τῶν
2292 4009 2638 4075 παιζὶίντων,
2672 4013 2808 4066 ἀλλ’
2841 4015 3221 4084 εὺλαόούμην
3253 4015 3370 4068 ἀπὸ
3403 4014 3723 4082 προσώπου

2154 4098 2352 4165 χειρός
2378 4112 2513 4151 σου.
2575 4101 2682 4152 Καὶ
2715 4103 2743 4154 6
2798 4101 2986 4174 Σωτὴρ
3031 4102 3186 4173 ἡμῶν
3225 4103 3324 4156 οὐκ
3359 4103 3611 4158 ἐκάθισεν
3666 4105 3723 4158 ἐν

473 4189 732 4262 συνεδρίῳ
782 4186 960 4240 αὐτῶν
1006 4184 1330 4250 παιζόντων,
1356 4184 1466 4236 ἀλλ’
1495 4183 1774 4254 ἀπανέστη
1819 4184 1912 4237 ἀπ’
1944 4185 2143 4240 αὐτῶν,
2172 4188 2280 4240 Καὶ
2335 4191 2556 4260 σημεῖόν
2591 4193 2704 4243 ἐστι
2748 4192 2840 4245 τοῦ
2886 4194 3180 4266 ἐγηγέρθαι
3227 4195 3316 4249 τὸν
3359 4195 3586 4269 Σωτῆρα
3617 4195 3725 4251 ἀπὸ

471 4285 745 4358 συνεδρίου
775 4284 1096 4349 παιζόντων,
1123 4284 1182 4335 τὸ
1209 4282 1488 4354 εἰρηκέναι
1515 4280 1695 4333 αὐτόν·
1731 4279 1986 4349 Ἀφίεται
2013 4281 2153 4350 ὑμῖν
2179 4285 2210 4336 ὁ
2239 4283 2400 4350 οἶκος
2426 4283 2591 4354 ὑμῶν
2604 4285 2840 4355 ἕρημος.
2873 4288 3242 4342 Καταλέλοιπε
3269 4290 3376 4360 γὰρ
3406 4292 3434 4344 6
3455 4290 3609 4359 λόγος
3630 4295 3722 4348 τοῦ

468 4375 602 4430 Θεοῦ
635 4374 695 4428 τὸ
733 4373 997 4428 Ἰουδαίων
1025 4373 1316 4444 συνέδριον,
1352 4371 1446 4425 καὶ
1479 4369 1604 4425 ἄλλο
1643 4371 1912 4442 συνέδριον
1940 4373 2032 4425 καὶ
2083 4373 2406 4446 Ἐκκλησίαν
2450 4377 2626 4448 ἐαυτῷ
2655 4378 2918 4452 πεποίηκε
2945 4378 3040 4449 τὴν
3070 4380 3177 4434 ἀπὸ
3207 4380 3314 4434 τῶν
3339 4379 3527 4436 ἐθνῶν.

541 4467 629 4520 16.
673 4463 830 4520 Solus
866 4465 1107 4518 sedebam
1135 4465 1202 4517 τι.
1245 4462 1311 4517 Ει
1340 4464 1454 4533 ipse
1487 4469 1698 4516 tantum
1729 4462 1846 4516 sine
1873 4477 2039 4531 expo-

2214 4468 2374 4522 Κατὰ
2413 4471 2604 4535 μόνας
2633 4468 2959 4536 ἐκαθήμην.
2995 4469 3103 4522 Καὶ
3134 4469 3203 4523 τὰ
3236 4472 3457 4541 ῥήματα
3490 4474 3721 4528 ἐνταῦθα

471 4559 666 4614 sitione
693 4573 874 4612 sermo
893 4557 1120 4612 aediﬁcat
1143 4555 1446 4611 audientes.
1488 4554 1718 4622 Quando
1741 4562 1824 4610 est
1853 4555 2040 4608 multi-

471 4653 603 4706 tudo
653 4653 1029 4722 peccantium,
1079 4666 1177 4704 nec
1218 4649 1449 4704 sustinet
1499 4663 1682 4703 secum
1713 4645 1921 4717 justum
1957 4645 2042 4716 pie

472 4741 673 4810 vivere,
722 4749 852 4796 tunc
911 4740 1160 4810 indigens
1211 4750 1297 4794 est
1345 4737 1531 4809 lugere
1568 4737 2041 4808 congregationem

467 4847 681 4896 eurum,
710 4842 764 4887 et
809 4831 1008 4886 imitari
1037 4831 1357 4902 prophetam
1386 4831 1696 4901 loquentem
1729 4849 1741 4884 :
1773 4829 1928 4886 Solus
1963 4844 2044 4882 se-

469 4926 696 4990 debam;
741 4923 942 4978 imitari
974 4924 1138 4977 etiam
1167 4922 1550 4978 miserabiliter
1572 4932 1991 4993 conquerentem
2026 4938 2038 4971 :

470 5018 710 5080 Domine,
748 5015 1026 5085 prophetas
1067 5026 1181 5068 tuos
1216 5016 1539 5080 occiderunt,
1575 5014 1774 5067 altaria
1808 5011 2041 5080 su/fode-

2146 4560 2436 4629 οἰκοδομεῖ.
2482 4560 2648 4614 Ὅταν
2684 4559 2888 4628 πλῆθος
2987 4559 3344 4632 ἁμαρτωλῶν,
3380 4559 3471 4615 καὶ
3507 4565 3583 4636 μὴ
3623 4564 3719 4631 φέ-

2151 4667 2284 4724 ρωσι
2319 4651 2408 4703 τὸν
2435 4649 2641 4704 δίκαιον
2672 4649 2890 4720 βιοῦντα
2909 4668 2921 4680 ο
2968 4652 3060 4704 καὶ
3087 4652 3161 4715 ὡς
3187 4652 3338 4706 οὐδὲν
3368 4653 3566 4707 ἄτοπόν
3603 4657 3718 4710 ἐστι

2151 4740 2419 4808 φεύγοντα
2453 4738 2726 4811 συνέδριον
2763 4740 2861 4810 τῆς
2905 4741 3102 4806 κακίας
3146 4744 3485 4814 μιμήσασθαι
3523 4745 3613 4799 τὸν
3643 4749 3720 4800 εί-

2149 4829 2316 4882 πόντα
2337 4867 2350 4892 ,
2382 4829 2541 4882 Κατὰ
2566 4829 2760 4898 μόνας
2785 4828 3113 4898 ἐκαθήμην,
3149 4831 3490 4904 μιμήσασθαι
3513 4833 3606 4887 καὶ
3630 4833 3721 4887 τὸν

2147 4922 2371 4990 λέγοντα
2411 4920 2592 4974 Ἠλίαν
2615 4937 2629 4950 ·
2667 4923 2864 4991 Κύριε,
2903 4921 3042 4987 τοὺς
3081 4922 3383 4991 προφήτας
3417 4938 3533 4979 σου
3579 4923 3724 4980 ἀπέ-

2148 5031 2408 5076 κτειναν,
2437 5013 2508 5067 τὰ
2537 5014 2934 5084 θυσιαστήριά
2962 5029 3077 5069 σου
3107 5018 3523 5085 κατέσκαψαν,
3562 5016 3723 5086 κάγὼ

469 5121 591 5164 runt
613 5151 627 5173 ,
660 5119 708 5162 et
739 5125 832 5176 ego
876 5106 1088 5160 relictus
1116 5124 1232 5160 uim
1265 5106 1430 5173 solus,
1458 5115 1507 5160 et
1532 5113 1773 5174 quierunt
1806 5116 2039 5156 ammam

2153 5103 2512 5171 ΰκελείφθην
2555 5105 2920 5174 μονώτατος,
2968 5108 3065 5162 καὶ
3095 5107 3334 5176 ζητοῦσι
3365 5110 3480 5175 τὴν
3510 5112 3722 5177 ψυχήν

469 5219 635 5256 meam
667 5202 902 5269 accipere
932 5198 1082 5252 illam
1108 5201 1173 5253 τ’.
1209 5197 1265 5254 Si
1292 5210 1473 5254 autem
1500 5196 1832 5250 voluerimus
1859 5207 2044 5247 sacra-

2153 5211 2248 5248 που
2278 5194 2495 5248 λαϐεῖν
2524 5197 2754 5265 αὐτοῖς.
2783 5199 2934 5270 Τάχα
2967 5199 3046 5264 δὲ,
3073 5199 3176 5252 κᾶν
3211 5199 3508 5270 βαθύτερον
3534 5197 3720 5264 ἐξετά-

469 5303 577 5347 tius
611 5291 817 5362 aliquid
848 5289 1092 5361 accipere
1127 5292 1180 5345 in
1211 5306 1278 5345 eo
1309 5289 1454 5362 quod
1496 5286 1693 5342 dicitur
1725 5303 1736 5336 :
1776 5283 1932 5338 Solus
1963 5299 2045 5336 se-

2153 5303 2239 5356 τῃς
2261 5285 2342 5350 τὸ,
2368 5288 2528 5342 Κατὰ
2546 5291 2742 5358 μόνας
2764 5291 3092 5362 ἐκαθήμην,
3116 5293 3371 5364 εὑρήσεις
3395 5299 3547 5354 τινὰς
3569 5292 3719 5356 ἄξιον

465 5386 674 5449 debam,
725 5383 954 5440 forsitan
1007 5385 1347 5439 inveniemus
1391 5380 1609 5452 dignam
1642 5377 2042 5446 interpretatio-

2153 5379 2262 5431 γοῦν
2291 5379 2490 5450 βάθους
2525 5383 2890 5453 προφητικοῦ.
2922 5385 3093 5438 ’Ὀταν
3118 5384 3207 5437 τὸν
3232 5384 3341 5439 τῶν
3370 5381 3579 5439 πολλῶν
3601 5383 3718 5454 βίον

469 5491 591 5529 nem
619 5474 822 5546 Spiritu
846 5485 1054 5532 sancto.
1085 5473 1314 5542 Quando
1336 5472 1504 5525 vitam
1529 5468 1891 5524 multitudinis
1918 5467 2040 5523 imi-

2153 5469 2465 5541 ιιμώμεθα,
2489 5471 2630 5526 ὥστε
2651 5475 2728 5544 μὴ
2752 5471 2890 5528 εἶναι
2918 5477 3384 5548 ἀνακεχωρηκότα
3406 5476 3593 5540 αὐτδν,
3623 5479 3719 5530 καὶ

469 5579 672 5635 tamur,
704 5585 804 5625 nec
828 5569 1173 5626 conversatio
1194 5573 1380 5620 nostra
1407 5580 1436 5618 a
1463 5562 1662 5634 populo
1699 5561 1909 5624 melior,
1940 5575 2040 5615 nec

2153 5563 2422 5627 ιρείττονα
2459 5564 2554 5618 καὶ
2590 5564 2869 5638 ἐξαίρετον
2899 5569 3052 5638 παρὰ
3078 5568 3204 5631 τοὺς
3233 5567 3479 5634 πολλοὺς,
3527 5565 3586 5621 οὗ
3619 5568 3715 5621 δύ-

468 5669 778 5730 eontempto
824 5661 1006 5730 judice
1058 5666 1166 5716 Deo
1211 5659 1280 5714 ab
1325 5659 1610 5714 hominum
1667 5655 1888 5712 malitiis
1953 5669 2036 5708 se-

2153 5671 2304 5724 ναμαι
2337 5654 2543 5722 λέγειν,
2581 5658 2744 5712 Κατὰ
2771 5659 2966 5728 μόνας
2993 5659 3326 5728 ἐκαθήμην,
3359 5660 3494 5714 ἁλὶά
3524 5675 3537 5691 ⁸
3561 5659 3715 5713 Μετὰ

541 5775 581 5805 ⁸⁷
615 5771 813 5831 .lerem.
850 5794 936 5839 xv.
966 5780 1049 5834 l6.
1128 5779 1170 5810 “
1208 5779 1336 5835 ibid.
1415 5779 1458 5811 ⁶⁰
1491 5776 1620 5832 ibid.
1660 5776 1744 5829 l7.
1822 5776 1866 5805 το
1895 5770 2005 5828 Jer.
2039 5785 2136 5834 xv,
2183 5765 2260 5820 l7.
2344 5766 2382 5798 τ’
2419 5767 2553 5824 ibid.
2595 5768 2681 5825 l7.
2757 5773 2802 5804 "
2839 5772 2904 5828 lll
2934 5771 3070 5844 Heg.
3103 5789 3212 5839 xix,
3249 5773 3334 5828 ll.
