4122 6430
392 380 496 434 Ιὲὅ

1534 377 1599 432 IN
1632 378 1976 434 JEREIIIAM
2018 378 2295 435 IIOMILIA
2338 377 2477 434 XIV.

3525 385 3629 440 4'26

391 494 599 549 πολλῶν
642 493 925 566 ἐκαθήμην
948 512 961 525 ’
995 494 1132 547 ἐπὰν
1160 494 1216 548 δὲ
1254 496 1282 548 ὁ
1316 494 1429 564 βίος
1461 512 1563 566 μου
1591 496 1813 568 γένηται
1840 497 1960 549 δοσ-

2068 507 2322 566 paratur,
2372 514 2480 552 non
2529 512 2822 568 possumus
2865 498 3045 554 dicere
3092 517 3106 553 :
3160 496 3316 553 Solus
3350 500 3631 567 sedebam;

394 586 629 657 μίμητος
649 626 664 650 ,
698 584 841 638 ὥστε
870 602 936 655 με
968 584 1286 657 τηλικοῦτον
1318 586 1603 655 γενέσθαι,
1638 587 1714 650 ὡς
1762 587 1963 658 μηδένα

394 678 768 751 παραπλήσιον
797 670 943 730 εἶναί
977 693 1078 748 μου
1107 676 1184 747 τῷ
1216 677 1336 749 ἧθει
1355 718 1370 741 ,
1408 677 1487 748 τῷ
1518 678 1616 748 βίῳ
1634 718 1649 742 ,
1673 681 1793 742 ταῖς
1818 678 1964 749 πρά-

392 770 535 839 ξεσι,
562 775 631 843 τῇ
665 769 846 841 σοφία,
882 769 1003 821 τότε
1031 765 1268 839 δύναμαι
1300 769 1500 837 λέγειν,
1535 769 1685 840 παρά
1715 772 1775 822 τὸ
1804 768 1964 840 μόνος

393 860 532 917 εἷναι
559 866 671 926 τοῖς
694 856 818 925 ὧδε,
850 861 944 913 καὶ
974 859 1180 931 μηδένα
1213 860 1554 932 μιμήσασθαί
1585 877 1673 931 με,
1706 859 1787 925 τὸ,
1805 859 1965 915 Κατὰ

386 956 581 1026 μόνας
621 952 951 1024 ἐκαθήμην.
1010 953 1259 1019 Ἔξεστιν
1308 948 1399 1007 οὖν
1442 953 1535 1006 καὶ
1584 951 1659 1023 μὴ
1719 952 1848 1005 ὄντα
1902 967 1962 1004 σε

393 1044 788 1116 πρεσῦύτερον,
840 1043 935 1097 καὶ
973 1042 1047 1115 μὴ
1079 1043 1207 1096 ὄντα
1240 1059 1299 1095 σε
1330 1044 1654 1105 ἐπίσκοπον,
1692 1041 1826 1112 μηδέ
1856 1058 1962 1094 τινι

392 1140 522 1209 τιμῇ
563 1136 987 1207 ὲκκλησιαστικῇ
1022 1133 1404 1205 τετιμημένον,
1449 1136 1620 1189 εἰπεῖν
1666 1132 1822 1187 τοῦτο
1865 1133 1960 1198 τὸ,

393 1229 552 1295 Κατὰ
586 1228 771 1298 μόνας
807 1223 1149 1294 ἐκαθήμην,
1182 1224 1366 1279 τοῦτον
1411 1223 1680 1297 ζηλῶσαι,
1725 1225 1818 1278 καὶ
1851 1223 1963 1294 βίον

392 1320 709 1384 ἀναλαϐεῖν,
763 1316 905 1371 ὥστε
952 1319 1126 1371 εἰπεῖν
1146 1334 1159 1347 ⁸
1208 1317 1374 1371 Κατὰ
1403 1319 1590 1387 μόνας
1619 1316 1925 1387 ἐκαθήμην
1944 1356 1960 1382 ι

392 1412 480 1465 ὅτι
506 1412 746 1479 πικρίας
769 1408 1178 1477 ἐνεπλήσθην.
1215 1410 1277 1461 Εἰ
1308 1407 1468 1481 στενὴ
1507 1409 1602 1462 καὶ
1628 1407 1962 1479 τεθλιμμένη

390 1507 423 1574 ὴ
470 1504 588 1568 ὁδὸς
630 1506 663 1574 ή
715 1502 1003 1571 ἀπάγουσα
1045 1502 1126 1565 είς
1164 1500 1262 1571 τὴν
1306 1499 1474 1572 ζωὴν,
1519 1499 1599 1553 δεῖ
1629 1517 1689 1553 σε
1737 1498 1962 1570 πικρίας

392 1596 765 1669 ἐμπλησθῆναι
795 1597 855 1650 ὲν
882 1594 960 1664 τῷ
984 1594 1084 1665 βίῳ
1109 1592 1304 1663 τούτῳ,
1335 1593 1547 1657 οὐδενὸς
1581 1591 1806 1647 δύνασαι
1834 1590 1963 1660 γλύ-

392 1709 521 1756 κους
548 1688 873 1744 ἀπολαῦσαι.
913 1689 985 1741 Ἦ
1011 1688 1111 1740 οὐκ
1138 1682 1310 1750 οἶδας,
1338 1686 1419 1739 ὅτι
1449 1686 1482 1756 ὴ
1514 1686 1674 1757 ἑορτή
1702 1701 1795 1738 σου
1824 1683 1960 1754 μετά

392 1781 656 1855 πικρίδων
688 1779 895 1848 γίνεται
934 1777 1009 1848 (I)
1034 1794 1049 1843 ;
1079 1777 1254 1831 Ὅταν
1280 1777 1391 1847 γὰρ
1426 1774 1703 1846 ἐορτάζῃς
1733 1774 1921 1843 ἄζυμα
1940 1816 1957 1840 ,

391 1873 580 1945 φησὶν,
621 1870 718 1924 ἐπὶ
749 1867 1036 1936 mprde
1063 1866 1340 1937 φάγεσαι.
1376 1868 1441 1920 Τί
1467 1866 1712 1937 βούλεται
1742 1869 1770 1920 ὁ
1803 1866 1958 1934 λόγος

390 1961 590 2031 λέγων,
618 1961 699 2014 ὅτι
730 1960 811 2013 δεῖ
843 1959 934 2013 τὸν
978 1959 1305 2031 ὲορτάζοντα
1349 1958 1427 2030 τῷ
1471 1957 1590 2028 Θεῷ
1638 1957 1820 2029 ἄζυμα
1867 1961 1959 2012 ἐπὶ

391 2053 652 2122 πικρίδων
681 2050 911 2114 ἐσθίειν,
944 2052 1324 2123 κατανοητέον.
1360 2050 1439 2104 Τά
1470 2050 1568 2121 μὲν
1610 2049 1797 2120 ἄζυμα
1840 2049 1959 2121 διη-

392 2146 594 2215 γήσατο
626 2145 655 2197 ὁ
695 2141 1012 2206 Ἀπόστολος
1032 2180 1048 2206 ,
1077 2143 1177 2195 οὐκ
1205 2141 1350 2194 ἔστιν
1380 2140 1488 2211 ἐμὴ
1517 2142 1550 2209 ἡ
1582 2139 1866 2211 ἑρμηνεία,
1899 2141 1959 2194 τὸ

392 2233 447 2287 δὲ
492 2231 782 2287 ἀκόλουθον
824 2232 921 2303 τῆς
952 2231 1249 2302 ἑρμηνείας
1292 2228 1585 2297 ἀναγκαῖόν
1617 2231 1731 2281 ἐστι
1778 2246 1957 2300 παρα-

390 2326 612 2398 πλήσιον
638 2320 775 2377 εἶναι
809 2325 874 2395 τῇ
907 2320 1236 2392 ἁποστολικῇ
1266 2320 1535 2391 διηγήσει.
1591 2319 1647 2372 '0
1703 2320 1960 2373 Ἀπόστο-

387 2416 476 2480 λος
501 2415 570 2470 τά
600 2414 728 2489 περὶ
766 2412 874 2468 τῶν
906 2412 1130 2484 ἀζύμων
1161 2412 1457 2484 διηγήσατο
1483 2409 1687 2480 λέγων’
1734 2411 1961 2480 Ἑορτά-

388 2508 569 2579 ζωμεν
602 2509 689 2578 μὴ
719 2509 790 2562 ἐν
819 2506 964 2576 (tim;
997 2502 1256 2571 παλαιᾷ,
1290 2504 1446 2574 μηδέ
1473 2506 1544 2559 ἐν
1568 2504 1712 2575 ζύμῃ
1745 2505 1959 2571 κακίας

388 2601 485 2653 καὶ
533 2599 858 2668 πονηρίας.
894 2596 1032 2653 ἀλλ’
1073 2597 1144 2650 ἐν
1182 2593 1420 2664 ἀζύμοις
1463 2595 1809 2664 εἰλικρινίας
1856 2594 1956 2649 καὶ

384 2691 695 2759 ἀίηθείας.
754 2689 881 2742 Δέον
932 2687 1081 2741 ἐστὶν
1130 2685 1418 2740 ἀποδοῦναι
1482 2684 1572 2740 τὸν
1620 2685 1776 2755 λόγον
1827 2688 1958 2758 περὶ

385 2784 494 2838 τῶν
526 2780 791 2853 πικρίδων
821 2778 1124 2844 ἀκολούθως
1151 2777 1228 2850 τῷ
1251 2776 1321 2830 τὰ
1346 2776 1531 2850 ἄζυμα
1557 2772 1695 2831 εἶναι
1728 2776 1955 2850 εἰλικρι-

389 2875 510 2937 νίας
547 2873 644 2926 καὶ
683 2870 937 2941 ἀληθείας
955 2882 970 2903 δ
997 2871 1085 2942 ἔχε
1110 2871 1165 2924 δὲ
1199 2869 1521 2943 είλικρινίαν
1549 2870 1641 2924 καὶ
1670 2869 1955 2943 ἀλήθειαν,

393 2966 488 3019 καὶ
513 2963 759 3036 πικρίδες
784 2961 990 3016 ἔσονταί
1018 2979 1124 3027 σοι,
1155 2960 1250 3015 καὶ
1277 2961 1478 3025 ἐσθίεις
1508 2961 1649 3034 μετά
1694 2962 1956 3035 πικρίδων

392 3056 462 3110 τὰ
504 3054 687 3124 ἄζυμα
726 3053 826 3124 τῆς
854 3051 1172 3125 εἰλικρινίας
1201 3051 1296 3106 καὶ
1324 3051 1613 3122 ἀληθείας·
1648 3047 1760 3106 οἷον
1806 3051 1956 3106 Παῦ-

391 3147 511 3212 λος,
548 3145 844 3218 ἐπειδήπερ
871 3145 1026 3218 ῆσθιε
1059 3145 1126 3199 τὰ
1156 3145 1340 3216 ἄζυμα
1371 3143 1689 3216 εἰλικρινίας
1717 3145 1810 3198 καὶ⁸
1834 3143 1958 3215 ἀλη·
1983 3166 2026 3224 C

388 3236 570 3301 θείας,
605 3236 698 3290 καὶ
736 3236 990 3308 πικρίδας
1034 3235 1212 3308 ἤσθιε,
1247 3235 1365 3299 πῶς
1396 3233 1648 3306 πικρίδας
1684 3232 1838 3305 ἤσθιε
1868 3232 1955 3286 λέ-

384 3345 496 3398 γων
517 3346 531 3361 α
580 3329 817 3399 Ἐχθρὸς
840 3330 1004 3399 ὑμῶν
1033 3327 1249 3399 γέγονα
1271 3327 1585 3395 ἀληθεύων
1622 3326 1805 3395 ὑμῖν;
1839 3324 1957 3388 πῶς

384 3423 638 3494 πικρὲδας
664 3421 847 3493 ἤσθιεν
873 3421 944 3475 ἐν
972 3421 1156 3486 κόπῳ,
1183 3419 1279 3473 καὶ
1303 3419 1526 3488 μόχθῳ,
1558 3416 1657 3471 καί
1681 3416 1751 3471 ἐν
1775 3416 1957 3485 ἀγρυ-

385 3514 588 3579 πνίαις
631 3511 957 3578 πολλάκις,
1005 3511 1075 3564 ἐν
1113 3509 1267 3580 λιμῷ
1295 3508 1395 3563 καὶ
1422 3506 1614 3578 δίψει,
1644 3507 1814 3580 χωρὶς
1849 3506 1958 3559 τῶν

386 3604 667 3676 παρεκτὸς
696 3645 712 3670 ,
743 3605 792 3657 εἰ
813 3603 988 3657 ταῦτα
1015 3603 1113 3656 οὑκ
1138 3596 1206 3673 ἦν
1233 3600 1459 3672 ἀλήθεια
1494 3599 1634 3672 μετά
1660 3598 1954 3670 πικρίδων;

328 3740 331 3743 -
392 3698 608 3769 Ἀζνμα
631 3695 770 3769 μετά
794 3696 1055 3768 πικρίδων
1077 3694 1280 3749 ἕδεσθε.
1304 3692 1417 3747 Καὶ
1435 3694 1535 3746 οὐκ
1557 3687 1957 3762 εἷπεν-’Δζομα

391 3789 528 3860 μετά
558 3789 821 3861 πικρίδων
850 3787 1052 3851 ἕδεσθε,
1086 3786 1190 3851 ἓως
1224 3784 1575 3856 ὲμπλησθῆτε
1594 3823 1609 3849 ,
1644 3783 1833 3855 ὥσπερ
1864 3782 1957 3836 ἐπὶ

387 3883 496 3937 τῶν
522 3882 697 3938 ἄλλων
724 3881 990 3937 λέλεκταιο
1016 3879 1283 3951 Φάγεσθε
1308 3878 1406 3933 καὶ
1430 3875 1954 3947 ὲμπλησθήσεσθε.

399 3978 457 4032 '0
490 3978 773 4050 προφήτης
806 3975 1206 4050 προσεπιτείνει
1234 3975 1408 4043 λέγων
1439 3968 1572 4042 οὐχ,
1607 3970 1691 4025 ὃτι
1727 3971 1955 4041 πικρίαν

388 4069 608 4140 ἔφαγον,
649 4068 783 4126 ἀλλά
806 4086 819 4100 ·
848 4070 1094 4138 amplae
1118 4063 1510 4132 ἐνεπλήσθην
1530 4079 1541 4092 ·
1577 4063 1677 4134 ὅση
1707 4061 1953 4133 δύναμις,

388 4162 496 4215 τῶν
537 4161 747 4234 πικρῶν
781 4158 1182 4233 μετελάμϐανον
1215 4154 1589 4229 πραγμάτων,
1629 4153 1771 4207 ὥστε
1821 4153 1956 4224 μετά

392 4253 774 4325 πληρεστάτων
801 4252 1063 4323 πικρίδων
1095 4248 1433 4322 μεταλαϐεῖν.

462 4345 583 4399 Ἵνα
612 4345 670 4397 τί
693 4347 745 4398 oi
769 4341 1094 4413 μισοῦντές
1122 4356 1201 4411 με
1222 4337 1624 4408 κειτισχύουσί
1640 4354 1717 4407 με
1738 4353 1756 4401 ;
1778 4335 1958 4390 Πολλά

389 4437 513 4508 ἔσχε
561 4436 860 4509 πράγματα
883 4475 898 4499 ,
952 4433 1187 4504 ἔπασχεν
1236 4432 1345 4486 ἀπὸ
1397 4430 1506 4484 τῶν
1569 4429 1829 4484 θελόντων
1877 4426 1953 4499 (2)

1993 1832 2029 1886 li

2067 590 2319 645 sedemus
2346 590 2546 660 quippe
2575 606 2699 645 eum
2727 590 3001 661 plurimis.
3059 591 3288 657 Quando
3316 603 3496 649 autem
3523 596 3631 650 vita

2066 683 2252 730 nostra
2279 674 2440 729 fuerit
2472 677 2802 741 istiusmodi,
2836 686 2894 732 ut
2915 678 3096 734 nullus
3122 678 3280 733 nobis
3307 694 3492 748 sensu,
3521 695 3639 735 sero

2065 777 2249 829 mone,
2298 765 2466 834 gestis
2510 775 2841 834 coaequetur,
2898 777 3030 822 tunc
3070 782 3368 837 possumus
3407 767 3631 824 dicere:

2066 852 2224 909 Solus
2260 857 2524 910 sedebam.
2581 856 2730 913 Licet
2757 859 2807 913 ei
2836 859 2927 927 qui
2961 875 3070 913 non
3101 869 3185 914 est
3213 860 3514 931 presbyter,
3539 871 3633 916 aut

2063 945 2374 1015 episcopus,
2409 946 2571 1015 220
2595 956 2687 1002 aut
2709 947 2994 1013 diaconus,
3034 957 3129 1004 aut
3150 950 3254 1004 alia
3278 949 3520 1020 qualibet
3538 951 3628 1007 de-

2064 1042 2284 1087 coratus
2336 1032 2593 1088 Ecclesiae
2635 1035 2928 1106 dignitate,
2970 1037 3106 1093 bene
3144 1038 3346 1093 viventi
3402 1037 3627 1096 dicere:

2066 1120 2224 1177 Salus
2257 1123 2498 1177 sedebam
2526 1125 2652 1195 quia
2683 1106 3045 1180 amaritudine
3074 1127 3260 1196 plenus
3298 1145 3416 1183 sum
3444 1129 3511 1183 ".
3572 1127 3630 1184 Si

2065 1222 2212 1268 arcta
2239 1222 2295 1269 et
2321 1224 2549 1285 angusta
2583 1227 2667 1271 est
2695 1217 2779 1271 via
2812 1231 2934 1287 quae
2961 1218 3110 1272 ducit
3141 1219 3209 1273 ad
3243 1220 3430 1283 vitam,
3463 1235 3631 1290 expe-

2065 1304 2142 1360 dit
2175 1306 2272 1360 tibi
2301 1306 2370 1360 ab
2393 1306 2546 1360 omni
2577 1307 2864 1363 dulcedine
2906 1309 3198 1374 recedenti,
3230 1319 3288 1364 ut
3317 1312 3631 1367 amaritudi-

2062 1411 2133 1453 ne
2160 1397 2214 1451 in
2246 1397 2495 1467 praesenti
2519 1398 2718 1453 saeculo
2745 1399 3087 1469 complearis.
3128 1401 3212 1456 Au
3245 1401 3463 1472 ignoras
3490 1421 3629 1476 quod

2064 1490 2209 1544 niam
2248 1489 2565 1545 solemnitas
2590 1490 2680 1544 Dei
2709 1491 2980 1561 adiunctis
3008 1493 3465 1551 amaritudinibus
3485 1498 3630 1552 cele-

2062 1580 2285 1634 bratur?
2312 1579 2400 1634 Ait
2434 1581 2634 1650 quippe
2658 1597 2843 1637 sermo
2868 1581 3087 1638 divinus
3113 1584 3160 1616 "
3192 1602 3205 1638 :
3240 1583 3372 1640 Cum
3393 1585 3632 1641 habitari.

2064 1672 2132 1725 tis
2163 1672 2303 1725 diem
2335 1671 2548 1741 festum.
2579 1690 2768 1743 azyma
2797 1690 2954 1743 super
2981 1677 3388 1732 amaritudinem
3412 1680 3630 1733 mandu-

2062 1762 2272 1817 cubitis.
2347 1763 2524 1817 Simul
2571 1772 2752 1819 autem
2806 1765 3262 1821 considerandum
3316 1776 3447 1837 puto
3498 1769 3628 1839 quid

2060 1857 2188 1911 velit
2220 1857 2335 1912 haec
2361 1857 2539 1927 jussio
2569 1871 2690 1926 quae
2719 1858 2974 1927 praecepit
3013 1866 3260 1929 agentem
3293 1859 3500 1915 Pascha
3530 1859 3624 1916 Dei

2059 1962 2248 2018 azyma
2274 1963 2396 2003 cum
2432 1948 2889 2004 amaritudinibus
2920 1951 3272 2006 manducare.
3315 1950 3382 2006 Et
3408 1953 3476 2007 de
3496 1969 3625 2025 azy-

2059 2041 2164 2095 mis
2195 2040 2324 2110 quid
2354 2049 2438 2097 est
2478 2056 2599 2096 mea
2645 2042 3054 2112 interpretatio?
3103 2042 3396 2112 Apostolus
3424 2042 3627 2099 Paulus

2056 2132 2328 2202 exposuit.
2389 2131 2468 2189 De
2506 2132 2873 2189 amaritudine
2914 2149 3042 2189 vero
3086 2135 3233 2204 quod
3258 2136 3505 2205 sequitur
3532 2152 3628 2193 ne-

2057 2238 2210 2279 cesse
2237 2229 2322 2279 est
2354 2230 2415 2277 ut
2442 2223 2653 2294 aliquid
2697 2224 3012 2294 apostolica:
3059 2225 3411 2296 disputationi
3447 2228 3628 2284 simile

2059 2315 2335 2372 reddatur.
2389 2313 2465 2370 De
2494 2316 2702 2387 azymis
2730 2316 2914 2388 itaque
2936 2315 3232 2382 Apostolus
3262 2319 3335 2373 ita
3362 2318 3496 2374 dicit
3525 2318 3573 2353 τ’
3608 2339 3623 2374 :

2059 2406 2222 2461 Festa
2266 2405 2578 2462 celebremus
2625 2422 2727 2462 non
2768 2410 2826 2462 in
2868 2410 3123 2478 fermento
3152 2412 3340 2471 veteri.
3381 2427 3541 2483 neque
3570 2414 3629 2468 in

2058 2499 2312 2568 fermento
2338 2498 2561 2552 malitia:
2589 2507 2639 2553 et
2672 2500 2940 2570 nequitiis,
2984 2502 3076 2555 sed
3099 2502 3155 2555 in
3184 2505 3386 2572 azymis
3412 2506 3630 2560 sinceri-

2059 2590 2186 2644 tatis
2212 2597 2263 2645 et
2286 2589 2540 2643 veritatis.
2594 2589 2671 2644 De
2700 2590 3159 2647 amaritudinibus
3191 2608 3414 2650 necesse
3452 2604 3537 2650 est
3568 2607 3627 2650 ut

2060 2682 2183 2738 talis
2212 2681 2352 2736 ratio
2381 2681 2637 2736 reddatur
2656 2720 2672 2747 ,
2726 2697 2848 2750 quae
2892 2682 3084 2737 doceat
3113 2683 3194 2738 sic
3224 2699 3320 2741 eas
3347 2685 3629 2741 celebran-

2057 2770 2156 2828 das
2178 2770 2454 2842 quomodo
2477 2785 2668 2842 azyma
2698 2771 3071 2827 comedantur.
3114 2771 3320 2829 Habeto
3346 2775 3631 2831 sincerita-

2059 2873 2165 2920 tem
2200 2872 2256 2919 et
2282 2862 2588 2928 veritatem,
2626 2864 2687 2918 ἐι
2711 2864 3102 2920 amaritudines
3124 2873 3176 2920 te
3206 2877 3523 2936 sequentur,
3572 2877 3631 2922 et

2057 2954 2415 3012 manducabis
2435 2969 2625 3026 azyma
2647 2971 2770 3011 cum
2791 2955 3102 3012 sinceritate
3132 2966 3187 3012 et
3213 2958 3460 3014 veritate.
3487 2957 3628 3025 Quia

2056 3045 2259 3103 Paulus
2306 3047 2621 3103 istiusmodi
2671 3062 2862 3119 azyma
2895 3047 3246 3115 comedebat,
3299 3052 3628 3121 sequebatur

2058 3152 2183 3192 eum
2204 3136 2513 3191 amaritudo
2534 3136 2800 3193 dicentem
2830 3154 2844 3192 :
2869 3135 3131 3194 Inimicus
3154 3141 3294 3195 vobis
3316 3140 3488 3212 factus
3511 3158 3628 3196 sicut

2060 3245 2179 3284 vera
2206 3228 2382 3283 dicens
2408 3227 2479 3283 ".
2536 3226 2899 3284 Manducabat
2938 3231 3326 3287 amaritudines
3349 3233 3403 3287 in
3426 3232 3627 3300 dolore,

2059 3321 2113 3374 in
2147 3319 2348 3386 labore,
2393 3320 2447 3374 in
2490 3318 2688 3389 uigiliis
2733 3320 3054 3391 frequenter,
3106 3323 3161 3375 in
3190 3323 3329 3391 fame
3354 3334 3404 3378 et
3433 3325 3525 3379 siti
3554 3325 3625 3390 ⁷⁷,

2057 3416 2211 3464 extra
2236 3416 2432 3463 caetera
2453 3422 2576 3478 qua:
2599 3424 2696 3478 pro
2726 3409 2893 3464 totius
2921 3412 3111 3467 mundi
3138 3413 3313 3467 salute
3340 3414 3628 3484 pendebat,

2059 3509 2113 3556 et
2160 3513 2281 3568 qua:
2327 3514 2454 3554 eum
2504 3497 2778 3555 faciebant
2820 3503 3103 3572 praesidem
3147 3506 3392 3561 veritatis
3437 3522 3629 3578 azyma

2058 3606 2184 3648 cum
2228 3589 2685 3647 amaritudinibus
2734 3593 3088 3650 manducare.
3156 3593 3224 3649 Et
3281 3595 3365 3651 les
3407 3596 3626 3665 quidem

2057 3685 2174 3741 haec
2199 3682 2363 3740 dicit:
2382 3683 2583 3753 Azyma
2608 3692 2732 3739 eum
2757 3684 3211 3742 amaritudinibus
3239 3689 3505 3743 comedite
3523 3730 3539 3755 ,
3573 3701 3631 3745 et

2060 3776 2385 3847 implemini,
2414 3776 2557 3845 sicut
2582 3784 2635 3831 et
2664 3776 2773 3830 alio
2799 3777 2921 3832 loco
2949 3778 3149 3833 dicitur
3170 3780 3235 3834 de
3256 3781 3583 3851 quibusdam
3609 3801 3625 3839 :

2062 3867 2384 3922 Manducate
2423 3877 2472 3920 et
2498 3867 2707 3937 implete
2751 3884 2860 3922 vos.
2909 3868 3178 3939 Propheta
3208 3887 3337 3926 vero
3369 3888 3476 3927 non
3512 3876 3624 3931 ait:

2059 3956 2493 4013 Amaritudinem
2528 3957 2774 4025 comedi,
2816 3960 2908 4014 sed
2943 3960 3354 4017 :Amaritudine
3397 3964 3627 4035 repletus

2059 4062 2211 4113 sum;
2264 4051 2367 4105 hoc
2409 4058 2528 4115 εει,
2581 4049 2634 4103 in
2686 4066 2772 4106 me
2817 4059 3025 4106 tantum
3072 4054 3255 4108 saeculi
3288 4057 3627 4124 persecutio-

2060 4158 2188 4199 num
2229 4142 2443 4213 pondtis
2490 4141 2770 4209 incubuit,
2816 4151 2875 4199 ut
2914 4144 3106 4215 plenus
3133 4146 3497 4203 amaritudine
3526 4150 3626 4205 tie-

2060 4250 2196 4292 rem.
2340 4302 2343 4307 _
2440 4242 2445 4247 '

2132 4328 2217 4382 i7.
2282 4326 2461 4394 Quare
2514 4327 2603 4398 qui
2661 4343 2740 4381 me
2771 4321 3112 4382 ‘contristant
3162 4328 3533 4398 confortantur
3575 4332 3629 4387 in

2060 4437 2139 4474 me
2160 4420 2243 4473 πῖ
2297 4419 2461 4474 Multa
2498 4435 2695 4490 passus
2742 4430 2826 4476 est
2850 4418 3115 4477 Jeremias
3143 4422 3212 4477 ab
3240 4422 3329 4478 bis
3362 4422 3456 4494 qui
3486 4424 3629 4478 veri-

388 4499 700 4579 az'éam'ca'
714 4499 910 4595 ἀληθὲς
930 4562 944 4587 ,
970 4522 1062 4576 καὶ
1088 4499 1330 4593 ἤκουσαν
1358 4515 1524 4575 αὑτοῦ
1557 4520 1775 4573 ἐκεῖνοι.
1794 4522 1957 4571 Δονα-

2060 4523 2226 4568 tatem
2253 4513 2444 4568 audire
2477 4512 2769 4579 nolebant,
2814 4523 2864 4569 et
2889 4526 3047 4569 erant
3079 4513 3173 4569 illo
3200 4515 3253 4569 in
3287 4517 3393 4571 hoc
3431 4517 3629 4573 saeculo

386 4617 612 4691 τὼτεροι
640 4618 703 4672 δὲ
724 4612 1053 4671 ὲνταῦθαὶν
1077 4613 1155 4687 τῷ
1184 4613 1340 4691 αἰῶνι
1380 4611 1556 4683 τούτῳ
1575 4652 1589 4675 ,
1636 4608 1823 4680 ἐπειδὴ
1856 4608 1954 4662 οὐκ

388 4710 532 4764 ἔστιν
578 4710 611 4780 ὴ
656 4700 901 4780 βασιλεία
945 4694 1039 4760 τοῦ
1062 4696 1216 4759 Θεοῦ
1255 4694 1319 4759 ὲκ
1351 4702 1443 4758 τοῦ
1489 4698 1684 4764 αἰῶνος
1730 4699 1953 4760 τούτου,
2003 4742 2008 4748 .

385 4801 522 4856 ἀλλά
552 4801 660 4854 ἀπὸ
702 4798 812 4854 τῶν
852 4797 1206 4870 κρειττόνων,
1237 4795 1314 4860 ὥς
1353 4810 1520 4867 φησιν
1557 4796 1586 4848 ὁ
1627 4793 1848 4864 Σωτήρ·
1887 4790 1958 4843 Ei

386 4892 465 4965 ἦν
488 4895 558 4950 ἐκ
588 4893 695 4949 τοῦ
734 4892 966 4965 κόσμου
997 4890 1211 4969 τούτου
1252 4891 1293 4958 ἡ
1314 4886 1604 4953 ,βασιλεία
1646 4885 1684 4953 ἠ
1709 4883 1822 4954 ἐμὴ
1844 4923 1858 4946 ,
1902 4883 1958 4935 ot

456 5033 506 5068 ⁷⁸
533 5029 644 5087 Jer.
677 5046 765 5095 xv,
806 5028 887 5085 I7.
963 5031 1009 5063 ⁷³
1050 5027 1222 5084 Exod.
1257 5016 1360 5090 sn,
1385 5022 1441 5081 8.
1514 5026 1562 5057 ’⁸
1593 5023 1612 5078 1
1644 5020 1773 5077 Cor.
1804 5037 1858 5089 v,
1885 5017 1938 5073 8.

386 5103 431 5134 ’⁸
458 5098 616 5157 Joan.
647 5116 801 5165 xvm,
829 5098 916 5155 56.

456 5238 532 5309 (I)
575 5239 695 5292 Ὅτι
743 5238 781 5309 ᾐ
818 5234 1001 5309 ιὲορζῄΔ
1035 5250 1153 5309 σοι(
1178 5231 1335 5309 ,μετά
1379 5230 1667 5309 πικρίδων
1709 5228 1952 5309 γίνεται.

387 5299 562 5363 Exod.
599 5324 709 5374 χιι,
743 5299 812 5370 8,
868 5299 1009 5360 LXX
1063 5299 1446 5364 reddiderunt,
1484 5300 1622 5373 μετὰ
1670 5299 1953 5371 πικρίδων,

386 5392 531 5470 quod
575 5398 839 5455 IIebraice
879 5407 962 5453 est
999 5405 1200 5456 uta-it:
1232 5379 1307 5455 διε
1337 5411 1349 5446 ε
1395 5393 1683 5450 Ionatham
1719 5411 1732 5446 :
1765 5375 1958 5455 TD‘L'D‘W

328 5548 333 5555 ,
385 5475 616 5577 πνοὴν,
646 5505 765 5543 cum
790 5487 1137 5558 partheniaet
1168 5484 1347 5541 intibis
1368 5499 1387 5549 ,'
1410 5481 1804 5554 Hieronymus:
1837 5497 1956 5535 eam

386 5569 978 5653 lactucis_agrestibus,
1037 5569 1394 5653 Cyprianus:
1444 5590 1562 5653 cum
1622 5574 1955 5653 picridibus;

386 5645 748 5706 Ambrosius°
820 5665 939 5702 cum
983 5645 1339 5702 amaritudine
1361 5687 1374 5707 .
1409 5645 1866 5715 quemadmodum
1902 5655 1957 5715 et

389 5720 633 5802 plerique
685 5719 1026 5800 interpretes.
1066 5716 1320 5802 ‘Iiulinns
1363 5712 1650 5802 borniliam
1705 5712 1955 5802 Origcnis

391 5785 704 5861 vigesimam
740 5788 951 5842 tertiam
982 5789 1037 5840 in
1063 5785 1332 5841 Numeros
1363 5785 1724 5854 interpretans
1753 5799 1765 5834 :
1804 5785 1958 5835 Man-

704 5882 980 5942 Pnnon.
1013 5880 1131 5939 Gn.
1174 5878 1341 5939 XIII.

2060 4603 2336 4669 fortiores,
2372 4603 2628 4674 quoniam
2660 4620 2769 4660 non
2800 4621 3023 4675 regnum
3061 4605 3154 4661 Dei
3182 4607 3248 4663 de
3276 4607 3476 4663 sreculo
3502 4609 3629 4678 isto,

2064 4696 2156 4752 sed
2188 4696 2255 4752 de
2287 4696 2391 4750 alia
2414 4696 2649 4766 quadam
2684 4694 2978 4753 viventium
3011 4692 3263 4769 regione,
3299 4696 3631 4757 nt'Salvator

2064 4786 2143 4843 ait
2176 4804 2189 4840 :
2220 4786 2281 4841 Si
2305 4795 2439 4842 esset
2469 4787 2533 4841 de
2562 4789 2658 4842 hoc
2683 4790 2879 4843 mundo
2911 4806 3128 4860 regnum
3159 4808 3349 4853 meum.
3401 4792 3631 4848 ministri

2066 4879 2166 4935 mei
2188 4864 2488 4933 laborarent
2534 4895 2591 4934 ut
2624 4868 2727 4935 non
2762 4881 2998 4937 traderer
3024 4882 3269 4948 Judwis;
3314 4884 3631 4947 confortan-

2026 5019 2071 5050 "
2102 5016 2277 5073 Galat.
2326 5032 2398 5084 tv,
2426 5016 2511 5073 16.
2588 5020 2633 5049 ⁷“¹
2664 5017 2704 5071 II
2741 5016 2870 5073 Cor.
2899 5030 2974 5086 xl,
3003 5016 3092 5074 27.
3141 5098 3145 5102 _
3190 5018 3238 5054 ’⁸
3266 5018 3376 5076 Jer.
3409 5036 3501 5090 xv,
3543 5022 3628 5082 I8.

2061 5222 2321 5278 ducabitis
2355 5225 2499 5294 enim
2518 5239 2706 5294 azyma
2737 5239 2852 5277 cum
2885 5223 3265 5290 amaritudine,
3296 5228 3401 5280 sire
3421 5225 3625 5294 picriis.

2059 5302 2260 5355 D’ﬁ'm
2288 5292 2537 5363 generale
2565 5292 2759 5348 nomen
2785 5303 2886 5355 est,
2918 5306 3027 5363 quo
3059 5310 3243 5350 amara
3272 5292 3552 5353 onmia.‘et
3579 5297 3625 5351 si

2059 5365 2179 5432 ejus
2213 5364 2418 5417 mentio
2455 5365 2545 5422 tit.
2594 5374 2778 5417 amara
2813 5366 2995 5418 omnia
3024 5364 3200 5419 edulia
3232 5366 3581 5419 continentur
3610 5381 3641 5416 ετ

2063 5433 2115 5489 id
2149 5442 2329 5488 autem
2381 5432 2465 5486 his
2496 5434 2629 5487 locis
2658 5434 2723 5487 ad
2771 5443 2971 5487 certam
3009 5434 3240 5504 Speciem
3277 5433 3416 5488 LXX
3454 5434 3624 5489 inter~

2060 5512 2240 5574 pretes
2274 5512 2598 5556 revocarunt
2620 5543 2635 5567 ,
2664 5505 2921 5574 πι-κρίδας
2960 5516 3184 5574 nempe,
3213 5504 3359 5571 quod
3388 5504 3630 5559 deterius

2060 5519 2240 5574 pretes
2274 5519 2598 5556 revocarunt
2620 5543 2635 5567 ,
2664 5519 2921 5625 πικρέοας
2960 5519 3184 5569 nempe,
3213 5519 3359 5571 quoa
3388 5519 3630 5559 aeternis

2060 5583 2142 5629 est
2174 5573 2397 5645 lactuca:
2422 5587 2595 5640 genus
2625 5590 2637 5624 :
2674 5572 2760 5625 LX
2793 5570 2806 5582 ’
2845 5581 3024 5627 autem
3079 5570 3440 5645 Hieronymus
3473 5589 3631 5630 secu-

2057 5654 2146 5696 tus
2176 5651 2278 5696 est.
2312 5639 2575 5695 Haasius.

2131 5711 2204 5785 ('2)
2232 5710 2387 5785 _‘A:-rd
2430 5706 2548 5785 τῷν
2595 5710 2911 5765 θελόντων.
2946 5711 3174 5784 Legebat
3215 5709 3580 5785 Hieronymus
3613 5731 3628 5768 :

2059 5783 2168 5837 ἀπὸ
2193 5780 2296 5832 τῶν
2329 5778 2402 5849 μὴ
2430 5777 2710 5833 θελόντων.

3373 5880 3446 5939 I't-
