4122 6418
465 371 570 425 127

1845 360 2166 420 ORIGENlS

3627 367 3726 420 5‘28

467 502 554 546 tur
581 503 711 559 ergo
740 487 1003 542 adversus
1032 500 1156 540 eum
1193 484 1245 538 iu
1273 483 1472 538 steculo
1495 482 1619 536 isto.
1682 480 1746 536 Et
1777 481 1921 552 quod
1951 479 2039 545 ju-

2142 476 2426 542 ὑπηρέται
2460 479 2514 528 οι
2541 476 2666 544 ἐμοὶ
2698 473 3052 543 ἠγωνίζοντο
3101 476 3213 538 ἂν,
3267 477 3367 529 ἵνα
3405 474 3490 546 μὴ
3537 495 3726 547 παρα-

466 586 585 632 stus
632 574 862 629 debilior
905 573 978 627 sit
1030 588 1060 626 a
1112 571 1563 642 persequentibus
1590 585 1672 636 se,
1726 571 1847 626 vide
1876 570 2034 638 22],

470 677 768 737 martyrum
793 664 1096 734 passiones.
1135 663 1308 718 iudex
1336 664 1389 717 iu
1415 663 1541 717 altis
1567 663 1932 717 tribunalibus
1961 677 2039 716 se-

465 757 575 822 det,
603 757 671 810 ad
701 764 938 818 ructum,
959 764 1012 809 et
1041 753 1108 809 ad
1139 755 1363 809 delicias
1393 753 1745 823 prominens;
1774 753 2041 808 Christia-

468 862 572 902 nus
601 847 656 900 in
688 862 798 917 quo
818 846 1076 901 Christus
1107 846 1336 911 habitat,
1363 845 1642 914 judicatur
1670 844 1863 914 plenus
1889 859 2043 898 ama-

468 935 725 1001 ritudine,
755 944 809 990 et
831 935 896 990 ad
923 944 1148 989 mortem
1176 949 1348 1004 usque
1379 934 1656 1004 subjectus
1675 974 1692 993 .
1719 932 2041 988 confortatis

471 1027 708 1082 inimicis
740 1027 857 1081 suis
883 1028 1170 1081 adversum
1203 1041 1280 1081 se.

539 1203 626 1259 l8.
648 1203 816 1274 Plaga
840 1221 955 1258 mea
972 1204 1130 1272 ﬁrma
1148 1213 1224 1257 est
1238 1203 1306 1269 ⁸ος
1323 1203 1458 1256 unde
1477 1202 1746 1256 sanabor?
1771 1200 1873 1268 Qui
1907 1217 2040 1256 con-

471 1300 742 1354 fortantur
769 1300 822 1353 in
855 1314 942 1354 me
970 1298 1191 1353 vulnera
1230 1297 1467 1353 inferunt
1496 1295 1720 1362 mihi,et
1735 1297 1892 1367 plaga
1921 1313 2040 1352 mea

469 1391 622 1445 llrma
650 1399 751 1444 est.
788 1390 914 1444 Sive
929 1389 996 1444 de
1029 1404 1192 1444 cruce
1223 1387 1436 1442 Domini
1457 1387 1962 1457 praedicatum,sive
1977 1387 2044 1442 de

465 1480 649 1549 iustis,
687 1482 802 1536 sive
827 1481 1133 1550 specialiter
1151 1481 1218 1535 de
1249 1479 1479 1534 Jeremia
1507 1479 1746 1534 volueris
1774 1479 2040 1550 accipere,

470 1588 577 1626 non
597 1571 909 1627 abhorrebit
922 1587 950 1624 a
969 1587 1151 1626 sensu.
1168 1569 1338 1640 Plaga
1353 1586 1464 1622 mea
1479 1569 1517 1638 ﬁ
1525 1586 1636 1623 rma
1664 1578 1739 1623 est
1758 1586 1776 1633 ;
1801 1570 1936 1622 unde
1954 1586 2043 1622 sa-

469 1665 676 1718 nabor?
727 1662 792 1716 Et
823 1661 1074 1716 Salvator
1106 1670 1286 1731 potest
1319 1660 1501 1714 dicere
1537 1678 1551 1716 :
1593 1659 1740 1714 Unde
1768 1659 2042 1715 sanabor?

478 1753 932 1808 resurrectionem
985 1768 1140 1807 suam
1186 1761 1310 1822 post
1363 1751 1639 1806 clavorum
1710 1752 2040 1806 annuntians

2141 565 2293 619 δοθῶ
2323 565 2446 631 τοῖς
2483 566 2805 632 Ἰουδαίοις.
2842 567 2904 618 Ol
2937 565 3235 631 λυποῦντες
3269 565 3360 622 οὖν
3390 569 3480 621 τὸν
3518 574 3731 644 προφή-

2139 673 2238 728 την
2283 658 2574 727 κατίσχυον
2613 657 2775 710 αὑτοῦ
2804 659 2862 709 ἐν
2895 656 2973 727 τῷ
3005 657 3193 728 κόσμῳ
3241 657 3436 730 τούτῳ.
3470 661 3594 713 Ὀτι
3621 663 3731 735 γάρ

2143 749 2406 819 ἰσχύουσι,
2452 749 2674 820 βλέπετε
2729 750 2852 813 τοὺς
2891 749 3192 820 μάρτυρας.
3232 751 3292 803 '0
3321 751 3580 824 δικαστὴς
3631 772 3730 808 κα-⁹

2141 841 2357 906 θέζεται
2407 842 2642 907 δικάζων
2661 882 2676 906 ,
2716 841 2812 895 καὶ
2839 840 3057 910 τρυφῶν
3100 841 3158 893 ἐν
3185 841 3262 912 τῷ
3293 842 3633 915 δικαστηρίῳ
3654 861 3668 874 ο
3701 846 3729 898 ό

2141 933 2494 1003 Χριστιανὸς,
2523 935 2581 986 ἐν
2599 926 2643 1000 ᾧ
2665 935 2780 985 ἐστι
2813 931 3050 1001 Χριστὸς
3078 931 3432 1004 δικαζόμενος
3453 973 3468 996 ,
3501 937 3729 1007 πικρίας

2141 1023 2448 1096 ἐνεπλήσθη
2473 1064 2487 1086 ,
2521 1024 2616 1076 καὶ
2652 1019 3205 1075 καταδεδυνάστευται
3235 1023 3340 1076 ὑπὸ
3364 1023 3459 1077 τοῦ
3501 1025 3690 1078 ἀδίκου
3711 1065 3726 1090 ,

2143 1116 2238 1170 καὶ
2272 1113 2717 1178 καταδικάζεται.

2225 1208 2286 1263 Ἠ
2332 1204 2536 1276 πληγή
2581 1223 2703 1276 μου
2750 1205 2996 1274 στερεάο
3045 1207 3232 1262 πόθεν
3276 1208 3626 1278 ἰαθήσομαι;
3659 1209 3725 1263 Οί

2144 1297 2528 1369 κατισχύοντες
2560 1314 2649 1368 με,
2681 1297 2776 1350 καὶ
2800 1298 2833 1370 ή
2861 1297 3040 1370 πληγή
3079 1315 3181 1369 μου
3215 1299 3336 1352 ἐστὶ
3370 1301 3580 1372 στερεά.
3601 1302 3721 1354 Εἴτε

2145 1387 2480 1461 προφητεύει
2510 1387 2602 1441 τὸν
2631 1388 2863 1459 σταυρὸν
2895 1387 3114 1440 ἑαυτοῦ·
3152 1388 3345 1460 στερεά
3389 1389 3498 1459 γὰρ
3540 1389 3722 1461 πληγή

2143 1483 2290 1535 ἐστιν
2339 1481 2368 1533 ό
2417 1480 2647 1551 σταυρὸς
2695 1480 2817 1532 ὅσον
2867 1480 2959 1532 ἐπὶ
3005 1483 3119 1543 τοῖς
3170 1479 3493 1551 σταυροῦσιν
3537 1484 3718 1536 αὐτόν·

2142 1573 2252 1626 εἴτε
2293 1572 2421 1643 περὶ
2455 1572 2671 1626 πάντων
2700 1571 2806 1625 τῶν
2837 1570 3062 1624 δικαίων
3106 1571 3350 1640 λέγεται,
3380 1575 3438 1627 ἐν
3474 1569 3555 1638 οἷς
3588 1575 3709 1646 πληο

2142 1662 2244 1734 γήν
2279 1661 2505 1734 στερεὰν
2533 1661 2836 1732 λαμϐάνει·
2886 1662 2997 1716 εἴτε
3042 1664 3136 1718 καὶ
3177 1663 3270 1716 ἐπὶ
3314 1663 3410 1716 τοῦ
3443 1667 3724 1737 προφήτου

2142 1754 2372 1808 ἄκουσον
2425 1753 2585 1807 τοῦτο
2637 1753 2754 1823 (καὶ
2784 1753 2893 1826 γὰρ
2926 1755 3020 1808 καὶ
3045 1755 3204 1818 αὐτὸς
3237 1755 3470 1809 πέπονθε
3499 1757 3568 1810 τά
3596 1759 3728 1811 ἀνα-

466 1845 722 1909 vulnera;
749 1855 802 1898 ct
823 1844 1006 1914 justus
1029 1843 1122 1912 qui
1153 1853 1274 1913 post
1302 1843 1488 1913 plagas
1510 1843 1704 1914 recipit
1727 1843 2035 1899 sanitatem.

2142 1843 2502 1915 γεγραμμένα
2551 1845 2607 1895 ἐν
2637 1845 2704 1912 τῇ
2743 1823 3046 1915 προςρητείᾳ
3083 1845 3123 1914 ),
3172 1846 3368 1902 ταύτὸν
3419 1847 3725 1918 ἐπιδέχεται

467 1934 636 1989 Facta
676 1949 752 1988 est
805 1935 932 1988 mihi
975 1934 1323 2004 (subauditur
1356 1935 1533 2005 plaga)
1561 1935 1696 1989 sicut
1729 1951 1868 2005 aqua
1896 1951 2041 1988 men-

465 2026 572 2078 τιατ
595 2042 694 2078 non
729 2026 923 2080 habens
949 2025 1106 2094 ﬁdem
1139 2025 1207 2079 ⁸⁸.
1257 2024 1314 2079 Si
1340 2025 1559 2094 quidem
1591 2026 1745 2096 plaga
1781 2041 1898 2080 mea
1931 2042 2038 2082 non

466 2125 670 2178 manet,
705 2117 797 2171 sed
829 2132 994 2185 super
1023 2131 1110 2170 me
1133 2116 1350 2171 transit.
1394 2115 1522 2170 Ideo
1564 2119 1674 2171 hac
1697 2119 1827 2172 dicit
1854 2119 2032 2173 Domi-

466 2225 562 2263 nus
585 2225 603 2262 :
629 2207 687 2262 Si
719 2225 994 2262 conversus
1038 2209 1224 2278 fuerit,
1265 2211 1540 2262 restituam
1570 2220 1618 2264 te
1640 2210 1705 2266 ".
1745 2210 1825 2264 Ad
1853 2226 2041 2267 omnes

468 2301 582 2354 haec
627 2301 864 2370 loquitur
911 2299 1076 2364 Deus,
1126 2315 1266 2370 quos
1289 2302 1485 2355 reverti
1525 2301 1639 2355 vult
1681 2301 1746 2356 ad
1775 2303 2038 2357 salutem.

473 2389 693 2447 Videtur
743 2404 924 2447 autem
970 2392 1228 2462 quiddam
1265 2393 1575 2464 signiﬁcare
1617 2395 1859 2466 mysterii
1891 2395 1944 2449 in
1975 2409 2040 2448 eo

467 2489 609 2559 quod
641 2489 718 2543 ait
761 2507 774 2543 :
827 2487 1120 2543 Restituam
1152 2498 1232 2552 te;
1271 2503 1432 2543 nemo
1457 2488 1658 2558 quippe
1693 2487 1906 2542 restitui
1938 2503 2040 2556 po-

469 2589 594 2645 test,
633 2579 736 2634 nisi
771 2579 822 2632 iu
857 2594 980 2633 eum
1018 2580 1197 2634 locum
1231 2578 1373 2633 unde
1412 2586 1538 2632 ante
1565 2577 1928 2643 discesserat;
1983 2587 2042 2632 ut

465 2681 593 2738 puta
635 2671 679 2724 si
725 2671 1032 2724 membrum
1069 2669 1316 2740 corporis
1358 2669 1464 2724 mei
1497 2667 1663 2723 fuerit
1704 2683 1735 2722 a
1781 2683 2043 2740 compage

464 2761 823 2830 disiunctum,
860 2761 1108 2816 medicus
1154 2760 1285 2814 illud
1328 2761 1383 2814 in
1425 2759 1717 2829 pristinum
1746 2761 1925 2816 locum
1949 2777 2042 2816 re-

466 2850 690 2905 stituere
735 2858 988 2906 conatur.
1049 2849 1104 2903 Si
1132 2849 1330 2918 aliquis
1363 2857 1647 2918 separatur
1676 2864 1707 2903 e
1741 2850 1950 2918 patria,
1985 2851 2041 2905 in

467 2940 717 2995 exsilium
747 2940 1002 3004 mittitur,
1025 2949 1078 2994 et
1103 2948 1292 3008 postea
1317 2955 1411 3010 per
1433 2940 1824 3011 indulgentiam
1852 2957 2042 2998 eorum

468 3031 561 3100 qui
593 3040 821 3099 possunt
845 3031 1063 3086 exsules
1095 3030 1323 3093 solvere,
1360 3031 1602 3086 redditur
1631 3032 1889 3101 libertati,
1915 3035 2042 3089 τεά*

468 3121 509 3172 it
552 3120 693 3212 unde
727 3118 901 3173 fuerat
931 3118 1210 3212 expulsus.
1246 3118 1406 3212 lliles
1435 3135 1659 3212 quoque
1694 3122 1938 3192 abiectus
1974 3139 2042 3177 ex
2070 3154 2111 3212 α

466 3210 657 3262 ordine
685 3222 786 3262 suo
821 3207 1126 3262 restituitur
1165 3207 1365 3270 ordini,
1405 3208 1449 3261 si
1479 3213 1752 3279 acceperit
1794 3213 2033 3268 veniam.

467 3299 540 3354 Ita
568 3309 622 3354 et
652 3314 796 3354 nunc
826 3299 1026 3354 dicitur
1054 3298 1121 3352 ad
1147 3299 1374 3354 mortale
1415 3315 1608 3369 genus,
1656 3301 1708 3356 id
1735 3311 1817 3357 est
1842 3306 1907 3357 ad
1937 3319 2039 3359 nos

467 3393 738 3457 homines,
782 3391 874 3462 qui
907 3406 937 3444 a
970 3389 1080 3444 Deo
1109 3388 1388 3445 fueramus
1433 3391 1609 3445 aversi
1645 3409 1660 3446 :
1695 3389 1750 3445 Si
1783 3394 2037 3448 conversi

465 3483 703 3547 fueritis,
758 3483 1043 3537 restituam
1075 3497 1192 3535 vos.
1249 3479 1401 3536 Finis
1427 3481 1626 3552 quippe
1656 3485 2038 3552 repromissio-

468 3574 552 3628 nis
599 3574 871 3628 restitutio
911 3583 1030 3637 est,
1078 3573 1211 3627 utin
1237 3572 1462 3628 Actibus
1501 3575 1873 3642 apostolorum
1907 3575 2039 3646 legi-

463 3681 627 3720 mus:
669 3663 838 3734 Usque
871 3665 940 3716 ad
971 3674 1204 3732 tempora
1250 3663 1602 3717 restitutionis
1646 3666 1881 3719 omnium
1920 3682 2039 3738 quin

460 3760 668 3812 loculus
708 3765 782 3810 cat
820 3755 954 3810 Deus
983 3772 1075 3824 per
1101 3771 1157 3808 os
1181 3763 1484 3809 sanctorum
1511 3755 1883 3824 prophetarum
1914 3775 2040 3812 tuo-

461 3865 581 3902 rum
605 3847 672 3914 ⁸³,
705 3847 760 3902 ἱιι
785 3847 1008 3902 Christo
1034 3844 1186 3909 Jesu,
1237 3848 1323 3900 cui
1354 3854 1438 3900 est
1463 3846 1634 3915 gloria
1668 3855 1722 3902 et
1745 3847 2035 3919 imperium

465 3940 519 3995 in
552 3941 748 3995 Stecula
775 3940 1118 3994 saeculorum.
1161 3937 1356 3991 Amen.

2138 1936 2231 1989 τὸν
2263 1936 2386 1989 νοῦν
2415 1935 2556 1990 κατὰ
2584 1935 2683 2006 τὴν
2717 1935 2981 2004 λέγουσαν
3031 1936 3206 2003 λέξινο
3265 1939 3326 1993 'H
3367 1940 3571 2010 πληγή
3603 1959 3725 2010 μου

2140 2023 2385 2091 στερεά·
2433 2025 2618 2077 πόθεν
2665 2023 3018 2092 ίαθήσομαιξ
3070 2025 3180 2078 Καὶ
3234 2029 3262 2079 ὁ
3306 2027 3496 2098 Σωτὴρ
3535 2028 3722 2097 λέγει’

2140 2115 2333 2170 Πόθεν
2362 2113 2716 2182 ίαθήσομαι;
2756 2113 2868 2184 Τὴν
2915 2115 3207 2168 ἀνάστασιν
3264 2115 3364 2188 τὴν
3411 2121 3475 2171 ἐκ
3519 2118 3728 2191 νεκρῶν

2141 2203 2473 2275 προφητεύει
2510 2203 2649 2273 μετά
2673 2203 2777 2274 τὴν
2813 2204 3039 2274 στερεὰν
3069 2206 3313 2277 πληγήν·
3364 2207 3470 2261 κᾶν
3499 2210 3592 2262 ἐπὶ
3631 2208 3727 2264 τοῦ

2140 2297 2350 2350 δικαίου
2373 2296 2429 2350 δέ
2455 2295 2816 2366 λαμϐάνηται,
2852 2297 2989 2367 μετά
3017 2299 3115 2360 τὰς
3150 2299 3362 2369 πληγὰς
3390 2300 3598 2368 γίνεται
3631 2304 3727 2356 πά.

2140 2387 2223 2440 λιν
2259 2388 2418 2450 ῐασις.
2457 2385 2739 2456 Ἐτενήθη
2782 2403 2883 2455 μοι
2931 2389 3043 2440 οὐκ
3074 2387 3220 2457 ἕχον
3250 2390 3326 2460 (Ι)
3367 2392 3609 2445 πίστιν·
3661 2393 3724 2446 οὐ

2141 2480 2249 2554 γάρ
2294 2480 2442 2551 μένει
2487 2481 2521 2550 ή
2572 2477 2797 2549 πληγὴ,
2835 2479 2972 2534 ἀλλά
3006 2481 3360 2552 παρέρχεται.
3410 2485 3514 2538 Διὰ
3547 2485 3722 2539 τοῦτο

2141 2569 2282 2624 τάδε
2309 2570 2470 2639 λέγει
2493 2570 2711 2636 Κύριος
2730 2585 2744 2597 ·
2785 2568 2921 2622 Ἐὰν
2954 2569 3349 2640 ἐπιστρέψῃς,
3375 2575 3471 2627 καὶ
3504 2577 3727 2630 ἀποκα-

2141 2663 2426 2730 ταστήσω
2457 2678 2548 2714 σε.
2579 2659 2766 2714 Ταῦτα
2793 2659 2955 2714 πάλιν
2985 2661 3200 2730 λέγεται
3228 2664 3364 2734 πρὸς
3390 2666 3638 2731 ἕκαστον,
3665 2669 3725 2722 ὃν

2143 2753 2515 2826 παρακαλέσει
2547 2753 2575 2804 ὁ
2606 2752 2738 2815 Θεὸς
2773 2752 3099 2821 ἐπιστρέψαι
3129 2753 3265 2825 πρὸς
3296 2757 3484 2810 αὐτόν.
3512 2761 3732 2832 Moeri}-

2147 2861 2259 2915 ριον
2291 2845 2350 2897 δέ
2385 2861 2472 2912 μοι
2505 2843 2654 2897 δοκεῖ
2685 2841 2921 2896 ἐνταῦθα
2949 2841 3236 2911 δηλοῦσθαι
3265 2849 3323 2900 ὲν
3344 2848 3441 2919 τῷ,
3482 2850 3724 2904 Ἀποκα-

2142 2936 2424 3003 ταστήσω
2471 2953 2563 2992 σε.
2597 2936 2785 3001 Οὐδεὶς
2820 2936 3254 2991 ἀποκαθίσταται
3283 2941 3361 3003 εἷς
3404 2959 3525 2996 τινα
3561 2944 3726 2996 τόπου

2147 3029 2413 3100 μηδαμῶς
2437 3045 2566 3092 ποτε
2591 3027 2880 3098 γενόμενος
2900 3030 3017 3082 ἐκεῖ
3037 3045 3052 3058 ⁸
3076 3029 3190 3083 ἀλλ’
3217 3031 3250 3102 ή
3281 3033 3725 3099 ἀποκατάστασις

2147 3124 2292 3175 ἐστιν
2320 3124 2400 3186 είς
2429 3121 2496 3174 τά
2527 3124 2702 3175 οἰκεῖα
2724 3137 2737 3150 ·
2779 3115 2892 3176 οἷον
2922 3122 3185 3195 ἐξαρθρόν
3231 3141 3331 3193 μου
3367 3124 3462 3177 ἐάν
3502 3124 3726 3195 γένηται

2149 3213 2337 3282 μέλος,
2365 3213 2393 3264 ὁ
2423 3211 2604 3280 ἰατρὸς
2633 3212 2889 3282 πειρᾶται
2911 3210 3355 3266 ἀποκατάστασιν
3386 3212 3607 3283 ποιῆσαι
3628 3212 3726 3266 τι.ῦ

2145 3301 2432 3372 ἐξάρθρου.
2473 3302 2641 3353 Ὅταν
2671 3299 2776 3365 ἔξω
2808 3317 2892 3363 τις
2921 3301 3146 3371 γένηται
3187 3300 3287 3370 τῆς
3313 3301 3588 3373 πατρίδος,
3616 3302 3726 3356 εἴτε

2143 3392 2364 3455 δικαίως
2416 3391 2527 3444 εἶτε
2581 3390 2819 3457 ἀδίκως,
2858 3392 3220 3464 ἀπολαμϐάνῃ
3264 3391 3320 3445 δὲ
3369 3393 3431 3445 τὸ
3465 3392 3726 3448 δύνασθαι

2145 3483 2306 3538 πάλιν
2333 3486 2390 3536 ἐν
2416 3485 2483 3554 τῇ
2513 3482 2730 3553 πατρίδι
2761 3480 2900 3536 εἰναι
2929 3483 3067 3537 κατὰ
3095 3483 3221 3546 τοὺς
3249 3483 3468 3553 νόμους,
3485 3485 3727 3539 ἀποκατ-

2145 3573 2274 3644 έστη
2303 3574 2395 3626 ἐπὶ
2423 3573 2524 3645 τὴν
2565 3572 2803 3644 πατρίδα
2825 3571 2924 3643 τὴν
2969 3572 3182 3626 ἑαυτοῦ.
3231 3573 3304 3626 Τὸ
3335 3574 3464 3627 αὐτὸ
3493 3576 3601 3628 νόει
3635 3593 3726 3646 μοι

2145 3665 2237 3719 καὶ
2265 3665 2358 3718 ἐπὶ
2382 3663 2716 3734 στρατιώτου
2741 3706 2756 3730 ,
2784 3663 3139 3734 ἐκϐληθέντος
3166 3664 3274 3717 ἀπὸ
3303 3665 3404 3735 τῆς
3438 3666 3574 3728 ιδίας
3618 3685 3723 3720 πα-

2147 3754 2424 3826 ρατάξεως
2443 3795 2459 3820 ,
2488 3753 3020 3824 άποκαθισταμένου.
3057 3754 3217 3821 Λέγει
3249 3751 3342 3809 οὖν
3370 3755 3555 3809 ἐνθάδε
3588 3757 3724 3828 πρὸς

2143 3849 2292 3918 ἡμᾶς
2334 3847 2461 3908 τοὺς
2505 3845 2939 3916 ἐπιστρέψαντας
2959 3885 2974 3908 ,
3005 3846 3086 3898 ὅτι
3107 3886 3122 3910 ,
3155 3844 3250 3899 ἐὰν
3283 3846 3718 3918 ἐπιστρέψωμεν,

2147 3938 2590 4008 ἀποκαταστήσει
2621 3939 2789 4008 ἡμᾶς.
2822 3938 2934 3991 Καὶ
2959 3937 3068 4008 γάρ
3092 3937 3156 3990 τὸ
3184 3937 3337 4001 τέλος
3367 3938 3466 4008 τῆς
3494 3940 3724 4006 ἐπαγγεο

461 4035 578 4098 λίας
623 4033 860 4087 τοιοῦτόν
905 4034 1087 4093 ἐστιν,
1129 4030 1204 4092 ὼς
1248 4031 1306 4081 ἐν
1350 4032 1470 4092 ταῖς
1525 4029 1790 4098 Πράξεσι
1821 4033 1931 4086 τῶν
1987 4035 2300 4091 ἀποστόλων
2332 4033 2640 4104 γέγραπται
2687 4031 2746 4084 ἐν
2803 4031 2911 4101 τῷ,
2947 4032 3109 4098 Ἄχρι
3165 4031 3401 4099 χρόνων
3433 4030 3724 4084 ἀποκατα-

458 4124 728 4189 στάσεως
781 4123 1022 4176 στάντων
1067 4115 1154 4175 ὧν
1185 4119 1490 4187 ἐλάλησεν
1521 4124 1554 4175 ό
1603 4120 1747 4188 Θεὸς
1787 4123 1885 4177 διὰ
1928 4128 2226 4196 στόματος
2272 4122 2390 4177 τῶν
2427 4123 2612 4191 ἁγίων
2657 4121 2842 4176 αὑτοῦ
2884 4121 2986 4174 ἀπ’
3023 4120 3238 4188 αἰῶνος
3275 4121 3613 4192 προφητῶν,
3663 4124 3723 4176 ἐν

459 4217 678 4290 Χριστῷ
726 4214 899 4288 Ἰησοῦ
920 4257 935 4283 ,
979 4207 1022 4281 ᾧ
1066 4216 1211 4267 ἐστιν
1250 4214 1285 4282 ἡ
1334 4212 1460 4277 δόξα
1491 4215 1585 4269 καὶ
1619 4214 1680 4268 τὸ
1713 4216 1912 4287 κράτος
1957 4221 2038 4284 είς
2071 4221 2197 4284 τοὺς
2226 4217 2428 4280 αἰῶνας
2454 4215 2562 4268 τῶν
2591 4213 2822 4267 αἰώνων.
2867 4214 3060 4284 Ἀμήν.

917 4307 1080 4376 222
1121 4303 1405 4360 uouth
1459 4304 1576 4360 xv.

1011 4396 1068 4449 lu
1103 4396 1234 4451 illud
1270 4397 1447 4466 ipsum
1470 4415 1483 4450 :

463 4487 586 4559 Heu
621 4504 722 4559 me,
756 4496 924 4559 mater
945 4485 1023 4539 II“l
1059 4487 1256 4542 iterum
1302 4488 1478 4559 aliter,
1519 4505 1693 4559 usque
1735 4489 1802 4544 ad
1849 4490 2028 4545 istud:

530 4557 849 4634 Maledictus
874 4558 1025 4634 homo
1054 4558 1502 4634 quiuspemuhabet
1531 4562 1587 4614 in
1606 4557 1835 4630 homine,
1861 4571 1909 4616 et
1932 4562 2031 4634 fir-

532 4628 696 4680 mabit
727 4643 936 4679 carnem
967 4625 1171 4680 brachii
1201 4628 1284 4680 sui
1309 4628 1379 4683 ⁸⁸.

533 4786 583 4838 l.
612 4783 716 4850 Qui
742 4782 932 4838 beatos
959 4781 1252 4853 prtedicant
1278 4784 1588 4853 pr0phetas,
1619 4783 1874 4854 ipsosque
1904 4784 2034 4838 bea-

459 4885 541 4928 ιος
573 4873 917 4944 praedicando
961 4881 1220 4942 exoptant
1262 4884 1470 4942 partem
1506 4873 1710 4929 habere
1749 4889 1874 4929 cum
1903 4889 2030 4947 pro-

2069 4318 2116 4372 D

2732 4306 2973 4360 UMlAlA
3014 4305 3112 4358 lE'.

2787 4398 2882 4458 Είς
2917 4395 3048 4448 αύτό
3066 4413 3080 4426 ο

2139 4493 2306 4562 Οτμοι
2339 4490 2487 4561 ἐγὼ,
2515 4489 2705 4559 μῆτερ
2718 4488 2739 4541 !
2768 4487 2929 4540 πάλιν
2964 4484 3160 4549 ἄλλως,
3191 4484 3360 4605 rem:
3390 4485 3482 4538 τοῦ
3502 4503 3515 4516 ο
3563 4487 3699 4539 ‘Em.

2207 4561 2538 4612 κατάρατος
2577 4559 2887 4612 ἄνθρωπος
2924 4554 2993 4612 ὃς
3041 4554 3156 4612 τὴν
3223 4554 3412 4606 λπίδα
3454 4555 3579 4612 ἔχει
3623 4554 3718 4606 ἐπ’

2204 4554 2538 4628 Ξιατὰῥατυξι
2577 4554 2887 4624 ἅνθρωπος
2924 4554 2993 4619 ὃς
3041 4554 3156 4621 τὴν
3191 4554 3412 4606 ἐλπίδα
3454 4555 3579 4621 ἔχει
3623 4554 3716 4606 ἐπ’

2204 4631 2556 4718 tiu-@9307,
2618 4627 2718 4679 καὶ
2781 4624 3052 4691 στηρίξει
3123 4622 3322 4690 σάρκα
3385 4623 3716 4692 ,βραχίονος

2207 4717 2700 4858 ἓῗτεῒάκαρίζοντες
2732 4782 2856 4845 τοὺς
2892 4782 3174 4853 προφήτας
3197 4821 3210 4845 ,
3245 4779 3340 4832 καὶ
3365 4779 3444 4852 τῷ
3492 4779 3721 4852 μακαρί.

2134 4879 2249 4944 ζειν
2288 4878 2486 4940 αὐτοὺς
2537 4875 2818 4946 εὐχόμενοι
2865 4873 2962 4946 τὴν
3001 4873 3192 4945 μερίδα
3240 4872 3384 4944 ἔχειν
3425 4873 3563 4945 μετά
3606 4875 3718 4929 τῶν

457 4967 655 5036 phetis,
688 4966 735 5021 si
764 4966 1021 5036 colligant
1056 4981 1120 5021 ex
1146 4965 1478 5036 propheticis
1511 4967 1858 5021 sermonibus
1885 4965 2029 5034 quod

2142 4968 2455 5043 προφητῶν,
2486 4968 2816 5038 συνάγοντες
2845 4966 2920 5038 (2)
2965 4965 3071 5020 ἀπὸ
3100 4965 3209 5018 τῶν
3239 4965 3409 5034 λόγων
3443 4965 3549 5020 τῶν
3579 4983 3716 5037 προ·

455 5059 727 5130 praecipue
766 5060 970 5113 eminet
1020 5059 1074 5112 in
1120 5058 1365 5128 ipsorum
1408 5057 1710 5126 prophetia,
1757 5057 1861 5112 sibi
1900 5057 2032 5125 ipsis

2142 5059 2376 5133 φητικῶν
2420 5059 2488 5112 τά
2536 5057 2787 5129 ἐξαίρετα
2841 5057 2941 5127 τῆς
2994 5055 3329 5127 προφητείας
3364 5054 3576 5108 αὐτῶν·
3615 5054 3715 5128 ζη-

453 5151 746 5219 qmerendo
769 5149 1169 5219 persuadebunt
1194 5147 1306 5202 fore
1329 5157 1407 5210 ut,
1429 5148 1474 5202 si
1503 5147 1753 5201 similiter
1773 5148 2030 5212 vixerint,

2131 5151 2350 5214 τοῦντες
2383 5145 2473 5203 οῦν
2505 5146 2794 5216 πεισθεῖεν,
2822 5149 2887 5202 ἂν
2919 5147 3061 5202 κατὰ
3092 5146 3158 5199 τά
3183 5145 3322 5198 αὐτὰ
3348 5146 3634 5217 βιώσωσιν,
3666 5149 3714 5200 εί

449 5241 614 5294 etiam
648 5241 693 5296 si
719 5240 849 5311 quid
880 5240 1074 5295 durum
1108 5241 1162 5294 in
1193 5240 1294 5294 hac
1320 5240 1429 5293 vita
1457 5254 1520 5294 ac
1547 5237 1760 5294 diliicile
1781 5249 2032 5294 occurrat

2142 5244 2224 5296 καὶ
2279 5241 2513 5313 σκληρὸν
2560 5240 2740 5303 αὐτοῖς
2801 5241 2876 5311 (5)
2945 5239 3311 5308 ἀπαντήσεται
3370 5239 3428 5290 ὲν
3479 5238 3558 5309 τῷ
3612 5238 3714 5311 βίῳ

451 5332 819 5401 propheticam
843 5334 1004 5385 vitam
1035 5331 1399 5393 imitantibus,
1424 5345 1531 5383 una
1556 5338 1735 5384 tamen
1768 5347 1892 5386 cum
1919 5331 2025 5387 illis

2142 5333 2306 5403 τούτῳ
2357 5332 2639 5404 μιμεῖσθαι
2669 5333 2746 5402 (4)
2791 5330 2882 5385 τὸν
2937 5329 3049 5400 βίον
3089 5329 3180 5382 τὸν
3224 5329 3593 5400 προφητικὸν·
3630 5326 3710 5377 ὅτε

522 5469 566 5498 ⁸ο
597 5467 706 5522 Jer.
738 5485 826 5531 ιν,
858 5467 941 5522 18.
1038 5469 1079 5499 ⁸¹
1112 5467 1241 5522 ibid.
1318 5466 1362 5496 "
1389 5464 1519 5518 ibid.
1555 5465 1642 5519 l9.
1719 5466 1908 5524 “Act.
1941 5484 2024 5533 ιιι,

2216 5470 2262 5504 ⁸⁵
2295 5469 2404 5525 Jer.
2435 5486 2522 5533 xv,
2555 5469 2642 5521 10.
2721 5468 2766 5498 ⁸⁸
2783 5466 2894 5521 Jer.
2945 5479 3075 5530 xvu,
3098 5463 3152 5517 5.

522 5630 594 5700 (ί)
650 5631 925 5699 Ἐγεννήθη
968 5647 1066 5699 μοι
1112 5630 1234 5700 οὐξι,
1264 5626 1429 5700 ἔχον.
1465 5621 2025 5700 legebauliicrony-

451 5693 613 5771 mus':
635 5715 637 5717 ‘
657 5693 922 5771 Ἐ’γενήθη
959 5693 1044 5770 μοι
1073 5701 1149 5771 ὡς
1173 5698 1326 5771 -ύδωρ
1354 5694 1546 5771 ψερδές
1571 5693 1681 5771 οὐκ
1715 5693 1855 5760 ἔχον.

524 5770 600 5839 (2)
642 5763 1034 5840 Συίνάγίοιίτὲς.
1075 5769 1256 5825 Codex
1291 5763 1682 5831 Scbrialeusis,
1727 5763 2016 5824 συνιόντες.

2203 5627 2282 5696 (5)
2319 5624 2498 5680 Codex
2534 5622 2804 5696 Yatican.,
2839 5623 2935 5676 καὶ
2963 5623 3281 5696 alexi-qpr
3314 5623 3512 5679 αὐτῶν.

2205 5692 2282 5767 (4)
2321 5697 2500 5750 Codex
2537 5693 2788 5757 δῦθι-ἰαὶ,
2821 5692 3211 5764 μιμείσθωσαν.
