4122 6416
507 363 609 421 ιδι

1899 357 2230 419 ORIGENIS

3661 373 3767 429 ‘52

513 482 680 545 raris,
720 481 913 536 videbo
946 478 1281 537 Salvatorem
1306 494 1486 536 meum
1515 494 1579 536 ac
1605 478 1898 536 Dominum
1916 497 2070 552 penes

2182 481 2443 552 νικήσῃς
2468 485 2539 538 ἐν
2561 484 2641 551 τῷ
2671 486 2982 554 κρίνεσθαί
3004 504 3078 544 σε
3099 506 3110 519 ·
3143 487 3366 561 ὂψομαι,
3393 490 3475 543 ὅτι
3509 492 3538 544 ὁ
3570 493 3763 566 Σωτήρ

512 571 729 629 Patrem
750 574 1129 639 constitutum,
1164 587 1289 629 cum
1324 573 1583 629 omnibus
1639 573 1799 631 nobis
1838 573 2080 631 homini-

512 664 616 721 bus
641 663 850 734 judicio
910 665 1358 734 disceptatorum.
1407 664 1475 720 Et
1521 665 1577 720 iu
1624 665 1897 735 judicium
1935 666 2083 721 venit

504 771 633 809 cum
665 755 921 811 omnibus
957 756 1270 812 hominibus
1302 774 1318 823 ;
1374 758 1428 810 in
1456 756 1725 827 judicium
1755 799 1771 824 ,
1803 759 2027 829 inquam
2060 795 2076 822 ,

511 847 675 913 venit,
701 848 1047 902 examinatur
1076 847 1243 902 etiam
1275 847 1411 917 ipse,
1433 856 1489 903 et
1511 856 1618 903 stat
1646 848 1867 919 quidem
1902 857 1962 903 ut
1995 850 2081 904 ul-

502 947 595 992 tor
629 938 892 1002 veritatis,
934 938 1028 993 sed
1070 954 1179 994 non
1209 947 1464 1008 tanquam
1494 948 1804 995 accusator.
1838 938 1959 994 Heu
1976 955 2076 1007 me,

507 1035 695 1091 mater,
730 1044 894 1097 quare
925 1029 1153 1097 genuisti
1174 1044 1254 1083 me
1282 1030 1449 1083 virum
1470 1031 1559 1100 qui
1570 1030 1783 1099 judicer
1807 1039 1857 1085 et
1878 1031 2077 1085 discer-

504 1133 603 1170 nar
631 1119 683 1171 in
714 1119 857 1171 omni
881 1124 1025 1172 terra
1050 1120 1077 1173 2
1118 1117 1391 1189 Propheta
1442 1136 1549 1175 non
1586 1130 1763 1191 potest
1797 1122 1941 1178 istud
1977 1163 1995 1190 ,
2019 1122 2076 1176 in

494 1213 646 1265 enini
674 1223 812 1267 terra
842 1212 1044 1269 dicere.
1086 1210 1192 1268 Sed
1222 1214 1339 1268 scio
1364 1215 1629 1284 quosdam
1663 1214 1955 1270 Dominum
1984 1231 2079 1271 ne-

493 1312 675 1357 strum
711 1318 778 1359 ac
831 1303 1166 1360 Salvatorem
1195 1303 1383 1360 Jesum
1431 1304 1709 1361 Christum
1741 1306 2028 1378 diligentes
2054 1347 2072 1375 ,

500 1404 555 1449 et
580 1409 686 1448 non
716 1394 893 1450 solum
925 1396 1207 1466 diligentes
1235 1438 1249 1463 ,
1296 1398 1392 1453 sed
1427 1397 1590 1452 etiam
1628 1412 1877 1453 amantes
1926 1398 2071 1454 indi-

497 1486 656 1555 gnari
685 1494 739 1540 et
770 1486 950 1542 dicere
981 1486 1281 1544 Salvatoris
1321 1504 1431 1543 non
1461 1505 1584 1545 esse
1617 1490 1734 1544 haec
1754 1491 1952 1555 verba;
1973 1505 2070 1546 ne-

498 1592 609 1647 que
639 1577 785 1632 enim
815 1576 952 1633 Filio
985 1578 1077 1634 Dei
1103 1581 1416 1635 convenire.
1445 1578 1855 1637 Ostendendum
1887 1583 2072 1652 itaque

498 1679 583 1722 est
610 1670 832 1724 minime
857 1686 888 1725 a
920 1670 1058 1726 Filio
1089 1670 1183 1726 Dei
1214 1671 1451 1727 alienum
1473 1688 1595 1728 esse
1617 1673 1800 1729 istud:
1828 1672 1945 1727 Heu
1967 1689 2067 1741 me,

498 1771 689 1818 mater.
738 1762 1030 1818 Enimvero
1061 1762 1177 1819 haec
1215 1764 1377 1820 verba
1405 1765 1451 1798 ”
1482 1784 1497 1820 :
1536 1763 1723 1821 Tristis
1758 1776 1854 1827 est
1888 1768 2069 1822 anima

2187 592 2288 646 μου
2313 577 2406 629 καὶ
2431 577 2635 649 Κύριος
2669 578 2850 648 μέλλει
2881 579 2976 634 ἐπὶ
2997 581 3091 635 τοῦ
3123 582 3336 653 [ἰατρὸς
3369 583 3619 653 ἑστάναι,
3643 602 3764 658 κριρ

2182 669 2404 738 νόμενος
2430 670 2567 741 μετὰ
2595 670 2815 725 πάντων
2842 672 2998 745 ήμῶν
3027 673 3134 727 τῶν
3157 673 3480 746 ἀνθρώπων.
3510 680 3619 733 Καὶ
3642 678 3763 752 κρί-

2180 775 2329 813 νεται
2360 758 2499 830 μετὰ
2544 761 2762 815 πάντων
2792 762 2901 816 τῶν
2928 763 3260 836 ἀνθρώπων*
3291 764 3457 835 λέγω,
3493 769 3756 841 κρίνεται,

2180 846 2489 915 ἐξετάζεται
2519 851 2614 902 καὶ
2656 851 2839 916 αὐτὸς,
2869 852 2964 905 καὶ
2991 851 3120 924 ἔστη
3156 854 3257 924 μὲν
3298 855 3530 911 ἐκδικῶν
3561 858 3759 931 (1)τὴν

2178 938 2456 1012 ἀλήθειαν,
2488 940 2585 1011 οὐχ
2620 940 2698 1005 ὡς
2730 944 3032 1014 κατήγορος
3060 943 3138 996 δέ.
3173 945 3340 1014 Οῑμοι
3363 945 3500 1017 ἐγὼ,
3532 946 3760 1019 μῆτερ]

2175 1029 2257 1096 ὡς
2283 1030 2417 1085 τίνα
2448 1048 2527 1100 με
2553 1032 2752 1099 ἔτεκες
2776 1031 2967 1102 ἄνδρα
2992 1034 3376 1104 δικαζόμενον
3397 1037 3496 1093 καί
3530 1037 3753 1109 διακρι-

2175 1122 2431 1190 νόμενον
2452 1121 2523 1176 ἐν
2548 1120 2718 1192 πάσῃ
2748 1120 2823 1191 τῇ
2850 1121 2928 1192 τῇ
2943 1140 2962 1188 ;
3006 1124 3081 1179 Οὐ
3108 1124 3331 1180 δύναται
3370 1130 3651 1202 προφήτης
3691 1131 3753 1185 τὸ

2172 1205 2245 1260 ἐν
2272 1206 2442 1277 πάσῃ
2469 1207 2544 1278 τῇ
2578 1207 2655 1278 τῇ
2685 1208 2894 1277 λέγειν,
2930 1208 3066 1263 ἀλλὰ
3095 1209 3185 1264 τὸν
3230 1212 3433 1283 Κύριον
3460 1215 3619 1285 ήμῶν
3657 1218 3749 1271 καὶ

2171 1295 2402 1370 Σωτῆρα
2429 1299 2638 1371 Ἰησοῦν
2658 1300 2891 1372 Χριστὸν
2910 1295 3026 1353 οἴδα
3049 1301 3357 1370 φιλοῦντας,
3381 1304 3477 1358 καὶ
3503 1306 3565 1359 οὐ
3590 1308 3748 1379 μόνον

2173 1390 2478 1461 φιλοῦντας,
2507 1390 2641 1446 ἀλλὰ
2670 1392 2763 1447 καὶ
2801 1392 3130 1462 ἀγαπῶντας
3161 1394 3507 1463 ἀγανακτεῖν,
3538 1395 3632 1449 καὶ
3662 1395 3743 1450 λι-

2172 1498 2387 1551 γοντας,
2435 1482 2518 1537 ὅτι
2561 1485 2590 1537 ό
2634 1484 2825 1556 Σωτὴρ
2868 1485 2930 1538 οὺ
2963 1483 3113 1553 λέγει
3143 1484 3243 1558 (2),
3270 1486 3350 1539 ὅτι
3396 1486 3430 1558 ή
3461 1486 3614 1558 φωνὴ
3648 1487 3749 1541 οὐκ

2171 1571 2287 1626 ἔστι
2312 1572 2451 1627 κατὰ
2479 1573 2570 1627 τὸν
2600 1574 2728 1628 Υἱδν
2758 1574 2851 1628 τοῦ
2893 1573 3052 1628 Θεοῦ.
3087 1576 3179 1628 Δεῖ
3208 1575 3266 1628 δὲ
3311 1574 3502 1641 δεῖξαι,
3535 1578 3619 1630 δτι
3648 1578 3748 1631 οὐκ

2170 1663 2451 1736 ἀλλότριον
2480 1664 2575 1719 τοῦ
2598 1665 2728 1720 Υίοῦ
2758 1664 2851 1720 τοῦ
2882 1665 3019 1720 Θεοῦ
3038 1665 3107 1719 τό
3130 1682 3144 1695 ·
3179 1665 3345 1736 Οῖμοι
3366 1666 3501 1737 ἐγὼ,
3519 1665 3749 1737 μῆτερί

2169 1758 2507 1826 Περίλυπός
2537 1758 2710 1811 ἐστιν
2734 1759 2771 1827 ἠ
2798 1758 2967 1828 ψυχή
2990 1774 3109 1827 μου
3146 1756 3257 1824 ἕως
3292 1756 3583 1813 θανάτου·
3612 1758 3707 1812 καί
3727 1775 3740 1788 ’

501 1869 612 1906 mea
636 1869 795 1924 usque
814 1854 884 1907 ad
901 1864 1154 1918 mortem;
1177 1864 1262 1911 et:
1293 1856 1485 1912 Anima
1502 1874 1615 1913 mea
1644 1857 1862 1913 turbata
1885 1870 1960 1914 est
1986 1860 2063 1928 “,

2186 1818 2265 1901 Ἠ⁷
2289 1847 2458 1916 ψυχή
2482 1818 2612 1918 ⁷μου
2638 1818 3007 1917 maligni
3028 1848 3137 1901 Καὶ
3166 1818 3274 1902 τιῖιν
3298 1851 3355 1902 ὲν
3391 1850 3506 1913 τοῖς
3536 1850 3745 1922 προφή-

494 1954 546 1999 et
573 1960 695 2015 qua:
728 1946 781 1999 in
808 1946 1088 2016 prophetis
1114 1947 1369 2003 similiter
1394 1948 1688 2016 habentur,
1720 1949 1902 2005 alﬁnia
1938 1960 2068 2007 sunt

498 2038 616 2092 istis
645 2053 659 2089 :
695 2035 811 2092 Heu
842 2055 945 2104 me,
972 2047 1144 2093 mater
1166 2079 1183 2106 ,
1207 2053 1371 2110 quare
1394 2055 1476 2094 me
1496 2040 1725 2111 genuisti
1754 2040 1946 2108 uirum,
1976 2043 2067 2113 qui

486 2129 697 2198 judiccr
720 2138 770 2182 et
797 2128 1070 2184 disceruar
1085 2131 1141 2183 in
1166 2130 1310 2183 οιηηὶ
1328 2140 1470 2185 terra
1487 2131 1513 2183 .’
1536 2130 1640 2198 vel,
1667 2131 1885 2202 quando
1906 2132 2069 2202 periit

495 2235 744 2276 racemus
779 2229 836 2275 ut
864 2221 1102 2277 inveniat
1124 2224 1340 2279 botrum
1367 2242 1382 2278 :
1409 2222 1500 2279 ιιω
1529 2224 1680 2291 mihi,
1709 2224 1916 2289 anima,
1941 2225 2069 2296 quia

493 2313 790 2382 periit-pius
813 2312 877 2367 de
908 2324 1069 2382 terra,
1100 2324 1151 2368 et
1174 2316 1265 2385 qui
1285 2315 1517 2386 corrigat
1541 2316 1598 2370 in
1623 2314 1925 2370 hominibus
1962 2332 2067 2370 non

492 2415 571 2459 est
592 2406 659 2460 θ’.
693 2405 829 2473 Quis
856 2405 1055 2461 ibidem
1078 2406 1154 2461 ait
1182 2406 1313 2462 illud
1333 2406 1413 2461 ":
1457 2405 1546 2462 Vcs
1562 2406 1714 2474 mihi,
1739 2408 1865 2478 quia
1890 2408 2066 2479 factus

493 2512 610 2549 sum
642 2497 778 2551 sicut
800 2496 892 2567 qui
911 2506 1188 2568 congregat
1210 2496 1467 2568 stipulam
1490 2497 1545 2551 in
1567 2513 1731 2552 messe
1755 2499 1783 2554 2
1808 2494 2064 2568 Nunquid

495 2588 753 2658 propheta
787 2588 1112 2660 colligebat,
1170 2597 1267 2644 aut
1322 2589 1577 2660 colligere
1629 2588 1891 2644 volebat?
1923 2587 2064 2645 Num

493 2696 619 2754 ager
663 2682 743 2737 illi
788 2681 957 2738 erat?
996 2680 1196 2737 Verum
1236 2681 1441 2737 nullius
1469 2691 1553 2738 est
1587 2682 1842 2754 colligere
1879 2683 2065 2739 omnia

492 2774 559 2827 de
596 2787 774 2829 messe
798 2781 853 2827 et
880 2772 1051 2836 satis,
1100 2772 1208 2827 nisi
1240 2772 1455 2828 Domini
1496 2782 1551 2828 et
1601 2772 1904 2830 Salvatoris
1936 2773 2067 2832 Iesu

497 2862 722 2917 Christi.
754 2860 891 2916 Cum
918 2859 1082 2929 igitur
1109 2860 1279 2916 multa
1304 2859 1413 2916 sint
1439 2860 1494 2914 in
1527 2861 1783 2929 gentibus
1808 2860 2063 2929 crimina,

491 2953 790 3024 quinetiam
810 2950 974 3023 224
989 2950 1042 3005 in
1058 2951 1218 3008 nobis
1231 2952 1322 3023 qui
1340 2967 1466 3023 pars
1486 2949 1739 3008 Ecclesia:
1755 2967 2065 3017 censemur,

492 3047 892 3101 lamentatur-et
913 3047 1059 3117 luget
1082 3054 1301 3116 peccata
1322 3055 1529 3113 nostra,
1555 3046 1744 3102 dicens
1766 3066 1782 3102 :
1827 3046 1914 3102 Vc
1935 3048 2067 3103 mihi

493 3138 618 3207 quia
646 3137 821 3207 [actus
845 3153 963 3192 sum
989 3138 1239 3209 sicutqui
1269 3133 1551 3208 congregat
1567 3138 1840 3208 stipulam.
1878 3136 2064 3195 Unus-
2092 3155 2139 3219 ρ

493 3232 728 3302 quisque
755 3238 1000 3285 nostrum
1028 3239 1201 3285 semet
1221 3229 1338 3300 ipse
1351 3230 1628 3285 examinet
1651 3245 1780 3285 num
1800 3230 1949 3301 spica
1972 3231 2064 3300 sit,

495 3340 626 3379 num
667 3330 982 3393 reperturus
1016 3323 1090 3378 sit
1140 3322 1195 3377 in
1244 3322 1364 3393 ipse
1393 3320 1567 3378 Filius
1602 3322 1720 3387 Dei,
1759 3322 1906 3394 quod
1941 3323 2067 3378 vin-

493 3417 693 3471 demiet
730 3421 826 3470 aut
848 3423 1034 3471 metat.
1066 3413 1177 3473 Nos
1199 3430 1330 3472 sane
1348 3430 1387 3471 a
1410 3423 1573 3472 vento
1593 3424 1877 3487 corruptos
1900 3431 2068 3486 quos-

492 3509 617 3562 dam
657 3521 782 3564 esse
819 3508 1175 3577 reperiemus.
1212 3506 1272 3562 Si
1299 3506 1431 3578 quid
1475 3507 1749 3563 modicum
1780 3506 1937 3563 nobis
1960 3517 2063 3572 est,

492 3600 600 3656 duo
631 3616 826 3672 nempe
857 3608 954 3656 aut
984 3600 1086 3656 tria
1124 3615 1336 3672 grana,
1390 3609 1540 3656 certe
1595 3608 1818 3672 peccata
1876 3609 2063 3655 nostra

493 3695 660 3750 multa
682 3703 832 3751 sunt.
860 3692 1063 3750 Videns
1094 3693 1261 3765 igitur
1285 3692 1559 3750 Ecclesias
1588 3709 1711 3764 quae
1738 3708 1885 3749 nunc
1916 3701 2064 3762 sunt,

493 3797 832 3857 peccatorum
870 3787 1079 3857 plenas,
1105 3788 1221 3841 ait:
1262 3789 1378 3842 Heu
1406 3786 1521 3841 me!
1561 3788 1690 3858 quia
1727 3787 1903 3856 factus
1947 3803 2067 3842 sum

492 3882 627 3935 sicut
658 3881 751 3952 qui
783 3888 1061 3950 congregat
1093 3878 1345 3948 stipulam
1368 3879 1428 3932 in
1449 3894 1621 3933 messe
1643 3919 1660 3945 ,
1687 3888 1743 3932 et
1800 3894 2065 3933 racemum

493 3975 548 4026 in
602 3971 887 4026 vindemia.
929 3969 1090 4026 Venit
1171 3985 1424 4040 quaerens
1475 3968 1716 4024 fructum
1767 3970 1827 4024 in
1883 3970 2063 4025 vinea.

496 4059 885 4131 Unusquisque
921 4061 1068 4116 enim
1097 4067 1350 4116 nostrum
1396 4058 1464 4114 ad
1497 4059 1672 4113 instar
1704 4060 1876 4115 vinea:
1909 4061 2063 4125 plan-

494 4165 640 4211 tatur
692 4156 746 4209 iu
794 4154 909 4208 loco
967 4153 1152 4224 pingui
1177 4152 1267 4218 “;
1308 4160 1414 4207 et:
1461 4148 1680 4205 Vineam
1711 4149 1777 4206 de
1832 4150 2066 4223 ,ιΕσῃριο

492 4247 770 4302 transtulit
793 4248 861 4302 ⁸⁸.
894 4246 1005 4319 Ego
1033 4258 1211 4303 autem
1233 4246 1471 4318 plantaui
1501 4255 1551 4301 te
1576 4247 1783 4301 vineam
1822 4247 2068 4317 fructife-

496 4356 608 4393 ram
633 4356 839 4396 omnem
869 4357 1043 4396 verum
1073 4344 1141 4397 “.
1183 4341 1358 4408 Venit,
1394 4342 1593 4413 quaerit
1624 4343 1899 4413 quomodo
1949 4343 2070 4399 vin-

495 4433 711 4497 demiet,
737 4435 1049 4503 quempiam
1076 4448 1355 4493 racemum
1386 4433 1614 4499 invenit,
1638 4443 1694 4489 et
1721 4450 1857 4490 uvas
1873 4435 2065 4502 exiles,

2166 1956 2287 2003 ταις
2322 1940 2629 2012 εἰρημένων
2669 1940 2868 2011 ὁμοίως
2896 1940 2991 1994 καὶ
3022 1940 3205 1996 ἐνθάδε
3223 1956 3237 1972 ο
3267 1940 3433 2011 Οῑμοι
3470 1939 3606 2009 ἐγὼ,
3627 1939 3743 2009 μῆ-

2168 2047 2267 2101 τερ
2289 2030 2311 2084 !
2333 2033 2415 2098 ὡς
2446 2032 2581 2085 τινα
2604 2048 2682 2101 με
2720 2030 2921 2097 ἔτεκες
2965 2030 3155 2100 ἄνδρα
3197 2030 3583 2100 δικαζόμενον
3646 2031 3742 2084 καί

2167 2120 2618 2191 διακρινόμενον
2648 2122 2717 2175 ὲν
2748 2120 2916 2191 πάσῃ
2959 2121 3034 2191 τῇ
3074 2120 3152 2192 γῆ
3169 2138 3188 2185 ;
3220 2122 3256 2192 ἦ
3302 2122 3430 2176 ὅταν
3471 2120 3746 2176 ἀπόλωλεν

2168 2211 2452 2281 ὲπιφυλλὶς
2497 2210 2591 2265 τοῦ
2640 2213 2821 2284 εὑρεῖν
2868 2211 3095 2283 βότρυν·
3154 2212 3342 2281 οῑμοι,
3400 2211 3604 2283 ψυχὴ,
3653 2211 3744 2267 ὅτι

2167 2305 2486 2359 ἀπόλωλεν
2508 2302 2770 2371 εὐλαϐὴς
2800 2302 2918 2358 ἀπὸ
2952 2300 3060 2369 τῆς
3093 2300 3225 2372 γῆς,
3251 2302 3350 2356 καί
3379 2305 3413 2357 ό
3443 2301 3746 2372 κατορθῶν

2167 2395 2239 2449 ἐν
2265 2393 2593 2463 ἀνθρώποις
2639 2395 2751 2463 οὐχ
2791 2392 3063 2463 ὑπάρχει.
3096 2394 3191 2456 Τίς
3223 2395 3339 2446 ἐκεῖ
3364 2392 3511 2463 λέγει
3538 2394 3620 2460 τὸ,
3651 2394 3749 2449 οι-

2162 2503 2286 2558 μοι,
2332 2484 2421 2540 ὅτι
2449 2485 2746 2556 ἐγενήθην
2789 2485 2871 2552 ὡς
2917 2485 2993 2557 (5)
3042 2484 3325 2557 συνάγων
3368 2485 3649 2557 καλάμην
3673 2488 3746 2541 ἐν

2167 2575 2378 2645 ἀμητῷ
2401 2592 2420 2641 ;
2448 2571 2595 2649 *Δρα
2622 2576 2731 2647 γὰρ
2761 2577 2791 2630 ὁ
2823 2576 3105 2648 προφήτης
3130 2576 3328 2646 συνῆγε
3361 2576 3439 2649 (ι)
3472 2579 3565 2632 ua‘t
3602 2578 3744 2634 θέλει

2169 2670 2456 2740 συνάγειν;
2488 2663 2638 2741 Ἀρα
2664 2668 2772 2740 γὰρ
2805 2668 2973 2740 ἀγρὸν
3014 2666 3127 2739 ἔχει
3158 2668 3187 2721 ό
3216 2671 3540 2741 προφήτης;
3580 2670 3739 2725 una

2166 2760 2375 2824 οὐδενός
2414 2763 2530 2814 εστι
2581 2760 2834 2828 συνάγειν
2876 2759 3053 2815 πάντα
3086 2760 3161 2833 (5)
3205 2760 3312 2816 ἀπὸ
3356 2759 3452 2816 τοῦ
3483 2760 3743 2834 θερισμοῦ

2168 2851 2260 2908 καὶ
2292 2850 2400 2907 τῶν
2425 2852 2806 2925 ὲσπαρμένων,
2835 2852 2884 2904 εί
2914 2850 2989 2923 μὴ
3010 2850 3104 2905 τοῦ
3137 2836 3342 2924 Κυρίου
3375 2853 3470 2906 καὶ
3497 2854 3746 2927 Σωτῆρος

2179 2943 2353 3015 Ἰησοῦ
2383 2943 2637 3016 Χριστοῦ.
2682 2944 2834 2997 Ἐπεὶ
2875 2939 2970 2997 οὖν
3010 2942 3181 2998 πολλὰ
3223 2942 3489 3015 πτώματα
3531 2945 3591 3000 ιν
3635 2948 3748 3010 τοῖς

2166 3035 2394 3103 ἔθνεσιν,
2436 3035 2573 3091 ἀλλὰ
2614 3036 2709 3090 καὶ
2759 3037 2817 3091 ὲν
2866 3037 2995 3108 ἡμῖν
3028 3037 3143 3099 τοῖς
3186 3034 3559 3108 νομιζομένοις
3602 3034 3746 3092 εῖναι

2168 3126 2277 3183 ἀπὸ
2320 3127 2422 3199 τῆς
2486 3126 2842 3196 Ἔκκλησίας,
2890 3126 3079 3199 θρηνεῖ
3124 3127 3215 3180 καὶ
3265 3127 3453 3182 πενθεῖ
3480 3127 3635 3200 ήμῶν
3678 3130 3748 3184 τὰ

2171 3215 2542 3287 ἁμαρτήματα
2585 3214 2786 3283 λέγων·
2838 3217 3003 3285 Οιμοι
3034 3215 3169 3286 ἐγὼ,
3199 3214 3287 3270 ὅτι
3330 3215 3622 3287 ἐγενήθην
3665 3218 3748 3285 ὡς

2166 3305 2451 3377 συνάγων
2494 3305 2790 3376 καλάμην.
2821 3307 3091 3373 Ἕκαστος
3135 3307 3291 3379 ήμῶν
3323 3309 3517 3365 ἑαυτὸν
3562 3308 3747 3377 ἕξεται-

2168 3399 2328 3464 ζέτω,
2363 3393 2473 3471 ἆρα
2501 3399 2701 3470 στάχυς
2735 3399 2916 3466 tactv;
2952 3395 3061 3472 ἄρα
3088 3400 3310 3473 εὑρήσει
3340 3402 3399 3458 ὲν
3434 3401 3584 3474 αὐτῷ
3618 3419 3748 3475 τρυ-

2166 3493 2330 3565 γῆσαι
2363 3492 2396 3565 ἢ
2444 3491 2657 3562 θερίσαι
2697 3492 2726 3545 ὁ
2765 3492 2892 3557 Υίδς
2927 3491 3022 3548 τοῦ
3067 3494 3202 3548 Θεοῦ
3252 3495 3368 3567 (ϐ);
3406 3496 3745 3568 Εὑρήσομεν,

2165 3586 2249 3640 ὅτι
2302 3584 2665 3657 ἀνεμόφθοροί
2715 3582 2856 3648 τινές
2911 3586 3113 3656 ἐσμενο
3168 3584 3263 3640 ἐὰν
3310 3586 3420 3659 ἄρα
3469 3586 3649 3657 ὀλίγον
3693 3604 3748 3640 τι

2164 3679 2382 3751 ἔχοντες
2411 3678 2489 3752 (7)
2512 3681 2569 3732 ὲν
2596 3680 2828 3745 ἑαυτοῖς,
2861 3679 3097 3746 κόκκους
3123 3680 3218 3735 δύο
3244 3681 3470 3753 ῆτρεῖς,
3488 3682 3546 3735 al
3572 3682 3754 3753 ἁμαρ-

2166 3769 2279 3823 τίαι
2310 3767 2468 3842 ήμῶν
2506 3768 2699 3823 πολλαί
2728 3771 2866 3823 εἰσιν
2894 3770 2981 3840 ἐφ’
3007 3771 3161 3842 ἡμῖν.
3206 3770 3378 3843 Ὁρῶν
3401 3765 3491 3828 οὖν
3527 3771 3621 3825 καὶ
3647 3771 3746 3835 τὰς

2180 3861 2521 3933 Ἐκκλησίσς,
2536 3861 2635 3926 τὰς
2650 3879 2756 3935 χρη
2762 3862 3111 3933 ματιζούσας,
3127 3863 3557 3937 πεπληρωμένας
3569 3864 3748 3935 ἁμαρ-

2166 3955 2373 4021 τωλῶν,
2403 3953 2552 4024 λέγει
2579 3971 2593 3985 ⁸
2639 3954 2827 4024 Οῑμοι,
2875 3953 2966 4008 ὅτι
3014 3955 3309 4026 ἐγενήθην
3353 3957 3434 4025 ὡς
3467 3955 3748 4027 συνάγων

2167 4044 2446 4118 καλάμην
2486 4046 2557 4099 ἐν
2584 4043 2812 4115 άμητῷ,
2846 4046 2947 4101 καὶ
2974 4047 3056 4115 ὡς
3084 4047 3452 4119 ἐπιφυλλιδα
3492 4047 3564 4104 ἐν
3607 4065 3748 4120 τρυ-

2168 4136 2346 4207 γητῷ.
2378 4132 2549 4190 Ἦλθε
2586 4134 2763 4208 ζητῶν
2794 4136 3006 4210 καρπὸν
3036 4139 3093 4191 ὲν
3125 4142 3192 4211 τῇ
3233 4139 3492 4213 ἀμπέλῳ’
3521 4141 3747 4206 ἕκαστος

2167 4228 2276 4301 γὰρ
2313 4227 2472 4301 ήμῶν
2498 4228 2932 4297 καταφυτεύεται
2961 4228 3058 4283 ita).
3097 4229 3173 4294 ὡς
3207 4230 3451 4303 ἄμπελος
3482 4231 3553 4288 ἐν
3585 4232 3746 4297 τόπῳ

2169 4320 2351 4374 πίονι.
2396 4319 2527 4384 Καὶ,
2561 4318 2834 4389 ἄμπελον
2857 4319 2927 4385 ἐξ
2957 4319 3257 4389 Αἰγύπτου
3282 4320 3561 4391 μετῆρεν.
3610 4324 3751 4395 Ἐγὼ

2168 4409 2239 4464 δὲ
2263 4406 2685 4479 κατεφύτευσά
2726 4424 2801 4463 σε
2834 4406 3107 4478 ἄμπελον
3137 4412 3518 4479 καρποφόρον
3543 4411 3752 4468 πᾶσαν

497 4538 602 4577 non
624 4496 840 4589 uberes,
871 4496 973 4579 nec
998 4525 1216 4580 multas.
1242 4522 1380 4590 Quis
1413 4496 1657 4582 nostrum
1714 4526 1879 4581 habet
1933 4496 2066 4583 uvas

2170 4498 2483 4570 ἀληθινήν.
2512 4499 2792 4569 Ἔρχεται,
2826 4497 2979 4567 ζητεῖ
3006 4496 3087 4568 (8)
3117 4496 3235 4561 πῶς
3267 4501 3570 4571 τρυγήσαιο
3603 4503 3751 4573 εὗρε-

497 4615 763 4671 virtutis?
789 4613 923 4681 Quis
958 4625 1208 4671 nostrum
1248 4616 1408 4672 habet
1452 4618 1726 4688 genimina
1761 4617 1904 4673 Dei?
1957 4618 2065 4673 Do-

496 4707 634 4760 mine
659 4703 801 4760 Deus
833 4715 1029 4771 noster,
1065 4723 1223 4778 quam
1250 4707 1566 4764 admirabile
1591 4719 1669 4765 est
1699 4725 1887 4765 nomen
1916 4719 2063 4764 tuum

494 4798 551 4851 in
584 4797 823 4853 uniuersa
847 4807 984 4853 terra
1011 4798 1055 4829 ’⁷
1085 4799 1098 4854 ε

569 5048 621 5102 4.
664 5047 729 5102 Ει
759 5050 873 5105 hinc
901 5050 1117 5120 quidem
1140 5051 1319 5106 obiter
1339 5050 1482 5107 dicta
1510 5049 1618 5105 sint
1652 5051 1703 5104 in
1738 5050 1868 5105 illud
1896 5067 1909 5104 :
1950 5048 2065 5104 Heu

500 5156 599 5207 me,
634 5141 834 5194 mater!
861 5140 1007 5211 quod
1038 5142 1262 5197 minime
1290 5141 1527 5197 alienum
1571 5140 1642 5195 sit
1671 5154 1705 5195 a
1761 5139 2065 5195 Salvatoris

2174 4606 2294 4644 σκει
2338 4586 2657 4657 ὲπιφυλλίδα
2700 4585 2819 4639 τινὰ
2858 4586 2952 4639 καὶ
2983 4586 3204 4656 βραχεῖς
3233 4585 3487 4657 βότρυας,
3518 4587 3620 4641 οὐκ
3655 4591 3750 4641 εὑ-

2172 4676 2370 4742 θαλεῖς,
2417 4674 2538 4729 οὐδὲ
2587 4672 2841 4736 πολλούς.
2886 4673 2980 4738 Τίς
3021 4673 3177 4745 ἡμῶν
3204 4673 3318 4747 ἔχει
3365 4673 3593 4747 βότρυας
3620 4676 3749 4748 ἀρε-

2169 4767 2300 4840 τῆς;
2340 4767 2437 4830 Τίς
2485 4763 2640 4838 ήμῶν
2670 4764 2782 4835 ἔχει
2813 4766 3128 4837 γεννήματα
3176 4765 3272 4819 τοῦ
3306 4764 3477 4832 Θεοῦ;
3507 4768 3684 4836 Κύριε
3714 4772 3747 4823 ὁ

2174 4862 2318 4929 Θεὸς
2344 4856 2531 4930 ἡμῶν,
2559 4859 2638 4926 ὡς
2666 4858 3012 4929 θαυμαστὸν
3038 4857 3101 4912 τὸ
3130 4857 3318 4930 ὄνομά
3344 4873 3460 4914 σου
3484 4858 3553 4913 ἐν
3578 4857 3745 4930 πάσῃ

2172 4951 2398 5021 nini!
2768 5018 2773 5023 .

2244 5044 2429 5098 Ταῦτα
2452 5045 2527 5108 ὡς
2555 5045 2613 5098 ὲν
2642 5043 2948 5116 παραϐάσει
2997 5059 3105 5115 μοι·
3144 5042 3233 5109 τὸ,
3261 5045 3424 5113 Οῖμοι
3477 5043 3609 5115 ἐγὼ,
3641 5044 3740 5112 μῆ-

2172 5156 2293 5208 τερ,
2329 5138 2409 5191 ὅτι
2436 5139 2535 5191 οὐκ
2576 5135 2849 5208 ἀλλότριόν
2883 5138 3000 5191 ἐστι
3062 5134 3163 5206 τῆς
3186 5134 3281 5188 τοῦ
3310 5137 3556 5211 Σωτῆρος
3598 5134 3751 5207 ήμῶν

565 5275 613 5308 ’⁸
652 5275 839 5331 Matth.
868 5293 1015 5342 nm,
1043 5276 1130 5332 58.
1206 5278 1249 5309 "
1283 5275 1439 5331 Joan.
1478 5291 1573 5343 xu,
1618 5273 1705 5329 27.
1784 5275 1828 5307 ⁹²
1882 5273 2041 5332 Mich.

2198 5276 2254 5331 ἓ.
2332 5275 2380 5307 ’⁸
2410 5274 2537 5329 ibid.
2576 5275 2627 5329 l.
2702 5274 2749 5307 “
2787 5271 2912 5329 lsai.
2959 5291 3013 5340 v,
3048 5273 3099 5329 1.
3177 5273 3223 5307 ⁸³
3253 5272 3456 5329 l’salm.
3482 5285 3668 5335 LXXIX,
3694 5268 3747 5323 9.

1061 5349 1104 5379 "’
1146 5346 1291 5401 Psal.
1325 5361 1426 5411 γιι,
1464 5347 1514 5399 1.

570 5460 646 5532 (l)
683 5460 848 5532 idem,
876 5461 1107 5532 ἔστηκεν
1142 5459 1392 5532 ἐκδικῶν.

572 5524 645 5602 (ἓ)
672 5524 849 5602 (inde:
877 5524 1129 5602 §_corial.,
1157 5529 1431 5602 λέγοντας,
1449 5528 1538 5602 ’ὅτι
1565 5528 1592 5580 ὁ
1625 5529 1813 5602 Σωτὴρ
1844 5529 2011 5599 λέγει.

570 5595 645 5667 (5)
671 5595 851 5654 Codex
885 5599 1180 5656 Vaticanus
1206 5595 1406 5651 Omittit
1433 5597 1528 5663 ὡς.

568 5669 647 5740 (ᾧ)
681 5670 858 5740 Codex
889 5670 1146 5740 δωτῑυι..
1178 5669 1391 5740 συνῆτε.

575 5738 646 5807 (5)
681 5737 859 5793 Codex
891 5737 1160 5804 Vatican.,
1196 5737 1511 5795 ιιαῖπάντα.

499 5346 543 5378 ⁵⁸
582 5345 779 5401 Jerem.
809 5362 871 5414 ιι,
895 5348 986 5401 2L

2360 5458 2541 5531 fidem,
2566 5458 2663 5531 τοῦ
2688 5453 2976 5531 ᾁν-Θρῴττου
3007 5456 3100 5531 τοῦ
3134 5456 3289 5531 Θεοῦ.

2242 5524 2322 5599 (7)
2347 5528 2530 5599 Codex
2558 5528 2765 5599 Scorinl
2794 5524 3005 5596 ,ὀλίγον
3024 5527 3106 5580 ἔτι
3136 5528 3367 5598 ἔχοντες.
3401 5525 3510 5580 Pro
3538 5524 3747 5597 ἔχοντες

2182 5596 2640 5678 ἰρέῃλοέιίειθνὶιιδ
2667 5596 2906 5678 ἔχωμεν..
2999 5667 3025 5678 __
3102 5665 3127 5676 η

2252 5670 2327 5742 (8)
2362 5667 2546 5723 Codex
2582 5667 2961 5733 Scorialensis,
2993 5667 3194 5737 ζητῶν.
