4122 6450
437 336 536 388 637

1575 335 1641 388 IN
1678 333 2022 390 JliltEMIAM
2065 333 2347 389 llOMlLIA
2385 333 2526 389 XVI.

3583 334 3686 389 4'58

426 450 571 502 οὕτω
627 449 817 517 γέγονε
873 451 1218 520 πρωτότοκος
1274 450 1492 504 πάντων
1561 449 1885 520 ἀνθρώπων,
1930 450 2009 513 είς

2117 449 2183 504 ita
2212 450 2391 506 factus
2418 459 2503 506 est
2535 449 2930 520 primogenitus
2950 450 3202 504 omnium
3230 450 3514 504 hominum
3547 465 3688 519 quos

426 537 561 593 θεὸν
600 537 938 609 μεταϐαλών.
984 538 1447 606 Ἐπικατάρατος
1481 539 1662 592 τοίνυν
1703 538 2012 608 ἄνθρωπος

429 629 499 696 ὃς
541 629 656 696 τὴν
693 629 912 683 ἐλπίδα
948 630 1073 699 ἔχει
1121 630 1214 683 ἐπ’
1255 629 1587 698 ἄνθρωπον,
1632 631 1725 684 καὶ
1767 627 2011 700 στηρίξει

434 719 611 792 σάρκα
655 719 940 791 βραχίονος
975 719 1164 785 αὐτοῦ,
1209 720 1357 782 ὅστις
1393 719 1458 773 ἂν
1500 717 1724 792 κυρώσῃ
1765 717 1834 772 τὰ
1877 718 2012 789 σάρ-

432 829 576 874 κινα,
616 812 762 874 ὅστις
790 811 888 881 τήν
934 813 1087 882 ἰσχὺν
1115 811 1214 882 τὴν
1249 812 1568 882 σωματικὴν
1598 812 1692 866 ὲάν
1721 814 2010 883 κτήσηται,

431 904 523 957 καὶ
549 903 691 956 κατά
722 903 899 974 σάρκα
937 902 1013 972 (l)
1045 902 1428 974 στρατεύηται.
1475 902 1612 956 Ἀλλ’
1643 905 1670 956 ὁ
1720 904 1872 970 ἅγιος
1914 903 2013 973 οὐχ

428 993 602 1058 οὕτως
628 995 808 1047 ἐστίν’
846 996 909 1048 οὐ
950 993 1060 1066 γὰρ
1096 994 1343 1066 στηρίξει
1388 995 1567 1067 σάρκα
1600 995 1884 1066 βραχίονος
1917 996 2015 1048 αὐ-

428 1089 545 1143 τοῦ.
586 1090 826 1143 Πάντοτε
874 1090 984 1162 γὰρ
1017 1091 1120 1161 τὴν
1169 1089 1436 1161 νέκρωσιν
1479 1089 1573 1144 τοῦ
1631 1090 1804 1162 Ἰησοῦ
1845 1094 1902 1145 ὲν
1936 1091 2013 1163 τῷ

431 1181 644 1251 σώματι
676 1181 837 1236 αὑτοῦ
870 1182 1004 1254 ἔχει,
1041 1183 1134 1236 καὶ⁸
1165 1185 1351 1254 νεκροῖ
1380 1183 1449 1236 τά
1490 1183 1625 1253 μέλη
1662 1183 1730 1236 τά
1775 1183 1868 1236 ἐπὶ
1913 1183 2014 1254 τῆς

428 1273 554 1343 γῆς,
573 1275 852 1345 πορνείαν,
878 1275 1218 1346 ἀκαθαρσίαν
1236 1293 1248 1307 ·
1279 1275 1559 1348 νεκρὼσας
1580 1274 1776 1340 ταῦτα,
1801 1277 1861 1330 οὐ
1887 1295 2015 1348 στη-

434 1364 573 1435 ρίξει
627 1365 805 1435 σάρκα
855 1365 948 1418 τοῦ
999 1365 1281 1435 βραχίονος
1326 1364 1512 1420 αὐτοῦ.
1556 1365 2015 1433 Ἐπικατάρατος

430 1452 500 1518 ὃς
527 1451 642 1521 τὴν
679 1454 897 1508 ἐλπίδα
945 1454 1068 1524 ἔχει
1098 1455 1191 1508 ἐπ’
1236 1455 1570 1523 ἄνθρωπον.
1605 1456 1754 1526 Ἃμα
1785 1455 1840 1508 δὲ
1879 1455 2014 1526 πρὸς

431 1546 556 1607 τοὺς
588 1545 904 1610 ἐλπίζοντας
943 1547 1036 1599 έπ).
1076 1545 1404 1617 ἀξιώμασιν.
1453 1548 1510 1602 Ὀ
1537 1547 1686 1602 δεῖνά
1726 1565 1826 1618 μου
1862 1547 2015 1617 φίλος

431 1633 581 1688 ἐστὶν
631 1635 1048 1706 ἑκατόνταρχος,
1091 1637 1387 1708 ἐπίτροπός
1443 1639 1622 1691 ἐστιν·
1671 1641 1700 1692 ό
1734 1638 1882 1693 δεῖνά
1913 1655 2014 1710 μου

431 1723 581 1791 φίλος
608 1726 702 1778 καὶ
726 1724 978 1789 πλούσιός
1011 1730 1148 1793 ἐστι,
1185 1727 1277 1782 καὶ
1307 1728 1605 1798 παρέχεταί
1639 1747 1750 1799 μοι.
1779 1731 2012 1783 Ἔπειτα

431 1816 524 1870 καὶ
552 1815 688 1886 πρὸς
722 1818 813 1870 τὸν
843 1817 1082 1870 τοιοῦτον
1124 1818 1341 1886 λέγεται
1373 1818 1534 1872 τοῦτο
1559 1836 1572 1850 ·
1620 1820 2005 1889 Ἐπικατάρα-

433 1924 530 1972 τος
562 1907 868 1976 ᾶνθρωπος
911 1908 978 1975 ὃς
1006 1909 1120 1976 τὴν
1145 1909 1364 1964 ἐλπίδα
1403 1909 1530 1978 ἔχει
1561 1911 1652 1964 ἐπ’
1674 1909 2005 1979 ἄνθρωπον.

432 2001 574 2071 Πρὸς
605 2001 795 2054 οὐδένα
839 2000 1122 2074 ἄνθρωπον
1155 2000 1448 2072 ἐλπίζομεν
1498 2003 1595 2072 (‘2),
1646 2001 1746 2056 κᾶν
1781 2002 2008 2057 δοκῶσιν

431 2089 586 2160 ήμῶν
614 2087 753 2144 εἶναι
787 2091 964 2160 φίλοι·
996 2093 1057 2146 οὐ
1089 2091 1198 2163 γὰρ
1241 2094 1330 2145 ἐπ’
1363 2094 1581 2159 αὐτοὺς,
1633 2093 1746 2148 ἀλλ’
1780 2095 1872 2147 ἐπὶ
1901 2094 2014 2148 K6-

438 2195 544 2242 ριον
585 2180 742 2251 ήμῶν
787 2179 1099 2253 ἐλπίζομεν,
1153 2183 1212 2245 ὃς
1251 2184 1400 2236 ἐστιν
1450 2183 1655 2255 Ἰησοῦς
1686 2185 1939 2257 Χριστὸς,
1966 2178 2012 2254 ᾧ

432 2269 574 2325 ἐστιν
604 2271 636 2341 ή
665 2269 790 2337 δόξα
821 2271 914 2324 καὶ
940 2271 1001 2324 τὸ
1027 2271 1226 2344 κράτος
1258 2275 1338 2337 εὶς
1367 2272 1493 2338 τοὺς
1520 2273 1722 2339 αἰῶνας
1749 2274 1856 2328 τῶν
1883 2275 2005 2330 αιώ-

432 2379 554 2416 νων.
603 2361 796 2432 Ἀμήν.

1019 2493 1263 2545 OMIAIA
1298 2493 1413 2559 ις’.

1110 2586 1204 2648 Εἰς
1235 2584 1325 2636 τό⁹

444 2698 587 2754 Ἰδοὺ
621 2697 737 2767 ἐγὼ
769 2697 1126 2752 ἀποστέλλω
1158 2699 1301 2764 τοὺς
1338 2696 1690 2767 ἁλιεῖς-,τοὺς
1721 2698 2012 2764 πολλοὺς,

810 2767 972 2836 λέγει
1001 2769 1233 2834 Κύριος,
1269 2767 1363 2822 καὶ
1390 2766 1459 2820 τά
1493 2766 1641 2838 ἑξῆς.

2114 540 2170 594 in
2227 540 2396 594 Deum
2446 540 2744 595 transtulit.
2798 539 3114 594 Maledictus
3169 540 3333 610 igitur
3390 539 3544 593 homo
3597 540 3688 608 qui

2111 647 2253 699 spem
2298 631 2450 685 habet
2499 634 2556 686 in
2601 632 2830 700 homine,
2885 640 2933 685 et
2996 632 3174 701 ﬁrmat
3225 647 3433 686 carnem
3484 629 3687 685 brachii

2113 722 2197 774 sui
2245 722 2308 787 ¹³,
2339 723 2433 791 qui
2479 722 2736 778 nimirum
2780 739 2844 777 ea
2875 738 2997 792 quae
3036 721 3218 777 carnis
3251 729 3400 785 sunt,
3439 721 3686 785 roborat,

2113 811 2207 880 qui
2239 814 2408 866 robur
2437 828 2757 882 corporeum
2795 828 2920 867 cum
2953 811 3266 876 obtinuerit,
3299 811 3460 866 etiam
3492 811 3688 864 militat

2116 902 2415 958 secundum
2435 918 2681 957 carnem.
2704 902 2900 956 Verum
2929 916 3035 956 non
3062 901 3135 954 ita
3164 899 3640 956 sanctussehabet
3671 916 3684 929 ·

2115 1008 2292 1063 neque
2319 993 2464 1047 enim
2495 993 2674 1046 ﬁrmat
2699 1007 2917 1048 carnem
2941 991 3148 1046 brachii
3176 991 3286 1054 sui;
3304 1005 3519 1060 semper
3539 991 3688 1045 enim

2115 1080 2593 1137 mortiﬁcationem
2641 1078 2769 1134 Jesu
2819 1079 3130 1148 incorpore
3175 1093 3277 1132 suo
3327 1077 3488 1131 habet
3529 1074 3594 1141 ¹¹⁵,
3635 1081 3692 1129 et

2115 1169 2412 1226 mortiﬁcat
2435 1169 2684 1224 membra
2715 1183 2814 1222 sua
2843 1183 2965 1236 quae
2993 1177 3122 1222 sunt
3143 1181 3305 1236 super
3325 1173 3550 1231 terram,
3577 1163 3690 1220 for-

2116 1259 2470 1320 nicationem,
2513 1255 2915 1311 immunditiam
2953 1256 3035 1322 ¹⁵;
3078 1253 3278 1324 quibus
3320 1253 3688 1317 mortiﬁcatis,

2116 1367 2224 1406 non
2255 1349 2436 1405 ﬁrmat
2462 1363 2685 1404 carnem
2709 1346 2923 1402 brachii
2949 1346 3057 1402 sui.
3089 1344 3143 1398 Μ
3150 1345 3406 1399 aledictus
3434 1346 3522 1416 qui
3548 1360 3691 1414 spem

2115 1444 2270 1498 habet
2300 1444 2354 1496 in
2385 1441 2614 1495 homine.
2647 1439 2761 1494 Hoc
2794 1439 2921 1494 item
2952 1438 3004 1492 in
3033 1452 3130 1492 eos
3151 1437 3384 1506 quadrat
3416 1435 3507 1506 qui
3535 1451 3685 1506 spem

2116 1535 2322 1589 habent
2358 1531 2412 1586 in
2459 1529 2772 1600 potentibus
2823 1535 2878 1582 et
2923 1526 3188 1597 dignitate
3225 1525 3556 1596 conspicuis.
3591 1523 3690 1581 Hic

2117 1641 2272 1681 meus
2301 1623 2512 1679 amicus
2563 1631 2647 1677 est
2691 1620 2960 1676 centurio.
3000 1617 3094 1674 Ille
3138 1633 3295 1674 meus
3341 1618 3553 1672 amicus
3607 1625 3694 1673 est

2117 1715 2425 1789 praefectus,
2463 1726 2518 1770 et
2547 1714 2698 1768 dives
2725 1721 2830 1776 est,
2868 1719 2920 1766 et
2949 1711 3039 1766 dat
3070 1711 3226 1766 mihi.
3257 1709 3339 1764 Ad
3367 1710 3511 1764 hunc
3535 1709 3694 1780 perti-

2116 1820 2208 1865 net
2223 1809 2354 1864 illud
2389 1829 2399 1862 :
2424 1805 2740 1860 Maledictus
2759 1804 2909 1856 homo
2933 1802 3023 1872 qui
3051 1817 3192 1872 spem
3214 1801 3364 1854 habet
3387 1801 3439 1854 in
3465 1800 3689 1854 homine.

2118 1903 2176 1958 in
2214 1902 2424 1957 nullum
2461 1898 2736 1953 hominem
2774 1909 3059 1966 speramus
3085 1934 3100 1960 ,
3130 1894 3481 1964 quantumvis
3535 1891 3692 1946 nobis

2119 1995 2283 2051 amici
2318 2007 2441 2049 esse
2488 1991 2776 2045 videantur
2810 2007 2823 2042 :
2874 2003 2984 2042 non
3031 1987 3175 2043 enim
3211 1986 3265 2040 in
3311 1986 3476 2057 ipsos,
3512 1983 3606 2040 sed
3637 1984 3692 2038 in

2119 2087 2410 2144 Dominum
2452 2093 2699 2140 nostrum
2744 2096 3049 2151 speramus,
3080 2080 3172 2150 qui
3220 2087 3302 2134 est
3343 2076 3504 2134 Jesus
3533 2076 3693 2132 Chri-

2119 2191 2261 2248 stus,
2292 2179 2380 2236 cui
2417 2188 2500 2234 est
2530 2178 2705 2233 honor
2729 2184 2784 2231 et
2814 2174 3104 2244 imperium
3145 2174 3200 2228 in
3231 2173 3430 2229 saecula
3469 2171 3697 2228 saculo-

2120 2289 2265 2329 rum.
2296 2275 2490 2329 Amen.

2574 2483 2736 2553 227
2778 2480 3060 2537 HOMILIA
3095 2478 3234 2535 xvr.

2463 2578 2480 2645 (
2500 2575 2671 2629 Juxta
2723 2574 3101 2643 Hieronymum
3162 2571 3216 2625 Χ
3221 2570 3246 2624 Ι
3254 2568 3282 2622 1
3288 2605 3304 2622 .
3329 2573 3347 2639 )

2531 2666 2605 2722 De
2633 2682 2699 2722 eo
2722 2665 2868 2736 quod
2891 2667 3154 2734 scriptum
3171 2671 3254 2718 est
3279 2681 3294 2717 :

2128 2766 2257 2820 Ecce
2273 2780 2365 2835 ego
2380 2763 2529 2815 mitto
2543 2759 2830 2829 piscatores
2853 2755 3066 2820 multos,
3084 2752 3213 2807 dicit
3233 2752 3487 2807 Dominus
3503 2751 3566 2818 ¹⁶,
3582 2758 3690 2810 etc.

1582 2886 1936 2965 lnterprete
1969 2887 2030 2947 S.
2065 2884 2487 2962 Hieronymo,

521 3005 950 3075 ’Δναγέγραπται
996 3005 1052 3059 έν
1085 3007 1162 3079 τῷ
1195 3010 1337 3062 κατά
1373 3008 1652 3063 Ματθαῖον
1693 3008 2013 3078 Εὑαγγελίῳ

2185 3006 2239 3060 1.
2295 3003 2356 3059 In
2392 3000 2685 3072 Evangelia
2719 2998 2864 3068 quod
2903 2994 3204 3052 secundum
3239 2993 3548 3048 Matthaeum
3587 3003 3690 3060 est,

440 3092 627 3163 Σωτὴρ
655 3092 810 3164 ήμῶν
841 3093 1154 3166 ἐληλυθέναι
1189 3097 1342 3167 παρά
1363 3097 1462 3167 τήν
1493 3096 1769 3152 Θάλασσαν
1788 3098 1886 3169 τῆς
1902 3098 2009 3152 Γα-

437 3180 677 3247 λιλαίας,
710 3183 803 3236 καὶ
837 3184 1140 3256 ἑωρακέναι
1185 3188 1426 3257 Σίμωνα,
1476 3187 1571 3242 καὶ
1625 3188 1880 3260 Ἀνδρέαν
1920 3188 2012 3241 τὸν

432 3273 655 3342 ἀδελφὺν
698 3272 862 3328 αὐτοῦ
899 3272 1188 3342 βάλλοντας
1223 3277 1635 3349 ἀμφίϐληστρον
1672 3279 1752 3342 εἰς
1783 3277 1880 3351 τὴν
1918 3277 2014 3332 θά-

432 3362 631 3416 λασσαν
650 3380 663 3392 ·
697 3359 839 3434 ἦσαν
870 3363 978 3436 γὰρ
1014 3366 1206 3430 ἁλιεῖς.
1259 3363 1396 3420 Εἶτά
1422 3385 1586 3439 φησιν
1609 3371 1638 3421 ό
1667 3369 1845 3438 λόγος,
1871 3369 1954 3423 ὅτι
1985 3370 2013 3423 ό

433 3453 622 3526 Σωτὴρ
666 3453 787 3507 ἰδὼν
823 3451 943 3510 εἷπε
963 3473 977 3486 ·
1033 3457 1212 3512 Δεῦτε
1253 3459 1448 3512 ὀπίσω
1474 3477 1615 3529 μου,
1646 3459 1745 3514 καὶ
1779 3460 2013 3527 ποιήσω

433 3541 586 3610 ὑμᾶς
614 3542 806 3610 ἁλιεῖς
853 3545 1216 3615 ἀνθρώπων·
1266 3551 1319 3602 oi
1370 3547 1458 3614 δὲ,
1505 3548 1761 3617 ἀφέντες
1801 3549 1876 3602 τὰ
1923 3548 2010 3602 δί-

437 3648 606 3695 κτυα,
622 3633 1051 3703 ἠκολούθησαν
1077 3636 1257 3703 αὐτῷ.
1276 3637 1387 3692 Καὶ
1419 3639 1718 3710 πεποίηκεν
1742 3642 1771 3694 ό
1804 3640 2012 3712 Ἰησοῦς

435 3726 631 3788 αὐτοὺς
663 3726 756 3778 ἐπὶ
795 3725 1080 3781 ἀναλαϐεῖν
1114 3727 1206 3782 τοῦ
1252 3728 1484 3783 ἁλιεύειν
1525 3729 1625 3801 (3).
1677 3731 1787 3784 Καὶ
1823 3730 2014 3794 ἄλλους

435 3817 490 3868 δὲ
535 3816 628 3871 δύο
655 3816 918 3886 ἀδελφοὺς
943 3811 1100 3889 εὗρεν
1121 3860 1136 3882 ,
1197 3820 1450 3874 Ἰάκωϐον
1485 3821 1576 3874 τὸν
1607 3820 1698 3873 τοῦ
1728 3820 2012 3876 Ζεϐεδαίου

440 3911 530 3963 καὶ
574 3910 826 3980 Ἰωάννην
858 3910 946 3964 τὸν
979 3911 1204 3980 ἀδελφὸν
1244 3911 1430 3976 αὑτοῦ,
1469 3912 1525 3963 ἐν
1555 3909 1634 3981 τῷ
1667 3909 1836 3980 πλοίῳ
1876 3912 2014 3982 μετὰ

437 3999 528 4053 τοῦ
570 4000 776 4072 πατρὸς
817 4001 1242 4072 καταρτίζοντας
1279 3999 1348 4054 τά
1387 3999 1604 4053 δίκτυα·
1653 4001 1748 4053 καὶ
1794 3999 2014 4063 τούτους

439 4093 692 4146 ἐκάλεσεν
745 4092 838 4145 ἐπὶ
898 4091 982 4163 ;ὴν
1030 4091 1199 4161 αὐτὴν
1256 4092 1589 4161 ἐπιστήμην.
1639 4089 1911 4161 Πεποίηκε
1957 4089 2014 4144 δὲ

441 4185 722 4248 κάκείνους
749 4179 918 4247 ἁλιεῖς
946 4183 1268 4254 ἀνθρώπων.
1305 4183 1413 4236 Καὶ
1438 4183 1492 4235 εἴ
1515 4182 1596 4247 τίς
1625 4198 1688 4250 γε
1718 4182 2013 4253 κατενόησε

438 4276 558 4338 τοὺς
591 4273 808 4345 ἔχοντας
861 4274 968 4329 ἀπὸ
1001 4273 1134 4327 Θεοῦ
1174 4274 1332 4345 χάριν
1375 4273 1534 4342 λόγου
1576 4275 2012 4346 πεπληρωμένην

435 4363 507 4426 ὡς
537 4365 726 4419 δίκτυα
751 4405 764 4429 ,
803 4365 895 4418 καὶ
921 4365 1285 4436 συγκειμένην
1318 4365 1425 4420 ἀπὸ
1451 4365 1560 4417 τῶν
1595 4365 1753 4436 ἱερῶν
1784 4365 2014 4436 Γραφῶν
2047 4356 2090 4411 D

435 4454 508 4518 ὡς
541 4455 982 4527 ἀμφίϐληστρον,
1016 4455 1156 4509 ὥστε
1196 4455 1616 4528 περιϐάλλεσθαι
1661 4459 1783 4518 ταῖς
1814 4456 2012 4526 ψυχαῖς

435 4546 542 4598 τῶν
582 4547 864 4617 ἀκροατῶν
892 4546 952 4600 τὸ
985 4546 1230 4618 πλέγμα·
1274 4549 1581 4620 κατανοήσῃ
1625 4547 1683 4601 δὲ
1713 4546 1806 4601 καὶ
1837 4564 2013 4618 τεχνι-

438 4637 568 4704 κῶς,
602 4637 762 4692 τοῦτο
801 4639 1082 4709 γινόμενον
1123 4638 1264 4693 κατά
1303 4639 1400 4711 τήν
1433 4641 1760 4710 ἐπιστήμην,
1804 4639 1870 4710 ἣν
1907 4639 2012 4692 ἐδί-

440 4730 592 4798 δαξεν
614 4733 642 4784 ό
681 4730 908 4802 Ἰησοῦς,
939 4731 1059 4802 ὄψει
1084 4732 1206 4787 τίνα
1227 4731 1426 4805 τρόπον
1452 4725 1510 4784 οὐ
1535 4729 1692 4801 μόνον
1712 4730 1854 4792 τότε,
1876 4729 2011 4784 ἀλλά

443 4821 536 4874 καὶ
589 4820 685 4874 νῦν
725 4822 754 4873 ό
795 4820 984 4894 Σωτήρ
1019 4821 1174 4894 ήμῶν
1229 4822 1438 4894 πέμπει
1481 4820 1648 4885 ἁλιεῖς
1687 4819 2010 4893 ἀνθρώπων,

445 4910 734 4974 παιδεύσας
771 4912 984 4978 αὐτοὺς,
1030 4913 1118 4966 ἵνα
1169 4911 1484 4983 δυνηθῶμεν
1531 4911 1640 4965 ἀπὸ
1684 4911 1782 4982 τῆς
1816 4911 2013 4965 θαλάσ-

442 5020 538 5072 σης
576 5003 837 5068 ἀνελθεῖν,
882 5004 977 5057 καὶ
1011 5005 1200 5071 φυγεῖν
1246 5005 1414 5075 αὐτῆς
1453 5005 1522 5059 τά
1567 5003 1743 5076 πικρὰ
1773 5002 2009 5074 κύματα.

452 5090 588 5145 Ἀλλ’
621 5093 819 5145 ἐκεῖνοι
844 5094 894 5145 oi
926 5091 1105 5162 ἰχθύες
1134 5094 1183 5144 οί
1217 5090 1429 5160 ἄλογοι,
1465 5092 1775 5156 ἀνελθόντες
1805 5093 1862 5145 ὲν
1892 5093 2012 5155 ταῖς

440 5185 717 5254 σαγήναις,
765 5183 860 5237 καὶ
903 5185 962 5237 ὲν
1006 5185 1120 5247 τοῖς
1164 5183 1615 5254 ἀμφιϐλήστροις,
1671 5182 1764 5238 καὶ
1805 5185 1861 5236 ὲν
1901 5183 2013 5244 τοῖς

438 5273 735 5345 δικτύοιςῆ
777 5277 834 5328 ὲν
861 5277 977 5338 τοῖς
1019 5275 1356 5347 ἀγκίστροις,
1404 5273 1804 5344 ἀποθνήσκουσι
1852 5272 2014 5326 θάνα-

432 5381 547 5431 τον,
571 5367 693 5438 οὐχὶ
722 5366 1108 5438 διαδεχομένης
1137 5367 1282 5437 ζωῆς
1313 5367 1403 5420 τὸν
1437 5350 1680 5420 θάνατον.
1727 5366 1782 5418 '0
1809 5364 1864 5418 δὲ
1897 5352 2014 5416 συλὲ

506 5487 548 5518 ¹⁸
575 5484 751 5540 Jercm
817 5503 953 5553 xvn,
1011 5489 1062 5544 5.
1169 5488 1211 5521 “
1236 5486 1279 5542 Il
1317 5488 1444 5544 Cor.
1491 5505 1567 5552 iv,
1629 5489 1710 5544 ιο.

439 5557 653 5620 ’⁸ἰι›ἱι1.,
682 5557 772 5611 21.

507 5672 583 5748 (1‘
609 5671 788 5748 (ἐθίζει
815 5671 1087 5748 γριίςτιιηη
1119 5677 1254 5748 μετά
1285 5677 1500 5748 σαρκός.

505 5737 590 5811 ,(2)
614 5738 795 5797 Codex
832 5737 1146 5810 Vaticanus,
1173 5737 1498 5815 ἐλπίζωμεν.

1809 5488 1848 5519 ⁸⁸
1870 5486 2083 5543 Coloss.
2131 5506 2214 5554 ll'l,
2248 5491 2300 5544 5.
2381 5492 2424 5522 “
2455 5488 2654 5544 Jercm.
2709 5503 2820 5551 xvi,
2868 5485 2952 5540 l6.

2118 3095 2380 3153 scribitur
2423 3093 2672 3149 Salvator
2723 3097 2908 3142 noster
2947 3087 3163 3143 venisse
3204 3086 3358 3155 juxta
3400 3098 3548 3138 mare
3586 3080 3694 3136 Ga-

2117 3188 2288 3256 lilzeaz,
2335 3196 2391 3242 et
2432 3187 2507 3242 ibi
2542 3185 2744 3240 vidisse
2790 3182 3067 3237 Simonem
3091 3188 3145 3234 et
3168 3178 3437 3232 Andream
3470 3175 3692 3229 fratrem

2115 3279 2235 3350 ejus
2276 3278 2555 3333 mittentes
2598 3275 2736 3330 retia
2777 3274 2830 3328 in
2862 3286 3032 3327 mare.
3075 3269 3243 3324 Erant
3276 3267 3475 3338 quippe
3509 3264 3691 3335 pisca-

2117 3383 2285 3428 tores.
2311 3370 2495 3440 lbique
2527 3368 2743 3423 additur
2782 3362 3020 3420 :Videns
3041 3371 3220 3417 autem
3243 3375 3338 3415 eos
3353 3355 3690 3422 Jcsus,di:rit

2116 3463 2193 3517 eis
2229 3478 2247 3516 :
2281 3460 2460 3516 Venite
2496 3468 2614 3529 post
2647 3474 2748 3524 me,
2784 3471 2834 3511 et
2869 3455 3067 3525 faciant
3097 3468 3184 3506 vos
3207 3452 3494 3520 piscatores
3523 3445 3692 3500 homi-

2118 3571 2264 3608 num.
2318 3553 2388 3606 Et
2425 3552 2774 3620 relinquentes
2803 3563 2902 3600 sua
2932 3545 3068 3599 retia
3123 3542 3290 3596 secuti
3322 3553 3439 3594 sunt
3471 3555 3590 3592 eum
3625 3538 3690 3592 ".

2117 3645 2184 3700 Et
2209 3644 2338 3701 fecit
2359 3659 2455 3699 eos
2485 3642 2734 3696 Salvator
2751 3637 2818 3692 de
2844 3633 3207 3705 piscatoribus
3229 3630 3483 3700 piscium,
3514 3630 3694 3698 pisca-

2119 3745 2264 3791 tores
2306 3734 2613 3789 hominum.
2661 3729 2810 3785 Alios
2839 3739 3060 3796 quoque
3089 3723 3228 3776 duos
3258 3719 3452 3776 fratres
3486 3719 3693 3774 invenit

2119 3825 2404 3888 Dominus,
2448 3821 2712 3876 Jacobum
2747 3815 3024 3876 Zebedrei,
3064 3821 3119 3868 et
3157 3811 3420 3865 Joannem
3469 3808 3690 3863 fratrem

2117 3919 2256 3988 ejus,
2307 3917 2360 3970 in
2400 3913 2650 3969 navicula
2702 3925 2826 3966 cum
2885 3916 3033 3978 patre
3073 3903 3333 3960 Zcbedaeo
3388 3902 3692 3957 reﬁcientes

2117 4011 2252 4066 retia
2287 4023 2387 4064 sua
2419 4008 2481 4058 η.
2527 4005 2678 4072 Quos
2711 4017 2836 4058 cum
2875 3999 3125 4055 similiter
3169 3996 3234 4052 ad
3276 3993 3552 4065 Evangelii
3595 3994 3694 4048 mi-

2117 4101 2404 4158 nisterium
2435 4105 2808 4170 provocasset,
2858 4093 3160 4164 piscatores
3189 4087 3480 4143 hominum.
3503 4084 3686 4141 reddi-

2117 4195 2216 4249 dit.
2263 4192 2321 4248 Si
2352 4191 2476 4262 quis
2513 4190 2671 4260 juxta
2701 4189 2843 4242 hanc
2884 4184 3165 4240 historiam
3193 4180 3500 4238 consideret
3525 4178 3693 4235 disci—

2119 4289 2276 4360 pulos
2326 4285 2648 4348 Salvatoris,
2701 4290 2761 4336 ut
2814 4279 3049 4334 habeant
3079 4291 3188 4331 non
3235 4275 3411 4330 solum
3454 4274 3685 4343 gratiam

2120 4379 2412 4445 sermonis,
2464 4378 2538 4432 ita
2590 4374 2999 4443 Scripturarum
3046 4369 3260 4424 ratione
3289 4374 3599 4423 contextam
3634 4372 3693 4420 ut

2119 4471 2254 4527 retia
2275 4511 2291 4537 ,
2321 4484 2446 4538 quae
2475 4466 2687 4538 possint
2714 4479 2878 4535 super
2905 4463 3174 4517 humanas
3200 4459 3413 4514 animas
3447 4471 3579 4529 gyro
3610 4471 3693 4510 ar-

2121 4560 2282 4614 titicis
2329 4555 2670 4628 superfundi,
2722 4563 2774 4610 et
2828 4547 3135 4610 consideret
3177 4551 3280 4606 hoc
3334 4549 3513 4620 ipsum
3561 4560 3688 4602 cum

2119 4665 2333 4708 summa
2391 4649 2602 4703 ratione
2653 4647 2797 4713 tidei,
2849 4644 3052 4701 videbit
3095 4641 3372 4715 quomodo
3415 4656 3524 4696 non
3563 4649 3693 4696 tunc

2119 4749 2329 4794 tantum
2365 4737 2617 4792 Salvator
2643 4775 2659 4802 ,
2703 4733 2797 4790 sed
2824 4742 2876 4790 et
2902 4747 3077 4804 usque
3106 4735 3172 4786 ad
3195 4738 3511 4800 prmsentem
3544 4726 3689 4782 diem

2118 4831 2298 4886 mittat
2343 4829 2627 4884 hominum
2655 4827 2987 4898 piscatores,
3025 4825 3316 4880 instituens
3346 4837 3441 4877 eos
3478 4819 3692 4876 animas

2118 4919 2353 4972 liberare
2376 4917 2442 4972 de
2465 4917 2626 4982 mari,
2651 4924 2706 4970 et
2727 4931 2794 4970 ex
2820 4912 3190 4971 acerbissimis
3212 4911 3466 4966 ﬂuctibus
3494 4909 3560 4964 ad
3585 4925 3689 4964 au-

2119 5024 2236 5064 ram
2281 5007 2583 5079 producere
2616 5006 2950 5067 liberiorem.
3001 5002 3197 5060 Verum
3231 5001 3307 5056 illi
3343 5001 3518 5071 pisces
3563 5015 3684 5054 cum

2120 5101 2360 5172 sagenis,
2399 5099 2605 5155 retibus
2642 5107 2810 5168 atque
2849 5093 3276 5168 liamisextracti
3310 5093 3376 5148 de
3406 5107 3547 5161 aqua
3572 5089 3689 5146 {uc-

2121 5192 2252 5255 rint,
2283 5191 2614 5246 moriuntur.
2643 5189 2798 5260 Apud
2833 5203 2934 5243 nos
2969 5203 3101 5242 vero
3130 5181 3259 5242 eum
3292 5184 3490 5254 aliquis
3523 5182 3688 5240 fuerit

2121 5283 2395 5338 sermonis
2438 5292 2554 5338 rete
2601 5279 3052 5352 comprehensus,
3088 5287 3142 5332 et
3163 5277 3398 5332 ediwtus
3436 5275 3504 5329 de
3546 5275 3686 5331 mari

2120 5374 2339 5437 seaculi,
2394 5374 2626 5428 moritur
2673 5372 2890 5442 quidem
2931 5379 2984 5424 et
3018 5370 3154 5438 ipse,
3197 5366 3288 5421 sed
3315 5375 3558 5434 peccato,
3590 5364 3685 5420 sed

3055 5485 3096 5515 ⁸⁷
3129 5481 3314 5536 Matth.
3361 5495 3434 5543 iv,
3480 5479 3681 5546 19,20.

2174 5673 2250 5736 (5)
2300 5673 2430 5725 Ἐπὶ
2487 5666 2811 5724 ἀναλαϐεῖν
2870 5666 2975 5720 τοῦ
3039 5663 3320 5716 ἁλιεύειν.
3379 5659 3550 5730 Lege,
3603 5662 3686 5717 lu

2108 5742 2396 5797 ἀναλαϐεῖν
2435 5740 2494 5794 τὺ
2525 5737 2780 5794 ἁλιεύειν.
