4122 6452
428 309 530 368 839'

1873 311 2197 372 ORIGENIS

3573 309 3672 363 ιιο

420 432 648 497 mundo,
694 440 754 488 ut
785 448 1124 506 consurgens
1146 434 1387 498 Christo,
1418 435 1565 491 vivat
1605 435 1726 491 Deo.
1773 436 1828 489 Si
1859 452 1985 506 ergo

2089 435 2314 506 ληφθεὶς
2337 436 2442 489 ὑπὸ
2468 433 2577 489 τῶν
2605 433 2798 489 ἀλιέων
2833 431 3027 503 Ἰησοῦ,
3052 432 3148 485 καὶ
3171 428 3413 485 ἀνελθὼν
3438 430 3548 485 ἀπὸ
3572 432 3674 501 τῆς

421 522 604 590 possis
664 521 732 577 ad
780 523 1186 592 intelligendum
1232 539 1455 579 sensum
1510 540 1671 594 quem
1723 539 1989 579 conamur

420 625 718 680 exponere,
779 611 965 667 animo
1016 614 1274 669 inducere
1331 615 1508 684 pisces
1543 613 1611 669 de
1643 615 1778 668 mari
1814 624 1991 669 estra-

420 711 560 768 ctos,
619 704 780 757 aliam
829 720 1025 759 rursus
1058 706 1224 760 vitam
1265 720 1566 771 assumere,
1602 715 1658 759 et
1693 705 1840 759 aliud
1867 721 1992 761 cor-

421 807 524 862 pus
548 794 794 859 induere,
843 804 974 851 tunc
997 796 1138 851 scies
1165 811 1275 866 quo
1295 797 1455 851 nobis
1483 796 1775 866 profecerit
1800 812 1990 851 exem-

421 884 588 952 plum.
634 882 808 940 Nemo
856 886 1216 955 blasphemet,
1258 902 1422 943 nemo
1449 890 1591 942 male
1626 888 1843 950 Iaceret,
1881 902 1989 943 non

422 984 647 1030 vocetur
677 977 885 1031 crimen
917 978 1063 1047 quod
1091 978 1161 1032 ab
1188 980 1412 1034 alterius
1442 980 1734 1034 abductum
1782 987 1866 1033 est
1908 980 1993 1032 in-

421 1067 734 1137 telligentia.
750 1066 816 1122 Et
841 1077 897 1123 tu
922 1069 1088 1139 igitur
1111 1084 1231 1124 cum
1251 1070 1490 1141 223m;
1515 1072 1696 1126 saeculi
1717 1071 1876 1127 istius
1895 1072 1994 1126 ﬂu-

417 1157 598 1215 ctibus
624 1173 722 1229 per
741 1160 1038 1230 discipulos
1068 1160 1284 1216 Domini
1320 1162 1487 1219 lueris
1508 1171 1803 1231 extractus,
1844 1174 1992 1220 mnta

414 1250 664 1320 corporis
710 1251 861 1314 vitia,
909 1259 1057 1305 muta
1109 1267 1330 1307 sensum
1365 1253 1594 1320 animm;
1643 1270 1752 1309 non
1798 1254 1873 1309 sis
1902 1256 1992 1310 ille

418 1340 584 1410 piscis
605 1342 771 1413 quiin
791 1342 948 1397 salsis
970 1342 1275 1398 versabaris
1302 1343 1485 1411 undis;
1511 1344 1604 1399 sed
1629 1346 1697 1400 de
1722 1344 1992 1415 profundo

419 1434 629 1503 gurgite
676 1444 867 1489 erutus
914 1434 981 1489 ad
1036 1435 1261 1493 meliora
1307 1444 1643 1502 convertere,
1692 1438 1992 1493 secundum

420 1526 554 1582 illud
593 1530 953 1597 apostolicum
1001 1530 1093 1583 ":
1142 1528 1256 1584 Nos
1313 1540 1488 1585 autem
1532 1545 1710 1586 omnes
1762 1532 1992 1586 revelata

422 1618 562 1687 facie
573 1620 798 1689 gloriam
823 1619 1036 1674 Domini
1056 1621 1485 1691 contemplantes,
1508 1623 1561 1676 in
1588 1623 1824 1677 eamdem
1853 1624 1990 1677 ima-

421 1710 592 1779 ginem
618 1711 1065 1781 transformamur
1089 1712 1154 1766 de
1175 1713 1347 1782 gloria
1378 1715 1431 1766 in
1467 1713 1714 1782 gloriam,
1750 1714 1905 1785 quasi
1952 1730 1985 1767 a

2090 527 2383 597 Θαλάσσης,
2419 527 2510 578 καὶ
2539 525 2701 589 αὐτὸς
2735 525 2834 596 μὲν
2865 524 3218 596 ἀποθνήσκει,
3256 522 3589 595 ἀποθνήσκει
3611 523 3670 576 δὲ

2088 618 2166 690 τῷ
2195 619 2401 689 κόσμῳ,
2421 619 2834 689 ὰποθνήσκειτῇ
2868 618 3130 689 ἁμαρτίᾳ,
3153 616 3249 671 καὶ
3281 614 3419 686 μετὰ
3441 614 3504 668 τὸ
3537 616 3675 669 ἀπο-
3740 644 3746 650 ·

2089 709 2270 763 θανεῖν
2300 710 2379 781 τῷ
2411 710 2600 780 κόσμῳ
2633 709 2725 763 καὶ
2758 711 2824 779 τῇ
2858 709 3100 780 ἁμαρτίᾳ
3119 749 3134 773 ,
3179 708 3524 772 ζωοποιεῖται
3566 706 3673 760 ὑπὸ

2088 800 2182 854 τοῦ
2226 801 2385 869 λόγου
2416 799 2510 854 τοῦ
2548 798 2716 864 Θεοῦ,
2770 801 2866 852 καὶ
2900 798 3267 869 ἀναλαμϐάνει
3293 798 3461 869 ἀλλην
3488 797 3669 869 ζωήνο

2089 891 2222 945 ὡσεὶ
2254 891 2423 944 ἐδύνω
2453 890 2572 944 καθ’
2613 889 2872 943 ὑπόθεσιν
2907 888 2983 959 (l)
3018 890 3207 959 νοῆσαι
3232 887 3332 958 τὴν
3359 887 3455 941 τοῦ
3489 888 3671 959 ίχθύος

2088 982 2267 1053 ψυχὴν
2311 982 2752 1053 μεταϐάλλουσαν
2789 980 2926 1052 μετὰ
2955 981 3016 1033 τὸ
3049 979 3284 1044 ἐξελθεῖν
3306 978 3416 1033 ἀπὸ
3446 979 3540 1033 τοῦ
3562 979 3669 1032 σώ-

2094 1090 2263 1145 ματος
2295 1072 2386 1126 τοῦ
2418 1072 2660 1143 ίχθυῖκοῦ
2683 1111 2697 1135 ,
2732 1073 2827 1125 καὶ
2855 1070 3146 1141 γινομένην
3179 1088 3231 1123 τι
3264 1074 3508 1141 κρεῖττον
3537 1070 3669 1140 παρ’

2095 1164 2265 1235 ἰχθύν.
2302 1164 2660 1235 Παράδειγμα
2689 1163 2897 1218 ἔλαϐον.
2941 1164 3033 1235 Μὴ
3057 1161 3311 1234 ἀφορμάς
3345 1179 3428 1225 τις
3460 1160 3668 1231 λαμϐα-

2091 1257 2230 1310 νέτω
2258 1249 2334 1309 ὧν
2374 1257 2476 1310 οὐκ
2518 1257 2738 1327 ἧκουσε,
2774 1256 3015 1309 τοιοῦτον
3042 1256 3106 1326 δή
3136 1272 3189 1308 τι
3216 1256 3404 1327 νοήσῃ.
3446 1253 3663 1325 ’Δνελή-

2089 1347 2257 1410 λυθας
2306 1347 2416 1400 ἀπὸ
2471 1346 2572 1417 τῆς
2616 1347 2909 1418 θαλάσσης,
2957 1344 3249 1400 ὑποπεσὼν
3285 1348 3397 1408 τοῖς
3432 1344 3665 1408 δικτύοις

2092 1437 2200 1492 τῶν
2228 1437 2487 1510 μαθητῶν
2539 1438 2744 1509 Ἰησοῦ·
2787 1435 3019 1502 ἐξελθὼν
3049 1435 3402 1508 μεταϐάλλεις
3441 1436 3539 1507 τὴν
3561 1435 3669 1505 ψυ-

2091 1529 2213 1600 χὴν,
2247 1529 2431 1582 οὐκέτι
2477 1528 2632 1599 ίχθὺς
2674 1525 2746 1593 εἷ,
2779 1527 3069 1599 διατρίϐων
3118 1530 3231 1591 τοῖς
3276 1526 3537 1598 ἁλμυροῖς
3568 1526 3670 1596 τῆς

2090 1619 2367 1689 θαλάσσης
2415 1619 2685 1689 κύμασιν·
2741 1618 2855 1672 ἀλλ’
2903 1618 3105 1682 εὐθέως
3139 1634 3232 1672 σου
3272 1616 3593 1689 μεταϐάλλει
3633 1619 3668 1689 ή

2088 1711 2254 1782 ψυχὴ,
2308 1713 2404 1765 καὶ
2437 1710 2900 1784 μεταμορφοῦται,
2950 1711 3046 1765 καὶ
3084 1710 3296 1778 γίνεται
3342 1709 3589 1782 κρεῖττόν
3615 1726 3669 1763 τι

422 1797 637 1855 Domini
669 1802 881 1871 spiritu.
924 1800 990 1857 Et
1015 1819 1138 1857 cum
1164 1802 1332 1858 l‘ueris
1354 1803 1424 1858 ab
1445 1804 1707 1874 apostolis
1739 1820 1802 1859 ac
1824 1805 1985 1859 disci-

2088 1801 2183 1854 καὶ
2216 1799 2487 1871 θειότερον
2520 1802 2651 1875 παρ’
2681 1800 2712 1853 δ
2741 1796 2810 1872 ἦν
2834 1800 2896 1853 τὸ
2931 1799 3210 1871 πρότερον.
3251 1799 3374 1851 ὀτι
3402 1797 3460 1850 δέ
3499 1814 3667 1869 μετα-

417 1888 561 1957 palis
584 1887 711 1945 Jesu
746 1891 975 1948 marinis
999 1889 1256 1949 ﬂuctibus
1284 1893 1566 1958 liberatus,
1599 1894 1711 1948 noli
1743 1909 1988 1964 querere

415 1978 771 2049 profundum,
817 1984 910 2037 sed
944 1983 999 2037 in
1029 1983 1306 2038 montibus
1343 1984 1416 2038 sit
1463 1984 1810 2040 conversatio
1855 1992 1984 2051 tua;

416 2078 478 2124 ut
504 2069 617 2140 jam
645 2086 753 2126 non
782 2072 987 2129 habeas
1014 2089 1155 2143 opus
1184 2076 1569 2145 piscatoribus,
1591 2078 1685 2147 qui
1715 2085 1767 2133 te
1794 2094 1987 2134 rursus

414 2161 485 2214 de
524 2160 780 2217 ﬂuctibus
822 2164 1133 2232 extrahant,
1182 2166 1278 2221 sed
1328 2166 1453 2223 aliis
1490 2168 1815 2237 quibusdam
1846 2183 1988 2239 quos

414 2260 703 2307 venatores
729 2249 1016 2323 Scriptura
1044 2263 1344 2325 nuncupat,
1370 2256 1463 2326 qui
1494 2266 1545 2311 te
1570 2265 1756 2326 postea
1786 2272 1987 2313 venen-

416 2353 506 2397 tur
549 2341 619 2398 de
665 2353 871 2411 monte,
913 2343 982 2401 de
1010 2346 1171 2411 colle,
1203 2347 1272 2402 de
1300 2348 1435 2403 locis
1463 2348 1783 2417 altioribus;
1814 2350 1887 2404 ibi
1916 2351 1989 2406 sit

417 2430 788 2488 deambulatio
825 2440 940 2499 tua,
972 2433 1048 2489 ibi
1081 2449 1254 2502 mens,
1283 2450 1504 2504 gressus
1530 2445 1585 2490 et
1614 2436 1809 2501 statio;
1848 2434 1987 2489 obli-

416 2538 436 2573 ι
452 2521 626 2578 iacere
656 2525 856 2589 maris;
883 2524 1206 2581 obliviscere
1224 2526 1445 2582 vallium
1465 2541 1528 2581 ac
1551 2524 1980 2596 profundorum;

414 2615 537 2670 veni
572 2614 640 2669 ad
664 2625 901 2684 montes,
939 2617 1266 2688 prophetas;
1302 2618 1424 2673 veni
1453 2618 1518 2672 ad
1543 2618 1740 2681 colles,
1767 2616 1981 2686 justus;

414 2707 547 2777 ipsis
567 2708 639 2765 sit
670 2709 1015 2765 conversatio
1048 2717 1140 2763 tua
1169 2727 1182 2774 ;
1214 2718 1274 2764 ut
1298 2726 1422 2765 cum
1457 2710 1574 2765 dies
1598 2708 1790 2765 mortis
1815 2708 1983 2764 adve-

413 2800 578 2864 nerit,
609 2801 897 2857 mittantur
920 2812 1229 2867 venatores,
1254 2802 1344 2855 alii
1371 2802 1594 2871 quidam
1630 2816 1660 2855 a
1695 2800 1983 2869 piscatori—

411 2889 549 2955 bus,
584 2893 678 2960 qui
710 2908 871 2961 super
895 2895 1327 2964 assumptioncm
1364 2892 1644 2948 constituti
1673 2899 1822 2959 sunt,
1853 2900 1907 2946 et
1935 2899 1986 2945 te

410 2997 538 3038 cum
573 2983 785 3039 caeteris
818 2986 1025 3040 sanctis
1063 2985 1130 3040 de
1162 2985 1330 3052 colle,
1366 2984 1435 3040 de
1463 2992 1669 3049 monte,
1704 2982 1772 3038 de
1802 2982 1985 3037 altioii

411 3073 536 3128 loco
570 3071 862 3141 accipiant.
897 3072 1032 3129 Vide
1064 3084 1244 3130 autem
1283 3075 1326 3130 si
1363 3090 1471 3128 non
1517 3082 1729 3128 sacrata
1761 3088 1896 3128 voce
1929 3074 1984 3127 in

2090 1890 2390 1965 μορφοῦται
2417 1893 2512 1945 καὶ
2535 1892 3122 1963 μεταϐάλλεται,ὰκουε
3140 1889 3354 1944 Παύλου
3382 1888 3630 1957 λέγοντος
3648 1903 3665 1919 ⁸

2101 1983 2292 2052 Ἡμεῖς
2309 1984 2378 2037 δὲ
2392 1983 2634 2050 πάντες,
2661 1981 3206 2052 ἀνακεκαλυμμένῳ
3227 1980 3525 2059 προσώπῳ
3554 1979 3669 2047 τὴν

2086 2075 2273 2141 δόξαν
2298 2075 2518 2144 Κυρίου
2541 2073 3071 2144 κατοπτριζόμενοι,
3103 2072 3220 2141 τὴν
3240 2072 3436 2140 αὐτὴν
3464 2073 3668 2126 εἰκόνα

2082 2166 2615 2237 μεταμορφούμεθα
2651 2165 2768 2219 ἀπὸ
2815 2164 3002 2231 δόξης
3041 2167 3129 2230 εις
3158 2163 3349 2228 δόξαν
3403 2160 3669 2230 καθάπερ

2084 2258 2204 2314 ἀπὸ
2230 2258 2455 2325 Κυρίου
2479 2257 2836 2327 πνεύματος.
2873 2258 2985 2310 Kal.
3016 2254 3465 2326 μεταμορφωθείς
3494 2270 3553 2307 τε
3584 2252 3672 2307 οῦ-

2085 2368 2192 2414 τως
2224 2352 2252 2403 ό
2296 2349 2447 2420 ἰχθὺς
2476 2351 2506 2401 ό
2544 2349 2648 2402 ὑπὸ
2692 2347 2803 2401 τῶν
2848 2347 3041 2402 ἀλιέων
3101 2346 3276 2418 Ἰησοῦ
3316 2344 3666 2416 συλληφθεὶς,

2086 2441 2402 2497 καταλιπὼν
2462 2440 2561 2505 τὰς
2619 2443 2677 2495 ἐν
2731 2440 2977 2512 θαλάσσῃ
3026 2437 3329 2510 διατριϐὰς,
3388 2436 3670 2508 διατριϐὰς

2087 2536 2320 2587 ποιεῖται
2342 2535 2401 2587 ἐν
2419 2533 2621 2604 ὄρεσιν,
2639 2532 2780 2586 ὥστε
2807 2532 2970 2585 αὑτὸν
2992 2530 3247 2600 δεηθῆναι
3268 2529 3451 2582 οὐκέτι
3472 2527 3667 2582 ἀλιέων

2083 2624 2193 2678 τῶν
2225 2625 2535 2693 ἀναγόντων
2567 2623 2731 2679 αὐτὸν
2758 2623 2865 2677 ὰπὸ
2896 2622 3203 2692 θαλάσσης,
3236 2619 3373 2674 ἀλλὰ
3397 2618 3665 2689 δευτέρων

2084 2716 2269 2779 τινῶν,
2318 2710 2428 2770 οἷον
2455 2714 2833 2786 ὀνομάζονται,
2875 2713 3154 2785 θηρευτῶν
3182 2712 3379 2775 οἵτινες
3399 2709 3653 2781 θηρεύου-

2087 2824 2171 2862 σιν
2228 2806 2339 2860 ἀπὺ
2388 2806 2589 2868 παντὸς
2634 2805 2792 2877 ὅρους
2823 2843 2839 2869 ,
2888 2803 2983 2857 καὶ
3032 2802 3141 2857 ἀπὸ
3200 2801 3400 2864 παντὸς
3452 2797 3662 2870 βουνοῦ.

2099 2895 2328 2960 Ἀναϐὰς
2363 2893 2457 2950 οῦν
2502 2897 2565 2949 σὺ
2606 2897 2712 2949 ἀπὸ
2740 2895 2841 2965 τῆς
2874 2893 3180 2965 θαλάσσης,
3212 2894 3307 2947 καὶ
3343 2889 3665 2960 συλληφθεὶς

2085 2989 2197 3051 τοῖς
2219 2985 2455 3050 δικτύοις
2476 2985 2585 3040 τῶν
2604 2985 2864 3058 μαθητῶν
2904 2983 3101 3057 Ἰησοῦ,
3132 2980 3401 3054 μετάϐαλε
3429 2977 3536 3034 ἀπὸ
3563 2976 3665 3045 τῆς

2088 3079 2383 3151 θαλάσσης,
2446 3078 2702 3133 ἐπιλάθου
2741 3078 2931 3148 αὐτῆς,
2977 3073 3081 3148 ἧκε
3133 3076 3226 3128 ἐπὶ
3260 3073 3330 3126 τὰ
3378 3073 3501 3143 ὅρη,
3539 3069 3666 3131 τοὺς

411 3166 601 3221 eadem
645 3165 915 3220 sententia
963 3167 1226 3236 propheta
1260 3167 1530 3221 consentit
1572 3165 1761 3222 dicens
1795 3185 1809 3220 :
1849 3164 1984 3220 Ecce

2090 3168 2394 3240 προφήτας,
2442 3168 2538 3222 καὶ
2575 3169 2669 3220 ἐπ)⁸
2700 3168 2827 3230 τοὺς
2856 3166 3098 3237 βουνοὺς,
3131 3166 3259 3228 τοὺς
3280 3162 3539 3225 δικαίους,
3569 3159 3665 3211 καὶ

409 3272 505 3329 ego
536 3259 690 3312 mitto
707 3259 997 3328 piscatores
1020 3258 1385 3318 multos.dicit
1414 3258 1694 3321 Dominus,
1723 3270 1772 3312 et
1813 3259 1985 3328 pisca-

2091 3258 2245 3312 ποιοῦ
2270 3260 2389 3311 ἐκεῖ
2411 3258 2510 3321 τὰς
2532 3256 2835 3330 διατριϐὰς,
2864 3258 2952 3312 ἵνα
2977 3255 3116 3328 μετὰ
3147 3254 3341 3318 ταῦτα,
3372 3255 3462 3307 ὅτε
3489 3252 3519 3306 ὁ
3542 3266 3665 3304 και·

412 3350 609 3406 buntur
645 3367 754 3408 eos.
802 3350 873 3405 Et
904 3361 1021 3422 post
1057 3352 1167 3405 lure
1203 3352 1413 3405 mittam
1459 3359 1727 3406 venatores
1764 3350 1982 3418 multos,

2093 3350 2186 3422 ρός
2204 3367 2287 3403 σοι
2312 3350 2414 3421 τῆς
2443 3350 2626 3415 ἐξόδου
2647 3351 2865 3421 ἐπιστῇ,
2898 3347 3222 3420 πεμφθῶσιν
3246 3349 3294 3400 oi
3324 3344 3539 3399 πολλλοὶ
3566 3342 3667 3412 θηο

411 3450 469 3496 ιιι
498 3443 711 3512 capiant
740 3459 826 3497 eos
853 3458 1014 3512 supra
1039 3459 1243 3497 omnem
1272 3452 1497 3498 montem
1521 3452 1571 3497 et
1599 3442 1785 3497 collem
1805 3442 1873 3498 ".

2092 3444 2312 3515 ρευταὶ,
2357 3442 2534 3515 ἕτεροι
2563 3442 2715 3514 παρὰ
2753 3442 2880 3506 τοὺς
2923 3441 3110 3505 ἀλιεῖς.
3159 3440 3315 3503 Τίνες
3349 3438 3393 3490 δ’
3441 3436 3510 3490 ἂν
3555 3430 3667 3489 εἷεν

407 3528 555 3591 οὗτοι
588 3535 621 3607 ἢ
652 3539 700 3590 οἱ
717 3536 1133 3608 ἐπιτεταγμένοι
1164 3537 1258 3591 ἐπὶ
1286 3536 1381 3590 τοῦ
1415 3537 1858 3609 παραλαμϐάνειν
1883 3536 1983 3601 τὰς
2020 3537 2200 3609 ψυχὰς
2236 3539 2334 3602 τὰς
2364 3538 2423 3593 ἐν
2463 3538 2692 3610 βουνοῖς,
2739 3537 2840 3601 τὰς
2893 3537 2968 3608 μὴ
3015 3537 3163 3591 κάτω
3216 3534 3501 3605 κειμέναςς
3555 3531 3665 3585 Καὶ

409 3628 513 3698 δρα
547 3628 594 3680 εί
624 3628 700 3700 μὴ
735 3628 977 3702 κέκραγε
1035 3629 1312 3700 μυστικῶς
1336 3630 1512 3684 ταῦτα
1540 3629 1717 3699 λέγων
1758 3634 1787 3685 ό
1813 3633 2116 3703 προφήτης,
2157 3633 2251 3685 καὶ
2301 3630 2488 3686 τοῦτον
2530 3630 2801 3704 παριστὰς
2847 3630 2938 3683 τὸν
2978 3630 3100 3683 νοῦν
3122 3630 3181 3683 ἐν
3216 3627 3294 3698 τῷ
3318 3643 3331 3657 ·
3370 3625 3523 3681 Ἰδοὺ
3551 3621 3667 3691 ἐγὼ

407 3718 772 3775 ἀποστέλλω
823 3720 1013 3787 ἁλιεῖς
1061 3721 1331 3789 πολλοὺς
1353 3762 1368 3787 ,
1413 3722 1575 3792 λέγει
1616 3725 1831 3793 Κύριος
1853 3765 1867 3789 ,
1909 3725 2007 3779 καὶ
2071 3725 2466 3779 ἀλιεύσουσιν
2500 3725 2741 3790 αὐτούς.
2774 3723 2879 3777 Καὶ
2919 3721 3071 3791 μετὰ
3107 3719 3293 3774 ταῦτα
3349 3712 3665 3772 ἀποστελῶ

406 3813 679 3880 πολλοὺς
733 3815 1028 3883 θηρευτὰς
1051 3856 1067 3881 ,
1135 3815 1236 3870 καί
1288 3818 1695 3886 θηρεύσουσιν
1765 3818 1987 3885 αὐτοὺς
2020 3818 2221 3873 ἐπάνω
2249 3818 2475 3873 παν·τόο
2506 3818 2703 3887 ὄρους,
2739 3816 2837 3870 καί
2863 3814 3062 3870 ἐπάνω
3086 3812 3310 3878 παντὸς
3350 3809 3589 3867 ϐουνοῦ.

479 3913 535 3967 2.
585 3911 644 3966 Si
689 3912 774 3968 vis
813 3922 867 3968 et
918 3920 975 3976 tu
1000 3914 1067 3968 ab
1091 3912 1178 3968 his
1209 3914 1562 3970 venatoribus
1591 3915 1731 3985 capi,
1758 3930 1890 3970 cave
1919 3929 1987 3969 ne

408 4005 644 4059 verseris
678 4005 731 4058 in
758 4005 1024 4071 vallibus,
1054 4019 1123 4060 ne
1156 4005 1211 4059 in
1253 4005 1358 4059 alia
1384 4004 1577 4060 humili
1610 4007 1829 4075 regione
1852 4020 1986 4062 con-

409 4094 594 4150 sistas.
621 4090 816 4160 Quaere
845 4092 1033 4158 colles,
1079 4106 1262 4161 quaere
1301 4101 1563 4159 montem,
1596 4092 1650 4146 in
1679 4107 1841 4161 quem
1864 4092 1985 4146 viso

409 4186 613 4257 populo
636 4185 902 4241 Dominus
932 4184 1212 4252 ascendit,
1241 4192 1295 4239 et
1323 4184 1495 4241 secuti
1523 4192 1653 4241 sunt
1674 4199 1798 4239 eum
1825 4184 1988 4239 disci-

408 4277 543 4348 puli,
573 4292 638 4333 ex
655 4292 765 4349 quo
786 4276 1035 4347 aperiens
1056 4291 1117 4332 os
1147 4291 1307 4332 suum
1333 4275 1521 4332 docuit
1548 4290 1663 4343 eos,
1688 4275 1934 4332 dicens"
1965 4294 1980 4330 :

406 4368 561 4423 Beati
611 4384 863 4438 pauperes
903 4367 1094 4437 spiritu
1119 4408 1134 4433 ,
1176 4367 1426 4436 quoniam
1482 4366 1717 4430 ipsorum
1773 4374 1847 4421 est
1898 4380 1983 4418 re—

408 4476 565 4529 gnum
618 4459 903 4525 ctelorum,
954 4465 1009 4513 et
1053 4457 1294 4528 reliquas
1339 4468 1545 4528 septem
1598 4457 1985 4513 beatitudines.

409 4550 594 4621 Neque
641 4565 771 4604 vero
813 4556 970 4619 putes
1021 4549 1187 4604 licere
1237 4550 1323 4605 bis
1350 4550 1738 4614 venatoribus,
1767 4551 1986 4607 aliunde

408 4644 692 4707 homines,
724 4642 829 4697 nisi
868 4641 936 4696 de
966 4640 1246 4712 montibus
1276 4656 1341 4696 ac
1371 4642 1602 4697 collibus
1635 4657 1899 4713 quaerere,
1930 4650 1987 4697 et

406 4736 554 4806 quod
586 4733 856 4805 sequitur,
891 4733 955 4787 de
983 4732 1219 4787 cavernis
1250 4741 1541 4802 petrarum.
1570 4733 1728 4789 Unde
1754 4748 1978 4803 possum

409 4828 711 4899 intelligere
754 4824 977 4898 petras?
1006 4824 1152 4879 unde
1188 4838 1456 4880 cavernas
1486 4826 1798 4894 petrarum?
1823 4826 1982 4881 venio

408 4919 475 4974 ad
504 4917 755 4974 Exodum
781 4934 795 4981 ;
852 4933 1037 4988 quer
1062 4917 1300 4985 aliquam
1336 4915 1799 4986 interpretationis
1826 4932 1981 4973 occa-

407 5012 652 5075 sionem;
707 5009 913 5077 uhiquc
953 5010 1189 5064 invenior
1217 5007 1485 5065 volentem
1526 5006 1762 5080 Moysen:
1798 5009 1980 5063 videre

408 5101 699 5157 Dominum
722 5145 735 5167 ,
760 5109 814 5155 et
845 5099 1136 5156 Dominum
1160 5099 1335 5156 eidem
1363 5098 1789 5171 promittentem,
1815 5110 1979 5169 atque

407 5196 675 5252 dicentem
700 5196 745 5228 “
789 5212 803 5249 :
832 5193 964 5249 Ecce
977 5209 1111 5262 pono
1134 5191 1299 5264 229
1328 5200 1377 5247 te
1394 5192 1447 5247 in
1479 5207 1699 5246 caverna
1725 5199 1907 5261 peti-te,
1930 5201 1981 5244 et

403 5289 689 5359 catispicies
703 5287 996 5360 posteriora
1020 5300 1166 5349 mea;
1190 5285 1381 5354 faciem
1395 5293 1569 5339 autem
1592 5299 1759 5338 meam
1776 5299 1876 5337 non
1903 5284 1981 5336 vi-

2157 3910 2330 3983 Εἴπερ
2363 3906 2456 3964 οῦν
2494 3909 2667 3973 θέλεις
2695 3906 3061 3978 συλληφθῆναι
3094 3906 3199 3959 ὑπὸ
3224 3904 3333 3958 τῶν
3362 3901 3656 3975 θηρευτῶν,

2085 4005 2188 4076 ὅρα
2219 4004 2294 4076 μὴ
2326 4001 2426 4066 τὰς
2450 3999 2730 4074 διατριϐὰς
2756 3999 2958 4072 ποιήσῃ
2992 3999 3049 4051 ἐν
3084 3998 3205 4060 ταῖς
3231 3994 3444 4050 κοιλάσι
3469 4033 3482 4058 ,
3527 3994 3661 4066 μηδέ

2086 4096 2239 4150 stimo
2272 4113 2377 4150 που
2411 4092 2699 4166 διατρίψῃς
2720 4134 2735 4159 ,
2787 4090 2922 4145 ἀλλὰ
2953 4089 3104 4161 ζήτει
3135 4088 3203 4144 τὰ
3226 4088 3348 4160 ὅρη,
3381 4086 3555 4141 ὰνάϐα
3583 4086 3663 4148 εἰς

2084 4188 2146 4241 τὸ
2171 4188 2296 4261 ὅρος
2318 4227 2333 4251 ,
2381 4187 2516 4241 ὅπου
2555 4184 2765 4257 Ἰησοῦς
2808 4180 3205 4256 μετεμορφώθη
3231 4220 3247 4245 ,
3289 4179 3468 4234 ἀνάϐα
3493 4180 3572 4243 είς
3601 4176 3663 4230 τὺ

2087 4281 2233 4352 ὅρος,
2259 4279 2343 4349 ἐφ’
2378 4270 2439 4332 οὗ
2467 4276 2590 4332 ἰδὼν
2624 4277 2752 4340 τοὺς
2778 4275 2969 4347 ὄχλους
3002 4273 3338 4346 ἀναϐέϐηκεν
3362 4274 3391 4327 ὁ
3433 4271 3660 4344 Ἰησοῦς,

2090 4373 2186 4425 καὶ
2221 4369 2597 4440 ἠκολούθησαν
2634 4367 2783 4439 αύτῷ
2809 4368 2859 4421 οί
2880 4365 3118 4437 μαθηταὶ
3143 4404 3159 4429 ,
3201 4364 3330 4418 ἔνθα
3360 4363 3575 4431 ἀνοίξας
3603 4361 3663 4415 τὸ

2089 4465 2263 4534 στόμα
2306 4463 2473 4518 αὑτοῦ
2522 4461 2727 4526 ἐδίδαξε
2779 4458 2983 4525 λέγων’
3022 4455 3307 4523 Μακάριοι
3342 4458 3396 4507 οΙ
3439 4454 3662 4522 πτωχοί

2086 4554 2169 4622 τῷ
2211 4556 2502 4623 πνεύματι
2524 4591 2539 4617 ,
2591 4551 2679 4605 ὅτι
2725 4547 2924 4603 αὐτῶν
2958 4547 3126 4601 ἐστιν
3164 4547 3203 4614 ἠ
3228 4545 3516 4609 ,βασιλεία
3544 4543 3663 4596 τῶν

2084 4644 2389 4713 οὐρανῶνο
2435 4644 2529 4699 καὶ
2558 4645 2683 4706 τοὺς
2714 4640 2842 4710 ἐξῆς
2870 4638 3074 4693 τούτων
3110 4632 3509 4709 μακαρισμούς.
3550 4633 3660 4688 Καὶ

2084 4737 2186 4791 οὐκ
2220 4734 2395 4800 ἐξεστὶ
2429 4751 2493 4803 γε
2521 4732 2731 4794 τούτοις
2766 4733 2877 4795 τοῖς
2907 4728 3197 4801 θηρευταϊς
3231 4724 3521 4797 ἀλλαχόθεν
3542 4724 3662 4779 συλ-

2082 4826 2266 4880 λαϐεῖν
2306 4825 2339 4897 ἦ
2369 4825 2477 4880 ἀπὸ
2502 4823 2611 4878 τῶν
2653 4821 2843 4895 ὀρέων,
2881 4820 2975 4877 καὶ⁵
3015 4819 3125 4875 τῶν
3152 4818 3377 4892 βουνῶν,
3422 4819 3516 4873 καὶ
3539 4816 3658 4874 ἀπὸ

2083 4916 2201 4970 τῶν·
2232 4912 2574 4984 τρυμαλιῶν
2614 4912 2732 4967 τῶν
2777 4911 3034 4982 πετρῶν·
3071 4911 3244 4967 ταῦτα
3281 4909 3392 4982 γὰρ
3435 4909 3504 4964 τὰ
3533 4909 3661 4983 τρία

2082 5008 2333 5061 λέλεκται
2386 5007 2444 5059 ἐν
2478 5002 2556 5076 τῷ
2606 5005 2891 5076 προφήτῃ·
2948 5000 3250 5059 Ἀποστελῶ
3292 5002 3400 5073 γὰρ
3433 4999 3660 5064 πολλοὺς

2087 5096 2377 5171 θηρευτὰς,
2422 5097 2518 5152 καὶ
2570 5096 2927 5169 θηρεύσουσιν
2983 5095 3178 5159 αὐτοὺς
3231 5093 3415 5147 ἐπάνω
3463 5092 3658 5155 παντὸς

2086 5190 2247 5261 ὅρους
2270 5228 2287 5252 ,
2345 5187 2439 5241 καὶ
2490 5187 2675 5241 ἐπάνω
2726 5188 2833 5241 ἀπὸ
2878 5187 3072 5251 παντὸς
3124 5183 3312 5257 βουνοῦ
3337 5224 3353 5250 ,
3407 5184 3502 5238 καὶ
3552 5182 3661 5237 ἀπὸ

2088 5280 2197 5334 τῶν
2228 5278 2540 5354 τρυμαλιῶν
2582 5277 2691 5333 τῶν
2733 5279 2965 5351 πετρῶν.
3009 5276 3179 5331 Πόθεν
3221 5271 3313 5331 οὖν
3348 5275 3525 5347 νοήσω
3560 5274 3660 5338 τὰς

478 5456 520 5487 ⁸³
542 5452 587 5508 11
613 5452 741 5508 Cur.
770 5467 852 5516 ιιι,
876 5450 965 5506 18.
1041 5450 1087 5484 ⁸⁸
1107 5448 1308 5506 Jerem.
1343 5465 1455 5516 ινι,
1494 5449 1582 5504 l6.
1631 5451 1673 5483 "
1706 5448 1894 5504 Matth.
1932 5466 1984 5514 v,

2150 5450 2194 5482 "
2225 5447 2397 5503 Exod.
2430 5463 2627 5512 sum,
2652 5446 2744 5512 22,
2777 5447 2869 5503 25.

480 5590 524 5657 (l
539 5602 555 5657 )
594 5588 753 5642 Ὠσεὶ
780 5586 971 5657 ἐδύνω
997 5585 1123 5657 καθ’
1152 5586 1464 5649 ὑπόθεσιν,
1497 5596 1598 5643 etc.
1632 5587 1758 5643 Haec
1793 5588 1863 5643 ita
1892 5588 1943 5641 in
1964 5616 1977 5628 -

409 5654 750 5725 tet-punicisse
774 5656 985 5725 videtur
1016 5654 1379 5725 Hieronymus
1422 5676 1434 5708 :
1476 5657 1619 5711 'Ooel.
1651 5658 1821 5713 ἐδύνω
1846 5657 1978 5712 καθ’

410 5723 663 5781 ὑπόθεσιν
700 5727 886 5797 νοῆσαι
915 5724 1011 5795 τὴν
1047 5723 1138 5779 τοῦ
1183 5723 1364 5795 ἰχθύος
1397 5725 1573 5797 ψυχὴν
1619 5728 1981 5798 μεταϐάλλου-

2087 5604 2185 5659 σαν
2221 5587 2358 5659 μετὰ
2388 5587 2448 5659 τὸ
2481 5585 2715 5652 ἐξελθεῖν
2735 5586 2843 5639 ἀπὸ
2864 5584 2967 5659 τοῦ
2984 5583 3230 5659 σωματος
3254 5583 3347 5637 τοῦ
3384 5583 3657 5659 ἰχθυῖκοῦ,

2085 5658 2182 5730 καὶ
2214 5652 2503 5730 γινομένην
2532 5675 2584 5710 τι
2612 5659 2875 5730 κρεῖττον.
2923 5652 3076 5725 Harp“
3111 5655 3260 5725 ἰχθὺν
3312 5652 3659 5726 παράδειγμα

2088 5729 2305 5784 ἔλαϐον·
2339 5729 2411 5796 μὴ
2446 5729 2696 5795 ἀφορμάς
2725 5742 2826 5789 τις,
2858 5736 2960 5780 etc.
