4122 6438
360 335 457 392 441

1513 331 1578 386 IN
1612 333 1960 389 JEREMIAM
1998 333 2283 391 HOMILIA
2317 333 2458 391 ΧΠ.

3508 330 3614 393 ut!

360 448 559 513 πέτρας
607 444 700 499 καὶ
754 444 852 508 τὰς
895 446 955 498 ὲν
995 447 1115 508 ταῖς
1148 444 1373 516 πέτραις
1404 445 1752 516 τρυμαλιάς;
1804 447 1929 518 Ἐρ-

2038 448 2204 502 debis.
2249 445 2305 501 Si
2338 448 2655 504 consideres
2677 447 2804 519 quid
2826 447 2899 503 ibi
2933 456 3084 519 petra
3116 446 3348 513 dicatur,
3381 456 3437 503 et
3462 446 3611 504 lora-

361 556 524 613 χομαι
550 539 643 592 ἐπὶ
672 538 770 609 τὴν
793 537 1063 601 Ἕξοδον,
1088 537 1267 609 ζητῶν
1282 538 1424 606 ἴχνος
1441 539 1621 609 εὑρεῖν
1635 537 1937 609 διηγήσεως

358 630 468 685 τῶν
502 629 817 702 τρυμαλιῶν
846 628 954 683 τῶν
984 630 1201 701 πετρῶν
1223 646 1238 661 ’
1271 630 1511 701 εὑρίσκω
1543 630 1784 683 Μωῦσέα
1813 632 1932 682 ἐκεῖ

362 722 681 793 βουλόμενον
716 720 919 789 γνῶναι
948 721 1038 775 τὸν
1063 720 1198 774 Θεὸν
1215 760 1231 785 ,
1270 720 1365 774 καὶ
1389 720 1481 775 τὸν
1507 720 1638 773 Θεὸν
1669 721 1937 788 ἐπαγγελ-

358 816 582 886 λόμενον
611 813 782 885 αὐτῷ,
837 814 933 867 καὶ
984 813 1245 881 λέγοντα·
1312 813 1467 867 Ἰδοὺ
1504 810 1673 880 θήσω
1722 827 1798 867 σε
1850 815 1939 878 εἰς

358 904 521 974 ὀπὴν
533 904 647 973 τῆς
673 904 913 972 πέτρας,
936 904 1034 958 καὶ
1060 903 1457 971 κατανοήσεις
1466 921 1586 972 μου
1609 903 1682 957 τὰ
1708 904 1900 957 ὀπίσω
1917 919 1934 934 ·

357 998 424 1051 τ)
477 996 547 1050 δὲ
598 999 923 1064 πρόσωπόν
955 1013 1077 1065 μου
1120 999 1232 1050 οὐκ
1275 994 1605 1066 ὀφθήσεταί
1635 1008 1754 1048 σοι.
1813 995 1939 1049 Ἐὰν

357 1089 559 1161 νοήσῃς
590 1088 706 1141 ἐκεῖ
725 1088 824 1158 τὴν
861 1087 1088 1158 πέτραν,
1131 1090 1227 1142 καὶ
1261 1087 1380 1160 ἴδῃς
1417 1088 1536 1139 ἐκεῖ
1560 1085 1659 1156 τὴν
1683 1084 1821 1155 ὀπὴν
1842 1086 1942 1156 τῆς

357 1180 586 1252 πέτρας,
625 1179 747 1233 τίνα
777 1178 977 1252 τρόπον
1012 1180 1107 1232 ἐπὶ
1136 1179 1235 1248 τῆς
1267 1178 1470 1249 πέτρας
1510 1176 1682 1240 ἱστὰς,
1717 1176 1813 1229 καὶ
1840 1176 1941 1247 τὴν

356 1274 501 1345 ὀπὴν
525 1271 624 1343 τὴν
648 1273 708 1325 ὲν
729 1275 796 1344 τῇ
823 1272 1001 1345 πέτρᾳ
1034 1270 1176 1335 ἰδὼν,
1213 1270 1433 1341 βλέπεις
1463 1270 1553 1324 τὸν
1580 1268 1713 1324 Θεὸν
1735 1268 1823 1322 διὰ
1844 1268 1942 1338 τῆς

354 1365 502 1434 ὀπῆς
553 1364 655 1434 τῆς
699 1364 939 1436 πέτρας,
989 1362 1111 1433 ὕψει
1146 1379 1208 1416 τε
1251 1363 1348 1416 καὶ
1379 1362 1480 1426 τὰς
1508 1360 1709 1424 πολλὰς
1737 1360 1943 1432 πέτρας

358 1455 457 1509 καὶ
495 1452 805 1526 τρυμαλιᾶς
842 1454 1041 1509 αὐτῶν.
1103 1453 1200 1517 Τίς
1247 1448 1342 1508 οὖν
1390 1454 1574 1524 ἐκείνη
1618 1454 1652 1525 ἡ
1684 1452 1939 1525 ·πέτραή

2040 552 2164 589 men
2191 546 2376 605 petrae,
2406 538 2663 607 intelligis
2687 546 2743 592 et
2769 548 2995 593 caeteras
3027 544 3228 605 petras,
3257 545 3312 589 et
3334 545 3610 606 petrarqu

2037 626 2329 683 foramina.
2385 627 2519 693 Quae
2570 629 2735 699 igitur
2778 636 2861 683 est
2903 628 3091 697 petra?
3141 626 3407 682 Dominus
3451 626 3613 684 Jesus

2036 718 2310 774 Christus.
2332 718 2590 773 Bibebant
2615 720 2754 773 enim
2783 720 2848 773 de
2869 718 3143 789 spirituali
3160 729 3404 789 sequente
3423 735 3510 775 eos
3524 737 3615 791 pe—

2040 821 2128 866 tra
2142 812 2210 867 “.
2253 810 2325 864 Et
2349 828 2509 880 super
2536 820 2743 881 petram
2771 811 2964 865 statuit
2980 811 3136 881 pedes
3162 827 3300 866 meos
3328 813 3404 879 ⁸⁸,
3439 812 3493 866 in
3517 814 3616 867 tri-

2044 903 2255 975 gesimo
2302 917 2451 957 nono
2488 902 2704 972 psalmo
2753 901 2975 956 dicitur.
3036 900 3190 968 Quod
3239 912 3323 958 est
3368 901 3613 957 foramen

2045 994 2253 1066 petrae?
2290 991 2421 1048 Vide
2467 1007 2594 1046 eum
2649 992 2794 1061 apud
2842 991 3012 1047 Deum
3056 991 3271 1048 Patrem
3299 1032 3314 1057 ,
3376 991 3614 1048 Verbum

2044 1082 2240 1151 Deum,
2291 1078 2502 1138 videbis
2528 1083 2795 1153 integram
2821 1093 3065 1153 petram;
3098 1084 3223 1138 vide
3252 1084 3617 1154 dispensatio-

2044 1190 2167 1231 nem
2203 1175 2473 1245 assumpti
2495 1174 2768 1244 corporis,
2799 1174 3009 1231 videbis
3033 1174 3276 1231 foramen
3309 1185 3493 1246 petra,
3520 1191 3616 1246 per

2043 1266 2195 1336 quod
2235 1267 2539 1336 posteriora
2568 1265 2666 1321 Dei
2688 1265 2847 1336 juxta
2878 1267 3297 1336 possibilitatem
3329 1270 3618 1325 imbecilli-

2045 1358 2174 1414 tatis
2236 1372 2351 1413 sum
2403 1357 2680 1412 humanus
2728 1359 2970 1414 intuetur
3010 1368 3283 1429 aspectus.
3325 1359 3441 1416 Hoc
3468 1362 3616 1417 enim

2040 1460 2124 1506 est
2160 1450 2307 1520 quod
2334 1449 2412 1504 ait
2444 1448 2490 1480 '°
2521 1466 2536 1503 :
2578 1445 2785 1503 Videbis
2812 1452 3101 1519 posteriora
3137 1467 3271 1505 mea.

362 1546 494 1617 pla;
538 1544 604 1599 Ἦ
652 1545 826 1618 πέτρα
873 1546 930 1600 δὲ
963 1542 1034 1617 ἦν
1081 1548 1111 1599 ὁ
1157 1546 1411 1618 Χριστός.
1459 1547 1712 1599 Ἔπινον
1733 1543 1844 1614 τὰρ
1881 1544 1951 1598 ἐκ
2021 1540 2428 1612 πνευματικῆς
2467 1541 2926 1609 ἀκολουθούσης
2955 1542 3193 1611 πέτρας.
3216 1541 3327 1597 Καὶ
3353 1541 3618 1610 ἔστησεν

355 1640 454 1695 ἐπὶ
505 1638 736 1709 πέτραν
784 1639 928 1705 τοὺς
971 1639 1165 1705 πόδας
1203 1656 1344 1708 μου,
1397 1640 1455 1692 ὲν
1483 1638 1561 1708 τῷ
1597 1638 1802 1708 ἐννάτῳ
1848 1639 1943 1691 καὶ
1980 1636 2290 1709 τριακοστῷ
2340 1636 2553 1707 λέγεται
2585 1634 2806 1710 ψαλμῷ.
2832 1637 2927 1701 Τίς
2949 1639 2984 1708 ἡ
3018 1637 3125 1707 ὀπὴ
3150 1639 3183 1708 ἠ
3212 1638 3269 1690 ὲν
3289 1639 3357 1708 τῇ
3402 1636 3614 1707 πέτρας

356 1731 453 1784 ἐὰν
500 1730 616 1805 ῐδῃς
653 1731 752 1800 τὴν
800 1729 971 1802 Ἰησοῦ
1010 1730 1338 1802 ἐπιδημίαν,
1381 1733 1501 1788 ὅλον
1537 1734 1699 1787 αὑτὸν
1727 1735 1927 1805 νοήσας
1966 1734 2193 1805 πέτραν,
2223 1733 2345 1804 ὄψει
2386 1734 2487 1807 τὴν
2524 1735 2665 1808 ὀπὴν
2703 1734 2845 1789 κατὰ
2885 1734 2985 1805 τὴν
3013 1733 3305 1804 ἐπιδημίαν
3333 1731 3523 1799 αὐτοῦ,
3545 1731 3614 1786 δι’

356 1820 424 1897 ἧς
466 1823 604 1893 ἀπῆς
631 1822 915 1895 θεωρεῖται
946 1823 1008 1878 τὸ
1045 1824 1183 1895 μετὰ
1219 1826 1310 1879 τὸν
1341 1826 1496 1883 Θεόν.
1540 1827 1793 1882 Τοιοῦτον
1817 1828 1926 1900 γὰρ
1964 1832 2165 1883 νοεῖται
2192 1830 2251 1883 ὲν
2282 1829 2392 1901 τῷ·
2438 1830 2550 1885 Kal
2589 1831 2727 1900 ὄψει
2756 1828 2830 1883 τὰ
2867 1828 3060 1883 ὀπίσω
3085 1845 3224 1897 μου.

439 1915 576 1970 Ἀλλ’
606 1911 763 1989 εὖρον
790 1918 918 1990 μίαν
949 1920 1089 1991 ὀπὴν
1111 1922 1239 1990 μιᾶς
1267 1921 1493 1993 πέτρας
1525 1922 1831 1993 μεταδαίνω
1854 1920 1929 1992 τῷ

2104 1923 2158 1979 5.
2195 1921 2379 1978 Inveni
2417 1938 2584 1978 unam
2630 1937 2922 1979 cavernam
2958 1921 3124 1975 unius
3176 1930 3379 1990 petrae;
3430 1931 3617 1988 qua-ro

356 2008 498 2078 λόγῳ
528 2009 638 2063 ἀπὸ
668 2010 769 2081 τῆς
798 2010 941 2081 ὀπῆς
969 2011 1063 2065 ἐπὶ
1087 2012 1189 2083 τὴν
1226 2012 1532 2084 τρυμαλιὰν
1571 2014 1671 2084 τῆς
1708 2014 1933 2086 πέτρας,

358 2094 502 2168 ζητῶ
523 2100 616 2153 καὶ
642 2098 739 2164 τὰς
766 2100 968 2166 πολλὰς
996 2103 1224 2174 πέτρας.
1267 2103 1394 2158 Ἐὰν
1418 2103 1558 2158 ἔλθω
1598 2104 1691 2158 ἐπὶ
1726 2106 1817 2160 τὸν
1841 2122 1936 2175 χο-

362 2190 451 2264 ρδν
481 2190 590 2245 εἴτε
620 2192 730 2245 τῶν
763 2193 1055 2266 προφητῶν
1075 2233 1089 2259 ,
1133 2193 1243 2248 εἴτε
1288 2195 1399 2250 τῶν
1430 2196 1747 2251 ἀποστόλων
1769 2238 1783 2263 ,
1826 2199 1936 2252 εἴτε

360 2279 448 2333 καὶ
477 2280 963 2354 ὲπαναὸεϐηκότων
994 2284 1165 2352 ἁγίων
1193 2283 1458 2352 ἀγγέλων,
1486 2283 1649 2355 λέγω,
1685 2286 1767 2340 ὅτι
1797 2286 1935 2340 πάν-

352 2388 443 2435 τες
456 2373 505 2437 οἱ
531 2372 769 2444 Χριστοῦ
805 2375 1063 2446 μιμηταὶ,
1096 2375 1172 2439 ὼς
1202 2376 1410 2439 ἐκεῖνος
1434 2375 1610 2448 πέτρα
1656 2378 1803 2443 ἐστὶ,
1840 2378 1936 2431 πέ-

352 2479 456 2534 τρα
487 2464 747 2533 γίνονται.
778 2466 889 2520 Καὶ
929 2467 1120 2540 ὥσπερ
1147 2468 1354 2531 ἐκεῖνος
1392 2466 1507 2538 ἔχει
1550 2468 1717 2540 όπὴν,
1772 2469 1841 2523 δι’
1866 2465 1938 2542 ἧς

352 2558 694 2609 κατανοεῖται
717 2557 787 2611 τὰ
812 2558 988 2611 ὀπίσω
1028 2558 1122 2612 τοῦ
1170 2558 1307 2613 Θεοῦ
1327 2600 1342 2625 ,
1387 2562 1477 2616 τὸν
1520 2561 1687 2615 αὐτὸν
1733 2560 1935 2633 τρόπον

351 2645 605 2710 ἕκαστος,
635 2647 753 2700 ὁδὸν
777 2648 954 2712 διδοὺς
982 2648 1077 2703 τοῦ
1097 2650 1333 2704 νοεῖσθαι
1361 2650 1494 2705 Θεὸν
1521 2652 1609 2706 διὰ
1637 2651 1746 2706 τῶν
1781 2651 1937 2720 λεγο-

356 2737 532 2808 μένων
562 2740 654 2792 ὑπ’
674 2739 860 2804 αὐτοῦ,
885 2743 1033 2795 ποιεῖ
1060 2742 1116 2795 ἐν
1141 2740 1290 2813 αὐτῷ
1327 2739 1486 2811 ὀπήν.
1518 2743 1583 2797 El
1607 2742 1667 2797 δὲ
1701 2742 1795 2796 καὶ
1836 2743 1934 2798 ἄλ-

352 2833 459 2896 λως
483 2830 663 2902 βούλει
686 2832 956 2902 όνομὰσαι
1007 2834 1330 2905 τρυμαλιὰν,
1366 2836 1459 2906 ἀφ’
1489 2832 1559 2909 ἦς
1584 2835 1723 2907 όπῆς
1749 2836 1782 2908 ἢ
1805 2852 1936 2911 τρυ-

358 2920 560 2990 μαλιᾶς
598 2920 719 2991 ὕψει
768 2921 856 2976 διὰ
905 2922 1003 2993 μὲν
1043 2925 1316 2991 Μωῦσέως
1371 2927 1466 2981 τὸν
1492 2927 1656 2999 νόμον
1680 2968 1696 2992 ,
1728 2926 1819 2982 διὰ
1874 2928 1934 2984 δὲ

368 3012 592 3065 Ἦσαεου
612 3011 710 3084 τὴν
742 3015 1073 3086 προφητείαν
1104 3018 1292 3083 αὐτοῦ,
1321 3017 1412 3073 διὰ
1440 3018 1499 3074 δὲ
1541 3019 1801 3091 Ἱερεμίου
1838 3019 1934 3074 ἄλ-

357 3101 481 3166 λους
513 3101 702 3172 λόγους
733 3104 887 3161 Θεοῦ.
937 3106 1001 3159 El
1042 3106 1102 3160 δὲ
1133 3111 1230 3163 καὶ
1272 3110 1503 3180 ἄγγελος
1543 3111 1692 3165 ἔσται
1734 3111 1931 3177 λαλῶν,

353 3191 429 3255 ὡς
458 3191 707 3265 ὲλάλησε,
738 3196 881 3251 κατὰ
908 3196 971 3251 τὸ
1007 3201 1299 3270 είρημένον
1345 3204 1406 3257 ὲν
1449 3201 1528 3274 τῷ
1576 3201 1929 3274 Εὐαγγελίῳ·

2039 2015 2176 2071 alias
2208 2024 2416 2085 petras,
2470 2023 2523 2070 et
2566 2013 2706 2070 alias
2748 2028 3041 2079 cavernas;
3084 2012 3243 2067 venio
3285 2010 3353 2065 ad
3380 2010 3611 2064 chorum

2038 2109 2428 2176 prophetarum
2451 2114 2615 2176 atque
2631 2105 3000 2176 apostolorum
3032 2112 3088 2157 et
3112 2099 3613 2157 transcendentium

2037 2202 2351 2249 sanctorum
2403 2196 2750 2266 angelorum,
2794 2202 2850 2250 et
2878 2195 3004 2249 dico
3034 2193 3161 2263 quia
3201 2206 3392 2247 omnes
3435 2191 3618 2245 imita-

2038 2293 2184 2341 tores
2229 2285 2433 2341 Christi
2482 2294 2649 2356 petrae
2689 2287 2823 2350 sint,
2875 2294 2935 2340 ut
2985 2293 3136 2355 petra
3163 2290 3248 2339 est
3276 2283 3363 2337 ille
3391 2281 3484 2351 qui
3516 2282 3618 2337 do-

2036 2379 2176 2432 cuit.
2205 2376 2268 2431 Et
2301 2379 2449 2433 sicut
2478 2380 2582 2434 iste
2609 2378 2774 2433 habet
2805 2377 3050 2433 foramen
3080 2392 3179 2447 per
3196 2376 3343 2447 quod
3366 2374 3620 2429 videntur

2036 2471 2339 2539 posteriora
2374 2469 2503 2537 Dei;
2538 2471 2730 2527 eodem
2773 2470 2936 2525 modo
2960 2469 3336 2539 unusquisque
3367 2475 3618 2523 nostrum

2035 2560 2130 2631 qui
2172 2576 2272 2632 per
2311 2577 2599 2618 sermones
2628 2577 2762 2618 suos
2790 2562 2935 2617 viam
2976 2561 3166 2632 pandit
3196 2558 3615 2628 ad-intelligeu-

2034 2651 2165 2708 dum
2211 2652 2407 2721 Deum,
2449 2652 2578 2709 facit
2606 2664 2660 2710 et
2705 2666 2767 2710 se
2813 2643 3057 2708 foramen
3099 2660 3285 2723 petrae.
3341 2649 3398 2704 Si
3433 2657 3614 2703 autem

2035 2743 2195 2799 aliter
2248 2745 2332 2800 vis
2391 2744 2694 2816 intelligere
2744 2752 2980 2816 petram,
3031 2754 3087 2799 et
3134 2751 3300 2813 petrae
3347 2739 3612 2802 foramen,

2028 2835 2160 2892 vide
2202 2852 2298 2908 per
2330 2837 2554 2909 Moysen
2602 2837 2811 2908 legem;
2853 2851 2952 2907 per
2992 2833 3190 2891 Isaiam
3236 2829 3613 2903 prophetiam;

2035 2942 2133 2999 per
2176 2925 2472 2983 Jeremiam
2520 2928 2624 2983 alia
2671 2928 2891 2997 eloquia
2924 2926 3130 2981 divina.
3159 2923 3256 2979 Sin
3288 2938 3420 2977 vero
3450 2936 3617 2991 ange-

2035 3018 2123 3074 lus
2147 3016 2310 3073 fuerit
2334 3027 2388 3074 et
2414 3020 2673 3089 loquatur
2696 3018 2749 3072 iu
2782 3017 3196 3083 bomine,juxta
3224 3013 3356 3069 illud
3389 3010 3617 3082 prophe-

2034 3112 2204 3167 ticum
2231 3111 2276 3144 ’τ
2302 3130 2315 3166 :
2342 3111 2573 3182 Angelus
2603 3112 2695 3183 qui
2722 3111 3036 3181 loquebatur
3066 3111 3121 3163 in
3148 3124 3249 3173 me,
3280 3114 3402 3162 asto
3433 3104 3486 3159 in
3513 3117 3615 3157 au-

2035 3202 2177 3274 gelo,
2227 3214 2281 3258 et
2314 3219 2411 3273 per
2435 3203 2683 3258 foramen
2705 3202 2825 3273 ejus
2854 3201 3099 3273 angelice
3131 3199 3286 3254 video
3314 3197 3505 3253 Deum.

361 3283 415 3337 '0
436 3285 646 3342 λαλῶν
668 3288 738 3343 ἐν
763 3290 894 3360 ἐμοὶ
920 3290 1017 3363 (l),
1051 3293 1214 3346 κάκεῖ
1242 3293 1468 3365 ἵσταμαι
1500 3295 1592 3348 ἐπὶ
1624 3296 1717 3350 τοῦ
1758 3296 2015 3366 ἀγγέλου,
2085 3295 2180 3350 καὶ
2208 3293 2421 3367 βλέπων
2448 3297 2609 3350 κάκεῖ
2649 3295 2874 3371 πέτραν,
2920 3295 3014 3349 καὶ
3071 3292 3211 3365 ὀπὴν
3260 3290 3488 3362 πέτρας.
3520 3293 3618 3348 καὶ

353 3379 563 3450 βλέπων
587 3380 894 3450 ἀγγελικῶς
919 3382 1012 3438 τὸν
1044 3383 1200 3440 Θεὸν.

432 3471 590 3526 Ἀλλὰ
615 3473 1058 3546 παραδείγματός
1092 3493 1183 3546 μοι
1224 3478 1382 3550 χρεία
1406 3518 1421 3541 ,
1467 3479 1554 3533 ἵνα
1592 3479 1929 3551 παραστήσω

2106 3478 2161 3533 4.
2221 3477 2541 3549 Exemplum
2597 3479 2771 3534 habeo
2829 3477 3221 3540 necessarium,
3272 3487 3337 3533 ut
3385 3476 3609 3532 doceam

351 3562 467 3627 πῶς
495 3560 639 3618 ἔστιν
669 3563 892 3619 ἐλθόντα
916 3567 1008 3619 ἐπὶ
1033 3567 1264 3636 ἄγγελον
1279 3610 1294 3635 ,
1325 3570 1420 3625 καὶ
1449 3571 1516 3625 δι’
1554 3571 1788 3640 ἀγγέλου
1835 3571 1930 3624 τὸν

349 3652 482 3707 Θιδν
505 3653 654 3708 ἰδεῖν.
672 3654 983 3726 Γέγραπται
1016 3657 1125 3730 γὰρ
1158 3660 1216 3714 ὲν
1246 3662 1312 3731 τῇ
1331 3659 1583 3728 Ἐξόὸῳ’
1605 3662 1796 3731 Ὤφθη
1824 3660 1930 3731 ἆγ-

352 3749 528 3812 γελος
552 3746 777 3814 Κυρίου
799 3748 872 3801 ἐν
890 3749 1068 3818 φλογὶ
1091 3750 1282 3818 πυρὸς
1299 3749 1495 3816 βάτου
1537 3751 1619 3818 τῷ
1669 3752 1924 3807 Μωυσεῖ.

350 3838 458 3893 Καὶ
488 3836 601 3906 ὁρᾷ
624 3838 888 3908 Μωυσῆς
911 3838 999 3895 ὅτι
1026 3843 1066 3910 ἠ
1090 3840 1282 3911 ,βάτος
1302 3845 1528 3898 καίεται
1549 3846 1714 3913 πυρὶ,
1751 3847 1849 3900 καὶ
1881 3848 1921 3916 ἡ

345 3926 537 3994 ,ϐάτος
584 3930 657 3983 οὐ
695 3931 1094 3987 κατακαίεται.
1139 3934 1251 3987 Καὶ
1282 3933 1383 3987 οὐκ
1427 3930 1580 3988 εἶπεν
1621 3937 1654 4006 ὴ
1714 3934 1924 4008 Γραφὴ,

349 4018 538 4092 ὥσπερ
570 4016 690 4074 εἷπε
733 4022 875 4076 κατὰ
911 4022 1009 4095 τὴν
1050 4023 1223 4096 ἀρχὴν
1242 4062 1259 4088 ,
1291 4025 1373 4079 ὅτι
1390 4066 1404 4091 ,
1451 4024 1626 4098 ἀφθη
1676 4025 1925 4097 ἄγγελος,

347 4111 521 4176 οὔτως
572 4112 758 4166 ἐνθάδε
783 4154 800 4179 ,
833 4114 936 4179 ὅτι,
973 4114 1240 4183 Ἀγγελος
1284 4116 1490 4189 Κυρίου
1510 4134 1526 4150 σ
1576 4118 1690 4172 ἀλλ’
1708 4135 1724 4150 ⁸
1782 4118 1929 4189 Ἐγὼ

350 4201 494 4268 Θεὸς
530 4203 795 4274 Ἀϐραὰμ,
828 4205 926 4259 καὶ
962 4205 1107 4271 Θεὸς
1151 4207 1368 4270 Ἰσαὰκ,
1396 4207 1496 4262 καὶ
1525 4209 1669 4275 Θεὸς
1712 4208 1923 4265 Ἰακώϐ.

349 4289 457 4348 *Ην
483 4288 578 4347 οὖν
600 4295 719 4348 ἐκεῖ
753 4297 783 4349 ό
812 4294 947 4360 Θεὸς
985 4296 1045 4349 ὲν
1074 4295 1153 4367 τῷ
1187 4297 1404 4369 ἀγγέλῳ
1428 4297 1819 4373 θεωρούμενος,
1850 4300 1928 4365 ὡς

347 4384 435 4439 διὰ
458 4385 561 4456 τῆς
582 4386 782 4459 πέτρας
807 4388 941 4449 Θεὸς
961 4389 1383 4460 γινωσκόμενος,
1404 4391 1500 4445 καὶ
1528 4392 1629 4463 τῆς
1654 4391 1796 4463 ὀπῆς
1827 4393 1926 4463 τῆς

347 4478 405 4530 ὲν
434 4476 603 4548 αὐτῷ.
630 4479 746 4533 Οὐκ
769 4477 917 4544 οἶδας
940 4477 1033 4537 οὖν
1063 4481 1192 4536 πότε
1223 4482 1532 4553 πέμπονται
1559 4485 1608 4538 ol
1637 4485 1920 4558 θηρευταί·

345 4568 435 4623 διὰ
461 4568 622 4623 τοῦτο
660 4571 928 4641 μηδέποτε
964 4573 1072 4627 ἀπὸ
1103 4572 1210 4627 τῶν
1250 4575 1424 4648 ὀρέων
1462 4577 1733 4650 καταὸῇς,
1787 4579 1924 4652 μηδὲ

348 4658 655 4734 καταλίπῃς
684 4665 809 4728 τοὺς
849 4663 1089 4732 βουνοὺς,
1113 4666 1248 4736 μηδὲ
1279 4666 1384 4732 ἔξω
1412 4668 1489 4741 (2)
1530 4671 1791 4743 εὑρεθῇςο
1833 4671 1923 4725 λε-

346 4748 608 4820 χθήσεταί
642 4770 726 4807 σοι
765 4754 841 4817 ὡς
863 4752 968 4819 ἔξω
993 4757 1328 4827 τυγχάνοντι,
1362 4761 1457 4814 καὶ
1481 4760 1688 4830 λέγοντι
1722 4761 1792 4816 τὰ
1815 4763 1922 4817 τῶν

2031 3568 2309 3637 quomodo
2353 3569 2529 3638 possit
2558 3568 2759 3638 aliquis
2788 3569 2841 3622 in
2874 3567 3065 3640 angelo
3093 3566 3400 3623 cunsistens
3431 3567 3614 3622 videre

2032 3657 2227 3713 Deum.
2259 3659 2535 3728 Scriptum
2562 3669 2643 3715 est
2672 3661 2725 3713 in
2758 3658 2947 3716 Exodo
2970 3660 3016 3692 "
3054 3677 3067 3713 :
3100 3658 3360 3727 Apparuit
3395 3658 3611 3727 angelus

2034 3748 2247 3803 Domini
2293 3749 2350 3802 in
2392 3749 2611 3818 ﬂamma
2641 3748 2762 3804 rubi
2810 3750 3020 3820 Moysi,
3063 3759 3112 3803 et
3149 3749 3356 3804 videbat
3403 3747 3610 3818 Moyses

2027 3841 2155 3910 quia
2191 3838 2415 3894 ardebat
2458 3841 2642 3905 rubus,
2703 3850 2751 3894 et
2790 3856 2895 3894 non
2937 3838 3359 3894 comburebatur.
3395 3837 3462 3892 Et
3500 3856 3607 3893 non

2026 3927 2192 3984 sicuti
2222 3937 2463 3999 cmperat
2500 3927 2782 3998 Scrip-Eura
2823 3929 2880 3984 iu
2918 3943 2985 3983 eo
3011 3929 3156 3998 quod
3195 3930 3410 3985 dixerat
3441 3949 3456 3986 :
3496 3931 3604 3999 Ap-

2028 4019 2212 4090 paruit
2244 4021 2470 4091 angelus
2498 4019 2735 4088 Domini,
2765 4022 2847 4077 sic
2878 4030 2933 4076 et
2959 4021 3015 4076 in
3049 4020 3275 4092 reliquis
3314 4023 3493 4078 subset
3515 4031 3608 4078 uta

2027 4118 2133 4178 est,
2179 4120 2241 4166 ut
2283 4110 2491 4167 diceret
2520 4128 2534 4167 :
2566 4110 2679 4183 Ego
2708 4113 2935 4183 angelus
2974 4112 3224 4180 Domini,
3271 4114 3364 4169 sed
3393 4115 3471 4168 ait
3506 4115 3552 4149 ²⁹
3590 4133 3604 4169 :

2028 4201 2144 4273 Ego
2178 4200 2319 4257 Deus
2341 4200 2609 4256 Abraham
2629 4243 2646 4268 ,
2679 4210 2730 4256 et
2761 4202 2901 4257 Deus
2934 4200 3117 4269 Isaae,
3150 4213 3202 4258 et
3234 4202 3377 4259 Deus
3404 4202 3600 4259 Iacob.

2027 4291 2156 4349 Erat
2186 4309 2327 4365 ergo
2369 4294 2444 4349 ibi
2471 4293 2617 4348 Deus
2648 4294 2701 4347 in
2727 4294 2924 4364 angelo
2948 4295 3215 4360 visibilis,
3254 4303 3311 4351 et
3340 4311 3434 4365 per
3459 4294 3606 4351 lora-

2027 4401 2152 4441 men
2199 4385 2317 4455 ejus
2356 4385 2693 4455 apparebant
2737 4385 3036 4455 posteriora
3066 4386 3207 4456 ejus.
3250 4386 3389 4454 Quia
3441 4387 3608 4457 igitur

2027 4481 2211 4538 nescis
2241 4495 2353 4551 quo
2382 4488 2630 4551 tempore
2660 4482 2949 4537 mittantur
2995 4490 3283 4537 venatores
3306 4521 3322 4547 ,
3360 4494 3493 4535 cave
3537 4495 3605 4534 ne

2026 4578 2327 4650 aliquando
2370 4576 2439 4632 de
2470 4585 2658 4632 monte
2689 4575 2991 4632 descendas
3013 4614 3030 4641 ,
3074 4591 3145 4632 ne
3177 4575 3454 4645 relinquas
3486 4574 3603 4630 col-

2026 4671 2125 4738 les,
2170 4684 2240 4726 ne
2280 4669 2349 4725 de
2387 4669 2637 4725 cavernis
2667 4677 2944 4739 petrarum
2973 4683 3154 4723 exeas.
3193 4665 3253 4723 Si
3283 4669 3427 4722 enim
3471 4667 3604 4722 foris

2027 4759 2196 4816 fueris
2244 4760 2520 4827 inventus,
2565 4761 2816 4817 dicentur
2850 4760 2944 4815 tibi
2985 4774 3049 4815 ea
3078 4774 3202 4829 quae
3234 4760 3272 4813 ii
3317 4760 3410 4829 qui
3466 4757 3602 4815 foris

345 4838 482 4905 ἔξω·
525 4842 765 4912 Ἀφρον,
793 4848 982 4917 ταύτῃ
1014 4848 1090 4917 τῇ
1121 4851 1294 4905 νυκτί
1315 4829 1634 4907 ἀπαιτοῦσι
1660 4850 1776 4920 τὴν
1802 4856 1921 4922 ψυ-

2032 4862 2153 4910 sunt
2191 4862 2469 4907 merentur
2508 4853 2698 4908 audire
2739 4853 2785 4885 ”
2815 4872 2828 4908 :
2855 4851 3052 4917 Stulte,
3084 4852 3183 4906 liae
3229 4861 3380 4907 nocte
3417 4853 3601 4907 anima

345 4934 465 5002 χήν
489 4949 608 4991 σου
634 4937 752 4992 ἀπὸ
798 4937 947 4992 σοῦ’
988 4939 1027 4991 d
1066 4938 1136 4993 δὲ
1179 4941 1512 5010 ἡτοίμασας
1550 4942 1669 4995 τίνι
1705 4941 1922 5005 ἔσται;

344 5025 680 5098 Λεχθήσεται
705 5027 763 5081 δέ
783 5044 865 5082 σοι
890 5029 1086 5093 ταῦτα,
1115 5029 1211 5084 ἐὰν
1240 5032 1455 5106 eam;
1472 5049 1486 5064 ο
1527 5033 1771 5089 Καθελῶ
1799 5051 1920 5105 μου

343 5115 450 5182 τὰς
477 5117 810 5185 ἀποθήκας,
841 5120 937 5174 καὶ
958 5118 1236 5190 μείζονας
1271 5121 1661 5192 οἰκοδομήσω,
1690 5124 1787 5177 καί
1806 5120 1922 5192 ἐρῶ

342 5202 419 5273 τῇ
458 5205 632 5277 θυκῆ
649 5225 803 5277 μου·
852 5210 1025 5280 Ψυχὴ
1050 5252 1066 5276 ,
1106 5211 1268 5282 ἔχεις
1307 5214 1499 5283 ἀγαθὰ
1547 5214 1792 5284 κείμενα
1833 5216 1920 5281 είς

339 5297 445 5365 ἐτη
491 5299 720 5354 πολλάο
774 5301 1112 5373 ἀναπαύου,
1159 5303 1348 5376 φάγε,
1378 5306 1477 5360 πίε
1500 5345 1516 5371 ,
1567 5306 1915 5376 εὐφραίνου.

412 5410 515 5493 ’⁵-1
548 5410 675 5493 (ἔπιτε
705 5428 762 5477 x,
792 5414 848 5469 4.
924 5414 1164 5493 ἰλ-95³1.
1196 5432 1387 5486 nm,
1417 5418 1472 5474 5.
1547 5419 1593 5451 ’⁸
1622 5415 1790 5475 Exod.
1838 5435 1929 5474 xxx

2070 5420 2163 5476 23.
2237 5421 2282 5457 ³⁷
2307 5419 2474 5493 Zach.
2520 5435 2580 5484 ιι,
2613 5420 2666 5474 5.
2743 5418 2789 5450 ’⁸
2818 5417 2990 5474 Exod.
3037 5432 3123 5481 Ill,
3157 5417 3215 5471 2.

342 5495 423 5549 vr,
453 5481 505 5537 '5.
582 5481 628 5513 ³ο
654 5481 786 5539 Luc.
845 5498 946 5551 xu,
978 5486 1066 5540 '10.

2023 4954 2119 4999 tua
2158 4953 2364 5015 repente
2404 4944 2676 5014 auferetur
2701 4943 2865 5015 230
2897 4962 2930 4999 a
2965 4954 3190 5017 le:quae
3232 4957 3405 5001 autem
3433 4963 3599 5016 para-

2022 5034 2128 5097 sti,
2163 5036 2313 5104 cujus
2339 5034 2534 5088 erunt?
2565 5032 2825 5089 Dicentur
2853 5046 3033 5089 autem
3058 5035 3152 5090 tibi
3187 5034 3312 5096 ista,
3359 5034 3405 5087 si
3450 5033 3602 5088 dixe-

2021 5124 2099 5180 ris
2136 5141 2151 5178 :
2188 5123 2469 5179 Destruam
2512 5123 2812 5194 apothecas,
2841 5133 2890 5177 et
2922 5124 3146 5194 majores
3189 5124 3500 5195 ediﬁcabo,
3547 5131 3598 5176 et

2023 5215 2200 5270 dicam
2234 5216 2429 5271 ultima:
2458 5231 2586 5269 mele
2627 5230 2644 5270 :
2683 5214 2899 5281 Anima,
2930 5213 3088 5269 habes
3111 5214 3247 5269 bona
3280 5214 3505 5284 reposita
3543 5213 3597 5266 in
3671 5252 3687 5264 .

2021 5323 2185 5363 annos
2231 5310 2452 5373 multos;
2502 5307 2803 5378 requiesce,
2854 5305 3063 5360 comede
3093 5347 3110 5373 ,
3173 5304 3327 5372 bibe,
3386 5302 3593 5360 (tutare.

3318 5417 3362 5449 ³⁸
3418 5414 3594 5474 Exod.

539 5575 1148 5658 {fatuae-elng
1180 5582 1251 5658 ἐκ
1291 5580 1373 5647 τῷ
1387 5583 1784 5658 ﬁdam-allo):
1852 5583 1906 5658 ζο

2032 5582 2141 5658 axe
2180 5578 2448 5652 ejusmodi
2487 5581 2867 5658 ἁμαρτήματα
2894 5576 3129 5649 Origeni'
3153 5576 3417 5632 solemnia
3446 5585 3576 5632 sunt

340 5641 660 5717 ..ζηλῶνηὲν
691 5647 840 5715 ἐμοί.
877 5641 1180 5705 ἨΞὺοηῑιιιυ
1231 5641 1353 5706 haec
1387 5641 1615 5706 Zacbar.
1647 5641 1733 5717 ll,‘
1755 5653 1822 5717 5;
1855 5654 1909 5707 in

345 5712 634 5784 Evangelia
661 5712 839 5771 autem
867 5720 1180 5785 neutiquam
1207 5730 1543 5789 comparent,
1578 5725 1670 5777 sed
1693 5712 1911 5791 ’μνηξωο

2020 5651 2373 5795 nugalia
2402 5720 2536 5788 ἔξω.
2570 5717 2811 5792 Legebat
2835 5717 3218 5788 Hieronymus,
3236 5717 3285 5769 εί
3317 5715 3372 5769 δὲ
3395 5712 3527 5778 ἔξω.
