4122 6422
490 295 593 352 M5

1936 294 2098 352 ORIG
2107 294 2262 351 ENIS

3662 306 3764 364 NG

489 414 897 473 Animadvertis
932 415 1001 471 de
1046 414 1329 471 montibus
1365 423 1421 471 et
1453 415 1685 471 collibus
1732 415 2076 472 descenden-

2190 417 2355 489 Ὁρᾷς
2391 418 2483 471 τὸν
2527 420 2676 474 κάτω
2713 419 2822 473 τῶν
2859 418 3053 490 ὁρέων.
3083 418 3175 472 τὸν
3211 417 3364 474 κάτω
3388 420 3498 476 τῶν
3526 421 3764 494 βουνῶν,

492 510 638 563 tetu?
684 507 1077 563 animadvertis
1119 508 1513 562 consistentem
1542 516 1696 562 extra
1727 515 1891 577 petrae
1924 506 2077 563 fora-

494 598 660 655 men?
703 599 980 671 quomodo
1029 608 1179 653 erret
1225 607 1281 652 et
1328 613 1393 652 ea
1429 606 1582 668 putet
1627 598 1772 653 bona
1802 613 1927 654 esse
1955 614 2080 670 quae

496 692 643 747 nulla
700 701 848 756 sunt,
897 691 1087 744 dicens
1131 707 1144 744 :
1195 689 1383 744 Dicam
1430 691 1627 745 anime
1663 705 1794 744 metu
1838 705 1857 743 :
1900 687 2079 744 Habes

496 785 665 838 multa
696 784 830 839 bona
862 783 1093 852 reposita
1113 783 1139 837 ἵ
1157 781 1517 837 Frumentum
1551 792 1606 837 et
1639 782 1943 838 ubertatem
1970 792 2080 838 ter-

493 890 749 939 renorum
802 872 1080 927 fructuum
1128 886 1251 927 esse
1298 873 1600 928 arbitratus
1643 881 1731 928 est
1770 873 1938 940 bona,
1991 888 2083 929 ne-

492 967 674 1021 sciens
721 964 851 1036 quia
886 979 1015 1019 vera
1043 963 1187 1018 bona
1225 979 1336 1018 non
1364 974 1672 1019 nascuntur
1702 964 1758 1018 in
1794 964 2079 1020 maledicta

492 1070 659 1123 terra,
713 1057 809 1112 sed
840 1056 896 1110 in
928 1056 1251 1111 cmlestibus
1284 1055 1642 1126 regionibus;
1690 1055 2082 1110 thesaurisavit

492 1151 599 1205 sibi
625 1151 679 1203 in
706 1159 873 1216 terra,
901 1150 1033 1219 quia
1061 1149 1116 1203 in
1149 1159 1293 1203 terra
1317 1163 1441 1203 esse
1469 1148 1758 1205 thesauros
1783 1149 2081 1204 arbitratus

492 1249 595 1296 est.
634 1239 690 1295 Si
723 1244 848 1311 quis
871 1250 1053 1296 autem
1076 1242 1293 1298 sublata
1316 1254 1482 1296 cruce
1512 1241 1765 1311 sequitur
1789 1240 2079 1297 Dominum

492 1332 703 1398 Jesum,
741 1343 795 1388 et
834 1334 1173 1389 thesaurizat
1197 1334 1305 1390 sibi
1334 1333 1390 1387 in
1417 1334 1578 1399 caelo,
1606 1350 1717 1390 non
1749 1333 1951 1390 dicitur
1981 1336 2035 1389 ei
2062 1353 2078 1390 :

494 1422 691 1490 Stulte,
741 1426 840 1479 hac
888 1435 1041 1481 nocte
1073 1429 1308 1482 animam
1356 1437 1505 1481 tuam
1550 1435 1777 1496 repetent
1804 1443 1836 1480 a
1866 1437 1953 1482 te:
1985 1427 2080 1482 sed

495 1519 780 1574 venientes
838 1529 1163 1587 venatores,
1225 1528 1279 1575 et
1328 1527 1639 1590 querentes
1698 1520 1956 1576 animalia
2015 1520 2083 1574 de

498 1610 803 1677 montibus,
833 1610 901 1665 de
933 1610 1186 1678 collibus,
1222 1611 1288 1667 de
1310 1611 1567 1667 cavernis
1588 1620 1890 1680 petrarum,
1914 1610 2080 1664 etiam

497 1702 654 1757 illum
713 1718 839 1757 eum
874 1703 956 1757 eis
997 1703 1203 1773 pariter
1248 1702 1523 1773 accipient
1551 1696 2082 1760 devenationesuh-

2178 508 2271 562 τὸν
2299 507 2406 575 ἔξω
2430 508 2540 563 τῶν
2571 509 2884 581 τρυμαλιιῖη
2906 511 3014 563 τῶν
3057 510 3308 580 πετρῶν;
3349 510 3468 576 πῶς
3497 513 3769 573 πλανᾶται

2181 600 2275 653 καὶ
2297 602 2355 653 ἐν
2380 603 2446 671 τῇ
2481 601 2611 673 περὶ
2637 601 2858 670 ἀγαθῶν
2890 602 3091 673 κρίσει,
3130 602 3376 673 οἰόμενος
3420 603 3595 660 ταῦτα
3626 604 3768 664 εἶναι

2180 690 2394 759 ἀγαθάς
2433 693 2525 745 Διό
2551 709 2726 762 φησι·
2769 692 2878 747 Καὶ
2905 691 3019 761 ἐρῶ
3042 691 3114 761 τῇ
3148 692 3323 762 ψυχῇ
3353 712 3512 764 μου·
3552 698 3728 768 Ψυχή
3749 741 3766 767 ,

2180 783 2340 853 ἔχεις
2366 784 2558 854 ἀγαθὰ
2582 785 2824 855 κείμενα
2849 788 2935 851 είς
2960 784 3065 853 ἐτη
3085 785 3308 839 πολλά.
3354 788 3460 841 Τὸν
3504 790 3648 844 σῖτον
3675 792 3770 847 καὶ

2179 877 2282 946 τὴν
2309 876 2570 947 εὐφορίαν
2596 876 2706 930 τῶν
2733 878 2936 949 γηΐνων
2961 876 3144 946 ἁγαθὰ
3172 873 3314 932 εἶναι
3356 879 3661 951 νενόμικεν.
3688 885 3765 938 οὐ

2182 968 2292 1039 γὰρ
2314 965 2472 1033 οἶδεν,
2500 969 2582 1022 ὅτι
2609 968 2678 1023 τά
2704 968 2917 1041 άληθῶς
2938 968 3117 1037 ἀγαθὰ
3143 971 3246 1023 οὐκ
3268 969 3416 1025 ἐστιν
3449 973 3508 1025 ἐν
3528 976 3596 1045 τῇ
3636 991 3769 1029 κατ-

2180 1060 2434 1131 ηραμένῃ
2460 1062 2554 1129 τῇ,
2577 1059 2715 1115 ἀλλά
2731 1060 2802 1114 τά
2826 1059 3043 1131 ἀληθῶς
3067 1059 3249 1128 ἀγαθά
3286 1062 3434 1116 ἐστιν
3452 1064 3512 1117 ἐν
3529 1066 3764 1139 οὐρανῷ.

2196 1150 2585 1224 Ἐθησαύριζεν
2608 1153 2701 1206 ἐπὶ
2722 1154 2847 1225 γῆς,
2882 1153 3005 1208 ἐπεὶ
3034 1152 3170 1224 ᾤετο
3197 1154 3379 1223 ἁγαθὰ
3404 1151 3544 1210 εἷναι
3572 1158 3642 1212 τά
3672 1158 3767 1213 ἐπὶ

2181 1243 2308 1315 γῆς.
2360 1243 2488 1298 Ἐἀν
2516 1244 2575 1297 δέ
2605 1261 2691 1309 τις
2715 1244 2923 1315 μεταϐῇ
2952 1244 3060 1298 ἀπὸ
3073 1244 3173 1314 τῆς
3195 1246 3317 1316 γῆς,
3344 1246 3431 1300 ἵνα
3459 1246 3762 1322 θησαυρίζει

2183 1338 2242 1389 ἐν
2273 1335 2509 1408 οὐρανῷ,
2539 1336 2602 1390 οὐ
2624 1335 2951 1408 λεχθήσεται
2982 1335 3159 1407 αὐτῷ·
3205 1338 3443 1406 Ἅφρον,
3486 1341 3670 1409 ταύτῃ
3687 1339 3763 1409 τῇ

2181 1427 2356 1481 νυκτί
2381 1425 2706 1482 ἀπαιτοῦσι
2732 1428 2848 1494 τὴν
2868 1426 3082 1496 ψυχήν
3118 1441 3236 1482 σου
3258 1428 3376 1483 ἀπὸ
3409 1428 3547 1483 σοῦ.
3590 1429 3729 1483 Ἀλλ’
3749 1472 3764 1495 ,

2183 1518 2427 1582 ἐλθόντες
2463 1520 2513 1572 oi
2555 1517 2848 1590 θηρευταὶ,
2897 1518 3188 1589 ζητοῦντες
3218 1519 3279 1572 οὐ
3310 1518 3380 1574 τὰ
3423 1520 3595 1587 κάτω,
3634 1520 3771 1576 ἁλλὰ

2181 1610 2251 1664 τά
2279 1612 2337 1664 ἐν
2367 1613 2483 1674 τοῖς
2510 1609 2663 1682 θρεσι
2690 1611 2825 1676 ζῶα,
2850 1613 2920 1667 τὰ
2945 1615 3004 1667 ἐν
3027 1617 3141 1679 τοῖς
3166 1615 3438 1686 οὐρανοῖς,
3479 1614 3548 1668 τὰ
3568 1615 3627 1668 ἐν
3649 1617 3771 1680 ταῖς

2182 1701 2513 1774 τρυμαλιαῖς
2551 1703 2662 1758 τῶν
2712 1703 2929 1777 πετρῶν
2960 1705 3366 1776 σκεπαζὸμενα,
3409 1704 3771 1776 συλλήψονται

494 1793 609 1848 limi
637 1833 653 1858 ,
689 1801 745 1848 et
799 1794 870 1852 ad
934 1772 1256 1850 sublimiora
1295 1794 1656 1851 beatitudinis
1691 1808 1856 1865 regna
1888 1802 2074 1863 porta-

2182 1772 2377 1856 ταῦτα,
2409 1794 2504 1849 καὶ
2530 1772 2830 1859 ἀπάξουσιν
2857 1794 2998 1850 αὑτὰ
3036 1796 3143 1850 ἀπὸ
3183 1772 3283 1866 ei};
3317 1795 3490 1869 θήρας
3528 1772 3769 1867 ἐκείνης,

496 1886 649 1938 bunt.
703 1885 842 1951 Quia
891 1887 1033 1941 oculi
1073 1887 1176 1941 mei
1214 1903 1372 1957 super
1413 1903 1591 1942 omnes
1642 1886 1756 1942 uias
1798 1902 1980 1941 eorum
2007 1886 2073 1941 “.

493 1973 670 2045 Super
698 1990 892 2032 omnes
919 1978 1037 2033 vias
1065 1977 1374 2033 istiusmodi
1395 1978 1678 2034 hominum
1703 1978 1799 2048 qui
1830 1978 1886 2032 in
1915 1992 2076 2032 mon-

494 2070 641 2122 tiltus
677 2079 1095 2135 conversautur,
1149 2071 1204 2122 in
1262 2068 1496 2125 collibus
1541 2069 1855 2133 ambulant,
1891 2069 1947 2124 in
1987 2085 2080 2125 ca-

492 2160 675 2213 wrnis
708 2159 958 2214 habitant
987 2169 1298 2229 petrarum,
1336 2160 1502 2215 habet
1532 2160 1726 2217 oculos
1761 2160 1927 2217 Deus.
1955 2160 2082 2216 Non

490 2265 549 2305 se
594 2251 984 2305 absconderttnt
1030 2269 1063 2305 a
1109 2251 1250 2321 facie
1300 2267 1417 2307 utea
1461 2252 1528 2307 ³¹.
1578 2251 1683 2321 Qui
1720 2255 1895 2310 sancti
1928 2264 2079 2322 sunt,

492 2356 604 2395 non
639 2356 701 2396 se
730 2341 1079 2397 abscondunt
1106 2357 1138 2397 a
1167 2340 1308 2397 faeie
1336 2340 1435 2398 Dei
1469 2360 1483 2397 :
1517 2343 1611 2413 qui
1648 2353 1830 2399 autem
1865 2343 2079 2413 iniusti,

495 2431 912 2487 absconduntur
943 2449 973 2487 a
1001 2432 1142 2488 facie
1171 2433 1312 2502 ejus.
1344 2433 1517 2488 Adam
1541 2442 1666 2504 post
1693 2438 2084 2506 transgressio-

496 2538 621 2576 nem
672 2524 913 2579 cmiestis
961 2525 1203 2580 mandati
1242 2523 1447 2580 audivit
1503 2542 1678 2580 vocem
1718 2524 1935 2582 Domini
1992 2527 2085 2583 Dei

493 2614 884 2669 deambulantis
917 2615 968 2669 in
991 2616 1266 2686 paradiso
1305 2625 1423 2686 post
1454 2618 1750 2685 meridiem,
1787 2627 1837 2674 et
1865 2619 2087 2674 abscon-

492 2705 571 2759 dit
611 2721 668 2759 se
710 2705 777 2760 ³³.
833 2705 1074 2764 Sanctus
1116 2708 1223 2765 hoc
1267 2722 1375 2763 non
1422 2707 1576 2775 facit,
1624 2711 1718 2766 sed
1751 2712 2087 2768 conscientia

496 2807 723 2853 actuum
756 2814 986 2855 suorum
1027 2800 1193 2855 habet
1221 2799 1477 2856 ﬁduciam
1511 2803 1578 2857 ad
1611 2801 1781 2858 Deum
1817 2821 1830 2859 :
1860 2802 1921 2858 Si
1948 2806 2088 2860 cuius

492 2890 816 2943 conscientia
849 2906 942 2945 nos
971 2909 1074 2945 non
1109 2892 1524 2961 reprehenderit,
1549 2894 1805 2964 ﬁduciam
1836 2896 2087 2952 habemus

498 2982 568 3034 ad
600 2980 791 3050 Deum,
827 2993 877 3037 et
928 2984 1278 3056 quodcunque
1306 2987 1639 3055 petierimus,
1681 2989 1997 3057 accipimus
2018 2987 2084 3044 ⁸⁸.

2175 1885 2347 1951 (in-ou;
2386 1887 2481 1942 ἐπὶ
2504 1887 2603 1959 τὴν
2638 1889 2947 1944 ἀνάπαυσιν
2971 1888 3080 1943 τῶν
3127 1890 3297 1958 ἁγίων
3341 1890 3436 1945 καὶ
3472 1891 3764 1962 μακαρίων

2177 1980 2236 2033 ἐν
2264 1979 2485 2051 Χριστῷ
2522 1980 2731 2052 Ἰησοῦ..
2750 1984 2811 2036 Oi
2838 1981 2950 2053 γὰρ
2973 1982 3271 2051 ὀφθαλμοί
3285 1999 3427 2051 μου,
3451 1981 3640 2052 φησὶν,
3668 1979 3772 2036 ἐπὶ

2178 2069 2384 2137 πάσας
2408 2070 2516 2138 τὰς
2538 2071 2719 2139 ὀδοὺς
2739 2072 2942 2128 αὐτῶν
2961 2090 2974 2103 ·
3013 2072 3122 2127 τῶν
3152 2072 3409 2128 τοιούτων
3435 2073 3546 2130 τῶν
3584 2073 3677 2128 ἐπὶ
3702 2071 3775 2128 τά

2179 2163 2280 2233 ὅρη
2325 2162 2424 2227 τὰς
2460 2163 2748 2236 διατριϐὰς
2789 2165 3152 2237 ποιουμένων,
3185 2167 3280 2220 καὶ
3306 2168 3365 2221 ὲν
3399 2168 3516 2233 τοῖς
3541 2166 3770 2237 βουνοῐς,

2181 2254 2278 2307 καὶ
2325 2254 2384 2307 ἐν
2419 2256 2539 2318 ταῖς
2582 2256 2911 2327 τρυμαλιᾶς
2950 2255 3061 2310 τῶν
3109 2257 3356 2328 πετρῶν,
3407 2259 3503 2312 καὶ
3549 2258 3642 2312 ἐπὶ
3666 2256 3768 2321 τὰς

2181 2343 2333 2408 ὁδοὺς
2362 2344 2543 2409 πάσας
2567 2350 2596 2400 6
2621 2345 2755 2410 Θεὸς
2783 2345 2898 2416 ἔχει
2941 2346 3069 2411 τοὺς
3111 2346 3447 2418 ὀφθαλμούς.
3500 2346 3633 2418 Καί,
3658 2348 3771 2403 οὐκ

2181 2434 2529 2503 ἐκρύὸησαν
2553 2434 2673 2489 ἀπὸ
2695 2433 3020 2505 προσώπου
3041 2453 3163 2506 μου
3187 2439 3243 2490 ol
3265 2435 3542 2491 τοιοῦτοι.
3573 2437 3637 2490 οι
3662 2435 3773 2507 γὰρ

2184 2523 2379 2595 φαῦλοι
2406 2525 2740 2598 κρύπτοντας.
2769 2527 2880 2581 άπὸ
2906 2526 3199 2597 προσώπου
3230 2528 3326 2582 τοῦ
3349 2528 3508 2585 Θεοῦ.
3560 2530 3770 2585 Ἤκου-

2183 2634 2298 2672 σεν
2331 2618 2503 2690 ’Δδάμ
2531 2619 2672 2691 μετὰ
2699 2619 2799 2692 τὴν
2824 2621 3139 2694 παράϐασιν
3171 2620 3287 2691 τὴν
3312 2620 3527 2691 φωνὴν
3547 2622 3771 2690 Κυρίου

2184 2710 2292 2766 τοῦ
2313 2711 2462 2767 Θεοῦ
2490 2715 2959 2782 περιπατοῦντος
2987 2715 3058 2770 ἐν
3087 2713 3166 2781 τῷ
3190 2714 3535 2785 παραδείσῳ
3563 2715 3628 2769 τὸ
3654 2713 3773 2768 δει-

2185 2804 2381 2869 λινὸν,
2416 2805 2515 2860 καὶ
2540 2805 2783 2875 ἐκρύϐη.
2836 2808 2893 2862 'U
2924 2808 2982 2862 δὲ
3004 2806 3165 2876 ἁγιος
3197 2808 3260 2862 οὐ
3289 2806 3618 2879 κίκρυπται,
3651 2805 3770 2861 ἀλλ’

2187 2898 2302 2967 ιχει
2340 2898 2568 2970 καρδίαν
2603 2900 2741 2971 μετά
2785 2901 3100 2973 παρρησίας
3143 2900 3244 2972 τῆς
3280 2900 3423 2955 κατὰ
3470 2900 3570 2971 τὴν
3611 2898 3770 2969 ἁγίαν

2189 2988 2463 3044 πολιτείαν
2487 2992 2623 3065 πρὸς
2643 2992 2734 3047 τὸν
2770 2993 2922 3048 Θεόν.
3004 2993 3146 3048 Ἐὰν
3192 2995 3302 3063 γὰρ
3342 2995 3381 3061 ή
3414 2991 3773 3060 συνείδησις

503 3069 707 3128 Verum
732 3073 904 3130 Adam
937 3077 1199 3145 quamvis
1221 3079 1549 3147 peccaverit,
1574 3094 1683 3133 non
1708 3088 1889 3135 tamen
1909 3096 2080 3151 usque

2189 3079 2451 3150 ἢμῶνμὴ
2466 3082 2905 3153 καταγινώσκῃ,
2920 3083 3141 3154 ἔχομεν
3150 3084 3493 3153 παρρησίαν
3505 3082 3655 3152 πρὸς
3663 3083 3775 3139 τὸν

504 3169 569 3223 ad
589 3166 882 3237 perfectam
915 3170 1179 3224 malitiam
1198 3185 1355 3227 mens
1373 3170 1497 3242 ejus
1516 3173 1745 3240 corruit,
1763 3184 1817 3229 et
1830 3173 2086 3243 ideoabs-

494 3275 705 3315 consus
730 3270 815 3316 est
838 3277 868 3315 a
901 3260 1038 3317 facie
1060 3262 1179 3317 Dei.
1206 3262 1344 3318 Cum
1379 3272 1564 3320 autem
1606 3266 1851 3335 peccavit
1881 3266 2086 3336 impiis-

493 3351 670 3407 simus
698 3350 1004 3419 fratricida,
1029 3355 1446 3412 animadvertite
1468 3357 1596 3427 quid
1625 3356 1815 3413 fecerit
1838 3376 1854 3414 :
1883 3356 2082 3429 Egres-

496 3458 588 3496 sus
618 3452 697 3497 est
734 3462 768 3498 α
799 3444 939 3515 facie
968 3445 1104 3513 Dei,
1157 3457 1207 3502 et
1253 3448 1511 3503 habitavit
1559 3449 1616 3504 in
1655 3458 1796 3504 terra
1832 3448 1981 3504 Naid
2010 3450 2076 3503 ⁸⁸.

2190 3172 2359 3239 Θεὸν,
2379 3172 2478 3234 καὶ
2493 3173 2524 3227 ὃ
2545 3173 2624 3227 ἂν
2638 3172 2948 3243 αἰτώμεθα,
2966 3174 3354 3244 λαμϐάνομεν
3384 3174 3519 3244 παρ’
3558 3174 3769 3230 αὑτοῦ.

2199 3269 2258 3323 Ὀ
2283 3269 2380 3339 μὲν
2401 3263 2493 3322 οὖν
2537 3267 2709 3340 Ἀδὰμ
2732 3271 2780 3323 εἰ
2810 3271 2906 3323 καὶ
2922 3269 3191 3341 ἥμαρτεν,
3231 3270 3332 3323 οὐκ
3364 3271 3442 3332 εἰς
3467 3269 3771 3341 ὑπερϐολὴν

2184 3356 2426 3428 χαλεπὴν
2456 3358 2732 3430 ἁμαρτίαν
2771 3359 2986 3431 ἥμαρτε
3011 3398 3026 3424 ,
3079 3357 3169 3413 διά
3212 3357 3371 3413 τοῦτο
3410 3357 3618 3430 ἐκρύϐη
3663 3358 3773 3413 ἀπὸ

2185 3447 2480 3520 προσώπου
2504 3448 2598 3504 τοῦ
2615 3448 2751 3503 Θεοῦ
2771 3467 2784 3480 ·
2818 3451 2848 3503 6
2880 3450 2937 3506 δὲ
2962 3450 3414 3523 ἁμαρτωλότερος
3444 3448 3612 3504 αὐτοῦ
3631 3451 3768 3505 Κάῑν

499 3534 558 3589 Si
589 3536 657 3592 ad
702 3538 973 3594 malorum
999 3541 1469 3611 comparationem
1514 3542 1733 3606 venias,
1771 3542 1970 3598 melius
1998 3550 2080 3598 est

2182 3543 2278 3595 καὶ
2293 3540 2655 3603 ἀσεϐέστατος
2681 3543 2712 3594 6
2725 3541 3112 3611 ἀδελφοκτόνος
3129 3542 3183 3596 τί
3200 3544 3499 3614 πεποίηκεν
3517 3560 3532 3608 ;
3564 3542 3771 3611 Ἐξῆλ-

497 3630 762 3687 abscondi
802 3648 833 3687 a
874 3632 1015 3690 facie
1059 3632 1177 3701 Dei,
1240 3651 1407 3706 quam
1459 3635 1648 3706 fugere
1685 3650 1831 3691 eum.
1877 3633 1937 3689 In
1971 3634 2080 3689 alio

2182 3637 2285 3688 θεν
2306 3633 2765 3703 ἀπόπροσώπου
2793 3634 2900 3689 τοῦ
2925 3634 3077 3689 Θεοῦ
3095 3653 3109 3666 ·
3142 3634 3310 3700 ὥστε,
3348 3636 3635 3706 συγκρίσει
3666 3651 3768 3689 κα-

495 3722 699 3792 qnippe
745 3724 1101 3781 conscientia:
1145 3727 1346 3782 vulnus
1402 3725 1695 3791 inllictum,
1739 3727 1995 3782 tenebras
2027 3734 2080 3781 et

2182 3723 2313 3787 κῶν,
2356 3723 2576 3778 ιλαττον
2612 3720 2752 3779 εἶναι
2780 3724 2844 3778 τὸ
2885 3725 3155 3797 κρυϐῆναι
3194 3725 3304 3779 ἀπὸ
3336 3723 3635 3797 προσώπου
3671 3724 3766 3779 τοῦ

495 3821 705 3868 secreta
751 3814 1098 3885 perquirens,
1155 3815 1337 3872 levare
1379 3818 1572 3875 oculos
1622 3834 1731 3874 non
1776 3819 1981 3889 patitur
2010 3817 2079 3874 ad

2182 3814 2339 3871 Θεοῦ.
2363 3816 2473 3870 Καὶ
2487 3816 2597 3890 γάρ
2623 3809 2778 3880 οὗτος
2800 3816 3123 3889 κρύπτεται,
3152 3818 3253 3871 οὐκ
3268 3815 3473 3890 ἁπερυθ
3482 3814 3631 3887 ριῶν,
3651 3815 3768 3870 ἀλλ’

490 3905 693 3960 coelum
719 3922 735 3973 ;
767 3906 821 3961 in
844 3908 1572 3981 alioautem,desperatione
1603 3920 1752 3976 nata,
1784 3919 2077 3967 contuma-

2183 3907 2502 3981 αἰδούμενος
2548 3910 2641 3963 τὸν
2682 3909 2835 3963 Θεὸν.
2902 3910 3025 3963 Οὐκ
3088 3907 3436 3976 ὲκρύϐησαν
3482 3899 3597 3963 οὖν
3646 3906 3766 3961 ἀπὸ

493 3997 577 4051 cia
602 3996 827 4069 negligit
866 3997 1181 4055 Dominum.
1226 4000 1352 4055 Non
1380 4018 1434 4055 se
1461 4001 1847 4057 absconderant
1880 4019 1913 4056 a
1944 4002 2080 4072 facie

2183 3999 2509 4069 προσώπου
2559 4018 2682 4073 μου
2724 3998 2923 4067 οὗτοι,
2961 4002 3043 4069 οἳ,
3091 4000 3266 4055 ταῦτα
3299 4003 3627 4073 ποιήσαντες
3649 4039 3665 4063 ,
3711 4001 3769 4054 ἐν

495 4105 612 4143 mea
639 4132 655 4157 ,
696 4107 861 4161 neque
896 4092 1220 4148 abscondite
1245 4105 1367 4149 sunt
1397 4095 1703 4165 iniquitates
1736 4110 1915 4148 eorum
1955 4109 2080 4147 con-

2186 4093 2483 4165 ἁμαρτίαις
2509 4094 2629 4147 τότε
2663 4094 2942 4163 γεγόνασι,
2972 4093 3069 4148 καὶ
3098 4092 3208 4148 ἀπὸ
3249 4092 3533 4165 ἁμαρτιῶν
3566 4092 3673 4147 τῶν
3711 4091 3769 4147 ἐν

496 4194 581 4236 tra
613 4183 794 4239 oculos
836 4201 975 4242 meos
996 4185 1063 4241 ³⁸.
1102 4184 1244 4242 Iusti
1285 4203 1450 4257 super
1474 4203 1612 4259 quas
1641 4186 1940 4259 injusﬁtias
1971 4201 2080 4241 non

2185 4187 2252 4257 τῇ
2283 4185 2530 4260 θαλάσσῃ
2548 4185 2894 4259 ἠλιεύθησαν.

492 4291 553 4330 se
578 4277 982 4333 alsconderunt
1014 4295 1045 4334 a
1079 4277 1217 4336 facie
1251 4278 1392 4335 Dei?
1418 4280 1726 4350 Aliquando
1758 4279 1982 4336 fuerunt
2030 4277 2084 4334 in
2127 4280 2386 4350 peccatis,
2423 4282 2645 4352 quando
2684 4290 2842 4337 erant
2884 4283 2937 4335 in
2972 4280 3106 4335 mari
3137 4294 3165 4333 a
3196 4294 3307 4350 quo
3343 4294 3374 4333 a
3400 4280 3765 4350 piscatoribus

488 4370 719 4423 extracti
756 4380 904 4426 sunt.

566 4464 618 4519 5.
640 4462 719 4519 Ne
742 4465 927 4535 itaque
941 4468 1444 4540 suspicentur,quia
1460 4485 1568 4526 non
1590 4485 1655 4525 ex
1674 4472 2073 4547 misericordia,

2253 4484 2348 4537 "lv'
2422 4480 2516 4537 οὖν
2590 4482 2665 4554 μὴ
2743 4479 3203 4549 ὑπολαμῆάνωσιν
3262 4480 3312 4531 oi
3386 4479 3765 4543 ἁλιεοθέντες,

496 4555 588 4609 sed
605 4571 671 4609 ex
685 4558 906 4627 proprio
919 4560 1112 4615 merito
1125 4560 1191 4615 ad
1211 4571 1425 4618 montes
1437 4564 2078 4631 venerint,commonens

2185 4575 2280 4628 καὶ
2320 4573 2458 4645 μετὰ
2500 4573 2671 4627 ταῦτα
2724 4574 2804 4635 εἰς
2852 4570 2920 4623 τὰ
2969 4569 3070 4640 ὅρη
3117 4566 3393 4628 ἐλθόντες,
3454 4567 3536 4618 ὅτι
3588 4569 3652 4618 ἐκ
3689 4566 3765 4619 διο

496 4647 619 4703 illos
649 4664 833 4705 sermo
856 4649 1095 4715 divinus,
1113 4659 1167 4706 et
1199 4651 1307 4707 illis
1334 4669 1435 4710 nos
1455 4695 1469 4721 ,
1505 4664 1559 4712 et
1580 4656 1786 4714 idcirco
1817 4677 2077 4733 prospera

2182 4667 2474 4737 καιοσύνης
2521 4665 2705 4727 αὐτοῖς
2748 4660 2920 4716 ταῦτα
2974 4660 3297 4731 γεγένηται,
3357 4657 3766 4727 ὑπομιμνήσκει

496 4749 661 4809 atque
703 4741 904 4809 felicia,
935 4742 1114 4799 tristia
1153 4744 1397 4800 inferens
1421 4747 1554 4803 dicit
1583 4766 1598 4803 :
1645 4748 1827 4821 Neque
1858 4754 2078 4811 abscon-

495 4834 626 4887 dita:
641 4835 797 4906 231
816 4845 937 4889 sunt
970 4836 1277 4908 iniquitates
1295 4854 1473 4892 eorum
1495 4851 1681 4896 contra
1711 4845 1891 4900 oculos
1916 4864 2075 4904 meos.

497 4928 629 4992 Quae
655 4938 961 4999 sequuntur
996 4928 1378 4987 difﬁcultatem
1417 4933 1576 4988 nobis
1615 4935 2081 5007 interpretationis

502 5020 771 5089 obiiciunt
803 5038 818 5088 ;
864 5022 980 5077 sive
1009 5024 1154 5079 enim
1188 5025 1559 5097 intelligamus
1581 5043 1644 5083 ea
1674 5031 1951 5087 conarere
1980 5047 2079 5087 su-

497 5113 830 5182 perioribus,
863 5115 1222 5175 nihilominus
1249 5120 1318 5175 de
1371 5121 1740 5177 retribuendis
1791 5124 2076 5194 suppliciis

397 5213 419 5229 ·
495 5205 973 5274 pertimescimus:
1010 5208 1125 5264 sive
1159 5210 1412 5267 videntur
1447 5228 1555 5269 non
1592 5213 1799 5269 haerere
1827 5231 1953 5272 cum
1982 5231 2077 5272 su-

488 5298 808 5367 perioribus
846 5314 969 5370 quae
1009 5299 1076 5355 de
1107 5302 1471 5372 piscatoribus
1515 5317 1570 5361 et
1611 5308 1964 5364 venatoribus
1991 5309 2077 5364 di—

488 5388 705 5456 ximus,
731 5401 786 5446 et
813 5391 895 5447 sic
919 5406 1029 5447 non
1065 5392 1338 5449 modicum
1387 5396 1548 5452 nobis
1571 5399 1890 5468 scrupulum
1914 5415 2078 5470 gene-

484 5489 640 5533 rant.
681 5477 749 5532 Et
780 5483 1069 5565 retribuam
1107 5483 1217 5540 illis
1243 5486 1479 5554 primum
1515 5486 1752 5562 duplices
1778 5489 2076 5559 injustitias

2181 4760 2242 4813 οὐ
2285 4758 2445 4830 μόνον
2473 4756 2735 4821 ἐκείνους,
2771 4752 2907 4809 ἀλλά
2935 4754 3032 4808 καὶ
3062 4754 3212 4825 ἡμᾶς
3242 4755 3271 4806 6
3290 4750 3447 4821 λόγος
3490 4748 3601 4803 τῶν
3632 4764 3767 4821 προ-

2181 4850 2356 4922 τέρων
2378 4848 2814 4922 ἁμαρτημάτων.
2845 4848 2935 4902 Διὸ
2958 4847 3176 4913 λέγεται
3214 4843 3351 4918 μετά
3397 4844 3498 4908 τὰς
3526 4843 3750 4915 εὐεργε-

2184 4943 2324 5006 σίας·
2356 4942 2466 4996 Kal
2500 4944 2612 4996 οὐκ
2640 4941 2860 5011 ἐκρύϐη
2891 4941 2961 4996 τὰ
2988 4939 3320 5010 ἀδικήματα
3348 4938 3548 4992 αὐτῶν
3575 4934 3759 4990 ἀπέν-

2186 5050 2322 5087 αντι
2365 5031 2482 5087 τῶν
2521 5033 2847 5103 ὀφθαλμῶν
2885 5050 3026 5103 μου.
3071 5029 3152 5085 Τὰ
3181 5028 3306 5098 ea;
3340 5027 3526 5099 ἀγῶνα
3582 5026 3767 5098 μέλλει

2182 5127 2314 5197 ἡμῖν
2343 5127 2607 5196 ἐμποιεῖν’
2638 5124 2747 5180 εἴτε
2769 5126 2877 5197 γὰρ
2910 5121 3095 5186 ἁπλῶς
3126 5121 3373 5193 νοοῦμεν,
3406 5120 3765 5191 φροντίσομεν

2183 5215 2459 5284 ἐπιμελῶς
2483 5217 2613 5289 περὶ
2636 5218 2732 5289 τῆς
2755 5215 3157 5278 ἁνταποδόσεως
3186 5212 3295 5267 τῶν
3328 5210 3759 5284 ἁμαρτημάτων·

2182 5309 2231 5361 εἰ
2263 5307 2321 5361 δὲ
2347 5308 2494 5363 δοκεῖ
2523 5310 2624 5363 οὐκ
2677 5308 2944 5363 ἀκόλουθα
2982 5305 3121 5362 εἶναι
3155 5309 3269 5370 τοῖς
3323 5294 3764 5377 προαποδεδομέ-

2183 5418 2297 5464 νοις
2341 5402 2468 5476 περὶ
2502 5402 2865 5475 ἁλιευομένων
2890 5402 2985 5455 καὶ
3031 5398 3431 5471 θηρευομένων,
3467 5397 3562 5451 καὶ
3588 5393 3762 5458 οὕτως

2182 5494 2263 5557 εἰς
2295 5493 2481 5561 ἀγῶνα
2503 5495 2649 5565 ἡμᾶς
2673 5493 2926 5563 ἐμϐάλλει
2954 5492 3015 5545 οὐ
3046 5491 3137 5545 τὸν
3168 5490 3420 5562 τυχόντα.
3454 5488 3563 5543 Kal
3590 5488 3764 5542 ἀντα-

560 5695 616 5727 "
652 5703 849 5763 Jcrcm.
890 5726 998 5777 xvr,
1037 5711 1118 5765 l7.
1200 5713 1242 5744 "
1274 5712 1406 5767 ibid.
1485 5714 1527 5747 ³³
1562 5716 1695 5769 Gen.
1735 5732 1814 5782 ιιι,
1845 5716 1897 5771 8.
1975 5716 2019 5750 δὶ
2072 5717 2080 5771 1

2186 5736 2274 5774 an.
2315 5736 2394 5789 Ill,
2423 5721 2512 5788 2|,
2538 5720 2626 5773 ‘22.
2706 5719 2749 5764 3'.
2776 5719 2910 5773 Gen.
2949 5735 3018 5787 Iv,
3048 5718 3132 5773 16.
3213 5720 3256 5751 ³⁸
3291 5718 3489 5779 iterem.
3526 5731 3630 5788 m,
3672 5713 3757 5805 17.
