4122 6452
421 343 517 397 H7

1861 325 2186 383 ORIGENIS

3557 314 3660 370 Mil

415 457 513 513 tibi
572 453 955 523 derelinquens
1006 449 1071 505 de
1123 447 1589 504 manifestioribus
1628 446 1981 501 intellectum.

2092 444 2219 512 ἡμῖν
2246 439 2301 493 δὲ
2337 439 2691 494 καταλέλοιπε
2725 437 2885 500 νοεῖν,
2929 435 3011 489 ὅτι
3046 430 3214 487 εἷπεν·
3274 432 3335 487 '0
3365 430 3496 496 Θεὸς
3551 435 3664 506 πῦρ

419 546 604 615 Neque
633 543 778 599 enim
804 543 878 606 id,
905 541 1047 610 quod
1072 540 1139 593 ad
1164 539 1454 608 imaginem
1488 548 1542 593 et
1572 538 1987 592 similitudinem

419 650 576 691 suam
629 641 933 705 permanet,
993 629 1138 699 ignis
1192 629 1297 682 iste
1358 627 1654 690 consumit,
1708 642 1815 680 non
1860 642 1990 697 pro-

419 727 567 797 prias
592 731 907 788 creaturas;
957 719 1056 775 sed
1086 717 1517 788 supermdillcata
1559 720 1728 788 ligna,
1778 718 1988 784 fenum,

417 815 695 885 stipulam.
722 812 901 868 Locus
922 820 1006 866 est
1039 810 1298 876 dillicilis,
1346 818 1401 865 et
1428 810 1496 864 ad
1522 810 1991 880 interpretandnnt

420 906 573 961 nimii
605 905 823 961 sudoris
872 917 1060 973 egens,
1097 911 1158 955 ut
1197 916 1321 955 cum
1351 901 1542 970 primis
1587 902 1821 956 secunda
1856 917 1991 957 con-

418 998 681 1053 sentiant.
710 993 1188 1066 Repromissiones
1214 993 1463 1064 legimus,
1495 1001 1550 1046 et
1575 1001 1696 1061 post
1737 1008 1992 1064 prospera

419 1097 640 1159 repente
661 1086 842 1142 tristia
874 1085 1243 1155 praedicantur
1269 1101 1283 1137 :
1344 1082 1411 1138 Et
1442 1082 1754 1149 retribuam,
1796 1084 1990 1155 inquit,

419 1176 531 1232 illia
566 1177 800 1247 primum
819 1176 1055 1246 duplices
1085 1175 1382 1244 injustitias
1425 1193 1639 1242 eorum;
1685 1179 1994 1234 necessario

417 1266 726 1336 appositum
781 1273 884 1330 est,
935 1265 1203 1333 primum;
1269 1264 1503 1332 primum
1545 1264 1747 1334 quippe
1775 1273 1994 1335 propter

420 1354 722 1428 injustitias
776 1363 1051 1410 tormenta
1122 1354 1475 1423 p--rpetimnr,
1521 1355 1715 1409 deinde
1774 1363 1994 1425 propter

417 1447 688 1516 justitiam
712 1458 1063 1500 coronamur.
1112 1441 1298 1514 Neque
1320 1444 1466 1498 enim
1517 1445 1826 1499 econtrario
1869 1455 1995 1500 ante

417 1538 707 1593 tribuenda
739 1544 868 1592 sunt
884 1535 1056 1605 justa,
1102 1544 1157 1589 et
1206 1535 1287 1590 sic
1344 1537 1611 1590 reddenda
1646 1547 1887 1606 peccata,
1933 1545 1995 1591 ut

417 1627 761 1683 cessantibus
812 1625 993 1688 bonis,
1031 1627 1162 1679 vitia
1206 1632 1408 1680 aeterna
1463 1637 1848 1696 permaneant;
1899 1629 1993 1682 sed

416 1727 544 1771 ante
566 1716 890 1786 recipiemus
941 1714 1105 1779 mala,
1148 1723 1204 1767 et
1231 1714 1426 1769 deinde
1456 1717 1619 1777 bona,
1670 1725 1731 1770 ut
1765 1716 1995 1771 sublatis

2093 533 2209 583 ἐστι
2237 529 2652 583 καταναλίσκον.
2704 527 2863 579 Ἐστι
2908 542 2960 577 τι
3018 522 3081 576 τὸ
3107 521 3659 594 καταναλισκόμενον.

2092 620 2159 673 Τί
2184 617 2278 673 οὖν
2312 622 2428 673 ἐστι
2456 620 2518 673 τὸ
2565 615 3131 686 καταναλισκόμενονς
3167 613 3231 667 οὐ
3276 613 3387 686 γάρ
3436 612 3498 666 τδ
3542 617 3663 668 κατ’

2092 712 2276 766 εἰκόνα
2322 713 2415 765 καὶ
2466 712 2725 782 ὁμοίωσιν
2754 709 3052 771 ἀναλίσκει,
3083 706 3243 761 ..ἀλλά
3269 707 3361 760 τὸν
3390 707 3661 761 ἐποικοδο-

2093 807 2333 878 μηθέντα
2354 805 2564 878 χόρτον,
2594 805 2663 858 τά
2683 800 3175 873 ὲποικοὼμηθέντα
3202 799 3356 866 ξύλα,
3384 799 3484 871 τὴν
3509 804 3662 854 εποι-

2090 896 2480 969 κοδομηθεῖσαν
2526 897 2796 967 καλάμην.
2866 894 2926 947 'O
2978 892 3141 955 τόπος
3181 888 3250 964 ἦν
3307 892 3664 963 δυσδιήγητος

2093 991 2314 1062 σφόδρα.
2362 988 2714 1058 Ἐπαγγελίαι
2734 984 2894 1059 ἦσαν,
2921 987 3017 1039 καὶ
3044 984 3180 1057 μετά
3205 986 3307 1049 τὰς
3333 985 3664 1054 ἐπαγγελίας

2090 1081 2256 1149 λέγει’
2291 1080 2399 1135 Kal
2441 1078 2845 1137 ἀνταποδώσω
2884 1075 3115 1144 πρῶτον
3154 1073 3376 1141 διπλᾶς
3404 1074 3510 1141 τὰς
3537 1074 3661 1129 ddi-

2092 1172 2226 1238 κίας
2255 1168 2473 1225 αὐτῶν.
2545 1167 2880 1237 Ἀναγκαίως
2922 1167 3247 1239 πρόσκειται
3291 1164 3353 1219 τὸ
3394 1163 3653 1233 πρῶτον-

2092 1263 2306 1335 πρῶτον
2334 1261 2445 1331 γὰρ
2475 1262 2543 1317 τά
2565 1261 2668 1331 τῆς
2699 1259 2929 1322 ἀδικίας,
2972 1254 3092 1312 εἶτα
3123 1258 3199 1330 (1)
3246 1256 3315 1311 τὰ
3344 1256 3442 1327 τῆς
3459 1256 3659 1310 δικαιο-

2094 1359 2259 1430 σύνης
2289 1355 2594 1411 ἀποδίδοται
2611 1373 2625 1387 ο
2657 1354 2718 1407 οὐ
2741 1352 2852 1425 γὰρ
2880 1351 3146 1410 ἀνάπαλιν
3173 1353 3203 1404 ό
3224 1349 3358 1414 Θεὸς
3386 1349 3661 1403 ἀνταποδίο

2089 1448 2270 1501 δωσιν.
2299 1446 2362 1499 Εί
2395 1443 2612 1516 πρῶτον
2631 1441 2880 1497 ἀπεδίδου
2910 1439 2977 1495 τὰ
3025 1438 3226 1508 ἀγαθὰ,
3261 1440 3349 1494 ἱνα
3375 1437 3661 1492 ἀπολάϐω-

2095 1557 2193 1612 μεν
2216 1539 2285 1593 τά
2312 1537 2478 1601 κακὰ,
2513 1535 2607 1590 νῦν
2631 1536 2688 1589 δὲ
2715 1533 3004 1589 ἀποδίδωσι
3051 1531 3121 1586 ea
3161 1529 3327 1596 κακὰ,
3375 1530 3482 1584 ἔδει
3505 1527 3663 1599 λῆξαι

2090 1632 2159 1686 τά
2190 1629 2392 1700 ἀγαθὰ,
2423 1629 2510 1682 ἴνα
2533 1626 2894 1697 ἀπολάϐωμεν
2919 1623 2988 1677 τά
3013 1622 3179 1688 κακά,
3214 1624 3300 1676 ῐνα
3346 1622 3500 1685 τέλος
3522 1621 3664 1694 λάϐῃ

2092 1722 2177 1775 διὰ
2208 1721 2300 1775 τοῦ
2337 1718 2644 1791 ἀφανισμοῦ
2675 1718 2785 1773 τῶν
2809 1716 3088 1771 κακῶντά
3125 1715 3225 1786 τῆς
3259 1713 3534 1777 κολάσεως
3554 1712 3665 1767 τῶν

419 1807 590 1873 vitiis,
618 1808 845 1861 virtutes
890 1814 1242 1875 permaneant
1290 1806 1344 1860 in
1403 1815 1688 1861 aeternum.
1746 1806 1988 1864 Observa

2094 1814 2396 1879 παθόντων,
2425 1812 2512 1867 ἶνα
2541 1811 2678 1884 μετά
2705 1809 2876 1865 ταῦτα
2899 1808 3083 1879 ἀποδῷ
3119 1807 3191 1862 τά
3227 1807 3424 1876 ἀγαθά.
3459 1805 3551 1860 Διὸ
3570 1805 3665 1859 εὐ-

416 1914 637 1954 ontnem
714 1898 1031 1952 thesaurum
1105 1895 1511 1967 Scripturarum
1534 1941 1549 1965 ,
1620 1908 1676 1954 et
1748 1899 1992 1955 invenies

416 2003 629 2059 semper
658 1986 829 2044 Deum
851 2002 916 2043 ea
944 1988 1181 2057 primum
1211 1989 1635 2044 comminantem
1661 2004 1784 2059 qua
1813 1990 1987 2046 tristia

416 2088 568 2146 sunt,
594 2087 650 2134 et
679 2093 745 2133 ea
775 2078 1033 2148 deinceps
1062 2077 1382 2133 inferentem
1432 2095 1557 2149 qua:
1583 2080 1825 2135 laetitiam
1852 2096 1992 2151 prae-

416 2174 581 2226 beant
611 2170 984 2227 audientibus.
1014 2169 1247 2236 Occidit,
1277 2180 1331 2225 et
1375 2171 1646 2238 viviﬁcat;
1677 2173 1910 2242 percutit
1937 2184 1993 2229 et

416 2270 617 2329 sanat;
675 2262 793 2333 ipse
835 2261 1085 2317 dolorem
1140 2260 1292 2329 facit,
1345 2272 1400 2318 et
1457 2278 1675 2318 rursum
1722 2265 1988 2333 restituit;

415 2354 708 2424 percussit,
730 2362 785 2408 et
809 2367 1005 2408 manus
1050 2353 1172 2422 ejus
1210 2365 1539 2409 sanaverunt
1588 2354 1655 2409 “.
1688 2356 1864 2426 Super
1904 2357 1991 2412 bis

414 2459 570 2515 ergo,
609 2445 702 2514 qui
723 2445 910 2514 justus
945 2453 1049 2507 cst,
1075 2444 1348 2500 intellectu
1381 2445 1468 2515 pio
1486 2445 1841 2502 considerans
1868 2462 1992 2517 qua:

412 2536 694 2600 dicuntur,
723 2535 1068 2605 ingemiscat,
1092 2544 1149 2589 et
1174 2535 1320 2591 dicat
1348 2536 1391 2567 “
1423 2554 1438 2591 :
1469 2535 1712 2602 Domine,
1734 2539 1856 2607 quia
1888 2539 1988 2592 lia-

413 2625 604 2681 bitabit
651 2628 706 2681 in
754 2626 1093 2681 tabernaculo
1131 2635 1244 2694 tuo,
1294 2638 1386 2682 aut
1447 2630 1566 2699 quia
1602 2632 1881 2701 requiescet
1932 2634 1991 2686 in

413 2726 586 2771 monte
606 2725 788 2771 sancto
817 2717 947 2771 tuo?
969 2713 1074 2780 Qui
1106 2716 1425 2786 ingreditur,
1476 2718 1675 2787 inquit,
1707 2719 1820 2773 sine
1873 2735 1990 2772 ma-

411 2808 554 2873 cula,
604 2815 657 2862 et
683 2816 937 2876 operatur
952 2807 1249 2871 justitiam,
1296 2808 1387 2877 qui
1428 2807 1666 2878 loquitur
1716 2812 1985 2865 veritatem

411 2900 468 2951 in
497 2898 654 2952 corde
677 2914 795 2958 suo,
831 2898 921 2969 qui
943 2913 1045 2952 non
1081 2898 1186 2967 egit
1221 2897 1403 2951 dolum
1438 2898 1492 2951 in
1541 2897 1725 2969 lingua
1747 2915 1866 2963 sua,
1896 2915 1989 2954 nec

414 2990 540 3060 fecit
571 2989 813 3058 proximo
843 3004 939 3044 suo
984 2988 1207 3052 malum,
1235 2998 1284 3044 et
1325 2988 1666 3059 opprobrium
1710 3006 1811 3045 non
1838 3006 1988 3046 acce-

410 3082 489 3161 pit
511 3079 759 3135 adversus
794 3080 1063 3149 proximos
1091 3096 1236 3136 suos.
1282 3078 1396 3136 Nos
1432 3081 1597 3136 etiam
1640 3097 1747 3138 non
1772 3082 1857 3140 his
1889 3095 1988 3153 0pc
2015 3132 2060 3190 ϐ

415 3176 743 3245 probremns
775 3178 869 3248 qui
900 3193 931 3232 a
966 3180 1205 3249 peccatis
1241 3180 1309 3235 ad
1341 3178 1714 3249 paenitentiam
1764 3195 1990 3234 conver-

413 3275 628 3330 runtur,
667 3266 952 3339 Scriptura
1001 3270 1217 3326 dicente
1240 3270 1286 3302 “
1319 3288 1332 3325 :
1385 3268 1470 3325 Ne
1521 3270 1837 3340 improperae
1876 3270 1990 3323 uiro

411 3361 732 3415 wuurtenti
750 3379 781 3414 a
797 3362 1045 3431 peccatis.
1065 3361 1415 3431 Opprobrium
1441 3379 1546 3417 non
1561 3363 1759 3431 accepit
1800 3362 1990 3417 adver-

413 3466 504 3505 sus
515 3451 781 3520 proximos
797 3467 944 3518 suos;
962 3454 1031 3506 ad
1044 3453 1268 3507 nihilum
1283 3453 1539 3508 deductus
1551 3462 1628 3507 est
1643 3455 1696 3506 in
1708 3462 1989 3522 conspectu

412 3542 527 3609 ejus
552 3540 852 3611 malignus;
870 3544 1109 3597 timentes
1127 3553 1304 3598 autent
1329 3544 1613 3598 Dominum
1651 3544 1981 3614 magni/ient.

412 3632 615 3689 Omnes
641 3634 803 3704 igitur
824 3634 1141 3705 quicunque
1176 3636 1457 3691 materiam
1490 3636 1634 3691 illius
1668 3636 1809 3707 ignis
1832 3636 1991 3691 babe-

413 3740 536 3780 mns
575 3725 628 3779 in
666 3725 848 3793 nobis,
879 3725 1115 3796 primum
1140 3727 1465 3796 recipiemus
1491 3735 1677 3783 nostra
1700 3727 1914 3781 delicta.

446 3862 449 3867 .
480 3817 642 3889 333
657 3818 708 3873 'l.
729 3816 834 3875 Sed
857 3819 1001 3875 dicet
1023 3820 1157 3874 mibi
1183 3820 1381 3887 aliquis
1401 3820 1469 3875 de
1488 3820 1869 3875 audientibus:
1889 3817 1993 3874 Ex-

411 3925 550 3977 pone
569 3919 627 3965 et
654 3910 706 3964 id
727 3909 874 3980 quod
899 3911 1178 3981 sequitur‘:
1206 3909 1448 3980 Duplices
1468 3911 1766 3979 injustitiaa
1786 3926 1988 3965 eorum.

419 3999 547 4053 Esto
574 4000 798 4070 quippe.
824 4001 1034 4070 recipio
1058 4015 1176 4055 mea
1217 4009 1460 4069 peccata,
1489 4012 1547 4055 ut
1578 4002 1915 4067 compleatur
1937 4002 1988 4057 id

411 4089 556 4159 quod
597 4090 668 4142 ab
716 4091 981 4160 Apostolo
1034 4090 1238 4145 dictum
1302 4098 1388 4145 est
1419 4090 1503 4146 “z
1556 4088 1617 4144 Si
1660 4091 1813 4158 cujus
1858 4108 1989 4160 opus

413 4181 628 4246 arserit,
680 4181 1056 4236 detrimentum
1100 4183 1374 4251 patietur;
1441 4182 1552 4251 ipse
1590 4193 1766 4237 autem
1813 4184 1991 4238 salvus

408 4272 535 4339 erit,
573 4273 651 4326 sic
687 4281 861 4328 tamen
891 4276 1048 4346 quasi
1084 4291 1177 4345 per
1203 4277 1372 4346 ignem
1405 4291 1425 4329 :
1469 4290 1569 4331 cur
1595 4290 1724 4331 vero
1755 4276 1990 4345 duplicia

412 4365 616 4435 recipio
644 4367 907 4435 peccata?
925 4366 1026 4422 Cui
1054 4368 1489 4438 respondendum
1514 4378 1618 4432 est,
1651 4369 1780 4438 quia
1810 4384 1989 4423 seruus

2098 1905 2283 1975 ρήσεις
2312 1904 2371 1956 ἐν
2424 1904 2546 1966 ταῖς
2603 1903 2778 1973 ἱεραῖς
2830 1901 3074 1973 Γραφαῖς
3130 1899 3224 1953 τὸν
3279 1898 3411 1952 Θεὸν
3442 1897 3664 1967 λέγοντα

2094 1995 2308 2067 πρῶτον
2335 1993 2405 2048 τά
2431 1994 2694 2049 δοκοῦντα
2736 1989 2874 2048 εἶναι
2926 1991 3372 2063 σκυθρωπότερα,
3404 1989 3499 2044 καὶ
3530 1990 3666 2061 μετά

2092 2086 2264 2140 ταῦτα
2287 2085 2356 2140 τά
2374 2086 2676 2157 κρείττονα.
2715 2083 2856 2153 Ἐγὼ
2879 2082 3181 2144 ἀποκτενῶ.
3199 2083 3293 2136 καὶ
3318 2082 3416 2153 ζῇν
3434 2082 3661 2150 ποιήσω·

2092 2177 2340 2246 πατάξω,
2387 2176 2544 2246 κάγὼ
2597 2176 2838 2248 ἰάσομαι.
2891 2174 3063 2239 Αὐτὸς
3122 2174 3307 2243 ἀλγεῖν
3360 2174 3523 2236 ποιεῖ,
3562 2172 3669 2226 καὶ

2093 2271 2255 2325 πάλιν
2281 2269 2734 2341 ἀποκαθίστησιν·
2764 2269 2976 2328 ἔπαισε,
2993 2267 3085 2321 καὶ
3107 2269 3164 2319 al
3191 2268 3369 2337 χεῖρες
3398 2263 3561 2318 αὐτοῦ
3588 2263 3671 2318 idt-

2094 2378 2275 2416 σαντο.
2314 2360 2438 2415 Ἐπὶ
2463 2359 2674 2424 τούτοις
2698 2359 2814 2414 ἔστι
2857 2358 2950 2412 τὸν
2974 2357 3221 2422 νοοῦντα,
3277 2356 3368 2411 καὶ
3391 2354 3667 2425 διακείμε-

2091 2470 2182 2508 νον
2209 2452 2348 2525 πρὸς
2376 2452 2446 2507 τά
2484 2453 2753 2524 λεγόμενα
2788 2452 2979 2504 είπεῐνσ
3032 2450 3228 2517 Κύριε,
3261 2448 3352 2513 τίς
3385 2444 3666 2515 παροική-

2094 2562 2189 2600 σει
2215 2546 2286 2600 ἐν
2322 2545 2405 2612 τῷ
2432 2543 2781 2615 σκηνώματι
2810 2558 2968 2606 σου;
3000 2542 3038 2610 ἢ
3084 2542 3176 2607 τίς
3206 2538 3661 2607 κατασκηιώσει

2092 2637 2164 2690 ἐν
2206 2637 2327 2705 ὄρει
2384 2637 2530 2707 ἁγίῳ
2583 2650 2735 2700 σου;
2785 2634 3192 2703 Πορευόμενος
3243 2632 3499 2703 ἄμωμος,
3565 2630 3663 2683 καί

2092 2726 2475 2797 ἐργαζόμενος
2530 2726 2942 2793 δικαιοσύνην,
2996 2722 3205 2779 λαιῶν
3252 2723 3539 2788 ἀλήθειαν
3595 2721 3666 2774 ἐν

2093 2816 2307 2885 καρδίᾳ
2338 2815 2546 2882 αὐτοῦ,
2582 2816 2652 2883 ὃς
2698 2817 2810 2871 οὐκ
2838 2815 3145 2870 ἐδόλωσεν
3176 2814 3248 2867 ἐν
3276 2811 3530 2883 γλώσσῃ
3554 2814 3662 2865 αὑ-

2095 2905 2223 2970 τοῦ,
2261 2905 2362 2961 καί
2408 2908 2521 2961 οὐκ
2543 2905 2795 2972 ἐποίησε
2833 2903 2915 2970 τῷ
2950 2904 3216 2970 πλησίον
3244 2901 3431 2956 αὐτοῦ
3452 2900 3663 2965 κακὸν,

2092 2996 2190 3051 καί
2217 2994 2560 3066 ὀνειδισμὸν
2587 2996 2699 3049 οὐκ
2719 2994 2938 3049 ἐλαϐεν
2971 2993 3066 3047 ἐπὶ
3107 2992 3248 3059 τοὺς
3279 2990 3525 3061 ἔγγιστα
3566 2992 3668 3043 αὑ-

2092 3086 2218 3141 τοῦ.
2278 3086 2465 3157 Ἡμεῖς
2494 3086 2552 3139 δὲ
2596 3085 2922 3157 ὀνειδίζομεν
2971 3085 3064 3140 καὶ
3091 3085 3218 3147 τοὺς
3277 3080 3667 3153 μετανοοῦντας

2095 3178 2187 3231 καὶ
2211 3178 2659 3248 ἐπιστρέφοντας,
2703 3175 2969 3248 λεγούσης
2991 3174 3092 3246 τῆς
3114 3174 3352 3246 Γραφῆς·
3382 3173 3480 3241 Μὴ
3514 3172 3671 3225 ὀνεί-

2091 3270 2209 3331 διζε
2266 3269 2580 3338 ἄνθρωπον·
2648 3267 3104 3338 ἀποστρέφοντα
3169 3266 3286 3321 ἀπὸ
3355 3265 3663 3334 ἁμαρτίας.

2106 3357 2471 3428 Ὀνειδισμὸν
2502 3360 2613 3413 οὐκ
2637 3357 2853 3413 ἐλαϐεν
2900 3358 2998 3411 ἐπὶ
3027 3356 3166 3422 τοὺς
3188 3355 3433 3426 ἔγγιστα
3455 3353 3661 3409 αὐτοῦ·

2091 3449 2485 3515 ἐξουδένωται
2503 3448 2759 3503 ἐνώπιον
2775 3446 2962 3503 αὐτοῦ
2992 3448 3493 3515 πονηρευόμενοςο
3527 3445 3665 3510 τοὺς

2092 3538 2160 3593 δὲ
2209 3536 2619 3608 φοϐουμένους
2651 3537 2873 3605 Κύριον
2926 3533 3175 3600 δοξάζει.
3224 3535 3430 3598 Πάντες
3475 3528 3568 3587 οὖν
3617 3533 3666 3584 oi.

2091 3632 2304 3702 ἔχοντες
2353 3628 2486 3703 ὕλην
2544 3628 2756 3684 ἐκείνου
2786 3628 2881 3683 τοῦ
2914 3627 3110 3699 πυρὸς,
3148 3626 3363 3699 πρῶτον
3395 3624 3669 3698 ἀποληψό-

2099 3720 2240 3792 μεθα
2268 3720 2339 3774 τὰ
2373 3720 2742 3792 ἁμαρτήματα
2773 3718 2953 3790 ἡμῶν.

2174 3813 2312 3866 Ἀλλ’
2347 3814 2466 3885 ἐρεῖ
2489 3827 2572 3876 τις
2595 3809 2702 3865 τῶν
2742 3807 3080 3863 ἀκουόντων
3142 3807 3406 3879 Διήγησαι
3445 3804 3541 3858 καὶ
3567 3804 3665 3856 Διι-

2091 3905 2270 3973 πλᾱς.
2309 3906 2491 3960 Ἔστω
2541 3902 2654 3975 γὰρ
2694 3900 3097 3972 ἀπολαμϐάνειν
3133 3917 3199 3971 με
3247 3899 3343 3962 τὰς
3395 3893 3662 3968 ἁμαρτίας

2093 3998 2329 4071 πρῶτον,
2370 3998 2479 4061 ἵνα,
2512 3993 2653 4050 επάν
2684 3994 2835 4048 λάϐω
2875 3993 2975 4056 τὰς
3021 3990 3315 4064 ἁμαρτίας,
3348 3988 3486 4061 μετά
3509 3986 3668 4041 τοῦτο

2094 4089 2353 4161 πληρωθῇ
2374 4089 2434 4143 τὸ
2459 4087 2611 4159 παρά
2640 4085 2719 4157 τῷ
2760 4083 3064 4155 ’Δποστόλῳ
3083 4082 3387 4154 εἰρημένον·
3411 4080 3485 4136 EI
3502 4096 3665 4143 τινος

2093 4180 2157 4234 τὸ
2185 4179 2365 4249 ἔργον
2387 4175 2849 4245 κατακαήσεται,
2897 4172 3336 4243 ζόυιιωθήσεται·
3383 4167 3568 4234 αὐτὸς
3599 4166 3669 4220 δὲ

2092 4268 2449 4338 σωθήσεται,
2510 4267 2697 4333 οὕτως
2733 4266 2802 4319 δὲ
2846 4265 2928 4331 ὡς
2959 4265 3057 4318 διὰ
3113 4264 3322 4333 πυρός·
3376 4261 3429 4315 τί
3470 4262 3670 4333 δήποτε

2091 4364 2286 4428 διπλᾶς
2314 4359 2684 4432 ἀπολαμϐάνω
2711 4357 2810 4423 τάς
2865 4357 3175 4429 άμαρτίας;
3216 4354 3375 4410 Ἀλλά
3427 4355 3664 4415 λεκτέον.

410 4456 502 4522 qui
521 4454 622 4508 scit
652 4455 973 4510 uoluntatem
998 4457 1197 4510 domini
1227 4458 1334 4522 sui,
1362 4467 1408 4511 et
1437 4474 1537 4512 non
1561 4459 1689 4527 facit
1710 4475 1847 4521 eam.
1874 4457 1990 4527 plac

2093 4459 2196 4519 ὅτι,
2228 4454 2449 4521 δοῦλος
2501 4457 2533 4507 o'
2582 4452 2751 4517 εἰδὼς
2775 4450 2843 4505 τὸ
2871 4449 3101 4519 θέλημα
3125 4448 3231 4504 τοῦ
3288 4448 3523 4516 κυρίου,
3571 4446 3668 4501 καὶ

410 4546 489 4616 gis
524 4544 795 4613 vapulabit
838 4547 1024 4601 multis
1060 4545 1140 4609 “;
1168 4547 1392 4617 dignum
1446 4547 1715 4617 siquidem
1776 4557 1861 4603 est
1891 4562 1988 4602 eos

411 4635 504 4705 qni
533 4645 722 4704 gentes
747 4643 899 4701 sunt,
932 4636 1199 4705 simplicia
1222 4638 1463 4707 recipere
1494 4647 1742 4708 peccata,
1778 4646 1831 4693 et
1887 4652 1986 4691 nos

412 4724 669 4793 duplicia,
697 4724 913 4779 dicente
952 4724 1212 4795 Apostolo
1234 4724 1323 4780 “z
1377 4724 1685 4782 Voluntaria
1723 4727 1987 4797 peccanti-

411 4815 507 4868 bus
539 4813 690 4870 nobis
722 4825 840 4886 post
894 4816 1242 4887 cognitionem
1273 4819 1508 4872 ueritatis
1539 4819 1657 4888 jam
1692 4819 1836 4874 ultra
1882 4834 1988 4874 non

412 4913 642 4958 remanet
669 4920 765 4973 pro
790 4913 1000 4975 peccato
1061 4905 1259 4970 hostia,
1318 4906 1587 4962 horribilis
1626 4920 1799 4965 autem
1840 4927 1986 4981 qua:-

408 4997 534 5050 dum
568 4998 893 5066 exspectatio
907 4996 1102 5066 judicii
1128 4998 1287 5070 ignis,
1335 4999 1476 5055 zelus
1500 5002 1766 5056 comedere
1794 5004 1984 5058 habens

408 5087 762 5144 adversarios.
795 5088 1187 5160 Prophetatnm
1220 5102 1306 5148 est
1339 5092 1405 5148 dc
1437 5093 1522 5148 his
1544 5093 1637 5164 qui
1669 5110 1698 5148 a
1734 5106 1984 5164 peccato-

410 5181 564 5235 ribus
596 5189 648 5236 et
678 5181 1030 5238 venatoribus
1055 5182 1121 5237 de
1143 5183 1413 5253 profundo
1460 5187 1514 5239 in
1549 5186 1986 5242 montibussunt

408 5273 689 5335 abstracti.
719 5274 996 5345 quomodo
1020 5275 1289 5347 recipiant
1320 5278 1560 5348 primum
1594 5278 1832 5349 duplicia
1859 5296 1985 5350 pec-

480 5404 766 5464 “Deuter.
823 5426 993 5471 χχιιι,
1029 5410 1117 5464 '59.
1222 5410 1264 5443 δι
1301 5409 1502 5465 Psalm.
1547 5425 1656 5477 xw,
1705 5410 1755 5477 Ι,
1803 5412 1859 5477 2,
1900 5411 1955 5466 '5.

409 5475 451 5505 δ”
476 5477 608 5533 an.
641 5495 738 5545 xu,
775 5480 863 5536 47.
941 5482 986 5513 ⁸⁵
1017 5479 1180 5535 llebr.
1213 5498 1267 5539 ι.
1293 5482 1347 5547 6,
1376 5482 1464 5536 ‘27.

485 5592 558 5661 (Ι)
587 5592 820 5665 Πρῶτον
850 5597 956 5665 γὰρ
988 5596 1059 5650 τὰ
1091 5595 1211 5665 τῆς.
1233 5597 1488 5663 ἀδικίας,
1530 5593 1685 5665 εἶτα,
1730 5607 1832 5653 etc.
1869 5597 1986 5653 Non

419 5658 728 5738 baceolum
778 5658 933 5719 loco'
970 5668 1063 5721 sed
1112 5658 1382 5723 séiccntis
1434 5658 1555 5723 aliis
1615 5658 1987 5738 purgatorinm

426 5734 613 5786 :tatuit
641 5733 920 5802 Origenes,
960 5745 1012 5791 at
1046 5752 1146 5791 suo
1182 5738 1365 5802 modo.
1420 5738 1489 5792 ita
1525 5733 1735 5807 nempe,
1789 5748 1845 5794 ut
1878 5756 1985 5793 non

2031 5413 2077 5445 "
2099 5413 2269 5473 Eccli.
2337 5432 2452 5481 vni,
2500 5416 2554 5471 6.
2587 5415 2729 5472 Psal.
2779 5431 2892 5483 xw,
2919 5414 2975 5481 3,
3011 5413 3066 5467 ι.

2090 4548 2176 4619 μὴ
2205 4546 2464 4611 ποιήσας
2512 4544 2663 4598 κατὰ
2707 4542 2773 4596 τὸ
2818 4541 3046 4612 θέλημα
3094 4539 3303 4607 αὐτοῦ,
3343 4535 3668 4606 δαρήσεται

2093 4642 2206 4693 οὐκ
2234 4638 2464 4706 ὀλίγας,
2508 4633 2669 4690 ἀλλὰ
2719 4630 2974 4698 πολλάς.
3028 4631 3210 4698 ’Δξιον
3251 4626 3343 4683 οὖν
3399 4632 3514 4681 ἑστι
3543 4627 3666 4688 τοὺς

2096 4730 2196 4801 μὲν
2250 4728 2358 4783 ἀπὸ
2410 4727 2518 4781 τῶν
2566 4725 2736 4781 ὲθνῶν
2796 4723 3208 4796 ἁμαρτάνοντας
3262 4716 3666 4789 ἀπολαμϐάνειν

2093 4822 2272 4877 αὐτῶν
2306 4819 2452 4874 ἀπλᾶ
2509 4819 2579 4872 τὰ
2610 4818 3001 4889 ἁμαρτήματα,
3045 4816 3191 4884 ἡμᾶς
3219 4814 3276 4867 δὲ
3317 4810 3478 4865 διπλᾶ
3512 4808 3667 4880 ἡμῶν

2093 4912 2499 4983 ἀπολαμϐάνειν
2531 4909 2600 4964 τὰ
2641 4910 2974 4981 πταίσματα·
3004 4904 3322 4970 Ἑκουσίως
3346 4904 3454 4972 γὰρ
3485 4902 3666 4970 ἁμαρ.

2090 5007 2394 5060 tarda-th
2449 5002 2617 5073 ἡμῶν
2642 5002 2794 5072 μετὰ
2833 5000 2900 5055 τὸ
2948 4998 3155 5055 λαϐεῖν
3188 4998 3304 5066 τὴν
3343 4999 3668 5065 ἐπίγνωσιν

2091 5097 2203 5167 τῆς
2233 5098 2539 5167 ἀληθείας,
2590 5097 2792 5153 οὐκέτι
2832 5095 2966 5165 περὶ
3002 5092 3302 5166 ἁμαρτιῶν
3357 5094 3669 5148 ἀπολείπει

2090 5207 2185 5244 ται
2214 5190 2416 5255 θυσία,
2460 5190 2681 5261 φοϐερὰ
2723 5190 2790 5245 δέ
2838 5208 2929 5257 τις
2972 5185 3199 5257 ἐκδοχὴ
3257 5188 3531 5254 κρίσεως,
3571 5183 3670 5238 καί

2089 5281 2280 5348 πιφός
2327 5279 2527 5349 ζῆλος,
2569 5281 2799 5335 ἐσθίειν
2835 5279 3176 5349 μέλλοντος
3216 5277 3358 5344 τοὺς
3410 5279 3670 5332 ὑπεναν-

3142 5412 3187 5444 ⁶³
3222 5410 3241 5464 l
3290 5410 3417 5467 Cor.
3453 5425 3541 5474 ιιι,
3580 5409 3665 5465 l5.

2098 5599 2236 5654 alius
2266 5599 2429 5669 ignis,
2461 5614 2570 5669 non
2630 5597 2748 5651 alia!
2796 5610 2989 5664 pinnae,
3026 5608 3190 5669 quam
3241 5597 3565 5663 pnrgatortt,
3611 5594 3664 5641 et

2096 5665 2435 5741 temporariae
2460 5668 2673 5722 animas
2701 5674 3008 5735 torqueant.
3044 5665 3300 5718 "l'ETlUS.
