4122 6444
416 389 520 444 449

1587 390 1655 445 IN
1692 390 2042 448 JEREMIAM
2087 394 2379 452 llOMlLIA
2416 397 2560 455 XVI.

3593 412 3698 467 ιεςιι

418 508 602 573 τίους.
637 506 1028 578 Προεφητεύθη
1078 505 1147 560 τά
1182 505 1310 575 περὶ
1351 505 1460 558 τῶν
1518 505 1884 578 ἀλιευομένων
1914 511 2000 562 καὶ

2116 520 2235 566 cata
2267 528 2388 569 sua.
2420 512 2669 571 Posthtec
2691 516 2758 572 de
2794 519 3083 575 vocatione
3124 520 3367 591 gentium
3404 525 3700 594 propheta-

416 597 846 669 ἁποληψομένων
872 596 1089 669 πρῶτον
1135 596 1330 661 διπλᾶς
1358 597 1458 659 τὰς
1489 597 1765 669 ἁμαρτίας
1799 596 2000 652 αὐτῶν.

415 689 569 744 Μετά
599 687 773 743 ταῦτα
802 688 1201 760 προφητεύεται
1245 690 1279 761 ἡ
1308 687 1501 759 κλῆσις
1542 688 1651 742 τῶν
1678 688 1850 743 ἑθνῶν
1902 706 2003 743 σα-

417 780 700 854 φέστερον,
732 782 854 853 οὐχὶ
907 780 1280 852 καλουμένων,
1316 778 1454 835 ἀλλά
1497 779 1872 850 κεκλημένων,
1910 781 2003 835 καὶ

416 879 535 948 οὐχὶ
557 878 778 934 εἰδότων
802 876 854 929 τί
880 877 1403 949 ἑξομολογήσωνται,
1450 874 1543 930 καὶ
1592 875 1644 929 τί
1677 876 2004 949 εὐχαριστή-

2110 612 2224 657 ιυηι
2260 614 2364 670 est,
2399 623 2507 660 non
2534 622 2725 662 eorum
2756 609 2849 679 qui
2877 610 3107 667 necdum
3137 624 3514 684 cognoverunt
3535 615 3699 673 Chri-

2109 703 2278 760 stum,
2307 698 2404 752 sed
2437 701 2531 769 qui
2576 700 2690 770 jam
2752 704 2930 757 vocati
2974 713 3125 769 sunt,
3177 714 3238 759 ut
3293 705 3471 762 sciant
3504 706 3699 766 laudes

2108 785 2312 842 referre
2336 804 2434 859 pro
2462 794 2632 862 gratia
2666 802 2759 850 :et
2789 793 2844 848 in
2880 793 3121 851 Ecclesia
3171 796 3536 854 consistentes
3562 815 3697 855 con—

2110 878 2386 948 ﬁteantur,
2407 891 2462 936 et
2493 883 2724 940 adorent
2755 900 2952 940 nomen
2979 887 3119 956 ejus.

418 989 605 1038 σωσιν,
630 970 746 1026 ἀλλ’
789 972 892 1044 ῆδη
927 969 1346 1043 μεμαθηκότων.
1409 970 1498 1024 Ἐν
1527 967 1639 1042 γὰρ
1687 972 1800 1034 τοῖς
1858 970 2147 1043 προτέροις
2199 975 2565 1048 μανθάνομεν,
2627 979 2710 1034 ὅτι
2760 980 3093 1054 ἐκλήθησαν,
3164 982 3517 1057 ήλιεύθησαν,
3573 986 3697 1058 ἔθη-

418 1068 713 1142 ρεύθησαν,
746 1067 1026 1121 πείσονται
1057 1067 1116 1121 δὲ
1175 1067 1233 1120 ὲν
1267 1067 1380 1129 τοῖς
1411 1065 1706 1138 δευτέροις.
1774 1063 2004 1136 Ἴδωμεν
2042 1066 2093 1119 τί
2124 1071 2460 1141 προφητεύει
2484 1073 2614 1145 περὶ
2645 1073 2826 1146 ἡμῶν,
2860 1075 2962 1147 ῆδη
3003 1076 3383 1148 μανθανόντων
3419 1078 3697 1151 εὔχεσθαι,

419 1163 622 1237 μᾶλλον
650 1163 708 1216 δὲ
732 1162 1153 1236 μεμαθηκότων.

485 1258 698 1326 Κύριε,
748 1257 831 1312 σὺ
882 1258 1065 1328 ἰσχύς
1105 1275 1246 1328 μου,
1291 1258 1390 1312 καὶ
1426 1255 1681 1325 βοήθειὰ
1715 1273 1856 1326 μου,
1904 1257 2003 1310 καὶ

417 1347 729 1420 καταφυγή
774 1367 906 1418 μου.
945 1350 1017 1404 ἐν
1062 1351 1254 1420 ἡμέρᾳ
1289 1348 1521 1405 κακῶν-ο
1566 1348 1716 1418 πρὸς
1747 1346 1824 1402 σὲ
1858 1348 2003 1415 ἔθνη

423 1440 680 1507 ἥξουσιν
710 1441 827 1496 ἀπὸ
862 1440 1127 1510 ἐσχάτου
1164 1440 1275 1511 τῆς
1306 1440 1441 1512 τῆς,
1478 1440 1579 1495 καὶ
1620 1440 1888 1509 ἐροῦσιν,
1924 1439 2005 1505 ὡς

427 1529 632 1599 Ψευδῆ
655 1529 993 1597 ἐκτήσαντο
1022 1534 1078 1585 oi
1107 1530 1363 1600 πατέρες
1403 1529 1574 1601 ἡμῶν
1600 1529 1821 1585 εἴδωλα
1838 1570 1854 1595 ,
1891 1532 2003 1584 οὐκ

421 1622 594 1676 ἔστιν
618 1621 690 1676 έν
728 1618 934 1689 αὐτοῖς
971 1622 1276 1692 ὠφέλημα.
1324 1621 1446 1676 Ἀπ’
1493 1621 1724 1694 ἐσχάτου
1765 1622 1864 1693 τῆς
1896 1622 2003 1692 γῆς

420 1710 550 1785 ἦλθε
594 1714 664 1769 τά
703 1713 831 1786 ἔθνη
877 1715 1016 1788 πρὸς
1050 1715 1139 1769 τὸν
1183 1715 1338 1777 Θεὸν,
1382 1715 1477 1769 καὶ
1519 1714 1709 1788 εἴρηκε
1742 1713 1811 1768 τά
1850 1712 1999 1785 ἔθνη-

429 1806 632 1874 Ψευδῆ
669 1806 1006 1874 ἐκτήσαντο
1045 1811 1098 1863 οἱ
1129 1807 1382 1877 πατέρες
1427 1806 1597 1877 ἡμῶν
1625 1806 1870 1871 εἴδωλα,
1904 1806 2002 1862 καὶ

2180 1255 2235 1311 8.
2276 1255 2523 1322 Domine,
2551 1256 2811 1327 fortitudo
2835 1274 2975 1325 mea,
2998 1269 3048 1314 et
3085 1260 3436 1331 adjutorium,
3467 1271 3517 1317 et
3551 1263 3698 1328 refu-

2110 1349 2255 1419 gium
2286 1364 2462 1403 meum
2496 1350 2553 1403 in
2582 1350 2668 1404 die
2698 1350 2986 1417 malorum,
3015 1352 3083 1405 ad
3114 1361 3163 1405 te
3194 1361 3370 1420 gentes
3398 1355 3600 1407 venient
3630 1353 3697 1407 ab

2106 1450 2337 1495 extremo
2367 1450 2539 1506 terrai,
2567 1449 2619 1494 et
2645 1441 2844 1508 dicent,
2872 1444 3121 1513 quoniam
3156 1441 3327 1498 Falsa
3355 1444 3698 1513 possederunt

2105 1542 2282 1601 patres
2320 1540 2489 1586 nostri
2527 1534 2843 1598 simulacra,
2891 1551 2982 1589 nec
3020 1543 3098 1589 est
3139 1535 3196 1588 in
3238 1535 3348 1588 illis
3390 1537 3602 1590 utilitas
3627 1535 3694 1587 “.

2108 1623 2397 1690 Quomodo
2427 1625 2498 1679 ab
2525 1632 2775 1679 extremo
2803 1634 2964 1682 terra:
2990 1635 3259 1682 venerunt
3283 1637 3474 1697 gentes
3496 1627 3564 1683 ad
3586 1626 3700 1681 Do-

2108 1716 2345 1780 minum,
2389 1724 2446 1771 et
2491 1715 2796 1771 dixerunt:
2835 1717 3102 1783 Quoniam
3158 1718 3301 1788 falsa
3356 1724 3700 1789 possederunt

2112 1817 2286 1874 patres
2308 1808 2478 1862 nostri
2499 1806 2811 1873 simulacra,
2838 1825 2930 1863 nec
2949 1820 3029 1864 est
3056 1810 3111 1863 in
3140 1810 3250 1864 illis
3279 1810 3531 1867 utilitas?
3559 1810 3696 1877 Qui-

420 1899 531 1953 οὐκ
560 1897 734 1952 ἔστιν
764 1899 835 1952 ἐν
879 1898 1085 1965 αὐτοῖς
1120 1876 1426 1969 ὠφέλημα.
1468 1876 1596 1962 Πῶς
1635 1896 1743 1951 ἀπὸ
1775 1897 2000 1967 ἐσχάτου

2112 1913 2235 1951 nam
2265 1896 2351 1951 isti
2399 1897 2492 1967 qui
2526 1897 2751 1952 veniunt
2802 1898 2874 1953 ab
2919 1899 3218 1955 extremis?
3244 1901 3386 1955 Sunt
3412 1901 3505 1956 alii
3537 1902 3699 1970 primi

420 1990 519 2062 τῆς
551 1990 689 2062 γῆς;
726 1990 847 2044 Εἰσί
877 2008 1023 2055 τινες
1050 1991 1150 2062 τῆς
1181 1991 1287 2062 γῆς
1329 1988 1567 2064 πρῶτοι,
1602 1990 1696 2044 καὶ
1723 1990 1829 2043 είσί
1860 2004 2006 2053 τινες

420 2085 517 2155 τῆς
546 2083 650 2155 γῆς
691 2084 941 2156 ἔσχατοις
973 2084 1131 2149 Τίνες
1170 2083 1410 2156 πρῶτοι;
1453 2083 1518 2137 0i
1565 2081 1721 2152 σοφοὶ
1761 2079 1857 2135 τοῦ
1908 2081 2004 2135 κό-

428 2194 578 2247 σμου,
606 2178 655 2231 οἱ
688 2178 953 2246 εὐγενεῖς,
977 2177 1025 2230 oi
1060 2176 1327 2241 πλούσιοι,
1356 2176 1406 2229 οἱ
1435 2173 1818 2247 ἀξιωματικοί.
1848 2175 2005 2240 Τίνες

421 2273 466 2323 oi
503 2269 757 2342 ἑσχατοις
795 2268 878 2323 Τά
911 2268 1074 2342 μωρά
1100 2269 1196 2323 τοῦ
1240 2269 1449 2340 κόσμου
1483 2267 1764 2333 ἐξελέξατο
1790 2269 1820 2322 ό
1846 2266 2001 2333 θεὸς,

418 2360 484 2415 τὰ
515 2362 707 2434 ἀγενῆ,
743 2361 812 2415 τὰ
842 2361 1272 2435 ἐξουθενημένα,
1315 2361 1385 2415 τά
1420 2360 1494 2433 μὴ
1526 2360 1673 2414 δντα.
1712 2360 2002 2425 Ἦξουσιν

416 2447 530 2505 οὖν
553 2451 697 2519 ἔθνη
726 2451 828 2505 ἀπ’
853 2450 1120 2521 ἐσχάτου
1151 2450 1262 2521 τῆς
1295 2448 1440 2521 γῆς’
1469 2450 1604 2503 ὡσεὶ
1635 2449 1855 2519 ἔλεγεν,
1892 2449 2002 2504 ἀπὸ

416 2542 741 2597 τελευταίων
788 2541 897 2596 τῶν
946 2543 1042 2597 ὲπῖ
1084 2543 1187 2615 γῆς
1231 2541 1564 2614 ἀνθρώπων,
1614 2540 1725 2596 άπὸ
1778 2540 1997 2615 μωρῶν,

418 2634 528 2687 ἀπὸ
555 2633 788 2703 ἀγενῶν,
829 2633 938 2688 ἀπὸ
974 2634 1444 2707 ἑξουθενημένων.
1466 2633 1575 2689 Kal
1621 2632 1889 2701 ἐροῦσιν,
1918 2634 2000 2700 ὠς

425 2723 627 2792 Ψευδῆ
674 2722 1015 2791 ἐκτήσαντο
1046 2728 1100 2778 οὶ
1139 2724 1391 2793 πατέρες
1429 2721 1600 2794 ἡμῶν
1625 2723 1865 2790 εἴδωλα,
1899 2722 2000 2780 καὶ

416 2818 529 2871 οὐκ
558 2814 732 2869 ἔστιν
765 2816 836 2869 ὲν
872 2815 1077 2882 αὐτοῖς
1102 2816 1406 2887 ὠφέλημα·
1451 2817 1551 2888 οὐχ
1604 2818 1686 2871 ὅτι
1730 2817 1847 2871 ἑστι
1877 2833 2000 2872 τινα

419 2905 617 2961 εἴδωλα
655 2904 865 2978 ἀληθῆ,
925 2900 1002 2960 ὧν
1048 2907 1183 2978 πρὸς
1223 2907 1627 2981 ἀντιδιαστολὴν
1665 2907 1880 2979 λέγεται
1930 2907 2000 2962 τά

2113 1998 2301 2056 terra);
2358 1997 2488 2043 sunt
2536 1989 2628 2045 alii
2684 1988 2990 2046 novissimi.
3025 1991 3129 2057 Qui
3183 2000 3310 2047 sunt
3358 1991 3560 2063 primi?
3599 1991 3702 2047 Sa-

2110 2077 2322 2149 pientes
2342 2079 2551 2145 szeculi,
2577 2080 2814 2146 nobiles,
2850 2081 3072 2148 divites,
3100 2085 3414 2154 optimates.
3441 2084 3546 2150 Qui
3570 2094 3701 2140 sunt

2110 2168 2375 2225 extremi?
2414 2171 2483 2203 ⁸⁸⁵
2517 2168 2697 2226 Stulta
2728 2173 2914 2227 muna’i
2942 2173 3098 2244 elegit
3127 2173 3290 2237 Deus.
3314 2182 3374 2228 ut
3406 2174 3700 2246 confundat

2111 2263 2296 2333 fortia,
2332 2275 2381 2317 et
2411 2280 2474 2318 ea
2511 2281 2630 2336 quas
2654 2281 2758 2319 non
2811 2277 2986 2331 erant,
3021 2279 3080 2323 ut
3112 2267 3353 2322 destruat
3391 2283 3509 2339 quat
3549 2277 3695 2323 sunt.

2116 2353 2329 2411 Veniettt
2372 2364 2546 2426 gentes
2575 2355 2641 2411 ab
2685 2369 2918 2413 extremo
2949 2367 3136 2425 teme;
3160 2360 3318 2431 quasi
3353 2361 3553 2417 dixerit
3587 2378 3602 2415 :
3629 2359 3698 2415 de

2108 2446 2196 2503 his
2237 2450 2497 2504 omnibus
2538 2449 2634 2518 qui
2675 2459 2804 2505 sunt
2849 2452 3137 2506 novissimi
3181 2466 3346 2520 super
3382 2454 3699 2517 terram,de

2107 2536 2294 2605 fatuis,
2338 2539 2407 2593 de
2435 2539 2788 2609 ignobilibus,
2836 2541 2904 2596 de
2943 2541 3191 2610 abiectis.
3233 2541 3301 2596 Et
3332 2543 3529 2610 dicent,
3561 2559 3699 2614 quo-

2106 2630 2255 2683 niam
2289 2627 2460 2694 Falsa
2486 2630 2829 2699 possederunt
2870 2641 3048 2701 patres
3079 2634 3247 2687 nostri
3279 2634 3701 2701 simulacrum“:

2105 2726 2261 2777 estin
2285 2722 2400 2777 illis
2428 2723 2676 2787 utilitas;
2705 2739 2812 2778 non
2830 2724 2961 2793 quia
2983 2737 3108 2778 vera
3136 2725 3248 2780 sint
3278 2725 3445 2792 idola,
3470 2728 3536 2781 ad
3561 2742 3698 2797 quo-

2108 2825 2233 2865 rum
2272 2810 2680 2867 distinctionem
2728 2827 2877 2865 nunc
2918 2810 3059 2867 falsa
3102 2813 3377 2880 dicantur,
3424 2816 3518 2870 sed
3552 2815 3696 2870 idola

2106 2919 2229 2976 quae
2249 2903 2384 2959 falsa
2414 2913 2543 2959 sunt
2571 2919 2664 2974 per
2695 2911 2975 2968 naturam,
3001 2904 3149 2960 nulla
3170 2917 3256 2961 est
3276 2905 3335 2960 iu
3356 2905 3438 2961 eis
3460 2906 3692 2963 utilitas.

416 2998 615 3070 ψευδῆ,
666 2997 803 3053 ἀλλά
846 2996 1042 3052 εῖδωλά
1078 3017 1200 3054 τινα
1238 3003 1304 3072 τῇ
1333 3001 1491 3069 φύσει
1528 3002 1646 3055 ἑστὶ
1674 3000 1866 3073 ψευδῆ,
1901 3001 1996 3055 καὶ
2020 3000 2120 3053 οὐκ
2153 2997 2301 3050 ἑστιν
2332 2997 2390 3049 ἐν
2415 2994 2601 3060 αὐτοῖς
2627 2994 2921 3068 ὠφέλημα.

497 3096 565 3149 Et
609 3093 847 3162 ποιήσει
886 3092 1079 3160 ἐαυτῷ
1131 3092 1439 3163 ἄνθρωπος
1474 3095 1668 3161 θεούς.
1714 3095 1788 3148 Οὐ
1840 3094 1998 3166 μόνον

417 3187 526 3243 ἀπὸ
587 3185 696 3240 τῶν
754 3185 1086 3257 ἀγαλμάτων
1148 3184 1393 3240 ποιοῦσιν
1462 3187 1674 3250 ἑαυτοῖς
1722 3184 1997 3256 ἄνθρωποι

417 3278 605 3343 θεοὺς,
652 3276 768 3331 ἀλλ’
811 3278 1063 3350 εὑρήσεις
1108 3278 1203 3331 καὶ
1254 3277 1363 3331 ἀπὸ
1412 3276 1521 3331 τῶν
1558 3277 2001 3348 ἀναπλασμάτων

419 3369 708 3434 ποιοῦντας
739 3368 1059 3442 ἀνθρώπους
1082 3370 1296 3433 ἑαυτοῖς
1318 3367 1495 3433 θεούςο
1527 3369 1642 3423 ὅσοι
1669 3368 1778 3441 γάρ
1809 3369 1999 3424 δύναν-

415 3476 502 3512 ται
536 3458 842 3513 ἀναπλάσαι
874 3456 1009 3513 Θεὸν
1038 3457 1247 3530 ἓτερον,
1283 3456 1380 3511 καὶ
1428 3455 1786 3528 κοσμοποιίαν
1831 3453 2000 3527 ἀλλην

419 3551 570 3623 παρά
596 3549 694 3622 τὴν
725 3551 831 3605 ὑπὸ
863 3550 955 3605 τοῦ
996 3549 1316 3622 Πνεύματος
1356 3545 1877 3619 ἀναγεγραμμένην,
1909 3544 2002 3600 καὶ

418 3641 581 3714 ἀλλην
625 3643 937 3715 οἰκονομίαν
980 3643 1190 3713 κόσμου
1239 3639 1390 3711 παρά
1437 3639 1536 3713 τὴν
1590 3638 1799 3711 ἀληθῆ,
1852 3632 1999 3692 οὗτοι

421 3738 621 3800 πάντες
666 3737 930 3809 ἐποίησαν
967 3736 1177 3798 ἑαυτοῖς
1214 3733 1392 3796 θεοὺς,
1435 3733 1532 3787 καὶ
1585 3729 2000 3804 προσεκύνησαν

416 3828 525 3891 τοῖς
560 3825 743 3897 ἔργοις
772 3825 883 3879 τῶν
925 3823 1145 3895 χειρῶν.
1192 3818 1317 3878 Οἶον
1337 3864 1352 3890 ,
1406 3822 1599 3895 νόησόν
1652 3839 1742 3894 μοι
1786 3819 1897 3875 εἴτε
1942 3822 1999 3873 ἑν

417 3917 644 3989 Ἕλλησι
672 3917 795 3978 τοὺς
817 3916 1182 3986 γεννήσαντας
1198 3913 1463 3985 δόγματα,
1486 3913 1608 3987 φέρ’
1623 3914 1820 3979 εἰπεῖν,
1838 3911 1999 3984 τῆσδε

414 4008 514 4080 τῆς
549 4005 867 4077 φιλοσοφίας
897 4004 931 4076 ἢ
958 4004 1147 4075 τῆσδε,
1177 4002 1288 4057 εἴτε
1319 4005 1378 4058 ἑν
1423 4006 1542 4068 ταῖς
1581 4002 1825 4076 αἱρέσεσι
1872 4002 1999 4067 τοὺς

414 4102 782 4173 γεννήσαντας
814 4095 1063 4171 πρώτους
1092 4095 1362 4166 δόγματα,
1396 4089 1543 4150 οὗτοι
1580 4096 1842 4167 ἐποίησαν
1874 4098 2000 4151 ἑαυ-

420 4194 528 4256 τοῖς
551 4190 746 4246 εἴδωλα
778 4191 873 4244 καὶ
903 4188 1303 4260 ἀναπλάσματα
1338 4188 1437 4259 τῆς
1467 4186 1678 4261 ψυχῆς,
1707 4187 1803 4243 καὶ
1835 4206 1998 4261 στρα-

415 4285 606 4357 φέντες
644 4281 1057 4357 προσεκύνησαν
1078 4282 1190 4344 τοῖς
1221 4279 1406 4352 ἔργοις
1436 4280 1545 4334 τῶν
1572 4281 1772 4352 χειρῶν
1794 4280 1994 4345 αὐτῶν,

416 4377 805 4447 ἀποδεξάμενοι
857 4375 933 4438 ὡς
978 4373 1237 4445 ἀλήθειαν
1285 4372 1355 4426 τά
1414 4372 1521 4427 ῖδια
1571 4373 1991 4445 ἀναπλάσματα.
2046 4379 2052 4385 ’

415 4471 627 4534 Πάντας
658 4463 751 4522 οὖν
778 4468 907 4532 τοὺς
940 4465 1214 4538 αἰσθητῶς
1244 4464 1340 4519 καὶ
1379 4466 1507 4530 τοὺς
1541 4465 1748 4539 νοητῶς
1780 4465 1996 4519 ποιοῦν-

2178 3092 2232 3148 9.
2276 3090 2337 3147 Si
2361 3091 2523 3162 faciet
2551 3089 2653 3145 sibi
2682 3090 2837 3145 homo
2863 3091 3011 3154 deos.
3041 3101 3090 3146 et
3117 3093 3212 3148 isti
3238 3108 3341 3148 non
3369 3101 3494 3148 sunt
3514 3092 3597 3147 dii
3615 3091 3689 3125 δ”

2103 3184 2225 3242 Non
2258 3185 2434 3242 solum
2469 3182 2536 3239 de
2565 3182 2846 3253 corporeis
2878 3183 3190 3241 simulacris
3215 3184 3427 3242 faciunt
3456 3186 3561 3241 sibi
3590 3185 3693 3239 lto-

2113 3277 2290 3332 mines
2314 3274 2468 3334 deos.
2506 3273 2602 3328 sed
2645 3281 2703 3327 et
2736 3272 2806 3328 de
2845 3274 3011 3328 corde
3042 3274 3361 3346 conﬁngunt
3391 3292 3408 3330 :
3433 3275 3528 3345 qui
3548 3278 3695 3333 enim

2102 3374 2337 3438 possunt
2359 3363 2620 3421 simulare
2646 3363 2815 3419 alium
2842 3374 3147 3420 creatorem
3177 3374 3329 3422 extra
3362 3368 3698 3423 universita-

2102 3459 2176 3514 tis
2205 3444 2371 3527 23‘.
2410 3453 2603 3520 Deum,
2651 3454 2819 3510 alium
2876 3453 3140 3526 Spiritum
3195 3468 3471 3525 sanctum,
3523 3461 3692 3517 alium

2100 3549 2410 3611 Christum,
2434 3548 2543 3601 alia
2577 3546 2789 3601 saecula
2819 3554 2974 3602 extra
3008 3547 3124 3603 haec
3154 3563 3279 3618 quae
3310 3551 3614 3618 cernimus,
3651 3551 3690 3608 ii

2100 3657 2296 3698 omnes
2318 3641 2565 3696 fecerunt
2592 3640 2697 3696 sibi
2725 3640 2880 3702 deos,
2906 3648 2961 3694 et
2981 3639 3355 3695 adoraveruut
3383 3656 3548 3712 opera
3576 3658 3697 3697 ma-

2102 3748 2271 3789 nuum
2299 3746 2546 3787 suarum.
2573 3730 2776 3789 Omnes
2801 3728 3112 3798 philosophi
3136 3729 3231 3797 qui
3262 3730 3413 3786 varia
3435 3730 3690 3802 dogmata

2102 3825 2487 3898 prodiderunt,
2523 3835 2715 3877 omnes
2745 3818 2986 3874 haeretici
3018 3819 3110 3888 qui
3158 3828 3408 3876 auctores
3434 3820 3501 3876 ad
3532 3822 3694 3878 aliter

2101 3918 2434 3976 credendum
2470 3914 2539 3970 de
2574 3913 2686 3969 Deo
2722 3911 2945 3968 miseris
2980 3911 3691 3999 mortalibus-exstiterunt,

2102 4012 2350 4066 fecerunt
2382 4009 2486 4065 sibi
2519 4007 2684 4074 idola,
2706 4015 2762 4062 et
2794 4005 2964 4060 animi
2991 4005 3322 4075 voluptatem
3355 4015 3686 4077 putaverunt

2103 4101 2298 4166 Deum,
2327 4108 2381 4155 et
2418 4098 2670 4155 conversi
2698 4098 3069 4152 adoraverunt
3094 4108 3234 4164 Opus
3261 4109 3527 4151 manuum
3556 4113 3687 4154 sua-

2098 4210 2246 4258 rum,
2283 4202 2538 4264 putantes
2570 4205 2698 4245 vera
2722 4202 2848 4244 esse
2867 4202 2992 4257 quae
3016 4187 3306 4243 tinxerant.
3343 4186 3551 4246 Omnes
3580 4190 3685 4263 igi-

2099 4293 2188 4339 tur
2211 4295 2318 4339 tam
2346 4284 2414 4339 de
2447 4281 2647 4337 visibili
2677 4277 2927 4341 materia,
2953 4291 3119 4346 quam
3151 4277 3218 4331 de
3245 4275 3399 4334 falsis
3418 4280 3689 4349 dogmati-

2096 4375 2201 4431 bus
2224 4374 2490 4445 tingentes
2510 4370 2614 4425 sibi
2639 4371 2793 4434 deos,
2818 4367 3046 4436 corripit
3063 4381 3210 4421 nunc
3239 4382 3421 4423 sermo
3446 4368 3685 4438 divinus.

2097 4467 2285 4522 dicens
2302 4465 2347 4497 ⁸⁸
2365 4482 2381 4520 t
2401 4463 2459 4519 Si
2477 4463 2634 4531 faciet
2654 4461 2757 4515 sibi
2775 4461 2927 4513 homo
2943 4458 3088 4525 deos,
3106 4471 3155 4512 et
3170 4459 3264 4513 isti
3295 4476 3399 4514 non
3426 4473 3550 4517 sunt
3571 4463 3687 4531 dii;

413 4579 511 4625 τας
545 4562 754 4623 ἑαυτοῖς
783 4557 937 4621 θεοὺς
967 4557 1256 4628 διελέγχων
1285 4557 1313 4609 ό
1337 4554 1496 4625 λόγος
1521 4557 1704 4656 φησίν·
1726 4559 1798 4611 El
1822 4555 1995 4623 ποιή-

2102 4568 2367 4630 propterea
2380 4556 2524 4611 mani
2529 4555 2730 4625 festabo
2740 4552 2850 4606 illis
2861 4551 2917 4605 in
2930 4560 3160 4621 tempore
3169 4551 3274 4606 ista
3287 4568 3417 4623 opus
3434 4570 3688 4610 manuum

413 4668 509 4705 σει
551 4649 745 4716 ἑαυτῷ
790 4647 1098 4717 ἄνθρωπος
1150 4645 1346 4713 θεοὺς,
1381 4644 1482 4702 καὶ
1516 4642 1683 4703 οὗτοι
1726 4648 1838 4702 οὐκ
1873 4646 1994 4701 εισι

2102 4666 2362 4709 mearum,
2381 4646 2659 4702 ostendant
2690 4643 2801 4698 illis
2836 4642 3082 4697 uirtutem
3096 4658 3267 4697 meam
3285 4657 3305 4707 ;
3338 4644 3393 4698 in
3420 4659 3530 4714 quo
3560 4655 3690 4701 tem.

413 4745 554 4798 θεοίο
590 4743 687 4798 διὰ
711 4741 885 4796 τοῦτο
906 4740 1021 4812 ἐγὼ
1043 4738 1295 4809 δηλώσω
1319 4739 1522 4806 αὺτοῖς
1545 4739 1659 4809 τὴν
1682 4740 1854 4811 χεῖρά
1873 4759 1993 4812 μου

411 4840 482 4891 ἐτ’
518 4835 595 4903 τῷ
632 4833 815 4904 καιρῷ
852 4834 1070 4899 τούτῳ,
1101 4833 1200 4887 καὶ
1261 4830 1485 4904 γνωριῶ
1522 4833 1725 4901 αὐτοῖς
1750 4835 1848 4888 καί
1886 4833 2002 4903 τὴν

2105 4755 2258 4812 pore,
2297 4739 2406 4794 nisi
2453 4737 2507 4791 in
2550 4737 2676 4799 isto,
2711 4750 2823 4804 quo
2866 4731 3119 4787 Salvator
3157 4741 3341 4788 noster
3386 4735 3687 4805 assumpsit

2107 4847 2305 4903 corpus
2333 4827 2668 4884 humanum?
2697 4824 2768 4879 Et
2799 4826 2964 4879 scient
2985 4825 3114 4894 quia
3132 4840 3227 4895 ego
3253 4840 3371 4880 sum
3404 4824 3680 4881 Dominus.

411 4932 672 5001 δύναμίν
702 4945 841 5000 μου·
888 4927 1024 4996 ποίῳ
1053 4925 1263 4998 καιρῷ,
1308 4926 1342 4998 ἢ
1382 4927 1590 4997 eodem;
1638 4927 1895 4982 δεικνύων
1926 4928 1982 4983 δὲ
2019 4928 2112 4983 τὸν
2139 4925 2329 4995 καιρὸν
2351 4923 2449 4994 τῆς
2477 4919 2779 4993 παρουσίας
2808 4915 2902 4971 τοῦ
2939 4914 3138 4988 Κυρίου
3157 4932 3172 4948 ο
3203 4915 3313 4970 Kal
3327 4916 3681 4987 γνώσονται,

416 5025 597 5096 φησιν,
628 5023 719 5078 ὅτι
742 5019 930 5091 ὄνομά
945 5037 1046 5091 μοι
1078 5021 1313 5089 Κύριος.

488 5114 622 5171 Εἶτα
640 5116 775 5187 ἄλλη
802 5114 921 5168 ἐστὶ
952 5113 1282 5187 προφητεία,
1305 5112 1372 5184 ἢν
1406 5111 1507 5165 οὐκ
1534 5105 1630 5163 οἷδ’
1663 5110 1813 5173 ὅπως
1835 5109 1986 5183 παρὰ

410 5214 524 5275 τοῖς
536 5209 939 5281 Ἐὁδομήκοντα
951 5208 1050 5279 οὐχ
1061 5205 1316 5279 εὕρομεν,
1336 5202 1569 5277 εὕρομεν
1584 5202 1645 5256 δὲ
1663 5204 1721 5256 ὲν
1742 5205 1862 5267 ταῖς
1885 5203 1990 5257 λοι-

410 5308 541 5368 παῖς
566 5300 829 5363 ὲκδόσεσι,
846 5297 1090 5371 δηλονότι
1116 5296 1374 5368 κειμένην
1400 5296 1459 5348 ἑν
1481 5293 1561 5367 τῷ
1574 5292 1869 5366 Ἐσραῖκῷ,
1893 5292 1989 5347 καὶ

413 5396 768 5468 πεπλήρωται
794 5389 1132 5464 πραγμάτων
1158 5385 1624 5457 ἀναγκαιοτάτων,
1651 5385 1987 5456 δυναμένων,

414 5490 509 5544 ἑάν
546 5485 918 5560 προσέχωμεν,
946 5479 1271 5553 ἐπιστρέψαι
1304 5477 1400 5549 τὴν
1425 5476 1601 5547 ψυχὴν
1631 5475 1810 5548 ἡμῶν.
1835 5475 1991 5529 Οὕτω

413 5581 467 5633 δὲ
500 5578 610 5647 ἔχει
644 5576 713 5629 τὰ
743 5574 977 5646 ῥήματα·
1019 5569 1293 5641 Ἀμαρτια
1340 5565 1530 5621 Ἰούδα
1560 5564 1879 5639 γέγραπται
1922 5566 1993 5619 ἐν

2169 5106 2258 5161 10.
2299 5103 2506 5160 Deinde
2532 5100 2639 5156 alia
2668 5099 2918 5171 sequitur
2951 5099 3233 5170 prophetia
3265 5102 3455 5171 (quam
3492 5101 3682 5155 nescio

2093 5211 2266 5268 quare
2294 5192 2439 5264 apud
2474 5189 2829 5262 Septuaginta
2857 5204 2968 5245 non
2992 5190 3353 5255 invenientes,
3385 5191 3440 5246 in
3468 5192 3680 5246 caeteris

2024 5290 2029 5291 ⁷
2094 5286 2454 5351 editionihus,
2476 5299 2600 5354 qua:
2625 5298 2750 5337 cum
2775 5280 3005 5336 Hebraeo
3027 5283 3380 5337 consentiunt
3402 5296 3675 5347 sermone,

2095 5374 2462 5450 reperimus),
2485 5389 2607 5445 quae
2629 5373 2786 5443 plena
2811 5379 2896 5427 est
2925 5371 3250 5426 necessariis
3277 5371 3456 5436 rebus,
3489 5380 3543 5425 et
3565 5380 3675 5425 tam

2099 5472 2348 5537 utilibus,
2380 5479 2440 5525 ut
2469 5467 2662 5538 possit,
2687 5466 2733 5520 si
2760 5464 2976 5519 animus
2996 5460 3161 5518 fuerit
3186 5471 3444 5523 attentus.
3473 5478 3502 5516 a
3531 5464 3674 5520 vitiis

2097 5578 2356 5618 revocare
2378 5561 2658 5615 lectorem.
2687 5555 2781 5611 Sic
2807 5564 2989 5609 autem
3021 5554 3265 5621 sequitur
3285 5552 3363 5606 δέ
3393 5552 3673 5609 Peccatum

494 5733 539 5768 “
563 5733 761 5789 ,ιρι-ειη.
791 5749 899 5797 xw,
935 5742 1018 5789 19.
1095 5723 1207 5788 “'t
1233 5739 1357 5790 Cor.
1394 5750 1430 5799 ι,
1454 5733 1544 5788 ‘27.
1620 5731 1663 5764 ⁸⁷
1691 5731 1843 5797 ibid,
1871 5732 1960 5785 ~20.

2110 5730 2311 5786 ,ιρι-ειη.
2346 5745 2453 5795 3m,
2484 5727 2572 5793 20,
2599 5725 2685 5777 ‘Zl.
2767 5717 2814 5749 θ’
2834 5719 3034 5774 let-cm.
3070 5733 3203 5777 xm.
3233 5725 3281 5774 ι.
