4122 6436
357 346 458 402 457

437 486 534 538 Ἐν
568 486 768 554 ἡμίσει
800 483 868 539 δὲ
897 483 1130 553 ἡμερῶσ-
1167 483 1352 535 aurci}
1393 482 1932 551 ἑγκαταλείψουσιν
1961 471 2006 524 Α

353 577 557 633 αὐτόν.
598 578 784 647 Ἡμεῖς
822 577 1051 638 πάντες,
1089 575 1137 627 οί
1180 573 1463 644 γενόμενοί
1516 589 1644 625 ποτε
1692 573 1797 624 ὑπὸ
1840 571 1931 624 τὸν

351 669 591 738 πέρδικα
622 667 712 721 τὸν
742 668 1091 738 φωνήσαντα⁶
1138 662 1387 733 ὲφώνησε
1412 661 1520 733 γὰρ
1565 662 1626 715 οὐ
1661 661 1819 732 μόνον
1845 660 1932 712 διὰ

351 756 461 809 τῶν
496 757 932 827 προειρημένων,
958 753 1092 807 ἀλλὰ
1118 753 1210 806 καὶ
1227 751 1318 805 διὰ
1351 752 1566 805 πάντων
1599 747 1933 815 ἁπαξαπλῶς

353 848 461 901 τῶν
492 838 847 912 ἀπατώντων,
881 848 974 900 καὶ
1004 846 1080 909 ὡς
1111 845 1201 898 ἐπὶ
1227 843 1509 897 εὐσέϐειαν
1541 843 1638 914 τὴν
1668 843 1933 912 ἀθεότητα

353 938 812 1010 προκαλουμένων
865 938 958 990 ἐπὶ
1003 937 1250 1006 δόγματα
1293 936 1510 990 ἐναντία
1561 937 1626 1006 τῇ
1680 935 1932 1006 ἀληθείᾳ.

363 1027 502 1080 Ἀλλ’
557 1029 618 1080 ὲν
667 1027 856 1098 ἡμίσει
907 1026 1131 1097 ἡμερῶν
1182 1025 1348 1078 αὑτοῦ
1397 1024 1934 1096 ὲγκαταλελοίπαμεν

349 1116 543 1172 αὐτόν·
579 1112 750 1169 πᾶσαι
787 1116 885 1186 μὲν
918 1115 1026 1186 γὰρ
1073 1115 1128 1168 ai
1169 1113 1369 1184 ἡμέραι
1417 1112 1580 1167 αὐτοῦ
1631 1114 1688 1167 αἱ
1731 1113 1932 1184 ἡμέραι

349 1205 455 1257 εἰσὶ
499 1204 590 1257 τοῦ
623 1203 817 1267 αἰῶνος
844 1202 1059 1260 τούτου.
1105 1204 1258 1256 Ἐπεὶ
1299 1203 1357 1255 δὲ
1407 1201 1643 1266 ἐξείλετο
1687 1203 1833 1271 ἡμᾶς
1869 1204 1933 1254 ἐκ

349 1292 443 1346 τοῦ
471 1293 663 1357 αἰῶνος
695 1293 791 1346 τοῦ
833 1293 1127 1356 ἐνεστῶτος
1153 1291 1392 1362 πονηροῦ
1420 1290 1653 1362 Χριστὸς
1689 1291 1896 1362 Ἰησοῦς
1915 1332 1929 1352 ,

346 1385 434 1438 διὰ
466 1385 622 1438 τοῦτο
647 1387 705 1439 ὲν
739 1385 924 1456 ἡμίσει
951 1384 1172 1456 ἡμερῶν
1199 1382 1363 1436 αὑτοῦ
1395 1382 1933 1452 ὲγκαταλελοίπαμεν

347 1476 537 1531 αὑτὸν.
580 1475 690 1530 Καί
711 1475 804 1529 ἐπ’
827 1475 1103 1544 ἐσχάτων
1125 1475 1314 1528 αὐτοῦ
1336 1475 1506 1528 ἔσται
1533 1472 1758 1543 ἄφρων.
1793 1473 1932 1526 Πότε

347 1570 461 1640 γὰρ
505 1567 766 1638 φρόνιμος
810 1564 912 1638 ἦν,
960 1567 1027 1620 ἶν’
1077 1569 1163 1619 ἐπ’
1215 1567 1460 1636 ἐσχάτων
1502 1563 1668 1620 αὐτοῦ
1708 1565 1932 1636 γένηται

348 1660 569 1728 deponi;
618 1655 778 1708 Ἀλλὰ
819 1656 1086 1726 φήσομεν,
1131 1656 1213 1708 ὅτι
1258 1653 1519 1722 φρόνιμος
1561 1647 1630 1722 ἦν
1655 1667 1668 1681 ·
1730 1651 1784 1702 Ὁ
1824 1650 1934 1720 γὰρ

345 1751 483 1818 ὄφις
522 1745 600 1819 ἦν
635 1748 1075 1818 φρονιμώτατος
1120 1746 1364 1800 πάντων
1412 1743 1528 1797 τῶν
1568 1743 1786 1810 θηριων
1815 1740 1934 1795 τῶν

1485 343 1546 395 IN
1585 342 1932 398 .llillEMlAM
1975 340 2255 396 HUMILIA
2310 340 2465 394 λνιι.

3502 345 3607 399 453

2104 461 2156 513 5.
2207 458 2268 512 In
2311 461 2479 512 medio
2511 461 2714 513 dierum
2749 461 2862 529 ejus
2897 460 3254 529 derelinquant
3303 477 3442 515 eum.
3496 461 3607 514 Nos

2039 569 2230 606 omnes
2257 552 2347 621 qui
2376 554 2649 622 quondam
2678 553 2880 607 luiimts
2910 553 3012 606 sub
3034 553 3318 607 clamantis
3347 563 3612 622 potestate

2040 643 2308 712 perilieis;
2341 643 2596 696 clamavit
2639 643 2841 712 quippe
2875 658 2984 695 non
3017 642 3190 696 solum
3224 659 3317 713 pz-r
3343 658 3440 696 eos
3471 658 3611 710 quos

2039 749 2203 802 supra
2252 735 2716 797 memoravimus,
2760 732 2855 786 sed
2905 747 2997 802 per
3025 748 3218 788 omnes
3270 734 3608 802 generaliter.

2038 825 2130 894 qui
2161 823 2318 892 quasi
2356 823 2423 876 ad
2459 824 2711 892 pietatem
2755 832 2810 876 et
2853 824 2919 876 ad
2966 825 3283 892 religionem
3321 834 3609 882 vocantes.
3689 888 3694 892 ,

2040 916 2142 969 sub
2185 914 2460 968 contrario
2494 915 2706 969 veritati
2749 914 3003 986 dogmate
3035 917 3431 970 clamarerunt.
3479 915 3612 980 Nos.
3694 931 3704 954 τ

2040 1007 2263 1076 inquam
2289 1046 2304 1072 ,
2340 1007 2580 1061 universi
2617 1006 2672 1061 in
2713 1007 2942 1062 dimidio
2988 1009 3200 1064 dierum
3247 1009 3366 1078 ejus
3419 1008 3614 1064 dereli-

2039 1100 2261 1168 quimus
2291 1113 2438 1153 eum.
2474 1097 2539 1153 Et
2566 1114 2757 1154 omnes
2788 1101 3008 1170 quidem
3046 1103 3164 1157 dies
3195 1102 3360 1170 hujus
3388 1101 3570 1156 saeculi
3597 1141 3612 1165 ,

2039 1194 2131 1248 sed
2169 1193 2296 1262 quia
2326 1209 2425 1247 nos
2451 1210 2515 1248 ex
2551 1195 2772 1249 instanti
2821 1196 3022 1250 szeculo
3069 1211 3302 1265 nequam
3333 1196 3476 1251 eruit
3519 1195 3618 1248 0.»-

2039 1285 2223 1338 miuus
2251 1283 2444 1348 Jesus,
2479 1285 2685 1340 idcirco
2716 1286 2770 1340 in
2822 1288 3003 1343 medio
3032 1288 3246 1343 dierum
3296 1290 3416 1356 ejits
3461 1288 3616 1341 dere-

2044 1377 2306 1446 liquimus
2360 1393 2506 1432 eum.
2555 1375 2622 1428 Et
2664 1378 3006 1432 novissimum
3052 1379 3165 1448 ejus
3209 1381 3309 1432 erit
3339 1380 3612 1448 iisipiens.

2038 1467 2270 1534 Quando
2323 1479 2504 1532 autem
2557 1469 2776 1538 sapiens
2824 1469 2961 1536 fuit,
3009 1479 3068 1524 ut
3103 1471 3463 1525 novissimum
3497 1471 3618 1537 ejus

2040 1561 2234 1614 merito
2261 1559 2526 1629 insipiens
2569 1562 2702 1616 ﬂat?
2730 1561 2838 1616 Sed
2867 1562 3116 1616 dicamus
3149 1578 3274 1616 eum
3311 1560 3484 1616 fuisse
3524 1578 3615 1615 sa-

2038 1651 2274 1720 pientem
2293 1652 2338 1683 "
2367 1667 2382 1703 :
2414 1651 2638 1722 Serpens
2669 1656 2857 1724 quippe
2885 1654 3176 1722 sapientior
3223 1666 3336 1708 erat
3377 1655 3616 1708 omnibus

2040 1743 2218 1798 bestiis
2253 1760 2411 1813 super
2445 1754 2664 1809 terram,
2708 1760 2844 1814 quas
2880 1743 3002 1812 fecit
3038 1743 3294 1796 Dominus
3331 1744 3488 1798 Deus.
3519 1743 3621 1798 Sa-

344 1839 443 1891 ἐπὶ
481 1837 594 1908 τῆς
618 1878 632 1902 ,
666 1833 756 1891 ὧν
779 1840 1032 1905 ἐποίησε
1053 1838 1268 1905 Κύριος
1291 1837 1324 1888 ό
1358 1834 1522 1898 Θεός.
1551 1833 1818 1903 Φρόνιμος
1839 1827 1929 1903 ἦν,

2041 1835 2191 1904 piens
2222 1832 2325 1887 fuit
2351 1834 2506 1904 juxta
2543 1835 2593 1890 id
2620 1835 2767 1904 quod
2808 1834 3073 1902 scriptum
3107 1843 3193 1888 est
3217 1835 3262 1865 ⁸⁷
3292 1851 3306 1886 :
3339 1834 3616 1887 Adducam

345 1930 488 1983 κατὰ
515 1929 575 1982 τὸ
605 1929 892 2001 εἰρημένον
940 1931 999 1982 ὲν
1048 1928 1126 1998 τῷ
1165 1927 1362 1997 Ἡσαΐᾳ
1385 1943 1398 1954 ·
1437 1922 1664 1987 Ἐπάξω
1696 1923 1807 1994 γὰρ
1831 1923 1930 1977 ἐπὶ

345 2022 454 2074 τὸν
486 2021 638 2074 νοῦν
666 2021 772 2075 τὸν
785 2020 979 2089 μέγαν
1006 2018 1114 2072 τὸν
1139 2017 1403 2087 ἄρχοντα
1429 2015 1544 2068 τῶν
1582 2016 1928 2083 Ἃσσιφίων.

350 2110 496 2166 Eius
522 2112 632 2183 γάρ
650 2129 666 2143 ’
715 2111 795 2181 Τῇ
836 2112 1006 2180 ἰσχύϊ
1033 2109 1267 2176 ποιήσω
1299 2108 1394 2161 καὶ
1433 2105 1506 2174 τῇ
1542 2107 1728 2174 σοφίᾳ
1756 2109 1771 2125 ⁸
1792 2111 1806 2127 ⁸
1834 2111 1846 2126 ⁸
1874 2111 1889 2127 ‘
1916 2112 1934 2126 '

2037 1941 2194 1994 super
2225 1941 2432 1978 sensum
2460 1926 2712 1994 grandem
2743 1926 3032 1995 principem
3058 1927 3416 1995 Assyriorum.
3467 1923 3614 1979 Dixit

2040 2026 2255 2071 autem:
2293 2015 2556 2070 Violentia
2607 2033 2720 2071 mea
2773 2018 3006 2087 faciam,
3054 2027 3104 2072 et
3147 2017 3408 2086 sapientia
3463 2017 3616 2071 inte!-

2042 2107 2207 2161 lectus
2259 2108 2499 2177 auferam
2569 2109 2698 2178 fines
2748 2111 3016 2178 gentium,
3067 2119 3116 2164 ct
3168 2111 3384 2163 virtutes
3437 2123 3616 2163 eorum

354 2208 661 2274 depascam.
709 2215 756 2258 et
803 2203 1131 2259 commovebo
1165 2202 1403 2256 civitates
1439 2198 1792 2254 inhabitants.
1842 2197 1896 2253 Si
1924 2200 2050 2271 quis
2084 2209 2300 2270 potest,
2341 2202 2604 2272 intelligat
2637 2205 2911 2272 quomodo
2939 2204 3300 2260 novissimum
3345 2203 3468 2272 ejus
3516 2206 3618 2256 erit

349 2298 591 2351 stultum.
631 2298 738 2352 Iste
767 2297 834 2351 ab
868 2311 934 2351 co
969 2295 1114 2365 quod
1149 2295 1251 2349 fuit
1278 2296 1500 2365 sapiens
1532 2293 1695 2356 ma'e,
1756 2293 2054 2361 sapientior
2077 2303 2195 2347 erat
2222 2295 2478 2373 omnibus
2504 2295 2692 2350 bestiis
2721 2312 2888 2366 super
2914 2307 3112 2353 terram
3148 2315 3161 2351 :
3198 2298 3256 2350 ﬁt
3285 2295 3619 2358 econtrario,

349 2404 416 2444 eo
443 2390 588 2459 quod
634 2391 854 2459 sapiens
893 2391 1030 2454 fuit,
1087 2391 1226 2444 male
1273 2390 1560 2460 insipiens.
1597 2387 1869 2456 intelliges
1915 2403 2046 2442 vero
2074 2389 2204 2458 quid
2242 2389 2314 2444 sit
2344 2410 2358 2444 :
2395 2389 2758 2445 Nouissimqu
2787 2392 2902 2461 ejus
2931 2395 3032 2446 erit
3063 2393 3350 2461 insipiens,
3398 2392 3444 2445 si
3476 2391 3621 2444 scias

346 2495 625 2557 quomodo
655 2492 818 2545 etiam
850 2489 946 2544 tibi
973 2503 1068 2559 per
1098 2488 1424 2560 Apostolum
1459 2486 1830 2558 praecipiatur,
1860 2484 2026 2556 238
2061 2495 2121 2539 ut
2163 2501 2263 2555 pro
2310 2487 2484 2540 salute
2519 2495 2610 2540 tua
2661 2487 3031 2557 insipientiam
3067 2491 3299 2560 recipias
3329 2507 3341 2542 :
3376 2492 3439 2547 Si
3467 2497 3618 2564 quis.

347 2589 608 2662 inquit",
635 2590 838 2644 videtur
861 2585 963 2642 sibi
989 2588 1197 2656 sapiens
1228 2601 1338 2638 esse
1368 2584 1422 2637 in
1457 2581 1601 2635 vobis
1632 2581 1687 2634 in
1719 2580 1822 2634 isto
1849 2580 2067 2647 saeculo,
2094 2580 2289 2634 stultus
2317 2582 2433 2650 ﬁat.
2459 2579 2632 2634 Solvit
2664 2581 2755 2651 qui
2778 2591 2906 2636 ante
2932 2584 3188 2639 clamavit
3211 2602 3224 2636 :
3263 2586 3473 2646 Stultus
3498 2605 3621 2647 esto

345 2694 401 2740 et
430 2683 614 2738 l'atnus
634 2727 648 2750 ,
676 2692 738 2738 ut
767 2683 984 2751 sapiens
1015 2680 1134 2734 tias.
1184 2677 1241 2733 Si
1277 2679 1465 2748 itaque
1493 2685 1578 2732 est
1622 2675 1874 2747 quaedam
1906 2675 2171 2746 sapientia
2200 2675 2522 2744 culpabilis,
2565 2675 2719 2745 juxta
2781 2689 2947 2743 quam
2985 2676 3079 2730 lilii
3114 2680 3299 2734 saeculi
3339 2683 3502 2750 hujus
3532 2701 3620 2738 sa-

345 2779 644 2850 pientiores
677 2786 808 2832 sunt
840 2776 964 2831 [iliis
991 2775 1130 2830 lucis
1157 2775 1210 2830 in
1242 2772 1595 2844 generatione
1628 2773 1730 2827 ἰδέα
1752 2814 1768 2838 ,
1804 2773 1986 2828 bonus
2012 2779 2096 2826 est
2126 2769 2278 2825 Deus
2310 2770 2402 2840 qui
2435 2769 2728 2826 contrariis
2759 2769 2976 2825 diversa
3015 2773 3307 2840 subvertit,
3341 2786 3401 2831 ut
3450 2775 3616 2831 faciat.

347 2875 611 2943 compleri
640 2875 692 2928 id
723 2874 866 2942 quod
897 2874 1102 2927 dictum
1134 2882 1255 2928 est:
1291 2871 1664 2928 Nouissimam
1697 2872 1815 2942 ejus
1859 2873 1961 2927 erit
2009 2874 2287 2943 insipiens.
2329 2872 2562 2939 Quando
2605 2873 2966 2928 novissimum
3001 2873 3120 2943 ejus
3166 2873 3269 2927 erit
3309 2873 3622 2942 insipiens?

347 2965 578 3035 Oportet
605 2965 889 3020 Christum
921 2981 1172 3036 regnare,
1201 2981 1375 3038 usque
1405 2966 1538 3022 dum
1586 2979 1753 3037 ponat
1779 2983 1973 3024 omnes
2008 2969 2262 3024 inimicos
2287 2969 2410 3038 ejus
2439 2967 2581 3027 Deus
2623 2969 2726 3024 sub
2754 2968 2983 3039 pedibus
3015 2968 3155 3038 ejus.
3189 2966 3328 3022 Cum
3354 2968 3536 3021 omnia
3568 2971 3618 3022 ei

350 3059 667 3127 subjecerit,
697 3061 1033 3117 novissimus
1059 3061 1319 3120 inimicus
1341 3063 1657 3120 destruetur
1687 3081 1839 3122 mors
1861 3083 1876 3132 ;
1898 3081 2023 3120 cum
2051 3065 2328 3122 destructa
2356 3065 2520 3122 fuerit
2542 3082 2714 3135 mors,
2747 3075 2880 3121 tunc
2909 3074 3155 3120 extrema
3185 3065 3417 3135 perdicis
3437 3075 3619 3129 erunt,

350 3159 406 3205 ct
431 3153 789 3208 novissimum
815 3150 934 3222 ejus
962 3152 1053 3207 ﬁet
1091 3152 1374 3223 insipiens.
1408 3154 1534 3210 Hice
1562 3156 1629 3210 de
1661 3158 1898 3225 perdice.
3578 3218 3580 3220 .

417 3243 472 3296 4.
517 3241 849 3314 Principium
876 3261 1004 3300 vero
1031 3247 1258 3316 capituli
1295 3248 1523 3303 secundi
1557 3249 1702 3304 istud
1732 3249 1932 3305 lectum
1962 3261 2046 3305 est
2077 3269 2090 3304 :
2133 3248 2374 3303 Thronus
2410 3248 2594 3316 gloria
2623 3251 2893 3304 excitatus
2929 3249 2994 3303 ab
3024 3250 3180 3302 initio
3212 3248 3382 3315 locus,
3419 3249 3622 3304 sancti-

345 3336 529 3406 ﬁcatio
561 3346 764 3399 nostra,
794 3338 1110 3391 snstentatio
1136 3337 1333 3394 Israel.
1370 3338 1615 3404 Domine,
1649 3357 1825 3396 omnes
1852 3342 1945 3412 qui
1975 3350 2024 3394 te
2049 3341 2443 3411 dereliquerunt
2475 3341 2874 3410 confundantur
2901 3340 3224 3404 decedentes,
3249 3355 3407 3409 super
3429 3347 3625 3392 terram

342 3427 670 3490 scribantur,
696 3429 820 3496 quia
848 3429 1240 3499 dereliquerunt
1271 3430 1470 3498 fontem
1499 3431 1620 3485 uiue
1651 3430 1960 3486 Dominum.
2006 3431 2154 3486 Dixit
2199 3431 2369 3486 Isaias
2404 3431 2598 3484 beatus
2631 3432 2894 3501 propheta
2921 3431 3113 3487 videns
3139 3430 3430 3486 Dominum
3459 3440 3512 3486 et
3538 3447 3623 3487 re-

345 3534 513 3590 gnum
546 3518 668 3588 ejus
697 3519 765 3572 ‘9.
808 3518 927 3572 Vidi
960 3519 1244 3574 Dominum
1275 3521 1511 3577 Sabaoth
1543 3520 1805 3578 sedentem
1833 3539 1994 3593 super
2015 3525 2190 3577 sedem
2217 3523 2479 3575 excelsam
2510 3532 2559 3576 et
2605 3523 2883 3576 eleuatum.
2931 3521 3077 3577 Vidit
3116 3533 3169 3578 et
3193 3523 3459 3579 .leremias
3486 3541 3624 3595 quo-

343 3612 512 3668 modo
541 3611 683 3665 Deus
708 3621 921 3681 regnat,
953 3621 1174 3682 propter
1203 3614 1348 3682 quod
1377 3614 1690 3683 gloriﬁcans
1718 3632 1843 3670 eum
1878 3615 1954 3668 ait
1978 3634 1992 3668 :
2020 3612 2262 3668 Thronus
2291 3614 2476 3683 gloriae
2507 3614 2774 3667 exaltatus
2804 3613 2869 3666 ab
2895 3613 3047 3667 initio
3069 3613 3216 3667 locus
3264 3617 3624 3684 sanctiﬁcatio

348 3715 548 3758 nostra.
573 3704 699 3758 Sive
727 3705 794 3757 de
821 3706 1041 3760 Christo
1072 3707 1314 3761 volueris
1344 3707 1447 3763 ista
1475 3709 1800 3780 intelligere,
1833 3726 1941 3764 non
1975 3709 2265 3778 peccabis;
2300 3710 2413 3763 sive
2445 3710 2511 3763 de
2543 3707 2728 3771 Patre,
2761 3724 2870 3763 non
2902 3707 3068 3777 impie
3095 3708 3337 3776 senties;
3363 3718 3446 3763 est
3475 3711 3621 3764 enim

353 3799 580 3851 thronus
605 3796 790 3866 gloria:
823 3797 1095 3858 excelsus,
1142 3807 1196 3851 et
1245 3813 1276 3854 a
1323 3800 1598 3870 principio
1633 3800 1890 3856 Salvator
1939 3811 2044 3856 est.
2071 3800 2330 3855 Tlu'onus
2359 3801 2543 3871 gloria:
2570 3810 2654 3853 est
2685 3809 2906 3868 propter
2936 3800 3084 3869 quod
3133 3815 3358 3867 regnum
3387 3801 3542 3871 ejus,
3571 3814 3628 3858 et

351 3886 449 3939 ...ὁ
475 3883 708 3956 Χριστός
739 3885 918 3939 ὲστινο
947 3885 1076 3940 Ὅτε
1110 3886 1218 3956 γὰρ
1247 3891 1280 3940 ό
1308 3887 1557 3958 ἁγιάζων
1585 3890 1684 3944 καὶ
1709 3896 1764 3948 oi
1779 3889 1937 3961 ἁγιαμ

2047 3890 2406 3946 sanctiﬁcatio
2450 3899 2634 3944 nostra
2664 3890 2915 3945 Christus
2959 3899 3078 3954 est;
3106 3891 3232 3960 quia
3271 3900 3320 3944 et
3355 3893 3455 3946 iste
3496 3910 3624 3947 san—

347 3975 576 4044 ζόμενοι
605 3973 672 4050 ἐξ
697 3973 834 4040 ἐνὸς
851 3972 1094 4040 πάντες.
1132 3977 1422 4046 Ὑπομονὴ
1458 3979 1938 4055 ’1σραήλ.Ὦσπερ

348 4063 794 4135 αὐτοδικαιοσύνη
838 4063 987 4118 ἐστὶν
1020 4065 1049 4116 ὀ
1084 4066 1307 4138 Σωτὴρ,
1338 4069 1704 4140 αὑτοαλήθεια
1725 4111 1738 4132 ,
1777 4072 1938 4125 αὐτο-

347 4156 621 4227 αγιασμὸς
642 4195 656 4220 ,
691 4153 861 4220 οὕτως
900 4157 1301 4227 αὑτοῦπομονή.
1357 4160 1468 4213 Καὶ
1500 4161 1599 4214 οὐκ
1630 4161 1776 4216 ἔστιν
1815 4161 1940 4217 οὔτε

347 4247 556 4301 δίκαιον
589 4241 728 4299 εῖναι
774 4249 943 4318 χωρὶς
983 4247 1220 4320 Χριστοῦ
1244 4289 1258 4312 ,
1295 4249 1421 4304 οὔτε
1455 4252 1611 4319 ἆγιον
1644 4255 1814 4325 χωρὶς
1845 4254 1941 4307 αὑ-

347 4336 479 4398 τοῦ,
527 4333 650 4387 οὔτε
692 4335 985 4406 ὑπομένειν
1021 4338 1096 4409 μὴ
1143 4337 1382 4410 Χριστὸν
1417 4340 1640 4411 ἔχοντα’
1692 4343 1940 4416 ὑπομονὴ

349 4429 460 4499 γὰρ
497 4427 714 4498 Ἰσραὴλ
743 4429 903 4493 αὑτός
934 4431 1070 4484 ἐστι.
1104 4430 1222 4484 Κᾶν
1252 4431 1308 4484 δὲ
1335 4433 1429 4485 ἐπὶ
1457 4434 1548 4486 τὸν
1573 4434 1706 4489 Θεὸν
1735 4435 1937 4505 ἀναφέ-

352 4535 476 4595 ρῃς,
502 4517 610 4573 οὐδ’
638 4518 811 4583 οὕτως
844 4521 1155 4592 ἁσεϐήσεις.
1178 4525 1377 4591 Κύριε,
1411 4524 1636 4593 πάντες
1666 4531 1718 4580 ol
1755 4544 1936 4581 κατα-

349 4613 634 4677 λιπόντες
701 4625 775 4664 σε
834 4613 1458 4682 καταισχυνθήτωσαν
1507 4618 1936 4686 ἀφεστηκότες.

355 4703 623 4767 Ἕκαστος
675 4701 871 4774 ἡμῶν,
925 4704 1012 4756 ὅτε
1071 4705 1410 4777 ἁμαρτάνει,
1471 4708 1790 4763 καταλείπει
1849 4711 1940 4764 τὸν

351 4792 487 4849 Θεὸν
507 4833 524 4858 ,
569 4795 662 4848 καὶ
700 4792 923 4864 βέϐηλος
965 4797 1601 4867 γινόμενοςλκαταλείπει
1633 4803 1902 4874 ἀγιασμὺν
1923 4845 1937 4867 ,

352 4887 446 4941 καὶ
474 4885 728 4958 πολεμῶν
760 4886 1080 4941 καταλείπει
1115 4890 1370 4963 εἰρήνην,
1416 4895 1509 4948 καὶ
1537 4895 1642 4948 ὑπὸ
1677 4895 1754 4966 τῷ
1786 4895 1942 4948 πολε-

359 4976 467 5048 μίῳ
498 4976 782 5046 γινόμενος
811 4976 1130 5031 καταλείπει
1162 4978 1261 5050 τὴν
1286 4981 1682 5054 ἀπολύτρωσιν,
1709 4988 1802 5040 καὶ
1837 4986 1941 5050 ἔξω

356 5067 453 5138 τῆς
487 5069 678 5138 σοφίας
704 5068 778 5122 ὢν
808 5069 900 5122 τοῦ
933 5068 1066 5123 Θεοῦ
1103 5073 1426 5127 καταλείπει
1453 5075 1550 5148 τὴν
1587 5079 1798 5148 σοφίαν.
1830 5081 1942 5134 Πᾶ-

357 5180 441 5217 σιν
453 5159 545 5216 οὖν
561 5166 670 5238 τοῖς
689 5165 1070 5218 καταλείπουσι
1094 5163 1186 5218 τὸν
1211 5165 1344 5219 Θεὸν
1359 5169 1559 5240 ἀρᾶται
1577 5173 1606 5224 ὁ
1629 5175 1936 5244 προφήτης,

2042 3984 2284 4052 ctiﬁcans
2303 4022 2318 4043 ,
2359 3992 2408 4036 et
2455 3999 2547 4036 nos
2586 3983 2908 4051 sanctiﬁcati
2938 3997 3004 4034 ea:
3025 3998 3128 4036 uno
3147 3998 3324 4037 omnes
3343 3999 3526 4037 sumus
3552 3981 3618 4035 “°.

2043 4075 2372 4130 Sustentatio
2417 4073 2616 4130 Israel.
2686 4074 2840 4129 Sicut
2910 4075 3025 4145 ipse
3077 4074 3288 4145 justitia
3335 4077 3622 4142 Christus,

2042 4170 2157 4239 ipse
2189 4169 2411 4234 veritas,
2463 4168 2582 4240 ipse
2638 4167 2998 4223 sanctiﬁcatio
3026 4207 3040 4229 ,
3072 4168 3320 4222 similiter
3349 4178 3432 4223 est
3457 4170 3621 4225 etiam

2042 4263 2157 4331 ipse
2206 4261 2553 4316 sustentatio.
2605 4259 2669 4314 Et
2709 4275 2816 4314 non
2861 4259 3066 4330 aliquid
3111 4260 3319 4329 justum
3355 4261 3476 4316 sine
3521 4278 3622 4328 eo,

2042 4369 2218 4423 neque
2263 4354 2476 4423 patiens
2523 4353 2666 4422 quod
2725 4353 2778 4406 in
2831 4367 2890 4408 se
2939 4367 3046 4406 non
3101 4352 3265 4407 habet
3302 4353 3621 4410 Christum:

2043 4445 2158 4514 ipse
2183 4453 2268 4499 est
2309 4443 2457 4496 enim
2499 4443 2829 4498 sustentatio
2859 4443 3046 4497 lsrael.
3103 4443 3160 4496 Si
3208 4454 3389 4499 autem
3423 4447 3489 4500 ad
3521 4444 3626 4500 Pa-

2041 4542 2179 4588 trem
2207 4544 2261 4586 rt
2289 4533 2392 4588 hoc
2418 4533 2687 4597 retuleris,
2719 4550 2826 4588 non
2860 4533 3026 4602 impie
3063 4535 3343 4605 intelligis.
3377 4535 3621 4601 Domine,

2041 4642 2218 4680 omnes
2247 4625 2336 4696 qui
2364 4634 2412 4677 te
2437 4624 2803 4694 derelinquunt
2834 4626 3232 4694 confundantur
3277 4628 3621 4682 discedentes.

2042 4714 2433 4785 Unusquisque
2478 4724 2724 4770 nostrum
2768 4717 2988 4785 quando
3026 4728 3249 4787 peccat,
3281 4736 3376 4790 per
3406 4737 3468 4775 ea
3504 4737 3628 4790 quae

2042 4817 2230 4877 peccat
2275 4807 2552 4862 Christum
2615 4809 2874 4878 relinquit
2906 4829 2918 4864 :
2949 4812 3262 4882 relinquens
3309 4823 3488 4866 autem
3538 4812 3626 4866 Fi-

2045 4900 2200 4966 lium,
2229 4900 2490 4970 relinquit
2516 4910 2570 4954 et
2601 4899 2842 4956 Patrem.
2865 4901 3102 4972 lnjustus
3150 4919 3180 4956 a
3226 4903 3438 4972 jnstitia
3467 4903 3626 4974 longe

2041 5001 2145 5050 est,
2179 4991 2418 5060 pollutus
2451 5006 2480 5044 a
2510 4993 2896 5059 sanctimonia,
2932 4993 3162 5049 bellator
3190 5010 3220 5047 a
3249 5010 3420 5064 pace;
3445 5002 3500 5048 et
3529 4994 3623 5064 qui

2043 5083 2147 5136 sub
2183 5091 2451 5152 potestate
2485 5083 2692 5139 inimici
2727 5101 2851 5140 esse
2901 5085 3122 5158 incipit,
3168 5101 3198 5140 a
3249 5085 3626 5154 redemptione

2044 5175 2102 5226 lit
2132 5174 2375 5240 alienus;
2407 5185 2460 5229 et
2489 5175 2582 5244 qui
2613 5185 2764 5230 extra
2798 5178 3120 5246 sapientiam
3153 5175 3244 5231 Dei
3273 5186 3377 5240 est,
3403 5177 3627 5246 sapiena

353 5252 618 5306 διδάσκων
657 5254 802 5323 ἡμᾶς
824 5254 882 5306 τὸ
899 5253 1157 5324 ἐσόμενον
1184 5255 1386 5321 αὐτοῖς,
1411 5257 1586 5327 λέγων
1607 5260 1684 5312 τό·
1707 5261 1936 5329 Πάντες

2045 5267 2172 5320 tiam
2212 5265 2300 5320 Dei
2331 5267 2676 5338 derelinquit.
2733 5267 2941 5324 Doccns
2976 5271 3160 5340 itaque
3193 5284 3295 5324 nos
3325 5270 3582 5338 propheta
3604 5312 3622 5339 ,

358 5343 414 5396 οι
461 5343 928 5411 κατωίποντές
966 5361 1041 5398 σε
1097 5348 1734 5416 καταίσχυνθήτωσαν.
1771 5353 1936 5406 Ὅσον

359 5433 735 5505 ἀφεστήκασι,
776 5435 1028 5489 τοσοῦτον
1069 5437 1168 5490 ἐπὶ
1209 5435 1316 5505 τῆς
1361 5438 1476 5508 γῆς
1516 5440 1937 5510 γραφήτωσαν.

358 5525 568 5588 Πάντες
585 5523 862 5597 ἄνθρωποι
888 5527 1210 5600 γράφονται,
1243 5531 1293 5582 οί
1329 5532 1426 5602 μὲν
1459 5531 1604 5600 ἆγιοι
1623 5535 1682 5586 ἐν
1706 5535 1941 5606 οὐρανῷ,

436 5717 484 5749 ⁸⁸
507 5716 646 5774 Gen.
679 5731 764 5779 In,
792 5716 840 5770 l.
918 5717 962 5749 "
997 5717 1101 5774 lsa.
1130 5735 1160 5772 κ
1183 5761 1197 5784 ,
1230 5720 1298 5774 19.
1319 5720 1449 5786 ,15.

645 5815 918 5872 Pyrum.
954 5814 1070 5873 Gs.
1103 5816 1271 5874 Xlll.

1529 5719 1616 5774 ⁸³1
1645 5721 1772 5776 Cor.
1807 5737 1902 5786 Ill,
1937 5721 2022 5775 l8.
2100 5722 2143 5753 ⁸⁵³
2180 5723 2284 5776 lsa.
2322 5735 2394 5782 Vl,
2433 5719 2483 5773 ί.

2045 5357 2173 5426 quid
2206 5358 2272 5411 de
2307 5358 2562 5421 omnibus
2590 5358 2684 5428 qui
2725 5357 3015 5414 Dominum
3044 5357 3333 5424 deserunt,
3379 5358 3447 5411 sit
3480 5357 3626 5411 l'utn-

2049 5465 2192 5512 rnm,
2227 5449 2302 5502 ait
2335 5465 2346 5502 :
2383 5446 2620 5504 Universi
2651 5451 2742 5520 qui
2767 5462 2814 5504 te
2836 5439 3205 5520 derelinquunt
3234 5449 3628 5518 confundantur

2049 5537 2396 5604 discedentes,
2427 5540 2529 5594 hoc
2563 5550 2669 5606 est,
2702 5551 2968 5609 quantum
2989 5523 3055 5594 Ite
3084 5539 3366 5599 deserunt.
3396 5539 3630 5594 eonfnn-

2564 5719 2609 5751 ”
2643 5720 2805 5774 Hebr.
2835 5736 2898 5788 ιι,
2927 5722 3014 5776 il.
3107 5729 3110 5732 ‘
3229 5794 3290 5850 Γ

3262 5815 3290 5847 iJ

3262 5815 3294 5847 υ
