  <div class='ocr_page' id='page_1' title='image "/cluster/home/n/w/nwhite01/storage/ocr_20150623/13:no.3/coo.31924054872910/246.png"; bbox 0 0 4122 6420; ppageno 0'>
   <div class='ocr_carea' id='block_1_1' title="bbox 354 381 465 436">
    <p class='ocr_par' dir='ltr' id='par_1_1' title="bbox 354 381 465 436">
     <span class='ocr_line' id='line_1_1' title="bbox 354 381 465 436; baseline -0.009 0"><span class='ocrx_word' id='word_1_1' title='bbox 354 381 465 436; x_wconf 76' lang='grc'><strong>477</strong></span> 
     </span>
    </p>
   </div>
   <div class='ocr_carea' id='block_1_2' title="bbox 1487 370 2483 428">
    <p class='ocr_par' dir='ltr' id='par_1_2' title="bbox 1487 370 2483 428">
     <span class='ocr_line' id='line_1_2' title="bbox 1487 370 2483 428; baseline 0.002 -2"><span class='ocrx_word' id='word_1_2' title='bbox 1487 370 1553 426; x_wconf 69' lang='grc' dir='ltr'><strong>ΙΝ</strong></span> <span class='ocrx_word' id='word_1_3' title='bbox 1591 370 1934 428; x_wconf 71' lang='grc' dir='ltr'><strong>,ΙΕΒΕΜίΑΜ</strong></span> <span class='ocrx_word' id='word_1_4' title='bbox 1976 370 2261 427; x_wconf 69' lang='grc' dir='ltr'><strong>ΠΟΜΗᾸΑ</strong></span> <span class='ocrx_word' id='word_1_5' title='bbox 2300 370 2483 428; x_wconf 68' lang='lat' dir='ltr'><strong>XVIII.</strong></span> 
     </span>
    </p>
   </div>
   <div class='ocr_carea' id='block_1_3' title="bbox 3505 376 3610 430">
    <p class='ocr_par' dir='ltr' id='par_1_3' title="bbox 3505 376 3610 430">
     <span class='ocr_line' id='line_1_3' title="bbox 3505 376 3610 430; baseline 0.01 -1"><span class='ocrx_word' id='word_1_6' title='bbox 3505 376 3610 430; x_wconf 70' lang='grc'><strong>478</strong></span> 
     </span>
    </p>
   </div>
   <div class='ocr_carea' id='block_1_4' title="bbox 352 482 1949 563">
    <p class='ocr_par' dir='ltr' id='par_1_4' title="bbox 352 482 1931 563">
     <span class='ocr_line' id='line_1_4' title="bbox 352 482 1931 563; baseline -0.013 -12"><span class='ocrx_word' id='word_1_7' title='bbox 352 496 484 552; x_wconf 65' lang='grc' dir='ltr'><strong>ὅταν</strong></span> <span class='ocrx_word' id='word_1_8' title='bbox 514 492 648 563; x_wconf 76' lang='grc' dir='ltr'><strong>ἡμῖν</strong></span> <span class='ocrx_word' id='word_1_9' title='bbox 667 487 981 558; x_wconf 73' lang='grc' dir='ltr'><strong>διαλέγηται</strong></span> <span class='ocrx_word' id='word_1_10' title='bbox 1015 482 1361 557; x_wconf 78' lang='grc' dir='ltr'><strong>μετανοοῦσιν</strong></span> <span class='ocrx_word' id='word_1_11' title='bbox 1384 486 1414 539; x_wconf 84' lang='grc' dir='ltr'><strong>ό</strong></span> <span class='ocrx_word' id='word_1_12' title='bbox 1444 484 1575 548; x_wconf 82' lang='grc' dir='ltr'><strong>Θεὸς</strong></span> <span class='ocrx_word' id='word_1_13' title='bbox 1607 484 1777 553; x_wconf 76' lang='grc' dir='ltr'><strong>λέγει’</strong></span> <span class='ocrx_word' id='word_1_14' title='bbox 1814 487 1931 538; x_wconf 76' lang='lat' dir='ltr'><strong>Ms.</strong></span> 
     </span>
    </p>
   </div>
   <div class='ocr_carea' id='block_1_5' title="bbox 2050 482 3607 563">
    <p class='ocr_par' dir='ltr' id='par_1_5' title="bbox 2050 482 3607 557">
     <span class='ocr_line' id='line_1_5' title="bbox 2050 482 3607 557; baseline 0.006 -21"><span class='ocrx_word' id='word_1_15' title='bbox 2050 483 2229 547; x_wconf 81' lang='lat' dir='ltr'><strong>baris,</strong></span> <span class='ocrx_word' id='word_1_16' title='bbox 2287 482 2570 538; x_wconf 80' lang='lat' dir='ltr'><strong>nesciebas</strong></span> <span class='ocrx_word' id='word_1_17' title='bbox 2630 493 2815 539; x_wconf 88' lang='lat' dir='ltr'><strong>utrum</strong></span> <span class='ocrx_word' id='word_1_18' title='bbox 2870 501 3004 555; x_wconf 77' lang='lat' dir='ltr'><strong>gens</strong></span> <span class='ocrx_word' id='word_1_19' title='bbox 3066 485 3171 541; x_wconf 86' lang='lat' dir='ltr'><strong>ista</strong></span> <span class='ocrx_word' id='word_1_20' title='bbox 3234 488 3607 557; x_wconf 70' lang='lat' dir='ltr'><strong>patuiteiuimu</strong></span> 
     </span>
    </p>
   </div>
   <div class='ocr_carea' id='block_1_6' title="bbox 356 573 1936 648">
    <p class='ocr_par' dir='ltr' id='par_1_6' title="bbox 356 573 1936 648">
     <span class='ocr_line' id='line_1_6' title="bbox 356 573 1936 648; baseline -0.009 -9"><span class='ocrx_word' id='word_1_21' title='bbox 356 582 569 639; x_wconf 77' lang='grc' dir='ltr'><strong>τανοῶ·</strong></span> <span class='ocrx_word' id='word_1_22' title='bbox 605 581 701 636; x_wconf 77' lang='grc' dir='ltr'><strong>καὶ</strong></span> <span class='ocrx_word' id='word_1_23' title='bbox 721 576 962 637; x_wconf 78' lang='grc' dir='ltr'><strong>ἀπειλῶν</strong></span> <span class='ocrx_word' id='word_1_24' title='bbox 1014 578 1147 648; x_wconf 77' lang='grc' dir='ltr'><strong>ἡμῖν</strong></span> <span class='ocrx_word' id='word_1_25' title='bbox 1181 576 1241 629; x_wconf 79' lang='grc' dir='ltr'><strong>οὐ</strong></span> <span class='ocrx_word' id='word_1_26' title='bbox 1267 577 1641 648; x_wconf 77' lang='grc' dir='ltr'><strong>προσποιεῖται</strong></span> <span class='ocrx_word' id='word_1_27' title='bbox 1687 573 1936 647; x_wconf 85' lang='grc' dir='ltr'><strong>προγνώ-</strong></span> 
     </span>
    </p>
   </div>
   <div class='ocr_carea' id='block_1_7' title="bbox 357 665 1938 747">
    <p class='ocr_par' dir='ltr' id='par_1_7' title="bbox 357 665 1938 747">
     <span class='ocr_line' id='line_1_7' title="bbox 357 665 1938 747; baseline -0.006 -19"><span class='ocrx_word' id='word_1_28' title='bbox 357 691 490 747; x_wconf 83' lang='grc' dir='ltr'><strong>στης</strong></span> <span class='ocrx_word' id='word_1_29' title='bbox 511 668 673 735; x_wconf 82' lang='grc' dir='ltr'><strong>εἶναι,</strong></span> <span class='ocrx_word' id='word_1_30' title='bbox 705 669 819 724; x_wconf 80' lang='grc' dir='ltr'><strong>ἀλλ’</strong></span> <span class='ocrx_word' id='word_1_31' title='bbox 847 665 923 731; x_wconf 83' lang='grc' dir='ltr'><strong>ὡς</strong></span> <span class='ocrx_word' id='word_1_32' title='bbox 956 666 1182 739; x_wconf 86' lang='grc' dir='ltr'><strong>βρέφεσι</strong></span> <span class='ocrx_word' id='word_1_33' title='bbox 1196 666 1372 721; x_wconf 82' lang='grc' dir='ltr'><strong>λαλῶν</strong></span> <span class='ocrx_word' id='word_1_34' title='bbox 1405 665 1640 720; x_wconf 58' lang='grc' dir='ltr'><strong>ἁπειλεῦ</strong></span> <span class='ocrx_word' id='word_1_35' title='bbox 1670 666 1729 720; x_wconf 84' lang='grc' dir='ltr'><strong>οὐ</strong></span> <span class='ocrx_word' id='word_1_36' title='bbox 1764 681 1938 737; x_wconf 87' lang='grc' dir='ltr'><strong>προσ-</strong></span> 
     </span>
    </p>
   </div>
   <div class='ocr_carea' id='block_1_8' title="bbox 359 757 1940 831">
    <p class='ocr_par' dir='ltr' id='par_1_8' title="bbox 359 757 1940 831">
     <span class='ocr_line' id='line_1_8' title="bbox 359 757 1940 831; baseline -0.008 -10"><span class='ocrx_word' id='word_1_37' title='bbox 359 768 614 827; x_wconf 79' lang='grc' dir='ltr'><strong>ποιεῖται,</strong></span> <span class='ocrx_word' id='word_1_38' title='bbox 661 762 745 814; x_wconf 83' lang='grc' dir='ltr'><strong>ὅτι</strong></span> <span class='ocrx_word' id='word_1_39' title='bbox 790 759 1042 831; x_wconf 78' lang='grc' dir='ltr'><strong>προέγνω</strong></span> <span class='ocrx_word' id='word_1_40' title='bbox 1076 757 1146 812; x_wconf 82' lang='grc' dir='ltr'><strong>τὰ</strong></span> <span class='ocrx_word' id='word_1_41' title='bbox 1187 758 1364 812; x_wconf 82' lang='grc' dir='ltr'><strong>πάντα</strong></span> <span class='ocrx_word' id='word_1_42' title='bbox 1395 758 1528 830; x_wconf 75' lang='grc' dir='ltr'><strong>πρὶν</strong></span> <span class='ocrx_word' id='word_1_43' title='bbox 1554 757 1817 826; x_wconf 84' lang='grc' dir='ltr'><strong>γενέσεως</strong></span> <span class='ocrx_word' id='word_1_44' title='bbox 1848 757 1940 810; x_wconf 68' lang='lat' dir='ltr'><strong>a6-</strong></span> 
     </span>
    </p>
   </div>
   <div class='ocr_carea' id='block_1_9' title="bbox 360 848 1939 924">
    <p class='ocr_par' dir='ltr' id='par_1_9' title="bbox 360 848 1939 924">
     <span class='ocr_line' id='line_1_9' title="bbox 360 848 1939 924; baseline -0.009 -10"><span class='ocrx_word' id='word_1_45' title='bbox 360 859 492 924; x_wconf 86' lang='grc' dir='ltr'><strong>τῶν,</strong></span> <span class='ocrx_word' id='word_1_46' title='bbox 548 855 665 910; x_wconf 78' lang='grc' dir='ltr'><strong>ἀλλ’</strong></span> <span class='ocrx_word' id='word_1_47' title='bbox 691 853 801 916; x_wconf 81' lang='grc' dir='ltr'><strong>ὡς,</strong></span> <span class='ocrx_word' id='word_1_48' title='bbox 845 851 911 905; x_wconf 80' lang='grc' dir='ltr'><strong>ἵν’</strong></span> <span class='ocrx_word' id='word_1_49' title='bbox 938 850 1110 914; x_wconf 71' lang='grc' dir='ltr'><strong>οὕτως</strong></span> <span class='ocrx_word' id='word_1_50' title='bbox 1157 848 1442 921; x_wconf 80' lang='grc' dir='ltr'><strong>ὀνομάσω,</strong></span> <span class='ocrx_word' id='word_1_51' title='bbox 1514 848 1939 924; x_wconf 81' lang='grc' dir='ltr'><strong>ὑποκρινόμενος</strong></span> 
     </span>
    </p>
   </div>
   <div class='ocr_carea' id='block_1_10' title="bbox 358 939 1936 1021">
    <p class='ocr_par' dir='ltr' id='par_1_10' title="bbox 358 939 1936 1021">
     <span class='ocr_line' id='line_1_10' title="bbox 358 939 1936 1021; baseline -0.008 -16"><span class='ocrx_word' id='word_1_52' title='bbox 358 952 420 1005; x_wconf 77' lang='grc' dir='ltr'><strong>τὸ</strong></span> <span class='ocrx_word' id='word_1_53' title='bbox 446 948 666 1021; x_wconf 82' lang='grc' dir='ltr'><strong>βρέφος,</strong></span> <span class='ocrx_word' id='word_1_54' title='bbox 698 943 1079 1016; x_wconf 81' lang='grc' dir='ltr'><strong>προσποιεῖται</strong></span> <span class='ocrx_word' id='word_1_55' title='bbox 1123 941 1257 1013; x_wconf 81' lang='grc' dir='ltr'><strong>μηδὲ</strong></span> <span class='ocrx_word' id='word_1_56' title='bbox 1312 940 1508 995; x_wconf 86' lang='grc' dir='ltr'><strong>εἰδέναι</strong></span> <span class='ocrx_word' id='word_1_57' title='bbox 1548 939 1621 993; x_wconf 77' lang='grc' dir='ltr'><strong>τὰ</strong></span> <span class='ocrx_word' id='word_1_58' title='bbox 1655 939 1936 1012; x_wconf 87' lang='grc' dir='ltr'><strong>μέλλοντα.</strong></span> 
     </span>
    </p>
   </div>
   <div class='ocr_carea' id='block_1_11' title="bbox 359 1029 1940 1103">
    <p class='ocr_par' dir='ltr' id='par_1_11' title="bbox 359 1029 1940 1103">
     <span class='ocr_line' id='line_1_11' title="bbox 359 1029 1940 1103; baseline -0.008 -8"><span class='ocrx_word' id='word_1_59' title='bbox 359 1040 469 1095; x_wconf 77' lang='grc' dir='ltr'><strong>Καὶ</strong></span> <span class='ocrx_word' id='word_1_60' title='bbox 489 1036 703 1094; x_wconf 81' lang='grc' dir='ltr'><strong>ἀπειλεῖ</strong></span> <span class='ocrx_word' id='word_1_61' title='bbox 729 1032 863 1103; x_wconf 84' lang='grc' dir='ltr'><strong>γοῦν</strong></span> <span class='ocrx_word' id='word_1_62' title='bbox 885 1032 1028 1086; x_wconf 76' lang='grc' dir='ltr'><strong>ἔθνει</strong></span> <span class='ocrx_word' id='word_1_63' title='bbox 1050 1032 1137 1086; x_wconf 78' lang='grc' dir='ltr'><strong>διὰ</strong></span> <span class='ocrx_word' id='word_1_64' title='bbox 1159 1031 1256 1096; x_wconf 83' lang='grc' dir='ltr'><strong>τὰς</strong></span> <span class='ocrx_word' id='word_1_65' title='bbox 1284 1031 1556 1103; x_wconf 81' lang='grc' dir='ltr'><strong>ἁμαρτίας</strong></span> <span class='ocrx_word' id='word_1_66' title='bbox 1596 1029 1760 1085; x_wconf 82' lang='grc' dir='ltr'><strong>αὑτοῦ</strong></span> <span class='ocrx_word' id='word_1_67' title='bbox 1785 1071 1800 1095; x_wconf 96' lang='grc'><strong>,</strong></span> <span class='ocrx_word' id='word_1_68' title='bbox 1845 1030 1940 1084; x_wconf 74' lang='grc' dir='ltr'><strong>καὶ</strong></span> 
     </span>
    </p>
   </div>
   <div class='ocr_carea' id='block_1_12' title="bbox 318 1119 1936 1197">
    <p class='ocr_par' dir='ltr' id='par_1_12' title="bbox 318 1119 1936 1197">
     <span class='ocr_line' id='line_1_12' title="bbox 318 1119 1936 1197; baseline -0.005 -14"><span class='ocrx_word' id='word_1_69' title='bbox 318 1138 331 1153; x_wconf 83' lang='grc'><strong>⁸</strong></span> <span class='ocrx_word' id='word_1_70' title='bbox 360 1128 539 1197; x_wconf 81' lang='grc' dir='ltr'><strong>λέγει’</strong></span> <span class='ocrx_word' id='word_1_71' title='bbox 575 1125 710 1179; x_wconf 83' lang='grc' dir='ltr'><strong>Ἐὰν</strong></span> <span class='ocrx_word' id='word_1_72' title='bbox 730 1120 1079 1193; x_wconf 74' lang='grc' dir='ltr'><strong>μετανοήσῃ</strong></span> <span class='ocrx_word' id='word_1_73' title='bbox 1095 1120 1161 1175; x_wconf 81' lang='grc' dir='ltr'><strong>τὸ</strong></span> <span class='ocrx_word' id='word_1_74' title='bbox 1176 1122 1366 1188; x_wconf 73' lang='grc' dir='ltr'><strong>ἔθνος,</strong></span> <span class='ocrx_word' id='word_1_75' title='bbox 1388 1120 1548 1192; x_wconf 70' lang='grc' dir='ltr'><strong>κάγὼ</strong></span> <span class='ocrx_word' id='word_1_76' title='bbox 1561 1119 1936 1191; x_wconf 75' lang='grc' dir='ltr'><strong>μετανοήσω.</strong></span> 
     </span>
    </p>
   </div>
   <div class='ocr_carea' id='block_1_13' title="bbox 364 1209 1940 1285">
    <p class='ocr_par' dir='ltr' id='par_1_13' title="bbox 364 1209 1940 1285">
     <span class='ocr_line' id='line_1_13' title="bbox 364 1209 1940 1285; baseline -0.004 -15"><span class='ocrx_word' id='word_1_77' title='bbox 364 1218 430 1270; x_wconf 86' lang='grc' dir='ltr'>Ὢ</span> <span class='ocrx_word' id='word_1_78' title='bbox 460 1216 594 1270; x_wconf 85' lang='grc' dir='ltr'><strong>Θεέί</strong></span> <span class='ocrx_word' id='word_1_79' title='bbox 631 1209 742 1285; x_wconf 81' lang='grc' dir='ltr'><strong>ἆρα</strong></span> <span class='ocrx_word' id='word_1_80' title='bbox 766 1212 855 1266; x_wconf 83' lang='grc' dir='ltr'><strong>ὅτε</strong></span> <span class='ocrx_word' id='word_1_81' title='bbox 877 1210 1142 1281; x_wconf 73' lang='grc' dir='ltr'><strong>ἠπείλεις,</strong></span> <span class='ocrx_word' id='word_1_82' title='bbox 1170 1211 1271 1265; x_wconf 82' lang='grc' dir='ltr'><strong>οὐκ</strong></span> <span class='ocrx_word' id='word_1_83' title='bbox 1310 1211 1455 1282; x_wconf 75' lang='grc' dir='ltr'><strong>ᾕδεις</strong></span> <span class='ocrx_word' id='word_1_84' title='bbox 1505 1211 1732 1283; x_wconf 91' lang='grc' dir='ltr'><strong>πότερον</strong></span> <span class='ocrx_word' id='word_1_85' title='bbox 1776 1228 1940 1282; x_wconf 87' lang='grc' dir='ltr'><strong>μετα-</strong></span> 
     </span>
    </p>
   </div>
   <div class='ocr_carea' id='block_1_14' title="bbox 361 1301 1938 1378">
    <p class='ocr_par' dir='ltr' id='par_1_14' title="bbox 361 1301 1938 1378">
     <span class='ocr_line' id='line_1_14' title="bbox 361 1301 1938 1378; baseline -0.006 -16"><span class='ocrx_word' id='word_1_86' title='bbox 361 1309 544 1378; x_wconf 84' lang='grc' dir='ltr'><strong>νοήσει</strong></span> <span class='ocrx_word' id='word_1_87' title='bbox 573 1305 635 1359; x_wconf 85' lang='grc' dir='ltr'><strong>τδ</strong></span> <span class='ocrx_word' id='word_1_88' title='bbox 670 1303 854 1367; x_wconf 71' lang='grc' dir='ltr'><strong>ἔθνος,</strong></span> <span class='ocrx_word' id='word_1_89' title='bbox 884 1301 1002 1373; x_wconf 74' lang='grc' dir='ltr'>ἣού</span> <span class='ocrx_word' id='word_1_90' title='bbox 1034 1303 1354 1373; x_wconf 76' lang='grc' dir='ltr'><strong>μετανοήσει</strong></span> <span class='ocrx_word' id='word_1_91' title='bbox 1380 1318 1395 1367; x_wconf 91' lang='grc'>;</span> <span class='ocrx_word' id='word_1_92' title='bbox 1432 1302 1495 1354; x_wconf 93' lang='grc' dir='ltr'><strong>Τί</strong></span> <span class='ocrx_word' id='word_1_93' title='bbox 1534 1301 1610 1365; x_wconf 79' lang='grc' dir='ltr'><strong>δὲ,</strong></span> <span class='ocrx_word' id='word_1_94' title='bbox 1646 1303 1737 1355; x_wconf 83' lang='grc' dir='ltr'><strong>ὅτε</strong></span> <span class='ocrx_word' id='word_1_95' title='bbox 1762 1303 1938 1372; x_wconf 74' lang='grc' dir='ltr'><strong>ἐπηγο</strong></span> 
     </span>
    </p>
   </div>
   <div class='ocr_carea' id='block_1_15' title="bbox 360 1391 1942 1467">
    <p class='ocr_par' dir='ltr' id='par_1_15' title="bbox 360 1391 1942 1467">
     <span class='ocr_line' id='line_1_15' title="bbox 360 1391 1942 1467; baseline -0.004 -15"><span class='ocrx_word' id='word_1_96' title='bbox 360 1396 559 1467; x_wconf 87' lang='grc' dir='ltr'><strong>γείλω,</strong></span> <span class='ocrx_word' id='word_1_97' title='bbox 602 1396 705 1450; x_wconf 80' lang='grc' dir='ltr'><strong>οὐκ</strong></span> <span class='ocrx_word' id='word_1_98' title='bbox 745 1393 893 1465; x_wconf 75' lang='grc' dir='ltr'><strong>ᾔδεις</strong></span> <span class='ocrx_word' id='word_1_99' title='bbox 921 1392 1148 1463; x_wconf 90' lang='grc' dir='ltr'><strong>πότερον</strong></span> <span class='ocrx_word' id='word_1_100' title='bbox 1177 1391 1328 1462; x_wconf 87' lang='grc' dir='ltr'><strong>μένει</strong></span> <span class='ocrx_word' id='word_1_101' title='bbox 1369 1391 1516 1457; x_wconf 76' lang='grc' dir='ltr'><strong>ἄξιος</strong></span> <span class='ocrx_word' id='word_1_102' title='bbox 1550 1392 1658 1445; x_wconf 83' lang='grc' dir='ltr'><strong>τῶν</strong></span> <span class='ocrx_word' id='word_1_103' title='bbox 1705 1394 1942 1463; x_wconf 78' lang='grc' dir='ltr'><strong>ἐπαγγε-</strong></span> 
     </span>
    </p>
   </div>
   <div class='ocr_carea' id='block_1_16' title="bbox 362 1481 1941 1557">
    <p class='ocr_par' dir='ltr' id='par_1_16' title="bbox 362 1481 1941 1557">
     <span class='ocr_line' id='line_1_16' title="bbox 362 1481 1941 1557; baseline -0.005 -12"><span class='ocrx_word' id='word_1_104' title='bbox 362 1489 495 1545; x_wconf 85' lang='grc' dir='ltr'><strong>λιῶν</strong></span> <span class='ocrx_word' id='word_1_105' title='bbox 528 1489 557 1542; x_wconf 86' lang='grc' dir='ltr'><strong>ὁ</strong></span> <span class='ocrx_word' id='word_1_106' title='bbox 597 1483 941 1557; x_wconf 75' lang='grc' dir='ltr'><strong>ἄνθρωποςῆ</strong></span> <span class='ocrx_word' id='word_1_107' title='bbox 973 1483 1035 1536; x_wconf 83' lang='grc' dir='ltr'><strong>τὸ</strong></span> <span class='ocrx_word' id='word_1_108' title='bbox 1061 1482 1213 1546; x_wconf 69' lang='grc' dir='ltr'><strong>ἔθνος</strong></span> <span class='ocrx_word' id='word_1_109' title='bbox 1248 1483 1387 1555; x_wconf 84' lang='grc' dir='ltr'><strong>πρὸς</strong></span> <span class='ocrx_word' id='word_1_110' title='bbox 1412 1483 1473 1536; x_wconf 85' lang='grc' dir='ltr'><strong>ὃν</strong></span> <span class='ocrx_word' id='word_1_111' title='bbox 1508 1484 1539 1536; x_wconf 77' lang='grc' dir='ltr'><strong>δ</strong></span> <span class='ocrx_word' id='word_1_112' title='bbox 1575 1481 1731 1552; x_wconf 80' lang='grc' dir='ltr'><strong>λόγος</strong></span> <span class='ocrx_word' id='word_1_113' title='bbox 1752 1524 1768 1550; x_wconf 93' lang='grc'><strong>,</strong></span> <span class='ocrx_word' id='word_1_114' title='bbox 1810 1485 1844 1556; x_wconf 79' lang='grc' dir='ltr'><strong>ἢ</strong></span> <span class='ocrx_word' id='word_1_115' title='bbox 1879 1484 1941 1537; x_wconf 79' lang='grc' dir='ltr'><strong>οὐ</strong></span> 
     </span>
    </p>
   </div>
   <div class='ocr_carea' id='block_1_17' title="bbox 368 1573 1941 1654">
    <p class='ocr_par' dir='ltr' id='par_1_17' title="bbox 368 1573 1941 1654">
     <span class='ocr_line' id='line_1_17' title="bbox 368 1573 1941 1654; baseline -0.004 -19"><span class='ocrx_word' id='word_1_116' title='bbox 368 1581 556 1654; x_wconf 74' lang='grc' dir='ltr'><strong>μένεις</strong></span> <span class='ocrx_word' id='word_1_117' title='bbox 604 1576 763 1631; x_wconf 80' lang='grc' dir='ltr'><strong>Ἀλλὰ</strong></span> <span class='ocrx_word' id='word_1_118' title='bbox 789 1577 1182 1646; x_wconf 87' lang='grc' dir='ltr'><strong>προσποιεῖται.</strong></span> <span class='ocrx_word' id='word_1_119' title='bbox 1229 1576 1341 1629; x_wconf 80' lang='grc' dir='ltr'><strong>Καὶ</strong></span> <span class='ocrx_word' id='word_1_120' title='bbox 1381 1573 1602 1628; x_wconf 86' lang='grc' dir='ltr'><strong>τοιαῦτα</strong></span> <span class='ocrx_word' id='word_1_121' title='bbox 1638 1574 1806 1629; x_wconf 81' lang='grc' dir='ltr'><strong>πολλὰ</strong></span> <span class='ocrx_word' id='word_1_122' title='bbox 1849 1574 1941 1629; x_wconf 80' lang='grc' dir='ltr'><strong>εὖ·</strong></span> 
     </span>
    </p>
   </div>
   <div class='ocr_carea' id='block_1_18' title="bbox 368 1665 1944 1743">
    <p class='ocr_par' dir='ltr' id='par_1_18' title="bbox 368 1665 1944 1743">
     <span class='ocr_line' id='line_1_18' title="bbox 368 1665 1944 1743; baseline -0.016 1"><span class='ocrx_word' id='word_1_123' title='bbox 368 1687 480 1743; x_wconf 79' lang='grc' dir='ltr'><strong>ρας</strong></span> <span class='ocrx_word' id='word_1_124' title='bbox 507 1665 830 1739; x_wconf 67' lang='grc' dir='ltr'><strong>ἀιθρωπικὰ</strong></span> <span class='ocrx_word' id='word_1_125' title='bbox 854 1667 913 1718; x_wconf 73' lang='grc' dir='ltr'><strong>ὲν</strong></span> <span class='ocrx_word' id='word_1_126' title='bbox 939 1668 1004 1736; x_wconf 69' lang='grc' dir='ltr'><strong>τῇ</strong></span> <span class='ocrx_word' id='word_1_127' title='bbox 1034 1665 1246 1737; x_wconf 66' lang='grc' dir='ltr'><strong>Γραφῇ.</strong></span> <span class='ocrx_word' id='word_1_128' title='bbox 1278 1666 1352 1730; x_wconf 84' lang='grc' dir='ltr'><strong>ὡς</strong></span> <span class='ocrx_word' id='word_1_129' title='bbox 1375 1665 1469 1719; x_wconf 65' lang='grc' dir='ltr'><strong>καὶ</strong></span> <span class='ocrx_word' id='word_1_130' title='bbox 1519 1665 1613 1719; x_wconf 74' lang='grc' dir='ltr'><strong>τόο</strong></span> <span class='ocrx_word' id='word_1_131' title='bbox 1657 1665 1944 1734; x_wconf 78' lang='grc' dir='ltr'><strong>Λάλησον</strong></span> 
     </span>
    </p>
   </div>
   <div class='ocr_carea' id='block_1_19' title="bbox 2038 573 3611 649">
    <p class='ocr_par' dir='ltr' id='par_1_19' title="bbox 2038 573 3611 649">
     <span class='ocr_line' id='line_1_19' title="bbox 2038 573 3611 649; baseline 0.006 -22"><span class='ocrx_word' id='word_1_132' title='bbox 2038 583 2227 627; x_wconf 87' lang='lat' dir='ltr'><strong>actura</strong></span> <span class='ocrx_word' id='word_1_133' title='bbox 2249 584 2417 639; x_wconf 87' lang='lat' dir='ltr'><strong>esset,</strong></span> <span class='ocrx_word' id='word_1_134' title='bbox 2439 590 2607 629; x_wconf 85' lang='lat' dir='ltr'><strong>necne</strong></span> <span class='ocrx_word' id='word_1_135' title='bbox 2629 574 2652 627; x_wconf 87' lang='lat'><strong>?</strong></span> <span class='ocrx_word' id='word_1_136' title='bbox 2675 573 2813 641; x_wconf 82' lang='lat' dir='ltr'><strong>Quid</strong></span> <span class='ocrx_word' id='word_1_137' title='bbox 2849 591 3036 646; x_wconf 84' lang='lat' dir='ltr'><strong>porro,</strong></span> <span class='ocrx_word' id='word_1_138' title='bbox 3073 579 3293 647; x_wconf 78' lang='lat' dir='ltr'><strong>quando</strong></span> <span class='ocrx_word' id='word_1_139' title='bbox 3318 581 3611 649; x_wconf 82' lang='lat' dir='ltr'><strong>polliceba-</strong></span> 
     </span>
    </p>
   </div>
   <div class='ocr_carea' id='block_1_20' title="bbox 2039 664 3611 739">
    <p class='ocr_par' dir='ltr' id='par_1_20' title="bbox 2039 664 3611 739">
     <span class='ocr_line' id='line_1_20' title="bbox 2039 664 3611 739; baseline 0.004 -19"><span class='ocrx_word' id='word_1_140' title='bbox 2039 664 2117 720; x_wconf 84' lang='lat' dir='ltr'><strong>ris</strong></span> <span class='ocrx_word' id='word_1_141' title='bbox 2141 702 2157 730; x_wconf 93' lang='lat'><strong>,</strong></span> <span class='ocrx_word' id='word_1_142' title='bbox 2204 664 2491 720; x_wconf 81' lang='lat' dir='ltr'><strong>nesciebas</strong></span> <span class='ocrx_word' id='word_1_143' title='bbox 2520 678 2704 721; x_wconf 86' lang='lat' dir='ltr'><strong>utrum</strong></span> <span class='ocrx_word' id='word_1_144' title='bbox 2745 667 3032 738; x_wconf 81' lang='lat' dir='ltr'><strong>promissis</strong></span> <span class='ocrx_word' id='word_1_145' title='bbox 3071 668 3269 739; x_wconf 79' lang='lat' dir='ltr'><strong>dignus</strong></span> <span class='ocrx_word' id='word_1_146' title='bbox 3313 671 3498 735; x_wconf 85' lang='lat' dir='ltr'><strong>homo,</strong></span> <span class='ocrx_word' id='word_1_147' title='bbox 3526 674 3611 727; x_wconf 81' lang='lat' dir='ltr'><strong>vel</strong></span> 
     </span>
    </p>
   </div>
   <div class='ocr_carea' id='block_1_21' title="bbox 2040 756 3610 833">
    <p class='ocr_par' dir='ltr' id='par_1_21' title="bbox 2040 756 3610 833">
     <span class='ocr_line' id='line_1_21' title="bbox 2040 756 3610 833; baseline 0.006 -24"><span class='ocrx_word' id='word_1_148' title='bbox 2040 771 2173 826; x_wconf 80' lang='lat' dir='ltr'><strong>gens</strong></span> <span class='ocrx_word' id='word_1_149' title='bbox 2201 756 2291 810; x_wconf 91' lang='lat' dir='ltr'><strong>illa</strong></span> <span class='ocrx_word' id='word_1_150' title='bbox 2318 757 2383 811; x_wconf 85' lang='lat' dir='ltr'><strong>ad</strong></span> <span class='ocrx_word' id='word_1_151' title='bbox 2412 774 2576 828; x_wconf 69' lang='lat' dir='ltr'><strong>(piam</strong></span> <span class='ocrx_word' id='word_1_152' title='bbox 2604 774 2911 816; x_wconf 86' lang='lat' dir='ltr'><strong>sermonem</strong></span> <span class='ocrx_word' id='word_1_153' title='bbox 2935 760 3226 832; x_wconf 76' lang='lat' dir='ltr'><strong>dirigebas,</strong></span> <span class='ocrx_word' id='word_1_154' title='bbox 3249 772 3610 833; x_wconf 85' lang='lat' dir='ltr'><strong>permaneret,</strong></span> 
     </span>
    </p>
   </div>
   <div class='ocr_carea' id='block_1_22' title="bbox 2041 843 3612 933">
    <p class='ocr_par' dir='ltr' id='par_1_22' title="bbox 2041 843 3612 933">
     <span class='ocr_line' id='line_1_22' title="bbox 2041 843 3612 933; baseline 0.007 -37"><span class='ocrx_word' id='word_1_155' title='bbox 2041 845 2256 899; x_wconf 84' lang='lat' dir='ltr'><strong>necne?</strong></span> <span class='ocrx_word' id='word_1_156' title='bbox 2285 843 2592 933; x_wconf 49' lang='lat' dir='ltr'><strong>Sed.a|ium</strong></span> <span class='ocrx_word' id='word_1_157' title='bbox 2617 863 2677 903; x_wconf 90' lang='lat' dir='ltr'><strong>se</strong></span> <span class='ocrx_word' id='word_1_158' title='bbox 2702 848 2947 911; x_wconf 87' lang='lat' dir='ltr'><strong>simulat,</strong></span> <span class='ocrx_word' id='word_1_159' title='bbox 2967 858 3020 903; x_wconf 91' lang='lat' dir='ltr'><strong>et</strong></span> <span class='ocrx_word' id='word_1_160' title='bbox 3053 851 3360 905; x_wconf 91' lang='lat' dir='ltr'><strong>istiusmodi</strong></span> <span class='ocrx_word' id='word_1_161' title='bbox 3379 853 3612 921; x_wconf 80' lang='lat' dir='ltr'><strong>plurima</strong></span> 
     </span>
    </p>
   </div>
   <div class='ocr_carea' id='block_1_23' title="bbox 2040 935 3614 1012">
    <p class='ocr_par' dir='ltr' id='par_1_23' title="bbox 2040 935 3614 1012">
     <span class='ocr_line' id='line_1_23' title="bbox 2040 935 3614 1012; baseline 0.006 -22"><span class='ocrx_word' id='word_1_162' title='bbox 2040 935 2283 991; x_wconf 89' lang='lat' dir='ltr'><strong>bumano</strong></span> <span class='ocrx_word' id='word_1_163' title='bbox 2329 952 2481 991; x_wconf 90' lang='lat' dir='ltr'><strong>more</strong></span> <span class='ocrx_word' id='word_1_164' title='bbox 2524 938 2666 994; x_wconf 85' lang='lat' dir='ltr'><strong>dicta</strong></span> <span class='ocrx_word' id='word_1_165' title='bbox 2712 940 2767 993; x_wconf 91' lang='lat' dir='ltr'><strong>in</strong></span> <span class='ocrx_word' id='word_1_166' title='bbox 2807 937 3105 1009; x_wconf 88' lang='lat' dir='ltr'><strong>Scripturis</strong></span> <span class='ocrx_word' id='word_1_167' title='bbox 3149 942 3419 1011; x_wconf 81' lang='lat' dir='ltr'><strong>reperies,</strong></span> <span class='ocrx_word' id='word_1_168' title='bbox 3452 944 3614 1012; x_wconf 72' lang='lat' dir='ltr'><strong>mtalo</strong></span> 
     </span>
    </p>
   </div>
   <div class='ocr_carea' id='block_1_24' title="bbox 2040 1027 3609 1100">
    <p class='ocr_par' dir='ltr' id='par_1_24' title="bbox 2040 1027 3609 1100">
     <span class='ocr_line' id='line_1_24' title="bbox 2040 1027 3609 1100; baseline 0.005 -19"><span class='ocrx_word' id='word_1_169' title='bbox 2040 1035 2122 1081; x_wconf 85' lang='lat' dir='ltr'><strong>est</strong></span> <span class='ocrx_word' id='word_1_170' title='bbox 2154 1035 2207 1085; x_wconf 88' lang='lat' dir='ltr'><strong>et</strong></span> <span class='ocrx_word' id='word_1_171' title='bbox 2237 1027 2370 1083; x_wconf 86' lang='lat' dir='ltr'><strong>illud</strong></span> <span class='ocrx_word' id='word_1_172' title='bbox 2392 1027 2412 1060; x_wconf 84' lang='grc'><em>³</em></span> <span class='ocrx_word' id='word_1_173' title='bbox 2434 1044 2447 1080; x_wconf 91' lang='lat'><strong>:</strong></span> <span class='ocrx_word' id='word_1_174' title='bbox 2480 1027 2706 1099; x_wconf 81' lang='lat' dir='ltr'><strong>Loquere</strong></span> <span class='ocrx_word' id='word_1_175' title='bbox 2728 1030 2859 1099; x_wconf 80' lang='lat' dir='ltr'><strong>ﬁliis</strong></span> <span class='ocrx_word' id='word_1_176' title='bbox 2878 1028 3086 1085; x_wconf 79' lang='lat' dir='ltr'><strong>Israel:</strong></span> <span class='ocrx_word' id='word_1_177' title='bbox 3110 1032 3356 1100; x_wconf 83' lang='lat' dir='ltr'><strong>fortassis</strong></span> <span class='ocrx_word' id='word_1_178' title='bbox 3372 1034 3609 1098; x_wconf 60' lang='lat' dir='ltr'><strong>audient,</strong></span> 
     </span>
    </p>
   </div>
   <div class='ocr_carea' id='block_1_25' title="bbox 2039 1117 3611 1189">
    <p class='ocr_par' dir='ltr' id='par_1_25' title="bbox 2039 1117 3611 1189">
     <span class='ocr_line' id='line_1_25' title="bbox 2039 1117 3611 1189; baseline 0.004 -18"><span class='ocrx_word' id='word_1_179' title='bbox 2039 1126 2089 1171; x_wconf 86' lang='lat' dir='ltr'><strong>et</strong></span> <span class='ocrx_word' id='word_1_180' title='bbox 2118 1118 2478 1187; x_wconf 61' lang='lat' dir='ltr'><strong>penitentiam</strong></span> <span class='ocrx_word' id='word_1_181' title='bbox 2510 1129 2688 1189; x_wconf 83' lang='lat' dir='ltr'><strong>agent.</strong></span> <span class='ocrx_word' id='word_1_182' title='bbox 2741 1117 2889 1174; x_wconf 84' lang='lat' dir='ltr'><strong>Istud</strong></span> <span class='ocrx_word' id='word_1_183' title='bbox 2932 1120 3177 1189; x_wconf 83' lang='lat' dir='ltr'><strong>fortassis</strong></span> <span class='ocrx_word' id='word_1_184' title='bbox 3207 1123 3454 1187; x_wconf 72' lang='lat' dir='ltr'><strong>audient,</strong></span> <span class='ocrx_word' id='word_1_185' title='bbox 3502 1140 3611 1178; x_wconf 91' lang='lat' dir='ltr'><strong>non</strong></span> 
     </span>
    </p>
   </div>
   <div class='ocr_carea' id='block_1_26' title="bbox 2040 1205 3613 1279">
    <p class='ocr_par' dir='ltr' id='par_1_26' title="bbox 2040 1205 3613 1279">
     <span class='ocr_line' id='line_1_26' title="bbox 2040 1205 3613 1279; baseline 0.004 -19"><span class='ocrx_word' id='word_1_186' title='bbox 2040 1223 2148 1277; x_wconf 84' lang='lat' dir='ltr'><strong>qua</strong></span> <span class='ocrx_word' id='word_1_187' title='bbox 2182 1205 2321 1262; x_wconf 83' lang='lat' dir='ltr'><strong>Deus</strong></span> <span class='ocrx_word' id='word_1_188' title='bbox 2350 1216 2454 1274; x_wconf 88' lang='lat' dir='ltr'><strong>est,</strong></span> <span class='ocrx_word' id='word_1_189' title='bbox 2487 1209 2663 1275; x_wconf 76' lang='lat' dir='ltr'><strong>dixit;</strong></span> <span class='ocrx_word' id='word_1_190' title='bbox 2697 1224 2874 1279; x_wconf 80' lang='lat' dir='ltr'><strong>neque</strong></span> <span class='ocrx_word' id='word_1_191' title='bbox 2901 1208 3046 1262; x_wconf 86' lang='lat' dir='ltr'><strong>enim</strong></span> <span class='ocrx_word' id='word_1_192' title='bbox 3077 1210 3223 1279; x_wconf 69' lang='lat' dir='ltr'><strong>quod</strong></span> <span class='ocrx_word' id='word_1_193' title='bbox 3255 1211 3496 1267; x_wconf 87' lang='lat' dir='ltr'><strong>incertus</strong></span> <span class='ocrx_word' id='word_1_194' title='bbox 3517 1213 3613 1277; x_wconf 88' lang='lat' dir='ltr'><strong>sit,</strong></span> 
     </span>
    </p>
   </div>
   <div class='ocr_carea' id='block_1_27' title="bbox 2041 1295 3615 1369">
    <p class='ocr_par' dir='ltr' id='par_1_27' title="bbox 2041 1295 3615 1369">
     <span class='ocr_line' id='line_1_27' title="bbox 2041 1295 3615 1369; baseline 0.001 -18"><span class='ocrx_word' id='word_1_195' title='bbox 2041 1296 2208 1351; x_wconf 75' lang='lat' dir='ltr'><strong>dixit:</strong></span> <span class='ocrx_word' id='word_1_196' title='bbox 2244 1295 2515 1352; x_wconf 81' lang='lat' dir='ltr'><strong>Fortassis</strong></span> <span class='ocrx_word' id='word_1_197' title='bbox 2558 1300 2772 1353; x_wconf 75' lang='lat' dir='ltr'><strong>audient</strong></span> <span class='ocrx_word' id='word_1_198' title='bbox 2804 1307 2853 1353; x_wconf 87' lang='lat' dir='ltr'><strong>et</strong></span> <span class='ocrx_word' id='word_1_199' title='bbox 2880 1300 3238 1367; x_wconf 67' lang='lat' dir='ltr'><strong>penitentiam</strong></span> <span class='ocrx_word' id='word_1_200' title='bbox 3287 1310 3475 1369; x_wconf 83' lang='lat' dir='ltr'><strong>agent;</strong></span> <span class='ocrx_word' id='word_1_201' title='bbox 3520 1300 3615 1356; x_wconf 86' lang='lat' dir='ltr'><strong>sed</strong></span> 
     </span>
    </p>
   </div>
   <div class='ocr_carea' id='block_1_28' title="bbox 2043 1388 3618 1454">
    <p class='ocr_par' dir='ltr' id='par_1_28' title="bbox 2043 1388 3618 1454">
     <span class='ocr_line' id='line_1_28' title="bbox 2043 1388 3618 1454; baseline 0.001 -13"><span class='ocrx_word' id='word_1_202' title='bbox 2043 1396 2103 1441; x_wconf 88' lang='lat' dir='ltr'><strong>ut</strong></span> <span class='ocrx_word' id='word_1_203' title='bbox 2136 1388 2428 1444; x_wconf 81' lang='lat' dir='ltr'><strong>admodum</strong></span> <span class='ocrx_word' id='word_1_204' title='bbox 2454 1390 2760 1446; x_wconf 85' lang='lat' dir='ltr'><strong>innotescat</strong></span> <span class='ocrx_word' id='word_1_205' title='bbox 2791 1400 2943 1445; x_wconf 91' lang='lat' dir='ltr'><strong>tuum</strong></span> <span class='ocrx_word' id='word_1_206' title='bbox 2968 1391 3196 1445; x_wconf 86' lang='lat' dir='ltr'><strong>liberum</strong></span> <span class='ocrx_word' id='word_1_207' title='bbox 3224 1390 3532 1454; x_wconf 81' lang='lat' dir='ltr'><strong>arbitrium,</strong></span> <span class='ocrx_word' id='word_1_208' title='bbox 3564 1398 3618 1443; x_wconf 92' lang='lat' dir='ltr'><strong>et</strong></span> 
     </span>
    </p>
   </div>
   <div class='ocr_carea' id='block_1_29' title="bbox 2043 1475 3620 1548">
    <p class='ocr_par' dir='ltr' id='par_1_29' title="bbox 2043 1475 3620 1548">
     <span class='ocr_line' id='line_1_29' title="bbox 2043 1475 3620 1548; baseline 0.001 -19"><span class='ocrx_word' id='word_1_209' title='bbox 2043 1490 2111 1531; x_wconf 89' lang='lat' dir='ltr'><strong>ne</strong></span> <span class='ocrx_word' id='word_1_210' title='bbox 2130 1475 2315 1531; x_wconf 87' lang='lat' dir='ltr'><strong>dicas:</strong></span> <span class='ocrx_word' id='word_1_211' title='bbox 2338 1476 2397 1531; x_wconf 90' lang='lat' dir='ltr'><strong>Si</strong></span> <span class='ocrx_word' id='word_1_212' title='bbox 2444 1492 2530 1531; x_wconf 87' lang='lat' dir='ltr'><strong>me</strong></span> <span class='ocrx_word' id='word_1_213' title='bbox 2569 1478 2867 1547; x_wconf 90' lang='lat' dir='ltr'><strong>periturum</strong></span> <span class='ocrx_word' id='word_1_214' title='bbox 2904 1476 3188 1548; x_wconf 71' lang='lat' dir='ltr'><strong>praeuovit,</strong></span> <span class='ocrx_word' id='word_1_215' title='bbox 3219 1476 3444 1530; x_wconf 89' lang='lat' dir='ltr'><strong>omnino</strong></span> <span class='ocrx_word' id='word_1_216' title='bbox 3475 1477 3620 1545; x_wconf 86' lang='lat' dir='ltr'><strong>peri-</strong></span> 
     </span>
    </p>
   </div>
   <div class='ocr_carea' id='block_1_30' title="bbox 2044 1568 3621 1639">
    <p class='ocr_par' dir='ltr' id='par_1_30' title="bbox 2044 1568 3621 1639">
     <span class='ocr_line' id='line_1_30' title="bbox 2044 1568 3621 1639; baseline 0 -19"><span class='ocrx_word' id='word_1_217' title='bbox 2044 1573 2202 1622; x_wconf 91' lang='lat' dir='ltr'><strong>turus</strong></span> <span class='ocrx_word' id='word_1_218' title='bbox 2233 1584 2376 1634; x_wconf 89' lang='lat' dir='ltr'><strong>sum;</strong></span> <span class='ocrx_word' id='word_1_219' title='bbox 2405 1568 2449 1624; x_wconf 89' lang='lat' dir='ltr'><strong>si</strong></span> <span class='ocrx_word' id='word_1_220' title='bbox 2473 1570 2736 1639; x_wconf 71' lang='lat' dir='ltr'><strong>praenovit</strong></span> <span class='ocrx_word' id='word_1_221' title='bbox 2756 1584 2842 1622; x_wconf 87' lang='lat' dir='ltr'><strong>me</strong></span> <span class='ocrx_word' id='word_1_222' title='bbox 2867 1570 3135 1623; x_wconf 84' lang='lat' dir='ltr'><strong>salvatum</strong></span> <span class='ocrx_word' id='word_1_223' title='bbox 3162 1568 3252 1635; x_wconf 86' lang='lat' dir='ltr'><strong>iri,</strong></span> <span class='ocrx_word' id='word_1_224' title='bbox 3277 1568 3465 1624; x_wconf 82' lang='lat' dir='ltr'><strong>salvus</strong></span> <span class='ocrx_word' id='word_1_225' title='bbox 3500 1582 3621 1621; x_wconf 89' lang='lat' dir='ltr'><strong>om-</strong></span> 
     </span>
    </p>
   </div>
   <div class='ocr_carea' id='block_1_31' title="bbox 2044 1658 3622 1734">
    <p class='ocr_par' dir='ltr' id='par_1_31' title="bbox 2044 1658 3622 1734">
     <span class='ocr_line' id='line_1_31' title="bbox 2044 1658 3622 1734; baseline -0.002 -18"><span class='ocrx_word' id='word_1_226' title='bbox 2044 1661 2176 1716; x_wconf 85' lang='lat' dir='ltr'><strong>nino</strong></span> <span class='ocrx_word' id='word_1_227' title='bbox 2206 1660 2423 1716; x_wconf 91' lang='lat' dir='ltr'><strong>futurus</strong></span> <span class='ocrx_word' id='word_1_228' title='bbox 2452 1676 2596 1717; x_wconf 82' lang='lat' dir='ltr'><strong>sunt.</strong></span> <span class='ocrx_word' id='word_1_229' title='bbox 2634 1660 2751 1715; x_wconf 82' lang='lat' dir='ltr'><strong>Non</strong></span> <span class='ocrx_word' id='word_1_230' title='bbox 2781 1677 2910 1734; x_wconf 75' lang='lat' dir='ltr'><strong>ergo</strong></span> <span class='ocrx_word' id='word_1_231' title='bbox 2941 1677 3050 1730; x_wconf 70' lang='lat' dir='ltr'><strong>prae</strong></span> <span class='ocrx_word' id='word_1_232' title='bbox 3083 1676 3141 1716; x_wconf 90' lang='lat' dir='ltr'><strong>se</strong></span> <span class='ocrx_word' id='word_1_233' title='bbox 3176 1658 3279 1715; x_wconf 88' lang='lat' dir='ltr'><strong>fert</strong></span> <span class='ocrx_word' id='word_1_234' title='bbox 3300 1675 3360 1716; x_wconf 88' lang='lat' dir='ltr'><strong>se</strong></span> <span class='ocrx_word' id='word_1_235' title='bbox 3395 1660 3526 1729; x_wconf 89' lang='lat' dir='ltr'><strong>quid</strong></span> <span class='ocrx_word' id='word_1_236' title='bbox 3553 1660 3622 1713; x_wconf 85' lang='lat' dir='ltr'><strong>de</strong></span> 
     </span>
    </p>
   </div>
   <div class='ocr_carea' id='block_1_32' title="bbox 366 1751 1949 1827">
    <p class='ocr_par' dir='ltr' id='par_1_32' title="bbox 366 1755 1944 1827">
     <span class='ocr_line' id='line_1_32' title="bbox 366 1755 1944 1827; baseline -0.002 -13"><span class='ocrx_word' id='word_1_237' title='bbox 366 1759 490 1826; x_wconf 83' lang='grc' dir='ltr'><strong>τοῖς</strong></span> <span class='ocrx_word' id='word_1_238' title='bbox 518 1757 669 1824; x_wconf 77' lang='grc' dir='ltr'><strong>υἱοῖς</strong></span> <span class='ocrx_word' id='word_1_239' title='bbox 706 1755 944 1825; x_wconf 61' lang='grc' dir='ltr'><strong>Ἰσραήλ</strong></span> <span class='ocrx_word' id='word_1_240' title='bbox 966 1773 980 1788; x_wconf 74' lang='grc' dir='ltr'><strong>ο</strong></span> <span class='ocrx_word' id='word_1_241' title='bbox 1022 1757 1170 1823; x_wconf 80' lang='grc' dir='ltr'><strong>ἴσως</strong></span> <span class='ocrx_word' id='word_1_242' title='bbox 1209 1756 1570 1813; x_wconf 72' lang='grc' dir='ltr'><strong>ἀκούσονται</strong></span> <span class='ocrx_word' id='word_1_243' title='bbox 1593 1797 1608 1823; x_wconf 95' lang='grc'><strong>,</strong></span> <span class='ocrx_word' id='word_1_244' title='bbox 1643 1759 1739 1812; x_wconf 81' lang='grc' dir='ltr'><strong>καί</strong></span> <span class='ocrx_word' id='word_1_245' title='bbox 1764 1774 1944 1827; x_wconf 83' lang='grc' dir='ltr'><strong>μετα-</strong></span> 
     </span>
    </p>
   </div>
   <div class='ocr_carea' id='block_1_33' title="bbox 2050 1751 3621 1827">
    <p class='ocr_par' dir='ltr' id='par_1_33' title="bbox 2050 1751 3621 1819">
     <span class='ocr_line' id='line_1_33' title="bbox 2050 1751 3621 1819; baseline -0.003 -11"><span class='ocrx_word' id='word_1_246' title='bbox 2050 1762 2098 1808; x_wconf 88' lang='lat' dir='ltr'><strong>te</strong></span> <span class='ocrx_word' id='word_1_247' title='bbox 2137 1752 2379 1807; x_wconf 90' lang='lat' dir='ltr'><strong>futurum</strong></span> <span class='ocrx_word' id='word_1_248' title='bbox 2404 1752 2476 1807; x_wconf 88' lang='lat' dir='ltr'><strong>sit</strong></span> <span class='ocrx_word' id='word_1_249' title='bbox 2499 1752 2660 1819; x_wconf 88' lang='lat' dir='ltr'><strong>scire,</strong></span> <span class='ocrx_word' id='word_1_250' title='bbox 2689 1764 2747 1807; x_wconf 94' lang='lat' dir='ltr'><strong>ut</strong></span> <span class='ocrx_word' id='word_1_251' title='bbox 2771 1753 2998 1808; x_wconf 89' lang='lat' dir='ltr'><strong>liberum</strong></span> <span class='ocrx_word' id='word_1_252' title='bbox 3026 1760 3176 1806; x_wconf 89' lang='lat' dir='ltr'><strong>tuum</strong></span> <span class='ocrx_word' id='word_1_253' title='bbox 3208 1751 3494 1807; x_wconf 80' lang='lat' dir='ltr'><strong>arbitrium</strong></span> <span class='ocrx_word' id='word_1_254' title='bbox 3533 1751 3621 1804; x_wconf 84' lang='lat' dir='ltr'><strong>in-</strong></span> 
     </span>
    </p>
   </div>
   <div class='ocr_carea' id='block_1_34' title="bbox 366 1820 1949 1919">
    <p class='ocr_par' dir='ltr' id='par_1_34' title="bbox 366 1820 1948 1919">
     <span class='ocr_line' id='line_1_34' title="bbox 366 1820 1948 1919; baseline -0.002 -16"><span class='ocrx_word' id='word_1_255' title='bbox 366 1820 684 1916; x_wconf 59' lang='grc' dir='ltr'><strong>γοῆσουσι.</strong></span> <span class='ocrx_word' id='word_1_256' title='bbox 737 1820 909 1899; x_wconf 75' lang='grc' dir='ltr'><strong>Τοῦτο</strong></span> <span class='ocrx_word' id='word_1_257' title='bbox 964 1847 1063 1917; x_wconf 83' lang='grc' dir='ltr'><strong>οὐχ</strong></span> <span class='ocrx_word' id='word_1_258' title='bbox 1106 1820 1304 1911; x_wconf 41' lang='grc' dir='ltr'><strong>ὁ-Θεὸς</strong></span> <span class='ocrx_word' id='word_1_259' title='bbox 1355 1847 1570 1919; x_wconf 77' lang='grc' dir='ltr'><strong>εἴρηκε,</strong></span> <span class='ocrx_word' id='word_1_260' title='bbox 1595 1820 1603 1823; x_wconf 19' lang='grc' dir='ltr'><strong><em>ν</em></strong></span> <span class='ocrx_word' id='word_1_261' title='bbox 1627 1846 1719 1901; x_wconf 74' lang='grc' dir='ltr'><strong>τόο</strong></span> <span class='ocrx_word' id='word_1_262' title='bbox 1764 1820 1948 1914; x_wconf 43' lang='grc' dir='ltr'><strong>’Ἴσως</strong></span> 
     </span>
    </p>
   </div>
   <div class='ocr_carea' id='block_1_35' title="bbox 2050 1820 3624 1919">
    <p class='ocr_par' dir='ltr' id='par_1_35' title="bbox 2050 1840 3624 1912">
     <span class='ocr_line' id='line_1_35' title="bbox 2050 1840 3624 1912; baseline -0.001 -17"><span class='ocrx_word' id='word_1_263' title='bbox 2050 1851 2259 1911; x_wconf 80' lang='lat' dir='ltr'><strong>tegrum</strong></span> <span class='ocrx_word' id='word_1_264' title='bbox 2285 1850 2483 1905; x_wconf 87' lang='lat' dir='ltr'><strong>servet,</strong></span> <span class='ocrx_word' id='word_1_265' title='bbox 2518 1857 2625 1896; x_wconf 89' lang='lat' dir='ltr'><strong>non</strong></span> <span class='ocrx_word' id='word_1_266' title='bbox 2650 1841 2825 1912; x_wconf 86' lang='lat' dir='ltr'><strong>posita</strong></span> <span class='ocrx_word' id='word_1_267' title='bbox 2853 1840 3186 1910; x_wconf 65' lang='lat' dir='ltr'><strong>pt&#39;aznotione</strong></span> <span class='ocrx_word' id='word_1_268' title='bbox 3209 1850 3264 1894; x_wconf 89' lang='lat' dir='ltr'><strong>et</strong></span> <span class='ocrx_word' id='word_1_269' title='bbox 3282 1840 3624 1909; x_wconf 73' lang='lat' dir='ltr'><strong>praescientia</strong></span> 
     </span>
    </p>
   </div>
   <div class='ocr_carea' id='block_1_36' title="bbox 367 1934 1942 2008">
    <p class='ocr_par' dir='ltr' id='par_1_36' title="bbox 367 1934 1942 2008">
     <span class='ocr_line' id='line_1_36' title="bbox 367 1934 1942 2008; baseline -0.003 -16"><span class='ocrx_word' id='word_1_270' title='bbox 367 1937 729 1993; x_wconf 76' lang='grc' dir='ltr'><strong>ἀκούσονται</strong></span> <span class='ocrx_word' id='word_1_271' title='bbox 751 1951 764 1965; x_wconf 77' lang='grc' dir='ltr'><strong>ο</strong></span> <span class='ocrx_word' id='word_1_272' title='bbox 814 1935 875 1988; x_wconf 82' lang='grc' dir='ltr'><strong>οὐ</strong></span> <span class='ocrx_word' id='word_1_273' title='bbox 903 1934 1014 2007; x_wconf 75' lang='grc' dir='ltr'><strong>γὰρ</strong></span> <span class='ocrx_word' id='word_1_274' title='bbox 1040 1935 1280 2001; x_wconf 78' lang='grc' dir='ltr'><strong>διστάζει</strong></span> <span class='ocrx_word' id='word_1_275' title='bbox 1310 1937 1339 1990; x_wconf 77' lang='grc' dir='ltr'><strong>ὁ</strong></span> <span class='ocrx_word' id='word_1_276' title='bbox 1372 1936 1506 1999; x_wconf 86' lang='grc' dir='ltr'><strong>Θεὸς</strong></span> <span class='ocrx_word' id='word_1_277' title='bbox 1548 1936 1634 1990; x_wconf 86' lang='grc' dir='ltr'><strong>ἵνα</strong></span> <span class='ocrx_word' id='word_1_278' title='bbox 1678 1935 1814 2008; x_wconf 75' lang='grc' dir='ltr'><strong>λέγῃ</strong></span> <span class='ocrx_word' id='word_1_279' title='bbox 1851 1936 1942 1989; x_wconf 77' lang='grc' dir='ltr'><strong>τόο</strong></span> 
     </span>
    </p>
   </div>
   <div class='ocr_carea' id='block_1_37' title="bbox 374 2025 1947 2097">
    <p class='ocr_par' dir='ltr' id='par_1_37' title="bbox 374 2025 1947 2097">
     <span class='ocr_line' id='line_1_37' title="bbox 374 2025 1947 2097; baseline -0.001 -15"><span class='ocrx_word' id='word_1_280' title='bbox 374 2029 544 2094; x_wconf 86' lang='grc' dir='ltr'><em>Ἴσως</em></span> <span class='ocrx_word' id='word_1_281' title='bbox 570 2027 951 2092; x_wconf 77' lang='grc' dir='ltr'><strong>ἀκούσονται,</strong></span> <span class='ocrx_word' id='word_1_282' title='bbox 981 2027 1083 2081; x_wconf 82' lang='grc' dir='ltr'><strong>καί</strong></span> <span class='ocrx_word' id='word_1_283' title='bbox 1099 2025 1549 2097; x_wconf 78' lang='grc' dir='ltr'><strong>μετανοήσουσι</strong></span> <span class='ocrx_word' id='word_1_284' title='bbox 1565 2044 1578 2057; x_wconf 90' lang='grc'><strong>·</strong></span> <span class='ocrx_word' id='word_1_285' title='bbox 1601 2028 1718 2081; x_wconf 86' lang='grc' dir='ltr'><strong>ἀλλ’</strong></span> <span class='ocrx_word' id='word_1_286' title='bbox 1739 2028 1828 2081; x_wconf 79' lang='grc' dir='ltr'><strong>ἴνα</strong></span> <span class='ocrx_word' id='word_1_287' title='bbox 1855 2026 1947 2080; x_wconf 75' lang='grc' dir='ltr'><strong>ἐπὶ</strong></span> 
     </span>
    </p>
   </div>
   <div class='ocr_carea' id='block_1_38' title="bbox 374 2117 1946 2191">
    <p class='ocr_par' dir='ltr' id='par_1_38' title="bbox 374 2117 1946 2191">
     <span class='ocr_line' id='line_1_38' title="bbox 374 2117 1946 2191; baseline -0.001 -18"><span class='ocrx_word' id='word_1_288' title='bbox 374 2118 509 2173; x_wconf 79' lang='grc' dir='ltr'><strong>πολὺ</strong></span> <span class='ocrx_word' id='word_1_289' title='bbox 541 2120 757 2190; x_wconf 77' lang='grc' dir='ltr'><strong>ἐμφανῇ</strong></span> <span class='ocrx_word' id='word_1_290' title='bbox 796 2135 885 2172; x_wconf 84' lang='grc' dir='ltr'><strong>σου</strong></span> <span class='ocrx_word' id='word_1_291' title='bbox 914 2117 974 2171; x_wconf 80' lang='grc' dir='ltr'><strong>τὸ</strong></span> <span class='ocrx_word' id='word_1_292' title='bbox 1015 2118 1382 2187; x_wconf 76' lang='grc' dir='ltr'><strong>αὐτεξούσιον,</strong></span> <span class='ocrx_word' id='word_1_293' title='bbox 1414 2120 1508 2172; x_wconf 72' lang='grc' dir='ltr'><strong>καὶ</strong></span> <span class='ocrx_word' id='word_1_294' title='bbox 1538 2118 1615 2191; x_wconf 85' lang='grc' dir='ltr'><strong>μὴ</strong></span> <span class='ocrx_word' id='word_1_295' title='bbox 1648 2120 1841 2189; x_wconf 55' lang='lat' dir='ltr'><strong>alitur</strong></span> <span class='ocrx_word' id='word_1_296' title='bbox 1884 2119 1946 2172; x_wconf 90' lang='grc' dir='ltr'><strong>Εἰ</strong></span> 
     </span>
    </p>
   </div>
   <div class='ocr_carea' id='block_1_39' title="bbox 375 2204 1948 2280">
    <p class='ocr_par' dir='ltr' id='par_1_39' title="bbox 375 2204 1948 2280">
     <span class='ocr_line' id='line_1_39' title="bbox 375 2204 1948 2280; baseline -0.003 -17"><span class='ocrx_word' id='word_1_297' title='bbox 375 2209 621 2280; x_wconf 79' lang='grc' dir='ltr'><strong>προέγνω</strong></span> <span class='ocrx_word' id='word_1_298' title='bbox 646 2225 713 2280; x_wconf 89' lang='grc' dir='ltr'><strong>με</strong></span> <span class='ocrx_word' id='word_1_299' title='bbox 733 2207 1122 2279; x_wconf 83' lang='grc' dir='ltr'><strong>ἀπολλύμενον,</strong></span> <span class='ocrx_word' id='word_1_300' title='bbox 1154 2204 1450 2262; x_wconf 82' lang='grc' dir='ltr'><strong>ἀπολέσθαι</strong></span> <span class='ocrx_word' id='word_1_301' title='bbox 1471 2225 1537 2279; x_wconf 87' lang='grc' dir='ltr'><strong>με</strong></span> <span class='ocrx_word' id='word_1_302' title='bbox 1569 2208 1678 2262; x_wconf 83' lang='grc' dir='ltr'><strong>δεῖ’</strong></span> <span class='ocrx_word' id='word_1_303' title='bbox 1714 2210 1763 2261; x_wconf 89' lang='grc' dir='ltr'><strong>εἰ</strong></span> <span class='ocrx_word' id='word_1_304' title='bbox 1787 2206 1948 2273; x_wconf 87' lang='grc' dir='ltr'><strong>προέ-</strong></span> 
     </span>
    </p>
   </div>
   <div class='ocr_carea' id='block_1_40' title="bbox 370 2297 1944 2371">
    <p class='ocr_par' dir='ltr' id='par_1_40' title="bbox 370 2297 1944 2371">
     <span class='ocr_line' id='line_1_40' title="bbox 370 2297 1944 2371; baseline 0.002 -19"><span class='ocrx_word' id='word_1_305' title='bbox 370 2316 480 2368; x_wconf 89' lang='grc' dir='ltr'><strong>γνω</strong></span> <span class='ocrx_word' id='word_1_306' title='bbox 507 2315 575 2371; x_wconf 85' lang='grc' dir='ltr'><strong>με</strong></span> <span class='ocrx_word' id='word_1_307' title='bbox 624 2298 1034 2371; x_wconf 83' lang='grc' dir='ltr'><strong>σωθησόμενον,</strong></span> <span class='ocrx_word' id='word_1_308' title='bbox 1079 2297 1417 2371; x_wconf 84' lang='grc' dir='ltr'><strong>σωθήσεσθαι</strong></span> <span class='ocrx_word' id='word_1_309' title='bbox 1454 2298 1672 2362; x_wconf 80' lang='grc' dir='ltr'><strong>πάντως</strong></span> <span class='ocrx_word' id='word_1_310' title='bbox 1719 2315 1785 2368; x_wconf 87' lang='grc' dir='ltr'><strong>με</strong></span> <span class='ocrx_word' id='word_1_311' title='bbox 1815 2297 1944 2369; x_wconf 79' lang='grc' dir='ltr'><strong>χρή.</strong></span> 
     </span>
    </p>
   </div>
   <div class='ocr_carea' id='block_1_41' title="bbox 369 2383 1949 2461">
    <p class='ocr_par' dir='ltr' id='par_1_41' title="bbox 369 2383 1949 2461">
     <span class='ocr_line' id='line_1_41' title="bbox 369 2383 1949 2461; baseline -0.001 -20"><span class='ocrx_word' id='word_1_312' title='bbox 369 2388 441 2442; x_wconf 79' lang='grc' dir='ltr'><strong>οὐ</strong></span> <span class='ocrx_word' id='word_1_313' title='bbox 470 2389 844 2461; x_wconf 78' lang='grc' dir='ltr'><strong>προσποιεῖται</strong></span> <span class='ocrx_word' id='word_1_314' title='bbox 889 2383 981 2443; x_wconf 81' lang='grc' dir='ltr'><strong>οὖν</strong></span> <span class='ocrx_word' id='word_1_315' title='bbox 1024 2388 1084 2441; x_wconf 85' lang='grc' dir='ltr'><strong>τὸ</strong></span> <span class='ocrx_word' id='word_1_316' title='bbox 1115 2387 1241 2460; x_wconf 68' lang='grc' dir='ltr'><strong>περὶ</strong></span> <span class='ocrx_word' id='word_1_317' title='bbox 1271 2386 1366 2442; x_wconf 89' lang='grc' dir='ltr'><strong>τοῦ</strong></span> <span class='ocrx_word' id='word_1_318' title='bbox 1403 2389 1495 2442; x_wconf 78' lang='grc' dir='ltr'><strong>ἐπὶ</strong></span> <span class='ocrx_word' id='word_1_319' title='bbox 1540 2389 1623 2441; x_wconf 77' lang='grc' dir='ltr'><strong>σοι</strong></span> <span class='ocrx_word' id='word_1_320' title='bbox 1667 2388 1949 2459; x_wconf 86' lang='grc' dir='ltr'><strong>μέλλοντος</strong></span> 
     </span>
    </p>
   </div>
   <div class='ocr_carea' id='block_1_42' title="bbox 367 2476 1949 2552">
    <p class='ocr_par' dir='ltr' id='par_1_42' title="bbox 367 2476 1949 2552">
     <span class='ocr_line' id='line_1_42' title="bbox 367 2476 1949 2552; baseline -0.001 -20"><span class='ocrx_word' id='word_1_321' title='bbox 367 2477 583 2545; x_wconf 81' lang='grc' dir='ltr'><strong>εἰδέναι,</strong></span> <span class='ocrx_word' id='word_1_322' title='bbox 617 2477 706 2534; x_wconf 79' lang='grc' dir='ltr'><strong>ἵνα</strong></span> <span class='ocrx_word' id='word_1_323' title='bbox 723 2481 938 2552; x_wconf 76' lang='grc' dir='ltr'><strong>τηρήσῃ</strong></span> <span class='ocrx_word' id='word_1_324' title='bbox 968 2496 1064 2533; x_wconf 88' lang='grc' dir='ltr'><strong>σου</strong></span> <span class='ocrx_word' id='word_1_325' title='bbox 1085 2478 1146 2532; x_wconf 81' lang='grc' dir='ltr'><strong>τὸ</strong></span> <span class='ocrx_word' id='word_1_326' title='bbox 1177 2476 1634 2551; x_wconf 81' lang='grc' dir='ltr'><strong>αὐτεξούσιον,τῷ</strong></span> <span class='ocrx_word' id='word_1_327' title='bbox 1656 2480 1732 2552; x_wconf 81' lang='grc' dir='ltr'><strong>μὴ</strong></span> <span class='ocrx_word' id='word_1_328' title='bbox 1764 2495 1949 2551; x_wconf 81' lang='grc' dir='ltr'><strong>προει-</strong></span> 
     </span>
    </p>
   </div>
   <div class='ocr_carea' id='block_1_43' title="bbox 367 2565 1949 2645">
    <p class='ocr_par' dir='ltr' id='par_1_43' title="bbox 367 2565 1949 2645">
     <span class='ocr_line' id='line_1_43' title="bbox 367 2565 1949 2645; baseline 0.004 -27"><span class='ocrx_word' id='word_1_329' title='bbox 367 2565 613 2638; x_wconf 82' lang='grc' dir='ltr'><strong>ληφέναι,</strong></span> <span class='ocrx_word' id='word_1_330' title='bbox 647 2568 780 2639; x_wconf 82' lang='grc' dir='ltr'><strong>μηδὲ</strong></span> <span class='ocrx_word' id='word_1_331' title='bbox 812 2568 1218 2641; x_wconf 80' lang='grc' dir='ltr'><strong>προεγνωκέναι</strong></span> <span class='ocrx_word' id='word_1_332' title='bbox 1242 2568 1469 2642; x_wconf 88' lang='grc' dir='ltr'><strong>πότερον</strong></span> <span class='ocrx_word' id='word_1_333' title='bbox 1502 2572 1849 2643; x_wconf 79' lang='grc' dir='ltr'><strong>μετανοήσεις</strong></span> <span class='ocrx_word' id='word_1_334' title='bbox 1874 2569 1949 2645; x_wconf 69' lang='grc' dir='ltr'><strong>,ἦ</strong></span> 
     </span>
    </p>
   </div>
   <div class='ocr_carea' id='block_1_44' title="bbox 370 2653 1951 2729">
    <p class='ocr_par' dir='ltr' id='par_1_44' title="bbox 370 2653 1951 2729">
     <span class='ocr_line' id='line_1_44' title="bbox 370 2653 1951 2729; baseline -0.001 -21"><span class='ocrx_word' id='word_1_335' title='bbox 370 2658 470 2728; x_wconf 80' lang='grc' dir='ltr'><strong>μή.</strong></span> <span class='ocrx_word' id='word_1_336' title='bbox 496 2657 606 2709; x_wconf 69' lang='grc' dir='ltr'><strong>Καὶ</strong></span> <span class='ocrx_word' id='word_1_337' title='bbox 628 2657 776 2725; x_wconf 85' lang='grc' dir='ltr'><strong>λέγει</strong></span> <span class='ocrx_word' id='word_1_338' title='bbox 795 2656 932 2729; x_wconf 84' lang='grc' dir='ltr'><strong>πρὸς</strong></span> <span class='ocrx_word' id='word_1_339' title='bbox 958 2656 1052 2709; x_wconf 75' lang='grc' dir='ltr'><strong>τὸν</strong></span> <span class='ocrx_word' id='word_1_340' title='bbox 1086 2654 1371 2727; x_wconf 72' lang='grc' dir='ltr'><strong>προφήτην</strong></span> <span class='ocrx_word' id='word_1_341' title='bbox 1390 2672 1403 2685; x_wconf 92' lang='grc'><strong>·</strong></span> <span class='ocrx_word' id='word_1_342' title='bbox 1436 2653 1723 2724; x_wconf 60' lang='lat' dir='ltr'><strong>Adducor</strong></span> <span class='ocrx_word' id='word_1_343' title='bbox 1740 2696 1755 2720; x_wconf 86' lang='lat'><strong>,</strong></span> <span class='ocrx_word' id='word_1_344' title='bbox 1803 2656 1951 2721; x_wconf 77' lang='grc' dir='ltr'><strong>ἴσως</strong></span> 
     </span>
    </p>
   </div>
   <div class='ocr_carea' id='block_1_45' title="bbox 362 2744 1950 2819">
    <p class='ocr_par' dir='ltr' id='par_1_45' title="bbox 362 2744 1950 2819">
     <span class='ocr_line' id='line_1_45' title="bbox 362 2744 1950 2819; baseline -0.001 -20"><span class='ocrx_word' id='word_1_345' title='bbox 362 2746 813 2815; x_wconf 80' lang='grc' dir='ltr'><strong>μετανοήσωσι·</strong></span> <span class='ocrx_word' id='word_1_346' title='bbox 866 2744 1091 2801; x_wconf 87' lang='grc' dir='ltr'><strong>τοιαῦτα</strong></span> <span class='ocrx_word' id='word_1_347' title='bbox 1133 2744 1241 2817; x_wconf 72' lang='grc' dir='ltr'><strong>γὰρ</strong></span> <span class='ocrx_word' id='word_1_348' title='bbox 1273 2744 1429 2799; x_wconf 57' lang='grc' dir='ltr'><strong>ἄλλα</strong></span> <span class='ocrx_word' id='word_1_349' title='bbox 1483 2745 1653 2819; x_wconf 83' lang='grc' dir='ltr'><strong>μυρία</strong></span> <span class='ocrx_word' id='word_1_350' title='bbox 1698 2746 1950 2819; x_wconf 79' lang='grc' dir='ltr'><strong>εὑρήσεις</strong></span> 
     </span>
    </p>
   </div>
   <div class='ocr_carea' id='block_1_46' title="bbox 369 2833 1954 2908">
    <p class='ocr_par' dir='ltr' id='par_1_46' title="bbox 369 2833 1954 2908">
     <span class='ocr_line' id='line_1_46' title="bbox 369 2833 1954 2908; baseline 0.003 -21"><span class='ocrx_word' id='word_1_351' title='bbox 369 2834 634 2905; x_wconf 84' lang='grc' dir='ltr'><strong>λεγόμενα</strong></span> <span class='ocrx_word' id='word_1_352' title='bbox 662 2833 907 2906; x_wconf 70' lang='grc' dir='ltr'><strong>περὶτοῦ</strong></span> <span class='ocrx_word' id='word_1_353' title='bbox 938 2833 1075 2887; x_wconf 86' lang='grc' dir='ltr'><strong>Θεοῦ</strong></span> <span class='ocrx_word' id='word_1_354' title='bbox 1106 2834 1574 2907; x_wconf 76' lang='grc' dir='ltr'><strong>τροποφοροῦντος</strong></span> <span class='ocrx_word' id='word_1_355' title='bbox 1617 2836 1708 2890; x_wconf 72' lang='grc' dir='ltr'><strong>τὸν</strong></span> <span class='ocrx_word' id='word_1_356' title='bbox 1751 2836 1954 2908; x_wconf 79' lang='grc' dir='ltr'><strong>ἄνθρω-</strong></span> 
     </span>
    </p>
   </div>
   <div class='ocr_carea' id='block_1_47' title="bbox 373 2922 1954 2998">
    <p class='ocr_par' dir='ltr' id='par_1_47' title="bbox 373 2922 1954 2998">
     <span class='ocr_line' id='line_1_47' title="bbox 373 2922 1954 2998; baseline 0.002 -21"><span class='ocrx_word' id='word_1_357' title='bbox 373 2941 495 2977; x_wconf 84' lang='grc' dir='ltr'><strong>πον.</strong></span> <span class='ocrx_word' id='word_1_358' title='bbox 542 2924 669 2979; x_wconf 74' lang='grc' dir='ltr'><strong>Ἐὰν</strong></span> <span class='ocrx_word' id='word_1_359' title='bbox 697 2924 937 2997; x_wconf 74' lang='grc' dir='ltr'><strong>ἀκούσης</strong></span> <span class='ocrx_word' id='word_1_360' title='bbox 969 2923 1139 2996; x_wconf 81' lang='grc' dir='ltr'><strong>θυμὸν</strong></span> <span class='ocrx_word' id='word_1_361' title='bbox 1167 2925 1301 2979; x_wconf 88' lang='grc' dir='ltr'><strong>Θεοῦ</strong></span> <span class='ocrx_word' id='word_1_362' title='bbox 1326 2926 1422 2980; x_wconf 79' lang='grc' dir='ltr'><strong>καὶ</strong></span> <span class='ocrx_word' id='word_1_363' title='bbox 1446 2926 1615 2998; x_wconf 79' lang='grc' dir='ltr'><strong>ὀργὴν</strong></span> <span class='ocrx_word' id='word_1_364' title='bbox 1647 2922 1833 2991; x_wconf 77' lang='grc' dir='ltr'><strong>αὐτοῦ,</strong></span> <span class='ocrx_word' id='word_1_365' title='bbox 1875 2922 1954 2998; x_wconf 77' lang='grc' dir='ltr'><strong>μὴ</strong></span> 
     </span>
    </p>
   </div>
   <div class='ocr_carea' id='block_1_48' title="bbox 375 3011 1950 3088">
    <p class='ocr_par' dir='ltr' id='par_1_48' title="bbox 375 3011 1950 3088">
     <span class='ocr_line' id='line_1_48' title="bbox 375 3011 1950 3088; baseline 0.004 -22"><span class='ocrx_word' id='word_1_366' title='bbox 375 3014 562 3084; x_wconf 72' lang='grc' dir='ltr'><strong>νόμιζε</strong></span> <span class='ocrx_word' id='word_1_367' title='bbox 606 3014 704 3087; x_wconf 78' lang='grc' dir='ltr'><strong>τὴν</strong></span> <span class='ocrx_word' id='word_1_368' title='bbox 752 3014 923 3087; x_wconf 80' lang='grc' dir='ltr'><strong>ὀργὴν</strong></span> <span class='ocrx_word' id='word_1_369' title='bbox 969 3015 1063 3069; x_wconf 80' lang='grc' dir='ltr'><strong>καί</strong></span> <span class='ocrx_word' id='word_1_370' title='bbox 1097 3015 1189 3070; x_wconf 79' lang='grc' dir='ltr'><strong>τὸν</strong></span> <span class='ocrx_word' id='word_1_371' title='bbox 1232 3015 1400 3087; x_wconf 77' lang='grc' dir='ltr'><strong>θυμὸν</strong></span> <span class='ocrx_word' id='word_1_372' title='bbox 1434 3015 1579 3088; x_wconf 80' lang='grc' dir='ltr'><strong>πάθη</strong></span> <span class='ocrx_word' id='word_1_373' title='bbox 1613 3011 1752 3069; x_wconf 77' lang='grc' dir='ltr'><strong>εἶναι</strong></span> <span class='ocrx_word' id='word_1_374' title='bbox 1794 3014 1950 3072; x_wconf 86' lang='grc' dir='ltr'><strong>Θεοῦ.</strong></span> 
     </span>
    </p>
   </div>
   <div class='ocr_carea' id='block_1_49' title="bbox 378 3102 1954 3179">
    <p class='ocr_par' dir='ltr' id='par_1_49' title="bbox 378 3102 1954 3179">
     <span class='ocr_line' id='line_1_49' title="bbox 378 3102 1954 3179; baseline 0.004 -25"><span class='ocrx_word' id='word_1_375' title='bbox 378 3102 687 3174; x_wconf 88' lang='grc' dir='ltr'><strong>Οίκονομίαι</strong></span> <span class='ocrx_word' id='word_1_376' title='bbox 720 3105 967 3178; x_wconf 80' lang='grc' dir='ltr'><strong>χρήσεως</strong></span> <span class='ocrx_word' id='word_1_377' title='bbox 985 3104 1182 3173; x_wconf 78' lang='grc' dir='ltr'><strong>λέξεών</strong></span> <span class='ocrx_word' id='word_1_378' title='bbox 1205 3106 1312 3160; x_wconf 91' lang='grc' dir='ltr'><strong>εἰσι</strong></span> <span class='ocrx_word' id='word_1_379' title='bbox 1346 3104 1482 3179; x_wconf 82' lang='grc' dir='ltr'><strong>πρὸς</strong></span> <span class='ocrx_word' id='word_1_380' title='bbox 1508 3107 1569 3159; x_wconf 85' lang='grc' dir='ltr'><strong>τὸ</strong></span> <span class='ocrx_word' id='word_1_381' title='bbox 1591 3105 1791 3179; x_wconf 81' lang='grc' dir='ltr'><strong>βρέφος</strong></span> <span class='ocrx_word' id='word_1_382' title='bbox 1833 3108 1954 3161; x_wconf 82' lang='grc' dir='ltr'><strong>ὲπι-</strong></span> 
     </span>
    </p>
   </div>
   <div class='ocr_carea' id='block_1_50' title="bbox 381 3192 1956 3268">
    <p class='ocr_par' dir='ltr' id='par_1_50' title="bbox 381 3192 1956 3268">
     <span class='ocr_line' id='line_1_50' title="bbox 381 3192 1956 3268; baseline 0.002 -21"><span class='ocrx_word' id='word_1_383' title='bbox 381 3192 607 3265; x_wconf 72' lang='grc' dir='ltr'><strong>στρέψαι</strong></span> <span class='ocrx_word' id='word_1_384' title='bbox 639 3197 733 3250; x_wconf 77' lang='grc' dir='ltr'><strong>καὶ</strong></span> <span class='ocrx_word' id='word_1_385' title='bbox 760 3194 1148 3268; x_wconf 83' lang='grc' dir='ltr'><strong>βελτιωθῆναι·</strong></span> <span class='ocrx_word' id='word_1_386' title='bbox 1183 3197 1306 3250; x_wconf 74' lang='grc' dir='ltr'><strong>ἐπεὶ</strong></span> <span class='ocrx_word' id='word_1_387' title='bbox 1337 3197 1432 3251; x_wconf 77' lang='grc' dir='ltr'><strong>καὶ</strong></span> <span class='ocrx_word' id='word_1_388' title='bbox 1460 3199 1622 3268; x_wconf 80' lang='grc' dir='ltr'><strong>ἡμεῖς</strong></span> <span class='ocrx_word' id='word_1_389' title='bbox 1673 3200 1786 3261; x_wconf 87' lang='grc' dir='ltr'><strong>τοῖς</strong></span> <span class='ocrx_word' id='word_1_390' title='bbox 1829 3214 1956 3251; x_wconf 86' lang='grc' dir='ltr'><strong>παι-</strong></span> 
     </span>
    </p>
   </div>
   <div class='ocr_carea' id='block_1_51' title="bbox 372 3278 1955 3358">
    <p class='ocr_par' dir='ltr' id='par_1_51' title="bbox 372 3278 1955 3358">
     <span class='ocr_line' id='line_1_51' title="bbox 372 3278 1955 3358; baseline 0.004 -21"><span class='ocrx_word' id='word_1_391' title='bbox 372 3280 505 3347; x_wconf 83' lang='grc' dir='ltr'><strong>δίοις</strong></span> <span class='ocrx_word' id='word_1_392' title='bbox 544 3286 834 3357; x_wconf 87' lang='grc' dir='ltr'><strong>πρόσωπον</strong></span> <span class='ocrx_word' id='word_1_393' title='bbox 879 3286 1140 3358; x_wconf 82' lang='grc' dir='ltr'><strong>ποιοῦμεν</strong></span> <span class='ocrx_word' id='word_1_394' title='bbox 1175 3287 1275 3341; x_wconf 80' lang='grc' dir='ltr'><strong>οὐκ</strong></span> <span class='ocrx_word' id='word_1_395' title='bbox 1331 3278 1439 3341; x_wconf 70' lang='grc' dir='ltr'><strong>ἀπὸ</strong></span> <span class='ocrx_word' id='word_1_396' title='bbox 1463 3286 1775 3353; x_wconf 83' lang='grc' dir='ltr'><strong>διαθέσεως,</strong></span> <span class='ocrx_word' id='word_1_397' title='bbox 1817 3287 1955 3345; x_wconf 84' lang='grc' dir='ltr'><strong>ἀλλά</strong></span> 
     </span>
    </p>
   </div>
   <div class='ocr_carea' id='block_1_52' title="bbox 376 3376 1956 3453">
    <p class='ocr_par' dir='ltr' id='par_1_52' title="bbox 376 3376 1956 3453">
     <span class='ocr_line' id='line_1_52' title="bbox 376 3376 1956 3453; baseline 0.006 -25"><span class='ocrx_word' id='word_1_398' title='bbox 376 3376 497 3429; x_wconf 86' lang='grc' dir='ltr'><strong>κατ’</strong></span> <span class='ocrx_word' id='word_1_399' title='bbox 527 3377 859 3449; x_wconf 78' lang='grc' dir='ltr'><strong>οἰκονομίαν,</strong></span> <span class='ocrx_word' id='word_1_400' title='bbox 889 3376 1135 3451; x_wconf 75' lang='grc' dir='ltr'><strong>φοϐερόν.</strong></span> <span class='ocrx_word' id='word_1_401' title='bbox 1181 3376 1309 3433; x_wconf 80' lang='grc' dir='ltr'><strong>Ἐὰν</strong></span> <span class='ocrx_word' id='word_1_402' title='bbox 1338 3381 1666 3453; x_wconf 78' lang='grc' dir='ltr'><strong>τηρήσωμεν</strong></span> <span class='ocrx_word' id='word_1_403' title='bbox 1696 3381 1757 3435; x_wconf 89' lang='grc' dir='ltr'><strong>τδ</strong></span> <span class='ocrx_word' id='word_1_404' title='bbox 1798 3382 1956 3437; x_wconf 85' lang='grc' dir='ltr'><strong>ἵλεων</strong></span> 
     </span>
    </p>
   </div>
   <div class='ocr_carea' id='block_1_53' title="bbox 373 3465 1953 3546">
    <p class='ocr_par' dir='ltr' id='par_1_53' title="bbox 373 3465 1953 3546">
     <span class='ocr_line' id='line_1_53' title="bbox 373 3465 1953 3546; baseline 0.006 -27"><span class='ocrx_word' id='word_1_405' title='bbox 373 3465 472 3537; x_wconf 81' lang='grc' dir='ltr'><strong>τῆς</strong></span> <span class='ocrx_word' id='word_1_406' title='bbox 499 3466 676 3539; x_wconf 77' lang='grc' dir='ltr'><strong>ψυχῆς</strong></span> <span class='ocrx_word' id='word_1_407' title='bbox 724 3468 862 3541; x_wconf 81' lang='grc' dir='ltr'><strong>πρὸς</strong></span> <span class='ocrx_word' id='word_1_408' title='bbox 908 3468 967 3524; x_wconf 80' lang='grc' dir='ltr'><strong>τὸ</strong></span> <span class='ocrx_word' id='word_1_409' title='bbox 1016 3469 1214 3541; x_wconf 80' lang='grc' dir='ltr'><strong>βρέφος</strong></span> <span class='ocrx_word' id='word_1_410' title='bbox 1245 3471 1302 3525; x_wconf 83' lang='grc' dir='ltr'><strong>ὲν</strong></span> <span class='ocrx_word' id='word_1_411' title='bbox 1337 3471 1417 3542; x_wconf 83' lang='grc' dir='ltr'><strong>τῷ</strong></span> <span class='ocrx_word' id='word_1_412' title='bbox 1465 3473 1743 3545; x_wconf 83' lang='grc' dir='ltr'><strong>προσώπῳ</strong></span> <span class='ocrx_word' id='word_1_413' title='bbox 1773 3473 1953 3546; x_wconf 81' lang='grc' dir='ltr'><strong>ἡμῶν,</strong></span> 
     </span>
    </p>
   </div>
   <div class='ocr_carea' id='block_1_54' title="bbox 375 3557 1957 3637">
    <p class='ocr_par' dir='ltr' id='par_1_54' title="bbox 375 3557 1957 3637">
     <span class='ocr_line' id='line_1_54' title="bbox 375 3557 1957 3637; baseline 0.006 -27"><span class='ocrx_word' id='word_1_414' title='bbox 375 3557 468 3610; x_wconf 74' lang='grc' dir='ltr'><strong>καὶ</strong></span> <span class='ocrx_word' id='word_1_415' title='bbox 486 3557 585 3629; x_wconf 80' lang='grc' dir='ltr'><strong>τὴν</strong></span> <span class='ocrx_word' id='word_1_416' title='bbox 604 3558 981 3632; x_wconf 76' lang='grc' dir='ltr'><strong>φιλοστοργίαν</strong></span> <span class='ocrx_word' id='word_1_417' title='bbox 999 3563 1063 3632; x_wconf 76' lang='grc' dir='ltr'><strong>ἣν</strong></span> <span class='ocrx_word' id='word_1_418' title='bbox 1086 3560 1281 3634; x_wconf 75' lang='grc' dir='ltr'><strong>ἔχομεν</strong></span> <span class='ocrx_word' id='word_1_419' title='bbox 1296 3563 1432 3636; x_wconf 81' lang='grc' dir='ltr'><strong>πρὸς</strong></span> <span class='ocrx_word' id='word_1_420' title='bbox 1446 3563 1577 3618; x_wconf 79' lang='grc' dir='ltr'><strong>αὐτὸ</strong></span> <span class='ocrx_word' id='word_1_421' title='bbox 1596 3565 1957 3637; x_wconf 79' lang='grc' dir='ltr'><strong>ἐμφαίνομεν,</strong></span> 
     </span>
    </p>
   </div>
   <div class='ocr_carea' id='block_1_55' title="bbox 2048 1931 3625 2003">
    <p class='ocr_par' dir='ltr' id='par_1_55' title="bbox 2048 1931 3625 2003">
     <span class='ocr_line' id='line_1_55' title="bbox 2048 1931 3625 2003; baseline -0.002 -15"><span class='ocrx_word' id='word_1_422' title='bbox 2048 1950 2117 1988; x_wconf 86' lang='lat' dir='ltr'><strong>an</strong></span> <span class='ocrx_word' id='word_1_423' title='bbox 2136 1931 2514 2003; x_wconf 68' lang='lat' dir='ltr'><strong>pgnuitentiam</strong></span> <span class='ocrx_word' id='word_1_424' title='bbox 2535 1942 2761 1988; x_wconf 82' lang='lat' dir='ltr'><strong>acturus</strong></span> <span class='ocrx_word' id='word_1_425' title='bbox 2788 1934 2888 1998; x_wconf 87' lang='lat' dir='ltr'><strong>sis,</strong></span> <span class='ocrx_word' id='word_1_426' title='bbox 2918 1948 3107 1988; x_wconf 80' lang='lat' dir='ltr'><strong>necne.</strong></span> <span class='ocrx_word' id='word_1_427' title='bbox 3124 1931 3185 1987; x_wconf 86' lang='lat' dir='ltr'><strong>Et</strong></span> <span class='ocrx_word' id='word_1_428' title='bbox 3209 1931 3285 1988; x_wconf 86' lang='lat' dir='ltr'><strong>ait</strong></span> <span class='ocrx_word' id='word_1_429' title='bbox 3307 1932 3372 1986; x_wconf 92' lang='lat' dir='ltr'><strong>ad</strong></span> <span class='ocrx_word' id='word_1_430' title='bbox 3390 1932 3625 2002; x_wconf 82' lang='lat' dir='ltr'><strong>propbe-</strong></span> 
     </span>
    </p>
   </div>
   <div class='ocr_carea' id='block_1_56' title="bbox 2049 2023 3627 2097">
    <p class='ocr_par' dir='ltr' id='par_1_56' title="bbox 2049 2023 3627 2097">
     <span class='ocr_line' id='line_1_56' title="bbox 2049 2023 3627 2097; baseline -0.001 -17"><span class='ocrx_word' id='word_1_431' title='bbox 2049 2034 2155 2080; x_wconf 87' lang='lat' dir='ltr'><strong>tam</strong></span> <span class='ocrx_word' id='word_1_432' title='bbox 2191 2043 2204 2079; x_wconf 89' lang='lat'><strong>:</strong></span> <span class='ocrx_word' id='word_1_433' title='bbox 2239 2023 2489 2095; x_wconf 83' lang='lat' dir='ltr'><strong>Loquere,</strong></span> <span class='ocrx_word' id='word_1_434' title='bbox 2528 2026 2774 2095; x_wconf 78' lang='lat' dir='ltr'><strong>fortassis</strong></span> <span class='ocrx_word' id='word_1_435' title='bbox 2812 2027 3175 2097; x_wconf 70' lang='lat' dir='ltr'><strong>pwtitentiam</strong></span> <span class='ocrx_word' id='word_1_436' title='bbox 3212 2037 3388 2096; x_wconf 85' lang='lat' dir='ltr'><strong>agent.</strong></span> <span class='ocrx_word' id='word_1_437' title='bbox 3434 2024 3627 2079; x_wconf 78' lang='lat' dir='ltr'><strong>Istius-</strong></span> 
     </span>
    </p>
   </div>
   <div class='ocr_carea' id='block_1_57' title="bbox 2048 2115 3627 2188">
    <p class='ocr_par' dir='ltr' id='par_1_57' title="bbox 2048 2115 3627 2188">
     <span class='ocr_line' id='line_1_57' title="bbox 2048 2115 3627 2188; baseline -0.001 -18"><span class='ocrx_word' id='word_1_438' title='bbox 2048 2115 2193 2171; x_wconf 92' lang='lat' dir='ltr'><strong>modi</strong></span> <span class='ocrx_word' id='word_1_439' title='bbox 2217 2116 2362 2172; x_wconf 89' lang='lat' dir='ltr'><strong>enim</strong></span> <span class='ocrx_word' id='word_1_440' title='bbox 2389 2116 2494 2171; x_wconf 87' lang='lat' dir='ltr'><strong>alia</strong></span> <span class='ocrx_word' id='word_1_441' title='bbox 2525 2128 2780 2173; x_wconf 82' lang='lat' dir='ltr'><strong>sexcenta</strong></span> <span class='ocrx_word' id='word_1_442' title='bbox 2813 2118 3053 2188; x_wconf 85' lang='lat' dir='ltr'><strong>reperies</strong></span> <span class='ocrx_word' id='word_1_443' title='bbox 3076 2118 3143 2173; x_wconf 85' lang='lat' dir='ltr'><strong>de</strong></span> <span class='ocrx_word' id='word_1_444' title='bbox 3185 2116 3295 2172; x_wconf 85' lang='lat' dir='ltr'><strong>Deo</strong></span> <span class='ocrx_word' id='word_1_445' title='bbox 3344 2117 3486 2171; x_wconf 86' lang='lat' dir='ltr'><strong>dicta</strong></span> <span class='ocrx_word' id='word_1_446' title='bbox 3525 2116 3627 2170; x_wconf 85' lang='lat' dir='ltr'><strong>bn-</strong></span> 
     </span>
    </p>
   </div>
   <div class='ocr_carea' id='block_1_58' title="bbox 2047 2191 3626 2278">
    <p class='ocr_par' dir='ltr' id='par_1_58' title="bbox 2047 2191 3626 2278">
     <span class='ocr_line' id='line_1_58' title="bbox 2047 2191 3626 2278; baseline -0.002 -15"><span class='ocrx_word' id='word_1_447' title='bbox 2047 2223 2212 2263; x_wconf 84' lang='lat' dir='ltr'><strong>mano</strong></span> <span class='ocrx_word' id='word_1_448' title='bbox 2243 2222 2392 2263; x_wconf 92' lang='lat' dir='ltr'><strong>more</strong></span> <span class='ocrx_word' id='word_1_449' title='bbox 2420 2217 2633 2278; x_wconf 82' lang='lat' dir='ltr'><strong>agente.</strong></span> <span class='ocrx_word' id='word_1_450' title='bbox 2669 2210 2725 2262; x_wconf 83' lang='lat' dir='ltr'><strong>Si</strong></span> <span class='ocrx_word' id='word_1_451' title='bbox 2756 2209 2896 2264; x_wconf 88' lang='lat' dir='ltr'><strong>iram</strong></span> <span class='ocrx_word' id='word_1_452' title='bbox 2937 2208 3053 2274; x_wconf 84' lang='lat' dir='ltr'><strong>Dei,</strong></span> <span class='ocrx_word' id='word_1_453' title='bbox 3084 2209 3128 2265; x_wconf 88' lang='lat' dir='ltr'><strong>si</strong></span> <span class='ocrx_word' id='word_1_454' title='bbox 3160 2207 3400 2263; x_wconf 88' lang='lat' dir='ltr'><strong>furorem</strong></span> <span class='ocrx_word' id='word_1_455' title='bbox 3439 2191 3626 2262; x_wconf 82' lang='lat' dir='ltr'><strong>audie-</strong></span> 
     </span>
    </p>
   </div>
   <div class='ocr_carea' id='block_1_59' title="bbox 2047 2295 3626 2368">
    <p class='ocr_par' dir='ltr' id='par_1_59' title="bbox 2047 2295 3626 2368">
     <span class='ocr_line' id='line_1_59' title="bbox 2047 2295 3626 2368; baseline -0.003 -17"><span class='ocrx_word' id='word_1_456' title='bbox 2047 2296 2145 2361; x_wconf 88' lang='lat' dir='ltr'><strong>ris,</strong></span> <span class='ocrx_word' id='word_1_457' title='bbox 2165 2297 2272 2350; x_wconf 91' lang='lat' dir='ltr'><strong>noli</strong></span> <span class='ocrx_word' id='word_1_458' title='bbox 2298 2307 2488 2367; x_wconf 83' lang='lat' dir='ltr'><strong>putare</strong></span> <span class='ocrx_word' id='word_1_459' title='bbox 2511 2297 2645 2351; x_wconf 87' lang='lat' dir='ltr'><strong>iram</strong></span> <span class='ocrx_word' id='word_1_460' title='bbox 2674 2295 3023 2368; x_wconf 84' lang='lat' dir='ltr'><strong>furoremque</strong></span> <span class='ocrx_word' id='word_1_461' title='bbox 3040 2313 3162 2352; x_wconf 88' lang='lat' dir='ltr'><strong>esse</strong></span> <span class='ocrx_word' id='word_1_462' title='bbox 3179 2297 3273 2351; x_wconf 86' lang='lat' dir='ltr'><strong>Dei</strong></span> <span class='ocrx_word' id='word_1_463' title='bbox 3291 2295 3626 2351; x_wconf 74' lang='lat' dir='ltr'><strong>allectiones.</strong></span> 
     </span>
    </p>
   </div>
   <div class='ocr_carea' id='block_1_60' title="bbox 2047 2386 3696 2458">
    <p class='ocr_par' dir='ltr' id='par_1_60' title="bbox 2047 2386 3696 2458">
     <span class='ocr_line' id='line_1_60' title="bbox 2047 2386 3696 2458; baseline -0.002 -16"><span class='ocrx_word' id='word_1_464' title='bbox 2047 2386 2397 2442; x_wconf 67' lang='lat' dir='ltr'><strong>(EconomiLe</strong></span> <span class='ocrx_word' id='word_1_465' title='bbox 2435 2404 2602 2443; x_wconf 85' lang='lat' dir='ltr'><strong>causa</strong></span> <span class='ocrx_word' id='word_1_466' title='bbox 2640 2389 2910 2458; x_wconf 86' lang='lat' dir='ltr'><strong>ejusmodi</strong></span> <span class='ocrx_word' id='word_1_467' title='bbox 2971 2405 3133 2446; x_wconf 82' lang='lat' dir='ltr'><strong>\occs</strong></span> <span class='ocrx_word' id='word_1_468' title='bbox 3173 2396 3509 2458; x_wconf 85' lang='lat' dir='ltr'><strong>usurpantnr</strong></span> <span class='ocrx_word' id='word_1_469' title='bbox 3558 2387 3626 2441; x_wconf 71' lang='lat' dir='ltr'><strong>ad</strong></span> <span class='ocrx_word' id='word_1_470' title='bbox 3692 2434 3696 2439; x_wconf 88' lang='lat'><strong>.</strong></span> 
     </span>
    </p>
   </div>
   <div class='ocr_carea' id='block_1_61' title="bbox 2050 2475 3631 2534">
    <p class='ocr_par' dir='ltr' id='par_1_61' title="bbox 2050 2475 3631 2534">
     <span class='ocr_line' id='line_1_61' title="bbox 2050 2475 3631 2534; baseline 0.001 -4"><span class='ocrx_word' id='word_1_471' title='bbox 2050 2475 2311 2530; x_wconf 82' lang='lat' dir='ltr'><strong>infantem</strong></span> <span class='ocrx_word' id='word_1_472' title='bbox 2353 2479 2783 2533; x_wconf 88' lang='lat' dir='ltr'><strong>convertendum</strong></span> <span class='ocrx_word' id='word_1_473' title='bbox 2825 2487 2882 2534; x_wconf 88' lang='lat' dir='ltr'><strong>et</strong></span> <span class='ocrx_word' id='word_1_474' title='bbox 2923 2478 3345 2533; x_wconf 89' lang='lat' dir='ltr'><strong>emendandum.</strong></span> <span class='ocrx_word' id='word_1_475' title='bbox 3389 2475 3525 2530; x_wconf 83' lang='lat' dir='ltr'><strong>Nam</strong></span> <span class='ocrx_word' id='word_1_476' title='bbox 3575 2486 3631 2531; x_wconf 87' lang='lat' dir='ltr'><strong>et</strong></span> 
     </span>
    </p>
   </div>
   <div class='ocr_carea' id='block_1_62' title="bbox 2051 2566 3628 2637">
    <p class='ocr_par' dir='ltr' id='par_1_62' title="bbox 2051 2566 3628 2637">
     <span class='ocr_line' id='line_1_62' title="bbox 2051 2566 3628 2637; baseline -0.002 -16"><span class='ocrx_word' id='word_1_477' title='bbox 2051 2581 2153 2621; x_wconf 90' lang='lat' dir='ltr'><strong>nos</strong></span> <span class='ocrx_word' id='word_1_478' title='bbox 2181 2567 2363 2637; x_wconf 90' lang='lat' dir='ltr'><strong>pueris</strong></span> <span class='ocrx_word' id='word_1_479' title='bbox 2393 2567 2591 2623; x_wconf 91' lang='lat' dir='ltr'><strong>iratum</strong></span> <span class='ocrx_word' id='word_1_480' title='bbox 2617 2568 2824 2623; x_wconf 87' lang='lat' dir='ltr'><strong>vultum</strong></span> <span class='ocrx_word' id='word_1_481' title='bbox 2853 2568 3217 2635; x_wconf 86' lang='lat' dir='ltr'><strong>ostendimus,</strong></span> <span class='ocrx_word' id='word_1_482' title='bbox 3236 2583 3342 2622; x_wconf 89' lang='lat' dir='ltr'><strong>non</strong></span> <span class='ocrx_word' id='word_1_483' title='bbox 3361 2583 3429 2620; x_wconf 76' lang='lat' dir='ltr'><strong>ex</strong></span> <span class='ocrx_word' id='word_1_484' title='bbox 3458 2566 3628 2621; x_wconf 88' lang='lat' dir='ltr'><strong>animi</strong></span> 
     </span>
    </p>
   </div>
   <div class='ocr_carea' id='block_1_63' title="bbox 2051 2656 3633 2729">
    <p class='ocr_par' dir='ltr' id='par_1_63' title="bbox 2051 2656 3633 2729">
     <span class='ocr_line' id='line_1_63' title="bbox 2051 2656 3633 2729; baseline -0.001 -17"><span class='ocrx_word' id='word_1_485' title='bbox 2051 2656 2269 2722; x_wconf 62' lang='lat' dir='ltr'><strong>ait-ctu,</strong></span> <span class='ocrx_word' id='word_1_486' title='bbox 2314 2660 2406 2714; x_wconf 85' lang='lat' dir='ltr'><strong>sed</strong></span> <span class='ocrx_word' id='word_1_487' title='bbox 2439 2660 2690 2729; x_wconf 90' lang='lat' dir='ltr'><strong>prudenti</strong></span> <span class='ocrx_word' id='word_1_488' title='bbox 2737 2661 2970 2715; x_wconf 86' lang='lat' dir='ltr'><strong>ratione.</strong></span> <span class='ocrx_word' id='word_1_489' title='bbox 3012 2660 3069 2716; x_wconf 90' lang='lat' dir='ltr'><strong>Si</strong></span> <span class='ocrx_word' id='word_1_490' title='bbox 3097 2659 3264 2713; x_wconf 88' lang='lat' dir='ltr'><strong>animi</strong></span> <span class='ocrx_word' id='word_1_491' title='bbox 3308 2657 3633 2712; x_wconf 79' lang='lat' dir='ltr'><strong>benevolen-</strong></span> 
     </span>
    </p>
   </div>
   <div class='ocr_carea' id='block_1_64' title="bbox 2054 2745 3630 2820">
    <p class='ocr_par' dir='ltr' id='par_1_64' title="bbox 2054 2745 3630 2820">
     <span class='ocr_line' id='line_1_64' title="bbox 2054 2745 3630 2820; baseline -0.003 -17"><span class='ocrx_word' id='word_1_492' title='bbox 2054 2750 2185 2803; x_wconf 85' lang='lat' dir='ltr'><strong>tiam</strong></span> <span class='ocrx_word' id='word_1_493' title='bbox 2233 2764 2360 2819; x_wconf 75' lang='lat' dir='ltr'><strong>eiga</strong></span> <span class='ocrx_word' id='word_1_494' title='bbox 2405 2747 2669 2803; x_wconf 89' lang='lat' dir='ltr'><strong>infantem</strong></span> <span class='ocrx_word' id='word_1_495' title='bbox 2692 2765 2804 2820; x_wconf 72' lang='lat' dir='ltr'><strong>pra:</strong></span> <span class='ocrx_word' id='word_1_496' title='bbox 2834 2750 2985 2804; x_wconf 88' lang='lat' dir='ltr'><strong>vultu</strong></span> <span class='ocrx_word' id='word_1_497' title='bbox 3018 2757 3203 2804; x_wconf 88' lang='lat' dir='ltr'><strong>nostro</strong></span> <span class='ocrx_word' id='word_1_498' title='bbox 3230 2745 3536 2808; x_wconf 83' lang='lat' dir='ltr'><strong>tulerimus,</strong></span> <span class='ocrx_word' id='word_1_499' title='bbox 3574 2753 3630 2799; x_wconf 89' lang='lat' dir='ltr'><strong>et</strong></span> 
     </span>
    </p>
   </div>
   <div class='ocr_carea' id='block_1_65' title="bbox 2052 2837 3627 2912">
    <p class='ocr_par' dir='ltr' id='par_1_65' title="bbox 2052 2837 3627 2912">
     <span class='ocr_line' id='line_1_65' title="bbox 2052 2837 3627 2912; baseline -0.006 -15"><span class='ocrx_word' id='word_1_500' title='bbox 2052 2856 2176 2897; x_wconf 90' lang='lat' dir='ltr'><strong>eum</strong></span> <span class='ocrx_word' id='word_1_501' title='bbox 2205 2858 2315 2912; x_wconf 86' lang='lat' dir='ltr'><strong>quo</strong></span> <span class='ocrx_word' id='word_1_502' title='bbox 2347 2841 2496 2895; x_wconf 90' lang='lat' dir='ltr'><strong>illum</strong></span> <span class='ocrx_word' id='word_1_503' title='bbox 2521 2842 2905 2911; x_wconf 80' lang='lat' dir='ltr'><strong>amplectimur</strong></span> <span class='ocrx_word' id='word_1_504' title='bbox 2926 2856 3166 2895; x_wconf 88' lang='lat' dir='ltr'><strong>amorem</strong></span> <span class='ocrx_word' id='word_1_505' title='bbox 3200 2837 3627 2899; x_wconf 89' lang='lat' dir='ltr'><strong>ostenderimus,</strong></span> 
     </span>
    </p>
   </div>
   <div class='ocr_carea' id='block_1_66' title="bbox 2052 2928 3629 3001">
    <p class='ocr_par' dir='ltr' id='par_1_66' title="bbox 2052 2928 3629 3001">
     <span class='ocr_line' id='line_1_66' title="bbox 2052 2928 3629 3001; baseline -0.003 -18"><span class='ocrx_word' id='word_1_506' title='bbox 2052 2944 2231 3001; x_wconf 89' lang='lat' dir='ltr'><strong>neque</strong></span> <span class='ocrx_word' id='word_1_507' title='bbox 2270 2945 2370 2985; x_wconf 86' lang='lat' dir='ltr'><strong>nos</strong></span> <span class='ocrx_word' id='word_1_508' title='bbox 2397 2929 2769 2994; x_wconf 81' lang='lat' dir='ltr'><strong>immolantes,</strong></span> <span class='ocrx_word' id='word_1_509' title='bbox 2796 2945 2971 3000; x_wconf 89' lang='lat' dir='ltr'><strong>neque</strong></span> <span class='ocrx_word' id='word_1_510' title='bbox 3005 2928 3408 3000; x_wconf 85' lang='lat' dir='ltr'><strong>quodammodo</strong></span> <span class='ocrx_word' id='word_1_511' title='bbox 3451 2934 3629 2980; x_wconf 86' lang='lat' dir='ltr'><strong>trans-</strong></span> 
     </span>
    </p>
   </div>
   <div class='ocr_carea' id='block_1_67' title="bbox 2056 3013 3631 3091">
    <p class='ocr_par' dir='ltr' id='par_1_67' title="bbox 2056 3013 3631 3091">
     <span class='ocr_line' id='line_1_67' title="bbox 2056 3013 3631 3091; baseline -0.002 -19"><span class='ocrx_word' id='word_1_512' title='bbox 2056 3016 2355 3074; x_wconf 88' lang='lat' dir='ltr'><strong>formantes</strong></span> <span class='ocrx_word' id='word_1_513' title='bbox 2387 3028 2445 3074; x_wconf 92' lang='lat' dir='ltr'><strong>ut</strong></span> <span class='ocrx_word' id='word_1_514' title='bbox 2473 3019 2624 3072; x_wconf 89' lang='lat' dir='ltr'><strong>illum</strong></span> <span class='ocrx_word' id='word_1_515' title='bbox 2651 3020 3029 3082; x_wconf 88' lang='lat' dir='ltr'><strong>cmendemus,</strong></span> <span class='ocrx_word' id='word_1_516' title='bbox 3060 3018 3361 3091; x_wconf 84' lang='lat' dir='ltr'><strong>perdimus,</strong></span> <span class='ocrx_word' id='word_1_517' title='bbox 3391 3013 3631 3070; x_wconf 80' lang='lat' dir='ltr'><strong>deterio-</strong></span> 
     </span>
    </p>
   </div>
   <div class='ocr_carea' id='block_1_68' title="bbox 2055 3105 3631 3181">
    <p class='ocr_par' dir='ltr' id='par_1_68' title="bbox 2055 3105 3631 3181">
     <span class='ocr_line' id='line_1_68' title="bbox 2055 3105 3631 3181; baseline -0.003 -18"><span class='ocrx_word' id='word_1_518' title='bbox 2055 3124 2280 3181; x_wconf 89' lang='lat' dir='ltr'><strong>remque</strong></span> <span class='ocrx_word' id='word_1_519' title='bbox 2307 3111 2457 3165; x_wconf 90' lang='lat' dir='ltr'><strong>illum</strong></span> <span class='ocrx_word' id='word_1_520' title='bbox 2481 3110 2764 3166; x_wconf 82' lang='lat' dir='ltr'><strong>efficimus.</strong></span> <span class='ocrx_word' id='word_1_521' title='bbox 2790 3109 2881 3165; x_wconf 91' lang='lat' dir='ltr'><strong>Sic</strong></span> <span class='ocrx_word' id='word_1_522' title='bbox 2914 3110 3079 3181; x_wconf 83' lang='lat' dir='ltr'><strong>igitur</strong></span> <span class='ocrx_word' id='word_1_523' title='bbox 3106 3108 3248 3164; x_wconf 90' lang='lat' dir='ltr'><strong>Deus</strong></span> <span class='ocrx_word' id='word_1_524' title='bbox 3271 3119 3325 3163; x_wconf 91' lang='lat' dir='ltr'><strong>et</strong></span> <span class='ocrx_word' id='word_1_525' title='bbox 3357 3105 3521 3160; x_wconf 87' lang='lat' dir='ltr'><strong>irasci</strong></span> <span class='ocrx_word' id='word_1_526' title='bbox 3546 3105 3631 3159; x_wconf 85' lang='lat' dir='ltr'><strong>di-</strong></span> 
     </span>
    </p>
   </div>
   <div class='ocr_carea' id='block_1_69' title="bbox 2056 3195 3635 3271">
    <p class='ocr_par' dir='ltr' id='par_1_69' title="bbox 2056 3195 3635 3271">
     <span class='ocr_line' id='line_1_69' title="bbox 2056 3195 3635 3271; baseline -0.006 -15"><span class='ocrx_word' id='word_1_527' title='bbox 2056 3200 2243 3265; x_wconf 88' lang='lat' dir='ltr'><strong>citur,</strong></span> <span class='ocrx_word' id='word_1_528' title='bbox 2275 3209 2328 3255; x_wconf 91' lang='lat' dir='ltr'><strong>et</strong></span> <span class='ocrx_word' id='word_1_529' title='bbox 2381 3199 2565 3255; x_wconf 87' lang='lat' dir='ltr'><strong>furore</strong></span> <span class='ocrx_word' id='word_1_530' title='bbox 2618 3200 2817 3271; x_wconf 81' lang='lat' dir='ltr'><strong>corripi</strong></span> <span class='ocrx_word' id='word_1_531' title='bbox 2850 3214 2908 3255; x_wconf 89' lang='lat' dir='ltr'><strong>se</strong></span> <span class='ocrx_word' id='word_1_532' title='bbox 2940 3201 3037 3263; x_wconf 89' lang='lat' dir='ltr'><strong>ait,</strong></span> <span class='ocrx_word' id='word_1_533' title='bbox 3084 3206 3143 3252; x_wconf 92' lang='lat' dir='ltr'><strong>ut</strong></span> <span class='ocrx_word' id='word_1_534' title='bbox 3191 3195 3529 3252; x_wconf 85' lang='lat' dir='ltr'><strong>convertaris</strong></span> <span class='ocrx_word' id='word_1_535' title='bbox 3578 3203 3635 3248; x_wconf 90' lang='lat' dir='ltr'><strong>et</strong></span> 
     </span>
    </p>
   </div>
   <div class='ocr_carea' id='block_1_70' title="bbox 2059 3260 3634 3359">
    <p class='ocr_par' dir='ltr' id='par_1_70' title="bbox 2059 3260 3634 3359">
     <span class='ocr_line' id='line_1_70' title="bbox 2059 3260 3634 3359; baseline -0.006 -12"><span class='ocrx_word' id='word_1_536' title='bbox 2059 3290 2382 3348; x_wconf 89' lang='lat' dir='ltr'><strong>emenderis.</strong></span> <span class='ocrx_word' id='word_1_537' title='bbox 2420 3289 2627 3346; x_wconf 79' lang='lat' dir='ltr'><strong>Revera</strong></span> <span class='ocrx_word' id='word_1_538' title='bbox 2657 3260 2763 3346; x_wconf 64' lang='lat' dir='ltr'><strong>rion</strong></span> <span class='ocrx_word' id='word_1_539' title='bbox 2797 3290 3075 3353; x_wconf 79' lang='lat' dir='ltr'><strong>irascitur,</strong></span> <span class='ocrx_word' id='word_1_540' title='bbox 3112 3303 3289 3359; x_wconf 88' lang='lat' dir='ltr'><strong>neque</strong></span> <span class='ocrx_word' id='word_1_541' title='bbox 3312 3286 3495 3341; x_wconf 87' lang='lat' dir='ltr'><strong>furore</strong></span> <span class='ocrx_word' id='word_1_542' title='bbox 3518 3286 3634 3351; x_wconf 69' lang='lat' dir='ltr'><strong>agi-</strong></span> 
     </span>
    </p>
   </div>
   <div class='ocr_carea' id='block_1_71' title="bbox 2058 3375 3635 3451">
    <p class='ocr_par' dir='ltr' id='par_1_71' title="bbox 2058 3375 3635 3451">
     <span class='ocr_line' id='line_1_71' title="bbox 2058 3375 3635 3451; baseline -0.003 -16"><span class='ocrx_word' id='word_1_543' title='bbox 2058 3390 2229 3446; x_wconf 89' lang='lat' dir='ltr'><strong>tatur,</strong></span> <span class='ocrx_word' id='word_1_544' title='bbox 2262 3381 2354 3437; x_wconf 85' lang='lat' dir='ltr'><strong>scd</strong></span> <span class='ocrx_word' id='word_1_545' title='bbox 2392 3390 2448 3435; x_wconf 90' lang='lat' dir='ltr'><strong>tu</strong></span> <span class='ocrx_word' id='word_1_546' title='bbox 2479 3381 2704 3451; x_wconf 88' lang='lat' dir='ltr'><strong>patieris</strong></span> <span class='ocrx_word' id='word_1_547' title='bbox 2733 3396 2797 3436; x_wconf 88' lang='lat' dir='ltr'><strong>ea</strong></span> <span class='ocrx_word' id='word_1_548' title='bbox 2840 3396 2964 3451; x_wconf 67' lang='lat' dir='ltr'><strong>quae</strong></span> <span class='ocrx_word' id='word_1_549' title='bbox 2999 3387 3128 3435; x_wconf 90' lang='lat' dir='ltr'><strong>sunt</strong></span> <span class='ocrx_word' id='word_1_550' title='bbox 3183 3379 3277 3432; x_wconf 69' lang='lat' dir='ltr'><strong>ine</strong></span> <span class='ocrx_word' id='word_1_551' title='bbox 3307 3386 3362 3431; x_wconf 91' lang='lat' dir='ltr'><strong>et</strong></span> <span class='ocrx_word' id='word_1_552' title='bbox 3406 3375 3635 3438; x_wconf 87' lang='lat' dir='ltr'><strong>furoris,</strong></span> 
     </span>
    </p>
   </div>
   <div class='ocr_carea' id='block_1_72' title="bbox 2060 3469 3634 3533">
    <p class='ocr_par' dir='ltr' id='par_1_72' title="bbox 2060 3469 3634 3533">
     <span class='ocr_line' id='line_1_72' title="bbox 2060 3469 3634 3533; baseline -0.004 -2"><span class='ocrx_word' id='word_1_553' title='bbox 2060 3474 2448 3531; x_wconf 80' lang='lat' dir='ltr'><strong>acerbissimos</strong></span> <span class='ocrx_word' id='word_1_554' title='bbox 2471 3475 2542 3530; x_wconf 92' lang='lat' dir='ltr'><strong>ob</strong></span> <span class='ocrx_word' id='word_1_555' title='bbox 2569 3482 2718 3530; x_wconf 87' lang='lat' dir='ltr'><strong>tuam</strong></span> <span class='ocrx_word' id='word_1_556' title='bbox 2752 3475 3015 3530; x_wconf 83' lang='lat' dir='ltr'><strong>malitiam</strong></span> <span class='ocrx_word' id='word_1_557' title='bbox 3047 3472 3264 3528; x_wconf 86' lang='lat' dir='ltr'><strong>dolores</strong></span> <span class='ocrx_word' id='word_1_558' title='bbox 3282 3469 3634 3533; x_wconf 85' lang='lat' dir='ltr'><strong>sustinendo,</strong></span> 
     </span>
    </p>
   </div>
   <div class='ocr_carea' id='block_1_73' title="bbox 2063 3563 3451 3637">
    <p class='ocr_par' dir='ltr' id='par_1_73' title="bbox 2063 3563 3451 3637">
     <span class='ocr_line' id='line_1_73' title="bbox 2063 3563 3451 3637; baseline -0.002 -17"><span class='ocrx_word' id='word_1_559' title='bbox 2063 3582 2190 3620; x_wconf 87' lang='lat' dir='ltr'><strong>eum</strong></span> <span class='ocrx_word' id='word_1_560' title='bbox 2214 3564 2303 3619; x_wconf 91' lang='lat' dir='ltr'><strong>illa</strong></span> <span class='ocrx_word' id='word_1_561' title='bbox 2331 3582 2452 3637; x_wconf 72' lang='lat' dir='ltr'><strong>qua:</strong></span> <span class='ocrx_word' id='word_1_562' title='bbox 2484 3567 2564 3622; x_wconf 88' lang='lat' dir='ltr'><strong>ira</strong></span> <span class='ocrx_word' id='word_1_563' title='bbox 2589 3563 2682 3620; x_wconf 90' lang='lat' dir='ltr'><strong>Dei</strong></span> <span class='ocrx_word' id='word_1_564' title='bbox 2714 3576 2940 3623; x_wconf 76' lang='lat' dir='ltr'><strong>vocatur</strong></span> <span class='ocrx_word' id='word_1_565' title='bbox 2967 3575 3015 3620; x_wconf 89' lang='lat' dir='ltr'><strong>te</strong></span> <span class='ocrx_word' id='word_1_566' title='bbox 3038 3563 3384 3634; x_wconf 83' lang='lat' dir='ltr'><strong>corripuerit.</strong></span> <span class='ocrx_word' id='word_1_567' title='bbox 3448 3620 3451 3623; x_wconf 95' lang='lat'><em>_</em></span> 
     </span>
    </p>
   </div>
   <div class='ocr_carea' id='block_1_74' title="bbox 377 3646 3646 3732">
    <p class='ocr_par' dir='ltr' id='par_1_74' title="bbox 377 3646 3646 3732">
     <span class='ocr_line' id='line_1_74' title="bbox 377 3646 3646 3732; baseline 0.002 -31"><span class='ocrx_word' id='word_1_568' title='bbox 377 3648 452 3719; x_wconf 82' lang='grc' dir='ltr'><strong>μὴ</strong></span> <span class='ocrx_word' id='word_1_569' title='bbox 479 3646 897 3722; x_wconf 75' lang='grc' dir='ltr'><strong>διαστρέψαντες</strong></span> <span class='ocrx_word' id='word_1_570' title='bbox 943 3653 1187 3720; x_wconf 75' lang='grc' dir='ltr'><strong>ἑαυτοὺς,</strong></span> <span class='ocrx_word' id='word_1_571' title='bbox 1232 3653 1367 3724; x_wconf 86' lang='grc' dir='ltr'><strong>μηδὲ</strong></span> <span class='ocrx_word' id='word_1_572' title='bbox 1398 3655 1558 3708; x_wconf 80' lang='grc' dir='ltr'><strong>οἱονεὶ</strong></span> <span class='ocrx_word' id='word_1_573' title='bbox 1590 3656 1984 3726; x_wconf 76' lang='grc' dir='ltr'><strong>μεταϐαλόντες</strong></span> <span class='ocrx_word' id='word_1_574' title='bbox 2022 3654 2157 3727; x_wconf 70' lang='grc' dir='ltr'><strong>πρὸς</strong></span> <span class='ocrx_word' id='word_1_575' title='bbox 2224 3655 2321 3728; x_wconf 77' lang='grc' dir='ltr'><strong>τὴν</strong></span> <span class='ocrx_word' id='word_1_576' title='bbox 2355 3656 2563 3709; x_wconf 81' lang='grc' dir='ltr'><strong>ἐκείνου</strong></span> <span class='ocrx_word' id='word_1_577' title='bbox 2588 3657 2939 3732; x_wconf 34' lang='grc' dir='ltr'><strong>,ἐπιστροφὴν</strong></span> <span class='ocrx_word' id='word_1_578' title='bbox 2959 3699 2972 3723; x_wconf 94' lang='grc'><strong>,</strong></span> <span class='ocrx_word' id='word_1_579' title='bbox 3017 3655 3322 3727; x_wconf 84' lang='grc' dir='ltr'><strong>ἀπόλλυμεν</strong></span> <span class='ocrx_word' id='word_1_580' title='bbox 3354 3653 3506 3721; x_wconf 79' lang='grc' dir='ltr'><strong>αὐτὸ,</strong></span> <span class='ocrx_word' id='word_1_581' title='bbox 3541 3652 3646 3708; x_wconf 76' lang='grc' dir='ltr'><strong>καὶ</strong></span> 
     </span>
    </p>
   </div>
   <div class='ocr_carea' id='block_1_75' title="bbox 371 3737 3639 3823">
    <p class='ocr_par' dir='ltr' id='par_1_75' title="bbox 371 3737 3639 3823">
     <span class='ocr_line' id='line_1_75' title="bbox 371 3737 3639 3823; baseline 0.003 -32"><span class='ocrx_word' id='word_1_582' title='bbox 371 3742 553 3812; x_wconf 78' lang='grc' dir='ltr'><strong>χεῖρον</strong></span> <span class='ocrx_word' id='word_1_583' title='bbox 597 3741 876 3813; x_wconf 87' lang='grc' dir='ltr'><strong>ποιοῦμεν.</strong></span> <span class='ocrx_word' id='word_1_584' title='bbox 905 3741 1091 3807; x_wconf 83' lang='grc' dir='ltr'><strong>Οῦτως</strong></span> <span class='ocrx_word' id='word_1_585' title='bbox 1125 3737 1218 3797; x_wconf 84' lang='grc' dir='ltr'><strong>οὖν</strong></span> <span class='ocrx_word' id='word_1_586' title='bbox 1258 3746 1287 3797; x_wconf 85' lang='grc' dir='ltr'><strong>ό</strong></span> <span class='ocrx_word' id='word_1_587' title='bbox 1313 3743 1444 3810; x_wconf 81' lang='grc' dir='ltr'><strong>Θεὸς</strong></span> <span class='ocrx_word' id='word_1_588' title='bbox 1497 3746 1591 3800; x_wconf 80' lang='grc' dir='ltr'><strong>καὶ</strong></span> <span class='ocrx_word' id='word_1_589' title='bbox 1629 3743 1946 3818; x_wconf 79' lang='grc' dir='ltr'><strong>ὀργίζεσθαι</strong></span> <span class='ocrx_word' id='word_1_590' title='bbox 2004 3744 2243 3814; x_wconf 79' lang='grc' dir='ltr'><strong>λέγεται,</strong></span> <span class='ocrx_word' id='word_1_591' title='bbox 2288 3745 2384 3799; x_wconf 80' lang='grc' dir='ltr'><strong>καὶ</strong></span> <span class='ocrx_word' id='word_1_592' title='bbox 2428 3742 2728 3823; x_wconf 82' lang='grc' dir='ltr'><strong>θυμοῦσθαί</strong></span> <span class='ocrx_word' id='word_1_593' title='bbox 2780 3762 2966 3819; x_wconf 81' lang='grc' dir='ltr'><strong>φησιν,</strong></span> <span class='ocrx_word' id='word_1_594' title='bbox 3020 3746 3107 3799; x_wconf 79' lang='grc' dir='ltr'><strong>ἵνα</strong></span> <span class='ocrx_word' id='word_1_595' title='bbox 3138 3743 3501 3816; x_wconf 71' lang='grc' dir='ltr'><strong>ὲπιστρέψῃς,</strong></span> <span class='ocrx_word' id='word_1_596' title='bbox 3539 3745 3639 3801; x_wconf 75' lang='grc' dir='ltr'><strong>καὶ</strong></span> 
     </span>
    </p>
   </div>
   <div class='ocr_carea' id='block_1_76' title="bbox 374 3831 3635 3906">
    <p class='ocr_par' dir='ltr' id='par_1_76' title="bbox 374 3831 3635 3906">
     <span class='ocr_line' id='line_1_76' title="bbox 374 3831 3635 3906; baseline 0 -20"><span class='ocrx_word' id='word_1_597' title='bbox 374 3833 692 3904; x_wconf 81' lang='grc' dir='ltr'><strong>βελτιωθῇς.</strong></span> <span class='ocrx_word' id='word_1_598' title='bbox 731 3832 841 3887; x_wconf 72' lang='grc' dir='ltr'><strong>Καὶ</strong></span> <span class='ocrx_word' id='word_1_599' title='bbox 870 3832 1086 3902; x_wconf 81' lang='grc' dir='ltr'><strong>ἀληθῶς</strong></span> <span class='ocrx_word' id='word_1_600' title='bbox 1116 3832 1217 3887; x_wconf 75' lang='grc' dir='ltr'><strong>οὐκ</strong></span> <span class='ocrx_word' id='word_1_601' title='bbox 1262 3833 1539 3905; x_wconf 78' lang='grc' dir='ltr'><strong>ὀργίζεται</strong></span> <span class='ocrx_word' id='word_1_602' title='bbox 1595 3835 1716 3906; x_wconf 69' lang='grc' dir='ltr'><strong>μὲν,</strong></span> <span class='ocrx_word' id='word_1_603' title='bbox 1764 3835 1884 3888; x_wconf 80' lang='grc' dir='ltr'><strong>οὐδὲ</strong></span> <span class='ocrx_word' id='word_1_604' title='bbox 1937 3833 2234 3905; x_wconf 80' lang='grc' dir='ltr'><strong>θυμοῦται·</strong></span> <span class='ocrx_word' id='word_1_605' title='bbox 2268 3834 2332 3886; x_wconf 77' lang='grc' dir='ltr'><strong>σὺ</strong></span> <span class='ocrx_word' id='word_1_606' title='bbox 2365 3833 2422 3886; x_wconf 79' lang='grc' dir='ltr'><strong>δὲ</strong></span> <span class='ocrx_word' id='word_1_607' title='bbox 2472 3831 2632 3905; x_wconf 79' lang='grc' dir='ltr'><strong>πείσῃ</strong></span> <span class='ocrx_word' id='word_1_608' title='bbox 2665 3831 2735 3887; x_wconf 78' lang='grc' dir='ltr'><strong>τὰ</strong></span> <span class='ocrx_word' id='word_1_609' title='bbox 2774 3833 2873 3904; x_wconf 82' lang='grc' dir='ltr'><strong>τῆς</strong></span> <span class='ocrx_word' id='word_1_610' title='bbox 2899 3832 3069 3906; x_wconf 82' lang='grc' dir='ltr'><strong>ὀργῆς</strong></span> <span class='ocrx_word' id='word_1_611' title='bbox 3118 3832 3211 3886; x_wconf 74' lang='grc' dir='ltr'><strong>καὶ</strong></span> <span class='ocrx_word' id='word_1_612' title='bbox 3239 3831 3308 3885; x_wconf 83' lang='grc' dir='ltr'><strong>τὰ</strong></span> <span class='ocrx_word' id='word_1_613' title='bbox 3323 3833 3415 3886; x_wconf 92' lang='grc' dir='ltr'><strong>τοῦ</strong></span> <span class='ocrx_word' id='word_1_614' title='bbox 3436 3832 3635 3904; x_wconf 77' lang='grc' dir='ltr'><strong>θυμοῦ.</strong></span> 
     </span>
    </p>
   </div>
   <div class='ocr_carea' id='block_1_77' title="bbox 370 3919 3264 3999">
    <p class='ocr_par' dir='ltr' id='par_1_77' title="bbox 370 3919 3264 3999">
     <span class='ocr_line' id='line_1_77' title="bbox 370 3919 3264 3999; baseline -0 -21"><span class='ocrx_word' id='word_1_615' title='bbox 370 3924 664 3996; x_wconf 86' lang='grc' dir='ltr'><strong>γενόμενος</strong></span> <span class='ocrx_word' id='word_1_616' title='bbox 696 3924 754 3977; x_wconf 85' lang='grc' dir='ltr'><strong>ὲν</strong></span> <span class='ocrx_word' id='word_1_617' title='bbox 784 3922 1239 3999; x_wconf 77' lang='grc' dir='ltr'><strong>δυσυπομονήτοις</strong></span> <span class='ocrx_word' id='word_1_618' title='bbox 1273 3925 1364 3979; x_wconf 80' lang='grc' dir='ltr'><strong>διὰ</strong></span> <span class='ocrx_word' id='word_1_619' title='bbox 1401 3924 1500 3996; x_wconf 80' lang='grc' dir='ltr'><strong>τὴν</strong></span> <span class='ocrx_word' id='word_1_620' title='bbox 1529 3923 1731 3980; x_wconf 80' lang='grc' dir='ltr'><strong>κακίαν</strong></span> <span class='ocrx_word' id='word_1_621' title='bbox 1772 3922 2130 3994; x_wconf 76' lang='grc' dir='ltr'><strong>πόνοις,ὲπὰν</strong></span> <span class='ocrx_word' id='word_1_622' title='bbox 2165 3924 2392 3998; x_wconf 78' lang='grc' dir='ltr'><strong>παιδεύῃ</strong></span> <span class='ocrx_word' id='word_1_623' title='bbox 2424 3929 2490 3999; x_wconf 75' lang='grc' dir='ltr'><strong>τῇ</strong></span> <span class='ocrx_word' id='word_1_624' title='bbox 2521 3923 2786 3997; x_wconf 80' lang='grc' dir='ltr'><strong>λεγομένῃ</strong></span> <span class='ocrx_word' id='word_1_625' title='bbox 2818 3924 2955 3998; x_wconf 73' lang='grc' dir='ltr'><strong>ὀργῇ</strong></span> <span class='ocrx_word' id='word_1_626' title='bbox 2988 3919 3081 3977; x_wconf 88' lang='grc' dir='ltr'><strong>τοῦ</strong></span> <span class='ocrx_word' id='word_1_627' title='bbox 3109 3920 3264 3977; x_wconf 87' lang='grc' dir='ltr'><strong>Θεοῦ.</strong></span> 
     </span>
    </p>
   </div>
   <div class='ocr_carea' id='block_1_78' title="bbox 460 4011 1954 4085">
    <p class='ocr_par' dir='ltr' id='par_1_78' title="bbox 460 4011 1954 4085">
     <span class='ocr_line' id='line_1_78' title="bbox 460 4011 1954 4085; baseline 0.001 -19"><span class='ocrx_word' id='word_1_628' title='bbox 460 4012 660 4084; x_wconf 56' lang='grc' dir='ltr'><strong>Ἑξῆς-</strong></span> <span class='ocrx_word' id='word_1_629' title='bbox 672 4011 810 4083; x_wconf 85' lang='grc' dir='ltr'><strong>μετὰ</strong></span> <span class='ocrx_word' id='word_1_630' title='bbox 857 4011 948 4066; x_wconf 83' lang='grc' dir='ltr'><strong>τὸν</strong></span> <span class='ocrx_word' id='word_1_631' title='bbox 990 4016 1122 4085; x_wconf 71' lang='grc' dir='ltr'><strong>περὶ</strong></span> <span class='ocrx_word' id='word_1_632' title='bbox 1161 4014 1271 4068; x_wconf 85' lang='grc' dir='ltr'><strong>τῶν</strong></span> <span class='ocrx_word' id='word_1_633' title='bbox 1295 4014 1389 4069; x_wconf 89' lang='grc' dir='ltr'><strong>δύο</strong></span> <span class='ocrx_word' id='word_1_634' title='bbox 1419 4013 1588 4069; x_wconf 82' lang='grc' dir='ltr'><strong>ὲθνῶν</strong></span> <span class='ocrx_word' id='word_1_635' title='bbox 1638 4014 1831 4084; x_wconf 90' lang='grc' dir='ltr'><strong>λόγον,</strong></span> <span class='ocrx_word' id='word_1_636' title='bbox 1858 4015 1954 4068; x_wconf 90' lang='grc' dir='ltr'><strong>τοῦ</strong></span> 
     </span>
    </p>
   </div>
   <div class='ocr_carea' id='block_1_79' title="bbox 372 4097 1955 4180">
    <p class='ocr_par' dir='ltr' id='par_1_79' title="bbox 372 4097 1955 4180">
     <span class='ocr_line' id='line_1_79' title="bbox 372 4097 1955 4180; baseline -0.003 -18"><span class='ocrx_word' id='word_1_637' title='bbox 372 4105 648 4180; x_wconf 84' lang='grc' dir='ltr'><strong>προτέρου</strong></span> <span class='ocrx_word' id='word_1_638' title='bbox 669 4144 683 4169; x_wconf 93' lang='grc'><strong>,</strong></span> <span class='ocrx_word' id='word_1_639' title='bbox 718 4097 763 4173; x_wconf 81' lang='grc' dir='ltr'>ᾧ</span> <span class='ocrx_word' id='word_1_640' title='bbox 799 4102 993 4177; x_wconf 79' lang='grc' dir='ltr'><strong>ἀπειλὴ</strong></span> <span class='ocrx_word' id='word_1_641' title='bbox 1038 4103 1271 4172; x_wconf 87' lang='grc' dir='ltr'><strong>δίδοται,</strong></span> <span class='ocrx_word' id='word_1_642' title='bbox 1301 4106 1394 4159; x_wconf 78' lang='grc' dir='ltr'><strong>καὶ</strong></span> <span class='ocrx_word' id='word_1_643' title='bbox 1418 4104 1511 4159; x_wconf 89' lang='grc' dir='ltr'><strong>τοῦ</strong></span> <span class='ocrx_word' id='word_1_644' title='bbox 1552 4105 1827 4176; x_wconf 82' lang='grc' dir='ltr'><strong>δευτέρου,</strong></span> <span class='ocrx_word' id='word_1_645' title='bbox 1849 4099 1893 4175; x_wconf 81' lang='grc' dir='ltr'>ᾧ</span> <span class='ocrx_word' id='word_1_646' title='bbox 1921 4108 1955 4177; x_wconf 85' lang='grc' dir='ltr'>ή</span> 
     </span>
    </p>
   </div>
   <div class='ocr_carea' id='block_1_80' title="bbox 369 4192 1957 4270">
    <p class='ocr_par' dir='ltr' id='par_1_80' title="bbox 369 4192 1957 4270">
     <span class='ocr_line' id='line_1_80' title="bbox 369 4192 1957 4270; baseline -0.001 -18"><span class='ocrx_word' id='word_1_647' title='bbox 369 4194 677 4266; x_wconf 71' lang='grc' dir='ltr'><strong>ὲπαγγελία</strong></span> <span class='ocrx_word' id='word_1_648' title='bbox 702 4195 925 4261; x_wconf 82' lang='grc' dir='ltr'><strong>δίδοται,</strong></span> <span class='ocrx_word' id='word_1_649' title='bbox 955 4196 1147 4265; x_wconf 86' lang='grc' dir='ltr'><strong>φησίν·</strong></span> <span class='ocrx_word' id='word_1_650' title='bbox 1187 4192 1308 4251; x_wconf 83' lang='grc' dir='ltr'><strong>εἷπε</strong></span> <span class='ocrx_word' id='word_1_651' title='bbox 1345 4196 1588 4270; x_wconf 87' lang='grc' dir='ltr'><strong>δηλονότι</strong></span> <span class='ocrx_word' id='word_1_652' title='bbox 1623 4199 1737 4260; x_wconf 87' lang='grc' dir='ltr'><strong>τοῖς</strong></span> <span class='ocrx_word' id='word_1_653' title='bbox 1762 4196 1957 4270; x_wconf 90' lang='grc' dir='ltr'><strong>προτέ-</strong></span> 
     </span>
    </p>
   </div>
   <div class='ocr_carea' id='block_1_81' title="bbox 376 4286 1956 4364">
    <p class='ocr_par' dir='ltr' id='par_1_81' title="bbox 376 4286 1956 4364">
     <span class='ocr_line' id='line_1_81' title="bbox 376 4286 1956 4364; baseline -0.001 -21"><span class='ocrx_word' id='word_1_654' title='bbox 376 4305 528 4364; x_wconf 88' lang='grc' dir='ltr'><strong>ροις·</strong></span> <span class='ocrx_word' id='word_1_655' title='bbox 552 4288 662 4343; x_wconf 89' lang='grc' dir='ltr'><strong>Καί</strong></span> <span class='ocrx_word' id='word_1_656' title='bbox 693 4288 810 4343; x_wconf 83' lang='grc' dir='ltr'><strong>νῦν</strong></span> <span class='ocrx_word' id='word_1_657' title='bbox 839 4287 1014 4342; x_wconf 67' lang='grc' dir='ltr'><strong>εἰπὸν</strong></span> <span class='ocrx_word' id='word_1_658' title='bbox 1040 4286 1192 4357; x_wconf 80' lang='grc' dir='ltr'><strong>πρὸς</strong></span> <span class='ocrx_word' id='word_1_659' title='bbox 1228 4287 1454 4357; x_wconf 78' lang='grc' dir='ltr'><strong>ἄνδρας</strong></span> <span class='ocrx_word' id='word_1_660' title='bbox 1483 4288 1557 4361; x_wconf 82' lang='grc'><strong>(1)</strong></span> <span class='ocrx_word' id='word_1_661' title='bbox 1614 4287 1817 4356; x_wconf 82' lang='grc' dir='ltr'><strong>Ἰούδα,</strong></span> <span class='ocrx_word' id='word_1_662' title='bbox 1858 4288 1956 4342; x_wconf 81' lang='grc' dir='ltr'><strong>καί</strong></span> 
     </span>
    </p>
   </div>
   <div class='ocr_carea' id='block_1_82' title="bbox 371 4379 1957 4451">
    <p class='ocr_par' dir='ltr' id='par_1_82' title="bbox 371 4379 1957 4451">
     <span class='ocr_line' id='line_1_82' title="bbox 371 4379 1957 4451; baseline -0.001 -14"><span class='ocrx_word' id='word_1_663' title='bbox 371 4380 530 4451; x_wconf 75' lang='grc' dir='ltr'><strong>πρὸς</strong></span> <span class='ocrx_word' id='word_1_664' title='bbox 553 4379 696 4447; x_wconf 86' lang='grc' dir='ltr'><strong>τοὺς</strong></span> <span class='ocrx_word' id='word_1_665' title='bbox 723 4381 1151 4448; x_wconf 71' lang='grc' dir='ltr'><strong>κατοικοῦντας</strong></span> <span class='ocrx_word' id='word_1_666' title='bbox 1192 4379 1578 4450; x_wconf 70' lang='grc' dir='ltr'><strong>Ἰερουσαλήμ</strong></span> <span class='ocrx_word' id='word_1_667' title='bbox 1596 4397 1611 4412; x_wconf 70' lang='grc' dir='ltr'><strong><em>ο</em></strong></span> <span class='ocrx_word' id='word_1_668' title='bbox 1644 4379 1845 4448; x_wconf 84' lang='grc' dir='ltr'><strong>Οὕτως</strong></span> <span class='ocrx_word' id='word_1_669' title='bbox 1857 4379 1957 4435; x_wconf 72' lang='grc' dir='ltr'><strong>λέ-</strong></span> 
     </span>
    </p>
   </div>
   <div class='ocr_carea' id='block_1_83' title="bbox 374 4466 1954 4545">
    <p class='ocr_par' dir='ltr' id='par_1_83' title="bbox 374 4466 1954 4545">
     <span class='ocr_line' id='line_1_83' title="bbox 374 4466 1954 4545; baseline 0.001 -18"><span class='ocrx_word' id='word_1_670' title='bbox 374 4489 470 4545; x_wconf 73' lang='grc' dir='ltr'><strong>γει</strong></span> <span class='ocrx_word' id='word_1_671' title='bbox 508 4470 754 4539; x_wconf 80' lang='grc' dir='ltr'><strong>Κύριος·</strong></span> <span class='ocrx_word' id='word_1_672' title='bbox 806 4466 950 4529; x_wconf 78' lang='grc' dir='ltr'><strong>Ἰδοὺ</strong></span> <span class='ocrx_word' id='word_1_673' title='bbox 978 4471 1094 4542; x_wconf 77' lang='grc' dir='ltr'><strong>ἐγὼ</strong></span> <span class='ocrx_word' id='word_1_674' title='bbox 1136 4472 1399 4545; x_wconf 70' lang='grc' dir='ltr'><strong>πλασσω</strong></span> <span class='ocrx_word' id='word_1_675' title='bbox 1447 4471 1540 4541; x_wconf 73' lang='grc' dir='ltr'><strong>ἐφ’</strong></span> <span class='ocrx_word' id='word_1_676' title='bbox 1581 4470 1738 4542; x_wconf 81' lang='grc' dir='ltr'><strong>ὑμᾶς</strong></span> <span class='ocrx_word' id='word_1_677' title='bbox 1780 4470 1954 4528; x_wconf 80' lang='grc' dir='ltr'><strong>κακά.</strong></span> 
     </span>
    </p>
   </div>
   <div class='ocr_carea' id='block_1_84' title="bbox 374 4560 1955 4635">
    <p class='ocr_par' dir='ltr' id='par_1_84' title="bbox 374 4560 1955 4635">
     <span class='ocr_line' id='line_1_84' title="bbox 374 4560 1955 4635; baseline 0.001 -18"><span class='ocrx_word' id='word_1_678' title='bbox 374 4565 504 4617; x_wconf 87' lang='grc' dir='ltr'><strong>Ὅτι</strong></span> <span class='ocrx_word' id='word_1_679' title='bbox 531 4562 588 4615; x_wconf 82' lang='grc' dir='ltr'><strong>ὲν</strong></span> <span class='ocrx_word' id='word_1_680' title='bbox 610 4560 676 4634; x_wconf 78' lang='grc' dir='ltr'><strong>τῇ</strong></span> <span class='ocrx_word' id='word_1_681' title='bbox 706 4562 850 4634; x_wconf 82' lang='grc' dir='ltr'><strong>χειρί</strong></span> <span class='ocrx_word' id='word_1_682' title='bbox 877 4580 977 4634; x_wconf 85' lang='grc' dir='ltr'><strong>μου</strong></span> <span class='ocrx_word' id='word_1_683' title='bbox 1008 4561 1183 4620; x_wconf 87' lang='grc' dir='ltr'><strong>ταῦτὰ</strong></span> <span class='ocrx_word' id='word_1_684' title='bbox 1207 4563 1665 4626; x_wconf 76' lang='grc' dir='ltr'><strong>ὲστινᾶπλάσσω,</strong></span> <span class='ocrx_word' id='word_1_685' title='bbox 1692 4563 1780 4632; x_wconf 79' lang='grc' dir='ltr'><strong>ἐφ’</strong></span> <span class='ocrx_word' id='word_1_686' title='bbox 1809 4564 1955 4635; x_wconf 79' lang='grc' dir='ltr'><strong>ὑμᾶς</strong></span> 
     </span>
    </p>
   </div>
   <div class='ocr_carea' id='block_1_85' title="bbox 371 4653 1955 4729">
    <p class='ocr_par' dir='ltr' id='par_1_85' title="bbox 371 4653 1955 4729">
     <span class='ocr_line' id='line_1_85' title="bbox 371 4653 1955 4729; baseline -0.001 -19"><span class='ocrx_word' id='word_1_687' title='bbox 371 4656 603 4710; x_wconf 83' lang='grc' dir='ltr'><strong>δύναται</strong></span> <span class='ocrx_word' id='word_1_688' title='bbox 628 4653 927 4711; x_wconf 88' lang='grc' dir='ltr'><strong>διαπεσεῖν.</strong></span> <span class='ocrx_word' id='word_1_689' title='bbox 953 4656 1222 4729; x_wconf 81' lang='grc' dir='ltr'><strong>Ποιήσατε</strong></span> <span class='ocrx_word' id='word_1_690' title='bbox 1251 4657 1423 4712; x_wconf 92' lang='grc' dir='ltr'><strong>ταῦτα</strong></span> <span class='ocrx_word' id='word_1_691' title='bbox 1444 4656 1717 4712; x_wconf 79' lang='grc' dir='ltr'><strong>διαπεσεῖν</strong></span> <span class='ocrx_word' id='word_1_692' title='bbox 1731 4656 1840 4710; x_wconf 79' lang='grc' dir='ltr'><strong>ἀπὸ</strong></span> <span class='ocrx_word' id='word_1_693' title='bbox 1855 4656 1955 4726; x_wconf 78' lang='grc' dir='ltr'><strong>τῆς</strong></span> 
     </span>
    </p>
   </div>
   <div class='ocr_carea' id='block_1_86' title="bbox 371 4743 1953 4819">
    <p class='ocr_par' dir='ltr' id='par_1_86' title="bbox 371 4743 1953 4819">
     <span class='ocr_line' id='line_1_86' title="bbox 371 4743 1953 4819; baseline 0 -20"><span class='ocrx_word' id='word_1_694' title='bbox 371 4743 561 4818; x_wconf 84' lang='grc' dir='ltr'><strong>χειρός</strong></span> <span class='ocrx_word' id='word_1_695' title='bbox 595 4759 719 4814; x_wconf 77' lang='grc' dir='ltr'><strong>μου,</strong></span> <span class='ocrx_word' id='word_1_696' title='bbox 748 4743 838 4798; x_wconf 71' lang='grc' dir='ltr'><strong>ἵνα</strong></span> <span class='ocrx_word' id='word_1_697' title='bbox 866 4743 903 4799; x_wconf 80' lang='grc' dir='ltr'><strong>ἃ.</strong></span> <span class='ocrx_word' id='word_1_698' title='bbox 926 4745 1151 4800; x_wconf 83' lang='grc' dir='ltr'><strong>πλάσσω</strong></span> <span class='ocrx_word' id='word_1_699' title='bbox 1184 4747 1269 4817; x_wconf 72' lang='grc' dir='ltr'><strong>ἐφ’</strong></span> <span class='ocrx_word' id='word_1_700' title='bbox 1301 4748 1446 4819; x_wconf 78' lang='grc' dir='ltr'><strong>ὑμᾶς</strong></span> <span class='ocrx_word' id='word_1_701' title='bbox 1468 4745 1616 4802; x_wconf 80' lang='grc' dir='ltr'><strong>κακὰ</strong></span> <span class='ocrx_word' id='word_1_702' title='bbox 1643 4744 1953 4818; x_wconf 75' lang='grc' dir='ltr'><strong>μεταϐάλω,</strong></span> 
     </span>
    </p>
   </div>
   <div class='ocr_carea' id='block_1_87' title="bbox 373 4834 1957 4911">
    <p class='ocr_par' dir='ltr' id='par_1_87' title="bbox 373 4834 1957 4911">
     <span class='ocr_line' id='line_1_87' title="bbox 373 4834 1957 4911; baseline 0 -20"><span class='ocrx_word' id='word_1_703' title='bbox 373 4836 474 4891; x_wconf 81' lang='grc' dir='ltr'><strong>καὶ</strong></span> <span class='ocrx_word' id='word_1_704' title='bbox 520 4836 732 4907; x_wconf 81' lang='grc' dir='ltr'><strong>ποιήσω</strong></span> <span class='ocrx_word' id='word_1_705' title='bbox 766 4835 964 4905; x_wconf 77' lang='grc' dir='ltr'><strong>ἀγαθά.</strong></span> <span class='ocrx_word' id='word_1_706' title='bbox 1010 4836 1126 4892; x_wconf 85' lang='grc' dir='ltr'><strong>Οὐκ</strong></span> <span class='ocrx_word' id='word_1_707' title='bbox 1170 4837 1237 4891; x_wconf 80' lang='grc' dir='ltr'><strong>ἂν</strong></span> <span class='ocrx_word' id='word_1_708' title='bbox 1269 4838 1485 4911; x_wconf 80' lang='grc' dir='ltr'><strong>εὕροις,</strong></span> <span class='ocrx_word' id='word_1_709' title='bbox 1528 4836 1673 4893; x_wconf 77' lang='grc' dir='ltr'><strong>Ἰδοὺ</strong></span> <span class='ocrx_word' id='word_1_710' title='bbox 1699 4834 1957 4892; x_wconf 74' lang='grc' dir='ltr'><strong>πλάσσω</strong></span> 
     </span>
    </p>
   </div>
   <div class='ocr_carea' id='block_1_88' title="bbox 372 4922 1956 4999">
    <p class='ocr_par' dir='ltr' id='par_1_88' title="bbox 372 4922 1956 4999">
     <span class='ocr_line' id='line_1_88' title="bbox 372 4922 1956 4999; baseline -0.001 -18"><span class='ocrx_word' id='word_1_711' title='bbox 372 4928 472 4998; x_wconf 71' lang='grc' dir='ltr'><strong>ἐφ’</strong></span> <span class='ocrx_word' id='word_1_712' title='bbox 500 4922 655 4995; x_wconf 80' lang='grc' dir='ltr'><strong>ὑμᾶς</strong></span> <span class='ocrx_word' id='word_1_713' title='bbox 682 4925 895 4996; x_wconf 65' lang='grc' dir='ltr'><strong>ἀγαθὰ,</strong></span> <span class='ocrx_word' id='word_1_714' title='bbox 930 4926 1022 4981; x_wconf 77' lang='grc' dir='ltr'><strong>καὶ</strong></span> <span class='ocrx_word' id='word_1_715' title='bbox 1046 4926 1117 4981; x_wconf 78' lang='grc' dir='ltr'><strong>τὰ</strong></span> <span class='ocrx_word' id='word_1_716' title='bbox 1146 4926 1407 4998; x_wconf 83' lang='grc' dir='ltr'><strong>ἀνάλογον</strong></span> <span class='ocrx_word' id='word_1_717' title='bbox 1440 4928 1618 4984; x_wconf 82' lang='grc' dir='ltr'><strong>αὐτῶν</strong></span> <span class='ocrx_word' id='word_1_718' title='bbox 1644 4925 1956 4999; x_wconf 89' lang='grc' dir='ltr'><strong>λεγομένοις</strong></span> 
     </span>
    </p>
   </div>
   <div class='ocr_carea' id='block_1_89' title="bbox 374 5017 1958 5092">
    <p class='ocr_par' dir='ltr' id='par_1_89' title="bbox 374 5017 1958 5092">
     <span class='ocr_line' id='line_1_89' title="bbox 374 5017 1958 5092; baseline 0 -19"><span class='ocrx_word' id='word_1_719' title='bbox 374 5018 529 5090; x_wconf 77' lang='grc' dir='ltr'><strong>ἑξῆς,</strong></span> <span class='ocrx_word' id='word_1_720' title='bbox 555 5018 644 5072; x_wconf 81' lang='grc' dir='ltr'><strong>ἵνα</strong></span> <span class='ocrx_word' id='word_1_721' title='bbox 679 5018 818 5088; x_wconf 75' lang='grc' dir='ltr'><strong>μετὰ</strong></span> <span class='ocrx_word' id='word_1_722' title='bbox 843 5017 1004 5072; x_wconf 86' lang='grc' dir='ltr'><strong>τοῦτο</strong></span> <span class='ocrx_word' id='word_1_723' title='bbox 1029 5018 1290 5092; x_wconf 78' lang='grc' dir='ltr'><strong>ἑμφαίνῃ,</strong></span> <span class='ocrx_word' id='word_1_724' title='bbox 1314 5020 1397 5074; x_wconf 82' lang='grc' dir='ltr'><strong>ὅτι</strong></span> <span class='ocrx_word' id='word_1_725' title='bbox 1428 5019 1464 5075; x_wconf 72' lang='grc' dir='ltr'>ἃ</span> <span class='ocrx_word' id='word_1_726' title='bbox 1505 5018 1733 5074; x_wconf 79' lang='grc' dir='ltr'><strong>πλάσσει</strong></span> <span class='ocrx_word' id='word_1_727' title='bbox 1777 5017 1958 5089; x_wconf 75' lang='grc' dir='ltr'><strong>ἀγαθὰ</strong></span> 
     </span>
    </p>
   </div>
   <div class='ocr_carea' id='block_1_90' title="bbox 373 5107 1953 5185">
    <p class='ocr_par' dir='ltr' id='par_1_90' title="bbox 373 5107 1953 5185">
     <span class='ocr_line' id='line_1_90' title="bbox 373 5107 1953 5185; baseline 0 -20"><span class='ocrx_word' id='word_1_728' title='bbox 373 5107 608 5165; x_wconf 81' lang='grc' dir='ltr'><strong>ἀπολύει</strong></span> <span class='ocrx_word' id='word_1_729' title='bbox 650 5108 758 5163; x_wconf 76' lang='grc' dir='ltr'><strong>ἀπὸ</strong></span> <span class='ocrx_word' id='word_1_730' title='bbox 806 5108 915 5162; x_wconf 86' lang='grc' dir='ltr'><strong>τῶν</strong></span> <span class='ocrx_word' id='word_1_731' title='bbox 951 5108 1171 5182; x_wconf 81' lang='grc' dir='ltr'><strong>χειρῶν,</strong></span> <span class='ocrx_word' id='word_1_732' title='bbox 1222 5111 1309 5164; x_wconf 80' lang='grc' dir='ltr'><strong>ἵνα</strong></span> <span class='ocrx_word' id='word_1_733' title='bbox 1361 5111 1562 5185; x_wconf 76' lang='grc' dir='ltr'><strong>ποιήσῃ</strong></span> <span class='ocrx_word' id='word_1_734' title='bbox 1602 5111 1742 5167; x_wconf 79' lang='grc' dir='ltr'><strong>αὐτὰ</strong></span> <span class='ocrx_word' id='word_1_735' title='bbox 1788 5110 1953 5165; x_wconf 78' lang='grc' dir='ltr'><strong>κακά.</strong></span> 
     </span>
    </p>
   </div>
   <div class='ocr_carea' id='block_1_91' title="bbox 386 5199 1953 5274">
    <p class='ocr_par' dir='ltr' id='par_1_91' title="bbox 386 5199 1953 5274">
     <span class='ocr_line' id='line_1_91' title="bbox 386 5199 1953 5274; baseline 0.003 -20"><span class='ocrx_word' id='word_1_736' title='bbox 386 5199 555 5255; x_wconf 77' lang='grc' dir='ltr'><strong>Ἀλλὰ</strong></span> <span class='ocrx_word' id='word_1_737' title='bbox 581 5199 811 5255; x_wconf 79' lang='grc' dir='ltr'><strong>πλάσσει</strong></span> <span class='ocrx_word' id='word_1_738' title='bbox 838 5202 985 5255; x_wconf 79' lang='grc' dir='ltr'><strong>κακὰ</strong></span> <span class='ocrx_word' id='word_1_739' title='bbox 1012 5200 1151 5256; x_wconf 79' lang='grc' dir='ltr'><strong>κατὰ</strong></span> <span class='ocrx_word' id='word_1_740' title='bbox 1171 5200 1237 5255; x_wconf 79' lang='grc' dir='ltr'><strong>τδ</strong></span> <span class='ocrx_word' id='word_1_741' title='bbox 1261 5200 1547 5274; x_wconf 88' lang='grc' dir='ltr'><strong>εἰρημένον</strong></span> <span class='ocrx_word' id='word_1_742' title='bbox 1586 5201 1953 5274; x_wconf 84' lang='grc' dir='ltr'><strong>παράδειγμα,</strong></span> 
     </span>
    </p>
   </div>
   <div class='ocr_carea' id='block_1_92' title="bbox 373 5290 1957 5367">
    <p class='ocr_par' dir='ltr' id='par_1_92' title="bbox 373 5290 1957 5367">
     <span class='ocr_line' id='line_1_92' title="bbox 373 5290 1957 5367; baseline 0.002 -21"><span class='ocrx_word' id='word_1_743' title='bbox 373 5291 479 5347; x_wconf 81' lang='grc' dir='ltr'><strong>καὶ</strong></span> <span class='ocrx_word' id='word_1_744' title='bbox 513 5290 769 5346; x_wconf 80' lang='grc' dir='ltr'><strong>πλάοσων</strong></span> <span class='ocrx_word' id='word_1_745' title='bbox 817 5293 960 5347; x_wconf 75' lang='grc' dir='ltr'><strong>κακὰ</strong></span> <span class='ocrx_word' id='word_1_746' title='bbox 996 5294 1269 5364; x_wconf 80' lang='grc' dir='ltr'><strong>οἰκονομεῖ</strong></span> <span class='ocrx_word' id='word_1_747' title='bbox 1304 5293 1474 5365; x_wconf 76' lang='grc' dir='ltr'><strong>χωρὶς</strong></span> <span class='ocrx_word' id='word_1_748' title='bbox 1524 5294 1623 5365; x_wconf 82' lang='grc' dir='ltr'><strong>τῆς</strong></span> <span class='ocrx_word' id='word_1_749' title='bbox 1668 5294 1957 5367; x_wconf 81' lang='grc' dir='ltr'><strong>ἑρμηνείας</strong></span> 
     </span>
    </p>
   </div>
   <div class='ocr_carea' id='block_1_93' title="bbox 376 5381 1959 5455">
    <p class='ocr_par' dir='ltr' id='par_1_93' title="bbox 376 5381 1959 5455">
     <span class='ocr_line' id='line_1_93' title="bbox 376 5381 1959 5455; baseline 0.002 -19"><span class='ocrx_word' id='word_1_750' title='bbox 376 5381 480 5453; x_wconf 80' lang='grc' dir='ltr'><strong>τῆς</strong></span> <span class='ocrx_word' id='word_1_751' title='bbox 508 5382 907 5455; x_wconf 75' lang='grc' dir='ltr'><strong>ἀποδεδομένης</strong></span> <span class='ocrx_word' id='word_1_752' title='bbox 930 5386 1013 5447; x_wconf 84' lang='grc' dir='ltr'><strong>εἰς</strong></span> <span class='ocrx_word' id='word_1_753' title='bbox 1038 5384 1101 5438; x_wconf 87' lang='grc' dir='ltr'><strong>τό</strong></span> <span class='ocrx_word' id='word_1_754' title='bbox 1118 5402 1132 5415; x_wconf 80' lang='grc'><em>’</em></span> <span class='ocrx_word' id='word_1_755' title='bbox 1161 5385 1418 5438; x_wconf 80' lang='grc' dir='ltr'><strong>Ἔπεσεν</strong></span> <span class='ocrx_word' id='word_1_756' title='bbox 1449 5385 1567 5439; x_wconf 77' lang='grc' dir='ltr'><strong>ἀπὸ</strong></span> <span class='ocrx_word' id='word_1_757' title='bbox 1596 5383 1715 5438; x_wconf 85' lang='grc' dir='ltr'><strong>τῶν</strong></span> <span class='ocrx_word' id='word_1_758' title='bbox 1744 5383 1959 5455; x_wconf 81' lang='grc' dir='ltr'><strong>χειρῶν</strong></span> 
     </span>
    </p>
   </div>
   <div class='ocr_carea' id='block_1_94' title="bbox 371 5472 1957 5549">
    <p class='ocr_par' dir='ltr' id='par_1_94' title="bbox 371 5472 1957 5549">
     <span class='ocr_line' id='line_1_94' title="bbox 371 5472 1957 5549; baseline 0.002 -22"><span class='ocrx_word' id='word_1_759' title='bbox 371 5489 518 5545; x_wconf 80' lang='grc' dir='ltr'><strong>μου,</strong></span> <span class='ocrx_word' id='word_1_760' title='bbox 544 5473 635 5529; x_wconf 86' lang='grc' dir='ltr'><strong>ῖνα</strong></span> <span class='ocrx_word' id='word_1_761' title='bbox 661 5472 755 5530; x_wconf 72' lang='grc' dir='ltr'><strong>ἐὰν</strong></span> <span class='ocrx_word' id='word_1_762' title='bbox 784 5476 949 5549; x_wconf 80' lang='grc' dir='ltr'><strong>πέσῃ,</strong></span> <span class='ocrx_word' id='word_1_763' title='bbox 991 5475 1087 5530; x_wconf 76' lang='grc' dir='ltr'><strong>καὶ</strong></span> <span class='ocrx_word' id='word_1_764' title='bbox 1131 5476 1192 5529; x_wconf 81' lang='grc' dir='ltr'><strong>τὸ</strong></span> <span class='ocrx_word' id='word_1_765' title='bbox 1224 5476 1376 5540; x_wconf 89' lang='grc' dir='ltr'><strong>τέλος</strong></span> <span class='ocrx_word' id='word_1_766' title='bbox 1422 5475 1530 5529; x_wconf 87' lang='grc' dir='ltr'><strong>τῶν</strong></span> <span class='ocrx_word' id='word_1_767' title='bbox 1570 5475 1957 5548; x_wconf 86' lang='grc' dir='ltr'><strong>πλασσομένων</strong></span> 
     </span>
    </p>
   </div>
   <div class='ocr_carea' id='block_1_95' title="bbox 376 5564 1529 5641">
    <p class='ocr_par' dir='ltr' id='par_1_95' title="bbox 376 5564 1529 5641">
     <span class='ocr_line' id='line_1_95' title="bbox 376 5564 1529 5641; baseline 0 -20"><span class='ocrx_word' id='word_1_768' title='bbox 376 5565 570 5621; x_wconf 77' lang='grc' dir='ltr'><strong>κακῶν</strong></span> <span class='ocrx_word' id='word_1_769' title='bbox 588 5567 689 5621; x_wconf 79' lang='grc' dir='ltr'><strong>οὒκ</strong></span> <span class='ocrx_word' id='word_1_770' title='bbox 717 5564 833 5622; x_wconf 75' lang='grc' dir='ltr'><strong>οἶδα</strong></span> <span class='ocrx_word' id='word_1_771' title='bbox 858 5568 1095 5623; x_wconf 74' lang='grc' dir='ltr'><strong>ποταπὸν</strong></span> <span class='ocrx_word' id='word_1_772' title='bbox 1118 5569 1360 5641; x_wconf 89' lang='grc' dir='ltr'><strong>γένηται.</strong></span> <span class='ocrx_word' id='word_1_773' title='bbox 1526 5566 1529 5569; x_wconf 58' lang='grc'><strong>⁷</strong></span> 
     </span>
    </p>
   </div>
   <div class='ocr_carea' id='block_1_96' title="bbox 452 5674 1611 5743">
    <p class='ocr_par' dir='ltr' id='par_1_96' title="bbox 452 5674 1611 5743">
     <span class='ocr_line' id='line_1_96' title="bbox 452 5674 1611 5743; baseline 0.003 -13"><span class='ocrx_word' id='word_1_774' title='bbox 452 5674 696 5732; x_wconf 81' lang='lat' dir='ltr'><strong>&#39;Jcrem.</strong></span> <span class='ocrx_word' id='word_1_775' title='bbox 728 5693 878 5742; x_wconf 75' lang='lat' dir='ltr'><strong>xxvr,</strong></span> <span class='ocrx_word' id='word_1_776' title='bbox 918 5680 973 5733; x_wconf 77' lang='lat'><strong>3.</strong></span> <span class='ocrx_word' id='word_1_777' title='bbox 1049 5680 1070 5710; x_wconf 80' lang='grc'>⁸</span> <span class='ocrx_word' id='word_1_778' title='bbox 1098 5678 1295 5735; x_wconf 81' lang='lat' dir='ltr'><strong>Jerem.</strong></span> <span class='ocrx_word' id='word_1_779' title='bbox 1331 5697 1485 5743; x_wconf 76' lang='lat' dir='ltr'><strong>xvm,</strong></span> <span class='ocrx_word' id='word_1_780' title='bbox 1526 5681 1611 5734; x_wconf 82' lang='lat' dir='ltr'><strong>ll.</strong></span> 
     </span>
    </p>
   </div>
   <div class='ocr_carea' id='block_1_97' title="bbox 460 5787 1277 5862">
    <p class='ocr_par' dir='ltr' id='par_1_97' title="bbox 460 5787 1277 5862">
     <span class='ocr_line' id='line_1_97' title="bbox 460 5787 1277 5862; baseline 0.006 -23"><span class='ocrx_word' id='word_1_781' title='bbox 460 5788 538 5858; x_wconf 86' lang='grc' dir='ltr'><strong>(Ι)</strong></span> <span class='ocrx_word' id='word_1_782' title='bbox 582 5787 762 5845; x_wconf 77' lang='lat' dir='ltr'><strong>Codex</strong></span> <span class='ocrx_word' id='word_1_783' title='bbox 797 5788 1065 5852; x_wconf 82' lang='lat' dir='ltr'><strong>Vaticau.,</strong></span> <span class='ocrx_word' id='word_1_784' title='bbox 1096 5790 1277 5862; x_wconf 77' lang='grc' dir='ltr'><strong>ἄνδρα.</strong></span> 
     </span>
    </p>
   </div>
   <div class='ocr_carea' id='block_1_98' title="bbox 2136 4014 3641 4089">
    <p class='ocr_par' dir='ltr' id='par_1_98' title="bbox 2136 4014 3641 4089">
     <span class='ocr_line' id='line_1_98' title="bbox 2136 4014 3641 4089; baseline 0.001 -17"><span class='ocrx_word' id='word_1_785' title='bbox 2136 4016 2185 4072; x_wconf 87' lang='grc'><strong>7.</strong></span> <span class='ocrx_word' id='word_1_786' title='bbox 2232 4017 2431 4075; x_wconf 88' lang='lat' dir='ltr'><strong>Deinde</strong></span> <span class='ocrx_word' id='word_1_787' title='bbox 2485 4027 2607 4089; x_wconf 85' lang='lat' dir='ltr'><strong>post</strong></span> <span class='ocrx_word' id='word_1_788' title='bbox 2644 4031 2953 4073; x_wconf 88' lang='lat' dir='ltr'><strong>sermonem</strong></span> <span class='ocrx_word' id='word_1_789' title='bbox 2993 4015 3062 4071; x_wconf 88' lang='lat' dir='ltr'><strong>de</strong></span> <span class='ocrx_word' id='word_1_790' title='bbox 3108 4014 3323 4070; x_wconf 89' lang='lat' dir='ltr'><strong>duabus</strong></span> <span class='ocrx_word' id='word_1_791' title='bbox 3362 4015 3641 4086; x_wconf 72' lang='lat' dir='ltr'><strong>gentibus.</strong></span> 
     </span>
    </p>
   </div>
   <div class='ocr_carea' id='block_1_99' title="bbox 2064 4105 3639 4177">
    <p class='ocr_par' dir='ltr' id='par_1_99' title="bbox 2064 4105 3639 4177">
     <span class='ocr_line' id='line_1_99' title="bbox 2064 4105 3639 4177; baseline 0.001 -18"><span class='ocrx_word' id='word_1_792' title='bbox 2064 4107 2246 4177; x_wconf 83' lang='lat' dir='ltr'><strong>priore</strong></span> <span class='ocrx_word' id='word_1_793' title='bbox 2297 4107 2386 4161; x_wconf 91' lang='lat' dir='ltr'><strong>cui</strong></span> <span class='ocrx_word' id='word_1_794' title='bbox 2439 4109 2639 4173; x_wconf 75' lang='lat' dir='ltr'><strong>minae,</strong></span> <span class='ocrx_word' id='word_1_795' title='bbox 2699 4108 2868 4161; x_wconf 88' lang='lat' dir='ltr'><strong>altera</strong></span> <span class='ocrx_word' id='word_1_796' title='bbox 2910 4105 2999 4161; x_wconf 91' lang='lat' dir='ltr'><strong>cui</strong></span> <span class='ocrx_word' id='word_1_797' title='bbox 3046 4105 3439 4176; x_wconf 88' lang='lat' dir='ltr'><strong>promissiones</strong></span> <span class='ocrx_word' id='word_1_798' title='bbox 3480 4106 3639 4161; x_wconf 65' lang='lat' dir='ltr'><strong>facta:</strong></span> 
     </span>
    </p>
   </div>
   <div class='ocr_carea' id='block_1_100' title="bbox 2064 4196 3635 4270">
    <p class='ocr_par' dir='ltr' id='par_1_100' title="bbox 2064 4196 3635 4270">
     <span class='ocr_line' id='line_1_100' title="bbox 2064 4196 3635 4270; baseline -0.003 -16"><span class='ocrx_word' id='word_1_799' title='bbox 2064 4209 2210 4266; x_wconf 86' lang='lat' dir='ltr'><strong>sunt,</strong></span> <span class='ocrx_word' id='word_1_800' title='bbox 2252 4199 2515 4270; x_wconf 85' lang='lat' dir='ltr'><strong>aitpriori</strong></span> <span class='ocrx_word' id='word_1_801' title='bbox 2559 4199 2819 4253; x_wconf 91' lang='lat' dir='ltr'><strong>nimirum</strong></span> <span class='ocrx_word' id='word_1_802' title='bbox 2851 4199 2911 4251; x_wconf 67' lang='grc' dir='ltr'>ἐ</span> <span class='ocrx_word' id='word_1_803' title='bbox 2975 4197 3044 4251; x_wconf 83' lang='lat' dir='ltr'><strong>Et</strong></span> <span class='ocrx_word' id='word_1_804' title='bbox 3086 4213 3227 4252; x_wconf 84' lang='lat' dir='ltr'><strong>nunc</strong></span> <span class='ocrx_word' id='word_1_805' title='bbox 3249 4197 3336 4250; x_wconf 85' lang='lat' dir='ltr'><strong>dic</strong></span> <span class='ocrx_word' id='word_1_806' title='bbox 3381 4196 3452 4250; x_wconf 84' lang='lat' dir='ltr'><strong>ad</strong></span> <span class='ocrx_word' id='word_1_807' title='bbox 3493 4196 3635 4251; x_wconf 79' lang='lat' dir='ltr'><strong>riros</strong></span> 
     </span>
    </p>
   </div>
   <div class='ocr_carea' id='block_1_101' title="bbox 2060 4288 3633 4359">
    <p class='ocr_par' dir='ltr' id='par_1_101' title="bbox 2060 4288 3633 4359">
     <span class='ocr_line' id='line_1_101' title="bbox 2060 4288 3633 4359; baseline -0.004 -12"><span class='ocrx_word' id='word_1_808' title='bbox 2060 4288 2100 4347; x_wconf 75' lang='grc' dir='ltr'><em>Ι</em></span> <span class='ocrx_word' id='word_1_809' title='bbox 2103 4294 2226 4357; x_wconf 86' lang='lat' dir='ltr'><strong>uda,</strong></span> <span class='ocrx_word' id='word_1_810' title='bbox 2248 4304 2295 4346; x_wconf 86' lang='lat' dir='ltr'><strong>et</strong></span> <span class='ocrx_word' id='word_1_811' title='bbox 2318 4294 2398 4359; x_wconf 69' lang='lat' dir='ltr'><strong>ad</strong></span> <span class='ocrx_word' id='word_1_812' title='bbox 2440 4292 2764 4347; x_wconf 84' lang='lat' dir='ltr'><strong>habitatores</strong></span> <span class='ocrx_word' id='word_1_813' title='bbox 2797 4289 3118 4353; x_wconf 81' lang='lat' dir='ltr'><strong>Jerusalem,</strong></span> <span class='ocrx_word' id='word_1_814' title='bbox 3145 4289 3255 4344; x_wconf 69' lang='lat' dir='ltr'><strong>haec</strong></span> <span class='ocrx_word' id='word_1_815' title='bbox 3291 4289 3421 4343; x_wconf 85' lang='lat' dir='ltr'><strong>dicit</strong></span> <span class='ocrx_word' id='word_1_816' title='bbox 3446 4288 3633 4342; x_wconf 85' lang='lat' dir='ltr'><strong>Domi-</strong></span> 
     </span>
    </p>
   </div>
   <div class='ocr_carea' id='block_1_102' title="bbox 2061 4380 3639 4455">
    <p class='ocr_par' dir='ltr' id='par_1_102' title="bbox 2061 4380 3639 4455">
     <span class='ocr_line' id='line_1_102' title="bbox 2061 4380 3639 4455; baseline 0 -18"><span class='ocrx_word' id='word_1_817' title='bbox 2061 4399 2158 4437; x_wconf 84' lang='lat' dir='ltr'><strong>nus</strong></span> <span class='ocrx_word' id='word_1_818' title='bbox 2189 4400 2207 4438; x_wconf 89' lang='lat'><strong><em>:</em></strong></span> <span class='ocrx_word' id='word_1_819' title='bbox 2241 4383 2375 4439; x_wconf 84' lang='lat' dir='ltr'><strong>Ecce</strong></span> <span class='ocrx_word' id='word_1_820' title='bbox 2411 4400 2502 4455; x_wconf 85' lang='lat' dir='ltr'><strong>ego</strong></span> <span class='ocrx_word' id='word_1_821' title='bbox 2536 4384 2677 4455; x_wconf 82' lang='lat' dir='ltr'><strong>ﬁngo</strong></span> <span class='ocrx_word' id='word_1_822' title='bbox 2716 4399 2873 4452; x_wconf 83' lang='lat' dir='ltr'><strong>super</strong></span> <span class='ocrx_word' id='word_1_823' title='bbox 2919 4398 3005 4436; x_wconf 80' lang='lat' dir='ltr'><strong>vos</strong></span> <span class='ocrx_word' id='word_1_824' title='bbox 3052 4380 3214 4436; x_wconf 81' lang='lat' dir='ltr'><strong>mala.</strong></span> <span class='ocrx_word' id='word_1_825' title='bbox 3260 4380 3529 4448; x_wconf 82' lang='lat' dir='ltr'><strong>Quoniam</strong></span> <span class='ocrx_word' id='word_1_826' title='bbox 3576 4380 3639 4437; x_wconf 79' lang='lat' dir='ltr'><strong>in</strong></span> 
     </span>
    </p>
   </div>
   <div class='ocr_carea' id='block_1_103' title="bbox 1990 4474 3635 4563">
    <p class='ocr_par' dir='ltr' id='par_1_103' title="bbox 1990 4474 3635 4563">
     <span class='ocr_line' id='line_1_103' title="bbox 1990 4474 3635 4563; baseline -0.002 -33"><span class='ocrx_word' id='word_1_827' title='bbox 1990 4507 2034 4563; x_wconf 68' lang='grc' dir='ltr'><strong>υ</strong></span> <span class='ocrx_word' id='word_1_828' title='bbox 2064 4492 2229 4531; x_wconf 88' lang='lat' dir='ltr'><strong>manu</strong></span> <span class='ocrx_word' id='word_1_829' title='bbox 2258 4492 2375 4531; x_wconf 89' lang='lat' dir='ltr'><strong>mea</strong></span> <span class='ocrx_word' id='word_1_830' title='bbox 2403 4486 2531 4530; x_wconf 84' lang='lat' dir='ltr'><strong>sunt</strong></span> <span class='ocrx_word' id='word_1_831' title='bbox 2555 4476 2671 4532; x_wconf 73' lang='lat' dir='ltr'><strong>bzec</strong></span> <span class='ocrx_word' id='word_1_832' title='bbox 2716 4492 2837 4546; x_wconf 66' lang='lat' dir='ltr'><strong>quae</strong></span> <span class='ocrx_word' id='word_1_833' title='bbox 2863 4474 3029 4548; x_wconf 75' lang='lat' dir='ltr'><strong>ﬁngo,</strong></span> <span class='ocrx_word' id='word_1_834' title='bbox 3070 4489 3234 4544; x_wconf 85' lang='lat' dir='ltr'><strong>super</strong></span> <span class='ocrx_word' id='word_1_835' title='bbox 3266 4488 3365 4529; x_wconf 76' lang='lat' dir='ltr'><strong>vos</strong></span> <span class='ocrx_word' id='word_1_836' title='bbox 3402 4482 3635 4543; x_wconf 89' lang='lat' dir='ltr'><strong>possunt</strong></span> 
     </span>
    </p>
   </div>
   <div class='ocr_carea' id='block_1_104' title="bbox 2062 4563 3635 4638">
    <p class='ocr_par' dir='ltr' id='par_1_104' title="bbox 2062 4563 3635 4638">
     <span class='ocr_line' id='line_1_104' title="bbox 2062 4563 3635 4638; baseline -0.003 -15"><span class='ocrx_word' id='word_1_837' title='bbox 2062 4567 2275 4624; x_wconf 87' lang='lat' dir='ltr'><strong>cadere.</strong></span> <span class='ocrx_word' id='word_1_838' title='bbox 2301 4566 2684 4638; x_wconf 79' lang='lat' dir='ltr'><strong>Dateoperam</strong></span> <span class='ocrx_word' id='word_1_839' title='bbox 2715 4575 2774 4622; x_wconf 92' lang='lat' dir='ltr'><strong>ut</strong></span> <span class='ocrx_word' id='word_1_840' title='bbox 2817 4582 2848 4623; x_wconf 87' lang='lat' dir='ltr'><strong>e</strong></span> <span class='ocrx_word' id='word_1_841' title='bbox 2880 4583 3045 4622; x_wconf 89' lang='lat' dir='ltr'><strong>manu</strong></span> <span class='ocrx_word' id='word_1_842' title='bbox 3075 4582 3194 4621; x_wconf 87' lang='lat' dir='ltr'><strong>mea</strong></span> <span class='ocrx_word' id='word_1_843' title='bbox 3240 4563 3528 4629; x_wconf 82' lang='lat' dir='ltr'><strong>excidant,</strong></span> <span class='ocrx_word' id='word_1_844' title='bbox 3576 4574 3635 4619; x_wconf 90' lang='lat' dir='ltr'><strong>ut</strong></span> 
     </span>
    </p>
   </div>
   <div class='ocr_carea' id='block_1_105' title="bbox 2061 4644 3633 4731">
    <p class='ocr_par' dir='ltr' id='par_1_105' title="bbox 2061 4644 3633 4731">
     <span class='ocr_line' id='line_1_105' title="bbox 2061 4644 3633 4731; baseline -0.002 -17"><span class='ocrx_word' id='word_1_845' title='bbox 2061 4675 2125 4714; x_wconf 88' lang='lat' dir='ltr'><strong>ea</strong></span> <span class='ocrx_word' id='word_1_846' title='bbox 2154 4644 2274 4731; x_wconf 64' lang='lat' dir='ltr'><strong>qua:</strong></span> <span class='ocrx_word' id='word_1_847' title='bbox 2302 4662 2447 4730; x_wconf 80' lang='lat' dir='ltr'><strong>fingo</strong></span> <span class='ocrx_word' id='word_1_848' title='bbox 2468 4675 2631 4731; x_wconf 88' lang='lat' dir='ltr'><strong>super</strong></span> <span class='ocrx_word' id='word_1_849' title='bbox 2653 4676 2750 4715; x_wconf 89' lang='lat' dir='ltr'><strong>vos</strong></span> <span class='ocrx_word' id='word_1_850' title='bbox 2774 4660 2918 4716; x_wconf 86' lang='lat' dir='ltr'><strong>mala</strong></span> <span class='ocrx_word' id='word_1_851' title='bbox 2944 4670 3147 4715; x_wconf 87' lang='lat' dir='ltr'><strong>mutem</strong></span> <span class='ocrx_word' id='word_1_852' title='bbox 3171 4667 3226 4713; x_wconf 89' lang='lat' dir='ltr'><strong>et</strong></span> <span class='ocrx_word' id='word_1_853' title='bbox 3248 4656 3443 4712; x_wconf 84' lang='lat' dir='ltr'><strong>faciam</strong></span> <span class='ocrx_word' id='word_1_854' title='bbox 3468 4656 3633 4711; x_wconf 87' lang='lat' dir='ltr'><strong>bona.</strong></span> 
     </span>
    </p>
   </div>
   <div class='ocr_carea' id='block_1_106' title="bbox 2063 4747 3642 4823">
    <p class='ocr_par' dir='ltr' id='par_1_106' title="bbox 2063 4747 3642 4823">
     <span class='ocr_line' id='line_1_106' title="bbox 2063 4747 3642 4823; baseline -0.001 -20"><span class='ocrx_word' id='word_1_855' title='bbox 2063 4749 2215 4806; x_wconf 88' lang='lat' dir='ltr'><strong>Haud</strong></span> <span class='ocrx_word' id='word_1_856' title='bbox 2243 4751 2505 4816; x_wconf 82' lang='lat' dir='ltr'><strong>invenies,</strong></span> <span class='ocrx_word' id='word_1_857' title='bbox 2528 4749 2663 4806; x_wconf 81' lang='lat' dir='ltr'><strong>Ecce</strong></span> <span class='ocrx_word' id='word_1_858' title='bbox 2687 4752 2828 4823; x_wconf 75' lang='lat' dir='ltr'><strong>ﬁngo</strong></span> <span class='ocrx_word' id='word_1_859' title='bbox 2849 4769 3007 4819; x_wconf 84' lang='lat' dir='ltr'><strong>super</strong></span> <span class='ocrx_word' id='word_1_860' title='bbox 3033 4768 3119 4806; x_wconf 75' lang='lat' dir='ltr'><strong>eos</strong></span> <span class='ocrx_word' id='word_1_861' title='bbox 3140 4748 3300 4813; x_wconf 82' lang='lat' dir='ltr'><strong>bona,</strong></span> <span class='ocrx_word' id='word_1_862' title='bbox 3323 4758 3379 4803; x_wconf 87' lang='lat' dir='ltr'><strong>et</strong></span> <span class='ocrx_word' id='word_1_863' title='bbox 3403 4763 3526 4817; x_wconf 68' lang='lat' dir='ltr'><strong>quae</strong></span> <span class='ocrx_word' id='word_1_864' title='bbox 3550 4747 3642 4801; x_wconf 79' lang='lat' dir='ltr'><strong>liis</strong></span> 
     </span>
    </p>
   </div>
   <div class='ocr_carea' id='block_1_107' title="bbox 2062 4840 3639 4915">
    <p class='ocr_par' dir='ltr' id='par_1_107' title="bbox 2062 4840 3639 4915">
     <span class='ocr_line' id='line_1_107' title="bbox 2062 4840 3639 4915; baseline -0.004 -16"><span class='ocrx_word' id='word_1_865' title='bbox 2062 4853 2425 4899; x_wconf 86' lang='lat' dir='ltr'><strong>consentanea</strong></span> <span class='ocrx_word' id='word_1_866' title='bbox 2464 4844 2691 4899; x_wconf 86' lang='lat' dir='ltr'><strong>dicenda</strong></span> <span class='ocrx_word' id='word_1_867' title='bbox 2742 4844 2906 4915; x_wconf 75' lang='lat'><strong>250</strong></span> <span class='ocrx_word' id='word_1_868' title='bbox 2937 4842 3137 4907; x_wconf 78' lang='lat' dir='ltr'><strong>forent,</strong></span> <span class='ocrx_word' id='word_1_869' title='bbox 3186 4851 3247 4897; x_wconf 93' lang='lat' dir='ltr'><strong>ut</strong></span> <span class='ocrx_word' id='word_1_870' title='bbox 3286 4840 3639 4911; x_wconf 87' lang='lat' dir='ltr'><strong>postmodum</strong></span> 
     </span>
    </p>
   </div>
   <div class='ocr_carea' id='block_1_108' title="bbox 2062 4932 3636 5007">
    <p class='ocr_par' dir='ltr' id='par_1_108' title="bbox 2062 4932 3636 5007">
     <span class='ocr_line' id='line_1_108' title="bbox 2062 4932 3636 5007; baseline -0.003 -16"><span class='ocrx_word' id='word_1_871' title='bbox 2062 4934 2314 4991; x_wconf 85' lang='lat' dir='ltr'><strong>ostendat</strong></span> <span class='ocrx_word' id='word_1_872' title='bbox 2338 4949 2398 4990; x_wconf 89' lang='lat' dir='ltr'><strong>se</strong></span> <span class='ocrx_word' id='word_1_873' title='bbox 2424 4951 2547 5005; x_wconf 77' lang='lat' dir='ltr'><strong>quae</strong></span> <span class='ocrx_word' id='word_1_874' title='bbox 2575 4936 2728 5007; x_wconf 78' lang='lat' dir='ltr'><strong>lingit</strong></span> <span class='ocrx_word' id='word_1_875' title='bbox 2753 4936 2896 4992; x_wconf 88' lang='lat' dir='ltr'><strong>bona</strong></span> <span class='ocrx_word' id='word_1_876' title='bbox 2917 4936 3190 4991; x_wconf 90' lang='lat' dir='ltr'><strong>dimittere</strong></span> <span class='ocrx_word' id='word_1_877' title='bbox 3220 4949 3250 4989; x_wconf 93' lang='lat' dir='ltr'><strong>e</strong></span> <span class='ocrx_word' id='word_1_878' title='bbox 3274 4932 3545 4995; x_wconf 88' lang='lat' dir='ltr'><strong>manibus,</strong></span> <span class='ocrx_word' id='word_1_879' title='bbox 3574 4940 3636 4987; x_wconf 81' lang='lat' dir='ltr'><strong>ut</strong></span> 
     </span>
    </p>
   </div>
   <div class='ocr_carea' id='block_1_109' title="bbox 2063 5022 3633 5097">
    <p class='ocr_par' dir='ltr' id='par_1_109' title="bbox 2063 5022 3633 5097">
     <span class='ocr_line' id='line_1_109' title="bbox 2063 5022 3633 5097; baseline -0.004 -15"><span class='ocrx_word' id='word_1_880' title='bbox 2063 5025 2228 5083; x_wconf 84' lang='lat' dir='ltr'><strong>faciat</strong></span> <span class='ocrx_word' id='word_1_881' title='bbox 2277 5026 2392 5097; x_wconf 86' lang='lat' dir='ltr'><strong>ipsa</strong></span> <span class='ocrx_word' id='word_1_882' title='bbox 2444 5027 2622 5095; x_wconf 89' lang='lat' dir='ltr'><strong>mala;</strong></span> <span class='ocrx_word' id='word_1_883' title='bbox 2652 5027 2747 5083; x_wconf 89' lang='lat' dir='ltr'><strong>sed</strong></span> <span class='ocrx_word' id='word_1_884' title='bbox 2795 5026 2951 5097; x_wconf 76' lang='lat' dir='ltr'><strong>fingit</strong></span> <span class='ocrx_word' id='word_1_885' title='bbox 2997 5027 3142 5081; x_wconf 90' lang='lat' dir='ltr'><strong>mala</strong></span> <span class='ocrx_word' id='word_1_886' title='bbox 3175 5025 3331 5095; x_wconf 73' lang='lat' dir='ltr'><strong>juxta</strong></span> <span class='ocrx_word' id='word_1_887' title='bbox 3374 5022 3633 5078; x_wconf 84' lang='lat' dir='ltr'><strong>traditum</strong></span> 
     </span>
    </p>
   </div>
   <div class='ocr_carea' id='block_1_110' title="bbox 2061 5112 3626 5191">
    <p class='ocr_par' dir='ltr' id='par_1_110' title="bbox 2061 5112 3626 5191">
     <span class='ocr_line' id='line_1_110' title="bbox 2061 5112 3626 5191; baseline -0.006 -16"><span class='ocrx_word' id='word_1_888' title='bbox 2061 5119 2395 5191; x_wconf 77' lang='lat' dir='ltr'><strong>exemplum,</strong></span> <span class='ocrx_word' id='word_1_889' title='bbox 2428 5127 2484 5174; x_wconf 86' lang='lat' dir='ltr'><strong>et</strong></span> <span class='ocrx_word' id='word_1_890' title='bbox 2523 5120 2664 5174; x_wconf 87' lang='lat' dir='ltr'><strong>mala</strong></span> <span class='ocrx_word' id='word_1_891' title='bbox 2694 5118 2905 5191; x_wconf 72' lang='lat' dir='ltr'><strong>fingens</strong></span> <span class='ocrx_word' id='word_1_892' title='bbox 2940 5118 3051 5173; x_wconf 89' lang='lat' dir='ltr'><strong>al-io</strong></span> <span class='ocrx_word' id='word_1_893' title='bbox 3074 5119 3295 5187; x_wconf 87' lang='lat' dir='ltr'><strong>insuper</strong></span> <span class='ocrx_word' id='word_1_894' title='bbox 3329 5114 3491 5169; x_wconf 89' lang='lat' dir='ltr'><strong>modo</strong></span> <span class='ocrx_word' id='word_1_895' title='bbox 3512 5112 3626 5167; x_wconf 79' lang='lat' dir='ltr'><strong>dis-</strong></span> 
     </span>
    </p>
   </div>
   <div class='ocr_carea' id='block_1_111' title="bbox 2063 5205 3633 5284">
    <p class='ocr_par' dir='ltr' id='par_1_111' title="bbox 2063 5205 3633 5284">
     <span class='ocr_line' id='line_1_111' title="bbox 2063 5205 3633 5284; baseline -0.007 -15"><span class='ocrx_word' id='word_1_896' title='bbox 2063 5222 2276 5284; x_wconf 88' lang='lat' dir='ltr'><strong>pensat,</strong></span> <span class='ocrx_word' id='word_1_897' title='bbox 2316 5228 2479 5284; x_wconf 87' lang='lat' dir='ltr'><strong>quam</strong></span> <span class='ocrx_word' id='word_1_898' title='bbox 2524 5228 2635 5282; x_wconf 85' lang='lat' dir='ltr'><strong>quo</strong></span> <span class='ocrx_word' id='word_1_899' title='bbox 2679 5212 3043 5283; x_wconf 79' lang='lat' dir='ltr'><strong>explicuimus</strong></span> <span class='ocrx_word' id='word_1_900' title='bbox 3086 5210 3264 5266; x_wconf 82' lang='lat' dir='ltr'><strong>illud:</strong></span> <span class='ocrx_word' id='word_1_901' title='bbox 3323 5205 3525 5262; x_wconf 83' lang='lat' dir='ltr'><strong>Cecidit</strong></span> <span class='ocrx_word' id='word_1_902' title='bbox 3565 5206 3633 5259; x_wconf 78' lang='lat' dir='ltr'><strong>de</strong></span> 
     </span>
    </p>
   </div>
   <div class='ocr_carea' id='block_1_112' title="bbox 2064 5299 3636 5371">
    <p class='ocr_par' dir='ltr' id='par_1_112' title="bbox 2064 5299 3636 5371">
     <span class='ocr_line' id='line_1_112' title="bbox 2064 5299 3636 5371; baseline -0.004 -11"><span class='ocrx_word' id='word_1_903' title='bbox 2064 5306 2308 5362; x_wconf 82' lang='lat' dir='ltr'><strong>manibus</strong></span> <span class='ocrx_word' id='word_1_904' title='bbox 2336 5306 2490 5371; x_wconf 82' lang='lat' dir='ltr'><strong>meis,</strong></span> <span class='ocrx_word' id='word_1_905' title='bbox 2520 5315 2578 5362; x_wconf 91' lang='lat' dir='ltr'><strong>ut</strong></span> <span class='ocrx_word' id='word_1_906' title='bbox 2600 5321 2728 5361; x_wconf 89' lang='lat' dir='ltr'><strong>eum</strong></span> <span class='ocrx_word' id='word_1_907' title='bbox 2754 5302 3030 5370; x_wconf 83' lang='lat' dir='ltr'><strong>ceciderit,</strong></span> <span class='ocrx_word' id='word_1_908' title='bbox 3045 5304 3209 5358; x_wconf 85' lang='lat' dir='ltr'><strong>etiam</strong></span> <span class='ocrx_word' id='word_1_909' title='bbox 3234 5299 3485 5357; x_wconf 75' lang='lat' dir='ltr'><strong>lictorum</strong></span> <span class='ocrx_word' id='word_1_910' title='bbox 3516 5313 3636 5353; x_wconf 85' lang='lat' dir='ltr'><strong>ma-</strong></span> 
     </span>
    </p>
   </div>
   <div class='ocr_carea' id='block_1_113' title="bbox 2066 5394 3117 5468">
    <p class='ocr_par' dir='ltr' id='par_1_113' title="bbox 2066 5394 3117 5468">
     <span class='ocr_line' id='line_1_113' title="bbox 2066 5394 3117 5468; baseline -0.004 -14"><span class='ocrx_word' id='word_1_911' title='bbox 2066 5400 2243 5454; x_wconf 90' lang='lat' dir='ltr'><strong>lorum</strong></span> <span class='ocrx_word' id='word_1_912' title='bbox 2279 5398 2405 5455; x_wconf 84' lang='lat' dir='ltr'><strong>linis</strong></span> <span class='ocrx_word' id='word_1_913' title='bbox 2430 5397 2616 5455; x_wconf 88' lang='lat' dir='ltr'><strong>nescio</strong></span> <span class='ocrx_word' id='word_1_914' title='bbox 2636 5396 2818 5468; x_wconf 81' lang='lat' dir='ltr'><strong>qualis</strong></span> <span class='ocrx_word' id='word_1_915' title='bbox 2842 5394 3117 5452; x_wconf 83' lang='lat' dir='ltr'><strong>adveniat.</strong></span> 
     </span>
    </p>
   </div>
  </div>
