4122 6466
438 408 545 464 879

507 526 561 580 8.
606 527 886 580 Avertatur
918 537 1041 582 tunc
1068 529 1471 599 unusquisquea
1495 529 1580 583 via
1614 544 1711 581 sua
1743 525 1885 580 mala
1911 567 1925 589 ,
1957 536 2004 578 et
2037 527 2082 582 Α

440 612 663 666 meliora
694 614 855 682 facite
882 616 1065 669 studia
1088 626 1260 670 vestra
1282 619 1324 671 ".
1352 615 1627 672 Interdum
1651 614 2009 685 simpliciores

436 702 666 755 dicunt:
701 702 850 757 Beati
892 705 984 773 qui
1027 705 1156 759 olim
1190 705 1372 771 luere,
1423 707 1681 777 quoniam
1721 705 2010 759 audierunt

438 792 729 847 Dominum
774 811 867 863 per
904 798 1222 864 prophetam
1257 798 1547 864 dicentem,
1597 810 1649 853 et
1684 798 1898 852 locutus
1927 806 2011 851 est

436 883 516 937 eis
541 883 820 939 "eminus.
856 885 919 939 Et
940 902 1087 943 nunc
1117 905 1211 958 per
1240 905 1303 943 ea
1324 905 1445 959 quas
1468 891 1669 959 scripta
1697 899 1827 944 sunt
1844 889 2006 945 dicit:

436 973 721 1026 Avertatur
762 978 1115 1046 unusquisque
1166 996 1199 1032 a
1238 980 1323 1033 via
1354 996 1454 1033 sua
1500 979 1663 1034 mala.
1719 980 1860 1035 Idem
1896 981 2010 1050 ipse

436 1060 699 1119 Dominus
746 1074 800 1120 te
832 1066 1149 1137 alloquitur,
1182 1069 1372 1125 dicens
1401 1086 1415 1122 :
1481 1068 1552 1124 Et
1585 1070 1805 1125 meliora
1848 1071 2011 1139 facite

435 1154 618 1207 studia
648 1164 839 1209 vestra.
861 1157 929 1210 At
960 1161 1363 1228 responderunt
1392 1160 1447 1215 hi
1479 1163 1545 1216 ad
1575 1177 1715 1231 quos
1753 1162 2008 1218 cohorta-

438 1245 615 1300 tiones
638 1246 703 1300 ad
731 1248 1101 1314 pmnitentiam
1136 1250 1332 1307 habita:
1356 1263 1499 1307 sunt.
1542 1251 1837 1309 Videamus
1878 1250 2008 1323 quid

436 1337 836 1405 responderint,
868 1354 935 1391 ne
953 1341 1141 1394 eadem
1188 1352 1241 1396 et
1264 1359 1365 1399 lmS
1388 1345 1835 1413 respondeamus.
1866 1344 2006 1411 Quid

438 1426 608 1496 igitur
635 1431 1005 1497 respondent?
1034 1431 1471 1501 Confortabimur
1491 1475 1505 1500 ,
1549 1437 1677 1507 quia
1705 1447 1821 1507 post
1858 1454 2007 1493 aver-

436 1518 612 1571 siones
633 1528 841 1573 nostras
881 1522 1106 1586 ibimus;
1130 1535 1179 1578 et
1206 1528 1558 1599 unusquisque
1599 1530 1798 1599 placita
1833 1530 2007 1584 cordis

436 1609 524 1662 sui
552 1610 679 1664 ntali
701 1612 955 1680 faciemus
989 1615 1032 1669 ⁸.
1066 1614 1218 1682 Quod
1247 1619 1292 1673 si
1323 1618 1373 1673 id
1405 1621 1584 1675 verbis
1605 1637 1712 1675 non
1740 1622 2005 1685 dixeritis,

436 1698 548 1754 vita
579 1716 707 1757 vero
733 1712 909 1758 vestra
936 1705 1204 1774 ejusmodi
1229 1708 1301 1763 sit
1330 1718 1388 1763 ut
1409 1712 1664 1780 peccetis,
1701 1713 1925 1782 perinde
1955 1725 2008 1769 et

438 1807 535 1846 vos
581 1808 676 1860 per
707 1810 868 1861 prava
915 1812 1077 1865 opera
1125 1809 1245 1868 post
1291 1801 1684 1859 cohortationis
1726 1820 2007 1863 sermones

436 1883 651 1937 dicitis:
686 1882 1137 1953 Confortabimnr,
1165 1891 1292 1958 quia
1324 1900 1441 1959 post
1473 1894 1766 1947 aversiones
1796 1903 2005 1948 nostras
2040 1870 2081 1928 Β

436 1972 664 2037 ibimus;
700 1983 749 2026 et
778 1978 1130 2046 unusquisque
1152 1979 1351 2046 placita
1378 1981 1553 2035 cordis
1584 1982 1669 2036 sui
1689 1983 1816 2036 mali
1839 1983 2005 2051 facie-

436 2077 575 2115 mus.
626 2063 764 2128 Quid
798 2078 961 2134 porro
1006 2068 1109 2122 sibi
1155 2070 1267 2123 vult
1302 2070 1491 2125 istud:
1536 2071 1663 2125 Post
1716 2076 2006 2130 aversiones

436 2159 643 2203 nostras
672 2152 905 2207 ibimus?
933 2153 1035 2220 Qui
1055 2159 1124 2211 ad
1149 2165 1394 2213 aratrum
1424 2175 1643 2214 manum
1673 2177 1874 2231 ponere
1898 2179 2008 2219 rte-

436 2251 653 2307 pcrnnt,
678 2253 730 2297 et
758 2246 825 2299 ad
859 2260 923 2300 ea
956 2262 1078 2317 quae
1126 2257 1439 2303 antrorsum
1478 2261 1609 2305 sunt
1647 2252 2004 2319 contendunt,

437 2346 562 2396 qua:
592 2342 773 2388 autem
841 2346 987 2392 retro
1036 2344 1165 2393 sunt
1213 2339 1635 2410 obliviscuntur,
1686 2344 1722 2398 ii
1772 2345 2005 2401 aversati

436 2426 743 2478 suntmala
777 2425 1008 2491 Quando
1043 2431 1208 2500 igitur
1234 2432 1510 2503 quispiam
1555 2450 1718 2489 manu
1765 2436 1832 2490 ad
1875 2451 2004 2491 ara-

434 2521 578 2566 trum
620 2516 793 2583 posita
842 2519 910 2572 ad
934 2534 998 2574 ea
1035 2536 1158 2591 quae
1202 2532 1346 2578 retro
1385 2533 1516 2579 sunt
1556 2542 1614 2579 se
1654 2526 2001 2593 converterit,

435 2615 555 2673 post
583 2610 893 2667 aversiones
926 2628 1056 2669 suas
1106 2614 1241 2683 ibit;
1287 2618 1401 2673 abit
1441 2620 1586 2673 enim
1629 2630 1750 2690 post
1777 2637 1839 2675 ea
1881 2638 2003 2695 quae

432 2697 609 2754 fuerat
648 2712 960 2769 aversatus,
1004 2714 1059 2760 et
1103 2708 1333 2763 recurrit
1369 2709 1436 2764 ad
1469 2726 1531 2765 ea
1558 2728 1629 2781 qu
1651 2729 1680 2765 e
1712 2712 2006 2783 reliquerat

436 2798 675 2856 peccata.
704 2790 1059 2847 Audientium
1084 2794 1267 2865 itaque
1298 2798 1444 2863 haec,
1478 2800 1593 2854 sive
1617 2801 1691 2854 illi
1736 2802 1877 2857 inter
1912 2819 2005 2859 ca-

437 2878 791 2936 techumenos
824 2883 1012 2938 relicto
1041 2887 1324 2954 gentilium
1351 2889 1563 2944 vivendi
1604 2906 1754 2947 inme
1778 2908 2004 2950 enume-

435 2978 644 3036 rentur,
663 2971 775 3026 sive
790 2971 974 3028 ﬁdeles
1006 2975 1115 3030 sint
1141 2977 1232 3046 qui
1244 2977 1356 3045 jam
1378 2980 1444 3033 ad
1468 2996 1531 3035 ca
1554 2991 2003 3051 quzeantrorsum

433 3068 561 3113 sunt
584 3061 963 3117 contendendo
991 3062 1223 3121 iecerint
1252 3084 1597 3139 progressus,
1630 3071 1675 3127 si
1706 3074 1814 3127 vita
1842 3074 2005 3131 fuerit

434 3165 623 3219 prava,
656 3152 790 3205 nihil
832 3152 976 3208 aliud
1018 3155 1208 3211 dicunt
1258 3174 1464 3228 quam:
1526 3159 1655 3215 Post
1709 3166 2002 3221 aversiones
2030 3200 2073 3257 Ο

432 3251 643 3295 nostras
688 3241 900 3308 ibimus,
939 3255 986 3298 et
1043 3249 1398 3319 unusquisque
1429 3250 1629 3320 placita
1671 3256 1844 3311 cordis
1895 3274 2001 3312 non

432 3331 754 3402 simpliciter
776 3373 790 3397 ,
832 3335 926 3390 sed
971 3337 1101 3391 mali
1148 3338 1420 3407 faciemus.
1456 3342 1551 3398 Est
1584 3346 1730 3402 enim
1757 3364 1852 3404 cor
1878 3365 2003 3419 pra-

432 3439 583 3485 vum,
620 3434 669 3478 et
700 3435 781 3479 est
801 3441 897 3481 cor
928 3428 1181 3496 probum.
1215 3428 1383 3486 Nemo
1407 3433 1569 3504 igitur
1603 3447 1725 3506 post
1764 3440 2005 3496 aversio-

434 3528 532 3567 nes
565 3529 693 3569 suas
720 3523 828 3580 eat,
859 3530 1035 3585 neque
1063 3517 1260 3587 placita
1297 3522 1477 3577 cordis
1525 3525 1610 3578 sui
1654 3524 1837 3583 faciat.
1882 3528 2004 3585 l.leo

435 3602 502 3657 ad
534 3618 629 3658 eos
656 3605 748 3674 qui
776 3605 891 3661 haec
918 3607 1354 3676 respondebant,
1389 3612 1466 3666 ait
1507 3612 1769 3669 Dominus
1809 3617 1862 3667 ἐ
1910 3612 2003 3668 Ιη-

434 3704 693 3764 terrogate
722 3712 857 3751 nunc
882 3699 936 3751 in
956 3698 1197 3767 gentibus
1219 3717 1238 3765 ;
1283 3703 1401 3772 quis
1428 3705 1630 3759 audivit
1656 3706 1788 3760 talia
1831 3709 2005 3761 Iwrri-

433 3785 586 3851 bilia,
614 3803 732 3857 quia
746 3790 870 3858 fecit
900 3793 1057 3845 nimis
1081 3792 1221 3863 virgo
1255 3791 1463 3849 Israel?
1482 3797 1820 3852 Videbuntur
1840 3801 2001 3854 etiam

435 3879 549 3935 hac
575 3896 696 3936 esse
721 3881 865 3936 dicta
894 3883 1233 3954 simpliciter.
1265 3886 1421 3957 εει
1456 3888 1558 3944 Sed
1609 3908 1732 3945 eum
1763 3882 2002 3961 gentium

432 3967 673 4026 Ecclesia
689 3986 755 4025 eo
775 3987 885 4041 quo
904 3972 1055 4029 decet
1078 3976 1238 4031 modo
1257 3994 1516 4033 conversa
1540 3978 1703 4035 fuerit
1722 3983 1788 4036 ad
1811 3982 2000 4046 Deum,

432 4059 682 4114 dicetur:
717 4060 1045 4132 Interrogate
1082 4082 1216 4119 nunc
1257 4067 1310 4120 in
1337 4070 1597 4137 gentibus,
1651 4073 1767 4141 quis
1801 4076 2005 4129 audirit

440 4167 558 4219 qua:
587 4153 709 4221 fecit
738 4152 1013 4209 horribilia
1042 4157 1201 4210 nimis
1235 4158 1377 4228 virgo
1410 4160 1602 4216 Israel.
1644 4163 2005 4221 Conferamus

437 4242 583 4295 enim
602 4241 765 4298 vitam
782 4244 998 4300 illorum
1018 4247 1113 4317 qui
1139 4259 1517 4318 peccaverunt,
1535 4267 1659 4306 cum
1686 4255 1791 4309 vita
1814 4271 2003 4312 eorum

431 4332 525 4400 qui
558 4337 808 4392 conversi
845 4347 995 4405 sunt,
1035 4348 1091 4395 et
1123 4339 1361 4397 sciemus
1402 4342 1524 4398 illos
1561 4346 1779 4414 quidem
1828 4347 2007 4403 horri-

433 4421 562 4477 bilia
615 4434 882 4494 patrasse,
930 4429 1222 4486 Dominum
1270 4433 1459 4503 gloria
1509 4435 1842 4505 occidendo;
1903 4440 2005 4495 hos

1905 397 2230 457 ORIGENIS

3582 378 3694 446 sse

2191 519 2644 590 Ἀποστραρήτω
2674 518 2750 587 δὴ
2779 518 3036 585 ἕκαστος
3058 515 3177 572 ἀπὸ
3211 512 3322 583 τῆς
3344 511 3692 567 ὀδοῦαὐτοῦ

2107 608 2219 678 τῆς
2254 607 2543 677 πονηρᾶς,
2577 609 2676 661 καί
2711 607 3007 662 καλλίονα
3039 602 3335 673 ποιήσατε
3372 601 3443 655 τὰ
3486 601 3692 666 imm-

2106 700 2369 770 δεύματα
2396 698 2580 769 ὑμῶν.
2614 698 2766 752 Ἐσθ⁹
2809 699 2896 752 ὅτε
2935 700 2984 752 οἱ
3028 698 3401 770 ἀ·τεραιότεροι
3438 693 3657 763 λέγουσι

2106 791 2380 863 Μακάριοι
2411 793 2459 844 oi
2494 791 2839 861 παλαιότεροι
2867 788 3162 860 ἀνθρωττοι,
3195 789 3277 842 ὃτι
3311 788 3551 856 ἥκουσαν
3596 783 3693 838 τοῦ

2106 881 2312 953 Κυρίου
2335 880 2423 935 διὰ
2448 881 2541 934 τοῦ
2572 882 2850 953 προφήτου
2873 880 3120 949 λέγοντος
3136 897 3148 910 ο
3179 880 3273 934 καὶ
3301 878 3568 947 ὲλάλησεν
3590 875 3694 929 αὖ·

2105 973 2219 1035 τοῖς
2246 971 2469 1043 Κύριος,
2494 970 2609 1037 καὶ,
2637 971 2714 1035 ὡς
2745 970 2893 1041 λέγει
2929 971 3024 1027 νῦν
3068 970 3271 1042 Κύριος
3292 1008 3307 1030 ,
3339 968 3428 1021 διὰ
3460 968 3569 1020 τῶν
3597 984 3690 1035 γε-

2106 1063 2442 1134 γραμμένων
2486 1062 2581 1116 τό*
2650 1061 3233 1130 Ἀποστραερήτωσαν
3272 1059 3526 1124 ἕκαστος
3571 1058 3690 1112 ἀπὸ

2104 1155 2217 1224 τῆς
2241 1155 2385 1210 ὀδοῦ
2416 1156 2603 1210 αὑτοῦ
2637 1154 2748 1224 τῆς
2777 1152 3073 1222 πονηρᾶς·
3109 1152 3270 1215 αὐτὸς
3293 1152 3322 1204 ό
3354 1150 3555 1222 Κύριος
3577 1151 3691 1204 6c:-

2106 1244 2322 1316 λέγεταί
2365 1264 2445 1301 σοι
2484 1248 2741 1317 φάσκωνο
2801 1246 2912 1301 Καὶ
2962 1246 3256 1299 sereniore!
3299 1241 3587 1308 ποιήσατε
3616 1240 3687 1296 τὰ

2105 1336 2538 1406 ἐπιτηδεύματα
2560 1336 2748 1406 ὑμῶν.
2796 1336 2935 1390 Ἀλλ’
2967 1336 3331 1408 ἀπεκρίναντο
3366 1325 3529 1397 οὗτοι,
3550 1332 3687 1403 πρὸς

2106 1426 2198 1490 οὓς
2226 1429 2276 1481 oi
2322 1431 2710 1501 προτρεπτικοὶ
2766 1430 2893 1500 περὶ
2923 1428 3209 1499 μετανοίας
3242 1426 3485 1497 εἴρηνται
3517 1423 3687 1492 λόγοι.

2106 1521 2215 1573 Καὶ
2240 1520 2439 1590 ἴδωμεν
2464 1521 2515 1573 τί
2540 1520 2922 1592 ἀπεκρίναντο,
2955 1518 3041 1571 ἵνα
3074 1517 3148 1588 μὴ
3165 1516 3258 1569 καὶ⁵
3281 1518 3444 1586 ἡμεῖς
3468 1515 3690 1568 τοιαῦτα

2105 1609 2552 1684 ἀποκρινώμεθα.
2591 1611 2657 1665 Τί
2682 1607 2778 1665 οὖν
2807 1610 3223 1683 ἀποκρινόμενοι
3251 1607 3530 1676 λέγουσιν;
3570 1604 3691 1661 Ἄν-

2106 1700 2473 1771 δρειούμεθα,
2524 1702 2615 1755 ὅτι
2659 1703 2852 1755 ὀπίσω
2905 1699 3024 1754 τῶν
3073 1696 3471 1768 ἁποστροςρῶν
3524 1698 3691 1769 ἡμῶν

2108 1796 2540 1864 πορευσόμεθα,
2571 1792 2672 1847 καὶ
2696 1793 2954 1859 ἕκαστος
2976 1791 3048 1846 τὰ
3070 1789 3294 1859 ἀρεστὰ
3320 1787 3429 1857 τῆς
3443 1788 3692 1857 καρδίας

2106 1885 2293 1939 αὑτοῦ
2338 1883 2448 1953 τῆς
2479 1881 2747 1953 πονηρᾶς
2788 1881 3141 1952 ποιήσομεν.
3198 1880 3308 1935 Καὶ
3343 1880 3408 1935 ἂν
3448 1882 3523 1952 μὴ
3568 1882 3688 1946 ταῖς

2107 1975 2317 2039 λέξεσιν
2347 1977 2560 2046 εἴπητε,
2596 1977 2625 2030 ό
2649 1975 2705 2028 δὲ
2741 1974 2852 2045 βίος
2880 1972 3035 2044 ὑμῶν
3060 1971 3299 2035 τοιοῦτος
3321 1967 3378 2045 ᾖ,
3415 1974 3490 2036 ὡς
3509 1972 3689 2045 ἀμαρ-

2105 2067 2307 2130 τάνειν,
2338 2067 2563 2137 δυνάμει
2596 2065 2782 2135 λέγετε
2810 2065 2902 2118 καὶ
2956 2064 3116 2134 ὑμεῖς
3156 2062 3243 2115 διὰ
3288 2061 3399 2115 τῶν
3414 2060 3690 2132 ,πονηρῶν

2106 2157 2359 2229 πράξεων
2398 2157 2536 2228 μετὰ
2562 2157 2689 2221 τοὺς
2721 2154 3156 2227 προτρεπτικοὺς
3203 2151 3393 2220 λόγους
3418 2152 3480 2205 τό
3502 2167 3515 2181 ·
3564 2152 3689 2205 Ἄν-

2105 2248 2485 2317 δρειούμεθα,
2536 2247 2625 2301 ὅτι
2660 2248 2854 2301 ὀπίσω
2895 2246 3015 2300 τῶν
3066 2243 3467 2313 ἁποστροςρῶν
3520 2241 3692 2315 ἡμῶν

2106 2341 2553 2411 πορευσόμεθα,
2602 2339 2701 2393 καί
2731 2339 2988 2405 ἕκαστος
3020 2337 3091 2392 τὰ
3135 2336 3361 2407 ἀρεστὰ
3405 2335 3515 2403 τῆς
3546 2352 3690 2404 καρ-

2105 2431 2239 2497 δίας
2280 2431 2466 2487 αὐτοῦ
2517 2429 2628 2499 τῆς
2675 2428 2944 2499 πονηρᾶς
2975 2428 3326 2500 ποιήσομεν.
3381 2427 3447 2481 Τί
3487 2426 3544 2480 δὲ
3584 2426 3682 2480 τό·

2118 2523 2333 2576 Ὀπίσω
2377 2521 2496 2575 τῶν
2552 2520 2954 2591 ἀποστροφῶν
3004 2521 3174 2591 ἡμῶν
3236 2521 3686 2590 πορευσόμεθα;

2107 2614 2169 2667 Οί
2203 2613 2495 2684 ἀρξάμενοι
2521 2611 2733 2684 βάλλειν
2765 2613 2851 2665 ἐπ’
2878 2611 3106 2683 ἄροτρον
3128 2613 3224 2684 τὴν
3255 2615 3432 2685 χεῖρα,
3461 2613 3553 2665 καὶ
3575 2614 3687 2676 τοῖς

2106 2702 2413 2777 ἔμπροσθεν
2431 2703 2866 2775 ἐπεκτεινόμενοι
2893 2703 2952 2757 ὲν
2975 2703 3053 2774 τῷ
3075 2704 3472 2775 ἀροτριᾷν,τῶν
3489 2703 3545 2757 δὲ
3567 2704 3689 2757 8m-

2108 2795 2232 2848 σθεν
2287 2795 2767 2867 ἐπιλανθανόμενοι
2792 2836 2805 2857 ,
2869 2794 3299 2867 ἀπεστράφησαν
3354 2795 3424 2849 τά
3484 2795 3683 2865 φαῦλα.

2117 2886 2285 2940 Ἐπὰν
2315 2882 2407 2940 οὖν
2433 2904 2537 2951 τις,
2574 2884 2748 2957 βαλὼν
2776 2885 2862 2937 ἐπ’
2891 2886 3118 2956 ἄροτρον
3139 2885 3235 2956 τὴν
3262 2888 3440 2958 ﬁt?”
3471 2890 3685 2959 στραφῇ

2105 2978 2185 3040 εἰς
2207 2976 2274 3030 τὰ
2308 2976 2501 3037 ὀπίσω,
2528 2978 2703 3031 ὀπίσω
2746 2975 2853 3030 τῶν
2890 2976 3247 3047 άποστροφῶν
3290 2975 3454 3030 αὑτοῦ
3490 2977 3688 3049 πορεύ-

2107 3081 2274 3118 σεται·
2299 3065 2473 3118 ὀπίσω
2491 3066 2599 3135 γὰρ
2628 3064 2918 3137 πορεύεται
2933 3065 3028 3118 καὶ
3049 3063 3270 3117 ἐκείνων
3288 3063 3323 3118 ἀ
3338 3067 3687 3139 ἀπεστράφη,

2106 3155 2199 3206 καὶ
2233 3153 2588 3224 παλινδρομεί
2612 3154 2698 3207 ἐπ’
2730 3155 2913 3208 ἐκεῖνα
2939 3153 2974 3208 ἃ
3006 3153 3391 3208 καταλέλοιπεν
3427 3157 3685 3226 ,ἁμαρτή-

2108 3262 2272 3316 ματα.
2308 3247 2417 3299 Καὶ
2445 3245 2550 3298 τῶν
2577 3246 2886 3300 ἀκουόντων
2919 3240 3012 3298 οὖν
3050 3244 3247 3309 ταῦτα,
3280 3247 3390 3298 εἴτε
3420 3262 3685 3316 κατηχου-

2107 3332 2285 3405 μένων
2325 3332 2728 3386 καταλιπόντων
2762 3334 2852 3387 τὸν
2883 3331 3093 3386 ὲθνικδν
3150 3333 3265 3405 βίον
3290 3375 3303 3396 ,
3338 3334 3448 3387 εἴτε
3482 3334 3683 3387 πιστῶν

2103 3424 2204 3496 ήδη
2250 3425 2667 3497 προκεκοφότων
2706 3425 2763 3478 ὲν
2790 3424 2869 3495 τῷ
2900 3426 3011 3489 τοῖς
3041 3424 3346 3497 ἔμπροσθεν
3376 3425 3678 3478 ἐπεκτείνε-

2105 3515 2246 3579 σθαι,
2279 3519 2326 3570 εἰ
2356 3517 2468 3586 βίος
2495 3515 2721 3589 γένηται
2757 3517 3047 3588 μοχθηρδς,
3085 3517 3234 3570 οὐδὲν
3281 3516 3405 3572 ἄλλο
3435 3516 3677 3584 λέγουσιν

2104 3604 2138 3676 ἢ
2168 3605 2261 3658 καὶ
2293 3605 2381 3659 τό·
2436 3608 2651 3660 Ὀπίσω
2679 3605 2797 3660 τῶν
2824 3605 3222 3676 ἀποστροφῶν
3255 3606 3422 3678 ἡμῶν
3465 3620 3679 3675 πορευ-

2103 3696 2352 3764 σόμεθα,
2388 3695 2487 3749 καὶ
2516 3695 2769 3760 ἕκαστος
2804 3696 2877 3751 τὰ
2902 3698 3127 3766 ἀρεστὰ
3156 3696 3264 3766 τῆς
3301 3696 3547 3766 καρδίας
3576 3698 3682 3750 αὐ-

2104 3786 2210 3840 τοῦ
2255 3788 2353 3857 οὐχ
2383 3786 2569 3851 ἁπλῶς
2594 3827 2608 3849 ,
2659 3787 2793 3841 ἀλλὰ
2844 3787 2954 3856 τῆς
3008 3787 3280 3858 πονηρᾶς
3328 3787 3682 3857 ποιήσομεν.

2109 3881 2263 3932 Ἐστι
2314 3879 2422 3950 γὰρ
2466 3878 2662 3951 καρδία
2713 3878 2943 3949 πονηρὰ,
2984 3880 3078 3933 καὶ
3103 3879 3219 3933 ἐστι
3253 3879 3450 3953 καρδία
3481 3878 3681 3952 ἀγαθή.

2104 3969 2309 4041 Μηδεὶς
2327 3963 2418 4022 οὖν
2442 3968 2617 4023 ὀπίσω
2630 3968 2737 4021 τῶν
2754 3968 3113 4039 ἀποστροφῶν
3128 3968 3320 4023 ἑαυτοῦ
3346 3967 3684 4041 πορευέσθω,

2109 4061 2243 4133 μηδὲ
2291 4060 2357 4114 τὲ
2402 4060 2607 4133 ἀρεστά
2655 4060 2753 4130 τῆς
2801 4062 3026 4133 καρδίας
3083 4060 3244 4115 αὑτοῦ
3293 4061 3392 4132 τῆς
3446 4063 3686 4133 πονηρᾶς

2105 4153 2346 4207 ποιείτω.
2385 4153 2481 4206 Διά
2510 4152 2670 4207 τοῦτο
2706 4155 2842 4225 πρὸς
2863 4155 2989 4219 τοὺς
3015 4153 3185 4209 ταῦτα
3226 4154 3687 4225 ἀποκρινομένους

2104 4244 2251 4313 λέγει
2305 4242 2541 4315 Κύριος·
2613 4243 2977 4313 Ἐρωτήσατε
3026 4243 3095 4313 δὴ
3154 4246 3224 4299 ὲν
3282 4245 3518 4300 ἕθνεσν
3591 4247 3687 4311 Τίς

2105 4333 2332 4403 ἤκουσε
2366 4332 2605 4387 τοιαῦτα
2632 4331 2866 4401 φρικτὰ,
2899 4332 2937 4388 ἁ
2971 4334 3219 4404 ἐποίησε
3263 4334 3499 4404 σφόδρα
3537 4347 3689 4403 παρ-

2106 4425 2278 4491 θένος
2307 4424 2545 4493 Ἰσραήλ
2563 4439 2580 4487 ;
2601 4424 2749 4489 Δόξει
2772 4424 2829 4479 δὲ
2859 4425 2954 4479 καὶ
2985 4426 3159 4481 ταῦτα
3179 4425 3368 4489 ἁπλῶς
3398 4425 3680 4497 εἰρῆσθαι*

434 4528 585 4577 vero,
617 4531 741 4569 cum
781 4518 858 4573 illi
893 4520 1179 4578 horribilia
1211 4533 1544 4594 patrassent,
1574 4527 1641 4581 ad
1667 4543 1793 4583 eum
1832 4529 2002 4586 fuisse

2106 4515 2217 4571 ἀλλ’
2249 4513 2344 4567 ἐὰν
2376 4515 2409 4582 ἡ
2439 4514 2548 4567 ἀπὸ
2582 4513 2689 4566 τῶν
2719 4513 2888 4567 ἐθνῶν
2933 4514 3226 4587 Ἐκκλησία
3252 4515 3311 4569 δν
3356 4516 3439 4570 δεῖ
3479 4514 3681 4586 τρόπον

432 4620 726 4662 conversos
757 4611 850 4678 qui
886 4626 983 4681 pro
1013 4616 1252 4683 peccatis
1285 4618 1474 4673 mundi
1499 4619 1696 4674 abillis
1731 4620 1848 4676 neci
1890 4631 2003 4676 tra-

433 4696 581 4754 ditus
608 4699 783 4754 fuerat
807 4713 863 4757 et
892 4692 1195 4762 interierat.
1225 4705 1555 4778 Interrogata
1599 4710 1762 4780 igitur
1786 4711 1840 4764 in
1874 4728 2002 4781 gen-

434 4790 597 4858 tibus,
652 4793 771 4861 quis
804 4796 1004 4849 audivit
1041 4796 1173 4852 talia
1205 4798 1485 4853 horribilia
1528 4816 1645 4870 quae
1690 4802 1814 4871 fecit
1843 4804 2001 4859 nimis

433 4883 578 4951 virgo
609 4882 778 4937 Israel
798 4887 823 4938 ?

2111 4605 2467 4677 ἔπιστραφείη
2521 4603 2656 4675 πρὸς
2700 4604 2789 4658 τὸν
2823 4604 2988 4669 Θεὸν,
3030 4605 3381 4677 λεχθήσεται·
3439 4603 3684 4673 Ἐρωτή-

2111 4713 2258 4750 ante
2289 4694 2365 4763 δὴ
2396 4695 2467 4748 ἐν
2492 4695 2694 4749 ἔθνεσι
2717 4711 2729 4723 ο
2764 4695 3063 4750 ἀκούσατε
3099 4695 3138 4751 ἆ
3169 4696 3421 4766 ἐποίησε
3472 4695 3687 4765 φρικτὰ

2112 4793 2347 4864 σφόδρα
2366 4792 2658 4861 παρθένος
2696 4793 2952 4862 Ἰσραήλ.
2999 4794 3122 4849 Βίον
3167 4795 3276 4867 γὰρ
3309 4794 3690 4866 συγκρίνωμεν

2110 4894 2329 4948 ἐκείνων
2359 4891 2467 4945 τῶν
2488 4894 2904 4964 ἡμαρτηκότων,
2939 4893 3017 4966 τῷ
3039 4893 3139 4968 βίῳ
3183 4895 3292 4949 τῶν
3327 4895 3689 4967 ἐπιστρεψάν-

431 4989 539 5028 των
561 4977 656 5030 καὶ
686 4978 1109 5047 πιστευσάντων,
1129 4984 1221 5039 καὶ
1241 4982 1517 5053 εἰσόμεθα,
1547 4985 1630 5038 ὅτι
1666 4986 1863 5040 ἐκεῖνοι
1905 4989 2002 5059 μὲν
2039 4986 2241 5064 φρικτὰ
2276 4986 2626 5054 πεποιήκασι,
2659 4985 2750 5037 τὸν
2772 4986 2972 5058 Κύριον
3013 4987 3114 5055 τῆς
3143 4987 3299 5058 δόξης
3338 4987 3687 5043 ἀποκτεῖναν

431 5082 555 5129 τες·
595 5063 737 5123 οὗτοι
768 5070 846 5134 δὲ,
874 5070 1096 5125 ἐκείνων
1126 5071 1328 5143 φρικτὰ
1374 5074 1732 5144 ποιησάντων,
1761 5063 2100 5149 ἐπέστρεψαν
2143 5076 2277 5146 πρὸς
2338 5072 2498 5127 αὐτὸν
2540 5072 2681 5144 ὑπὲρ
2734 5073 2843 5126 τῶν
2893 5075 3305 5146 ἁμαρτημάτων
3345 5074 3437 5129 τοῦ
3480 5076 3693 5144 κόσμου-

436 5154 526 5209 ὗπ’
567 5158 790 5213 ἐκείνων
831 5161 1183 5233 ἀναιρεθέντα
1221 5164 1316 5218 καὶ
1373 5164 1729 5219 ἀποθανόντα.
1784 5165 2144 5234 Ἐρωτήσατε
2189 5161 2302 5218 οὖν
2353 5164 2423 5217 ἐν
2469 5164 2706 5217 ἔθνεσι·
2777 5165 2870 5230 Τίς
2916 5162 3145 5234 ἤκουσε
3186 5167 3427 5222 τοιαῦτα
3468 5164 3689 5235 φρικτὰ

432 5244 470 5299 (ἲ
497 5252 749 5321 sucinae
776 5253 1013 5324 σφόδρα
1035 5255 1332 5325 παρθένος
1369 5256 1608 5325 ’vaa'il
1630 5272 1649 5324 ἒ

501 5348 557 5402 9.
603 5345 858 5417 Nunquid
873 5347 1117 5416 deﬁcient
1157 5348 1222 5403 de
1244 5359 1395 5419 petra
1436 5350 1619 5413 ubera,
1663 5358 1757 5402 aut
1805 5350 1898 5403 nix
1938 5350 2002 5405 de

2180 5346 2277 5415 Μὴ
2320 5347 2715 5415 ἐκλείψουσιν
2763 5347 2883 5402 ἀπὸ
2933 5346 3153 5416 πέτρας
3191 5348 3428 5417 μαστοὶ,
3458 5349 3493 5417 ἡ
3537 5348 3685 5419 χιὼν

430 5438 633 5494 Libano
658 5439 684 5493 ἵ
733 5437 989 5511 Nunquid
1024 5439 1310 5493 declinabit
1335 5457 1473 5510 aqua
1498 5441 1748 5495 violenter
1788 5440 2002 5495 sublata

2110 5441 2229 5495 ἀπὸ
2288 5440 2393 5494 τοῦ
2445 5439 2745 5503 Λιϐάνουῖ
2802 5433 2885 5494 ἿΙ
2935 5438 3201 5494 mm;
3268 5440 3424 5508 ὕδωρ
3468 5442 3684 5508 ,βιαίως

428 5527 621 5580 vento?
646 5525 787 5591 Quia
821 5527 973 5582 obliti
1022 5539 1144 5581 sunt
1184 5529 1285 5582 mei
1315 5529 1539 5600 populus
1580 5546 1758 5595 meus,
1814 5531 1866 5584 in
1907 5546 1999 5583 va-

2107 5528 2304 5599 ἀνέμῳ
2348 5531 2715 5599 φερόμενον;
2758 5531 2885 5584 Ὅτι
2938 5530 3263 5584 ἐπελάϐετό
3299 5550 3418 5601 μου
3447 5536 3481 5587 ό
3529 5534 3680 5601 ,λαός

426 5631 583 5671 cuum
617 5617 954 5683 adoluerunt,
986 5628 1035 5673 et
1065 5619 1475 5688 inﬁrmabuntur
1495 5620 1551 5674 in
1570 5619 1666 5675 riis
1686 5621 1817 5688 suis,
1850 5620 1996 5690 funi-

2106 5638 2237 5690 μου,
2261 5622 2349 5688 είς
2375 5621 2551 5675 κει-ειν
2581 5623 2931 5690 ἐθυμίασαν,
2973 5623 3066 5676 καὶ
3108 5622 3561 5692 ἁσθενήσουσιν
3616 5624 3687 5677 ἐν

499 5791 517 5813 "
545 5787 741 5845 Jct'cut.
775 5807 927 5859 xvm,
967 5793 1049 5847 ll.
1128 5796 1149 5823 ⁸
1181 5795 1310 5852 ibid.
1362 5797 1442 5852 1'3.
1520 5800 1539 5830 ’
1575 5796 1703 5853 ibitl.
1749 5796 1836 5853 15.
