4122 6416
444 289 548 344 ιετ

1867 259 2190 332 ORIGENIS

3583 294 3687 352 ‘88

444 413 750 468 maledictis
779 413 1086 475 verberant,
1111 418 1163 462 et
1187 405 1386 459 Paulus
1416 403 1479 456 ad
1509 400 1778 470 eiusmodi
1814 399 2015 470 princi—

2117 396 2413 468 ἀρχιερέως
2435 394 2592 463 λόγου
2617 396 3101 466 προστασσόμενοι,
3120 396 3422 451 Ἐὗιωναῖοι
3436 395 3702 453 τύπτουσι

443 523 566 577 pem
615 508 978 568 sacerdotum,
1016 517 1204 554 eorum
1242 514 1433 567 uetupe
1482 496 1702 563 impiam
1757 503 2013 553 mentem,

444 597 521 649 ait
557 615 568 649 :
607 593 868 648 Percutiet
902 604 949 644 te
982 593 1138 644 Deus.
1183 588 1249 642 Et
1287 599 1369 641 est
1419 585 1722 640 istiusmodi
1767 584 2017 650 princeps

443 687 787 739 sacerdotum
836 686 886 737 in
920 682 1205 751 superlicie
1235 679 1516 747 Speciosus
1555 685 1607 729 et
1655 675 1835 744 paries
1865 673 2018 726 deal-

443 777 623 837 batus,
663 776 808 827 intus
839 788 967 824 vero
1000 779 1341 824 mortuorum
1379 766 1596 820 Ossibus
1627 762 1885 831 omnique
1916 761 2018 813 im-

443 867 708 920 munditia
739 866 952 934 plenus.
1003 861 1142 929 Quid
1189 870 1370 913 autem
1413 859 1478 910 de
1512 856 1753 909 Pauloet
1781 852 2016 907 Jeremia

439 957 671 1026 laquar?
710 957 825 1026 lpse
869 971 1025 1010 meus
1070 952 1330 1005 nominas
1369 949 1528 1002 Jesus
1559 946 1813 1000 Christus
1840 943 2011 996 ait":

440 1046 666 1100 Dorsum
696 1059 865 1096 meum
905 1042 1026 1094 dcdi
1067 1038 1136 1092 ad
1176 1036 1410 1107 ﬂagella,
1433 1042 1482 1086 et
1507 1032 1754 1085 maxillas
1782 1045 1922 1081 meas
1948 1026 2018 1078 ad

440 1137 650 1206 alapas,
676 1145 724 1188 et
755 1135 944 1201 faciem
977 1146 1144 1183 meam
1169 1145 1271 1180 non
1299 1126 1460 1179 averti
1487 1122 1550 1175 ab
1580 1120 1871 1190 approbriis
1893 1131 2018 1185 spu-

441 1239 634 1282 torum.
673 1224 798 1280 Haec
838 1223 1198 1292 simpliciores
1233 1221 1323 1271 illo
1360 1226 1569 1270 tantum
1603 1223 1844 1280 tempore
1874 1207 2018 1262 acci-

438 1321 587 1374 disse
614 1320 932 1387 opinantur,
980 1329 1103 1367 cum
1151 1311 1438 1381 ﬂagellavil
1477 1322 1602 1360 eum
1632 1303 1859 1365 Pilatus,
1889 1315 2012 1354 cum

435 1409 610 1465 Judaei
635 1414 899 1463 adversus
928 1421 1052 1460 eum
1084 1404 1371 1458 consilium
1399 1399 1670 1461 inierunt;
1706 1408 1806 1463 ego
1832 1401 2012 1446 autem

437 1500 623 1556 Jesum
653 1501 808 1554 video
841 1500 1062 1552 dorsum
1095 1510 1254 1550 suum
1285 1491 1528 1562 quotidie
1556 1488 1621 1542 ad
1649 1485 1856 1556 ﬂagella
1879 1485 2016 1536 dan-

441 1601 570 1644 tem.
607 1588 891 1659 Ingredere
921 1587 972 1639 in
1003 1584 1316 1638 Juda'orutn
1344 1591 1666 1650 synagogas.
1691 1583 1744 1628 et
1780 1573 1899 1627 vide
1927 1569 2016 1624 Je-

441 1700 564 1738 sum
598 1682 667 1735 ab
691 1681 822 1750 ipsis
851 1693 944 1733 ore
969 1676 1230 1732 maledico
1252 1671 1522 1727 dilaniari.
1549 1666 1711 1736 255
1735 1663 1868 1719 Vide
1885 1679 2016 1733 gen-

2117 489 2208 540 τὸν
2227 487 2550 541 Ἀπόστολον
2566 485 2740 557 Ἰησοῦ
2765 486 3002 558 Χριστοῦ
3029 489 3207 556 λόγοις
3238 487 3570 559 δυσφήμοις·
3605 493 3702 544 καὶ

2118 576 2327 638 Παῦλὸς
2359 591 2491 645 φησι
2528 576 2664 647 πρὸς
2701 575 2793 628 τὸν
2836 576 3077 631 τοιοῦτον
3116 577 3272 646 λόγον
3303 578 3566 648 ἀρχιερέα
3599 580 3662 632 τό
3682 597 3697 612 ο

2123 669 2370 720 Τύπτειν
2410 683 2484 720 σε
2528 666 2740 734 μέλλει
2795 669 2828 720 ό
2870 668 3033 732 Θεός.
3082 667 3192 720 Καὶ
3234 666 3380 719 ἔστιν
3409 668 3701 733 ότοιοῦτος

2117 757 2405 827 ἀρχιερεὺς
2445 753 2504 820 ἐξ
2537 756 2800 828 ἐπιπολῆς
2832 758 3030 829 ὡραῖος
3051 799 3066 824 ,
3110 758 3205 812 καὶ
3238 760 3417 828 τοῖχος
3449 775 3702 814 κεκονια-

2155 847 2336 917 μένος,
2385 846 2587 899 ἔσωθεν
2625 847 2810 917 γέμων
2857 849 3056 901 ὀστέων
3105 849 3338 920 νεκρῶν,
3383 851 3477 902 καὶ
3517 852 3698 923 πάσης

2117 937 2478 1008 ἀκαθαρσίας.
2513 939 2577 1004 Τί
2607 938 2829 1007 δὲλέγω
2867 941 2995 1010 περ)⁵
3020 939 3234 994 Παύλου
3266 941 3358 993 καὶ
3403 941 3694 1013 ’1ερεμίου;

2117 1029 2286 1091 Αὐτός
2315 1046 2415 1099 μου
2446 1031 2474 1080 ὁ
2499 1029 2698 1101 Κύριος
2739 1029 2946 1099 Ἰησοῦς
2973 1030 3206 1101 Χριστός
3231 1048 3364 1100 φησι
3381 1048 3395 1062 °
3446 1033 3557 1086 Τὸν
3581 1032 3695 1086 νῶ-

2117 1121 2219 1172 τόν
2238 1137 2358 1188 μου
2382 1119 2574 1172 ἔδωκα
2590 1122 2678 1185 εὶς
2701 1119 3020 1190 μάστιγας,
3050 1123 3156 1187 τὰς
3179 1121 3248 1174 δὲ
3273 1123 3696 1191 σιαγόνας-,μου

2115 1212 2202 1273 εὶς
2243 1210 2614 1278 ῥαπίσματα,
2652 1209 2718 1262 τὸ
2763 1209 2830 1262 δὲ
2878 1211 3204 1277 πρόσωπόν
3233 1229 3353 1280 μου
3396 1215 3505 1267 οὐκ
3547 1213 3692 1267 ἀπέσ-

2116 1303 2350 1368 στρεψα
2401 1299 2520 1353 ἀπὸ
2544 1303 2838 1372 αίσχύνης
2887 1302 3343 1371 ἐμπτυσμάτων.
3416 1304 3598 1359 Ταῦτα
3643 1307 3692 1359 oi

2117 1393 2361 1463 ἀκέραιοι
2406 1391 2584 1445 ἴσασιν
2609 1393 2700 1444 ἐπὶ
2732 1391 2822 1444 τὸν
2848 1392 2970 1444 τότε
3007 1392 3164 1462 μόνον
3195 1395 3405 1465 καιρὸν,
3438 1395 3526 1448 ὅτε
3558 1399 3696 1466 seua

2151 1485 2383 1551 τίγωσεν
2428 1483 2590 1535 αὑτὸν
2634 1485 2662 1535 ό
2714 1482 2965 1547 Πιλᾶτος,
3009 1485 3097 1536 ὅτε
3135 1484 3522 1538 ἐϐουλεύσαντο
3577 1488 3695 1540 κατ’

2117 1575 2282 1628 αὑτοῦ
2345 1574 2624 1628 Ἰουδαῖοι·
2683 1573 2792 1642 ἐγὼ
2834 1576 2890 1628 δὲ
2947 1575 3128 1646 βλέπω
3178 1577 3269 1629 τὸν
3329 1577 3534 1648 Ἰησοῦν
3577 1577 3698 1632 καθ’

2117 1667 2332 1736 ἡμέραν
2360 1665 2570 1718 διδόντα
2605 1664 2900 1719 τδνονῶτον
2933 1667 3096 1728 αὑτοῦ
3137 1669 3216 1730 είς
3245 1668 3534 1737 μάστιγας.
3574 1668 3699 1720 Εἰσ-

439 1777 562 1828 tiles
579 1777 958 1840 congregatos,
982 1764 1272 1820 consilium
1309 1763 1557 1815 ineuntes
1577 1758 1837 1810 adversus
1860 1752 2015 1808 Chri-

2121 1757 2238 1809 ελθε
2269 1757 2348 1820 είς
2379 1757 2477 1818 τὰς
2515 1755 2624 1808 τῶν
2669 1756 2940 1809 Ἰουδαίων
2974 1757 3324 1825 συναγωγὰς,
3363 1758 3456 1811 καὶ
3499 1758 3573 1811 ξ’δε
3607 1759 3699 1811 τὸν

440 1865 668 1926 stianos,
693 1877 802 1931 quo
831 1869 988 1930 pacto
1003 1855 1186 1911 Jesum
1205 1853 1440 1921 capiant.
1479 1849 1544 1902 Et
1566 1850 1680 1918 ipse
1697 1847 1919 1900 dorsum
1945 1843 2012 1896 ad

447 1957 654 2028 ﬂagella
679 1954 897 2024 praebet.
919 1949 1216 2003 Considera
1250 1944 1482 1997 Verbum
1509 1940 1598 1993 Dei
1622 1936 2013 1992 contumeliose

439 2024 706 2107 habitum,
739 2039 1041 2095 maledictis
1063 2030 1539 2094 lacessitum,odio
1561 2028 1804 2081 habitum
1837 2025 1905 2077 ab
1931 2024 2014 2074 in-

439 2134 713 2197 lidelibus,
744 2133 866 2185 vide
891 2139 949 2182 ut
978 2127 1227 2181 maxillas
1247 2122 1456 2176 dederit
1486 2119 1550 2172 ad
1571 2119 1756 2186 alapas
1777 2134 1790 2179 ;
1810 2125 1862 2169 et
1885 2128 2009 2167 cum

441 2225 706 2285 docuerit,
745 2231 802 2276 ut
829 2221 874 2275 si
905 2220 1028 2289 quis
1079 2227 1130 2271 te
1170 2214 1497 2286 percussetit
1537 2213 1590 2266 in
1624 2227 1729 2265 una
1770 2208 2009 2269 maxilla,

444 2317 693 2372 obvertas
726 2313 800 2365 illi
829 2320 881 2364 et
914 2309 1138 2364 alteram
1173 2306 1240 2371 ³³,
1271 2306 1320 2358 id
1353 2303 1530 2372 ipsum
1557 2303 1669 2370 ipse
1701 2299 1881 2353 faciat.
1908 2296 2012 2352 Tot

440 2416 569 2466 sunt
585 2409 675 2476 qui
702 2407 878 2474 ipsum
909 2401 1081 2470 alapis
1100 2398 1404 2467 percutiant
1419 2404 1471 2449 et
1489 2393 1776 2462 ﬂagellent,
1795 2401 1845 2444 et
1866 2392 2011 2453 silet,

438 2512 618 2557 etnon
644 2497 919 2566 loquitur;
953 2494 1214 2561 scriptum
1235 2488 1477 2544 estenim
1507 2487 1682 2555 ipsum
1707 2486 1758 2538 in
1790 2483 2012 2553 ﬂagellis

440 2592 624 2657 silere,
654 2601 710 2643 et
736 2586 929 2641 faciem
959 2598 1131 2652 usque
1161 2580 1325 2635 modo
1378 2594 1482 2632 non
1531 2575 1726 2631 avertit
1764 2591 1794 2628 a
1819 2585 2012 2627 conth

435 2683 596 2738 melia
639 2687 944 2749 sputorum.
990 2674 1124 2742 Quis
1170 2687 1361 2726 eorum
1401 2671 1495 2739 qui
1539 2668 1846 2749 doctrinam
1891 2667 2011 2735 eius

435 2780 811 2835 contemnunt,
844 2783 1020 2837 usque
1045 2768 1098 2819 in
1133 2765 1273 2818 hanc
1296 2762 1440 2816 diem
1465 2741 1872 2830 quodammodo
1903 2772 2009 2812 non

425 2865 688 2934 conspuit
714 2862 898 2917 Jesum
931 2861 1043 2912 hazc
1075 2853 1432 2910 tolerantem?

2137 1846 2338 1917 Ἰησοῦν
2403 1847 2493 1898 ὑπ’
2555 1845 2734 1898 αὐτῶν
2795 1849 2860 1916 τῇ
2927 1846 3147 1918 γλώσσῃ
3198 1849 3296 1918 τῆς
3355 1848 3699 1917 βλασφημίας

2123 1937 2572 2010 μαστιγούμενον.
2624 1939 2732 1992 Ἴδε
2759 1941 2884 2002 τοῦς
2916 1940 3022 1992 ἀπὸ
3049 1942 3157 1993 τῶν
3185 1940 3355 1994 ἐθνῶν
3389 1941 3697 2011 συναγομέ-

2119 2049 2260 2093 νους,
2312 2030 2734 2102 βουλευομένους
2775 2033 2916 2086 κατὰ
2940 2034 3301 2104 Χριστιανῶν,
3348 2035 3469 2088 τίνα
3499 2035 3700 2106 τρόπον

2117 2121 2449 2192 λαμϐάνουσι
2486 2121 2575 2173 τὸν
2620 2119 2849 2190 Ἰησοῦν.
2889 2122 3152 2185 Κάκεῖνος
3172 2124 3262 2176 τὸν
3297 2123 3489 2177 ἑαυτοῦ
3530 2125 3698 2178 νῶτον

2116 2213 2330 2267 δίδωσιν
2375 2213 2454 2275 εἰς
2494 2211 2782 2282 μάστιγας.
2823 2214 3088 2267 Κατανόει
3113 2213 3462 2285 ὑϐριζόμενον
3492 2216 3579 2267 τὸν
3605 2215 3697 2268 τοῦ

2117 2302 2252 2356 Θεοῦ
2289 2303 2486 2371 Λόγον,
2534 2303 3016 2374 κακολογυύμενον,
3073 2305 3398 2374 μισούμενον
3443 2306 3548 2358 ὑπὸ
3591 2306 3700 2360 τῶν

2118 2394 2395 2447 ἀπίστων·
2434 2395 2564 2465 δρα,
2611 2395 2694 2447 ὅτι
2737 2393 2836 2456 τὰς
2878 2395 3132 2462 σιαγόνας
3183 2395 3378 2448 ἔδωκεν
3411 2397 3490 2458 εἰς
3539 2396 3698 2466 ῥαπί-

2121 2501 2304 2554 σματα
2329 2501 2342 2515 ·
2395 2484 2494 2546 καὶ
2520 2483 2756 2550 διδάξας,
2800 2485 2882 2537 ὅτι
2903 2525 2916 2548 ,
2952 2484 3048 2537 ἐὰν
3083 2486 3262 2556 τύπτῃ
3290 2486 3372 2549 τίς
3405 2504 3463 2538 σε
3495 2489 3574 2550 είς
3600 2488 3699 2557 τὴν

2122 2576 2363 2644 σιαγόνα,
2401 2575 2630 2645 στρέψον
2662 2576 2755 2628 καὶ
2787 2575 2888 2647 τὴν
2929 2575 3115 2645 ἄλλην,
3161 2577 3322 2640 αὐτὸς
3368 2578 3496 2630 αὐτὸ
3535 2580 3695 2632 ποιεῖ.

2119 2667 2377 2721 Τοσοῦτοι
2407 2667 2569 2720 αὑτὸν
2605 2665 2894 2736 ῥαπίζουσι
2913 2705 2928 2730 ,
2959 2668 3051 2720 καὶ
3082 2667 3422 2736 μαστιγοῦσι,
3454 2669 3549 2721 καὶ
3573 2685 3702 2722 σιω-

2117 2761 2214 2830 πᾷ,
2253 2759 2348 2813 καὶ
2394 2760 2454 2812 οὐ
2494 2758 2644 2812 λαλεῖ
2671 2776 2684 2789 ·
2740 2759 3149 2828 ἀναγέγραπται
3195 2759 3303 2831 γὰρ
3341 2760 3414 2830 μὴ
3447 2760 3621 2812 λαλῶν
3643 2762 3701 2812 ὲν

2119 2849 2198 2920 τῷ
2257 2849 2702 2921 μαστιγοῦσθαι·
2766 2853 2860 2903 καὶ
2915 2849 2976 2903 τὺ
3037 2850 3326 2922 πρόσωπον
3386 2851 3550 2922 μέχρι
3603 2849 3700 2903 τοῦ

435 2957 595 3028 δεῦρο
649 2951 854 3024 Ἰησοῦς
915 2950 1014 3003 οὐκ
1069 2944 1406 3016 ἀπέστρεψεν
1457 2941 1566 2995 ἀπὸ
1603 2941 1865 3012 αἰσχύνης
1923 2939 2347 3011 ὲμπτυσμάτων.
2402 2938 2498 3000 Τίς
2554 2939 2662 2992 τῶν
2722 2938 3162 3003 ὲξευτελιζόντων
3208 2938 3306 3008 τὴν
3352 2937 3699 2994 διδασκαλίαν

437 3047 556 3117 οὐχὶ
595 3044 757 3098 οἱονεὶ
795 3038 1024 3111 ἐμπτύει
1061 3038 1219 3110 μέχρι
1251 3034 1346 3087 τοῦ
1378 3033 1540 3104 δεῦρο
1562 3031 1642 3103 τῷ
1681 3030 1856 3102 Ἰησοῦ
1881 3031 2193 3102 ἀνεχομένῳ
2219 3050 2234 3097 ;

507 3137 596 3190 i5.
645 3133 763 3188 Jam
802 3141 972 3187 restat
1009 3139 1066 3183 ut
1107 3137 1228 3198 post
1271 3127 1549 3198 prophetae
1586 3123 2014 3196 percussionem,
2045 3129 2087 3187 ο

436 3227 504 3282 de
531 3227 652 3280 aliis
679 3223 950 3295 percussis
972 3221 1330 3283 disseramus,
1367 3219 1515 3272 verbi
1557 3216 1730 3289 gratia
1769 3215 1836 3270 de
1871 3214 2016 3284 Apo-

438 3319 600 3384 stolo,
633 3326 686 3371 et
713 3318 758 3370 si
793 3315 916 3385 quis
949 3313 1089 3367 alius
1120 3325 1412 3382 percussus
1438 3318 1541 3374 est,
1573 3323 1673 3363 nec
1696 3323 1802 3361 non
1845 3307 1913 3361 de
1947 3306 2016 3360 iis

436 3429 558 3483 qua:
606 3425 800 3482 passus
843 3416 926 3462 est
970 3404 1150 3460 Jesus.
1198 3402 1473 3456 Percussit
1534 3401 1721 3470 itaque
1776 3397 2016 3451 Pascltor

437 3505 723 3559 Jcremiam
770 3500 1094 3570 prophetam,
1138 3507 1188 3549 et
1231 3495 1374 3548 misit
1424 3509 1544 3547 cum
1593 3493 1648 3544 in
1686 3499 2016 3544 cataractam

434 3613 552 3667 qua:
585 3604 698 3650 erat
743 3595 797 3647 in
833 3601 987 3662 porta
1020 3589 1300 3656 Beniamin
1323 3585 1388 3638 ³³.
1421 3588 1482 3638 in
1521 3583 1802 3654 superiore
1842 3581 2016 3636 conti-

438 3688 693 3760 gnatione
725 3684 1005 3754 Beniamin
1037 3690 1152 3736 erat
1178 3687 1472 3734 cataracta.
1500 3677 1580 3732 Ad
1598 3675 1880 3746 Beniamin
1901 3673 2016 3728 ha:-

437 3784 718 3838 reditatem
755 3779 988 3850 pertinet
1029 3773 1330 3830 Jerusalem
1378 3772 1432 3826 in
1469 3786 1576 3840 qua
1623 3769 1883 3839 templum
1922 3764 2016 3820 Dei

435 3875 634 3929 divinis
665 3871 990 3926 lectionibus
1041 3867 1384 3937 deputatum,
1423 3871 1482 3916 ut
1526 3861 1875 3916 manifestum
1924 3857 2018 3912 ﬂet

438 3968 484 4023 si
513 3980 798 4036 percurras
827 3977 888 4016 ea
919 3976 1040 4030 qua:
1067 3961 1119 4013 iu
1152 3958 1291 4012 libro
1320 3954 1464 4009 Nave
1490 3955 1557 4009 de.
1588 3952 1875 4008 sortitione
1902 3960 2014 4004 ter-

439 4074 514 4112 ra:
543 4057 740 4125 scripta
786 4063 931 4107 sunt.
974 4050 1243 4117 Quoniam
1291 4049 1457 4118 igitur
1505 4044 1766 4112 templum
1809 4049 1928 4097 erat
1959 4041 2013 4094 in

438 4148 751 4204 haereditate
778 4143 1053 4214 Beniamin
1077 4141 1172 4212 qui
1205 4141 1591 4208 interpretatur
1619 4134 1765 4203 ﬁlius
1789 4133 2012 4196 dextrae,

437 4238 575 4293 nihil
601 4237 744 4292 enim
775 4236 1058 4291 sinistrum
1100 4241 1185 4288 est
1234 4232 1378 4285 circa
1421 4227 1683 4295 templum
1731 4223 1848 4289 Dei,
1893 4223 2014 4276 ideo

438 4333 526 4386 hic
554 4331 715 4385 mittit
735 4331 790 4384 in
817 4336 1164 4392 cataractam,
1190 4340 1307 4396 qua
1331 4331 1444 4377 erat
1471 4323 1524 4375 in
1559 4328 1712 4388 porta
1733 4315 2014 4386 Beniamin

438 4420 850 4492 contignationis
903 4417 1190 4486 superioris
1251 4415 1306 4468 in
1361 4413 1517 4466 domo
1581 4408 1808 4464 Dom‘ini.
1869 4405 2015 4461 Misit

2191 3120 2269 3179 Ἦ
2308 3124 2592 3178 ἀκολουθεῖ
2635 3123 2710 3194 (l)
2755 3123 2833 3194 τῷ
2881 3122 3245 3193 πεπατάχθαι,
3270 3123 3364 3178 τὸν
3419 3126 3702 3197 προφήτην

2115 3215 2481 3287 διηγήσασθαι
2524 3216 2651 3278 τοὺς
2693 3214 3087 3285 παταχθέντας,
3131 3215 3205 3280 ὡς
3249 3215 3370 3284 φέρ’
3405 3217 3578 3270 εἰπεῖν
3610 3218 3699 3272 τὸν

2128 3307 2471 3370 Ἀπόστολον,
2500 3309 2594 3362 καὶ
2624 3306 2677 3360 ετ
2706 3325 2788 3370 τις
2823 3307 2979 3371 ἄλλος
3018 3308 3386 3372 πεπάτακται,
3423 3311 3701 3380 παραστῆ-

2118 3419 2207 3455 σαι
2241 3401 2318 3472 (‘2)
2363 3401 2459 3456 κω.
2487 3402 2554 3453 τὰ
2588 3401 2714 3472 περὶ
2745 3401 2905 3454 αὐτὸν
2944 3400 3034 3454 τὸν
3085 3400 3314 3470 Ἰησοῦν.
3370 3400 3700 3464 Ἐπάταξεν

2115 3488 2208 3546 οῦν
2265 3493 2525 3562 Ιιασχὼρ
2554 3493 2661 3547 τὸν
2726 3493 3013 3560 Ἰερεμίαν
3066 3491 3172 3545 τὸν
3217 3489 3544 3559 προφήτην,
3594 3491 3690 3544 καὶ

2114 3587 2331 3640 ἔϐαλεν
2357 3585 2547 3639 αὑτὸν
2567 3591 2658 3651 εις
2687 3583 3117 3652 καταρῤἁκτην,
3146 3583 3214 3650 ὃς
3239 3580 3318 3653 ἦν
3339 3585 3406 3636 ὲν
3431 3581 3504 3650 τῇ
3529 3583 3692 3652 πύλῃ

2114 3676 2417 3744 Βενιαμίν.
2444 3675 2549 3728 Τοῦ
2577 3676 2822 3746 {inepti-ou
2851 3674 2945 3726 τοῦ
2976 3674 3234 3745 Βενιαμὶν
3256 3675 3284 3725 ὁ
3313 3673 3698 3744 καταρράκτης

2113 3763 2215 3840 ἦν·
2251 3767 2343 3822 τοῦ
2384 3769 2641 3838 Βενιαμὶν
2674 3767 2997 3838 κληροδοσία
3031 3767 3179 3821 ἐστὶν
3215 3765 3598 3837 Ἰερουσαλὴμ,
3641 3767 3700 3821 ὲν

2114 3856 2148 3933 ᾖ
2178 3860 2206 3912 ὁ
2231 3862 2356 3924 ναὸς
2392 3861 2485 3914 τοῦ
2520 3859 2654 3916 Θεοῦ
2684 3858 2791 3914 τῶν
2822 3859 2982 3913 Θείων
3013 3859 3480 3929 ἀναγνωσμάτων,
3509 3857 3584 3921 ὡς
3610 3859 3701 3911 εὑ-

2118 3952 2304 4023 ρήσεις
2347 3953 2412 4004 ἐκ
2449 3951 2550 4020 τῆς
2601 3949 3098 4022 ἀναγεγραμμένης
3139 3947 3494 4019 κληροδοσίας
3541 3951 3600 4001 ὲν
3631 3950 3697 4018 τῇ

2113 4044 2208 4097 τοῦ
2249 4044 2428 4114 Ναυῆ.
2477 4043 2628 4096 Ἐπεὶ
2663 4039 2757 4097 οὖν
2797 4045 2824 4097 ό
2863 4042 2988 4105 ναὸς
3030 4037 3100 4113 ἦν
3140 4043 3206 4112 τῇ
3247 4039 3574 4112 κληροδοσίᾳ
3605 4039 3697 4094 τοῦ

2114 4133 2395 4200 Βενιαμὶν,
2437 4132 2498 4196 ὃς
2545 4130 2907 4203 ἑρμηνεύεται
2948 4131 3080 4195 υίὸς
3126 4129 3330 4194 δεξιάς
3373 4129 3544 4198 (οὐδὲν
3592 4131 3702 4200 γάρ

2117 4225 2264 4276 ἐστιν
2292 4223 2579 4294 ἀριστερὸν
2613 4224 2741 4293 περὶ
2774 4223 2864 4275 τὸν
2898 4221 3024 4275 ναὸν
3064 4221 3159 4273 τοῦ
3192 4220 3351 4289 Θεοῦ)
3372 4238 3385 4250 ·
3421 4219 3510 4273 διὰ
3541 4219 3698 4273 τοῦτο

2110 4309 2264 4376 οὗτος
2298 4313 2477 4382 βάλλει
2501 4313 2588 4373 εἰς
2616 4309 2723 4362 τὸν
2751 4307 3188 4378 καταρῤάκτην,
3227 4310 3295 4376 ὃς
3318 4310 3398 4378 ἦν
3421 4311 3491 4363 ἐν
3522 4312 3687 4378 πύλῃ

2113 4403 2393 4473 Βενιαμὶν
2419 4399 2523 4453 τοῦ
2552 4397 2818 4468 ὑπερῴου
2843 4399 2912 4453 ἐν
2941 4401 3084 4466 οικῳ
3106 4402 3345 4469 Κυρίου.
3377 4401 3574 4454 Ἐϐαλε
3597 4400 3690 4452 τὸν

440 4511 756 4584 prophetam
809 4510 863 4562 in
921 4516 1272 4562 cataractam.
1329 4503 1621 4558 Preeemur
1675 4511 1726 4556 et
1772 4516 1908 4561 nos,
1954 4505 2014 4552 ut

2117 4499 2404 4570 προφήτην
2434 4496 2512 4559 είς
2546 4494 2635 4547 τὸν
2660 4492 3071 4564 καταρράκτην.
3108 4490 3215 4544 Καὶ
3251 4490 3410 4560 ἡμεῖς
3445 4503 3697 4560 παρακα-

439 4607 780 4668 assumptum
814 4595 1104 4650 Jeremiam
1130 4595 1422 4649 evellamus
1456 4593 1508 4646 in
1537 4600 1742 4661 partem
1761 4587 2011 4657 superio-

439 4707 552 4747 rem
571 4691 764 4746 domus
782 4708 796 4758 ;
817 4703 981 4759 quam
999 4702 1217 4743 sensum
1233 4701 1353 4742 esse
1369 4685 1654 4741 sublimem
1671 4680 2010 4737 etexcelsum

437 4783 718 4848 ostendam
745 4797 773 4835 e
807 4779 1112 4848 Scriptura,
1144 4777 1233 4831 ubi
1261 4777 1326 4831 de
1358 4775 1564 4832 sanctis
1613 4779 1841 4827 testatur
1881 4783 2011 4839 pro-

439 4845 630 4942 phetis
677 4871 744 4924 ab
792 4845 1141 4940 ipsis—fuisse
1196 4868 1248 4920 in
1301 4865 1580 4935 superiore
1626 4863 1821 4918 domus
1863 4870 2013 4929 parte

437 4973 709 5033 exceptos.
747 4961 802 5015 In
832 4963 968 5015 libro
991 4961 1148 5014 tertio
1170 4957 1376 5029 Regum
1402 4957 1662 5025 scriptum
1690 4962 1772 5008 est
1794 4952 2010 5006 viduam

441 5059 495 5112 in
533 5054 802 5125 Sarephta
831 5052 1066 5108 Sidonia:
1093 5050 1263 5104 Eliam
1298 5047 1615 5118 prephetam
1661 5044 1714 5098 in
1745 5042 2012 5112 superiori

435 5149 631 5202 domus
663 5154 815 5214 parte
845 5145 1158 5213 excepisse;
1192 5149 1247 5196 et
1296 5140 1437 5194 libro
1477 5145 1695 5207 quarto,
1729 5148 1852 5202 quae
1899 5132 2009 5186 Eli-

436 5255 604 5296 szeum
630 5236 889 5306 suscepit,
922 5232 1292 5289 habitaculum
1336 5227 1437 5298 ipsi
1479 5225 1800 5296 praeparavit
1832 5224 1883 5276 in
1913 5239 2010 5278 su-

434 5329 635 5401 periori
683 5329 878 5384 domus
908 5335 1077 5396 parte.
1113 5322 1372 5378 Peccator
1397 5334 1527 5374 vero
1559 5315 1827 5371 Ochozias
1855 5329 1886 5370 ο
1917 5329 2012 5369 su-

499 5473 544 5504 ³¹
576 5470 681 5527 lsa.
721 5487 774 5537 L,
796 5472 852 5527 6.
959 5467 1003 5498 ³³
1031 5465 1165 5520 Luc.
1199 5479 1274 5528 vn,
1301 5461 1392 5516 29.
1470 5460 1514 5492 ³³
1538 5458 1735 5514 Jcrcm.
1763 5459 1934 5524 κιρ-ι.

505 5611 581 5679 (Ι)
612 5606 688 5663 Ἦ
714 5608 1052 5679 ἀκολουθεῖ.
1075 5607 1248 5679 Lego,
1277 5606 1377 5677 ἥδη
1408 5602 1707 5679 ἀκολουρεῖ.

506 5671 583 5750 (Ξ)
624 5678 1034 5748 Παραστῆσαι.
1069 5671 1231 5751 Lego,
1259 5671 1737 5747 καὶ’παραστῆσαι
1763 5671 1850 5726 τά·

2116 4588 2319 4659 λῶμεν,
2341 4588 2448 4650 ἵνα,
2481 4585 2732 4648 λαϐόντες
2763 4584 2858 4637 νῦν
2887 4583 2978 4636 τὸν
3012 4581 3138 4652 Ἰερε
3150 4581 3298 4651 μίαν,
3335 4582 3414 4642 είς
3444 4577 3504 4632 τὸ
3531 4579 3699 4649 ὑπερ-

2117 4679 2222 4750 ῷον
2271 4676 2692 4746 ἀναϐιϐάσωμεν
2749 4677 2808 4730 ἐν
2863 4675 2996 4744 οἴκῳ
3035 4671 3260 4744 Κυρίου.
3327 4668 3604 4742 Ὑπερῷον
3642 4668 3698 4721 δὲ

2117 4769 2208 4824 τὸν
2236 4769 2360 4822 νοῦν
2378 4767 2578 4838 ὑψηλὸν
2605 4767 2698 4819 καὶ
2727 4765 3034 4836 ἐπῃρμένον
3065 4762 3222 4826 δείξω
3241 4763 3340 4832 τῆς
3361 4761 3581 4833 Γραφῆς
3597 4761 3694 4829 (5),

2116 4863 2205 4915 ὅτε
2254 4862 2519 4932 μαρτυρεῖ
2554 4861 2664 4921 τοῖς
2707 4858 2881 4927 ἁγίοις
2908 4895 2922 4918 ,
2967 4857 3048 4908 ὅτι
3099 4858 3178 4918 εἰς
3211 4854 3280 4906 τὰ
3320 4852 3543 4923 ὑπερῷα
3573 4852 3699 4915 τοὶίς

2119 4950 2404 5020 προφήτας
2433 4948 2777 5014 ὑπεδέξαντο.
2827 4947 2913 4999 Ἐν
2945 4949 3011 5017 τῇ
3039 4945 3195 5017 τρίτῃ
3224 4944 3333 4998 τῶν
3367 4940 3700 4997 Bucar-:16».

2119 5041 2530 5111 ἀναγέγραπται
2592 5041 2737 5110 χήρα
2781 5037 3156 5108 ὑποδεξαμένη
3205 5036 3296 5090 τὸν
3371 5034 3555 5088 Ἠλίαν
3608 5033 3698 5086 τὸν

2117 5134 2404 5204 προφήτην
2425 5133 2483 5183 ὲν
2515 5131 2766 5202 Σαρειρϐᾷ
2799 5130 2896 5199 τῆς
2923 5128 3198 5194 Σιδωνίας,
3226 5130 3347 5199 ἣτις
3374 5130 3454 5190 εἰς
3480 5128 3539 5181 τὸ
3567 5127 3700 5178 ὑπε-

2119 5221 2257 5292 ρῷον
2295 5220 2474 5289 αὐτῆς,
2499 5219 2706 5283 ἐξένισε
2744 5219 2834 5271 τὸν
2873 5219 3194 5290 προφήτηνο
3247 5218 3341 5271 καὶ
3394 5219 3452 5270 ὲν
3499 5219 3565 5287 τῇ
3610 5232 3698 5268 τε-

2115 5313 2290 5388 τάρτῃ
2325 5313 2358 5383 ἡ
2387 5312 2476 5365 τὸν
2523 5311 2822 5365 Ἐλισσαῖον
2852 5308 3225 5381 ὑποδεξαμένη
3251 5307 3577 5382 ηὐτρέπισεν
3603 5305 3698 5360 αὐ-

2193 5600 2270 5670 (5)
2317 5596 2428 5667 Τῆς
2462 5595 2722 5668 Γραερῆς.
2754 5596 2918 5668 Lego,
2943 5596 3008 5649 ὲκ
3034 5593 3135 5665 τῆς
3168 5593 3411 5668 Γραφῆς.
