4122 6436
458 421 560 480 15H

1929 425 2260 485 ORIGENIS

3619 440 3726 496 493

451 554 544 595 est
599 551 658 596 ut
713 555 814 611 pro
871 549 1215 612 peccatorum
1272 556 1496 596 suorum
1556 541 1767 600 meritis
1823 543 1878 599 in
1933 545 2017 601 Ba-

2141 548 2539 618 μετοικίζεσθαι
2583 549 2724 603 κατὰ
2787 549 2885 622 τὴν
2937 548 3096 615 ἀξίαν
3142 550 3250 606 τῶν
3309 553 3727 626 ἁμαρτημάτων

459 635 706 705 nylonem
748 635 942 705 migret
991 634 1080 689 hic
1130 633 1393 700 Paschor,
1432 649 1539 690 non
1574 636 1746 703 solus,
1781 638 1876 693 sed
1907 653 2031 694 cum

451 725 646 779 aulicis
681 724 834 780 suis:
871 725 1103 780 traditur
1157 726 1302 781 enim
1359 723 1926 794 NabuChodonosori,
1981 739 2036 786 et

450 816 614 886 257
642 816 694 870 in
727 815 1108 873 confusionem
1150 817 1283 883 abit,
1314 826 1367 872 et
1403 835 1501 888 pro
1526 820 1762 889 peccatis
1791 822 1908 876 suis
1932 837 2034 892 pu-

451 909 621 972 nitur,
648 907 776 977 quia
813 909 1132 978 prophetam
1160 909 1396 966 detrusit
1425 911 1477 964 in
1522 912 2034 979 cataractam.'Qui-

451 1016 578 1056 nam
611 1003 774 1072 igitur
805 1013 934 1057 sunt
960 1001 1120 1056 amici
1149 1001 1445 1058 Paschoris
1489 1003 1582 1074 qui
1618 1003 1687 1056 ab
1711 1003 1824 1060 oris
1849 1003 2030 1074 nigre-

373 1153 377 1158 ,
449 1095 576 1151 dine
601 1110 796 1150 nomen
829 1093 1032 1149 traxit?
1060 1089 1265 1147 Omnes
1291 1094 1385 1165 qui
1415 1094 1563 1149 illius
1606 1108 1886 1150 sermones
1919 1096 2031 1153 oris

378 1185 381 1188 ’
451 1187 734 1258 nigredine
763 1187 928 1243 simul
961 1185 1244 1256 nigrefacti
1296 1185 1588 1256 amplexati
1615 1194 1742 1241 sunt
1772 1196 1826 1241 et
1848 1186 2031 1257 nigro-

451 1280 528 1334 ris
553 1280 806 1350 dogmata
841 1288 1184 1349 receperunt.
1217 1277 1285 1332 Et
1315 1278 1502 1332 cadent
1546 1279 1602 1331 in
1638 1277 1816 1348 gladio
1851 1278 2030 1333 inimi-

449 1387 632 1424 corum
664 1387 880 1424 suorum
909 1371 974 1426 ⁸³.
1005 1371 1107 1437 Qui
1157 1370 1444 1425 tormentis
1480 1368 1778 1425 inferendis
1811 1385 2024 1440 praepo-

453 1465 546 1519 siti
579 1473 730 1531 sunt,
767 1464 820 1518 hi
846 1464 1053 1535 gladios
1083 1472 1302 1534 gerunt,
1330 1462 1680 1533 elliciuntque
1710 1471 1771 1517 ut
1801 1463 1876 1517 illi
1907 1479 2029 1518 cor-

450 1567 614 1610 ruant
637 1556 703 1612 de
731 1557 932 1628 quibus
969 1557 1234 1627 propheta
1275 1555 1352 1610 ait
1378 1555 1466 1610 “:
1500 1553 1567 1608 Et
1599 1554 1740 1608 oculi
1770 1555 1849 1608 tui
1880 1555 2027 1608 ride-

450 1647 612 1712 bunt;
646 1647 760 1703 haec
795 1647 1052 1702 nimirum
1083 1663 1204 1718 quae
1227 1647 1481 1717 praedicta
1519 1654 1648 1702 sunt
1675 1645 1812 1700 oculi
1842 1647 1920 1700 tui
1952 1647 2028 1700 ri-

449 1740 663 1794 debunt.
697 1738 768 1792 Et
809 1749 858 1794 te
880 1747 930 1794 et
965 1755 1168 1794 omnem
1192 1737 1392 1793 Judam
1415 1737 1551 1792 dabo
1580 1737 1637 1791 in
1674 1754 1860 1792 manus
1892 1737 2027 1808 regis

451 1834 754 1906 Babylonis.
787 1833 1114 1905 Quicunque
1161 1848 1225 1887 ex
1273 1830 1412 1887 Juda
1446 1832 1818 1903 deprehensus
1864 1831 2028 1887 fuerit

2134 641 2164 692 6
2195 639 2435 712 Πασχῲρ
2479 631 2632 704 οὗτος
2668 642 2749 704 είς
2786 639 3080 695 Βαϐυλῶνα
3100 682 3114 706 ,
3143 643 3205 694 οὐ
3250 643 3432 713 μόνος,
3463 645 3601 700 ἀλλὰ
3632 647 3728 701 καὶ

2138 728 2277 799 μετὰ
2304 729 2410 782 τῶν
2437 729 2606 799 φίλων
2637 729 2832 784 αὐτοῦ’
2862 731 3213 802 παραδίδοται
3248 732 3357 804 γὰρ
3388 733 3467 805 τῷ
3508 736 3724 790 Ναϐου-

2131 817 2432 891 χοδονόσορ,
2467 820 2562 874 καὶ
2595 821 2673 883 εἰς
2695 819 2792 891 τὴν
2827 819 3089 890 σύγχυσιν
3113 821 3318 884 ἄπεισι,
3355 822 3451 874 καὶ
3491 822 3726 888 κολάζε-

2131 926 2222 961 ται
2267 910 2360 963 ἐπὶ
2407 912 2522 975 τοῖς
2561 912 2954 982 ἁμαρτήμασιν
3002 912 3194 977 αὐτοῦ,
3249 915 3373 968 ἐπεὶ
3425 915 3585 970 ἔϐαλε
3631 918 3724 973 τὸν

2132 999 2420 1070 προφήτην
2463 1001 2544 1064 είς
2589 1001 2681 1053 τὸν
2716 1001 3125 1074 καταρράκτην.
3158 1004 3316 1068 Τίνες
3361 1000 3456 1059 οὖν
3498 1007 3549 1060 oi
3579 1009 3721 1078 φίλοι

2129 1089 2223 1144 τοῦ
2271 1092 2512 1163 Πασχὼρ
2555 1093 2650 1146 τοῦ
2703 1096 2993 1166 ἐπωνύμου
3037 1098 3138 1167 τῆς
3173 1096 3434 1167 μελανίας
3469 1100 3563 1152 τοῦ
3599 1101 3720 1154 στό-

2134 1199 2304 1252 ματος
2351 1183 2462 1253 (l);
2496 1185 2703 1249 Πάντες
2741 1187 2792 1238 οἱ
2824 1187 2949 1250 τοὺς
2991 1185 3184 1256 λόγους
3213 1187 3378 1241 αὐτοῦ
3413 1191 3716 1261 παραδεξά-

2135 1291 2284 1345 μενοι
2315 1276 2837 1346 συμμελανωθέντες
2876 1277 2956 1350 τῷ
2985 1279 3212 1349 στόματι
3249 1280 3505 1352 αὐτοῦτῷ
3543 1300 3713 1354 μεμε-

2130 1366 2452 1440 λανωμένῳ,
2496 1371 2545 1422 al
2587 1369 2832 1440 δόγματα
2885 1371 3243 1442 μελανότητος
3266 1372 3710 1444 παραδεξάμενοι.

2131 1459 2241 1512 Καὶ
2287 1461 2617 1515 πεσοῦνται
2655 1463 2925 1531 μαχαίρᾳ
2980 1461 3211 1531 ἐχθρῶν
3254 1463 3474 1520 αὐτῶν.
3513 1467 3574 1518 Οἱ
3621 1464 3717 1519 ἐπὶ

2128 1549 2236 1604 τῶν
2267 1550 2538 1605 κολάσεων
2562 1553 2904 1623 τεταγμένοι,
2945 1547 3091 1607 οὗτοί
3128 1557 3267 1608 εἰσιν
3297 1555 3348 1608 oi
3385 1554 3484 1620 τὰς
3521 1556 3719 1626 μαχαίρ-

2131 1657 2232 1710 ρας
2277 1642 2516 1712 ἔχοντες,
2565 1646 2659 1698 καὶ
2712 1642 2992 1709 ποιοῦντες
3037 1645 3257 1699 πίπτειν
3301 1647 3537 1712 αὐτούς⁸
3587 1651 3720 1722 περὶ

2127 1726 2202 1787 ὧν
2237 1736 2266 1788 6
2295 1733 2451 1803 λόγος
2485 1735 2835 1807 προφητεύει,
2871 1737 2965 1791 καί
2993 1741 3150 1809 φησι·
3185 1739 3295 1793 Καὶ
3323 1741 3378 1793 ol
3419 1741 3719 1810 ὀφθαλμοί

2129 1840 2246 1880 σου
2293 1826 2567 1895 ὄψονται.
2624 1827 2842 1894 Ταῦτα,
2899 1830 3073 1902 φησι,
3128 1831 3200 1884 τὰ
3263 1832 3716 1904 προφητευόμενα

449 1927 518 1978 ita
549 1899 783 1995 peccatis
810 1899 1088 1980 involutus
1132 1931 1192 1978 ut
1227 1923 1426 1996 dignus
1452 1899 1532 1978 sit
1552 1937 1677 1992 rege
1709 1922 2017 1994 Babylonis,

2128 1920 2382 1988 ὄψονται
2470 1934 2588 1974 σου
2639 1923 2696 1974 οι
2729 1899 3048 1991 ὀφθαλμοί.
3096 1921 3208 1978 Kal
3251 1899 3328 1976 ad
3517 1899 3715 1980 mina

447 2017 496 2073 id
532 2027 612 2072 est
643 2015 986 2082 confusione,
1023 2015 1266 2070 tradetur
1313 2013 1438 2085 ipsi.
1475 2012 1543 2067 Et
1589 2029 1682 2068 rex
1734 2013 2026 2086 Babylonis

447 2120 757 2180 peccatores
786 2109 1002 2178 accipit.
1057 2107 1226 2162 Porro
1259 2123 1351 2162 rex
1396 2106 1687 2179 Babylonis
1721 2107 2024 2164 secundum

449 2199 730 2253 historiam
780 2197 999 2268 quidem
1043 2206 1127 2253 est
1157 2195 1684 2265 Nabuchodonosor,
1721 2200 2021 2256 secundum

445 2307 728 2362 anagogen
777 2306 926 2354 vero,
969 2290 1263 2361 malignus.
1298 2288 1437 2344 Huic
1480 2290 1710 2345 traditur
1747 2302 2020 2361 peccator,

443 2376 571 2446 quia
605 2376 768 2432 simul
820 2376 1075 2432 inimicus
1118 2384 1203 2431 est
1248 2385 1300 2431 et
1345 2377 1509 2432 ultor.
1544 2376 1699 2444 Quod
1750 2388 1930 2435 autem
1971 2381 2022 2436 ei

443 2474 697 2536 peccator
729 2467 993 2533 tradatur,
1034 2465 1184 2522 disce
1217 2482 1250 2524 a
1275 2465 1448 2522 Paulo
1480 2477 1594 2524 tum
1631 2469 1724 2524 ubi
1770 2471 1838 2526 de
1873 2471 2022 2543 Phy-

443 2557 585 2627 gcllo
636 2565 689 2612 et
739 2555 1077 2627 Hermogene
1122 2557 1200 2612 ait
1244 2576 1258 2613 :
1294 2557 1438 2624 Quos
1468 2559 1695 2625 tradidi,
1743 2560 1922 2632 inquit
1951 2563 2020 2630 “,

441 2647 680 2716 Satanae,
720 2657 778 2703 ut
821 2648 1028 2703 discant
1070 2663 1172 2702 non
1215 2649 1617 2720 blasphemare;
1648 2659 1764 2708 tum
1810 2653 1904 2709 ubi
1954 2656 2024 2711 de

442 2744 650 2798 incesto
696 2741 1106 2812 :Cengregatis,
1137 2741 1408 2812 inquit“,
1447 2743 1612 2806 vobis,
1656 2753 1706 2799 et
1755 2760 1869 2800 meo
1911 2747 2021 2817 spi-

441 2837 571 2899 ritu,
599 2851 719 2888 cum
767 2835 955 2889 virtute
1001 2834 1210 2888 Domini
1243 2835 1412 2890 nostri
1453 2834 1584 2890 Jesu
1615 2835 1836 2905 Christi,
1859 2837 2021 2907 judi-

440 2927 557 2980 cavi
584 2926 790 2979 tradere
814 2926 1118 2996 huiusmodi
1141 2925 1360 2982 Satanae
1375 2928 1430 2980 in
1447 2928 1718 2982 interitum
1743 2930 1944 2994 carnis,
1959 2940 2020 2984 ut

441 3018 662 3087 spiritus
695 3020 871 3072 salvus
897 3019 964 3073 sit
996 3017 1051 3072 in
1082 3018 1167 3072 die
1197 3017 1411 3073 Domini
1440 3022 1610 3076 nostri
1635 3021 1766 3077 Jesu
1794 3021 2015 3080 Christi.

440 3109 628 3180 Itaque
657 3109 888 3164 traditur
916 3108 1160 3164 Paschor
1187 3109 1276 3166 hic
1304 3112 1380 3167 ob
1411 3112 1524 3168 oris
1557 3113 1642 3168 sui
1678 3113 2016 3184 nigredinem

441 3202 498 3254 in
531 3215 728 3256 manus
755 3201 900 3272 regis
927 3199 1238 3270 Babylonis.
1286 3201 1354 3255 Et
1389 3204 1618 3274 migrare
1648 3205 1846 3275 facient
1895 3223 2013 3260 eum

439 3295 496 3348 in
521 3292 866 3364 Babylonem,
889 3307 938 3349 et
969 3293 1310 3350 trucidabant
1338 3312 1427 3351 eos
1465 3297 1518 3351 in
1554 3296 1764 3368 gladio;
1801 3307 1850 3352 et
1879 3299 2016 3354 dabo

439 3387 811 3456 fortitudine»:
846 3402 1051 3441 omnem
1092 3387 1321 3442 civitatis
1366 3389 1522 3458 hujus
1553 3389 1621 3444 ⁸⁷.
1651 3388 1899 3447 Proclive
1933 3400 2018 3448 est

441 3478 622 3534 dicere
653 3478 767 3533 haec
789 3477 855 3532 ad
879 3475 1179 3533 Jerusalem
1213 3488 1490 3548 spectare;
1521 3480 1702 3536 omnis
1729 3481 1874 3535 enim
1904 3482 2016 3537 vir-

443 3580 532 3626 tus
561 3570 682 3641 ejus
729 3578 784 3625 et
827 3584 949 3640 quas
995 3568 1348 3640 adjiciuntur,
1377 3581 1509 3627 tunc
1543 3571 1652 3643 regi
1689 3572 2018 3645 Babylonio-

441 3680 562 3721 rum
607 3663 802 3719 tradita
836 3670 983 3717 sunt.
1013 3659 1332 3732 Promptum
1372 3672 1458 3719 est
1486 3663 1667 3720 dicere
1699 3665 1814 3720 [nec
1842 3665 2013 3736 perti-

439 3771 569 3812 nere
593 3756 660 3811 ad
684 3756 953 3812 civitatem
983 3772 1105 3828 qua:
1129 3757 1319 3828 paucis
1341 3764 1462 3826 post
1488 3755 1826 3814 Salvatorem
1853 3759 2012 3816 annis

437 3850 634 3906 tradita
667 3858 752 3906 est
783 3849 1040 3906 inimicis.
1087 3848 1146 3903 In
1197 3849 1568 3918 captivitatem
1619 3849 1837 3904 abducti
1885 3859 2016 3906 sunt

438 3945 533 4002 lilii
570 3943 892 4010 Jerusalem,
926 3953 982 3998 et
1022 3958 1211 3999 eversa
1258 3953 1341 3999 est
1374 3945 1590 4000 civitas.
1626 3942 1784 4010 Quod
1815 3943 1862 3999 si
1895 3960 2010 3999 rem

437 4038 805 4110 perpenderis,
831 4045 886 4092 et
929 4036 983 4090 in
1027 4036 1248 4090 civitate
1274 4049 1381 4088 non
1415 4035 1627 4104 lapides
1654 4038 2007 4106 spectaveris,

435 4132 528 4187 sed
556 4130 828 4195 homines,
862 4128 1069 4184 videbis
1108 4128 1255 4183 illam
1290 4142 1510 4196 quoque
1547 4125 1876 4191 Jerusalem,
1908 4130 2009 4184 ho-

437 4225 610 4280 mines
646 4237 860 4294 nempe,
901 4223 970 4277 ob
997 4236 1153 4277 suam
1187 4221 1239 4275 in
1267 4219 1546 4275 Christum
1589 4219 1922 4289 impietatem
1955 4229 2010 4276 et

435 4323 714 4384 peccatum
750 4313 979 4368 traditos
1017 4327 1139 4367 esse
1170 4310 1284 4379 regi
1320 4308 1635 4381 Babylonis.
1663 4308 1745 4364 'l'u
1787 4323 2009 4379 quoque

432 4403 734 4459 Jerusalem
762 4419 908 4458 nune
935 4418 1015 4458 es.
1045 4401 1103 4457 Si
1135 4402 1302 4472 igitur
1341 4399 1612 4470 ejusmodi
1642 4398 1812 4470 258
1847 4400 2010 4454 minae

435 4497 735 4552 Jerusalem
771 4511 914 4551 nunc
950 4495 1245 4565 iactantur,
1273 4494 1464 4548 timeto
1505 4507 1574 4548 ne
1610 4493 1885 4564 peccando
1913 4491 2006 4548 Je-

439 4588 677 4644 rusalem
710 4589 807 4643 fias
845 4586 1114 4657 peccatrix
1148 4593 1202 4641 et
1245 4584 1496 4650 tradaris,
1537 4592 1599 4640 ut
1630 4599 1740 4639 non
1775 4585 2010 4656 amplius

437 4686 515 4739 sis
551 4681 873 4746 Jerusalem,
903 4681 996 4736 sed
1038 4678 1276 4750 Babylon
1322 4687 1487 4748 atque
1514 4677 1789 4743 confusio,
1817 4677 2004 4734 Nabu-

434 4776 780 4833 chodonosor
836 4773 982 4844 regis
1013 4771 1433 4843 Babyloniorum
1459 4771 1707 4827 servituti
1731 4773 2001 4828 addictus.

434 4867 502 4922 Et
557 4882 734 4920 ontnes
783 4863 983 4918 labores
1033 4862 1078 4895 ⁸⁸
1127 4861 1429 4918 Jerusalem
1483 4862 1665 4916 tradit.
1716 4860 2005 4928 Quomodo

430 4951 859 5018 omncs'laborcs
887 4957 1087 5013 tradit?
1124 4955 1182 5012 Si
1212 4964 1334 5027 post
1363 4955 1661 5011 certamina
1691 4972 2004 5027 agonesque

430 5062 681 5125 peractos
713 5051 898 5120 lapsus
935 5049 1102 5105 fueris
1127 5057 1181 5104 et
1209 5047 1542 5119 peccaveris,
1573 5061 1765 5102 omnes
1790 5047 2004 5104 labores

428 5147 506 5202 tui
540 5146 592 5200 in
633 5158 828 5199 manus
871 5139 1372 5196 Nabuchodonosor
1398 5145 1684 5194 venerunt.
1716 5137 2004 5205 Quomodo

428 5253 620 5294 omnes
671 5235 885 5290 labores
913 5233 991 5288 tui
1041 5232 1269 5287 abibunt
1300 5231 1438 5285 tibi?
1475 5228 1532 5284 Si
1569 5240 1690 5299 post
1734 5231 2003 5300 plurimos

497 5395 540 5426 ³³
571 5392 771 5449 Jcrem.
799 5407 889 5459 xx,
922 5389 978 5447 4.
1053 5389 1098 5421 ⁵*
1122 5386 1254 5444 ibid.
1334 5384 1376 5415 “
1401 5385 1420 5439 ι
1445 5384 1584 5440 Tim.
1620 5401 1657 5449 ι,
1683 5385 1757 5440 20
1828 5387 1874 5419 ιθ
1903 5387 1920 5440 l
1945 5388 2017 5444 Co

2120 5403 2153 5454 ι,
2181 5385 2237 5451 4,
2263 5383 2317 5439 5.
2394 5382 2438 5414 ⁸⁷
2469 5380 2668 5438 Jerem.
2697 5397 2789 5446 xx,
2812 5380 2865 5448 4,
2895 5379 2951 5435 5.

498 5536 575 5603 (Ι)
604 5534 861 5605 Πασχὼρ
907 5533 1012 5588 τοῦ
1043 5531 1360 5602 ἐπωνύμου
1397 5527 1528 5607 τῆς.
1552 5530 1846 5605 pistoria?
1893 5529 2000 5584 τοῦ

423 5608 744 5675 στόματος.
777 5611 1016 5683 Πατχὼρ
1047 5622 1130 5666 est
1152 5621 1368 5674 ἾἻΠΨΞ).
1402 5613 1457 5666 ld
1505 5613 1721 5666 derivat
1750 5613 2019 5682 Origenes

425 5693 454 5730 a
587 5669 766 5765 πέρι
957 5669 998 5763 ,ξ
1032 5669 1392 5765 ηίῃηιήιξῖιει
1410 5691 1498 5765 "et
1543 5669 1909 5765 Hieronymus
1943 5683 2020 5765 ρο
2111 5669 2167 5724 ΠΙ

427 5751 630 5822 nomin.
669 5749 941 5822 Hebr-aia.
985 5751 1038 5804 in
1068 5749 1305 5808 Jeremia
1345 5771 1358 5806 :
1403 5752 1582 5812 Fesor.
1613 5771 1668 5807 os
1697 5749 2010 5822 nigredinis.

498 5818 576 5892 (9.)
613 5821 751 5892 Περὶ
779 5821 1098 5892 Φυγέλίὶου
1144 5824 1240 5876 καὶ
1285 5823 1699 5892 Ἑρμογένους,
1741 5818 1850 5877 etc.
1906 5823 2017 5877 Mc.-

431 5890 601 5942 tnoria
633 5891 816 5960 lapsus
850 5903 928 5945 cst
965 5890 1230 5961 Origenes
1257 5910 1268 5944 :
1307 5892 1378 5945 ibi
1409 5890 1556 5947 enim
1583 5910 1779 5962 nempe
1816 5893 1835 5950 ι
1864 5893 2009 5948 Tim.

2140 2008 2370 2063 Ἰούδαν
2399 2008 2572 2063 δώσω
2607 2011 2694 2077 εις
2739 2010 2940 2089 χεῖρας
2979 2012 3288 2079 ,ϐασιλέως
3328 2013 3710 2081 Βαϐυλῶνος.

2133 2102 2229 2164 ’ος
2258 2099 2353 2155 ἐὰν
2377 2102 2698 2174 καταληφθῇ
2728 2103 2821 2157 τοῦ
2867 2104 3039 2158 Ἰούδα
3068 2103 3241 2168 οὕτως
3263 2105 3610 2178 ἁμαρτωλὸς,
3635 2107 3713 2172 ὡς

2125 2191 2275 2259 ἄξιος
2311 2189 2449 2247 εἶναι
2495 2192 2590 2247 τοῦ
2637 2193 2898 2264 βασιλέως
2940 2194 3280 2260 Βαϐυλῶνος,
3316 2195 3562 2250 τουτέστι
3609 2199 3711 2269 τῆς

2125 2284 2460 2354 συγχύσεως,
2518 2284 2954 2358 παραδοθήσεται
3001 2285 3171 2358 αὐτῷ.
3226 2287 3339 2342 Καὶ
3382 2289 3411 2341 6
3458 2287 3710 2359 βασιλεὺς

2125 2374 2440 2440 Βαϐυλῶνος
2471 2375 2885 2449 παραλαμϐάνει
2917 2376 3043 2441 τοὺς
3082 2376 3511 2449 ἁμαρτάνοντας.
3547 2380 3708 2435 Βασι-

2124 2465 2248 2530 λεὺς
2278 2467 2336 2521 δὲ
2366 2467 2682 2532 Βαϐυλῶνος
2712 2466 2854 2522 κατὰ
2887 2468 2986 2540 μὲν
3009 2467 3108 2540 τὴν
3136 2469 3398 2541 ἱστορίαν,
3429 2470 3709 2544 Ναϐουχο-

2121 2557 2340 2631 δονόσορ
2360 2575 2375 2590 ·
2407 2559 2548 2614 κατὰ
2570 2560 2628 2614 δὲ
2656 2559 2756 2632 τὴν
2786 2559 3100 2632 ἀναγωγὴν,
3133 2561 3163 2614 6
3213 2559 3471 2634 πονηρός.
3519 2563 3707 2635 Τούτῳ

2120 2650 2178 2704 δὲ
2207 2651 2615 2722 παραδίδοταιό
2659 2651 3005 2724 ἁμαρτωλὸς,
3049 2652 3172 2707 ἐπεί
3223 2655 3372 2708 ἐστιν
3418 2654 3706 2728 ἀμφότερα

2123 2742 2315 2815 ἐχθρὸς
2357 2744 2450 2797 καὶ
2497 2744 2808 2815 ὲκδικητής.
2847 2745 2970 2798 Ὅτι
3015 2743 3074 2799 δὲ
3105 2744 3257 2816 αύτῷ
3300 2745 3648 2818 παραδίδοται
3673 2749 3709 2803 6

2123 2835 2462 2909 ἁμαρτωλὸς,
2507 2838 2720 2902 Παῦλος
2771 2854 2830 2891 σε
2877 2836 3163 2905 διδαξάτω,
3212 2840 3345 2893 ὅπου
3383 2840 3484 2910 μὲν
3531 2841 3706 2910 λέγων

2123 2928 2253 2998 περὶ
2281 2928 2546 2996 Φυγέλλου
2586 2928 3052 3000 καὶἙρμογένους
3099 2929 3198 2999 (2),
3227 2930 3336 2996 Οὓς
3367 2931 3703 3001 παρέδωκα,

2121 3019 2275 3090 φησὶ,
2307 3017 2387 3085 τῷ
2427 3018 2686 3087 Σατανᾷ,
2725 3020 2828 3074 ινα
2869 3019 3236 3076 παιδευθῶσι
3279 3022 3368 3092 μὴ
3411 3025 3702 3096 βλασφη-

2113 3107 2283 3179 μεῖν·
2328 3109 2462 3163 ὅπου
2495 3110 2552 3163 δὲ
2588 3111 2717 3181 περὶ
2756 3109 2849 3164 τοῦ
2883 3111 3336 3181 πεπορνευκότος,
3365 3116 3704 3185 Συναχθέν-

2119 3217 2236 3254 των
2263 3199 2448 3270 ὑμῶν,
2479 3200 2580 3254 καὶ
2607 3201 2716 3255 τοῦ
2743 3201 2891 3272 ἐμοῦ
2935 3203 3295 3272 πνεύματος,
3324 3205 3447 3259 σὺν
3485 3206 3561 3276 τῇ
3596 3207 3702 3262 δυ-

2119 3292 2290 3363 νάμει
2317 3292 2423 3348 τοῦ
2447 3294 2666 3361 Κυρίου
2707 3293 2902 3362 Ἰησοῦ
2928 3293 3207 3364 Χριστοῦ,
3237 3295 3481 3364 κέκρικα
3505 3312 3697 3367 παρα-

2117 3384 2326 3439 δοῦναι
2361 3383 2468 3438 τὸν
2498 3383 2769 3438 τοιοῦτον
2807 3383 2889 3450 τῷ
2917 3388 2964 3440 Σ
2971 3385 3162 3454 atas-ti
3190 3387 3277 3454 εις
3311 3386 3562 3452 ὄλεθρον
3584 3387 3695 3454 τῆς

2118 3476 2366 3546 σαρκὸς,
2399 3477 2501 3532 ἵνα
2516 3479 2583 3532 τὸ
2613 3479 2849 3547 πνεῦμα
2870 3476 3037 3547 σωθῇ
3059 3478 3130 3532 ἐν
3151 3475 3224 3546 τῇ
3246 3475 3428 3547 ἡμέρᾳ
3443 3477 3550 3532 τοῦ
3575 3481 3693 3533 Κυ-

2107 3570 2247 3638 ρίου
2273 3568 2442 3640 ἡμῶν
2483 3571 2680 3639 Ἰησοῦ
2718 3569 2999 3639 Χριστοῦ.
3039 3569 3247 3624 Οὐκοῦν
3285 3569 3636 3640 παραδίδοται
3661 3572 3692 3624 6

2116 3660 2353 3734 Πασχὼρ
2394 3655 2550 3726 οὗτος
2595 3664 2663 3734 τῇ
2709 3661 2804 3715 τοῦ
2836 3661 3103 3732 στόματος
3146 3661 3372 3733 μελανία
3399 3663 3477 3725 εις
3506 3665 3693 3733 χεῖρας

2114 3751 2209 3805 τοῦ
2269 3749 2535 3822 βασιλέως
2589 3752 2688 3822 τῆς
2750 3750 3087 3816 Βαϐυλῶνος.
3123 3751 3231 3806 Kal
3287 3751 3698 3821 μιιτοικιοῦονιν⁵

2113 3845 2302 3900 αὑτὸν
2339 3847 2425 3912 εις
2468 3843 2816 3909 Βαϐυλῶνα,
2857 3843 2956 3899 καί
2989 3845 3448 3912 κατακόψουσιν
3474 3843 3696 3910 αὐτοὺς

2113 3939 2184 3994 ἐν
2214 3941 2499 4009 μαχαίρᾳ,
2534 3938 2633 3992 καί
2656 3937 2827 3992 δώσω
2855 3938 2971 4006 τὴν
2999 3937 3184 4007 ἰσχὺν
3205 3937 3414 3994 πᾶσαν
3438 3935 3546 4006 τῆς
3587 3938 3692 3991 πό-

2113 4036 2264 4098 λεως
2309 4033 2550 4100 ταύτης.
2581 4030 2838 4103 Εὑχερῶς
2871 4029 2948 4102 (5)
2983 4032 3156 4084 είπεῑν
3181 4030 3263 4084 ὅτι
3293 4029 3696 4102 προφητεύεται

2114 4126 2244 4197 περὶ
2268 4125 2368 4196 τῆς
2402 4123 2754 4196 Ἰερουσαλὴμ
2781 4122 2973 4176 ταῦτα.
3006 4120 3376 4193 Παραδέδοται
3404 4121 3514 4193 γὰρ
3544 4123 3695 4175 πᾶσα

2113 4219 2146 4289 ἡ
2185 4219 2338 4289 ἰσχὺς
2389 4217 2578 4287 αὐτῆς,
2613 4216 2708 4268 καὶ
2752 4214 2821 4268 τὰ
2865 4214 3256 4285 ἐπιφερόμενα,
3289 4213 3411 4267 τότε
3463 4211 3542 4284 τῷ
3573 4212 3693 4266 ⁴τῶν

2113 4310 2467 4366 Βαϐυλωνίων
2496 4309 2723 4379 βασιλεῖ.
2753 4307 2990 4378 Εὑχερὲς
3017 4309 3192 4360 εἰπεῖν
3232 4307 3314 4359 ὅτι
3353 4303 3694 4377 προφητεύε-

2111 4421 2199 4457 ται
2228 4402 2400 4456 ταῦτα
2430 4403 2558 4473 περὶ
2589 4400 2689 4472 τῆς
2719 4400 2929 4463 πόλεως
2961 4398 3186 4469 ταύτης,
3213 4400 3269 4452 ἐν
3297 4400 3409 4461 τοῖς
3437 4396 3578 4451 κατὰ
3599 4396 3693 4449 τὸν

2113 4496 2339 4566 Σωτῆρα
2391 4494 2604 4565 χρόνοις
2651 4491 3050 4564 παραδοθείσης
3093 4493 3205 4552 τοῖς
3256 4487 3553 4558 πολεμίοις.
3582 4488 3694 4540 Καὶ

2112 4591 2193 4653 εἰς
2225 4584 2600 4658 αἰχμαλωσίαν
2631 4581 3100 4654 ἀναπεληλύοασιν
3131 4582 3181 4634 oi
3227 4581 3332 4633 υἱοὶ
3357 4579 3457 4650 τῆς
3491 4576 3694 4649 Ἰερου-

2115 4677 2314 4748 σαλὴμ,
2349 4674 2442 4728 καὶ
2473 4673 2793 4743 κατεσκάφη
2821 4674 2853 4743 ἡ
2884 4672 3060 4734 πόλις.
3107 4670 3229 4724 Ἐὰν
3258 4669 3314 4723 δὲ
3337 4667 3596 4740 ἐξετάσῃς
3623 4667 3694 4721 τὰ

2113 4772 2436 4842 πράγματα,
2486 4767 2580 4821 καὶ
2631 4766 2782 4820 πόλιν
2833 4764 2909 4836 (4)
2954 4763 3174 4837 βλέπῃς,
3207 4762 3281 4833 μὴ
3322 4762 3446 4825 τοὺς
3485 4758 3690 4823 λίθους,

2110 4862 2247 4916 ἀλλὰ
2285 4861 2410 4924 τοὺς
2450 4857 2791 4930 ἀνθρώπους,
2819 4857 2940 4926 ὕψει
2970 4857 3051 4910 ὅτι
3084 4855 3312 4926 κάκείνη
3349 4854 3382 4925 ἡ
3421 4849 3693 4924 Ἰερουσα-

2109 4955 2242 5025 λὴμ,
2275 4953 2325 5005 οἱ
2368 4950 2646 5022 ἄνθρωποι
2678 4948 3050 5020 παρεδόθησαν
3083 4947 3164 5012 εἰς
3195 4949 3384 5018 χεῖρας
3431 4943 3692 5015 βασιλέως

2112 5043 2429 5106 Βαϐυλῶνος
2471 5041 2562 5096 διὰ
2605 5042 2704 5113 τὴν
2749 5041 2844 5094 ἐπὶ
2889 5039 2970 5110 τῷ
3024 5037 3246 5111 Χριστῷ
3295 5037 3549 5093 ἀσέϐειαν
3598 5035 3694 5088 καὶ

2111 5136 2403 5208 ἁμαρτίαν.
2467 5132 2577 5187 Καὶ
2627 5133 2692 5184 σὺ
2757 5127 3113 5204 Ἰερουσαλὴμ
3165 5124 3218 5185 εἳ
3255 5129 3372 5184 νῦν.
3432 5126 3559 5182 Ἐὰν
3599 5121 3692 5181 οὖν

2113 5226 2311 5298 ἀπειλῇ
2339 5227 2408 5297 τῇ
2444 5219 2799 5296 Ἰερουσαλὴμ
2839 5221 2936 5276 νῦν
2978 5224 3007 5277 6
3054 5221 3230 5292 λόγος,
3261 5217 3551 5292 φοϐήθητι,
3581 5218 3689 5290 μή-

3045 5378 3090 5411 ⁸⁸
3127 5377 3332 5435 Jerem.
3366 5395 3459 5446 xx,
3488 5379 3544 5433 5.

2111 5526 2155 5581 1.
2193 5527 2284 5589 20,
2322 5523 2672 5595 Hymenaeum
2704 5536 2733 5575 a
2759 5535 2817 5576 se
2848 5518 3300 5595 et_Alexandrum
3337 5517 3688 5595 Sgtanazutra-

2111 5585 2483 5651 (litos-scribit
2532 5593 2766 5656 Paulus;
2799 5601 2854 5644 at
2885 5589 2929 5642 ll
2967 5588 3112 5645 Tim.
3151 5605 3189 5654 I,
3234 5589 3321 5654 15,
3369 5585 3688 5658 Phygellum

2134 5669 2263 5724 llum
2298 5675 2351 5718 ct
2385 5663 2773 5732 Hermogenem
2818 5675 2939 5732 sese
2969 5659 3140 5732 fuisse
3171 5667 3472 5716 aversatos.

2184 5737 2263 5806 (5)
2295 5729 2765 5806 Εὐχερῷςξῐλρςο
2788 5729 3032 5806 εὐχερές.

2291 5800 2474 5860 Codcit
2509 5801 2782 5868 Vatican.,
2827 5800 3009 5854 πάλιν.
