4122 6416
467 367 576 418 4υῦ

1609 353 1675 410 ΙΝ
1709 353 2055 412 JEBEMIAM
2096 354 2376 413 llOMlLlA
2418 353 2604 412 XVIII.

3633 352 3737 408 49-1

463 501 595 538 ποτε
645 482 736 550 σὺ,
783 481 880 539 ὲάν
929 477 1271 554 ἀμαρτάνῃς,
1314 477 1673 552 Ἰερουσαλὴμ
1715 480 1749 549 ἠ
1796 479 2050 550 ἀμαρτω-

2156 495 2254 550 pro
2281 477 2509 534 veritate
2537 475 2751 534 labores
2781 482 3068 545 susceptos
3101 472 3386 542 cecideris,
3430 471 3636 529 frustra
3685 472 3741 528 in

459 578 551 642 λος
578 575 676 648 (1),
711 577 806 631 καὶ
849 574 1230 646 παραδίδοσαι,
1262 571 1352 626 ἵνα
1405 570 1604 642 μηκέτι
1646 567 1715 645 ᾗς
1777 571 2048 643 Ἰερουσα-

459 671 592 744 λὴμ,
621 669 759 724 ἀλλὰ
802 665 1063 722 Βαϐυλὼν
1093 666 1223 738 γίνῃ
1255 663 1350 718 καὶ
1381 661 1662 733 σύγχυσις,
1702 663 2050 737 παραλαϐόν-

458 781 550 829 τος
583 781 644 817 σε
685 759 1156 833 Ναϐουχοδονόσορ
1205 759 1300 814 τοῦ
1350 759 1710 814 Βαϐυλωνίων
1758 757 2044 829 βασιλέως.

461 858 570 911 Καὶ
599 856 832 922 πάντας
861 853 1004 919 τοὺς
1034 852 1264 918 πόνους
1296 852 1656 924 Ἰερουσαλὴμ
1690 849 2045 919 παραδίδωσι.

461 947 584 1010 no;
634 946 843 1008 πάντας
885 944 1016 1006 τοὺς
1048 941 1245 1006 πόνους
1291 941 1701 1013 παραδίδωσιν;
1745 938 1870 991 Ἐὰν
1912 938 2051 1009 μετὰ

458 1041 520 1094 τὸ
551 1039 781 1109 ἀθλῆσαι
815 1037 908 1090 κα).
938 1034 1315 1104 ἀγωνίσασθαι
1349 1032 1699 1105 παραπέσῃς,
1733 1029 1832 1083 καὶ
1863 1028 2048 1098 ἀμάρ-

458 1149 580 1206 τῃς,
611 1132 812 1194 πάντες
843 1131 892 1182 οἱ
926 1127 1079 1182 πόνοι
1123 1142 1217 1179 σου
1262 1124 1586 1196 ἐληλύθασιν
1620 1124 1700 1186 είς
1728 1121 1828 1185 τὰς
1857 1122 2050 1191 χεῖρας

460 1222 946 1294 Ναϐουχοδονόσορ.
982 1219 1106 1284 Πῶς
1135 1219 1337 1281 πάντες
1378 1219 1425 1270 οί
1455 1215 1608 1269 πόνοι
1655 1231 1750 1267 σου
1796 1211 2048 1282 ἀπαχθὴ-

463 1313 645 1367 σονταί
678 1328 798 1377 σοι;
852 1311 978 1364 Ἐάν
1013 1309 1186 1381 πέσῃς
1223 1307 1361 1378 μετὰ
1400 1305 1462 1360 τὸ
1486 1301 1657 1358 πολλὰ
1679 1304 1878 1372 καμεῖν
1908 1300 2050 1371 ὑπὲρ

460 1403 737 1476 ἀληθείας,
783 1400 1021 1456 τοσαῦτα
1055 1400 1284 1456 ἐπάθετε
1321 1399 1463 1470 είκῆ.
1501 1395 1847 1452 Μάλιστα·οί
1900 1393 2051 1446 συνι-

459 1500 640 1562 δόντες
689 1499 902 1561 ἑαυτοῖς
955 1495 1185 1559 πολλοὺς
1235 1494 1432 1557 πόνους
1476 1488 1869 1562 ἀνηντληκέναι
1906 1487 2050 1559 ὑπὲρ

461 1592 682 1664 ἀρετῆς,
734 1588 1008 1659 ὀφείλουσι
1062 1585 1368 1657 φοϐεῖσθαι,
1425 1584 1634 1654 μήποτε
1671 1582 1799 1644 τοὺς
1853 1578 2051 1642 πόνους

463 1683 673 1746 αὐτῶν,
725 1683 760 1752 ἢ
808 1679 1120 1751 γενομένων
1179 1675 1538 1749 Ἰερουσαλὴμ
1596 1671 1670 1742 (2)
1697 1711 1712 1735 ,
1759 1669 2051 1742 παραλάϐῃ

461 1775 739 1846 ἁμαρτίας
767 1773 911 1836 τινὸς
945 1770 1240 1840 γενομένης
1271 1764 1740 1836 Ναϐουχοδονόσορ
1765 1765 1794 1816 6
1814 1763 1912 1833 τῆς
1943 1763 2050 1815 Βα-

2157 571 2244 627 his
2275 570 2602 626 desudatum
2641 575 2744 625 est.
2778 566 2882 634 Qui
2914 583 3015 639 pro
3045 569 3243 622 virtute
3279 567 3481 622 multos
3514 567 3618 622 sibi
3663 567 3745 621 la-

2157 662 2320 718 bores
2347 662 2655 717 exantlatos
2679 671 3042 730 cognoscunt,
3074 661 3111 715 ii
3141 661 3378 716 maxime
3421 662 3614 715 timere
3641 660 3740 714 de-

2155 753 2287 808 bent
2311 767 2380 808 ne
2415 751 2636 822 quando
2672 751 2889 807 labores
2915 767 3105 808 eorum
3131 752 3187 806 in
3217 751 3520 807 Jerusalem
3550 765 3743 807 suscev

2155 855 2280 917 ptos
2307 845 2536 916 arripiat
2577 860 2675 900 rex
2717 845 3013 914 Babylonis
3044 845 3575 910 Nabuchodonosor,
3609 844 3655 900 si
3686 844 3740 898 in

2155 947 2436 1009 peceatum
2475 937 2784 994 inciderint.
2819 939 2888 995 Ut
2911 937 3118 994 clarius
3153 939 3336 993 videas
3367 953 3606 1007 quanam
3649 952 3742 991 ra-

2137 1033 2303 1088 .tione
2333 1031 2548 1086 labores
2584 1030 2864 1102 peccantis
2885 1029 3191 1086 Jerusalem
3228 1029 3742 1086 Nabuchodonosor

2155 1124 2403 1194 arripiat,
2431 1123 2656 1179 aﬂ‘eram
2684 1140 2807 1192 qua:
2835 1125 2890 1178 in
2919 1123 3206 1180 Ezechiele
3233 1124 3310 1179 ita
3348 1123 3620 1178 habentur
3648 1122 3694 1154 “
3720 1138 3736 1176 :

2154 1214 2343 1270 Justus
2386 1217 2433 1269 si
2482 1232 2538 1271 se
2572 1217 2819 1270 auerterit
2847 1232 2879 1269 a
2901 1216 3138 1285 justitiis
3163 1218 3298 1281 suis,
3324 1226 3373 1270 et
3398 1216 3582 1286 fecerit
3605 1213 3742 1268 deii-

2155 1315 2320 1372 ctnm,
2346 1323 2449 1361 non
2472 1307 2790 1362 recordabar
2802 1309 3142 1378 Justitiarum
3161 1309 3274 1377 ejus
3303 1325 3434 1379 quas
3459 1309 3604 1378 fecit.
3626 1307 3740 1362 Cur

2156 1395 2275 1450 ita?
2303 1411 2496 1452 omnes
2525 1411 2717 1468 nempe
2741 1397 2985 1467 justitias
3012 1414 3137 1454 cum
3165 1398 3354 1453 labore
3388 1398 3561 1453 factas
3590 1399 3735 1453 arri-

2156 1485 2234 1554 pit
2270 1483 2799 1550 Nabuchodonosor,
2823 1495 2878 1542 et
2911 1489 3054 1544 delet
3078 1487 3611 1553 Nabuchodonosor,
3644 1505 3738 1543 rex

2157 1577 2476 1649 Babylonis,
2503 1588 2558 1634 et
2589 1594 2806 1635 omnem
2843 1581 3108 1639 honorem
3139 1581 3444 1638 Jerusalem
3471 1584 3736 1646 absumit,

2158 1669 2382 1738 quando
2425 1669 2580 1724 homo
2609 1671 2664 1724 in
2710 1672 2920 1728 honore
2954 1675 3252 1731 collocatus
3283 1692 3313 1731 a
3345 1676 3476 1743 Deo,
3520 1694 3642 1731 cum
3685 1678 3741 1729 in

2158 1762 2355 1816 honore
2398 1771 2533 1817 esset
2564 1779 2674 1816 non
2699 1763 2962 1819 intellexit
2988 1765 3060 1831 ³⁸,
3090 1775 3145 1822 et
3174 1769 3436 1836 peccavit.
3465 1768 3524 1822 Si
3577 1771 3740 1840 igitur

464 1867 701 1930 ϐυλῶνος
739 1861 1007 1936 βασιλεύς.
1035 1863 1153 1915 Ἵνα
1183 1860 1238 1913 δὲ
1275 1858 1606 1929 σαφέστερον
1634 1855 1748 1929 ῐδῃς
1781 1854 1899 1918 πῶς
1927 1855 2050 1919 τοὺς

2155 1855 2264 1926 iam
2297 1855 2350 1909 in
2379 1856 2590 1912 honore
2612 1857 2964 1923 constitutus,
3003 1867 3057 1914 et
3093 1869 3319 1916 vocatus
3353 1861 3419 1915 ad
3454 1862 3740 1926 honorem,

467 1953 662 2015 πόνους
708 1948 1064 2022 Ἰερουσαλὴμ
1106 1947 1462 2019 ἁμαρτούσης
1495 1944 1913 2018 παραλαμϐάνει
1940 1945 2057 2000 Να-

469 2043 872 2116 ϐουχοδονόσορ,
907 2041 1289 2114 συγχρήσομαι
1319 2041 1430 2104 τοῖς
1461 2041 1520 2093 ὲν
1556 2039 1636 2110 τῷ
1675 2037 1935 2110 Ἰεζεκιὴλ
1975 2038 2055 2110 (5)

467 2135 896 2209 γεγραμμένοις..
943 2133 1115 2198 οὕτως
1159 2132 1411 2204 ἔχουσιν·
1474 2131 1532 2185 '0
1585 2129 1817 2196 δίκαιος
1863 2129 2056 2198 ὅσπερ

465 2226 576 2280 ἐὰν
605 2225 962 2294 ἀποστρέψῃ
985 2225 1105 2280 ἀπὸ
1137 2221 1257 2278 τῶν
1289 2221 1692 2278 δικαιοσυνῶν
1718 2221 1930 2286 αὑτοῦ,
1955 2221 2057 2276 καὶ

465 2314 692 2386 ποιήσῃ
726 2314 1118 2384 παράπτωμα,
1149 2316 1222 2368 οὐ
1246 2312 1334 2384 μὴ
1361 2309 1793 2383 μνησθήσομαι
1821 2309 1944 2364 τῶν
1967 2309 2056 2364 δι-

462 2409 800 2464 καιοσυνῶν
871 2407 1060 2462 αὐτοῦ
1081 2401 1169 2461 ὧν
1194 2405 1467 2474 ἐποίησε.
1494 2403 1594 2457 Διά
1617 2403 1669 2457 τί
1693 2421 1708 2470 ;
1733 2403 1923 2466 Πάσας
1946 2402 2057 2473 γὰρ

458 2499 806 2564 δικαιοσύνας
837 2499 936 2564 τὰς
987 2499 1124 2571 μετὰ
1156 2499 1320 2553 πόνου
1353 2497 1657 2569 γενομένας
1688 2496 2058 2569 παραλαμϐά-

460 2611 540 2646 νει
590 2591 1083 2664 Ναϐουχοδονόσορ,
1137 2591 1232 2645 καὶ
1283 2590 1538 2660 ἀφανίσει
1583 2589 2057 2663 Ναϐουχοδονόσορ

461 2683 718 2753 βασιλεὺς
768 2682 1109 2745 Βαϐυλῶνος,
1158 2681 1252 2734 καὶ
1300 2681 1480 2734 πᾶσαν
1511 2679 1678 2752 τιμὴν
1709 2680 1811 2752 τῆς
1853 2681 2058 2752 Ἰερου-

464 2776 647 2847 σαλὴμ
679 2773 1121 2845 παραλαμϐάνει,
1153 2773 1244 2826 ὅτε
1277 2771 1354 2844 (4)
1401 2771 1714 2842 ἅνθρωπος
1769 2772 2059 2844 γενόμενος

463 2869 527 2924 ὲν
551 2868 688 2938 τιμῇ
721 2866 828 2920 ύπδ
855 2864 1015 2929 Θεοῦ,
1051 2865 1145 2918 καὶ
1168 2865 1239 2918 ἐν
1269 2863 1409 2934 τιμῇ
1445 2864 1530 2919 ὢν
1563 2867 1634 2919 οὐ
1663 2862 1920 2933 συνῆκε,
1963 2863 2058 2918 καὶ

462 2961 734 3032 ἥμαρτεν.
793 2958 922 3012 Ἐὰν
958 2955 1052 3012 οὖν
1079 2959 1181 3030 ἠδη
1228 2960 1285 3012 ὲν
1317 2960 1450 3030 τιμῇ
1498 2956 1574 3013 ὢν
1604 2959 1700 3018 καὶ
1728 2957 1948 3029 κληθεὶς

465 3054 547 3115 είς
577 3051 677 3121 τὴν
701 3050 885 3121 τιμὴν,
920 3049 1082 3103 πάλιν
1114 3049 1338 3102 σεαυτὸν
1371 3048 1458 3102 διὰ
1491 3047 1618 3102 τῶν¹
1633 3047 2056 3119 ἁμαρτημάτων

463 3143 726 3215 ὑϐρίσῃς,
752 3143 850 3213 τὴν
879 3140 1042 3212 τιμὴν
1065 3139 1166 3210 τῆς
1198 3139 1554 3211 Ἰερουσαλὴμ
1582 3138 2000 3210 παραλαμϐάνει
2027 3141 2056 3192 6

2158 1961 2353 2003 rursus
2381 1947 2658 2017 peccando
2688 1957 2740 2004 te
2767 1949 3033 2005 dedecore
3055 1949 3325 2015 all'eceris,
3360 1951 3622 2006 honorem
3652 1952 3741 2008 Je-

2159 2039 2395 2094 rusalem
2431 2040 2629 2112 abripit
2651 2057 2744 2097 rex
2771 2041 3124 2113 Babylonius.
3161 2043 3228 2097 Et
3258 2060 3436 2098 omnes
3465 2045 3739 2100 thesauros

2156 2131 2293 2202 regis
2319 2129 2464 2185 Iuda
2489 2132 2556 2187 ⁸¹.
2598 2130 2806 2202 Opibus
2829 2133 3001 2189 allluit
3025 2133 3352 2200 Jerusalem,
3392 2136 3487 2191 sed
3530 2137 3573 2191 si
3609 2153 3738 2207 pec-

2158 2223 2383 2289 caverit,
2430 2225 2720 2280 thesauros
2773 2225 2895 2296 ejus
2935 2226 3080 2296 capit
3109 2225 3460 2299 Babylonius.
3493 2226 3562 2282 Et
3597 2231 3741 2282 arri-

2155 2315 2298 2384 pien't
2324 2331 2430 2379 eos,
2459 2325 2508 2370 et
2535 2319 2743 2387 capient
2766 2331 2876 2383 eos,
2911 2327 2960 2373 et
2983 2319 3172 2374 ducent
3195 2335 3281 2375 eos
3306 2323 3364 2375 in
3393 2321 3738 2392 Babylonem.

2160 2402 2228 2456 Et
2263 2414 2342 2470 tu,
2385 2404 2643 2471 Pascltor,
2674 2415 2723 2460 et
2762 2421 2938 2460 omnes
2979 2406 3278 2462 habitantes
3321 2410 3376 2463 in
3421 2409 3578 2463 domo
3624 2420 3738 2474 tua,

2157 2497 2301 2552 ibitis
2333 2499 2388 2551 in
2417 2500 2778 2567 captivitatem
2807 2501 2862 2554 in
2895 2500 3240 2570 Babylonem,
3267 2513 3316 2556 et
3358 2503 3432 2557 ibi
3471 2505 3741 2570 morieris,

2157 2600 2205 2643 et
2233 2590 2304 2642 ibi
2325 2591 2595 2660 sepelieris
2623 2593 2691 2645 δ’.
2721 2591 2828 2658 Qui
2857 2593 2910 2646 in
2943 2592 3266 2650 confusione
3294 2597 3742 2666 deprehenditur;

2160 2680 2213 2735 in
2243 2680 2518 2753 Babylone
2555 2683 2809 2738 moritur.
2850 2682 2954 2750 Qui
3003 2700 3112 2739 non
3141 2695 3225 2741 est
3260 2698 3482 2756 paratus
3525 2691 3740 2759 sepeliri

2159 2789 2283 2828 cum
2323 2774 2566 2841 Christo,
2593 2775 2682 2831 hic
2724 2776 2777 2830 in
2810 2775 3084 2847 Babylone
3112 2780 3389 2848 sepelitur.
3415 2779 3566 2837 Licet
3594 2783 3738 2837 enim

2158 2867 2384 2936 pulchre
2423 2882 2549 2922 cum
2599 2867 2825 2922 Christo
2877 2869 3093 2939 sepeliri
3128 2871 3182 2924 in
3213 2871 3556 2941 baptismate,
3582 2875 3740 2942 juxta

2159 2956 2292 3011 illud
2314 2957 2363 2989 ⁸³
2394 2975 2408 3011 :
2444 2955 2747 3027 Consepulti
2767 2975 2951 3012 smnus
2974 2975 3092 3012 eum
3125 2959 3354 3024 Christo,
3391 2971 3439 3016 et
3471 2965 3632 3018 simul
3659 2983 3742 3019 re-

2156 3049 2486 3102 nrreximus
2512 3065 2631 3102 cum
2664 3065 2744 3104 eo.
2779 3048 2934 3104 Sicut
2961 3052 3286 3122 mysterium
3309 3062 3393 3108 cst
3425 3070 3550 3109 cum
3578 3058 3740 3112 Chri-

2160 3145 2246 3191 sto
2281 3138 2523 3208 sepeliri,
2552 3139 2624 3192 it’a
2659 3151 2764 3193 non
2793 3140 2909 3194 sine
2944 3139 3250 3211 iniquitatis
3290 3146 3550 3214 mysterio
3580 3162 3738 3216 sepe-

462 3204 1099 3302 Βκϐυλιθνιοςβασιλεύς·
1124 3204 1233 3285 kal
1260 3204 1630 3300 πάντας-’ρετ
1655 3204 2050 3298 τοὺςΙΘησαυ-

2161 3229 2290 3284 litur
2333 3204 2588 3300 peccator
2638 3231 2691 3284 in
2744 3204 3054 3303 Babylone:
3092 3232 3164 3286 Et
3203 3204 3402 3301 omnes,
3458 3204 3738 3306 inquiti“,

454 3326 608 3394 ροὺς
656 3323 964 3390 ,βασιλέως
1025 3323 1234 3379 Ἰούδα.
1287 3323 1516 3376 Πλουτεί
1561 3323 1594 3392 ἡ
1666 3321 2049 3393 Ἰερουσαλὴμ,

459 3419 577 3473 ἀλλ’
613 3418 708 3471 ἐὰν
748 3416 992 3490 ἁμάρτῃ,
1025 3417 1152 3479 τοὺς
1180 3415 1488 3486 θησαυροὺς
1530 3413 1700 3485 αὐτῆς
1732 3413 1998 3485 λαμϐάνει
2023 3416 2052 3466 6

462 3510 819 3572 Βαϐυλώνιος.
865 3510 974 3562 Καὶ
1003 3507 1366 3576 διαρπῶνται
1409 3506 1483 3578 (6)
1515 3506 1757 3572 αὐτοὺς,
1789 3505 1888 3559 καὶ
1937 3505 2051 3574 λή-

460 3605 677 3671 ψονται
723 3601 965 3667 αὐτοὺς,
1011 3600 1110 3654 καί
1161 3599 1422 3665 ἄξουσιν
1466 3599 1691 3665 αὐτοὺς
1733 3601 1822 3665 εἰς
1859 3600 2049 3652 Βαϐυ-

459 3694 643 3750 ⁸πῶν-οι.
679 3694 788 3748 Kal
815 3693 898 3748 σὺ
925 3691 1206 3762 Πασχὼρ,
1242 3693 1341 3746 καί
1367 3691 1590 3756 πάντες
1619 3692 1672 3743 oi
1701 3687 2050 3743 κατοικοῦν-

463 3804 561 3854 τες
586 3788 656 3840 ἐν
681 3785 760 3852 τῷ
804 3786 947 3852 οἴκῳ
975 3800 1092 3839 σου
1138 3785 1512 3852 πορεύσεσθε
1554 3783 1624 3834 ἐν
1671 3779 2051 3850 αἰχμαλωσίᾳ

462 3881 550 3941 εὶς
599 3877 960 3941 Βαϐυλῶνα,
1010 3875 1182 3931 κάκεῖ
1223 3871 1520 3942 ἀποθανῇ,
1567 3873 1741 3928 κάκεῖ
1783 3871 2047 3940 ταφήσῃ.

471 3973 533 4027 Ὀ
589 3975 649 4025 ὲν
710 3970 971 4042 συγχύσει
1027 3967 1604 4039 καταλαμϐανόμενος,
1656 3967 1715 4018 ὲν
1769 3962 2050 4016 Βαϐυλῶνι

2161 3323 2321 3376 amici
2365 3323 2444 3376 uti
2466 3323 2597 3376 illuc
2633 3322 2846 3377 ebibitis
2875 3323 3063 3394 quibus
3104 3326 3428 3394 prop/:e’t'asti
3455 3330 3529 3381 eis
3574 3329 3737 3398 falsa.

2158 3413 2263 3481 Qui
2295 3415 2436 3470 male
2480 3415 2870 3485 interpretatur
2914 3418 3134 3472 oracula
3167 3417 3334 3490 259
3368 3418 3480 3482 Dei,
3510 3430 3566 3475 et
3605 3436 3735 3490 pro-

2158 3506 2406 3576 pheticos
2439 3521 2724 3562 sermones
2757 3507 2922 3562 mittit
2961 3507 3020 3562 in
3051 3517 3403 3577 cataractam,
3433 3512 3480 3565 is
3514 3511 3735 3580 quidem

2159 3599 2469 3668 prophetat,
2497 3598 2590 3652 sed
2620 3598 2908 3667 prophetat
2940 3597 3100 3655 falsa.
3125 3597 3336 3654 Etenim
3365 3603 3458 3672 qui
3498 3603 3739 3673 explicat

2156 3687 2508 3757 propheticus
2543 3693 2846 3754 sermones,
2890 3687 2938 3743 si
2964 3703 3031 3742 ex
3072 3689 3300 3745 veritate
3328 3692 3573 3762 exponit,
3620 3695 3737 3764 ipse

2157 3777 2321 3831 etiam
2366 3776 2674 3846 prophetat,
2701 3783 2757 3830 et
2803 3776 3091 3845 prophetat
3116 3791 3276 3844 vera;
3305 3779 3351 3834 si
3395 3796 3528 3836 vero
3576 3799 3734 3839 men-

2160 3865 2312 3932 titur,
2363 3865 2534 3920 lalsus
2577 3865 2842 3934 pr0pheta
2894 3873 3000 3933 est,
3054 3881 3335 3924 sermones
3385 3871 3738 3941 propheticus

2158 3959 2485 4029 depravatis.

462 4066 816 4138 ἀποθνήσκει.
861 4065 972 4120 Καὶ
1014 4065 1043 4118 6
1099 4063 1358 4128 ἐναντίως
1415 4059 1756 4132 διακείμενος
1813 4059 1891 4130 τῷ
1933 4054 2329 4112 συνθάπτεσθαι
2386 4053 2466 4126 τῷ
2511 4053 2753 4127 Χριστῷ,
2816 4048 2970 4118 οὗτος
3012 4057 3071 4110 ὲν
3119 4057 3399 4113 Βαϐυλῶνι
3447 4061 3731 4120 θάπτεται.

466 4162 621 4215 Ἐστι
664 4161 775 4233 γὰρ
805 4161 898 4214 καὶ
945 4161 1181 4232 ταφῆναι
1214 4157 1353 4230 μετὰ
1384 4153 1623 4228 Χριστοῦ
1660 4155 1840 4218 καλῶς
1875 4153 1962 4208 διά
2003 4151 2098 4206 τοῦ
2141 4149 2534 4222 βαπτίσματος,
2581 4148 2724 4202 κατὰ
2758 4148 2854 4202 τό·
2881 4148 3311 4220 Συνετάφιημεν
3351 4151 3432 4218 τῷ
3477 4156 3732 4222 Χριστῷ,

461 4255 562 4309 καί
607 4255 1073 4325 συνανέστημεν
1103 4252 1283 4320 αὐτῷ.
1323 4253 1412 4316 Ὠς
1445 4251 1747 4324 μυστήριόν
1776 4252 1891 4304 ἐστι
1935 4248 2274 4318 συνταφῆναι
2334 4245 2413 4316 τῷ
2463 4245 2704 4316 Χριστῷ,
2744 4243 2889 4298 οὕτω
2925 4246 3222 4317 μυστήριόν
3268 4248 3386 4301 ἐστι
3431 4251 3573 4305 κατὰ
3607 4253 3728 4309 ἀνο-

469 4349 599 4418 μίαν
627 4349 918 4420 γενόμενον
953 4350 1046 4402 ἐπὶ
1073 4348 1152 4421 τῷ
1183 4348 1509 4420 ἁμαρτωλὸν
1541 4347 1671 4403 ὄντα
1702 4347 1936 4417 ταφῆναι
1973 4347 2054 4408 εἰς
2091 4340 2404 4396 Βαϐυλῶνα·
2464 4343 2572 4395 Καὶ
2619 4341 2863 4410 πάντες,
2919 4341 3105 4412 φησὶν,
3140 4344 3197 4395 οί
3247 4344 3414 4412 φίλοι
3451 4360 3569 4401 σου
3609 4350 3736 4404 ἐκεῖ

459 4439 895 4507 ἀπελεύσεσθε,
932 4435 1023 4508 οἷς
1062 4439 1524 4510 ἐπροφήτευσας
1571 4438 1777 4504 αὐτοῖς
1823 4435 2042 4508 ψευδῆ.
2095 4437 2152 4489 '0
2190 4434 2547 4509 διηγούμενος
2579 4431 2765 4496 κακῶς
2814 4433 2882 4487 τὰ
2932 4433 3086 4502 λόγια
3130 4433 3226 4489 τοῦ
3267 4435 3424 4503 Θεοῦ,
3475 4438 3572 4493 καὶ
3608 4443 3736 4508 τοὺς

461 4535 834 4604 προιρητικοὺς
879 4533 1073 4603 λόγους
1105 4534 1315 4606 βάλλων
1345 4535 1425 4599 εἰς
1473 4533 1888 4605 καταρῤἀκτην,
1941 4530 2274 4604 προφητεύει
2309 4531 2408 4602 μὲν
2461 4520 2635 4594 οὗτος,
2695 4529 3027 4600 προφητεύει
3080 4530 3138 4583 δὲ
3198 4529 3408 4604 ψευδῆο
3441 4534 3736 4607 διηγούμε-

461 4647 553 4694 νος
600 4631 709 4702 γάρ
737 4647 820 4694 τις
848 4631 974 4695 τοὺς
1003 4632 1376 4704 προφητικοὺς
1404 4631 1617 4700 λόγους,
1657 4629 1752 4684 ἐὰν
1799 4629 1898 4700 μὲν
1941 4627 2200 4699 ἀληθεύῃ.
2245 4627 2341 4680 καὶ
2389 4624 2550 4688 αὐτὸς
2595 4623 2947 4694 προφητεύει,
3009 4625 3103 4679 καὶ
3144 4626 3477 4698 προφητεύει
3534 4629 3730 4701 ἀληθῆ.

459 4722 520 4774 Ei
554 4722 608 4775 δὲ
634 4721 908 4792 ψεύδεται,
938 4722 1390 4795 ψευδοπροφήτης
1433 4722 1549 4775 ἐστὶ
1577 4719 2046 4790 καταψευδόμενος
2082 4718 2191 4772 τῶν
2219 4717 2394 4785 λόγων
2421 4715 2528 4768 τῶν
2563 4713 2934 4788 προφητικῶν.

530 4815 640 4869 Καὶ
673 4815 738 4887 δὴ
775 4815 1084 4869 τετέλεσται
1118 4816 1151 4887 ἡ
1212 4816 1310 4886 μία
1350 4815 1646 4886 περικοπὴ,
1701 4813 1800 4885 ἤδη
1845 4812 1902 4864 δὲ
1952 4811 2047 4865 καὶ

2226 4810 2312 4864 15.
2341 4807 2461 4864 Jam
2495 4808 2741 4863 absoluta
2787 4818 2870 4865 est
2899 4810 3048 4879 prior
3082 4812 3284 4867 sectio:
3308 4814 3534 4868 alteram
3564 4816 3729 4871 modo

458 4907 558 4978 τῆς
604 4907 864 4979 δευτέρας
902 4906 1217 4980 ἀρξώμεθα.
1275 4906 1388 4960 Καὶ
1429 4906 1540 4979 γὰρ
1579 4905 1690 4977 ἔχει
1735 4904 2040 4976 πράγματα

458 4999 661 5064 εὐθέως
685 5000 794 5054 ἀπὸ
822 4999 924 5070 τῆς
957 4997 1181 5072 πρώτης
1203 4998 1421 5066 λέξεως,
1461 5001 1522 5053 ού
1551 5000 1621 5054 τὰ
1648 4999 1895 5070 τυχόντα.
1927 4997 2041 5051 Καὶ

463 5090 823 5162 προσέχοντες
870 5093 936 5162 τῇ
980 5089 1124 5154 λέξει
1169 5089 1331 5144 πάλιν
1389 5091 1703 5162 αἰτήσωμεν
1749 5089 1906 5159 ἥκειν
1949 5087 2040 5141 τὸν

467 5181 712 5256 Ἰησοῦν,
761 5184 856 5238 καὶ
910 5182 1338 5255 ὲπιφανέστερόν
1393 5199 1454 5236 τε
1512 5182 1606 5235 καὶ
1659 5181 2041 5253 λαμπρότερον

453 5273 612 5345 ἥκειν
648 5275 812 5329 αὐτὸν
836 5273 1265 5348 παρακαλῶμεν,
1293 5273 1380 5327 ἴνα
1411 5271 1582 5327 ἐλθὼν
1613 5271 1802 5344 διδάξῃ
1831 5272 2042 5334 πάντας

454 5368 623 5439 ἡμᾶς,
655 5369 883 5442 πότερον
912 5367 1192 5441 ἀληθεύων
1215 5367 1397 5436 ἔλεγεν
1431 5369 1459 5420 6
1481 5368 1786 5439 προφήτης,
1810 5364 1886 5428 ὼς
1915 5363 2045 5436 πρέ-

454 5460 504 5589 ἴ
542 5463 738 5589 Εὲεειι.
764 5481 922 5532 xvnl,
949 5465 1039 5520 Ἡ.
1118 5465 1164 5497 ⁸⁸
1195 5464 1396 5520 Psalm.
1425 5480 1614 5529 XLVIII,
1650 5464 1738 5519 15.

495 5549 552 5589 x.
619 5573 636 5589 .

453 5545 552 5600 XX,
579 5545 636 5589 6.

651 5631 722 5685 Ἦ
747 5631 1114 5703 ἁμαρτωλός.
1142 5630 1284 5700 Lege
1312 5627 1379 5703 ᾗς
1408 5632 1440 5702 ἡ
1473 5629 1816 5703 ἁμαρτωλός.

530 5697 605 5771 (2)
651 5704 730 5755 “II
756 5697 1088 5770 γενομένων
1127 5697 1534 5771 Ἰερουσαλήμ.
1565 5697 1709 5768 Lego
1741 5715 1866 5754 eum
1893 5697 2030 5755 Ghi-

458 5770 641 5831 slerio,
678 5771 786 5824 τῶν
815 5771 1121 5840 γενομένων
1147 5774 1204 5826 ὲν
1243 5770 1621 5842 Ἰερουσαλήμ.

528 5842 606 5914 (3)
639 5844 818 5898 Codex
854 5842 1109 5909 Seorial.,
1145 5843 1201 5895 ἐν
1231 5841 1416 5914 γραφῇ
1461 5841 1732 5913 Ίεξςκιήλ.

1816 5464 1858 5494 ³⁵⁸
1887 5460 2091 5517 Jercm.
2125 5476 2216 5526 xx,
2250 5459 2304 5514 ὅ.

2147 4901 2516 4972 anspicemur.
2541 4899 2792 4969 Namque
2827 4901 2947 4972 ipso
2976 4903 3158 4957 statim
3194 4905 3350 4959 initio
3382 4905 3728 4962 difﬁcultates
3783 4930 3795 4942 -

2147 5010 2255 5048 non
2296 4994 2548 5065 vulgares
2578 4994 2839 5048 continet.
2873 4994 2953 5049 Ad
2991 4995 3226 5050 litteram
3257 4999 3500 5052 animum
3548 5009 3727 5054 atten-
3787 4991 3791 4995 ’

2145 5084 2356 5149 dentes,
2407 5084 2603 5138 lterum
2655 5092 2902 5152 petamus
2945 5085 3137 5140 adesse
3179 5085 3389 5151 Jesum,
3438 5090 3726 5158 ipsumque

2145 5174 2346 5230 clarius
2375 5183 2427 5229 ct
2454 5174 2800 5230 manifestius
2834 5177 3090 5232 advenire
3115 5194 3402 5247 precemur
3417 5189 3477 5234 ut
3499 5181 3725 5237 veniens

2147 5283 2338 5322 omnes
2369 5283 2470 5322 nos
2491 5268 2740 5333 edoceat,
2781 5277 2965 5324 utrum
2996 5285 3059 5325 ea
3091 5287 3213 5341 quae
3237 5281 3542 5343 sequuntur
3571 5274 3726 5328 dixe-

2145 5361 2217 5415 rit
2246 5361 2508 5432 propheta
2531 5377 2678 5428 vere,
2709 5372 2870 5432 prout
2895 5364 3047 5418 decet
3068 5364 3134 5419 de
3157 5367 3417 5435 propheta
3448 5367 3722 5438 cogitare;

2421 5459 2468 5490 ⁸¹
2501 5459 2631 5515 ibid.
2656 5461 2714 5528 5,
2746 5460 2802 5516 6.
2917 5461 2965 5498 ³³
2996 5461 3154 5517 Rom.
3191 5479 3275 5534 νι,
3299 5464 3354 5519 4.
3441 5462 3492 5496 ⁸⁸
3513 5463 3719 5524 Jerem.

2211 5625 2285 5695 (ί)
2310 5623 2493 5695 Codex
2529 5622 2804 5689 Vatlcan.,
2841 5625 2943 5695 ὅτι.

2213 5693 2290 5770 (εξ)
2323 5694 2488 5770 Ideni,
2527 5695 2640 5770 Γϐῃς
2668 5695 2728 5770 έν
2753 5698 2882 5770 τιμῇ
2913 5693 2988 5770 ῶν
3011 5694 3364 5770 καὶῄβληθείς.

2215 5767 2292 5837 (6)
2326 5765 2630 5821 Ghislcrius
2667 5765 2895 5836 legebat.
2927 5765 3308 5838 διαρπάζουσι.
