4122 6430
391 364 493 414 turi

1875 362 2201 421 (illlGLNS

3542 370 3650 426 496

386 492 457 533 an
495 494 626 535 vero
646 481 783 538 falsa
821 485 1123 555 scripserit,
1151 485 1293 556 quod
1342 485 1409 540 de
1457 486 1716 557 prephcta
1772 495 1956 541 sancte

2067 499 2156 534 πει
2179 483 2318 535 νοεῖν
2343 481 2470 553 περὶ
2495 482 2796 554 προφήτου,
2853 482 2920 537 τὰ
2961 478 3107 554 ἑξῆς,
3146 482 3177 555 ἢ
3219 481 3567 554 ψευδόμενος
3623 486 3653 538 δ

389 570 542 626 nefas
564 583 645 629 est
675 590 939 631 asserere.
973 577 1062 631 Ait
1090 586 1269 633 autem
1296 577 1361 632 ad
1400 576 1569 633 Deum
1589 580 1636 611 ”
1662 597 1676 634 :
1701 578 1965 648 Decepisti

389 678 492 723 me,
530 663 767 732 Domine,
792 676 840 719 et
874 667 1117 736 deceptus
1143 683 1297 732 sum;
1322 667 1600 722 obtinuisti
1621 680 1669 723 et
1706 669 1963 737 potuisti;

390 756 563 823 factus
601 774 715 810 sum
746 760 799 811 in
833 760 1088 825 derisum,
1123 769 1233 814 tota
1273 762 1360 815 die
1387 763 1709 831 perseveravi
1736 763 1962 815 subsan-

386 854 583 911 nalus;
616 850 742 919 quia
785 867 970 904 antaro
999 852 1150 904 rerbo
1186 869 1297 905 meo
1344 854 1524 907 ridebo
1567 854 1965 923 prwvaricatio-

388 954 525 1001 nem,
554 949 605 992 et
649 942 917 994 miseriam
962 943 1250 1007 invocabo;
1298 946 1423 1014 quia
1472 947 1645 1015 factus
1688 955 1765 1000 est
1793 963 1964 1001 sermo

387 1030 602 1084 Domini
634 1031 689 1084 in
720 1034 1051 1098 opprobrium
1098 1035 1248 1098 mihi,
1277 1048 1326 1087 et
1356 1037 1410 1089 in
1439 1038 1669 1091 derisum
1705 1048 1815 1092 tota
1857 1038 1960 1092 die.

388 1119 456 1172 Et
491 1122 609 1175 dixi
645 1134 666 1175 .'
694 1121 815 1177 Non
848 1124 1130 1177 nominabo
1162 1140 1347 1179 nomen
1376 1127 1611 1192 Domini,
1637 1146 1729 1182 uec
1772 1128 1963 1200 loquar

386 1214 529 1268 ultra
560 1215 614 1268 in
644 1217 856 1270 nomine
901 1216 1091 1283 ipsius.
1137 1215 1205 1269 Et
1239 1217 1415 1287 {actus
1450 1228 1529 1274 est
1568 1221 1624 1273 in
1655 1222 1810 1274 corde
1851 1236 1962 1274 meo

384 1307 540 1375 quasi
569 1308 708 1377 ignis
735 1308 948 1369 ardens,
975 1323 1131 1360 urens
1162 1309 1215 1360 in
1246 1311 1450 1363 ossibus
1481 1313 1647 1375 meis;
1670 1322 1716 1365 et
1741 1312 1965 1365 dissolu-

387 1409 471 1451 tus
510 1414 626 1451 sum
676 1400 924 1468 undique,
963 1408 1010 1454 et
1044 1416 1145 1453 non
1181 1416 1394 1470 possunt
1422 1403 1591 1472 ferre;
1628 1404 1753 1473 quia
1784 1404 1961 1458 audivi

384 1491 821 1559 uituperationem
879 1492 1164 1546 multorum
1217 1505 1651 1564 congregatarum
1700 1496 1954 1566 undique,

388 1581 690 1636 dicentium
719 1583 1000 1638 Videlicet:
1031 1582 1293 1639 lnsultate
1324 1597 1371 1639 et
1401 1586 1710 1641 iusultemu;
1744 1589 1796 1641 in
1819 1605 1959 1655 eum,

388 1674 484 1725 riri
519 1675 680 1728 amici
728 1675 881 1743 ejus;
912 1677 1179 1732 observate
1215 1686 1434 1730 mentem
1473 1677 1615 1746 ejus,
1643 1678 1691 1731 si
1734 1678 1960 1748 decipie-

386 1775 511 1829 tur;
539 1776 589 1819 et
630 1766 1030 1836 pra’ralebimus
1066 1768 1137 1833 ei,
1167 1776 1217 1820 et
1249 1783 1515 1821 sumemus
1545 1769 1833 1823 vindictam
1863 1785 1959 1823 no-

2066 574 2129 627 οὗ
2171 573 2389 644 θεμιτὸν
2446 574 2624 643 λέγειν
2668 577 2797 648 περὶ
2829 578 3110 649 προφήτου
3162 575 3339 645 ἁγίου.
3376 576 3541 646 Λέγει
3595 578 3653 632 δὲ

2067 665 2201 736 πρὸς
2230 662 2318 716 τὸν
2346 664 2494 719 Θεόψ
2539 660 2877 734 Ἡπάτησᾶς
2921 684 3020 736 με,
3076 669 3273 736 Κύριε,
3308 670 3408 723 καὶ
3428 671 3652 739 ἠπατή-

2066 757 2200 821 θην·
2230 754 2594 824 ἐκράτησας,
2631 757 2728 810 καὶ
2803 756 3161 826 ὲδυνάσθης.
3206 761 3532 831 Ἐγενόμην
3561 765 3652 831 εἰς

2064 838 2315 909 γέλωτα,
2350 840 2557 896 πᾶσαν
2579 841 2694 910 τὴν
2717 843 2953 913 ’ἡμέραν
3001 844 3314 901 διετέλεσα
3364 866 3655 919 μυκτηρι-

2064 929 2324 1001 ζόμενος·
2358 933 2447 987 ὅτι
2467 934 2658 1004 πικρῷ
2686 937 2849 1005 λόγῳ
2866 954 2986 1006 μου
3017 938 3347 1009 γελάσομαι
3370 941 3647 1010 ἀθεσίαν,

2064 1023 2162 1077 καί
2179 1027 2582 1093 ταλαιπωρίαν
2602 1027 3051 1098 ἐπικαλέσομαν
3082 1030 3169 1083 ὅτι
3194 1031 3452 1102 ἐγενήθη
3479 1036 3515 1088 ό
3539 1036 3648 1089 λό-

2064 1133 2169 1185 γος
2192 1117 2411 1185 Kvpt'ov
2438 1120 2524 1184 εἰς
2549 1118 2893 1189 ὀνειδισμὸν
2938 1122 3091 1191 ἐμοὶ,
3147 1124 3246 1177 καί
3297 1126 3649 1196 χλευασμὸν

2064 1204 2271 1260 πᾶσαν
2321 1207 2571 1277 ἡμέραν,
2625 1211 2724 1263 καὶ
2780 1207 2921 1265 εἶπα
2943 1229 2957 1242 ·
3024 1216 3097 1268 οὐ
3123 1215 3210 1284 μὴ
3269 1216 3542 1285 ὀνομάσω
3571 1216 3639 1271 τὸ

2064 1298 2251 1368 ὄνομα
2279 1303 2520 1368 Κυρίου,
2554 1300 2650 1355 καί
2675 1303 2746 1355 οὐ
2772 1303 2858 1372 μὴ
2882 1303 3137 1370 λαλήσω
3161 1305 3249 1359 ἔτι
3279 1304 3379 1360 ἐπὶ
3409 1305 3487 1372 τῷ
3514 1307 3642 1360 ὀνό-

2057 1407 2200 1460 ματι
2236 1391 2456 1459 αὐτοῦ,
2492 1393 2592 1446 καὶ
2633 1392 2870 1462 ἐγένετο
2919 1396 2991 1449 ἐν
3018 1396 3092 1464 τῇ
3152 1397 3366 1466 καρδίῃ
3417 1416 3535 1467 μου
3566 1400 3643 1464 ὡς

2064 1478 2185 1545 πῦρ
2216 1482 2610 1550 φλεγόμενον,
2638 1481 2815 1536 καῖον
2840 1483 2910 1538 ἐν
2941 1484 3065 1550 τοῖς
3091 1485 3325 1553 ὀστέοις
3347 1505 3487 1556 μου.
3531 1489 3641 1543 Kal

2063 1569 2335 1639 παρεῖμαι
2362 1570 2681 1637 πάντοθεν,
2722 1573 2821 1627 καὶ
2869 1576 2941 1629 οὐ
2994 1575 3252 1647 δύναμαι
3298 1579 3523 1647 φέρειν,
3552 1579 3643 1635 ὅτι

2064 1658 2301 1729 ἤκουσα
2323 1663 2519 1732 ψόγον
2542 1663 2790 1718 πολλῶν
2832 1664 3378 1737 συναθροιζομένων
3408 1669 3641 1725 κύκλω-

2062 1755 2185 1817 θεν,
2245 1753 2338 1807 καὶ
2385 1753 2650 1823 λεγόντων
2709 1754 2971 1825 δηλονότι·
3041 1758 3444 1827 Ἐπισύστητε
3465 1800 3480 1824 ,
3540 1761 3640 1816 καὶ

383 1866 551 1911 stram
589 1835 655 1912 ea:
693 1874 772 1912 eo.
822 1857 954 1925 Quze
993 1875 1117 1915 cum
1171 1859 1246 1914 illi
1288 1858 1540 1915 dicereut
1568 1901 1582 1924 ,
1633 1859 1784 1914 addit
1829 1875 1956 1931 pro-

2059 1839 2481 1912 ἐπισυστῶμεν
2520 1843 2612 1896 ἐπ’
2636 1844 2798 1911 αὐτῷ
2826 1844 3042 1913 ἄνδρες
3087 1848 3255 1915 φίλοι
3299 1847 3507 1902 αὐτοῦ.
3540 1851 3640 1917 Tn-

382 1949 542 2017 pheta
579 1966 591 2003 :
634 1949 890 2004 Dominus
917 1960 1092 2004 autem
1116 1967 1318 2006 mecum
1340 1951 1495 2022 quasi
1521 1950 1747 2005 bellator
1778 1952 1955 2021 fortis.

2057 1931 2285 2002 ρήσατε
2322 1933 2441 2004 τὴν
2487 1936 2764 1990 ἐπίνοιαν
2813 1937 3001 1992 αὐτοῦ
3060 1939 3115 1993 εἰ
3162 1938 3636 2007 ἀπιστηθήσεται.

384 2038 597 2095 Idcirco
626 2042 884 2110 persecuti
922 2050 1067 2107 sunt,
1106 2052 1157 2097 et
1196 2042 1488 2113 intelligere
1511 2058 1614 2097 non
1653 2052 1967 2112 potuerunt,

382 2129 591 2199 confusi
620 2139 743 2183 sunt
786 2130 974 2197 valde;
1000 2143 1145 2201 quia
1182 2147 1284 2186 non
1313 2131 1685 2186 intellexerunt
1728 2135 1959 2205 ignomi-

383 2223 499 2276 nias
520 2238 668 2289 suas,
696 2239 813 2293 quce
846 2238 939 2293 per
960 2222 1213 2277 mculum
1255 2240 1359 2277 non
1383 2223 1663 2278 tradentur
1682 2224 1954 2281 oblivioni.

384 2309 510 2366 llzec
542 2318 627 2366 est
652 2310 821 2365 altera
855 2325 981 2382 pars
1007 2309 1280 2366 lectionis.
1319 2310 1610 2378 Quomodo
1638 2310 1804 2381 igitur
1834 2324 1960 2381 pro-

382 2402 542 2472 pheta
566 2403 700 2458 dicit
728 2421 741 2457 :
774 2402 1034 2474 Decepisti
1069 2418 1169 2469 me,
1194 2402 1433 2469 Domine,
1459 2418 1509 2458 et
1541 2406 1783 2474 deceptus
1813 2403 1960 2459 sum!

381 2491 602 2549 Deusne
631 2492 877 2564 decipit?
899 2492 1204 2561 Quamnam
1232 2495 1363 2550 huic
1385 2494 1624 2549 sermoni
1650 2508 1959 2565 congruen-

380 2591 489 2638 tem
523 2585 916 2656 expositionem
945 2585 1180 2641 tribuam
1224 2586 1437 2657 ignoro.
1469 2584 1527 2641 Si
1552 2584 1698 2640 enim
1732 2592 1957 2656 propter

383 2674 551 2732 Deum
580 2684 637 2732 et
661 2677 886 2733 verbum
931 2677 1054 2749 ejus
1083 2676 1288 2750 aliquid
1320 2677 1374 2732 iu
1422 2677 1527 2733 hoc.
1573 2684 1722 2731 testu
1772 2674 1955 2743 video,

380 2782 504 2836 qua:
548 2768 800 2823 dicentur
847 2767 1031 2823 sobrie
1084 2767 1381 2823 admodum
1435 2766 1755 2838 proferenda
1803 2776 1952 2823 sunt.

381 2858 519 2914 Cum
545 2860 717 2930 decipi
763 2860 876 2929 jam
909 2859 1166 2917 desiisset
1189 2859 1476 2931 propheta,
1508 2860 1641 2916 dicit
1679 2878 1694 2914 :
1735 2858 1957 2927 Decepi-

379 2951 454 3007 sti
482 2967 586 3017 me,
625 2950 861 3018 Domine,
892 2965 941 3005 et
973 2951 1215 3005 decentus
1247 2967 1385 3019 sum,
1415 2950 1572 3019 quasi
1607 2950 1739 3022 ipsis
1766 2950 1959 3021 primis

383 3043 710 3099 rudimentis
761 3043 1047 3110 initiatus,
1091 3042 1547 3114 introductusqne
1593 3042 1790 3099 inisset
1826 3056 1953 3098 cum

380 3134 715 3205 deceptione,
748 3148 926 3205 neque
955 3132 1192 3204 potuerit
1226 3133 1453 3201 initiari,
1478 3134 1544 3189 ad
1578 3134 1949 3205 pietatemque

381 3224 596 3280 institui
627 3232 687 3279 ut
711 3225 907 3280 deinde
930 3224 1214 3279 seductum
1242 3239 1300 3279 se
1330 3234 1671 3295 agnosceret,
1704 3225 1758 3281 ni
1799 3226 1953 3298 prius

378 3315 743 3387 deciperetur.
796 3313 947 3371 Satis
991 3323 1177 3370 autem
1227 3315 1331 3369 erit
1372 3314 1588 3386 aliquod
1643 3317 1951 3387 exemplum

380 3407 577 3463 aﬂ‘erre
599 3406 745 3477 quod
777 3407 843 3461 ad
879 3406 1192 3462 institutum
1223 3419 1530 3461 sermonem
1560 3406 1849 3462 conducat.
1880 3405 1955 3463 Ut

380 3515 580 3571 pueros
612 3500 975 3570 alloquamur,
1012 3499 1224 3570 agimus
1253 3506 1307 3553 et
1346 3499 1448 3569 ipsi
1493 3514 1715 3570 pueros,
1746 3509 1799 3555 et
1844 3517 1952 3555 non

379 3603 637 3664 tanquam
670 3589 941 3663 perfectos
984 3590 1337 3661 alloquimur,
1377 3592 1472 3646 sed
1505 3599 1764 3661 tanquam
1792 3592 1959 3663 260

380 3697 582 3755 pueros
643 3682 929 3754 disciplina
985 3682 1308 3750 indigentes.
1380 3679 1692 3751 Decipimus
1749 3697 1952 3753 pueros

382 3779 657 3846 terrendo,
700 3787 760 3834 ut
798 3778 1004 3834 dociles
1042 3778 1191 3833 liant.
1226 3776 1517 3834 Terremus
1555 3793 1754 3850 pueros
1797 3780 1957 3836 dece-

379 3871 580 3945 ptionis
609 3871 791 3926 verbis
824 3871 891 3925 ad
921 3868 1225 3924 infantilem
1256 3878 1469 3925 aetatem
1505 3871 1952 3937 accommodatis,

381 3972 441 4016 ut
471 3961 788 4032 deceptione
829 3971 1032 4015 metum
1070 3960 1204 4030 ipsis
1245 3960 1599 4022 incutiamus,
1636 3960 1955 4031 possintque

381 4057 742 4125 praeceptores
782 4069 878 4109 eos
924 4053 1231 4117 instituere,
1259 4067 1505 4118 monere,
1533 4060 1588 4107 et
1623 4066 1687 4106 ea
1735 4068 1858 4123 qua:
1886 4053 1952 4109 ad

380 4147 596 4202 illorum
632 4145 934 4217 profectum
969 4154 1217 4216 spectant
1247 4159 1523 4216 peragere.
1571 4141 1773 4200 Omnes
1799 4144 1954 4214 pueri

378 4254 574 4295 sumus
622 4237 754 4305 Deo,
797 4246 854 4293 et
901 4236 1225 4293 educatione
1274 4250 1570 4306 puerorum
1621 4234 1949 4307 indigemus.

295 4353 303 4377 ι
378 4331 504 4387 Ideo
549 4346 779 4401 parcens
828 4328 989 4384 nobis
1041 4326 1185 4383 Deus
1233 4326 1437 4395 decipit
1486 4339 1610 4388 nos,
1652 4324 1780 4381 licet
1830 4336 1955 4381 ante

379 4433 595 4490 tempus
636 4423 893 4491 deceptos
932 4433 1035 4475 nos
1084 4437 1192 4476 non
1246 4421 1576 4483 sentiamus,
1613 4434 1681 4475 ne
1727 4420 1884 4490 quasi
1923 4435 1954 4475 e

2060 2025 2174 2082 Kal
2208 2026 2594 2099 δυνησόμεθα
2645 2027 2825 2095 αὐτῷ,
2878 2029 2976 2082 καί
3006 2032 3322 2100 ληψόμεθα
3348 2031 3464 2101 τὴν
3481 2032 3642 2087 ἐκδι-

2058 2135 2240 2186 κησιν
2269 2118 2440 2190 ἡμῶν
2481 2120 2552 2186 ἐξ
2614 2120 2825 2175 αὑτοῦ.
2875 2120 3036 2176 Ἀλλὰ
3068 2120 3241 2175 ταῦτα
3291 2123 3514 2180 ἱκείνων
3552 2124 3639 2178 λε-

2058 2208 2261 2276 γόντων
2293 2208 2462 2279 φησὶν
2494 2210 2523 2263 ό
2558 2210 2863 2281 προφήτης·
2909 2209 3020 2264 Καὶ
3075 2211 3291 2279 Κύριος
3335 2214 3464 2281 μετ’
3491 2213 3639 2283 ἐμοῦ

2056 2294 2252 2362 καθὼς
2273 2295 2556 2366 μαχητὴς
2587 2298 2835 2366 ἰσχύων.
2878 2297 2983 2352 Διά
3011 2298 3187 2353 τοῦτο
3225 2300 3501 2367 ἐδίωξαν,
3535 2303 3636 2357 καί

2056 2384 2277 2454 νοῆσαι
2308 2388 2419 2440 οὐκ
2444 2386 2768 2455 ⁴ἠδύναντο,
2813 2386 3218 2455 ᾐσχύνθησαν
3264 2388 3342 2459 (l)
3374 2389 3637 2459 σφόδρα,

2060 2475 2149 2529 ὅτι
2197 2478 2308 2531 οὐκ
2364 2476 2632 2545 ἐνόησαν
2682 2476 2921 2546 ἀτιμίας
2947 2476 3166 2543 αὐτῶν,
3213 2476 3279 2533 a1
3318 2478 3394 2533 δι’
3419 2478 3637 2547 αἰῶνος

2059 2574 2171 2627 οὐκ
2201 2570 2735 2640 ὲπιλησθήσονται.
2770 2570 2920 2642 Αὕτη
2950 2571 2984 2642 ἡ
3032 2570 3308 2643 περικοπή
3341 2572 3376 2643 ἡ
3407 2571 3635 2644 δευτέρα

2054 2663 2150 2718 τοῦ
2179 2662 2625 2734 ἁναγνὼσματος..
2671 2661 2796 2728 Πῶς
2824 2659 2918 2717 οὖν
2945 2662 3096 2731 λέγει
3128 2664 3158 2716 ὁ
3194 2665 3498 2735 προφήτης,
3537 2664 3633 2718 Ἠ-

2057 2754 2335 2824 πάτησάς
2392 2772 2507 2825 με,
2591 2755 2802 2823 Κύριε,
2878 2753 2979 2809 καί
3045 2754 3423 2823 quasdam-,-
3501 2755 3634 2821 Θεδς

2055 2847 2272 2918 ἀπατᾷς
2303 2846 2429 2910 Πῶς
2466 2846 2808 2917 οἰκονομήσω
2830 2844 2923 2899 τδν
2956 2844 3114 2915 λόγον
3158 2845 3372 2918 ἀπορῶ⁶
3396 2846 3497 2902 MV
3522 2848 3633 2919 Υᾲρ

2056 2934 2145 2989 διὰ
2185 2936 2277 2989 τὸν
2299 2935 2432 2989 Θεὸν
2466 2937 2560 2991 καὶ
2590 2934 2683 2989 τὸν
2709 2934 2867 3004 λόγον
2922 2934 3087 2990 αὑτοῦ
3116 2934 3306 3007 βλέπω
3336 2953 3390 2991 τι
3414 2938 3497 3003 εἰς
3535 2938 3633 2993 αὐ-

2056 3028 2168 3093 τὸν,
2225 3030 2540 3100 οἰκονομίας
2594 3028 2767 3083 δεῖται
2816 3028 3069 3098 γενναίας
3116 3028 3187 3082 τὰ
3234 3028 3630 3103 λεχθησόμενα.

2057 3121 2414 3192 Παυσάμενος
2433 3119 2529 3174 τοῦ
2559 3119 2877 3175 ἀπατᾶσθαι
2908 3119 3056 3189 λέγει
3118 3121 3148 3173 ό
3182 3122 3490 3194 προφήτης,
3548 3124 3635 3178 Ἠ-

2054 3210 2337 3280 πάτησὰς
2356 3229 2453 3281 με,
2479 3212 2680 3280 Κύριε,
2742 3212 2843 3266 καί
2871 3209 3207 3280 ἠπατήθην.
3254 3212 3339 3276 Ὠς
3365 3213 3463 3283 τῆς
3490 3228 3633 3265 στοι-

2055 3300 2327 3374 χειώσεως
2389 3304 2483 3358 καὶ
2550 3304 2865 3375 εἰσαγωγῆς
2934 3303 3308 3374 γεγενημένης
3363 3302 3514 3374 αὑτῷ
3568 3304 3629 3356 ὲν

2054 3394 2258 3469 ἀπάτῃ,
2287 3396 2382 3449 καὶ
2441 3395 2515 3468 μὴ
2561 3396 2842 3468 δυναμένῳ
2897 3394 3046 3466 αὐτῷ
3108 3391 3503 3465 στοιχειωθῆναι
3530 3393 3625 3447 καὶ

2055 3484 2372 3555 εἰσαχθῆναι
2435 3486 2515 3549 εἰς
2566 3484 2896 3548 θεοσέϐειαν,
2957 3484 3043 3537 ἵνα
3070 3484 3179 3557 ἥκῃ
3201 3482 3419 3554 ὕστερον
3441 3482 3534 3534 ἐπὶ
3563 3481 3625 3535 τὸ

2058 3575 2391 3648 συνησθῆναι
2421 3576 2520 3646 τῆς
2548 3575 2789 3648 ἀπάτης,
2819 3575 2913 3629 ἐὰν
2935 3575 3016 3647 μὴ
3061 3575 3324 3646 πρότερον
3346 3573 3621 3645 ἀπατηθῇ.

2068 3668 2251 3739 Ἀρκεῖ
2286 3667 2343 3720 δὲ
2368 3667 2533 3738 μόνον
2578 3666 2925 3741 παράδειγμά
2952 3684 3004 3720 τι
3038 3668 3210 3720 εἰπεῖν
3251 3666 3521 3738 χρήσιμον
3549 3666 3627 3728 εἰς

2054 3758 2123 3813 τὰ
2157 3757 2511 3830 προκείμενα.
2538 3758 2779 3822 Παιδίοις
2811 3756 3075 3828 λαλοῦμεν
3107 3756 3329 3827 ἄγοντες
3381 3755 3451 3810 τὰ
3499 3772 3633 3811 παι-

2053 3850 2160 3916 δία,
2186 3851 2415 3922 καὶούχ
2471 3850 2548 3915 ὡς
2595 3850 2821 3913 τελείοις
2879 3848 3163 3920 λαλοῦμεν.
3217 3848 3354 3903 Ἀλλ’
3385 3848 3461 3913 ὡς
3504 3865 3632 3903 παιο

2053 3942 2186 4005 δέοις
2216 3942 2491 4013 δεομένοις
2518 3942 2617 4014 τῆς
2650 3941 2985 4005 παιδεύσεως
3017 3937 3286 4012 λαλοῦμεν
3307 3941 3514 4008 αὐτοῖς,
3536 3941 3630 3994 καὶ

2054 4032 2352 4106 ἀπατῶμεν
2378 4033 2445 4087 τὰ
2490 4034 2675 4090 παιδία
2708 4034 3000 4104 φοϐοῦντες
3022 4033 3092 4089 τὰ
3132 4034 3340 4099 παιδία,
3371 4034 3461 4088 ἱνα
3489 4033 3631 4089 παῦ-

2057 4142 2214 4197 σηται
2250 4127 2351 4197 τῆς
2384 4128 2440 4180 ὲν
2467 4128 2652 4181 παισὶν
2703 4126 3081 4190 ἀπαιδευσίας,
3125 4125 3220 4179 καλ⁵
3247 4114 3521 4196 φοϐοῦμεν
3555 4125 3628 4182 τὰ

2055 4217 2242 4271 παιδία
2276 4218 2495 4290 ἀπάτης
2524 4218 2715 4287 λόγους
2763 4219 3011 4288 λέγοντες
3039 4217 3127 4272 διὰ
3178 4216 3239 4271 τὸ
3271 4218 3629 4288 ὑποκεῖμενον

2055 4311 2119 4379 τῇ
2146 4308 2427 4379 νηπιότητι
2457 4308 2656 4373 αὐτῶν,
2685 4309 2771 4363 ἵνα
2798 4309 2886 4364 διὰ
2922 4309 3022 4379 τῆς
3052 4308 3266 4379 ἀπάτης
3311 4309 3627 4381 ποιήσωμεν

2054 4401 2195 4455 αὑτά
2253 4399 2592 4473 φοϐηθῆναι,
2649 4401 2742 4455 καὶ
2793 4400 3145 4464 διδασκάλους
3198 4399 3475 4471 φοιτῆσαι,
3532 4399 3627 4453 καὶ

378 4515 568 4587 pueris
610 4513 1036 4577 excesserimus,
1072 4511 1219 4567 haud
1265 4511 1600 4580 deceptione,
1650 4512 1742 4566 sed
1789 4512 1950 4567 rebus

2057 4491 2407 4560 ἀπαγγεῖλαι,
2433 4490 2528 4544 καὶ
2564 4489 2787 4560 ποιῆσαι
2835 4490 2903 4543 τὰ
2958 4488 3316 4543 ἐπιϐάλλοντα
3372 4489 3623 4560 προκοπῇ

382 4609 517 4680 ipsis
556 4606 895 4664 crudiamur.
930 4603 1102 4659 Aliter
1133 4610 1311 4658 metus
1355 4602 1525 4672 puero
1558 4602 1820 4672 injicitur,
1852 4604 1953 4658 ali-

383 4711 453 4754 ter
488 4699 561 4754 illi
593 4699 687 4769 qui
718 4695 979 4769 grandior
1004 4702 1088 4749 est
1119 4705 1171 4748 et
1201 4708 1366 4762 supra
1410 4693 1672 4763 puerilem
1704 4702 1949 4761 aetatem;

382 4807 490 4847 non
520 4791 664 4845 enim
689 4802 914 4861 possum
944 4801 1040 4857 per
1062 4784 1437 4857 deceptionem
1472 4784 1622 4839 illum
1657 4785 1949 4853 instruere,

380 4894 443 4939 ut
491 4883 638 4939 dicat
675 4879 955 4950 decipiens
989 4876 1131 4932 Deus
1169 4893 1184 4932 :
1222 4874 1487 4929 Erudiam
1534 4890 1621 4929 eos
1664 4875 1720 4929 in
1762 4876 1952 4930 auditu

381 4972 746 5031 tribulationis
785 4985 989 5025 eorum.
1033 4953 1317 5023 Adducam
1350 4965 1609 5021 historias
1640 4973 1699 5020 ut
1726 4966 1949 5036 probem

379 5066 656 5137 quomodo
695 5063 840 5123 Deus
886 5061 953 5117 ad
1002 5060 1233 5116 salutem
1285 5056 1541 5127 decipiat,
1591 5058 1952 5128 quaedamque

381 5158 640 5230 proferat,
669 5164 730 5210 ut
756 5152 970 5210 desinat
987 5157 1248 5226 peccator
1291 5162 1452 5219 agere
1499 5161 1623 5218 quae
1657 5157 1861 5217 ageret,
1895 5146 1951 5201 ni

381 5254 482 5310 hos
505 5261 560 5307 et
589 5252 687 5307 hos
711 5259 991 5304 sermones
1012 5242 1295 5298 audiisset.
1332 5239 1437 5306 Qui
1471 5239 1685 5294 dicebat
1709 5240 1756 5271 "
1790 5258 1807 5293 :
1841 5238 1954 5293 Ad-

382 5346 479 5398 λιιιε
508 5320 610 5400 tres
642 5341 778 5403 dies,
809 5347 859 5393 et
883 5335 1075 5392 Ninive
1097 5332 1449 5396 subvertetur,
1483 5346 1607 5387 vere
1628 5338 1726 5385 aut
1751 5328 1873 5386 ﬁcte
1901 5331 1953 5385 id

382 5431 802 5503 praenuntiabat,
816 5437 911 5484 aut
925 5426 1242 5498 deceptione
1259 5422 1512 5478 utebatur
1538 5421 1951 5478 conversionem

450 5548 498 5581 "
521 5545 722 5602 Jercm.
755 5560 850 5609 xx,
876 5543 907 5595 7
935 5549 989 5597 et
1033 5554 1148 5609 seq.
1225 5537 1273 5569 ⁵⁸
1307 5533 1433 5591 Jon.
1466 5550 1552 5602 tn,
1580 5534 1635 5590 4.

454 5656 531 5740 _(l)
570 5655 1018 5740 'tlozdnraqoar.
1044 5647 1355 5713 Cordcrius,
1385 5646 1674 5716 confortati
1699 5655 1843 5712 sunt,
1872 5646 1951 5702 lc-

384 5728 561 5795 gvhat,
597 5724 944 5795 ἰσχύνθησαν.

456 5785 623 5865 (iam
652 5785 782 5864 ’γὰρ
809 5785 1066 5859 δύναμαι
1119 5786 1192 5840 δι’
1224 5785 1480 5855 ἀπάτης,
1528 5796 1630 5841 etc.
1680 5786 1950 5857 Cnrrnpta

2055 4584 2303 4638 παιδίων.
2354 4582 2560 4647 Πάντες
2600 4582 2767 4654 ἐσμὲν
2815 4580 3001 4636 τιαιδία
3058 4580 3136 4653 τῷ
3188 4579 3329 4651 Θεῷ,
3368 4581 3462 4634 καὶ
3505 4575 3626 4635 δεό-

2056 4672 2194 4746 μεθα
2226 4671 2447 4743 ἀγωγῆς
2476 4670 2719 4725 παιδίων.
2763 4669 2863 4724 Διά
2896 4669 3055 4724 τοῦτο
3092 4672 3121 4725 ό
3148 4669 3282 4733 Θεὸς
3312 4668 3625 4740 φειδόμενος

2051 4770 2085 4840 ἡ
2096 4766 2210 4839 μῶν
2239 4767 2423 4837 ἀπατᾷ
2446 4764 2592 4836 ἡμᾶς
2616 4763 2709 4816 καὶ
2739 4764 2786 4815 εἰ
2839 4762 2913 4834 μὴ
2937 4762 3304 4833 αἰσθανόμεθα
3329 4762 3429 4833 τῆς
3477 4759 3624 4814 άπά-

2050 4878 2151 4933 της
2171 4857 2533 4934 πρδοκαιροῦ,
2561 4859 2648 4912 ἵνα
2696 4857 2770 4928 μὴ
2828 4856 2904 4921 ὡς
2958 4854 3398 4929 ὑπερϐεϐηκότες
3427 4851 3487 4908 τδ
3528 4852 3625 4924 νή-

2052 4970 2194 5017 πιον,
2235 4952 2432 5024 μηκέτι
2456 4951 2523 5005 δι’
2553 4950 2768 5022 ἀπάτης
2804 4946 3208 5019 παιδευώμεθα,
3238 4945 3374 5001 ἀλλὰ
3397 4944 3488 5000 διὰ
3515 4943 3628 5001 τῶν

2052 5045 2413 5119 πραγμάτων.
2455 5041 2662 5107 Ἀλλως
2718 5040 2782 5094 τὸ
2838 5039 3046 5095 παιδίον
3091 5039 3173 5104 εἰς
3218 5037 3382 5108 φόϐον
3408 5035 3621 5104 ἄγεται,

2052 5139 2226 5202 ἄλλως
2257 5137 2318 5191 τὸ
2352 5135 2629 5209 προκύψαν
2670 5136 2737 5205 τῇ
2760 5132 2966 5204 ἡλικίᾳ,
3010 5131 3106 5187 καὶ
3154 5130 3477 5202 διαϐεϐηκδς
3523 5127 3625 5199 τὴν

2052 5231 2308 5301 παιδικὴν
2357 5228 2592 5300 ήλικίαψ
2640 5228 2689 5280 εἰ
2727 5225 2833 5299 γὰρ
2887 5224 3122 5297 δύναμαι
3182 5224 3251 5278 δι’
3288 5222 3505 5294 ἀπάτης
3545 5219 3623 5291 (2)

2052 5322 2183 5378 αὐτὸ
2214 5321 2580 5390 παιδαγωγεῖν
2640 5317 2730 5371 ἵνα
2789 5316 2918 5389 εἴπῃ
2946 5318 2975 5371 ό
3020 5314 3245 5370 ἀπατῶν
3274 5311 3427 5378 Θεός·
3479 5314 3623 5368 Παι-

2052 5416 2247 5471 δεύσω
2269 5413 2489 5481 αὐτοὺς
2525 5411 2595 5465 ἐν
2623 5408 2699 5479 τῇ
2728 5407 2886 5479 ἀκοῇ
2917 5408 3030 5478 τῆς
3085 5408 3347 5478 θλίψεως
3400 5404 3622 5464 αὐτῶν.

2055 5642 2169 5697 iure
2192 5649 2339 5698 sunt.
2374 5654 2496 5706 qua:
2530 5638 2609 5692 its
2625 5635 2866 5692 sananda
2893 5631 3257 5706 relinquimus
3284 5631 3485 5706 quibus
3512 5643 3628 5700 κριο

2054 5711 2345 5781 τικώτερον
2380 5701 2499 5780 ῥῖνα
2523 5708 2749 5781 largitus
2777 5714 2860 5760 est
2891 5701 3062 5781 Dens.
3081 5701 3222 5781 Quid
3253 5702 3297 5755 si
3333 5701 3577 5781 lcgamns
3606 5716 3621 5753 :

2048 5784 2112 5835 ὀὗ
2150 5770 2266 5852 γὰρ’
2284 5770 2502 5833 δύναται
2531 5770 2847 5845 scenam;
2872 5772 3003 5828 αὐτὸ
3031 5770 3512 5840 παιδαγωγεῖσθαι.
