4122 6416
494 456 595 511 497

1617 446 1683 501 IN
1723 441 2067 501 JEllEMlAM
2111 440 2391 497 llOﬂlLlA
2432 440 2618 498 XVI".

3640 436 3745 496 498

495 573 757 644 Ἱστορίας
813 571 1201 643 παραθήσομαι
1266 567 1383 632 πῶς
1442 571 1471 622 6
1516 567 1647 631 Θεὸς
1681 567 1775 619 ἐπὶ
1820 563 2049 636 σωτηρίη

2165 571 2445 632 operante;
2479 576 2603 633 quae
2634 559 2920 617 conversio
2954 558 3000 615 si
3033 558 3325 627 subsecuta
3371 570 3479 627 non
3531 554 3745 619 fuisset,

480 665 687 737 ἀπατᾷ,
720 665 815 718 καὶ
843 663 1156 732 λέγειτινὰ,
1194 662 1284 716 ἵνα
1333 662 1611 731 παύσηται
1669 662 1697 714 6
1743 657 2067 730 ἁμαρτωλὸς

480 755 573 810 τοῦ
605 757 776 809 ποιεῖν
811 752 847 808 ἀ
875 753 1130 823 εποίησεν
1163 752 1249 815 ἂν,
1279 752 1328 805 εί
1354 750 1430 823 μὴ
1459 750 1688 821 ἠκηκόει
1713 745 1881 802 τῶνδέ
1904 761 2066 800 τινων

480 845 587 901 τῶν
619 845 813 915 λόγων.
855 844 914 898 '0
944 844 1140 915 λέγων,
1179 844 1305 897 Ἔτι
1362 842 1521 911 τρεῖς
1547 840 1787 911 ἡμέραι,
1838 837 1939 892 καὶ
1965 836 2064 889 Νι-

480 934 628 1005 mi;
667 931 1247 1004 καταστραφήσεται,
1271 929 1572 1003 ἀληθεύων,
1600 929 1634 1001 ἢ
1669 928 1893 983 ἀπατῶν
1925 925 2067 980 ἀπά-

478 1044 582 1099 την
614 1027 1072 1099 ἐπιστρέφουσαν,
1104 1025 1228 1095 ἥτις
1257 1024 1561 1094 ἐπιστροφὴ
1595 1024 1644 1076 εί
1673 1022 1747 1093 μὴ
1785 1020 2073 1090 ἐγεγόνει,

479 1119 665 1173 οὐκέτι
717 1119 901 1189 ἀπάτη
928 1112 1019 1190 ἦν,
1050 1115 1168 1171 ἀλλ’
1212 1115 1312 1188 ήδη
1364 1114 1589 1186 ἀλήθεια
1637 1112 1700 1165 τὸ
1750 1111 2061 1182 λεγόμενον,

481 1212 574 1265 καλ⁸
601 1207 671 1283 ἦν
691 1210 756 1265 ἂν
780 1209 1199 1280 ἀκολουθήσασα
1232 1205 1584 1279 καταστροφὴ
1605 1206 1671 1276 τῇ
1704 1205 1928 1274 Νινευῇο
1957 1198 2065 1256 Ἦν

480 1300 575 1354 ἐπὶ
600 1304 711 1364 τοῖς
743 1300 1025 1364 ἀκούουσι,
1056 1298 1089 1370 ἢ
1115 1300 1227 1361 τοῖς
1256 1296 1602 1367 ἀπατηθεῖσι,
1624 1296 1718 1349 καὶ
1744 1293 2064 1348 πιστεύσασι

483 1396 598 1456 τοῖς
629 1391 965 1463 λεγομένοις,
1014 1384 1089 1455 ὡς
1145 1388 1420 1461 ἀληθέσιν,
1478 1385 1925 1459 εύεργετηθῆναι,
1970 1384 2065 1437 καὶ

486 1484 562 1555 μὴ
595 1482 1142 1554 καταστραφῆναι·ἢ
1202 1482 1274 1553 μὴ
1335 1479 1621 1551 γινομένου
1672 1476 1908 1547 ἀληθοῦς
1967 1474 2061 1527 τοῦ

480 1575 796 1647 εἰρημένου,
833 1574 928 1627 καὶ
965 1574 1040 1646 μὴ
1073 1573 1450 1642 ἀπατηθεῖσιν,
1498 1569 1634 1623 ἀλλά
1668 1566 2061 1623 καταλαϐοῦσιν

480 1666 563 1721 δτι
593 1664 661 1719 τὰ
690 1664 954 1736 εἰρημένα
983 1665 1084 1717 οὐκ
1116 1663 1287 1729 ἔσται,
1322 1660 1734 1732 καταφρονῆσαι
1769 1658 1877 1713 τῶν
1908 1661 2061 1730 εἰρη-

483 1755 660 1825 μένων
690 1755 767 1818 ὼς
794 1754 1032 1823 ἀπάτης,
1065 1753 1160 1805 καὶ
1187 1751 1401 1815 παθεῖν,
1453 1748 1574 1818 οὐχὶ
1607 1747 1689 1811 τὸ,
1726 1748 1855 1800 Ἔτι
1906 1747 2062 1815 τρεῖς

475 1846 690 1915 ἡμέραι
710 1884 725 1908 ,
800 1846 900 1898 καὶ
972 1830 1211 1912 Nereth
1268 1840 1859 1909 xarao'tpasmie'srat,
1925 1839 2060 1894 ἀλλά

2163 651 2279 722 jam
2316 652 2463 706 nulla
2494 658 2614 707 erat
2649 649 2916 720 deeeptio,
2952 649 3047 705 sed
3085 663 3274 704 verum
3319 657 3437 703 erat
3478 645 3625 717 quod
3657 646 3741 703 di-

2169 740 2416 809 cebatur,
2469 750 2524 796 et
2562 749 2751 797 secuta
2791 740 2989 797 fuisset
3020 738 3214 794 Ninive
3262 738 3496 795 eversio.
3526 736 3653 791 Erat
3686 735 3745 793 in

2165 833 2396 888 arbitrio
2420 833 2896 900 audientium,seu
2924 832 3298 902 deceptorum,
3326 839 3381 885 et
3404 828 3743 893 credentium

2166 941 2293 980 vera
2347 941 2470 981 esse
2516 940 2639 994 qua:
2682 924 3024 989 dicebantur,
3065 923 3330 978 benellcio
3378 920 3515 977 allici
3552 930 3740 991 etnon

2166 1016 2442 1083 subverti;
2477 1024 2572 1071 aut
2606 1017 2651 1072 si
2684 1032 2871 1072 verum
2902 1032 3012 1072 non
3039 1026 3152 1072 erat
3179 1017 3325 1086 quod
3357 1014 3660 1077 dicebatur,
3686 1012 3741 1085 in

2166 1118 2433 1179 potestate
2461 1120 2578 1165 erat
2603 1124 2795 1164 eorum
2825 1109 2918 1180 qui
2945 1108 3238 1163 audiebant
3268 1123 3368 1163 nec
3399 1106 3745 1177 decipieban-

2169 1208 2276 1267 tur,
2307 1201 2401 1255 sed
2430 1201 2834 1271 cognoscebant
2859 1215 2985 1270 qua:
3009 1200 3154 1255 dicta
3187 1208 3364 1266 erant,
3392 1199 3597 1254 exitum
3630 1210 3741 1255 non

2167 1293 2446 1358 sortitura,
2472 1298 2587 1350 haec
2613 1302 2673 1348 ut
2697 1293 2911 1355 fallacia
2936 1303 3305 1357 contemnere,
3332 1300 3387 1345 ct
3407 1291 3603 1350 deinde
3628 1289 3738 1359 pati

2166 1401 2273 1441 non
2303 1387 2448 1457 quod
2493 1396 2610 1441 erat
2634 1386 2836 1442 dictant
2870 1405 2885 1441 :
2931 1386 3115 1441 Adhuc
3150 1394 3254 1438 tres
3301 1383 3431 1447 dies,
3462 1392 3511 1436 et
3549 1380 3739 1435 Ninive

2164 1477 2487 1531 subvertetnr
2507 1494 2526 1543 ;
2550 1478 2643 1533 sed
2667 1479 2841 1534 audeo
2862 1479 3042 1534 dicere
3086 1477 3254 1531 multa
3289 1475 3539 1546 graviora
3569 1488 3735 1543 quam

2164 1567 2307 1622 istud
2341 1585 2354 1621 :
2397 1568 2581 1622 Adhuc
2627 1576 2731 1622 tres
2772 1569 2904 1632 dies,
2951 1577 3000 1623 et
3046 1567 3238 1622 Ninive
3272 1565 3619 1631 subucrletnr.
3654 1563 3733 1617 Ex

2167 1657 2454 1727 hypotliesi
2485 1658 2629 1713 enim
2659 1658 2762 1712 nisi
2792 1658 3164 1727 paenitentiam
3194 1658 3432 1729 egissent
3461 1654 3734 1719 Ninivitw,

2134 1746 2421 1804 ~l'ortassis
2442 1749 2713 1804 evenisset
2744 1749 2875 1803 illud
2907 1767 2922 1803 :
2961 1749 3147 1805 Adhuc
3176 1760 3279 1803 tres
3304 1749 3437 1816 dies,
3461 1759 3509 1803 et
3544 1748 3736 1805 Ninive

2164 1838 2510 1893 subeuntur.
2544 1837 2647 1894 Sed
2684 1839 2875 1895 demus
2924 1839 3056 1894 illud
3088 1839 3352 1894 afuturum
3384 1855 3491 1894 non
3544 1839 3732 1903 fuisse,

475 1933 661 2005 τολμῶ
715 1932 809 1985 καὶ
838 1932 984 2002 λέγω
1013 1931 1191 2002 πολλῷ
1222 1929 1576 2002 χαλεπώτερα
1609 1929 1722 1983 τοῦ·
1762 1931 1883 1983 Ἔτι
1906 1930 2049 1998 τρεῖς

2164 1932 2318 2001 pejus
2348 1930 2496 1985 aliud
2539 1931 3071 1999 erenisset,.:etcrne
3116 1931 3227 2000 igni
3268 1932 3447 1989 traditi
3482 1931 3730 1988 fuissent.

476 2023 719 2093 ⁴ἡμέραι,
770 2023 868 2077 καὶ
924 2022 1148 2091 Νινευὴ
1189 2021 1767 2091 καταστραφήσεται.
1832 2025 1910 2095 Τῇ
1951 2024 2058 2097 γὰρ

477 2114 733 2169 ὑποθέσει
766 2115 1150 2187 ἡμαρτηκότες
1193 2117 1242 2169 εί
1305 2116 1380 2187 μὴ
1443 2117 1925 2188 μετενενοήκεισαν
1965 2118 2062 2170 Νι-

460 2209 707 2272 ,νευῖταμ
738 2208 876 2278 τάχα
904 2207 1022 2278 μὲν,
1060 2209 1185 2262 Ἔτι
1209 2207 1368 2276 τρεῖς
1421 2208 1656 2277 ἡμέραι,
1698 2210 1796 2263 καὶ
1831 2209 2057 2279 Νινευὴ

474 2298 1055 2369 καταστραφήσεται,
1082 2300 1309 2369 ἐγίνετο.
1352 2300 1493 2353 Ἀλλ’
1527 2300 1666 2354 ἔστω
1690 2301 1783 2354 ὅτι
1811 2301 1912 2354 οὐκ
1934 2301 2055 2370 ἐγί-

472 2403 594 2441 νετο
625 2388 765 2453 τόδε,
793 2389 982 2444 τούτου
1015 2393 1198 2463 χεῖρον
1227 2392 1457 2460 ἐγίνετο,
1488 2392 1621 2463 πυρὶ
1645 2392 1849 2463 αἰωνίῳ
1882 2411 2055 2465 παρε-

467 2476 690 2534 δίδοντο.
722 2480 821 2535 Διά
850 2481 1011 2536 τοῦτο
1054 2482 1187 2554 ἀλλη
1223 2482 1445 2547 κόλασις
1485 2482 1631 2537 κατὰ
1659 2483 1751 2537 τὸν
1786 2484 1949 2554 νόμον
1975 2484 2053 2537 εἴ·

470 2587 630 2642 ρηται
649 2576 762 2637 τοῖς
790 2573 865 2638 ὡς
892 2573 1127 2638 παιδίοις
1151 2575 1705 2645 παιδαγωγουμένοις·
1737 2569 1819 2638 οἷς
1847 2574 1904 2628 δὲ
1923 2570 2053 2647 ἦλθε

466 2660 530 2716 τὸ
560 2661 835 2736 πλήρωμα
866 2664 960 2718 τοῦ
984 2664 1199 2737 χρόνου,
1234 2664 1391 2720 ἄλλαι
1414 2664 1665 2729 κολάσεις
1696 2665 2050 2739 ἀναγεγραμ-

472 2752 629 2824 μέναι
656 2753 1141 2827 είσίνὶΣύγκρινθν
1175 2756 1274 2820 τὰς
1326 2756 1466 2811 κατά
1497 2757 1588 2810 τὸν
1611 2756 1775 2828 νόμον
1803 2757 2053 2824 κολάσεις

465 2842 809 2914 ἁμαρτωλῶν
860 2849 981 2913 ταῖς
1043 2846 1186 2902 κατά
1242 2846 1304 2901 τὺ
1374 2847 1691 2917 εὐαγγέλιον
1760 2848 2051 2905 κολάσεσιν

2161 2022 2502 2092 Quapropter
2531 2023 2636 2077 alia
2682 2023 2983 2078 secundum
3022 2022 3194 2093 legem
3244 2038 3404 2094 poma
3439 2026 3732 2081 constituta

2158 2125 2277 2169 erat
2305 2114 2372 2169 iis
2402 2114 2495 2184 qui
2538 2122 2798 2185 tanquam
2841 2115 2996 2185 pueri
3041 2115 3499 2183 instituebantur;
3533 2117 3734 2186 quibus

2161 2220 2289 2258 vero
2335 2205 2616 2275 plenitudo
2665 2206 2925 2276 temporis
2952 2206 3190 2272 advenit,
3226 2206 3344 2262 alia:
3388 2221 3565 2277 pinnae
3592 2209 3732 2263 assi-

2157 2307 2414 2370 gnantur.
2450 2298 2653 2367 (lonler
2687 2314 2782 2355 eas
2811 2315 2949 2369 quas
2985 2300 3071 2355 lex
3118 2301 3324 2370 irrogat
3353 2301 3731 2370 peccatoribus

2155 2406 2346 2460 pinnas
2394 2407 2517 2446 cum
2570 2392 2638 2447 iis
2685 2406 2823 2461 quas
2862 2392 3216 2463 Evangelium
3274 2394 3506 2462 imponit
3557 2394 3732 2447 deliti-

2153 2483 2468 2553 quentibus,
2500 2495 2555 2538 et
2594 2482 2803 2538 videbis
2836 2484 2959 2540 illos
2997 2491 3255 2553 tanquam
3296 2484 3530 2538 infantes
3559 2485 3738 2539 obuo-

2156 2574 2277 2629 xios
2319 2574 2490 2631 fuisse
2530 2591 2824 2646 poenarum
2871 2575 3056 2647 generi
3086 2574 3385 2630 infantibus
3413 2590 3729 2631 accommo~

2153 2670 2300 2735 date,
2359 2688 2460 2727 nos
2520 2683 2699 2727 autem
2762 2678 2823 2728 ut
2872 2680 3031 2728 aetate
3082 2669 3354 2742 pet-lectos
3402 2672 3573 2725 multo
3626 2672 3728 2725 du-

2153 2765 2392 2821 rioribus
2448 2766 2752 2837 subjaeere.
2808 2766 2866 2821 Si
2919 2765 3048 2836 quis
3108 2773 3238 2820 tunc
3300 2773 3420 2819 erat
3471 2764 3725 2832 adulter,

2152 2865 2247 2910 aut
2295 2855 2562 2920 adultera,
2612 2854 2663 2910 ei
2709 2870 2819 2910 non
2854 2854 3122 2925 gebeuna,
3158 2869 3266 2909 non
3297 2852 3438 2923 ignis
3487 2861 3726 2908 aeternus

467 2932 830 3004 ἁμαρτωλῶν,
870 2933 1325 3018 ὃψθμρᾏξκεϊνοι
1362 2939 1459 3009 μὲν
1489 2939 1565 3002 ὡς
1590 2941 1773 3010 νήπιοι
1811 2940 2049 3011 ήκουσαν

2150 2944 2307 3015 261
2362 2941 2755 3009 intentabatur,
2790 2943 2885 3000 sed
2929 2943 3200 3014 lapidibus
3236 2950 3354 2998 erat
3384 2942 3722 2997 obruendos.

468 3021 744 3079 κολάσεων
805 3022 1299 3109 ἐκείνοις-ιμέλςιὸις
1350 3028 1726 3101 ἀρμοζουσῶν,
1777 3031 1937 3102 ἡμεῖς
1992 3031 2048 3086 δὲ

2149 3034 2374 3105 Lapidet
2416 3051 2556 3101 eum,
2592 3035 2849 3106 inquit",
2883 3034 3053 3089 omnis
3085 3050 3375 3105 synagoga.
3406 3033 3609 3091 Abiens
3637 3034 3725 3090 di-

465 3113 543 3177 ὼς
601 3113 798 3169 τέλειοι
864 3115 966 3186 τὴν
1020 3112 1239 3187 ἠλικίαν
1290 3118 1564 3197 ἀκούομεν
1615 3119 1891 3175 κολάσεων
1944 3138 2046 3192 χα-

2149 3136 2232 3183 eet
2264 3128 2310 3183 is
2340 3128 2433 3198 qui
2463 3129 2516 3182 in
2545 3128 2629 3184 his
2662 3135 2908 3198 repertus
2942 3125 3109 3182 fuerit
3140 3127 3375 3193 adulter,
3407 3126 3494 3183 vel
3521 3142 3643 3198 qua:
3669 3127 3725 3181 in

464 3204 807 3278 λεπωτέρων.
864 3208 1070 3279 Μοιχδς
1139 3209 1187 3264 εἰ
1242 3194 1362 3263 τότε
1428 3211 1754 3282 γεγένηται,
1823 3213 1856 3284 ἦ
1922 3231 2043 3285 μοι-

2149 3218 2233 3274 his
2260 3194 2635 3289 deprenhensa
2667 3194 2831 3275 fuerit
2865 3219 3111 3275 adultera
3141 3237 3161 3273 τ
3189 3219 3417 3305 utinam}
3441 3194 3606 3275 etiam
3631 3234 3726 3274 su-

461 3297 650 3367 χαλὶς,
706 3300 739 3368 ἡ
780 3298 1010 3371 ἀπειλὴ,
1066 3300 1126 3355 οὔ
1185 3301 1417 3370 γέεννα,
1485 3302 1545 3355 οὐ
1610 3302 1721 3375 πῦρ
1785 3304 2034 3371 αἰώνιον,

2149 3322 2243 3377 per
2276 3325 2362 3364 me
2389 3325 2571 3366 sermo
2600 3309 2991 3367 istediceretur
3025 3328 3038 3365 :
3074 3311 3309 3382 populus
3338 3300 3612 3381 lapidibus
3638 3326 3726 3367 me

457 3386 595 3442 ἀλλά
630 3387 796 3452 λίθοις
845 3389 1342 3464 λιθοϐοληθήσεται.
1397 3395 1806 3462 Λιθοσοιιείτω,
1851 3399 2039 3470 φησὶν,

2149 3399 2419 3468 obrueret,
2455 3410 2507 3456 et
2555 3401 2624 3457 ad
2672 3402 2850 3474 ignem
2908 3403 3170 3458 aeternum
3229 3417 3338 3458 non
3391 3417 3718 3459 reservarer.

455 3476 645 3532 αὑτὸν
676 3476 846 3532 πᾶσα
877 3480 915 3548 ἡ
942 3481 1283 3551 συναγωγή.
1302 3482 1451 3554 Ἐρεί
1480 3482 1733 3538 ἀπελθὼν
1765 3488 1794 3540 6
1824 3487 1882 3540 ὲν
1921 3488 2043 3542 τού-

2149 3487 2278 3543 Reus
2307 3491 2453 3545 enim
2484 3491 2728 3562 gehennae
2757 3494 2893 3564 ignis
2925 3508 3034 3549 non
3061 3495 3238 3550 solum
3274 3495 3505 3564 adulter,
3530 3506 3719 3553 verum

455 3584 568 3632 τοις
613 3568 858 3641 εὑρεθεὶς
899 3570 1161 3644 μοιχὸς,ἣ
1204 3574 1261 3626 ὲν
1293 3572 1502 3637 τούτοις
1532 3575 1818 3646 εὑρεθεῖσα
1850 3592 2040 3651 μοιχα-

2149 3578 2302 3632 etiam
2323 3589 2378 3634 et
2398 3582 2490 3652 qui
2511 3581 2706 3636 dixerit
2728 3583 2889 3651 fratri
2916 3599 3036 3649 suo,
3070 3584 3238 3653 fatue.
3270 3583 3328 3639 Si
3363 3594 3542 3642 autem
3567 3588 3613 3643 is
3629 3590 3721 3659 qui

453 3659 570 3723 λίς·
606 3659 732 3713 Εἴθε
776 3661 871 3717 καὶ
914 3662 1000 3714 ἐπ’
1028 3662 1163 3733 ἐμοῦ
1201 3664 1230 3717 6
1271 3663 1427 3733 λόγος
1460 3667 1680 3736 spei-'0
1709 3667 1836 3733 λαὸς
1871 3669 2042 3736 λίθοις

2149 3671 2337 3724 dixerit
2377 3673 2536 3740 fratri
2579 3689 2697 3738 suo,
2732 3674 2897 3743 fatue,
2935 3691 3053 3729 reus
3088 3677 3189 3730 erit
3222 3677 3468 3748 geheunw
3496 3680 3631 3750 ignis
3647 3680 3717 3748 ⁸³,

457 3767 525 3823 με
549 3750 759 3815 ἔϐαλλε,
794 3752 886 3805 καὶ
931 3751 1006 3824 μὴ
1044 3753 1412 3825 τετηρημένος
1454 3756 1601 3828 ήμην
1630 3759 1711 3822 είς
1735 3759 1796 3811 τὸ
1823 3759 2038 3814 αἰώνιον

453 3841 850 3913 πῦρ.Ἔνοχος
890 3843 995 3913 γὰρ
1045 3845 1132 3910 εὶς
1160 3844 1274 3913 τὴν
1297 3844 1551 3916 γέενναν
1582 3848 1688 3902 τοῦ
1736 3849 1945 3917 πυρὸς,
1975 3852 2036 3904 ού

455 3933 614 4008 μόνον
644 3935 672 3987 6
706 3934 914 4005 μοιχὸς,
941 3932 1076 3988 ἀλλά
1111 3935 1205 3988 καὶ
1249 3938 1282 3990 ό
1326 3935 1509 3990 εἰπὼν
1545 3936 1625 4003 τῷ
1661 3936 1901 4010 ἀδελφῷ
1934 3941 2040 3995 αὐε-

450 4026 579 4090 τοῦ,
599 4025 776 4096 μωρέ.
809 4027 872 4080 Εἰ
900 4027 957 4081 δὲ
981 4029 1010 4082 6
1037 4027 1222 4081 εἰπὼν
1249 4028 1328 4095 τῷ
1352 4029 1595 4100 ἀδελφῷ
1618 4033 1826 4098 αὐτοῦ,
1849 4035 2031 4104 μωρὲ,

448 4117 662 4188 ἔνοχος
688 4116 860 4171 ἔσται
898 4120 986 4184 είς
1027 4117 1142 4188 τὴν
1171 4119 1422 4189 γέενναν
1449 4121 1555 4176 τοῦ
1587 4123 1799 4192 πυρὸς,
1844 4127 1872 4179 6
1914 4143 2034 4197 μοι-

2110 3762 2115 3784 ⁵
2139 3763 2351 3817 adulter
2379 3764 2535 3832 cujus
2564 3764 2668 3820 erit
2692 3766 3140 3824 reus?Gehenna
3174 3768 3316 3840 ignis
3355 3769 3503 3825 aliud
3530 3788 3718 3843 quaaro

2138 3853 2358 3922 gravius
2382 3855 2730 3925 supplicium,
2763 3865 2817 3912 et
2867 3856 3008 3913 forte
3050 3858 3156 3914 diei
3201 3868 3379 3931 potest
3413 3862 3715 3932 gehennam

2136 3943 2375 4013 peccatis
2401 3946 2651 4016 deputari
2682 3947 3067 4006 involuutariis
3089 3967 3212 4022 quzc
3230 3953 3436 4022 expiari
3463 3969 3714 4025 possunt.

2137 4032 2604 4100 Quemadmodum
2634 4038 2701 4094 de
2728 4039 2887 4095 bouis
2917 4040 3192 4110 j’ustorum
3217 4043 3475 4099 dicitur”
3498 4064 3514 4103 :
3535 4045 3602 4100 1η
3626 4065 3717 4101 cor

2134 4124 2362 4181 hominis
2397 4143 2501 4181 non
2532 4129 2880 4184 ascenderunt
2913 4148 3032 4202 qua:
3062 4136 3384 4204 praeparavit
3423 4136 3557 4191 Dens
3589 4139 3717 4192 dili-

448 4207 542 4279 χὸς
589 4209 693 4264 τίνι
733 4209 915 4280 ἔνοχος
962 4209 1116 4264 ἔσται
1141 4227 1155 4278 ;
1186 4210 1388 4276 Μεῖζόν
1415 4231 1468 4271 τι
1498 4212 1647 4287 ζητῶ
1676 4215 2033 4291 κολαστήριον

2149 4216 2371 4284 mitibus
2421 4234 2496 4283 se,
2530 4219 2602 4273 ita
2630 4236 2750 4290 qua:
2775 4222 3098 4291 praeparavit
3128 4226 3507 4294 peccatoribus
3538 4228 3712 4284 forni-

447 4301 548 4372 τῆς
574 4302 797 4374 γεέννης
829 4300 925 4356 τοῦ
961 4303 1160 4375 πυρός·
1194 4304 1290 4358 καὶ
1329 4304 1468 4377 τάχα
1505 4305 1713 4379 εἴποιμι
1757 4309 1846 4375 ἂν,
1883 4311 1964 4365 ὅτι
1996 4313 2030 4384 ή

2149 4306 2313 4370 aeriis,
2346 4317 2403 4362 et
2429 4309 2710 4377 adulteris,
2735 4312 2788 4366 in
2815 4327 2909 4367 eor
2934 4315 3171 4371 hominis
3194 4331 3300 4372 non
3323 4322 3710 4378 ascenderunt.

416 4388 421 4393 ’
446 4392 641 4461 γέεννα
666 4392 776 4447 τῶν
805 4392 1074 4448 ἀκουσίων
1103 4393 1203 4466 (1),
1234 4395 1341 4451 τῶν
1363 4396 1672 4470 δυναμένων
1692 4399 2030 4472 καθαρθῆναί

2149 4396 2341 4453 Etenim
2379 4398 2425 4454 si
2466 4416 2592 4456 reus
2634 4404 2727 4473 qui
2757 4404 2960 4461 dixerit
2996 4402 3151 4462 fratri
3181 4424 3303 4477 suo,
3334 4409 3502 4479 fatue,
3535 4416 3715 4486 majus

444 4482 590 4536 ἐστιν
621 4483 830 4556 Ὠσπερ
850 4482 914 4556 δὴ
930 4484 1146 4539 ἐπὶτῶν
1169 4486 1390 4556 ἀγαθῶν
1411 4487 1520 4542 τῶν
1543 4488 1765 4543 δικαίων
1787 4492 1879 4545 ἐπὶ
1901 4509 2035 4564 καρ-.

2149 4490 2375 4547 irolecto
2421 4494 2527 4547 erit
2572 4509 2638 4549 eo
2686 4498 2830 4567 quod
2884 4500 3134 4557 ascendit
3178 4503 3235 4558 iu
3276 4519 3392 4573 cor,
3428 4482 3709 4577 peceatum

441 4572 559 4626 δίαν
587 4573 873 4645 ἀνθρώπου
906 4577 1007 4631 οὐκ
1037 4576 1230 4651 ἀνέϐη,
1260 4577 1297 4633 ἆ
1343 4574 1639 4652 ἡτοίμασεν
1683 4582 1711 4635 6
1752 4583 1884 4648 Θεὸς
1912 4588 2049 4650 τοῖς

2149 4582 2338 4652 najora
2388 4586 2748 4654 peccantium.
2784 4588 2898 4662 Ego
2925 4591 3074 4648 aliud
3108 4595 3359 4665 gehennae
3402 4598 3579 4669 majus
3609 4616 3710 4655 ex-

439 4664 726 4734 ἀγαπῶσιν
753 4666 915 4721 αὐτόν
940 4686 954 4699 ·
985 4668 1157 4733 οὕτως
1190 4669 1231 4724 d
1272 4672 1562 4744 ἡτοίμασε
1606 4673 1731 4740 τοῖς
1760 4675 2025 4745 ἁμαρτω-

2149 4676 2369 4745 :ogi‘tare
2414 4693 2662 4748 nequeo,
2712 4681 2815 4737 sed
2853 4684 3017 4741 credo
3066 4687 3246 4760 majus
3293 4705 3417 4746 esse
3459 4692 3709 4763 gehenna

436 4754 572 4821 .Zol'c
609 4754 691 4821 τῷ
742 4759 1085 4828 πορνεύειν,
1135 4759 1217 4827 τῷ
1260 4765 1588 4834 μοιχεύειν,
1623 4765 1725 4819 ἐπὶ
1774 4767 2028 4837 καρδίαν

2149 4766 2271 4836 [uad
2306 4766 2568 4825 adulteris
2608 4781 2858 4841 paratum
2900 4785 3003 4832 est.
3034 4754 3183 4834 Idem
3213 4779 3338 4836 dico
3373 4781 3439 4837 de
3461 4754 3707 4855 vreliquis

436 4844 750 4943 ἀνθρώπου
775 4846 885 4902 οὐκ
910 4849 1115 4917 ἀνέϐη.
1138 4852 1202 4904 Εἰ
1225 4850 1335 4925 γὰρ
1352 4853 1535 4926 ἔνοχος
1562 4856 1771 4924 γίνεται
1799 4859 1827 4911 6
1855 4858 2024 4912 είπὼν

2149 4859 2387 4928 egalibus
2431 4861 2629 4931 pmni‘s,
2663 4865 2857 4936 hisque
2892 4867 3050 4924 aliine
3081 4869 3288 4927 dictum
3340 4844 3703 4943 apostolicum

434 4933 514 5005 τῷ
554 4935 766 5008 ἀδελφῷ
806 4937 995 5004 αὑτοῦ,
1047 4941 1230 5010 μωρέ·
1276 4942 1515 5015 δηλονότι
1550 4946 1732 5017 μεῖζόν
1776 4948 1893 5000 ἐστι
1925 4947 2020 5001 τοῦ

2149 4966 2366 5018 ssume,
2397 4955 2550 5023 quod
2573 4957 2743 5024 mihi,‘
2767 4958 2821 5014 si‘
2836 4974 3152 5030 peccavero,
3187 4968 3404 5033 pinnam
3436 4982 3545 5021 non
3577 4980 3706 5038 ορε-
3734 4988 3741 4993 ι

434 5025 815 5091 ἀναϐαίνοντος
849 5029 940 5082 ἐπὶ
979 5031 1208 5102 καρδίαν
1248 5033 1309 5085 τὸ
1349 5035 1736 5107 ἡμαρτημένον
1792 5041 1904 5101 τοῖς
1949 5038 2018 5092 τὰ

432 5116 649 5191 χείρονα
690 5119 1087 5193 ἡμαρτηκόσιν.
1123 5123 1198 5175 Ού
1226 5123 1461 5196 δύναμαι
1507 5126 1565 5181 δὲ
1606 5130 1796 5200 νοῆσαι
1832 5128 2014 5200 μεῖζόν

430 5232 485 5266 τι
528 5215 773 5287 γεέννης,
803 5215 937 5271 ἀλλά
981 5217 1141 5288 μόνον
1191 5219 1452 5286 πιστεύω,
1487 5221 1570 5276 ὅτι
1606 5222 1786 5294 μεῖζόν
1811 5224 1865 5277 τί
1894 5226 2016 5278 ἐστι

429 5304 676 5377 γεέννης,
724 5306 787 5360 τὸ
825 5308 1224 5380 ἡτοιμασμένον
1268 5314 1382 5376 τοῖς
1435 5313 1796 5383 μοιχεύουσιν.
1830 5314 2018 5380 Οὕτως

425 5393 659 5466 ἔρχομαι
708 5398 802 5450 καὶ
830 5399 922 5452 ἐπὶ
953 5398 1052 5462 τὰς
1088 5398 1281 5465 λοιπὰς
1310 5401 1408 5465 τάς
1437 5402 1578 5457 κατά
1611 5405 1701 5459 τὸν
1731 5407 1895 5478 νόμον
1923 5424 2017 5461 κο-

424 5482 632 5552 λάσεις,
662 5487 757 5541 καὶ
802 5488 1066 5560 λαμϐάνω
1094 5489 1238 5556 λέξιν
1269 5492 1632 5566 ἀποστολικὴν
1685 5498 2014 5569 συνᾴδουσαν

2124 5042 2214 5097 rit.
2266 5042 2535 5115 Deceptus
2577 5062 2721 5115 sum,
2764 5050 2889 5120 quia
2919 5052 3047 5107 nolo
3081 5054 3212 5110 illud
3244 5075 3258 5112 :
3296 5056 3558 5129 Decepisti
3601 5078 3701 5128 me,

2123 5131 2363 5202 Domine,
2399 5147 2449 5191 et
2498 5137 2742 5209 deceptus
2785 5158 2926 5211 sum,
2954 5144 3146 5201 volens
3179 5147 3315 5204 bene
3337 5149 3530 5221 decipi.
3560 5150 3701 5218 Quid

2118 5241 2285 5297 porro
2310 5228 2442 5285 dicit
2484 5231 2818 5302 Apostolus?
2856 5234 3080 5291 Irritam
3117 5241 3233 5309 quis
3286 5243 3487 5311 faciens
3534 5244 3698 5317 legem

2120 5319 2317 5391 Moysi,
2348 5323 2458 5377 sine
2483 5323 2597 5378 ulla
2627 5327 2984 5396 miseratione,
3015 5330 3218 5387 duobus
3249 5334 3326 5388 vel
3354 5336 3520 5392 tribus
3551 5341 3701 5393 testi-

2117 5410 2210 5466 bus
2241 5414 2499 5478 moritur;
2526 5426 2723 5485 quanto
2766 5419 2935 5489 magis
2964 5413 3163 5489 putatis
3193 5423 3456 5480 deteriora
3504 5433 3693 5485 mereri

2116 5505 2376 5575 supplicia
2399 5507 2491 5578 qui
2522 5506 2729 5563 Filium
2766 5509 2861 5565 Dei
2887 5512 3269 5570 conculcaverit
3287 5516 3358 5572 ὀἳ
3386 5515 3640 5590 Nomina,
3660 5538 3697 5577 ο

495 5688 542 5724 ⁸⁷
585 5689 758 5760 Levii.
788 5708 931 5763 sxw,
968 5696 1054 5752 M.
1130 5699 1177 5747 ⁸⁸
1213 5697 1404 5757 Matth.
1429 5718 1483 5769 v,
1514 5702 1606 5759 22.
1683 5707 1731 5738 ⁸⁸⁵
1770 5708 1943 5766 lCor.
1980 5726 2042 5779 ιι,

2208 5714 2252 5746 ⁸ο
2294 5712 2458 5769 llebr.
2488 5730 2542 5780 Χ,
2569 5716 2659 5781 ‘28,
2691 5716 2780 5772 29.

495 5855 575 5927 (1)
627 5858 686 5916 Ἡ
741 5859 951 5930 γέενιά
1009 5861 1124 5917 τῶν
1158 5863 1482 5923 ἀκουσίων.
1526 5868 1777 5929 Errorem
1839 5891 1999 5933 suum
2042 5876 2049 5931 i

2149 5886 2202 5933 at
2248 5867 2511 5949 Origenes
2542 5870 2619 5937 {de
2676 5882 2854 5952 plenis
2906 5881 3287 5943 damnatorum
3327 5895 3677 5961 temperabis.
