4122 6480
448 445 553 505 699

1911 447 2240 505 ORIGENIS

3576 449 3693 508 500

444 566 644 635 Paule,
704 569 1071 641 supplicium;
1104 568 1347 640 exprime
1396 568 1598 641 ipsum.
1643 568 1762 625 Non
1812 570 2002 633 dicam,

2117 568 2349 635 τούτοις,
2379 569 2473 625 καὶ
2500 567 2855 641 σιωπήσασάν
2878 583 2977 639 μου
3003 566 3102 639 τὴν
3123 563 3364 630 κόλασιν,
3394 562 3491 618 ἐάν
3519 563 3699 640 άμάρ-

443 660 619 731 inquit
648 679 664 716 :
697 662 875 732 majus
898 670 981 717 est
1022 661 1090 717 iis
1117 677 1240 732 quae
1264 661 1525 717 dicuntur
1550 663 1879 733 supplicium
1911 678 2011 719 eo-

440 766 562 806 rum
593 751 688 822 qui
733 752 787 807 in
835 752 1126 822 Evangelia
1154 761 1401 823 peccant,
1430 752 1608 824 majus
1653 753 1719 810 iis
1749 769 1874 824 qua:
1913 769 2013 809 au-

439 840 689 910 diuntur,
718 842 898 912 majus
929 843 998 899 iis
1025 857 1147 914 quae
1177 844 1580 913 excogitantur.
1617 842 1889 914 Propheta
1916 844 2011 914 qui

437 931 708 1001 audierat,
741 934 1020 1001 timuerat,
1048 934 1298 991 eruditus
1333 933 1529 997 fuerat,
1560 944 1616 989 et
1652 944 1839 1005 postea
1884 950 2011 1005 per-

2114 678 2214 720 τω.
2229 661 2447 734 Ἐπειδὴ
2475 662 2536 715 οὺ
2570 661 2709 716 θέλω
2743 660 2831 714 τό·
2874 657 3219 728 Ὴπάτησὰςι
3244 675 3349 728 με,
3383 659 3583 727 Κύριε,
3597 659 3697 715 και

2112 753 2452 824 ἡπατήθην,
2482 751 2924 827 παραδεξάμενος
2951 750 3296 822 ἀπατηθῆναι
3321 749 3522 815 καλῶς.
3547 751 3614 806 Τί
3640 752 3699 807 δὲ

2112 846 2258 918 λέγει
2283 847 2314 901 6
2344 844 2699 911 ’Δπόστολος;
2730 841 3046 910 Ἀθετήσας
3058 860 3146 908 τις
3167 844 3356 912 νόμον
3373 841 3696 911 Μωῢσέως,

2111 935 2293 1006 χωρὶς
2322 933 2637 1013 οἰκτιρμῶν
2650 932 2749 989 ἐπὶ
2771 931 2914 986 δυσὶ
2940 930 3036 986 καὶ
3054 929 3210 998 τρισὶ
3230 927 3535 999 μάρτυσιν
3551 929 3694 984 ἀπο-
3727 938 3733 947 ’

436 1023 687 1081 fectionis
735 1026 964 1096 gradum
1010 1027 1238 1097 adeptus
1279 1035 1416 1094 erat,
1447 1026 1725 1081 inducitur
1774 1034 1833 1081 ut
1878 1042 2002 1097 puer

2111 1025 2360 1093 θνήσκει
2380 1041 2395 1055 ο
2429 1026 2603 1092 πόσῳ
2631 1020 2857 1078 δοκεῖτε
2889 1020 3158 1091 χείρονος
3190 1018 3583 1086 ἀξιωθήσεται
3616 1037 3698 1073 τι-

400 1124 405 1127 ’
435 1114 624 1172 dicens
656 1135 670 1172 :
707 1115 967 1187 Decepisti
1004 1133 1106 1184 me,
1150 1116 1392 1181 Domine,
1414 1127 1464 1172 et
1494 1117 1738 1187 deceptus
1758 1133 1897 1172 sum.
1926 1116 2009 1171 Tu

434 1221 653 1278 quoque
682 1208 810 1262 dum
843 1222 976 1277 puer
1000 1223 1083 1272 es,
1120 1207 1301 1263 minas
1327 1207 1672 1278 pertimesce,
1700 1221 1768 1263 ne
1791 1221 1855 1261 ea
1888 1221 2009 1277 qua:

433 1314 601 1369 supra
648 1300 825 1354 minas
855 1306 1003 1363 sunt,
1037 1300 1281 1368 patiaris,
1309 1314 1503 1369 pmuas
1543 1306 1796 1361 mteruas,
1825 1298 2006 1368 ignem

434 1390 952 1461 iuexstinguibilem,
983 1392 1068 1445 vel
1094 1390 1324 1446 fortasse
1350 1389 1497 1445 aliud
1525 1389 1723 1460 majus,
1753 1389 1898 1460 quod
1923 1404 2009 1446 re-

434 1491 709 1537 servatum
745 1491 829 1537 est
864 1480 970 1537 illis
997 1482 1090 1552 qui
1124 1491 1319 1552 praeter
1360 1491 1561 1537 rectam
1588 1482 1855 1537 rationem
1884 1481 2008 1537 diu-

435 1572 543 1627 tius
565 1573 815 1628 vixerint.
849 1572 1094 1639 Quorum
1124 1575 1368 1629 ninnium
1406 1574 1542 1629 nihil
1575 1588 1817 1644 unquam
1841 1587 2007 1645 expe-

433 1660 664 1728 riamur,
686 1661 780 1717 sed
809 1663 862 1716 in
898 1663 1115 1717 Christo
1141 1660 1270 1717 Jesu
1299 1662 1682 1732 perfectionem
1707 1661 1888 1733 adepti
1915 1662 2006 1732 ju-

431 1752 748 1815 stilicemur,
776 1761 838 1808 ut
876 1753 1023 1824 digni
1069 1752 1269 1809 ﬁamus
1310 1753 1724 1810 celebritatibus
1767 1753 2006 1809 cmlesti-

2103 1118 2331 1187 μωρίας
2358 1118 2393 1171 ό
2419 1115 2525 1169 τὸν
2564 1116 2700 1171 nar
2731 1114 2838 1169 τοῦ
2866 1114 3014 1169 Θεοῦ
3048 1109 3479 1179 καταπατήσας
3497 1128 3518 1177 ;
3557 1111 3697 1165 Ὀνό-
3742 1157 3749 1185 ί

2112 1222 2307 1279 μασον,
2339 1202 2385 1263 ὧ
2440 1207 2643 1274 Παῦλε,
2674 1207 2773 1279 τὴν
2822 1206 3124 1278 τιμωρίανσ
3158 1199 3311 1260 εἷπον
3347 1202 3692 1275 αὑτήν.’Δλλ⁹

2106 1298 2170 1352 ού
2196 1298 2342 1370 λέγω
2369 1298 2559 1371 αὐτὴν,
2594 1299 2727 1371 φησι
2747 1316 2760 1329 ·
2797 1298 2978 1370 μεῖζόν
3010 1299 3124 1351 ἐστι
3155 1296 3265 1351 τῶν
3298 1295 3599 1368 λεγομένων
3626 1294 3687 1349 τὸ

2106 1390 2207 1463 τῆς
2233 1391 2510 1455 κολάσεως
2535 1390 2645 1445 τῶν
2676 1393 2734 1447 έν
2760 1390 3076 1462 Εὑαγγελίῳ
3104 1388 3548 1461 ἁμαρτανόντων,
3573 1388 3686 1458 μεῖ-

2107 1481 2200 1548 ζον
2248 1484 2359 1539 τῶν
2409 1482 2778 1555 ἀκουομένων,
2812 1481 2992 1553 μεῖζον
3039 1478 3369 1551 νοουμένων.
3394 1477 3492 1532 Διὰ
3531 1475 3692 1533 τοῦτο

2106 1574 2335 1647 εισήχθη
2362 1574 2438 1639 ὡς
2461 1574 2671 1628 παιδίον
2713 1576 2743 1629 6
2792 1573 3097 1646 προφήτης,
3127 1570 3365 1633 ἀκούσας
3394 1569 3487 1623 καὶ
3520 1566 3691 1641 φοϐη-

2107 1665 2223 1731 θεὶς
2254 1666 2351 1720 καί
2380 1664 2711 1730 παιδευθεὶς,
2740 1665 2836 1720 καὶ
2882 1662 3022 1737 μετὰ
3068 1662 3228 1718 τοῦτο
3271 1659 3576 1721 τελειωθεὶς
3601 1659 3692 1714 λέο

2104 1774 2217 1825 γων
2238 1774 2251 1788 ·
2300 1756 2635 1826 Ἠπάτησάς
2659 1773 2759 1827 με,
2781 1756 2978 1825 Κύριε,
2996 1756 3093 1810 καὶ
3116 1751 3450 1823 ἠπατήοην.
3483 1752 3594 1807 Καὶ
3622 1751 3689 1806 σὺ

432 1844 534 1900 bus
574 1853 629 1899 et
658 1843 921 1901 Paschate
961 1846 1074 1913 illo,
1102 1847 1247 1918 quod
1281 1847 1356 1903 ibi
1380 1845 1681 1902 secundum
1721 1860 2001 1916 auagogen

2104 1849 2231 1904 ὅσον
2262 1844 2313 1903 εἴ
2340 1848 2573 1914 παιδίον,
2600 1847 2865 1920 φοϐήθητι
2890 1846 2986 1912 τὰς
3016 1846 3266 1911 ἀπειλὰς,
3286 1846 3373 1899 ἵνα
3405 1843 3481 1916 μὴ
3509 1842 3690 1914 πάθῃς

429 1935 627 2007 agitur,
661 1936 713 1990 in
754 1936 978 1993 Christo
1021 1935 1172 2003 Jesu,
1199 1938 1289 1994 cui
1317 1946 1403 1993 est
1429 1937 1604 1993 honor
1636 1944 1692 1993 et
1715 1936 2002 2008 imperium

2111 1938 2180 1993 τὰ
2209 1939 2352 2012 ὑπὲρ
2377 1939 2478 2004 τὰς
2507 1939 2758 2004 ἀπειλὰς,
2783 1939 2883 2003 τάς
2921 1937 3171 2004 κολάσεις
3205 1938 3303 2003 τὰς
3330 1936 3602 1999 αἰωνίους,
3627 1933 3691 1987 τὸ

428 2026 483 2080 in
516 2027 715 2083 secula
743 2029 1092 2085 saeculorum.
1121 2028 1316 2084 Amen.

2110 2030 2371 2086 ἄσϐεστον
2394 2031 2525 2103 πῦρ,
2563 2032 2598 2103 ἢ
2628 2032 2769 2104 τάχα
2793 2048 2850 2085 τι
2877 2028 3064 2085 τούτου
3097 2028 3281 2101 μεῖζον
3300 2028 3364 2082 τὸ
3388 2027 3690 2097 ἀποκείμε-

426 2133 521 2173 usu
544 2124 657 2185 τοὶς
680 2121 831 2194 παρὰ
855 2122 948 2176 τὸν
967 2122 1128 2194 ὀρθὸν
1148 2122 1303 2192 λόγον
1328 2122 1423 2177 ἐπὶ
1477 2122 1660 2178 πλεῖον
1705 2120 2051 2193 βεϐιωκόσιν·
2086 2116 2163 2180 ὧν
2194 2125 2411 2179 πάντων
2462 2122 2724 2196 μηδαμῶς
2781 2123 3190 2196 πειραθείημεν,
3234 2120 3347 2175 ἀλλ’
3380 2122 3439 2174 ἐν
3470 2112 3691 2191 Χριστῷ

441 2212 614 2283 Ἰησοῦ
647 2213 1007 2285 τελειούμενοι
1037 2214 1456 2286 δικαιωθειημεν
1497 2214 1662 2283 ἀξίως
1688 2212 1799 2281 τῶν
1856 2214 2060 2285 ἑορτῶν
2092 2214 2207 2270 τῶν
2257 2215 2614 2288 ἐπουρανίων,
2647 2215 2742 2270 καὶ
2772 2213 2984 2285 Πάσχα,
3010 2211 3107 2268 τοῦ
3140 2212 3274 2279 ἐκεῖ,
3310 2210 3400 2266 ἐπὶ
3425 2211 3525 2285 τὴν
3558 2210 3689 2264 ἁνα-

431 2302 617 2375 Υωγὴν
644 2303 743 2375 (Ι),
773 2305 834 2357 ὲν
856 2305 1077 2377 Χριστῷ
1116 2302 1307 2377 Ἰησοῦ,
1339 2299 1387 2374 ᾧ
1411 2308 1557 2363 ἐστιν
1594 2309 1630 2378 ἡ
1665 2306 1793 2373 δόξα
1825 2307 1921 2363 καὶ
1947 2306 2010 2361 τὸ
2046 2307 2248 2379 κράτος
2279 2310 2362 2373 εἰς
2385 2308 2511 2373 τοὺς
2539 2306 2743 2374 αἰῶνας
2769 2307 2877 2362 τῶν
2910 2305 3141 2363 αἰώνων.
3200 2305 3392 2378 Ἀμήν.

785 2398 949 2471 233
990 2392 1271 2455 uorum
1316 2400 1460 2458 XIX.

1053 2491 1113 2546 ιιι
1147 2492 1290 2549 istud
1312 2494 1378 2547 ⁵⁸.

462 2575 1138 2658 Βσθερϊειὶριιιηῦοῃιὶης,
1169 2594 1217 2639 et
1242 2584 1487 2658 deceptus
1522 2600 1661 2658 sum,
1697 2600 1871 2658 usque
1901 2587 1971 2643 ad

741 2651 888 2707 istud
914 2672 933 2709 z
960 2652 1218 2708 Dominus
1247 2651 1476 2726 protinus
1503 2655 1677 2725 juxta.

497 2737 550 2793 ί.
588 2734 784 2795 Omnia
815 2756 940 2811 qure
963 2742 1032 2797 de
1061 2741 1174 2811 Deo
1220 2744 1421 2814 scripta
1471 2755 1619 2809 sunt.
1647 2726 2000 2817 quantumvis

427 2843 522 2903 per
546 2845 607 2886 se
630 2832 745 2901 ipsa
772 2831 1057 2889 videantur
1077 2835 1307 2901 absona,
1328 2836 1492 2908 digna
1517 2845 1695 2893 tamen
1721 2837 1830 2893 Deo
1853 2839 1997 2894 bono

425 2936 549 2978 esse
575 2923 876 2992 putandum
910 2933 1016 2982 est.
1041 2925 1180 2992 Quis
1203 2927 1349 2989 enim
1368 2941 1492 2983 esse
1520 2938 1677 2999 neget
1703 2928 1995 2993 absonum,

425 3012 476 3069 si
505 3011 615 3071 Deo
647 3014 940 3083 tribuatur,
964 3032 1089 3072 eum
1118 3017 1306 3084 irasci,
1328 3016 1651 3075 inﬂammari
1679 3020 1782 3086 ira,
1815 3017 1995 3091 pomi-

426 3107 593 3165 icntia
615 3106 763 3172 duci,
791 3107 903 3169 imo
925 3116 980 3164 et
998 3108 1271 3166 dormire?
1293 3108 1399 3166 Sed
1420 3111 1616 3165 borum
1643 3110 1995 3181 unumquod-

2716 2404 2961 2458 OMIAIA
3000 2401 3103 2459 ιθ.

2790 2493 2885 2557 Εἰς
2914 2492 2996 2546 τό·

2114 2584 2451 2655 Ὴπάτησάς
2475 2586 2795 2655 nemine.
2821 2581 3307 2655 ml_1imr1i0nr'
3353 2579 3517 2655 μέχρι
3554 2579 3681 2635 τοῦ·

2490 2650 2694 2725 Κύριε,
2725 2650 3050 2723 δοκιμάζων
3074 2650 3292 2707 δίκαια.
3327 2690 3332 2695 -

2177 2745 2363 2799 Πάντα
2407 2746 2477 2801 τά
2530 2745 2998 2822 ἀναγεγραμμένα
3046 2745 3177 2817 περὶ
3224 2745 3316 2803 τοῦ
3358 2743 3523 2810 Θεοῦ,
3579 2744 3687 2799 κᾶν

2110 2836 2525 2908 ἀπεμφαινοντα
2567 2836 2792 2892 αύτόθεν
2827 2832 2884 2912 ᾖ,
2920 2836 3028 2910 χρὴ
3079 2834 3206 2921 ἄξια
3250 2834 3463 2906 νοῆσαι,
3509 2831 3684 2908 οἶμαι.

2101 2928 2235 2983 Θεοῦ
2277 2929 2506 2998 ἀγαθοῦ.
2535 2929 2633 2995 Τίς
2674 2929 2783 3003 7&9
2816 2930 2917 2983 οὑκ
2955 2931 3071 3001 ἐρεῖ
3102 2926 3515 2998 άπεμφαίνοντα
3544 2924 3688 2985 εἶναι

2100 3020 2487 3092 ἀναφερόμενα
2517 3021 2611 3075 ἐπὶ
2635 3021 2767 3075 Θεὸν
2792 3007 3062 3114 rufum;
3092 3016 3212 3114 ‘ic6v
3239 3018 3429 3114 ὀργὴν,
3460 3019 3519 3073 τὸ
3542 3019 3689 3093 πρῆ-

2102 3077 2317 3183 σθαίλέ)
2345 3077 2505 3175 αὑτὸν
2535 3110 2712 3183 θυμῷ,
2739 3077 2864 3185 τὸι.
2882 3077 3253 3211 ξωξλεῖσθαι
3273 3077 3469 3174 αὑτὸν,
3500 3077 3600 3182 ηδτῖ

423 3212 533 3268 que
575 3199 647 3255 ab
692 3212 760 3254 eo
801 3200 897 3269 qui
928 3201 1191 3258 obscuros
1219 3201 1643 3259 noveritaudire
1692 3217 1993 3268 sermones,

2103 3202 2198 3258 καὶ
2244 3202 2306 3256 τὸ
2356 3200 2559 3257 ὑπνοῦν
2586 3202 2786 3268 αύτόν;
2828 3199 2975 3259 $73."
3017 3199 3247 3257 ἕκαστον
3283 3199 3486 3257 τούτων
3533 3202 3687 3275 παρὰ

425 3288 652 3359 digitum
683 3288 793 3349 Deo
812 3291 1168 3360 judicabitur.
1199 3292 1415 3348 Etenim
1441 3294 1520 3350 ira
1544 3293 1664 3365 ejus
1687 3293 1997 3350 infructuo-

425 3397 491 3441 sa
515 3397 625 3438 non
650 3393 758 3451 est,
789 3385 882 3447 sed
917 3385 1062 3447 sicut
1093 3387 1318 3443 verbum
1349 3387 1469 3458 ejus
1493 3388 1695 3453 erudit,
1736 3388 1810 3444 ita
1838 3400 1894 3446 et
1918 3390 1997 3445 ira

424 3473 577 3543 ejus;
600 3490 741 3547 quos
762 3476 908 3533 enim
934 3477 1159 3543 verbum
1186 3492 1294 3533 non
1321 3478 1541 3545 erudiit,
1593 3478 1674 3535 ira
1712 3480 1914 3546 erudit,
1944 3489 1999 3537 et

424 3581 649 3624 necesse
675 3576 761 3623 est
787 3566 960 3627 Deum
985 3568 1210 3629 accendi
1233 3584 1297 3625 ea
1321 3584 1443 3642 qua
1462 3570 1665 3629 dicitur
1687 3571 1792 3639 ira,
1808 3588 2001 3643 quem-

392 3716 397 3721 ,
424 3656 719 3714 admodum
745 3672 815 3714 eo
843 3657 991 3729 quod
1035 3659 1260 3716 verbum
1302 3661 1636 3728 nominatur,
1673 3662 1864 3718 utitur.
1892 3661 2000 3719 Nec

423 3762 530 3817 que
569 3747 716 3802 enim
762 3748 989 3807 verbum
1024 3748 1173 3805 illius
1202 3749 1311 3806 tale
1336 3759 1421 3807 est
1445 3751 1608 3824 quale
1636 3760 1721 3816 est
1751 3752 1996 3809 omnium

423 3836 672 3893 verbum.
720 3835 935 3893 Nullius
981 3838 1205 3894 verbum
1255 3839 1467 3909 vivens,
1510 3841 1716 3897 nullius
1773 3841 1996 3897 verbum

425 3924 572 3984 Deus
611 3937 716 3983 est.
751 3926 964 3986 Nullius
1002 3931 1228 3986 verbum
1273 3931 1327 3985 in
1378 3931 1649 4003 principio
1692 3940 1811 3987 erat
1853 3931 1997 4002 apud

384 4062 387 4063 ν
426 4017 621 4086 Deum,
650 4018 808 4089 cujus
848 4028 969 4075 erat
1012 4021 1262 4076 verbum.
1288 4019 1403 4077 Etsi
1426 4022 1603 4077 solum
1625 4030 1762 4088 erat,
1795 4036 1829 4077 a
1857 4036 1989 4095 quo-

427 4110 553 4166 dam
582 4119 701 4166 erat
724 4111 1015 4182 principio.
1052 4109 1316 4167 Similiter
1347 4122 1402 4168 et
1446 4112 1526 4167 ira
1562 4112 1657 4167 Dei
1685 4112 1888 4168 nullius
1917 4122 2002 4168 est

428 4205 533 4266 ira,
575 4204 734 4274 cujus
768 4204 868 4258 ira.
911 4200 981 4258 Et
1017 4204 1475 4275 quemadmodum
1503 4202 1596 4259 Dei
1620 4202 1858 4260 Verbum
1889 4212 2001 4275 praa

427 4295 579 4350 omni
603 4294 982 4365 cujuscunque
1008 4296 1174 4352 verbo
1198 4296 1470 4367 peculiare
1495 4297 1624 4368 quid
1648 4295 1705 4350 in
1728 4311 1788 4352 se
1815 4295 1995 4360 habet,

2099 3295 2178 3366 τῷ
2205 3294 2366 3350 εἰδότι
2393 3292 2612 3349 ἀκούειν
2639 3291 2928 3347 σκοτεινῶν
2953 3289 3128 3362 λόγων
3156 3291 3507 3364 εὑρεθήσεται
3535 3292 3683 3357 ἄξιον

2101 3384 2259 3443 Θεοῦ.
2276 3385 2341 3439 Ἥ
2362 3384 2473 3458 γάρ
2500 3384 2638 3457 ὀργὴ
2671 3385 2767 3457 μὲν
2791 3382 2955 3436 αὑτοῦ
2982 3382 3081 3438 οὑκ
3109 3383 3353 3457 ἄκαρπός
3380 3384 3685 3446 ἐστιν,άλλ⁹

2097 3476 2173 3540 ὡς
2200 3478 2229 3530 ὁ
2257 3474 2415 3545 λόγος
2453 3473 2617 3529 αὑτοῦ
2655 3473 2923 3538 παιδεύει,
2953 3473 3097 3528 οὕτω
3135 3475 3227 3530 καὶ
3252 3477 3285 3547 η
3312 3472 3448 3547 ὀργὴ
3471 3472 3637 3531 αὑτοῦ
3661 3492 3678 3506 ·

2096 3567 2225 3631 τοὺς
2252 3566 2362 3639 7&9
2388 3565 2466 3639 ('5)
2503 3566 2578 3638 μὴ
2625 3565 3013 3631 παιδευθέντας
3058 3567 3204 3639 λόγῳ
3240 3564 3479 3621 παιδεύει
3501 3565 3673 3638 ὀργή·

2099 3657 2195 3711 καὶ
2225 3656 2527 3726 ἀναγκαῖόν
2555 3657 2672 3710 ἐστι
2710 3655 2802 3710 τὸν
2841 3657 2973 3711 Θεὸν
3018 3657 3252 3732 χρῆσθαι
3277 3660 3343 3729 τῇ
3369 3656 3679 3730 καλουμένῃ

2097 3749 2258 3820 ὀργῇ,
2286 3748 2363 3811 ὠς
2388 3747 2587 3819 χρῆται
2618 3745 2697 3818 τῷ
2727 3747 3113 3820 ὀνομαζομένῳ
3152 3748 3319 3820 λόγῳ.
3352 3747 3490 3803 Οὔτε
3518 3747 3627 3821 7&9
3650 3751 3681 3804 6

2097 3838 2253 3908 λόγος
2285 3838 2451 3893 αὐτοῦ
2476 3836 2715 3902 τοιοῦτός
2752 3840 2920 3903 ἐστιν,
2967 3841 3149 3903 ὁποῖος
3176 3841 3205 3892 6
3236 3839 3457 3895 πάντων
3483 3838 3641 3909 λόγος
3662 3856 3677 3871 ·

2098 3928 2310 3993 οὐδενὸς
2334 3928 2444 4000 7&9
2472 3930 2502 3983 6
2527 3928 2683 3998 λόγος
2717 3926 2846 3994 ζῶν,
2882 3927 3095 3993 οὐδενὸς
3122 3931 3150 3984 6
3177 3929 3333 4000 λόγος
3353 3929 3512 3994 Θεόςο
3534 3929 3684 3984 οὑδε-

2098 4017 2188 4083 νὸς
2220 4018 2330 4091 γὰρ
2357 4021 2387 4072 ὁ
2408 4017 2566 4087 λόγος
2594 4019 2653 4072 ἐν
2678 4018 2823 4090 ἀρχῇ
2854 4018 2991 4092 πρὸς
3026 4020 3233 4075 ἐκεῖνον
3261 4015 3353 4091 ἦν,
3378 4012 3440 4073 οὗ
3469 4021 3498 4073 6
3525 4018 3682 4089 λόγος

2098 4103 2186 4181 ἦν.
2220 4109 2337 4166 Κᾶν
2362 4105 2431 4182 ἦν
2463 4110 2643 4182 μόνος,
2674 4109 2786 4164 ἀπό
2815 4126 2958 4173 τινος
2982 4104 3050 4182 ἦν
3090 4109 3282 4183 ἀρχῆς.
3311 4110 3471 4165 Οῦτω
3503 4112 3561 4164 δὲ
3588 4114 3686 4166 καὶ

2099 4201 2135 4270 ἡ
2162 4198 2301 4272 ὀργὴ
2355 4199 2451 4254 τοῦ
2503 4197 2641 4253 Θεοῦ
2680 4197 2820 4272 ὀργὴ
2858 4199 3091 4266 οὐδενὸς,
3134 4196 3340 4265 οὗτινος
3380 4201 3540 4274 ὀργῆ.
3571 4201 3684 4256 Καὶ

2098 4291 2291 4361 ὥσπερ
2337 4289 2486 4357 ξένον
2524 4306 2578 4345 τι
2624 4289 2739 4363 ἔχει
2769 4292 2798 4345 6
2827 4290 2984 4363 λόγος
3008 4290 3103 4345 τοῦ
3136 4290 3271 4348 Θεοῦ
3300 4292 3454 4365 παρὰ
3502 4294 3682 4349 πάντα

428 4386 808 4457 peculiareque
830 4387 907 4443 illi
928 4395 1013 4445 est
1040 4402 1163 4443 esse
1186 4386 1378 4459 Deum,
1407 4395 1462 4443 et
1481 4388 1708 4444 verbum
1736 4387 1918 4443 vivum
1944 4387 1998 4442 in

2103 4381 2192 4436 τὸν
2239 4380 2548 4437 οὑτινοσοῦν
2578 4380 2757 4453 λόγον,
2788 4382 2884 4437 καὶ
2923 4382 3038 4463 ἔχει
3077 4380 3247 4449 ξένον,
3277 4384 3337 4438 τὸ
3362 4381 3502 4439 εἶναι
3526 4384 3681 4454 Θεὸς,

428 4492 491 4534 se
521 4477 825 4535 subsistens
871 4487 925 4534 et
973 4478 1286 4534 ministrare
1313 4476 1495 4545 Patri;
1544 4478 1625 4535 sic
1662 4478 1758 4534 ubi
1792 4478 1873 4535 ira
1906 4478 1999 4534 Dei

2103 4474 2198 4529 καὶ
2231 4474 2294 4528 τὸ
2320 4469 2457 4529 εἶναι
2484 4474 2675 4544 Λόγος,
2708 4472 2784 4528 ὢν
2814 4473 2923 4543 ζῶν
2949 4474 3012 4529 τὸ
3042 4475 3396 4548 ἐφεστηκέναι
3419 4475 3540 4529 καθ’
3557 4477 3686 4529 tau-

429 4569 601 4625 semel
630 4569 908 4624 nominata
936 4579 1040 4636 est,
1062 4569 1334 4640 peculiare
1359 4569 1488 4642 quid
1513 4578 1568 4625 et
1589 4569 1865 4625 diversum
1899 4569 1999 4626 ha-

2103 4567 2163 4621 τὸ
2200 4564 2299 4639 (4),
2330 4567 2393 4621 τὸ
2443 4568 2735 4639 ὑπηρετεῖν
2777 4565 2856 4639 τῷ
2898 4566 3109 4642 Πατρίο
3158 4566 3328 4631 οὕτως
3371 4568 3493 4622 ἐπεὶ
3532 4567 3683 4637 ἅπαξ

428 4660 520 4715 bet
549 4676 578 4714 a
604 4660 801 4731 quavis
829 4660 951 4717 irati
980 4661 1082 4717 ira.
1116 4660 1320 4717 Eodem
1347 4662 1509 4718 modo
1542 4659 1696 4717 furor
1727 4660 1847 4730 ejus
1871 4674 1998 4731 pro-

2103 4656 2395 4729 ὠνομάσθη
2435 4654 2571 4711 Θεοῦ
2623 4658 2658 4730 ἠ
2701 4656 3006 4730 καλουμένη
3053 4657 3218 4713 αὑτοῦ
3250 4657 3410 4731 ὀργὴ,
3438 4655 3584 4723 ξένον
3627 4675 3683 4713 τι

425 4752 604 4825 prium
639 4752 771 4823 quid
804 4752 986 4819 habet.
1013 4754 1148 4827 Cum
1192 4753 1337 4808 enim
1369 4753 1424 4809 in
1454 4751 1642 4809 furore
1680 4752 1878 4824 arguit,
1909 4751 1996 4807 fu-

2103 4747 2213 4821 Εχει
2250 4749 2341 4802 καὶ
2360 4748 2636 4820 ἀλλότριον
2661 4748 2843 4825 πάσης
2864 4747 2958 4801 τοῦ
2988 4747 3337 4822 ὀργιζομένου
3366 4747 3558 4819 ὀργῆς.
3583 4747 3686 4803 οῦ-

426 4860 518 4902 ror
548 4845 669 4916 ejus
714 4846 892 4915 oritur
934 4861 1002 4907 ex
1046 4847 1328 4919 proposito
1354 4845 1502 4917 quod
1530 4860 1657 4901 eum
1687 4844 1782 4915 qui
1812 4859 1998 4914 repre-

2103 4857 2178 4893 τω
2203 4840 2299 4895 καὶ
2325 4842 2353 4893 6
2378 4838 2549 4911 θυμὸς
2576 4839 2744 4894 αὐτοῦ
2784 4839 2916 4894 ἴδιόν
2934 4857 2990 4893 τι
3022 4838 3135 4911 ἔχει
3159 4856 3174 4872 ο
3214 4841 3263 4895 εἰ
3292 4837 3401 4911 7&9
3429 4838 3504 4911 (5)
3534 4840 3564 4892 6
3589 4838 3685 4892 Ou-

380 4992 383 4995 .
426 4935 686 4993 henditur
715 4935 833 4991 vult
864 4936 1291 5009 reprehensione
1332 4945 1669 4993 convertere.
1704 4935 1898 5008 Arguit
1943 4946 1998 4992 et

2112 4932 2214 5005 μὸς
2237 4935 2337 5005 τῆς
2369 4932 2701 5005 προθέσεως,
2725 4932 2823 5004 τῆς
2847 4930 2940 4986 τοῦ
2970 4930 3128 5003 θυμῷ
3147 4931 3477 5001 ἐλέγχοντος,
3508 4929 3685 5001 βουλο-

425 5029 674 5095 verbum,
707 5029 849 5105 sicut
888 5029 1070 5087 erudit
1108 5029 1359 5095 verbum,
1389 5028 1486 5085 sed
1535 5042 1646 5083 non
1689 5029 1763 5083 ita
1820 5028 2001 5099 arguit

2108 5024 2278 5097 μένης
2303 5024 2396 5080 τὸν
2430 5024 2782 5096 ἐλεγχόμενον
2805 5023 2894 5077 διὰ
2931 5021 3025 5078 τοῦ
3054 5023 3276 5095 ἐλέγχου
3310 5021 3681 5095 ἐπιστρέφειν.

423 5122 651 5178 verbum
674 5132 734 5179 ut
759 5123 942 5194 arguit
967 5122 1138 5180 furor.
1164 5121 1271 5191 Qui
1292 5120 1436 5177 enim
1463 5136 1496 5177 a
1519 5121 1685 5178 verbo
1707 5121 2001 5192 reprehen-

2118 5117 2360 5188 Ἐλέγχει
2407 5116 2502 5180 κα)⁵
2544 5116 2702 5186 λόγος
2740 5116 2816 5180 ὡς
2845 5114 3087 5169 παιδεύει
3113 5114 3269 5184 λόγος
3296 5113 3393 5185 (6),
3432 5113 3548 5168 ἀλλ’
3582 5113 3683 5185 οὑχ

421 5213 469 5271 si
503 5212 570 5269 ad
603 5214 885 5271 meliorem
916 5212 1133 5289 frugem
1156 5229 1270 5270 non
1293 5221 1423 5271 sunt
1448 5212 1708 5282 revocati,
1737 5227 1877 5287 opus
1896 5212 2000 5271 erit

2103 5209 2276 5276 οὕτως
2320 5208 2530 5283 ἐλέγχει
2572 5208 2730 5280 λόγος
2773 5207 2848 5273 ὡς
2889 5205 3102 5280 ἐλέγχει
3142 5205 3332 5281 θυμός.
3366 5206 3432 5262 Oi
3463 5204 3573 5281 7&9
3601 5205 3681 5280 τῷ

493 5367 541 5403 ⁸⁸
577 5367 779 5427 Jerem.
814 5386 910 5435 xx,
943 5370 1091 5426 7‘12.

2177 5521 2254 5593 (ι)
2295 5521 2460 5594 Lego.
2487 5521 2647 5594 λόγος
2694 5523 2738 5594 δ,
2759 5519 2888 5594 ζῶν,
2915 5521 2978 5594 νδ
3007 5520 3372 5594 mnum
3398 5517 3520 5574 καθ’
3553 5517 3681 5594 ξαν-

2104 5588 2573 5662 τὸν,ἐιο,’ϐιιίειζ
2609 5592 2839 5662 legebat,
2869 5590 3025 5659 λόγος
3052 5588 3165 5662 ζωὴ
3190 5588 3269 5660 τῷ
3313 5588 3677 5662 ὑφεστηκέναι

2106 5663 2463 5739 καθ-ξλέαυτὸν,
2486 5661 2902 5739 τίει-ι’)’τιιηρετεῖντ

2178 5731 2256 5803 (5)
2294 5735 2366 5787 Ei
2385 5732 2516 5801 γάρ.
2535 5728 3179 5805 'yego'cumGhislerio,
3205 5728 3321 5805 ἔστι
3346 5732 3480 5805 γὰρ,
3499 5734 3609 5788 etc.

2179 5799 2256 5875 (6)
2298 5799 2507 5875 Λόγος.
2546 5799 2731 5860 Codex
2766 5799 3083 5869 Vaticanus,
3107 5799 3297 5873 θυμός.

495 5523 576 5595 (l)
613 5525 729 5580 Kal
764 5527 987 5596 Πὼσχα
1025 5526 1134 5582 τοῦ
1178 5525 1323 5591 ἐκεῖ,
1355 5526 1455 5581 ἐπι
1501 5527 1617 5596 τὴν
1664 5524 1999 5597 ἀναγωγήν.

427 5590 677 5668 Hoe'est,
706 5590 991 5668 secundum
1020 5590 1316 5668 anagogen,
1331 5614 1423 5668 per
1443 5590 1748 5668 anagogen;
1774 5590 2005 5668 timean-

428 5673 537 5717 tem
568 5664 686 5734 ipso
719 5664 943 5723 Pascha:
968 5668 1058 5724 die
1091 5664 1158 5723 ad
1195 5664 1463 5738 populum
1508 5664 1786 5738 peroravit
1808 5664 2001 5735 Orige-

429 5746 581 5943 "eis:
618 5803 801 5859 Codex
835 5804 1154 5873 Vaticanus,
1181 5808 1437 5895 χρῆσθαι.

504 5875 560 5941 (ο
619 5874 802 5931 Codex
830 5874 1321 5943 Vaticanus,auco~3
1340 5877 1696 5933 παιδεύειιτοί

504 5874 581 5943 (5)
619 5874 802 5931 Codex
830 5874 1321 5944 Vaticanum-3566
1340 5876 2001 5949 παιδεύειιτοὺςγάρωιε.
