4122 6420
424 322 532 381 503

1917 337 2245 397 ORIGENIS

3589 358 3696 416 504

423 441 575 498 stitia
600 455 695 501 aut
723 460 789 503 ex
823 448 1151 505 necessitate
1181 450 1389 521 agenda
1423 452 1580 508 nobis
1623 451 1857 523 imperat
1881 471 1973 525 qui

2111 457 2277 527 σύνην
2305 457 2557 531 δίδωμεν,
2590 460 2683 515 καὶ
2712 461 2772 530 ιε
2797 460 3045 536 ἀνάγκης
3079 465 3463 540 σωφρονῶμεν,
3489 468 3605 523 ἀλλ’
3632 472 3695 525 οὐ

422 531 675 602 facimus;
707 548 763 592 ut
792 540 1161 598 voluntarium
1212 546 1282 601 sit
1330 547 1476 617 quod
1521 547 1598 603 llt.
1631 547 1785 604 Viam
1816 552 2002 620 igitur,

420 633 483 683 tit
510 627 583 682 ita
615 629 1042 701 dicam,rquzerit
1080 649 1187 705 qua
1218 638 1523 693 voluntarie
1562 639 1832 697 iaciamus
1880 659 2003 713 qua

420 720 554 773 vult.
583 720 825 777 Addebat
849 724 963 779 haec
991 726 1210 782 traditio
1240 730 1521 799 quidpiam
1553 731 1865 801 ejusmodi:
1908 751 2003 790 vo-

417 808 561 865 lebat
583 809 876 868 Jeremiam
906 816 1121 872 mittere
1144 825 1204 873 ut
1230 821 1487 877 omnibus
1510 823 1783 892 gentibus,
1801 833 1853 878 et
1878 834 2002 880 ante

414 915 606 957 omnes
636 912 826 973 gentes
856 908 1057 977 pepulo
1088 925 1193 964 suo
1218 912 1584 981 proplietaret.
1614 914 1681 967 At
1714 930 1838 969 eum
1871 916 2004 969 vati-

412 992 555 1047 cinia
598 995 756 1050 triste
782 997 1046 1067 quiddam
1074 1000 1242 1073 265
1268 1002 1321 1055 in
1355 1018 1414 1057 se
1444 1003 1710 1060 baberent
1738 1006 1758 1076 (
1782 1007 2001 1060 nuntia-

412 1082 542 1137 bant
568 1085 770 1156 quippe
812 1090 1079 1159 supplicia
1113 1108 1235 1162 qua:
1262 1096 1496 1164 quisque
1532 1113 1633 1166 pro
1680 1097 1874 1153 merito
1904 1114 1997 1152 su-

408 1172 678 1247 stinebit)
725 1178 999 1251 sciretque
1046 1185 1326 1253 prophetae
1377 1190 1719 1258 propositum
1756 1193 1995 1250 nolentis

407 1267 550 1320 mala
591 1271 847 1326 nuntiare
888 1274 1195 1331 Israelitico
1235 1280 1472 1349 populo;
1506 1282 1711 1338 ideirco
1744 1300 1838 1354 per
1875 1286 1992 1343 dis-

406 1361 780 1425 pensationem
814 1364 1014 1419 dixit“
1044 1385 1057 1420 :
1094 1366 1252 1422 Sume
1280 1371 1497 1426 calicem
1519 1374 1678 1442 hunc,
1708 1387 1757 1431 et
1784 1381 1993 1448 potabis

404 1463 581 1505 omnes
609 1460 785 1522 gentes
818 1457 889 1509 ad
912 1475 1044 1528 quas
1068 1478 1165 1533 ego
1195 1465 1404 1518 mittam
1441 1474 1507 1519 te.
1538 1466 1799 1539 Praecepit
1830 1471 1992 1541 igitur

404 1538 550 1596 Deus
574 1540 825 1601 Jeremiae
850 1557 907 1602 ut
935 1553 1158 1609 calicem
1192 1565 1455 1624 sumeret,
1474 1574 1708 1629 cumque
1738 1560 1986 1616 hortare-

404 1640 496 1685 tur
541 1649 666 1688 eum
703 1646 761 1691 ut
804 1641 1032 1697 calicem
1076 1647 1190 1700 vini
1223 1650 1349 1718 puri
1376 1651 1669 1721 acciperet,
1701 1653 1840 1709 dixit
1872 1674 1886 1711 :
1923 1657 1989 1712 Et

319 1729 334 1752 κ
401 1725 611 1781 mittam
661 1738 712 1783 te
756 1732 822 1786 ad
858 1747 1048 1791 omnes
1097 1746 1306 1808 gentes,
1354 1740 1643 1798 habentem
1682 1746 1826 1801 hunc
1861 1749 1989 1802 cali-

2109 548 2459 622 βεϐούληται·
2488 551 2568 605 διὸ
2612 554 2689 626 μὴ
2714 554 2779 608 ἐκ
2803 555 2978 630 λύπης
3002 557 3034 628 ἢ
3065 557 3123 626 ἐξ
3148 559 3391 634 ἀνάγκης
3418 564 3697 635 προσ-τάσει

2108 658 2189 694 σει
2222 644 2353 714 ἡμῖν
2379 650 2553 697 ποιεῖν
2583 646 2918 719 ἀποιοῦμεν,
2954 650 3040 704 ἵνα
3079 651 3323 705 ἑκούσιον
3440 655 3503 708 τὸ
3543 657 3697 726 γινό-

2109 748 2287 802 μενον.
2329 734 2476 788 ὐδὸν
2519 732 2634 802 οὖν,
2680 739 2768 793 ἵνα
2814 739 2987 805 οὕτως
3032 741 3196 807 είπω,
3240 743 3412 815 ζητεῖ,
3466 748 3585 812 πῶς
3626 749 3694 804 ἂν

2104 822 2367 887 ἑκουσίως
2405 842 2489 890 τις
2524 829 2749 898 ποιήσαι
2791 826 2828 881 ἃ
2850 828 3031 892 ὁΘεδς
3066 828 3570 902 βούλεται.Ἐλεγεν
3597 834 3692 890 οἷον

2106 932 2196 985 μοι
2227 916 2322 969 καὶ⁸
2367 917 2403 988 ἡ
2441 917 2738 989 παράδοσις
2765 919 3004 975 τοιοῦτόν
3029 939 3081 975 τι
3100 939 3116 953 ο
3153 922 3443 979 Ἐϐούλετο
3464 926 3558 981 τὸν
3594 926 3692 982 ἰε-

2106 1008 2298 1077 ρεμίαν
2336 1009 2550 1079 πέμψαι
2584 1011 3030 1083 προφητεύσοντα
3057 1015 3193 1067 πᾶσι
3218 1020 3331 1079 τοῖς
3357 1015 3561 1085 ἔθνεσι,
3594 1020 3691 1073 καὶ

2101 1097 2207 1168 πρὸ
2237 1098 2455 1153 πάντων
2483 1100 2592 1153 τῶν
2632 1100 2801 1154 ἐθνῶν
2829 1101 2908 1173 τῷ
2936 1103 3072 1175 λαῷ.
3092 1105 3245 1160 Ἐπεὶ
3273 1105 3335 1161 δὲ
3374 1109 3431 1160 αἱ
3480 1125 3689 1183 προφη-

2098 1191 2239 1240 τεῖαι
2279 1190 2733 1262 σκυθρωπότερόν
2778 1210 2831 1246 τι
2876 1188 3020 1264 εἶχον
3066 1195 3430 1268 (ἀπήγγελλον
3453 1199 3566 1271 γὰρ
3592 1218 3685 1254 κο-

2096 1277 2299 1345 λάσεις,
2314 1282 2391 1345 ὡς
2410 1276 2639 1346 ἕκαστος
2663 1282 2803 1336 κατά
2825 1281 2923 1354 τὴν
2949 1283 3105 1349 ἀξίαν
3127 1284 3571 1358 κολασθήσεται),
3589 1291 3681 1345 καὶ

2096 1372 2213 1443 ᾔδει
2241 1373 2339 1445 τὴν
2374 1377 2691 1448 προαίρεσιν
2714 1377 2810 1430 τοῦ
2839 1379 3122 1450 προφήτου
3166 1378 3239 1450 μὴ
3268 1378 3589 1451 βουλομένου
3614 1381 3682 1437 τὰ

2095 1465 2315 1536 χείρονα
2345 1468 2722 1538 προφητεῦσαι
2741 1468 2819 1542 τῷ
2840 1468 2954 1539 λαῷ
2996 1470 3233 1542 Ἰσραήλ·
3264 1470 3351 1524 διὰ
3370 1470 3528 1525 τοῦτο
3553 1473 3689 1543 ᾠκο-

2093 1556 2332 1627 νόμησεν
2371 1561 2548 1613 εἰπεῖν
2570 1576 2584 1590 ·
2622 1558 2779 1614 Aude
2806 1561 2873 1614 τὸ
2901 1561 3190 1630 ποτήριον
3213 1563 3409 1628 τοῦτο,
3444 1564 3543 1617 καὶ
3578 1579 3685 1619 πο-

2093 1647 2235 1714 τιεῖς
2261 1648 2458 1704 πάντα
2492 1650 2564 1704 τὰ
2594 1652 2741 1717 ἔθνη
2784 1653 2936 1721 πρὸς
3032 1653 3147 1722 ἐγὼ
3181 1653 3570 1718 ἐξαποστελῶ
3608 1673 3685 1711 σε

2092 1738 2243 1805 πρὸς
2273 1741 2515 1807 αὐτούς.
2552 1741 2897 1812 Προσέταξεν
2936 1739 3032 1797 οὖν
3077 1747 3107 1797 ὁ
3150 1743 3282 1808 Θεὸς
3329 1744 3405 1816 τῷ
3443 1745 3683 1819 Ἱερεμίᾳ

396 1836 515 1875 cem
546 1822 669 1892 puri
696 1824 826 1879 vini.
856 1825 1100 1883 Audiens
1134 1844 1315 1886 autem
1360 1831 1628 1892 Jeremia‘s
1662 1852 1722 1892 se
1747 1841 1884 1893 mitti
1920 1844 1973 1895 ad

2087 1830 2271 1884 λαϐεῖν
2297 1833 2575 1904 ποτήριον,
2631 1836 3076 1907 προτρεπόμενος
3105 1836 3161 1890 δὲ
3187 1836 3348 1890 αὑτὸν
3374 1837 3469 1891 ἐπὶ
3494 1837 3556 1891 τὸ
3585 1837 3681 1891 λα-

394 1928 586 1969 omnes
618 1924 827 1985 gentes,
861 1928 919 1974 ut
947 1910 1192 1993 porrigat
1217 1924 1326 1978 illis
1359 1927 1585 1983 calicem
1617 1930 1732 1997 irze,
1759 1933 1985 1988 calicem

392 2005 813 2075 suppliciorum,
842 2012 1070 2067 minime
1118 2015 1433 2085 suspicatus
1477 2019 1731 2076 lsraelem
1767 2040 1990 2094 quoque

392 2097 461 2151 de
487 2098 595 2152 hoc
616 2100 787 2155 calice
812 2116 1101 2171 pmnarum
1125 2105 1450 2176 bibiturum,
1477 2113 1737 2183 deceptus
1753 2118 1987 2186 sumpsit

390 2189 616 2245 calicem
651 2201 713 2246 ut
737 2203 947 2263 putaret
967 2212 1161 2255 omnes
1191 2211 1411 2269 gentes;
1441 2216 1665 2277 accepto
1696 2209 1862 2264 calice
1886 2228 1983 2265 au-

387 2283 526 2338 divit
556 2302 570 2339 :
599 2283 927 2356 Propinabis
951 2290 1188 2360 primum
1214 2292 1539 2353 Jerusalem.
1561 2298 1831 2366 Quoniam
1852 2320 1981 2358 vero

388 2375 538 2430 aliud
574 2387 1007 2450 exspectaverat,
1041 2392 1096 2439 et
1122 2386 1269 2441 aliud
1312 2390 1514 2457 evenit,
1545 2406 1828 2464 propterea
1856 2396 1932 2451 ait
1961 2416 1975 2453 :

386 2466 653 2539 Decepiin
687 2487 788 2535 me,
824 2471 1063 2543 Domine,
1090 2486 1140 2530 et
1184 2478 1428 2549 deceptus
1463 2499 1600 2537 sum.
1635 2483 1773 2543 Huic
1804 2503 1974 2561 expo-

385 2559 572 2616 sitioni
599 2562 833 2619 similem
876 2569 1120 2625 tradebat
1144 2580 1198 2626 et
1230 2574 1283 2627 in
1315 2575 1479 2631 Isaia:
1528 2575 1663 2633 Nam
1693 2589 1747 2635 et
1769 2582 1858 2639 ille
1878 2559 1977 2641 fne-

385 2653 535 2709 ocius
564 2655 694 2724 quid
744 2657 849 2713 sibi
901 2663 1324 2732 praecipiendum
1356 2666 1517 2737 foret,
1549 2684 1607 2726 ut
1639 2673 1843 2730 diceret
1875 2692 1971 2746 po-

383 2747 535 2815 pulo,
574 2748 727 2805 audit
760 2750 952 2821 Deum,
983 2763 1146 2825 prout
1171 2757 1438 2828 scriptum
1480 2771 1586 2828 est,
1617 2764 1885 2822 dicentem
1902 2770 1966 2820 ⁶⁷ε

383 2836 551 2901 Quem
576 2842 809 2908 mittam,
835 2853 887 2898 et
915 2846 1032 2914 quis
1056 2846 1150 2901 ibit
1168 2849 1238 2903 ad
1263 2851 1513 2921 populum
1536 2854 1674 2909 hunc
1691 2860 1721 2913 ll
1738 2856 1788 2913 Is
1816 2875 1968 2927 vero,

381 2927 578 2997 inquit,
614 2934 931 3002 respondit:
961 2935 1097 2991 Ecce
1137 2955 1230 3009 ego
1278 2956 1416 3007 sum,
1452 2943 1601 2998 mitte
1628 2961 1741 3011 me;
1767 2958 1825 3003 et
1864 2965 1967 3005 au-

379 3020 459 3075 dit
483 3020 567 3076 “:
608 3021 773 3089 Vade,
796 3034 846 3078 et
868 3027 957 3080 dic
975 3030 1171 3099 populo
1198 3032 1319 3084 huic
1350 3048 1367 3087 :
1391 3033 1596 3089 Audita
1626 3039 1874 3109 audietis,
1916 3051 1966 3096 ct

381 3130 485 3168 non
515 3115 844 3187 intelligetis,
871 3129 921 3173 et
964 3122 1195 3178 videntes
1223 3126 1486 3194 videbitis,
1535 3140 1583 3184 et
1620 3148 1724 3185 non
1761 3137 1966 3205 perspi-

377 3207 550 3274 cietis,
576 3210 933 3266 incrassatum
962 3225 1039 3268 est
1069 3217 1205 3270 enim
1236 3235 1327 3273 cor
1347 3221 1531 3290 populi
1557 3221 1735 3292 hujus,
1762 3235 1816 3281 et
1843 3243 1964 3297 qua:

377 3306 703 3382 sequuntur.
737 3299 874 3355 Cum
909 3303 1075 3383 igitur
1103 3308 1340 3364 nesciret
1362 3312 1491 3382 quid
1519 3313 1663 3369 esset
1689 3318 1962 3373 vaticina—

376 3378 632 3455 turus,'et
654 3405 713 3445 se
738 3378 1073 3451 minaturum
1098 3400 1320 3468 pepulo,
1349 3378 1486 3457 dixit
1512 3421 1523 3457 :
1548 3402 1679 3459 Ecce
1705 3422 1797 3477 ego
1821 3425 1958 3474 sum,

377 3479 526 3533 mitte
550 3497 650 3536 me.
680 3481 971 3554 Propterea
998 3484 1121 3544 cum
1156 3490 1361 3547 diceret
1396 3494 1449 3548 in
1479 3497 1836 3566 sequentibus
1862 3517 1963 3555 vox

374 3570 921 3648 dieentis:Clama”,
946 3579 1035 3636 ille
1059 3597 1166 3637 non
1194 3585 1493 3655 respondit,
1526 3599 1783 3659 tanquam
1810 3607 1965 3663 para-

376 3675 464 3722 tus
516 3667 670 3737 jussa
702 3673 952 3743 exsequi,
987 3675 1081 3730 sed
1116 3676 1254 3748 dixit
1285 3694 1299 3733 :
1344 3676 1487 3743 Quid
1542 3679 1829 3740 clamabo?
1871 3683 1958 3740 Et-

372 3756 518 3813 enim
554 3758 780 3816 timebat
809 3778 878 3818 nc
910 3781 1104 3821 rursus
1134 3767 1348 3823 audiret
1371 3769 1515 3825 sicut
1545 3771 1599 3825 in
1630 3772 1799 3842 priori
1824 3774 1962 3828 vati-

372 3849 522 3906 cinio
555 3870 569 3906 :
609 3851 774 3921 Vade,
805 3864 855 3909 et
881 3857 967 3910 dic
991 3858 1183 3928 populo
1205 3859 1328 3914 huic
1352 3877 1372 3916 :
1396 3862 1596 3917 Audita
1631 3865 1879 3932 audietis,
1909 3877 1959 3921 ct

371 3959 476 3998 non
512 3944 840 4017 intelligetis.
880 3948 1024 4013 Quid
1064 3950 1230 4021 igitur
1275 3951 1557 4010 clamabo?
1608 3955 1792 4012 Omnis
1832 3976 1956 4013 caro

369 4036 574 4104 fenum,
599 4045 648 4090 et
670 4039 838 4092 omnis
862 4039 1034 4109 gloria
1080 4044 1197 4113 ejus
1226 4043 1362 4098 sicut
1389 4045 1488 4113 ﬂos
1521 4046 1627 4115 feni
1644 4047 1711 4114 '°,
1744 4057 1797 4103 et
1834 4065 1955 4119 quae

369 4137 697 4197 sequuntur.
725 4128 870 4185 Niliil
898 4131 985 4187 hic
1016 4134 1227 4188 audivit
1258 4147 1447 4191 contra
1480 4137 1664 4194 Israel.
1703 4139 1827 4196 Haec
1852 4158 1954 4196 uo-

369 4216 455 4273 bis
480 4220 571 4275 ille
603 4221 819 4277 dicebat
852 4232 1110 4297 tanquam
1158 4228 1358 4284 tradita
1391 4228 1445 4285 in
1477 4230 1610 4287 illud
1641 4251 1655 4287 :
1690 4231 1955 4305 Decepiin

369 4326 470 4375 me,
497 4310 737 4380 Domine,
765 4327 815 4371 et
842 4317 1084 4389 deceptus
1112 4337 1251 4378 sum.

2096 1922 2211 1976 δεῖν
2236 1923 2296 1977 τὸ
2328 1926 2585 1997 ποτήριον
2626 1925 2721 1978 τοῦ
2759 1926 2903 1980 οίνου
2943 1927 3041 1981 τοῦ
3076 1927 3339 1999 ἀκράτου,
3364 1928 3530 2001 φησί·
3566 1929 3679 1984 Καὶ

2093 2016 2440 2083 ἐξαποστελῶ
2474 2036 2533 2072 σε
2557 2019 2696 2090 πρὸς
2723 2021 2899 2074 πάντα
2930 2021 2997 2074 τὰ
3033 2020 3159 2093 ἔθνη
3200 2020 3392 2092 ἔχοντα
3434 2019 3594 2076 τοῦτο
3615 2020 3681 2075 τὸ

2093 2112 2350 2181 ποτήριον
2389 2110 2485 2163 τοῦ
2517 2112 2663 2164 οἴνου
2693 2111 2787 2165 τοῦ
2811 2112 3074 2184 ἀκράτου.
3092 2112 3355 2176 ’Δκούσας
3375 2112 3430 2165 δὲ
3452 2115 3482 2167 ὁ
3516 2114 3678 2185 Ἱερεο

2093 2199 2241 2269 μίας,
2274 2201 2356 2254 ὅτι
2390 2201 2777 2256 ἀποστέλλεται
2814 2202 2951 2275 πρὸς
2975 2202 3155 2256 πάντα
3172 2204 3242 2257 τά
3267 2202 3417 2273 ἔθνη,
3449 2205 3532 2258 ὅτι
3551 2204 3674 2259 δια-

2087 2291 2337 2361 κονήσων
2362 2292 2547 2357 αὐτοῖς
2576 2295 2835 2365 ποτήριον
2863 2294 3054 2366 ὀργῆς,
3095 2297 3350 2369 ποτήριον
3374 2296 3671 2363 κολάσεων,

2089 2386 2163 2457 μὴ
2189 2386 2510 2458 ὑπονοήσας,
2534 2386 2618 2441 ὅτι
2649 2387 2866 2459 Ἰσραὴλ
2898 2388 3079 2459 μέλλει
3107 2388 3283 2443 πίνειν
3314 2390 3422 2443 ἀπὸ
3444 2389 3540 2443 τοῦ
3569 2389 3669 2461 τῆς

2083 2477 2357 2542 κολάσεως
2384 2479 2665 2551 ποτηρίου,
2689 2480 2988 2551 ἀπατηθεὶς
3021 2480 3179 2534 ἔλασε
3202 2482 3262 2535 τὸ
3284 2482 3543 2554 ποτήριον
3573 2479 3671 2535 τοῦ

2082 2571 2299 2626 ποτίσαι
2325 2572 2505 2625 πάντα
2542 2570 2611 2624 τὰ
2650 2571 2799 2643 ἔθνη.
2830 2571 3025 2626 Λαϐὼν
3058 2571 3120 2626 τὸ
3145 2574 3405 2645 ποτήριον
3428 2574 3665 2645 ἠκουσεο

2079 2662 2189 2716 Καὶ
2216 2664 2424 2727 ποτιεϊς
2470 2662 2686 2733 πρῶτον
2729 2662 2828 2735 τὴν
2872 2664 3249 2737 Ἰερουσαλήμ.
3269 2665 3418 2718 Ἐπεὶ
3450 2665 3508 2718 δὲ
3538 2664 3669 2721 ἀλλο

2080 2773 2181 2844 μὲν
2208 2775 2633 2847 προσεδόκησεν,
2662 2758 2789 2830 ἄλλο
2809 2775 2867 2829 δὲ
2896 2775 3045 2846 αὐτῷ
3070 2777 3402 2849 ἀπήντησεν,
3431 2778 3524 2831 ἐπὶ
3548 2777 3668 2832 τού·-

2075 2856 2229 2935 τῳ’δέ
2256 2883 2418 2937 φησιν
2440 2882 2454 2897 ·
2496 2865 2832 2935 Ὴπάτησάς
2852 2885 2949 2936 με,
2974 2869 3169 2936 Κύριε,
3196 2870 3291 2922 καὶ
3318 2869 3658 2938 ἡπατήθην.

2075 2956 2468 3028 Παραπλήσιον
2503 2956 2674 3031 ταύτῃ
2714 2960 2780 3029 τῇ
2829 2958 3078 3031 διηγήσει
3104 2959 3357 3014 ἀπεδίδου
3378 2961 3475 3013 καὶ
3500 2963 3559 3014 ὲν
3583 2960 3665 3033 τῷ

2085 3049 2282 3116 Ἡσαΐᾳ
2302 3065 2319 3081 ·
2348 3050 2600 3113 κάκεῖνος
2641 3049 2751 3120 γὰρ
2786 3050 2884 3102 ούκ
2909 3049 3065 3114 εἰδὼς
3088 3051 3147 3103 τί
3174 3050 3357 3121 μέλλει
3384 3054 3663 3124 προστάση

2072 3140 2260 3194 σεσθαι
2284 3140 2463 3210 λέγειν
2504 3141 2582 3213 τῷ
2621 3140 2753 3213 λαῷ,
2781 3141 2971 3196 ἀκούει
2997 3141 3092 3197 τοῦ
3126 3142 3263 3197 Θεοῦ
3301 3146 3444 3198 κατά
3468 3145 3535 3198 τὰ
3560 3162 3658 3215 γε·-

2065 3233 2362 3304 γραμμένα
2403 3233 2688 3301 λέγοντος·
2721 3235 2859 3288 Τίνα
2894 3235 3256 3299 ἀποστείλω,
3296 3236 3397 3291 καὶ
3428 3237 3519 3303 τις
3545 3254 3657 3291 πο-

2057 3326 2342 3393 ρεύσεται
2393 3325 2545 3380 κατὰ
2589 3324 2700 3379 τὸν
2738 3326 2895 3380 λαὸν
2940 3328 3158 3381 τοῦτον
3168 3345 3189 3392 ;
3244 3330 3301 3383 ’0
3344 3329 3425 3395 δὲ,
3467 3331 3655 3399 φησὶν,

2064 3416 2398 3489 ἀπεκρίνατο
2415 3432 2429 3444 ⁸
2455 3415 2601 3470 Ἰδοὺ
2619 3416 2731 3486 ἐγώ
2748 3419 2863 3486 ειμι
2878 3434 2895 3449 ·
2912 3418 3380 3489 (inducendi-pc.
3414 3419 3648 3473 Ἀκούει·

2064 3509 2407 3575 Πορεύθητι,
2440 3506 2540 3561 καὶ
2567 3503 2741 3561 εἷπον
2770 3506 2852 3574 τῷ
2881 3509 3008 3574 ,1αῷ
3038 3512 3254 3575 τούτῳ·
3284 3510 3452 3578 Ἀκοῇ
3472 3510 3649 3565 ἀκού-ε

2063 3614 2224 3661 σετε,
2261 3598 2359 3652 καὶ
2386 3600 2458 3652 οὑ
2481 3598 2568 3667 μὴ
2588 3598 2847 3668 συνῆτεε
2880 3600 2979 3654 καί
3000 3601 3341 3668 ,βλέποντες
3363 3604 3646 3671 βλέψετε,

2069 3689 2167 3743 καὶ
2186 3690 2259 3743 οὐ
2277 3688 2364 3758 μὴ
2383 3687 2546 3754 ἴδητε
2564 3705 2579 3720 ·
2603 3688 2915 3757 ἐπαχύνθη
2941 3691 3049 3760 γὰρ
3065 3693 3103 3759 ἡ
3123 3692 3338 3759 καρδία
3365 3693 3470 3747 τοῦ
3495 3693 3654 3749 λαοῦ

2064 3781 2299 3845 τούτου,
2345 3779 2440 3833 καὶ⁸
2469 3779 2538 3833 τά
2577 3778 2724 3851 ἑξῆς.
2744 3781 2895 3833 Ἐπεὶ
2922 3777 3036 3848 οὖν,
3086 3783 3160 3854 μὴ
3196 3783 3353 3848 εἰδὼς
3396 3784 3427 3837 δ
3470 3784 3654 3856 μέλλει

2063 3870 2450 3944 προφητεύειν,
2475 3872 2571 3925 καὶ
2595 3871 2677 3924 ὅτι
2710 3871 2893 3941 μέλλει
2922 3873 3165 3927 ἀπειλεῖν
3199 3873 3278 3945 τῷ
3309 3874 3444 3946 λαῷ,
3471 3875 3653 3931 τοιάδε

2061 3959 2216 4017 εἶπεν
2239 3980 2253 3996 ’
2319 3962 2466 4017 Ἰδοὺ
2514 3963 2631 4034 ἐγώ
2658 3966 2802 4034 ειμι·
2836 3965 3205 4023 ἀπόστειλόν
3228 3985 3302 4028 με
3322 3985 3336 3998 ·
3367 3969 3456 4023 διὰ
3493 3969 3655 4024 τοῦτό

2060 4071 2225 4124 φησιν
2243 4054 2299 4107 ὲν
2312 4056 2426 4118 τοῖς
2442 4052 2570 4125 ἑξῆς
2585 4054 2754 4124 φωνὴ
2765 4052 3052 4126 λέγοντος
3068 4071 3086 4089 ο
3106 4058 3373 4124 Βόησον.
3397 4058 3455 4113 ὐ
3474 4059 3533 4113 δὲ
3552 4060 3654 4114 οὐκ

2059 4145 2414 4217 ἀπεκρίνατο,
2445 4146 2519 4209 ὡς
2544 4146 2823 4219 πρύθυμος
2855 4146 3078 4217 ποιῆσαι
3104 4148 3164 4200 τὸ
3186 4148 3651 4220 ὑποτασσόμενον,

2060 4236 2176 4291 ἀλλ’
2200 4231 2322 4290 εἷπε
2341 4253 2355 4268 ·
2397 4236 2458 4290 Τί
2482 4236 2735 4303 ﬂorida);
2762 4234 3064 4291 Εὑλαϐεῖτο
3095 4236 3206 4308 γὰρ
3239 4238 3452 4308 μήποτε
3484 4240 3656 4294 πάλιν

2061 4328 2273 4401 ἀκούσῃ
2309 4329 2385 4394 ὡς
2411 4329 2504 4383 ἐπὶ
2536 4329 2633 4399 τῆς
2660 4328 2935 4400 προτέρας
2957 4329 3295 4401 προφητείας
3313 4346 3325 4360 ·
3352 4332 3653 4401 Πορεύθη-

366 4422 440 4473 τι,
466 4410 563 4463 καὶ
590 4406 762 4465 εἷπον
784 4411 865 4479 τῷ
900 4415 1029 4481 λαῷ
1066 4418 1283 4484 τούτῳ·
1318 4418 1488 4490 Ἁκοῇ
1509 4421 1824 4491 ἀκούσετε,
1853 4423 1951 4477 καὶ
1990 4426 2062 4479 οὐ
2085 4424 2173 4495 ,ιιὴ
2201 4424 2451 4494 συνῆτε.
2488 4425 2550 4479 Tl
2567 4420 2661 4479 οὖν
2686 4422 2936 4490 ,βοήσωῖ
2974 4422 3149 4479 Πᾶσα
3203 4422 3360 4492 σὰρξ
3412 4425 3647 4493 χόρτος.

365 4494 468 4551 καὶ
516 4496 686 4553 πᾶσα
733 4499 883 4567 δόξα
932 4505 1123 4575 αὐτῆς
1162 4508 1241 4574 ὡς
1279 4508 1462 4578 ἄνθος
1489 4514 1729 4582 χόρτου,
1785 4517 1878 4569 καὶ
1936 4515 2006 4570 τὰ
2042 4515 2189 4589 ἑξῆς.
2240 4516 2405 4570 Οὐδὲν
2449 4517 2683 4587 ἡκουσεν
2732 4517 2791 4569 ὲν
2836 4513 3045 4578 τούτοις
3086 4512 3227 4567 κατά
3276 4512 3369 4567 τοῦ
3408 4514 3644 4589 Ἰσραήλ.

366 4589 534 4647 Ταῦτ’
562 4593 748 4665 ἔλεγεν
783 4598 911 4668 ἡμῖν
948 4600 1152 4665 ἐκεῖνος
1198 4603 1469 4675 παραδοὺς
1491 4607 1579 4661 τόο
1621 4609 1959 4679 Ἠπάτησὰς
1990 4629 2087 4682 με,
2120 4613 2316 4679 Κύριε,
2348 4610 2447 4665 καὶ
2469 4610 2807 4680 ήπατήθην.

436 4682 492 4738 '5.
534 4683 647 4756 Ego
690 4701 818 4742 vero
864 4699 994 4760 opto
1040 4707 1217 4762 neque
1247 4710 1312 4749 ea
1344 4712 1465 4766 quae
1500 4700 1570 4753 ab
1592 4700 1716 4756 aliis
1753 4702 1947 4759 tradita
1983 4707 2030 4765 υ

365 4776 598 4848 accipio,
636 4794 855 4835 servare
909 4783 1048 4848 sola,
1098 4801 1276 4857 neque
1318 4789 1580 4849 talentum
1637 4809 1824 4857 eorum
1858 4799 1952 4866 qui

365 4869 503 4923 mihi
558 4870 764 4942 aliquid
817 4872 1024 4940 dicunt,
1084 4877 1137 4931 in
1185 4885 1385 4933 terram
1444 4881 1729 4950 defodere,
1777 4901 1953 4956 neque

363 4961 567 5016 minam
595 4979 783 5019 eorum
814 4967 908 5036 qui
936 4968 1067 5027 utile
1095 4972 1371 5042 quidpiam
1400 4973 1615 5041 docent,
1644 4977 1696 5031 in
1729 4979 1953 5034 sudario

360 5053 640 5126 colligare,
658 5058 752 5113 sed
778 5060 1141 5132 multiplicare
1160 5075 1424 5136 praecepta
1452 5071 1807 5140 quae'accipio
1836 5082 1949 5126 tra-

367 5143 475 5204 dita
506 5150 576 5205 ab
592 5167 657 5206 eo
675 5153 768 5223 qui
787 5153 941 5208 utilia
968 5159 1377 5226 potest-tradere
1392 5161 1458 5218 ⁷¹.
1479 5159 1722 5231 Optarim
1743 5164 1946 5221 minam

361 5241 478 5297 sive
494 5240 796 5314 Evangelii,
818 5246 933 5303 sive
958 5246 1225 5318 Apostuli,
1242 5251 1354 5306 sive
1371 5253 1669 5323 prophetae,
1686 5255 1800 5311 sive
1817 5256 1949 5326 legis

360 5348 581 5405 augere.
604 5332 701 5393 llis
722 5337 947 5403 auditis,
967 5355 1179 5395 mecum
1199 5341 1315 5412 ipse
1328 5343 1632 5414 cogitabam
1652 5344 1718 5401 de
1741 5361 1836 5402 eo:
1857 5347 1952 5401 De-

360 5428 543 5497 cepisti
579 5445 679 5493 me,
718 5430 964 5497 Domine,
998 5443 1047 5486 et
1086 5433 1329 5503 deceptus
1363 5452 1499 5493 sum.
1533 5437 1710 5508 Atque
1737 5439 1945 5494 utinam

360 5518 523 5589 265
545 5520 802 5592 cogitanti
839 5524 1045 5595 aliquid
1077 5525 1189 5581 veri
1222 5525 1275 5581 in
1310 5527 1472 5583 istum
1504 5529 1683 5585 locum
1711 5531 1950 5600 reperire

357 5714 477 5838 xu“
499 5712 717 5842 2162mm.
747 5735 874 5791 xxv,
907 5721 995 5778 15.
1074 5724 1118 5758 ⁸⁷
1159 5724 1259 5780 [53,
1295 5740 1371 5794 γε,
1402 5724 1456 5781 ε,
1533 5727 1578 5761 ιι
1618 5726 1748 5783 ibid.
1780 5743 1857 5798 lx,
1885 5727 1970 5783 lo.

457 5824 472 5852 ι
504 5824 591 5842 ,νο

2140 4701 2283 4772 Ἐγὼ
2317 4702 2375 4756 δὲ
2398 4700 2628 4773 εὔχομαι
2667 4701 2703 4754 ἀ
2734 4699 2999 4771 λαμϐάνω
3026 4700 3135 4755 ἀπὸ
3157 4701 3266 4755 τῶν
3290 4702 3542 4757 διδόντων
3570 4704 3644 4776 μὴ

2057 4799 2296 4870 τηρῆσαι
2330 4797 2486 4869 μόνα,
2518 4796 2653 4868 μηδὲ
2676 4793 2971 4867 κατορῦξαι
3014 4795 3076 4849 τὸ
3112 4796 3374 4850 τάλαντον
3417 4796 3528 4850 τῶν
3561 4795 3645 4849 λε-

2058 4890 2263 4961 γόντων
2297 4907 2385 4962 μοι
2411 4891 2490 4955 είς
2515 4888 2612 4961 τὴν
2634 4889 2758 4960 γῆν,
2793 4888 2926 4960 μηδὲ
2950 4886 3047 4959 τὴν
3073 4890 3213 4959 μνᾶν
3231 4888 3340 4942 τῶν
3371 4887 3649 4942 διδασκόν-

2056 4999 2166 5037 των
2204 5000 2258 5036 τι
2295 4984 2563 5055 χρήσιμον
2598 4981 2866 5053 ἀποδῆσαι
2895 4984 2954 5036 ὲν
2987 4980 3271 5055 σουδαρίῳ,
3299 4980 3435 5034 ἀλλὰ
3481 4981 3644 5035 πλεο-

2059 5074 2267 5147 νασμὸν
2315 5075 2538 5145 ποιῆσαι
2559 5073 2688 5127 ’τῶν
2710 5073 3092 5146 δμαθημάτων,
3138 5066 3212 5126 ὧν
3237 5072 3497 5145 λαμϐάνω
3535 5071 3646 5127 ἀπὺ

2055 5167 2149 5221 τοῦ
2200 5166 2582 5239 παραδιδόντος
2639 5167 2734 5221 καὶ
2781 5167 3081 5238 δυναμένου
3126 5165 3461 5239 παραδοῦναι
3504 5165 3640 5238 χρή-

2057 5273 2224 5328 σιμαο
2256 5256 2485 5329 εὔχομαι
2520 5257 2619 5328 τὴν
2668 5258 2807 5327 μνᾶν
2844 5253 2955 5309 εἶτε
2985 5256 3340 5325 Εύαγγελίου,
3374 5255 3484 5308 εἴτε
3512 5256 3644 5308 ἀπο-

2057 5349 2266 5415 στόλου,
2318 5349 2428 5402 εῖτε
2499 5350 2804 5420 προφήτου,
2850 5347 2960 5402 εἴτε
3008 5348 3175 5419 νόμου
3224 5346 3449 5417 ποιῆσαι
3510 5344 3638 5399 πολ-

2054 5438 2409 5494 λαπλασίονα.
2465 5437 2632 5495 Ταῦτ’
2680 5434 2772 5493 οὖν
2833 5439 3110 5502 ἀκούσας,
3175 5438 3443 5495 ἐσκόπουν
3486 5438 3640 5521 ’κατ’

2054 5528 2292 5600 ἐμαυτὸν
2325 5530 2453 5600 περὶ
2477 5528 2570 5583 τοῦ
2592 5546 2605 5561 ·
2649 5529 2987 5599 Ἠπάτησάς
3005 5547 3104 5600 με,
3132 5532 3332 5598 Κύριε,
3352 5528 3450 5583 καὶ
3484 5528 3639 5597 vim.

2048 5729 2092 5763 ⁸⁸
2129 5727 2348 5799 lsa.xt.,
2382 5728 2437 5787 6.
2494 5731 2561 5806 "°
2600 5732 2730 5788 ibid.
2809 5734 2849 5765 τ’
2894 5730 3084 5789 Matth.
3136 5746 3263 5800 xxv,
3315 5732 3420 5799 ‘25;
3488 5727 3627 5797 Lm”,
