4122 6420
396 415 502 472 5υό

1553 413 1619 469 IN
1660 411 2009 469 JEREMIAM
2052 413 2333 471 IIOMILIA
2372 416 2513 472 XIX.

3564 418 3671 476 ιεοο

395 532 611 605 τήθην·
663 533 756 594 καὶ
808 534 1029 588 σκοπῶν
1081 530 1310 605 εύχομαι
1352 532 1629 605 εύρεσκειν
1669 552 1721 588 τι
1753 537 1836 600 εἰς
1885 535 1955 588 τὶν

2079 535 2379 605 contingat.
2426 535 2569 591 Num
2621 550 2753 607 ergo
2783 536 2926 593 sicut
2959 543 3109 608 pater
3154 537 3326 593 illium
3361 538 3542 595 adhuc
3577 537 3670 594 in-

389 626 554 680 τόπον
588 625 808 698 ἀληθές.
838 628 1066 698 Μήποτε
1095 621 1189 680 οὖν
1217 627 1293 691 ὡς
1323 626 1505 697 πατὴρ
1539 627 1654 680 υἱὸν
1679 626 1759 680 ἔτι
1786 628 1982 697 νήπιον

389 714 518 768 ὄντα
540 716 756 787 άπατᾷν
786 716 878 793 ἐπὶ
904 714 983 786 τῷ
1011 716 1343 786 συμφέροντι
1380 713 1648 785 βούλεται,
1674 714 1774 767 οὐκ
1807 712 1982 776 ἄλλως

388 804 688 877 δυνάμενον
723 806 1094 878 ὠφεληθῆναι,
1117 807 1212 861 ἐὰν
1250 807 1324 879 μὴ
1353 808 1382 859 6
1415 809 1546 870 παῖς
1576 805 1831 878 ἀπατηθῇ
1859 822 1872 835 ο
1905 805 1981 869 ὡς

392 897 574 968 ἰατρὸς
609 899 828 969 ἁπατᾷν
863 898 955 953 τὸν
982 899 1258 970 κάμνοντα
1289 896 1756 969 πραγματεύεται,
1792 895 1865 967 μῆ
1892 896 1982 949 δυ-

386 987 619 1060 νάμενον
652 989 1076 1067 θεραπευθῆναι,
1120 990 1216 1044 ἐὰν
1251 990 1328 1062 μὴ
1363 990 1580 1062 ἀπάτης
1608 989 1979 1061 παραδέξηται

385 1079 605 1148 λόγους·
651 1078 794 1134 οὕτω
826 1083 921 1135 καὶ
952 1084 980 1135 6
1025 1081 1134 1134 τῶν
1163 1081 1301 1136 ὅλων
1332 1081 1488 1148 Θεὸς,
1523 1080 1645 1134 ἐπεὶ
1678 1081 1978 1151 προκείμε-

385 1187 476 1225 νον
502 1169 613 1242 ἕχει
639 1171 921 1243 ὠφελῆσαι
958 1173 1019 1226 τὸ
1047 1172 1154 1227 τῶν
1198 1173 1502 1245 ἀνθρώπων
1531 1171 1723 1241 γένος;
1759 1170 1979 1240 Λεγέτω

383 1263 413 1316 6
459 1260 642 1332 ἰατρὸς
682 1260 762 1332 τῷ
792 1263 1053 1334 κάμνοντι
1073 1279 1087 1292 ·
1130 1263 1418 1336 Τμηθῆναί
1448 1280 1508 1316 σε
1540 1262 1638 1327 δεῖ,
1675 1279 1977 1334 καυτηρια·

386 1351 583 1422 σθῆναὶ
619 1368 679 1405 σε
714 1351 814 1415 δεῖ,
848 1352 981 1407 ἄλλα
1014 1353 1373 1427 χαλεπώτερα
1412 1353 1607 1407 παθεῖν
1648 1370 1707 1407 σε
1736 1353 1844 1406 δεῖ·
1878 1352 1979 1406 οὐκ

385 1443 452 1496 ἂν
491 1441 763 1516 παράσχοι
795 1444 985 1498 ἑαυτὸν
1016 1446 1249 1509 ἐκεῖνος’
1286 1446 1399 1499 ἀλλ’
1438 1446 1610 1499 ἐνίοτε
1645 1444 1773 1499 ἄλλο
1804 1444 1975 1513 λέγει,

381 1533 477 1586 καὶ
528 1532 764 1605 ἔκρυψν
802 1534 906 1588 ὑπὸ
950 1534 1040 1589 τὸν
1096 1536 1335 1605 σπόγγον
1367 1537 1546 1588 ἐκεῖνο
1586 1534 1647 1587 τὸ
1678 1535 1873 1605 τέμνον
1917 1533 1978 1586 τὸ

379 1623 623 1696 διαιροῦν
667 1625 927 1697 σιδήριον.
980 1627 1090 1681 Καὶ
1150 1627 1311 1681 πάλιν
1370 1626 1626 1696 κρύπτει,
1683 1625 1748 1678 ἵν’
1805 1624 1978 1688 οὕτως

378 1713 652 1784 ὀνομάσω,
697 1715 801 1768 ὑπὸ
832 1715 892 1768 τὺ
927 1716 1047 1787 μέλι
1082 1715 1182 1788 τὴν
1206 1715 1301 1771 τοῦ
1353 1715 1551 1788 πικροῦ
1579 1716 1759 1784 φύσιν,
1791 1716 1886 1769 καὶ
1916 1715 1977 1768 τὸ

377 1803 541 1876 ἀηδὲς
572 1790 885 1877 φάρμακον,
919 1804 1241 1876 βουλόμενος
1279 1806 1352 1877 μὴ
1400 1805 1618 1876 βλάψαι,
1662 1804 1776 1859 ἀλλ’
1823 1806 1977 1860 ἰάσα-

2084 625 2289 685 l‘antcm
2315 629 2520 684 utiliter
2539 629 2791 699 decipere
2816 630 2951 692 vult,
2978 629 3121 698 quod
3153 630 3311 685 aliter
3332 631 3382 685 ei
3412 630 3673 701 prodesse

2082 732 2191 770 non
2226 718 2418 786 possit,
2451 719 2557 773 nisi
2603 734 2738 788 puer
2768 719 3093 790 decipiatur,
3125 730 3219 775 aut
3251 721 3393 776 sicut
3424 720 3669 776 medicus

2080 807 2330 877 decipere
2357 824 2562 878 aegrum
2595 820 2844 875 conatur,
2889 826 3011 866 cum
3043 828 3146 866 non
3176 812 3348 881 possit
3388 812 3545 875 aliter
3572 827 3671 867 (u-

2080 901 2189 954 rari
2221 899 2327 956 nisi
2360 899 2541 955 fraudi
2575 910 2778 970 pateat,
2839 902 2912 956 ita
2939 902 3104 957 etiam
3135 903 3244 972 agit
3275 901 3419 959 Deus
3452 917 3671 958 univer-

2081 1006 2293 1056 sorum,
2322 1007 2447 1047 cum
2477 993 2581 1049 sibi
2611 993 2949 1062 propositum
2982 994 3179 1049 habeat
3212 995 3454 1049 humano
3483 994 3667 1065 generi

2080 1084 2380 1152 prodesse?
2416 1083 2571 1140 Dicat
2624 1083 2870 1140 medicus
2911 1099 3057 1155 aegro
3098 1103 3113 1139 :
3151 1085 3335 1139 Secari
3368 1095 3421 1141 te
3446 1099 3668 1141 necesse
3684 1138 3690 1159 η.

2080 1180 2184 1237 est,
2231 1174 2474 1229 cauterio
2525 1175 2621 1229 tibi
2674 1189 2811 1245 opus
2842 1182 2946 1239 est,
2980 1175 3084 1229 alia
3126 1175 3377 1240 graviora
3425 1174 3521 1229 tibi
3567 1165 3688 1243 pa?

2080 1263 2263 1320 tienda
2305 1273 2464 1332 sunt;
2503 1280 2849 1336 nequaquam
2882 1265 2931 1320 ei
2980 1280 3040 1319 se
3085 1265 3260 1319 tradet
3293 1264 3409 1331 ille;
3444 1262 3539 1319 sed
3579 1263 3667 1317 in-

2079 1355 2293 1409 terdum
2326 1356 2473 1410 aliud
2501 1356 2653 1421 dicit,
2692 1366 2747 1411 et
2786 1358 2888 1412 sub
2914 1359 3141 1428 spongia
3170 1372 3363 1412 secans
3393 1356 3669 1412 dividens-

2080 1461 2187 1517 que
2218 1446 2420 1501 ferrum
2454 1447 2762 1503 abscondit.
2796 1447 2861 1502 Et
2896 1464 3114 1504 rursum
3162 1449 3265 1504 sub
3301 1448 3460 1502 melle
3506 1463 3664 1503 ama-

2078 1554 2201 1594 rum
2250 1539 2529 1608 quidpiam
2594 1542 2832 1595 occultat
2884 1540 3350 1611 injucundumque
3404 1539 3666 1609 pharma-

2079 1644 2243 1694 cum,
2286 1627 2472 1682 volens
2512 1645 2619 1683 non
2672 1644 2908 1693 nocere,
2964 1630 3058 1685 sed
3115 1629 3393 1684 inlirmum
3446 1644 3662 1685 sanare.

2078 1717 2361 1788 Ejusmodi
2395 1718 2648 1773 remediis
2696 1719 2852 1788 plena
2895 1727 2979 1774 est
3023 1721 3203 1775 omnis
3254 1718 3533 1789 Scriptura
3576 1718 3668 1773 di-

2081 1811 2240 1876 vina;
2277 1818 2331 1864 et
2364 1809 2626 1863 nonnulla
2657 1810 2876 1878 quidem
2906 1809 3093 1865 suavia
3123 1819 3252 1864 sunt
3279 1810 3484 1875 abdita,
3512 1826 3667 1880 quae-

378 1895 505 1950 σθαι
545 1896 636 1949 τὸν
681 1895 1141 1968 θεραπευόμενον.
1200 1897 1471 1950 Τοιούτων
1519 1897 1828 1969 φαρμάκων
1875 1915 1955 1951 πε·

2072 1900 2197 1956 dam
2224 1901 2351 1956 item
2384 1916 2572 1955 amara
2612 1910 2742 1957 sunt
2769 1901 3109 1957 abscondita.
3139 1900 3277 1956 Cum
3310 1902 3512 1956 videris
3550 1901 3666 1959 ﬁlio

375 1987 663 2058 πλήρωται
714 1987 810 2059 ὅλη
858 1991 892 2060 ἡ
953 1988 1072 2042 θεία
1116 1990 1341 2062 Γραφήο
1389 1989 1481 2043 καί
1528 2007 1652 2045 τινα
1696 1990 1798 2062 μὲν
1852 1987 1962 2044 ἔστι

374 2075 590 2148 χρηστὰ
648 2078 1030 2151 κρυπτόμενα,
1086 2081 1209 2134 τινὰ
1254 2081 1311 2135 δὲ
1366 2080 1540 2154 πικρὰ
1587 2082 1960 2155 κρυπτόμενα.

386 2167 514 2221 Ἐάν
542 2168 659 2242 ἴδῃς
686 2171 899 2242 πατέρα
926 2171 1252 2228 ἀπειλοῦντα
1269 2213 1283 2237 ,
1313 2175 1389 2239 ὡς
1420 2174 1682 2246 μισοῦντα
1712 2175 1801 2229 τὸν
1827 2175 1961 2243 υἱὸν,

373 2261 469 2314 καὶ
491 2259 719 2330 λέγοντα
752 2262 832 2335 τῷ
867 2263 968 2335 υἱῷ
1013 2265 1238 2338 φοϐερὰ,
1272 2267 1367 2321 καὶ
1404 2268 1480 2339 μὴ
1523 2267 1963 2339 ἐπιδεικνύμενον

370 2349 467 2423 τὴν
504 2351 906 2424 φιλοστοργίαν,
952 2354 1087 2409 ἀλλὰ
1131 2356 1444 2428 κρύπτοντα
1471 2358 1572 2430 τὴν
1601 2358 1822 2430 ἀγάπην
1862 2358 1961 2431 τὴν

368 2442 506 2514 πρὸς
529 2442 621 2497 τὸν
646 2444 783 2511 υἱὸν,
814 2444 956 2515 ὕψει,
990 2447 1073 2500 ὅτι
1094 2447 1311 2520 ἀπατᾷν
1340 2447 1590 2519 βούλεται
1632 2449 1698 2502 τὸ
1741 2451 1954 2521 νήπιοψ

366 2534 428 2587 ού
462 2533 573 2606 γὰρ
606 2537 875 2608 συμφέρει
901 2536 981 2609 τῷ
1015 2538 1119 2610 υἱῷ
1145 2540 1207 2593 τὸ
1242 2541 1568 2595 ἐπίστασθαι
1604 2543 1704 2615 τὴν
1740 2543 1960 2616 ἀγάπην

364 2628 460 2683 τοῦ
489 2632 715 2703 πατρὸς,
754 2631 853 2703 τὴν
887 2632 1211 2705 προαίρεσιν
1240 2632 1342 2704 τὴν
1374 2632 1627 2706 φιλικήν·
1662 2634 1959 2707 ὲκλυθήσε-

362 2740 454 2777 ται
499 2722 631 2796 γὰρ,
667 2723 761 2777 καὶ
806 2725 867 2777 ού
916 2724 1360 2797 παιδευθήσεται.
1404 2724 1505 2779 Διὰ
1535 2725 1692 2780 τοῦτο
1723 2727 1957 2800 κρύπτει

368 2806 547 2888 μὲντὸ
566 2815 737 2885 γλυκὺ
766 2816 867 2887 τῆς
893 2815 1296 2889 φιλοστοργίας,
1325 2816 1564 2872 δείκνυσι
1595 2818 1653 2872 δὲ
1678 2818 1738 2873 τὸ
1762 2820 1957 2893 πικρὸν

364 2907 465 2978 τῆς
497 2907 603 2959 ἀπε
614 2907 752 2977 ιλῆς.
784 2909 1039 2963 Τοιοῦτόν
1065 2926 1120 2964 τι
1149 2912 1295 2965 ποιεῖ
1327 2912 1393 2965 ὲκ
1423 2910 1519 2965 τοῦ
1549 2910 1815 2982 ἀναλόγου
1845 2929 1955 2968 πα-

362 2997 457 3068 τρὶ
493 2999 589 3051 καὶ
624 2997 795 3070 ἰατρῷ
820 3001 849 3053 6
891 2999 1045 3064 Θεὸς.
1094 3002 1252 3055 Ἔστι
1286 3002 1461 3076 πικρά
1491 3020 1634 3070 τινα,
1667 3001 1706 3058 ἃ
1738 3005 1835 3059 καὶ
1861 3005 1953 3061 τὸν

362 3084 702 3143 δικαιότατον
737 3090 837 3162 μὲν
866 3093 1011 3146 ἰᾶται
1038 3094 1244 3148 καὶτὸν
1272 3094 1603 3166 σοφώτατον.
1627 3095 1813 3151 Πάντα
1843 3099 1950 3171 γὰρ

361 3178 455 3231 τὸν
481 3179 871 3253 άμαρτήσοντα
899 3185 991 3237 ἐπὶ
1017 3187 1138 3249 ταῖς
1168 3187 1467 3258 ἁμαρτίαις
1495 3186 1822 3261 κολασθῆναι
1847 3189 1946 3243 δεῖ.

358 3265 458 3336 Μὴ
487 3269 839 3337 πλανᾶσθε,
872 3273 1016 3342 Θεὸς
1047 3276 1120 3330 οὐ
1147 3274 1582 3346 μυκτηρίζεται.
1627 3258 1769 3335 Elis
1804 3282 1950 3350 πόρ-
1977 3258 2022 3318 c

358 3373 488 3424 rec,
523 3358 645 3414 εἴτε
668 3361 903 3432 μοιχὸς,
932 3364 1055 3418 εἴτε
1090 3365 1386 3435 μαλακὸς,
1429 3367 1551 3422 εἶτε
1594 3369 1951 3438 ἀρσενοκοί-

357 3463 488 3516 της,
519 3449 643 3506 εἴτε
679 3451 966 3523 κλέπτης,
1009 3454 1131 3509 εἴτε
1169 3455 1459 3526 μέθυσος,
1491 3457 1613 3514 εἴτε
1646 3452 1947 3531 λοίδορος,

354 3541 477 3596 stre
503 3539 724 3611 ἅρπαξ,
752 3543 1084 3609 ,ϐασιλείαν
1111 3534 1260 3602 Θεοῦ
1285 3550 1358 3602 οὐ
1391 3548 1946 3621 κληρονομήσουσι.

355 3629 529 3684 Τοῦτο
554 3632 649 3687 ἐὰν
679 3633 845 3707 νοηθτι
866 3636 960 3690 καὶ
979 3637 1258 3711 ἁκριόωθῇ
1283 3639 1388 3694 ὑπὸ
1405 3639 1516 3694 τῶν
1539 3640 1615 3713 μὴ
1635 3641 1949 3714 δυναμένων

361 3718 488 3774 ἰδεῖν
514 3720 578 3775 τὸ
609 3723 849 3794 ἰατρικὸν
877 3726 1117 3799 σιδήριον
1150 3717 1264 3783 ιπδ
1282 3730 1375 3785 τὸν
1412 3732 1672 3801 σπόγγον,
1709 3734 1815 3788 ὑπὸ
1838 3735 1948 3789 τῶν

360 3808 436 3881 μὴ
459 3806 772 3884 δυναμένων
797 3816 942 3869 πιεῖν
967 3817 1031 3870 τὸ
1062 3819 1259 3891 πικρὸν
1280 3821 1572 3893 φάρμακον
1591 3823 1696 3877 ὑπὸ
1714 3824 1777 3877 τὸ
1803 3825 1945 3895 μέλι,

356 3901 661 3973 ὲκκακήσει
687 3920 791 3966 τις.
834 3904 929 3969 Τίς
959 3907 1068 3979 γάρ
1102 3908 1260 3980 ἡμῶν
1285 3911 1347 3963 οὐ
1377 3912 1619 3968 σύνοιδεν
1644 3911 1822 3983 ἑαυτῷ
1858 3913 1949 3967 πί-

362 4010 499 4052 νοντι
540 3996 601 4049 αὖ
629 3997 769 4067 μετὰ
789 3996 1004 4079 βουλῆς,
1038 4002 1134 4055 καὶ
1163 4002 1515 4074 μεθυσθέντι;
1541 4005 1639 4069 Τίς
1661 4005 1817 4076 ήμῶν
1844 4024 1946 4060 κα-

355 4085 577 4158 θαρεύει
606 4088 717 4141 ἀπὸ
738 4088 970 4161 κλοπῆς,
996 4092 1092 4145 καὶ
1120 4094 1229 4146 ἀπὸ
1255 4095 1350 4147 τοῦ
1384 4095 1459 4166 μὴ
1491 4098 1850 4169 πεωρικέναι
1876 4099 1950 4154 τὰ

354 4177 638 4250 ιπιτήδεια
670 4179 931 4249 δεόντως;
984 4183 1123 4239 Ἀλλ’
1154 4186 1255 4258 ὅρα
1284 4188 1338 4241 τι
1382 4187 1529 4258 λέγει
1557 4191 1586 4244 6
1620 4190 1778 4261 λόγος
1799 4209 1813 4223 ο
1842 4193 1942 4263 Μὴ

353 4267 687 4337 πλανᾶσθε,
718 4272 808 4327 ὅτι
834 4271 1002 4331 οὗτοι
1017 4277 1348 4341 ,βασιλείαν
1377 4281 1526 4336 Θεοῦ
1551 4285 1624 4337 οὐ
1654 4288 1946 4355 κληρονο-

346 4358 641 4431 μήσουσι.
676 4364 751 4418 Τὸ
794 4366 935 4420 κατά
967 4367 1057 4421 τὸν
1088 4370 1251 4424 τόπον
1298 4374 1598 4446 μυστήριον
1635 4378 1944 4449 κεκρῦφθαι

349 4452 449 4517 δεῖ,
479 4455 568 4510 ἵνα
622 4456 699 4530 μὴ
747 4459 1034 4535 ὲκκακήσῃ
1086 4463 1115 4516 6
1149 4463 1343 4529 πολύς·
1391 4466 1478 4520 ἵνα
1517 4467 1591 4539 μὴ
1638 4469 1827 4541 μαθὼν
1874 4470 1944 4526 τὰ

350 4545 654 4619 πράγματα
688 4548 1037 4624 προσδοκήσῃ
1074 4551 1175 4625 τὴν
1219 4553 1416 4621 ἔξοδον,
1451 4557 1549 4629 οὐχ
1586 4558 1662 4624 ὠς
1694 4560 1942 4615 ἀνάπαυ-

349 4653 454 4701 σιν,
490 4639 606 4694 ear
644 4640 721 4704 ὡς
761 4640 1002 4696 κόλασιν.
1051 4645 1123 4697 Ἢ
1155 4646 1241 4710 τις
1267 4647 1627 4722 εὑρεθήσεται
1659 4653 1875 4719 Παῦλος
1909 4658 1939 4710 6

345 4729 643 4802 δυνάμενος
672 4731 851 4801 λέγειν
871 4750 886 4764 ’
910 4736 1175 4792 Κάλλιον
1198 4738 1309 4808 τὰρ
1334 4740 1659 4808 ἀναλῦσαι,
1686 4745 1787 4799 καὶ
1816 4746 1939 4802 σὺν

345 4821 581 4890 Χριστῷ
599 4820 785 4889 εῖν-αις
819 4826 960 4897 Ἐγὼ
981 4827 1039 4880 δὲ
1067 4828 1128 4881 οὐ
1152 4829 1388 4902 δύναμαι
1409 4832 1567 4887 τοῦτο
1590 4835 1794 4905 λέγειν’
1819 4834 1939 4893 οἶδα

343 4911 456 4984 γὰρ
493 4914 597 4980 ὅτι,
629 4915 723 4970 ἐὰν
745 4917 948 4984 ἐξέλθω
963 4917 1032 4972 τὰ
1047 4919 1156 4991 ὲμὰ
1178 4920 1312 4988 ξύλα
1331 4923 1602 4995 καυθῆναι
1617 4929 1677 4981 ὲν
1693 4929 1819 5000 ἐμοὶ
1834 4929 1931 4984 δεῖ.

341 5000 489 5059 Ξύλα
516 5006 574 5060 δὲ
597 5006 709 5078 ἔχω
725 5010 827 5072 τὰς
851 5008 1138 5082 λοιδορίας,
1167 5012 1300 5080 ξύλα
1325 5013 1435 5085 ἔχω
1457 5016 1557 5081 τὰς
1587 5017 1777 5089 μέθας,
1800 5020 1936 5088 ξύλα

341 5098 442 5163 τὰς
472 5098 701 5165 κλοπὰς,
740 5102 837 5155 καὶ
868 5100 1003 5156 ἄλλα
1033 5103 1204 5177 μυρία
1228 5104 1360 5170 ξύλα
1390 5089 1791 5182 ὲπῳκδδόμησά
1829 5129 1932 5184 μου

338 5193 407 5262 τῇ
434 5192 714 5265 οἰκοδομῇ.
764 5193 949 5265 Ὁρᾷς,
993 5196 1075 5249 ὃτι
1106 5195 1281 5251 ταῦτα
1315 5198 1494 5254 πάντα
1521 5200 1772 5257 λανθάνει
1805 5207 1934 5271 τοὺς

339 5281 573 5346 πολλοὺς
603 5282 713 5337 τῶν
758 5287 1233 5355 πεπιστευκότων;
1282 5286 1387 5343 καὶ
1422 5291 1604 5356 καλῶς
1653 5294 1927 5351 λανθάνει.

336 5375 452 5429 Καὶ
493 5376 723 5442 ἕκαστος
765 5379 922 5451 ἡμῶν
953 5380 1146 5445 οῖεται,
1196 5381 1278 5436 ὅτι
1319 5382 1396 5456 μὴ
1423 5384 1927 5460 εἰδωλολάτρευσεν,

337 5464 462 5517 ἐπεὶ
509 5465 585 5539 μὴ
627 5468 999 5540 πεπόρνευκεν
1045 5470 1197 5542 (εῐθε
1239 5472 1345 5528 κᾶν
1378 5476 1472 5529 ἐπὶ
1517 5476 1628 5530 τῶν
1670 5478 1929 5537 τοιούτων

335 5555 733 5630 καθαρεύωμεν
752 5558 906 5628 Ξ),ὄτι
945 5564 1282 5636 ἀπαλλαγεὶς
1311 5567 1406 5622 τοῦ
1443 5567 1559 5640 βίου
1598 5569 1923 5643 σωθήσεται.

333 5650 413 5705 Οὐ
449 5650 718 5724 βλέπομεν
737 5692 752 5719 ,
782 5653 862 5708 ὅτι
895 5656 1039 5724 τοὺς
1075 5657 1310 5728 πάντας
1339 5659 1498 5732 ⁸ἡμᾶς
1540 5663 1925 5734 παρασταθῆ-

409 5807 454 5845 "
481 5807 655 5866 Galat.
682 5827 757 5883 vt,
785 5811 851 5883 7;
882 5811 901 5867 l
931 5810 1056 5872 Cor.
1087 5830 1162 5884 vt,
1197 5817 1249 5886 9,
1289 5818 1369 5873 l0.
1446 5819 1491 5850 ⁷⁸
1518 5817 1750 5892 Philipp.
1783 5835 1819 5889 ι,
1847 5820 1933 5879 25.

2062 5819 2105 5877 ιι
2133 5820 2258 5877 Cor.
2288 5836 2345 5889 ν,
2382 5820 2464 5877 l0.

2067 2006 2301 2067 patrem,
2336 1996 2562 2066 perinde
2593 2011 2658 2050 ac
2684 1995 2730 2050 si
2761 1995 2986 2060 odisset,
3026 1993 3346 2058 minantem,
3373 2001 3429 2049 et
3452 1992 3671 2048 terribi-

2064 2088 2209 2145 libus
2241 2088 2423 2145 verbis
2454 2104 2580 2144 eum
2611 2088 2993 2158 obiurgantem
3015 2127 3031 2153 ,
3078 2102 3180 2142 nec
3219 2087 3384 2142 ullam
3433 2087 3487 2141 in
3533 2101 3660 2140 cum

2064 2180 2388 2236 charitatem
2433 2196 2545 2251 prae
2596 2196 2656 2236 se
2709 2179 2997 2247 ferentem,
3046 2180 3143 2235 sed
3191 2178 3533 2248 obtegentem
3564 2193 3661 2248 pa-

2064 2280 2279 2328 ternum
2310 2288 2576 2339 amorem,
2623 2271 2935 2343 perspicies
2971 2271 3151 2341 ipsum
3196 2270 3335 2326 velle
3363 2269 3531 2323 lilium
3562 2267 3659 2322 de-

2062 2364 2262 2434 cipere.
2295 2362 2416 2419 Non
2461 2364 2609 2419 enim
2637 2365 2858 2434 expedit
2906 2363 3018 2418 lilio
3051 2371 3111 2418 ut
3132 2371 3418 2431 paternum
3445 2360 3658 2416 noverit

2061 2471 2304 2511 amorem
2339 2456 2750 2526 voluntatisque
2783 2454 3071 2521 allectum;
3113 2452 3359 2523 alioquin
3391 2451 3659 2507 dissolve-

2059 2556 2183 2616 tur,
2218 2563 2327 2603 non
2358 2548 2767 2603 emendabitur.
2820 2546 3030 2601 Idcirco
3065 2544 3274 2615 paterni
3303 2543 3506 2598 amoris
3533 2543 3656 2598 dul—

2060 2638 2304 2696 cedinem
2339 2640 2598 2705 occultat,
2620 2650 2675 2695 et
2698 2640 2980 2694 minarum
3016 2636 3437 2692 amaritudinem
3468 2645 3655 2691 osten-

2058 2728 2158 2785 dit.
2188 2726 2357 2796 ldem,
2383 2727 2740 2799 proportione
2772 2738 3011 2794 servata,
3035 2742 3101 2783 ac
3128 2735 3281 2798 pater
3302 2734 3359 2780 et
3383 2725 3651 2792 medicus,

2058 2818 2190 2876 facit
2216 2819 2381 2877 Deus.
2416 2818 2559 2876 Sunt
2599 2836 2791 2876 amara
2821 2821 3072 2891 quaedam
3097 2835 3222 2892 qua:
3267 2819 3429 2874 etiam
3456 2817 3652 2888 justis-

2059 2911 2262 2968 simum
2288 2928 2354 2969 ac
2387 2913 2858 2985 sapientissimum
2885 2922 3101 2967 sanant.
3130 2910 3341 2966 .Omnis
3368 2909 3514 2966 enim
3553 2908 3651 2979 qui

2054 3005 2382 3077 peccaverit,
2434 3020 2534 3075 pro
2570 3005 2815 3076 peccatis
2860 3004 3168 3075 puniendus
3197 3011 3301 3060 est.
3355 3001 3535 3059 Nolite
3564 3018 3651 3056 er-

2054 3111 2195 3162 rare,
2212 3095 2352 3150 Deus
2372 3110 2477 3149 non
2504 3095 2781 3166 irridetur.
2804 3093 2926 3150 Siue
2945 3094 3258 3164 fornicator,
3285 3092 3391 3147 sive
3414 3091 3648 3157 adulter,

2038 3188 2161 3243 sive
2191 3186 2389 3252 mollis,
2432 3188 2538 3242 sive
2573 3186 2935 3241 masculorum
2974 3185 3310 3251 concubitor,
3360 3184 3468 3238 sive
3516 3183 3639 3253 fur,

2055 3281 2162 3336 sine
2200 3280 2458 3347 ebriosus,
2497 3280 2605 3335 sive
2641 3278 2969 3346 maledicus,
3017 3279 3123 3334 siue
3166 3286 3378 3347 raptor,
3422 3290 3642 3346 regnum

2055 3370 2156 3428 Dei
2185 3387 2287 3426 non
2325 3370 2664 3442 possidebunt
2693 3372 2762 3425 ⁷³.
2794 3369 2910 3426 Ηοο
2937 3371 2985 3426 si
3017 3371 3372 3436 intellectum,
3411 3368 3641 3439 diligen-

2055 3473 2248 3535 terque
2294 3463 2698 3519 consideratum
2741 3461 3003 3531 fueritab
3026 3462 3116 3518 liis
3147 3463 3243 3532 qui
3290 3461 3486 3516 medici
3533 3459 3645 3514 fer-

2055 3570 2179 3615 rum
2210 3556 2313 3610 sub
2340 3554 2569 3625 spongia
2605 3554 2884 3609 conditum
2917 3553 3236 3623 conspicere
3276 3561 3372 3608 aut
3392 3566 3641 3607 amarum

2055 3644 2418 3716 pbarmacum
2457 3645 2560 3699 sub
2587 3642 2750 3697 melle
2777 3642 2954 3697 latens
2982 3643 3170 3697 bibere
3199 3648 3503 3711 nequeunt,
3535 3641 3642 3695 erit

2054 3737 2255 3808 aliquis
2283 3737 2376 3807 qui
2408 3735 2593 3795 animo
2620 3733 2891 3793 concidat.
2922 3733 3058 3800 Quis
3085 3735 3232 3787 enim
3262 3740 3504 3787 no~.t;um
3533 3731 3640 3788 sibi

2055 3844 2165 3884 non
2196 3836 2282 3882 est
2310 3826 2570 3882 conscius
2614 3825 2940 3880 inconsultae
2980 3824 3282 3894 potationis
3313 3833 3367 3878 et
3404 3823 3637 3879 ehrieta~

2055 3919 2163 3974 tis?
2189 3917 2325 3985 Quis
2349 3925 2598 3973 nostrum
2631 3931 2804 3987 purus
2835 3923 2916 3970 est
2944 3930 2977 3971 ιι
3006 3910 3169 3981 furto,
3203 3924 3300 3969 aut
3328 3914 3636 3970 necessaria

2054 4010 2159 4065 sibi
2185 4010 2333 4081 juste
2364 4007 2742 4078 comparavit?
2781 4006 2886 4061 Sed
2928 4005 3051 4061 vide
3081 4005 3213 4075 quid
3242 4006 3390 4060 dicat
3409 4020 3588 4061 sermo
3614 4023 3633 4063 :

2056 4100 2243 4155 Nolite
2270 4109 2482 4153 errare:
2498 4098 2554 4151 lii
2576 4113 2791 4169 regnum
2815 4096 2916 4151 Dei
2941 4112 3041 4151 non
3065 4096 3424 4166 possidebunt.
3458 4094 3633 4165 ﬂujus

2053 4191 2159 4247 l0ci
2199 4189 2518 4261 mysterium
2546 4188 2989 4244 abscondendum
3030 4198 3135 4253 est,
3179 4202 3245 4241 ne
3272 4188 3465 4263 vulgus
3513 4186 3633 4240 ani-

2052 4298 2204 4338 mum
2230 4280 2585 4352 deepondeat,
2633 4295 2703 4335 ne
2746 4280 2961 4351 cognita
2992 4294 3052 4333 re
3088 4288 3320 4333 mortem
3359 4286 3635 4348 exspectet

2051 4390 2161 4429 non
2197 4377 2273 4429 uti
2311 4375 2555 4446 requiem
2583 4414 2600 4441 ,
2649 4375 2745 4430 sed
2794 4384 2855 4429 ut
2897 4390 3138 4445 poenam.
3192 4374 3303 4429 Aut
3338 4374 3462 4443 quis
3496 4373 3633 4428 alter

2048 4468 2254 4526 Paulus
2283 4471 2390 4525 erit
2416 4470 2509 4540 qui
2540 4469 2713 4540 possit
2743 4469 2927 4524 dicere
2955 4470 3004 4500 ⁷³
3035 4486 3050 4524 :
3084 4467 3274 4522 Melius
3305 4466 3545 4531 dissolvi,
3580 4476 3631 4521 et

2046 4577 2158 4617 esse
2197 4577 2316 4615 cum
2358 4559 2592 4617 Christo.
2643 4559 2758 4630 Ego
2800 4561 3019 4631 quidem
3062 4560 3117 4614 id
3162 4560 3343 4615 dicere
3394 4574 3626 4630 nequeo.

2046 4653 2173 4709 Scio
2208 4653 2352 4708 enim
2385 4651 2504 4707 fore
2533 4659 2614 4718 ut,
2663 4651 2756 4708 ubi
2800 4652 2932 4707 hinc
2960 4652 3286 4723 migravero,
3321 4666 3442 4706 mea
3481 4651 3626 4721 ligna

2041 4745 2457 4802 comburantur.
2507 4744 2676 4817 Ligna
2728 4760 2895 4816 porro
2940 4744 3117 4801 habeo
3158 4744 3623 4809 obtrectationes;

2039 4838 2188 4911 ligna
2213 4838 2379 4909 266
2404 4838 2579 4894 habeo
2604 4837 2929 4904 ebrietates;
2974 4836 3120 4907 ligna
3147 4834 3314 4901 l'urta,
3342 4842 3629 4890 sexcenta-

2040 4946 2150 5002 que
2195 4932 2300 4985 alia
2348 4931 2495 5002 ligna
2545 4945 2709 5001 super
2748 4929 3039 4985 aedilicium
3085 4943 3265 4982 meum
3318 4925 3621 4981 construxi.

1994 5006 2001 5017 '
2038 5022 2203 5078 Vides
2248 5022 2365 5077 haec
2408 5023 2595 5077 omnia
2630 5021 2897 5092 plurimos
2939 5019 3127 5075 ﬁdeles
3153 5018 3358 5075 latere?
3399 5025 3454 5074 et
3488 5017 3625 5073 bene

2040 5114 2216 5170 latent
2261 5133 2275 5169 :
2324 5123 2379 5170 et
2426 5114 2804 5185 unusquisque
2843 5122 3091 5169 nostrum
3138 5112 3291 5182 quia.
3319 5110 3463 5165 idola
3510 5125 3623 5165 non

2039 5207 2386 5276 coluit,quia
2427 5222 2538 5262 non
2574 5215 2658 5262 est
2687 5205 2989 5261 fornicatus
3017 5202 3349 5276 (utinam‘in
3383 5201 3470 5257 his
3510 5201 3620 5256 sal-

2040 5306 2148 5354 tetn
2176 5297 2303 5368 puri
2345 5299 2577 5368 simus),
2614 5306 2767 5368 putat
2795 5312 2855 5351 se
2888 5295 2978 5352 ubi
3010 5309 3074 5349 ex
3104 5296 3207 5349 hac
3232 5294 3342 5348 vita
3371 5307 3622 5347 excesse-

2038 5390 2129 5454 rit,
2161 5389 2373 5445 salvum
2401 5388 2538 5444 fore.
2578 5387 2695 5443 Non
2723 5388 3158 5456 consideramus,
3186 5385 3336 5441 nobis
3376 5383 3618 5438 omnibus

2034 5481 2285 5536 standum
2311 5497 2422 5536 esse
2453 5492 2580 5537 ante
2600 5479 2852 5553 tribunal
2873 5479 3098 5546 Christi,
3140 5489 3199 5532 ut
3226 5478 3434 5548 referat
3462 5493 3620 5531 unus-

2032 5574 2250 5643 quisque
2284 5573 2500 5643 propria
2536 5573 2770 5642 corporis
2791 5611 2808 5640 ,
2845 5580 3001 5642 prout
3032 5571 3220 5641 gessit,
3259 5570 3363 5623 sive
3403 5569 3616 5634 bonum,

2037 5664 2144 5720 sive
2166 5663 2365 5719 malum
2393 5664 2459 5720 ⁷⁵.
2494 5654 2610 5719 Non
2638 5654 2968 5719 attendimus
2993 5661 3251 5720 dicenti"
3282 5680 3295 5717 :
3341 5659 3617 5717 Verumta-

2562 5820 2607 5854 ⁷³
2639 5821 2830 5878 Amos.
2876 5835 2962 5890 ιιιι,
3001 5821 3057 5878 2.
