  <div class='ocr_page' id='page_1' title='image "/cluster/home/n/w/nwhite01/storage/ocr_20150623/13:no.3/coo.31924054872910/263.png"; bbox 0 0 4122 6416; ppageno 0'>
   <div class='ocr_carea' id='block_1_1' title="bbox 473 417 570 474">
    <p class='ocr_par' dir='ltr' id='par_1_1' title="bbox 473 417 570 474">
     <span class='ocr_line' id='line_1_1' title="bbox 473 417 570 474; baseline 0.01 -1"><span class='ocrx_word' id='word_1_1' title='bbox 473 417 570 474; x_wconf 77' lang='lat' dir='ltr'><strong>5H</strong></span> 
     </span>
    </p>
   </div>
   <div class='ocr_carea' id='block_1_2' title="bbox 1927 414 2257 473">
    <p class='ocr_par' dir='ltr' id='par_1_2' title="bbox 1927 414 2257 473">
     <span class='ocr_line' id='line_1_2' title="bbox 1927 414 2257 473; baseline -0.003 -2"><span class='ocrx_word' id='word_1_2' title='bbox 1927 414 2257 473; x_wconf 64' lang='lat' dir='ltr'><strong>ORIGENIS</strong></span> 
     </span>
    </p>
   </div>
   <div class='ocr_carea' id='block_1_3' title="bbox 3641 417 3759 472">
    <p class='ocr_par' dir='ltr' id='par_1_3' title="bbox 3641 417 3759 472">
     <span class='ocr_line' id='line_1_3' title="bbox 3641 417 3759 472; baseline -0.017 0"><span class='ocrx_word' id='word_1_3' title='bbox 3641 417 3759 472; x_wconf 62' lang='grc' dir='ltr'>διε</span> 
     </span>
    </p>
   </div>
   <div class='ocr_carea' id='block_1_4' title="bbox 477 526 2061 602">
    <p class='ocr_par' dir='ltr' id='par_1_4' title="bbox 477 526 2056 599">
     <span class='ocr_line' id='line_1_4' title="bbox 477 526 2056 599; baseline 0 -14"><span class='ocrx_word' id='word_1_4' title='bbox 477 529 610 585; x_wconf 74' lang='lat' dir='ltr'><strong>Hm</strong></span> <span class='ocrx_word' id='word_1_5' title='bbox 639 528 768 583; x_wconf 78' lang='lat' dir='ltr'><strong>dicit</strong></span> <span class='ocrx_word' id='word_1_6' title='bbox 795 528 1069 585; x_wconf 80' lang='lat' dir='ltr'><strong>Dominus.</strong></span> <span class='ocrx_word' id='word_1_7' title='bbox 1098 526 1399 584; x_wconf 85' lang='lat' dir='ltr'><strong>lrridebant</strong></span> <span class='ocrx_word' id='word_1_8' title='bbox 1420 529 1726 599; x_wconf 79' lang='lat' dir='ltr'><strong>audientes,</strong></span> <span class='ocrx_word' id='word_1_9' title='bbox 1751 537 1806 586; x_wconf 89' lang='lat' dir='ltr'><strong>et</strong></span> <span class='ocrx_word' id='word_1_10' title='bbox 1826 530 2056 587; x_wconf 78' lang='lat' dir='ltr'><strong>subsan-</strong></span> 
     </span>
    </p>
   </div>
   <div class='ocr_carea' id='block_1_5' title="bbox 2167 526 3755 602">
    <p class='ocr_par' dir='ltr' id='par_1_5' title="bbox 2167 526 3755 602">
     <span class='ocr_line' id='line_1_5' title="bbox 2167 526 3755 602; baseline -0.003 -15"><span class='ocrx_word' id='word_1_11' title='bbox 2167 531 2310 589; x_wconf 77' lang='grc' dir='ltr'><strong>Τάδε</strong></span> <span class='ocrx_word' id='word_1_12' title='bbox 2357 532 2519 602; x_wconf 77' lang='grc' dir='ltr'><em>λέγει</em></span> <span class='ocrx_word' id='word_1_13' title='bbox 2570 529 2804 596; x_wconf 71' lang='grc' dir='ltr'>Κύριος.</span> <span class='ocrx_word' id='word_1_14' title='bbox 2886 529 3117 598; x_wconf 72' lang='grc' dir='ltr'><em>Ἐγέλων</em></span> <span class='ocrx_word' id='word_1_15' title='bbox 3178 529 3235 581; x_wconf 64' lang='grc' dir='ltr'><strong>οῖ’</strong></span> <span class='ocrx_word' id='word_1_16' title='bbox 3283 526 3597 594; x_wconf 79' lang='grc' dir='ltr'>ἀκούοντες.</span> <span class='ocrx_word' id='word_1_17' title='bbox 3652 534 3755 585; x_wconf 68' lang='grc' dir='ltr'><strong>καὶ</strong></span> 
     </span>
    </p>
   </div>
   <div class='ocr_carea' id='block_1_6' title="bbox 476 625 2055 697">
    <p class='ocr_par' dir='ltr' id='par_1_6' title="bbox 476 625 2055 697">
     <span class='ocr_line' id='line_1_6' title="bbox 476 625 2055 697; baseline -0.002 -14"><span class='ocrx_word' id='word_1_18' title='bbox 476 629 683 683; x_wconf 86' lang='lat' dir='ltr'><strong>nabant</strong></span> <span class='ocrx_word' id='word_1_19' title='bbox 724 641 847 697; x_wconf 72' lang='lat' dir='ltr'><strong>qua:</strong></span> <span class='ocrx_word' id='word_1_20' title='bbox 886 626 1228 682; x_wconf 78' lang='lat' dir='ltr'><strong>dicebantur.</strong></span> <span class='ocrx_word' id='word_1_21' title='bbox 1267 625 1371 692; x_wconf 87' lang='lat' dir='ltr'><strong>Qui</strong></span> <span class='ocrx_word' id='word_1_22' title='bbox 1407 626 1669 697; x_wconf 90' lang='lat' dir='ltr'><strong>deceptus</strong></span> <span class='ocrx_word' id='word_1_23' title='bbox 1714 625 1912 690; x_wconf 81' lang='lat' dir='ltr'><strong>fuerat,</strong></span> <span class='ocrx_word' id='word_1_24' title='bbox 1966 626 2055 680; x_wconf 87' lang='lat' dir='ltr'><strong>cui</strong></span> 
     </span>
    </p>
   </div>
   <div class='ocr_carea' id='block_1_7' title="bbox 476 717 2058 785">
    <p class='ocr_par' dir='ltr' id='par_1_7' title="bbox 476 717 2058 785">
     <span class='ocr_line' id='line_1_7' title="bbox 476 717 2058 785; baseline -0.001 -12"><span class='ocrx_word' id='word_1_25' title='bbox 476 719 629 774; x_wconf 84' lang='lat' dir='ltr'><strong>fraus</strong></span> <span class='ocrx_word' id='word_1_26' title='bbox 680 718 897 773; x_wconf 85' lang='lat' dir='ltr'><strong>utilitati</strong></span> <span class='ocrx_word' id='word_1_27' title='bbox 945 717 1142 785; x_wconf 80' lang='lat' dir='ltr'><strong>fuerat,</strong></span> <span class='ocrx_word' id='word_1_28' title='bbox 1185 719 1476 774; x_wconf 85' lang='lat' dir='ltr'><strong>verebatur</strong></span> <span class='ocrx_word' id='word_1_29' title='bbox 1505 720 1687 775; x_wconf 84' lang='lat' dir='ltr'><strong>dicere</strong></span> <span class='ocrx_word' id='word_1_30' title='bbox 1717 737 1732 773; x_wconf 74' lang='grc' dir='ltr'><strong>ε</strong></span> <span class='ocrx_word' id='word_1_31' title='bbox 1768 718 1899 773; x_wconf 67' lang='lat' dir='ltr'><strong>Herc</strong></span> <span class='ocrx_word' id='word_1_32' title='bbox 1926 718 2058 771; x_wconf 84' lang='lat' dir='ltr'><strong>dicit</strong></span> 
     </span>
    </p>
   </div>
   <div class='ocr_carea' id='block_1_8' title="bbox 480 806 2055 880">
    <p class='ocr_par' dir='ltr' id='par_1_8' title="bbox 480 806 2055 880">
     <span class='ocr_line' id='line_1_8' title="bbox 480 806 2055 880; baseline 0.002 -18"><span class='ocrx_word' id='word_1_33' title='bbox 480 808 755 863; x_wconf 75' lang='lat' dir='ltr'><strong>Dominus.</strong></span> <span class='ocrx_word' id='word_1_34' title='bbox 782 806 1149 873; x_wconf 85' lang='lat' dir='ltr'><strong>Quamobrem</strong></span> <span class='ocrx_word' id='word_1_35' title='bbox 1183 816 1234 864; x_wconf 87' lang='lat' dir='ltr'><strong>et</strong></span> <span class='ocrx_word' id='word_1_36' title='bbox 1262 809 1377 878; x_wconf 89' lang='lat' dir='ltr'><strong>ipse</strong></span> <span class='ocrx_word' id='word_1_37' title='bbox 1405 810 1591 865; x_wconf 85' lang='lat' dir='ltr'><strong>volens</strong></span> <span class='ocrx_word' id='word_1_38' title='bbox 1613 810 1864 880; x_wconf 85' lang='lat' dir='ltr'><strong>decipere</strong></span> <span class='ocrx_word' id='word_1_39' title='bbox 1892 817 1946 864; x_wconf 91' lang='lat' dir='ltr'><strong>et</strong></span> <span class='ocrx_word' id='word_1_40' title='bbox 1966 810 2055 865; x_wconf 64' lang='lat' dir='ltr'><strong>deo</strong></span> 
     </span>
    </p>
   </div>
   <div class='ocr_carea' id='block_1_9' title="bbox 474 895 2060 968">
    <p class='ocr_par' dir='ltr' id='par_1_9' title="bbox 474 895 2060 968">
     <span class='ocr_line' id='line_1_9' title="bbox 474 895 2060 968; baseline -0.001 -15"><span class='ocrx_word' id='word_1_41' title='bbox 474 896 729 967; x_wconf 89' lang='lat' dir='ltr'><strong>cipiendo</strong></span> <span class='ocrx_word' id='word_1_42' title='bbox 783 895 1074 952; x_wconf 85' lang='lat' dir='ltr'><strong>utilitatem</strong></span> <span class='ocrx_word' id='word_1_43' title='bbox 1116 899 1418 968; x_wconf 75' lang='lat' dir='ltr'><strong>percipere,</strong></span> <span class='ocrx_word' id='word_1_44' title='bbox 1469 899 1694 954; x_wconf 82' lang='lat' dir='ltr'><strong>aiebat:</strong></span> <span class='ocrx_word' id='word_1_45' title='bbox 1743 898 1893 954; x_wconf 77' lang='lat' dir='ltr'><strong>Meos</strong></span> <span class='ocrx_word' id='word_1_46' title='bbox 1943 914 2060 954; x_wconf 86' lang='lat' dir='ltr'><strong>ser-</strong></span> 
     </span>
    </p>
   </div>
   <div class='ocr_carea' id='block_1_10' title="bbox 476 989 2059 1061">
    <p class='ocr_par' dir='ltr' id='par_1_10' title="bbox 476 989 2059 1061">
     <span class='ocr_line' id='line_1_10' title="bbox 476 989 2059 1061; baseline 0.001 -18"><span class='ocrx_word' id='word_1_47' title='bbox 476 1003 667 1044; x_wconf 83' lang='lat' dir='ltr'><strong>mones</strong></span> <span class='ocrx_word' id='word_1_48' title='bbox 707 1002 956 1058; x_wconf 86' lang='lat' dir='ltr'><strong>propono</strong></span> <span class='ocrx_word' id='word_1_49' title='bbox 999 989 1175 1057; x_wconf 88' lang='lat' dir='ltr'><strong>vobis,</strong></span> <span class='ocrx_word' id='word_1_50' title='bbox 1212 991 1472 1061; x_wconf 86' lang='lat' dir='ltr'><strong>quoniam</strong></span> <span class='ocrx_word' id='word_1_51' title='bbox 1518 1005 1800 1046; x_wconf 88' lang='lat' dir='ltr'><strong>sermones</strong></span> <span class='ocrx_word' id='word_1_52' title='bbox 1843 989 2059 1045; x_wconf 81' lang='lat' dir='ltr'><strong>Domini</strong></span> 
     </span>
    </p>
   </div>
   <div class='ocr_carea' id='block_1_11' title="bbox 477 1077 2060 1150">
    <p class='ocr_par' dir='ltr' id='par_1_11' title="bbox 477 1077 2060 1150">
     <span class='ocr_line' id='line_1_11' title="bbox 477 1077 2060 1150; baseline 0.003 -19"><span class='ocrx_word' id='word_1_53' title='bbox 477 1092 585 1132; x_wconf 90' lang='lat' dir='ltr'><strong>non</strong></span> <span class='ocrx_word' id='word_1_54' title='bbox 633 1077 861 1133; x_wconf 84' lang='lat' dir='ltr'><strong>auditis.</strong></span> <span class='ocrx_word' id='word_1_55' title='bbox 904 1077 1230 1133; x_wconf 60' lang='lat' dir='ltr'><strong>Praebebunt</strong></span> <span class='ocrx_word' id='word_1_56' title='bbox 1264 1081 1460 1136; x_wconf 88' lang='lat' dir='ltr'><strong>deinde</strong></span> <span class='ocrx_word' id='word_1_57' title='bbox 1491 1082 1566 1135; x_wconf 90' lang='lat' dir='ltr'><strong>illi</strong></span> <span class='ocrx_word' id='word_1_58' title='bbox 1602 1096 1764 1136; x_wconf 85' lang='lat' dir='ltr'><strong>aures</strong></span> <span class='ocrx_word' id='word_1_59' title='bbox 1800 1089 2060 1150; x_wconf 82' lang='lat' dir='ltr'><strong>tanquam</strong></span> 
     </span>
    </p>
   </div>
   <div class='ocr_carea' id='block_1_12' title="bbox 478 1166 2061 1236">
    <p class='ocr_par' dir='ltr' id='par_1_12' title="bbox 478 1166 2061 1236">
     <span class='ocr_line' id='line_1_12' title="bbox 478 1166 2061 1236; baseline 0.003 -14"><span class='ocrx_word' id='word_1_60' title='bbox 478 1168 828 1225; x_wconf 87' lang='lat' dir='ltr'><strong>sermonibus</strong></span> <span class='ocrx_word' id='word_1_61' title='bbox 861 1166 1135 1236; x_wconf 76' lang='lat' dir='ltr'><strong>Jeremiae,</strong></span> <span class='ocrx_word' id='word_1_62' title='bbox 1177 1178 1232 1224; x_wconf 89' lang='lat' dir='ltr'><strong>et</strong></span> <span class='ocrx_word' id='word_1_63' title='bbox 1268 1171 1430 1226; x_wconf 89' lang='lat' dir='ltr'><strong>verba</strong></span> <span class='ocrx_word' id='word_1_64' title='bbox 1465 1170 1558 1226; x_wconf 86' lang='lat' dir='ltr'><strong>Dei</strong></span> <span class='ocrx_word' id='word_1_65' title='bbox 1591 1171 1903 1226; x_wconf 79' lang='lat' dir='ltr'><strong>audiebant.</strong></span> <span class='ocrx_word' id='word_1_66' title='bbox 1935 1171 2061 1228; x_wconf 81' lang='lat' dir='ltr'><strong>llaec</strong></span> 
     </span>
    </p>
   </div>
   <div class='ocr_carea' id='block_1_13' title="bbox 478 1257 2060 1331">
    <p class='ocr_par' dir='ltr' id='par_1_13' title="bbox 478 1257 2060 1331">
     <span class='ocr_line' id='line_1_13' title="bbox 478 1257 2060 1331; baseline 0.003 -17"><span class='ocrx_word' id='word_1_67' title='bbox 478 1257 613 1314; x_wconf 87' lang='lat' dir='ltr'><strong>mihi</strong></span> <span class='ocrx_word' id='word_1_68' title='bbox 637 1260 850 1316; x_wconf 88' lang='lat' dir='ltr'><strong>dicebat</strong></span> <span class='ocrx_word' id='word_1_69' title='bbox 876 1262 971 1331; x_wconf 90' lang='lat' dir='ltr'><strong>qui</strong></span> <span class='ocrx_word' id='word_1_70' title='bbox 1009 1261 1155 1317; x_wconf 89' lang='lat' dir='ltr'><strong>hunc</strong></span> <span class='ocrx_word' id='word_1_71' title='bbox 1186 1262 1364 1317; x_wconf 91' lang='lat' dir='ltr'><strong>locum</strong></span> <span class='ocrx_word' id='word_1_72' title='bbox 1393 1263 1702 1327; x_wconf 86' lang='lat' dir='ltr'><strong>enarrabat,</strong></span> <span class='ocrx_word' id='word_1_73' title='bbox 1738 1262 2060 1318; x_wconf 75' lang='lat' dir='ltr'><strong>examinans</strong></span> 
     </span>
    </p>
   </div>
   <div class='ocr_carea' id='block_1_14' title="bbox 476 1350 2061 1423">
    <p class='ocr_par' dir='ltr' id='par_1_14' title="bbox 476 1350 2061 1423">
     <span class='ocr_line' id='line_1_14' title="bbox 476 1350 2061 1423; baseline 0.003 -20"><span class='ocrx_word' id='word_1_74' title='bbox 476 1350 746 1418; x_wconf 72' lang='lat' dir='ltr'><strong>prommia</strong></span> <span class='ocrx_word' id='word_1_75' title='bbox 777 1358 833 1405; x_wconf 91' lang='lat' dir='ltr'><strong>et</strong></span> <span class='ocrx_word' id='word_1_76' title='bbox 883 1351 1289 1420; x_wconf 89' lang='lat' dir='ltr'><strong>prophetiarum</strong></span> <span class='ocrx_word' id='word_1_77' title='bbox 1339 1352 1514 1406; x_wconf 90' lang='lat' dir='ltr'><strong>initia.</strong></span> <span class='ocrx_word' id='word_1_78' title='bbox 1561 1351 1866 1422; x_wconf 66' lang='lat' dir='ltr'><strong>Prophetiae</strong></span> <span class='ocrx_word' id='word_1_79' title='bbox 1896 1352 2061 1423; x_wconf 78' lang='lat' dir='ltr'><strong>igitur</strong></span> 
     </span>
    </p>
   </div>
   <div class='ocr_carea' id='block_1_15' title="bbox 476 1438 2060 1515">
    <p class='ocr_par' dir='ltr' id='par_1_15' title="bbox 476 1438 2060 1515">
     <span class='ocr_line' id='line_1_15' title="bbox 476 1438 2060 1515; baseline 0.004 -21"><span class='ocrx_word' id='word_1_80' title='bbox 476 1438 731 1495; x_wconf 69' lang='lat' dir='ltr'><strong>Ieremia:</strong></span> <span class='ocrx_word' id='word_1_81' title='bbox 780 1439 997 1495; x_wconf 91' lang='lat' dir='ltr'><strong>initium</strong></span> <span class='ocrx_word' id='word_1_82' title='bbox 1045 1443 1188 1512; x_wconf 87' lang='lat' dir='ltr'><strong>apud</strong></span> <span class='ocrx_word' id='word_1_83' title='bbox 1236 1459 1336 1499; x_wconf 92' lang='lat' dir='ltr'><strong>nos</strong></span> <span class='ocrx_word' id='word_1_84' title='bbox 1387 1445 1610 1515; x_wconf 91' lang='lat' dir='ltr'><strong>quidem</strong></span> <span class='ocrx_word' id='word_1_85' title='bbox 1656 1444 1760 1499; x_wconf 82' lang='lat' dir='ltr'><strong>tale</strong></span> <span class='ocrx_word' id='word_1_86' title='bbox 1790 1453 1875 1499; x_wconf 88' lang='lat' dir='ltr'><strong>est</strong></span> <span class='ocrx_word' id='word_1_87' title='bbox 1899 1445 2060 1515; x_wconf 89' lang='lat' dir='ltr'><strong>quale</strong></span> 
     </span>
    </p>
   </div>
   <div class='ocr_carea' id='block_1_16' title="bbox 478 1532 2059 1608">
    <p class='ocr_par' dir='ltr' id='par_1_16' title="bbox 478 1532 2059 1608">
     <span class='ocr_line' id='line_1_16' title="bbox 478 1532 2059 1608; baseline 0.006 -23"><span class='ocrx_word' id='word_1_88' title='bbox 478 1532 739 1587; x_wconf 77' lang='lat' dir='ltr'><strong>exhibent</strong></span> <span class='ocrx_word' id='word_1_89' title='bbox 767 1532 1242 1606; x_wconf 86' lang='lat' dir='ltr'><strong>Septuaginta,qui</strong></span> <span class='ocrx_word' id='word_1_90' title='bbox 1275 1539 1461 1593; x_wconf 88' lang='lat' dir='ltr'><strong>nescio</strong></span> <span class='ocrx_word' id='word_1_91' title='bbox 1489 1538 1617 1608; x_wconf 88' lang='lat' dir='ltr'><strong>quid</strong></span> <span class='ocrx_word' id='word_1_92' title='bbox 1652 1539 1705 1592; x_wconf 91' lang='lat' dir='ltr'><strong>in</strong></span> <span class='ocrx_word' id='word_1_93' title='bbox 1738 1548 1919 1593; x_wconf 83' lang='lat' dir='ltr'><strong>mente</strong></span> <span class='ocrx_word' id='word_1_94' title='bbox 1957 1540 2059 1594; x_wconf 86' lang='lat' dir='ltr'><strong>ha-</strong></span> 
     </span>
    </p>
   </div>
   <div class='ocr_carea' id='block_1_17' title="bbox 480 1622 2059 1701">
    <p class='ocr_par' dir='ltr' id='par_1_17' title="bbox 480 1622 2059 1701">
     <span class='ocr_line' id='line_1_17' title="bbox 480 1622 2059 1701; baseline 0.004 -25"><span class='ocrx_word' id='word_1_95' title='bbox 480 1622 694 1678; x_wconf 87' lang='lat' dir='ltr'><strong>buerint</strong></span> <span class='ocrx_word' id='word_1_96' title='bbox 722 1640 846 1680; x_wconf 89' lang='lat' dir='ltr'><strong>cum</strong></span> <span class='ocrx_word' id='word_1_97' title='bbox 883 1627 1221 1681; x_wconf 74' lang='lat' dir='ltr'><strong>verterunt“</strong></span> <span class='ocrx_word' id='word_1_98' title='bbox 1251 1647 1263 1682; x_wconf 94' lang='lat'>:</span> <span class='ocrx_word' id='word_1_99' title='bbox 1306 1626 1530 1683; x_wconf 80' lang='lat' dir='ltr'><strong>Verbum</strong></span> <span class='ocrx_word' id='word_1_100' title='bbox 1562 1629 1657 1683; x_wconf 82' lang='lat' dir='ltr'><strong>Dei</strong></span> <span class='ocrx_word' id='word_1_101' title='bbox 1683 1630 1821 1701; x_wconf 87' lang='lat' dir='ltr'><strong>quod</strong></span> <span class='ocrx_word' id='word_1_102' title='bbox 1858 1631 2059 1700; x_wconf 78' lang='lat' dir='ltr'><strong>factum</strong></span> 
     </span>
    </p>
   </div>
   <div class='ocr_carea' id='block_1_18' title="bbox 2164 618 3746 694">
    <p class='ocr_par' dir='ltr' id='par_1_18' title="bbox 2164 618 3746 694">
     <span class='ocr_line' id='line_1_18' title="bbox 2164 618 3746 694; baseline -0.001 -19"><span class='ocrx_word' id='word_1_103' title='bbox 2164 621 2530 694; x_wconf 75' lang='grc' dir='ltr'>ὲμυκτήριξον</span> <span class='ocrx_word' id='word_1_104' title='bbox 2581 621 2649 676; x_wconf 81' lang='grc' dir='ltr'>τὰ</span> <span class='ocrx_word' id='word_1_105' title='bbox 2695 619 2982 690; x_wconf 85' lang='grc' dir='ltr'>λεγόμενα.</span> <span class='ocrx_word' id='word_1_106' title='bbox 3053 618 3387 689; x_wconf 80' lang='grc' dir='ltr'><strong>Ἐφυλὰξατο</strong></span> <span class='ocrx_word' id='word_1_107' title='bbox 3433 619 3611 673; x_wconf 71' lang='grc' dir='ltr'>εἰπεῖν</span> <span class='ocrx_word' id='word_1_108' title='bbox 3655 620 3746 685; x_wconf 80' lang='grc' dir='ltr'><strong>τὸ,</strong></span> 
     </span>
    </p>
   </div>
   <div class='ocr_carea' id='block_1_19' title="bbox 2169 708 3750 783">
    <p class='ocr_par' dir='ltr' id='par_1_19' title="bbox 2169 708 3750 783">
     <span class='ocr_line' id='line_1_19' title="bbox 2169 708 3750 783; baseline -0.003 -14"><span class='ocrx_word' id='word_1_109' title='bbox 2169 713 2315 769; x_wconf 80' lang='grc' dir='ltr'><em>Τάδε</em></span> <span class='ocrx_word' id='word_1_110' title='bbox 2343 715 2507 783; x_wconf 74' lang='grc' dir='ltr'><em>λέγει</em></span> <span class='ocrx_word' id='word_1_111' title='bbox 2543 715 2781 782; x_wconf 80' lang='grc' dir='ltr'>Κύριος,</span> <span class='ocrx_word' id='word_1_112' title='bbox 2812 715 2842 767; x_wconf 94' lang='lat'><strong>6</strong></span> <span class='ocrx_word' id='word_1_113' title='bbox 2870 710 3191 782; x_wconf 76' lang='grc' dir='ltr'>ἀπατηθεὶς,</span> <span class='ocrx_word' id='word_1_114' title='bbox 3220 710 3315 763; x_wconf 74' lang='grc' dir='ltr'><strong>καὶ</strong></span> <span class='ocrx_word' id='word_1_115' title='bbox 3339 708 3645 782; x_wconf 78' lang='grc' dir='ltr'><strong>ὠφεληθεὶς</strong></span> <span class='ocrx_word' id='word_1_116' title='bbox 3685 712 3750 765; x_wconf 73' lang='grc' dir='ltr'>εκ</span> 
     </span>
    </p>
   </div>
   <div class='ocr_carea' id='block_1_20' title="bbox 2163 800 3758 873">
    <p class='ocr_par' dir='ltr' id='par_1_20' title="bbox 2163 800 3758 873">
     <span class='ocr_line' id='line_1_20' title="bbox 2163 800 3758 873; baseline -0.002 -13"><span class='ocrx_word' id='word_1_117' title='bbox 2163 805 2258 859; x_wconf 79' lang='grc' dir='ltr'><strong>τοῦ</strong></span> <span class='ocrx_word' id='word_1_118' title='bbox 2305 805 2638 859; x_wconf 74' lang='grc' dir='ltr'><strong>ἀπατᾶσθαι.</strong></span> <span class='ocrx_word' id='word_1_119' title='bbox 2674 804 2766 858; x_wconf 82' lang='grc' dir='ltr'><strong>Διὸ</strong></span> <span class='ocrx_word' id='word_1_120' title='bbox 2804 805 2899 858; x_wconf 78' lang='grc' dir='ltr'><strong>καὶ</strong></span> <span class='ocrx_word' id='word_1_121' title='bbox 2941 803 3124 866; x_wconf 76' lang='grc' dir='ltr'>αὐτὸς,</span> <span class='ocrx_word' id='word_1_122' title='bbox 3160 800 3481 873; x_wconf 84' lang='grc' dir='ltr'><em>βουλόμενος</em></span> <span class='ocrx_word' id='word_1_123' title='bbox 3530 801 3758 873; x_wconf 64' lang='grc' dir='ltr'>ἀπατῷι</span> 
     </span>
    </p>
   </div>
   <div class='ocr_carea' id='block_1_21' title="bbox 2166 894 3751 969">
    <p class='ocr_par' dir='ltr' id='par_1_21' title="bbox 2166 894 3751 969">
     <span class='ocr_line' id='line_1_21' title="bbox 2166 894 3751 969; baseline -0.002 -18"><span class='ocrx_word' id='word_1_124' title='bbox 2166 898 2259 951; x_wconf 74' lang='grc' dir='ltr'><strong>ἐπὶ</strong></span> <span class='ocrx_word' id='word_1_125' title='bbox 2273 897 2351 969; x_wconf 82' lang='grc' dir='ltr'>τῷ</span> <span class='ocrx_word' id='word_1_126' title='bbox 2371 897 2700 967; x_wconf 75' lang='grc' dir='ltr'>ὠφελεῖσθαι</span> <span class='ocrx_word' id='word_1_127' title='bbox 2723 899 2787 951; x_wconf 77' lang='grc' dir='ltr'><strong>ἐκ</strong></span> <span class='ocrx_word' id='word_1_128' title='bbox 2806 896 2901 951; x_wconf 81' lang='grc' dir='ltr'><strong>τοῦ</strong></span> <span class='ocrx_word' id='word_1_129' title='bbox 2928 896 3163 966; x_wconf 77' lang='grc' dir='ltr'>ἀπατᾷν,</span> <span class='ocrx_word' id='word_1_130' title='bbox 3188 894 3392 963; x_wconf 68' lang='grc' dir='ltr'>ἔλεγεν,</span> <span class='ocrx_word' id='word_1_131' title='bbox 3416 894 3522 957; x_wconf 80' lang='grc' dir='ltr'>ὅτι,</span> <span class='ocrx_word' id='word_1_132' title='bbox 3552 894 3751 965; x_wconf 77' lang='grc' dir='ltr'>Ἐμοὺς</span> 
     </span>
    </p>
   </div>
   <div class='ocr_carea' id='block_1_22' title="bbox 2166 984 3746 1061">
    <p class='ocr_par' dir='ltr' id='par_1_22' title="bbox 2166 984 3746 1061">
     <span class='ocr_line' id='line_1_22' title="bbox 2166 984 3746 1061; baseline -0.003 -18"><span class='ocrx_word' id='word_1_133' title='bbox 2166 989 2296 1061; x_wconf 71' lang='grc' dir='ltr'>ὑμῖν</span> <span class='ocrx_word' id='word_1_134' title='bbox 2337 988 2483 1044; x_wconf 81' lang='grc' dir='ltr'><strong>λαλῶ</strong></span> <span class='ocrx_word' id='word_1_135' title='bbox 2503 1030 2519 1054; x_wconf 88' lang='grc'><strong>,</strong></span> <span class='ocrx_word' id='word_1_136' title='bbox 2563 990 2686 1043; x_wconf 69' lang='grc' dir='ltr'>ἐπεὶ</span> <span class='ocrx_word' id='word_1_137' title='bbox 2723 990 2825 1042; x_wconf 77' lang='grc' dir='ltr'>οὐκ</span> <span class='ocrx_word' id='word_1_138' title='bbox 2873 987 3100 1044; x_wconf 83' lang='grc' dir='ltr'>ἀκούετε</span> <span class='ocrx_word' id='word_1_139' title='bbox 3143 984 3238 1040; x_wconf 83' lang='grc' dir='ltr'><strong>τοῦ</strong></span> <span class='ocrx_word' id='word_1_140' title='bbox 3277 984 3484 1057; x_wconf 81' lang='grc' dir='ltr'><strong>Κυρίου</strong></span> <span class='ocrx_word' id='word_1_141' title='bbox 3532 984 3746 1054; x_wconf 76' lang='grc' dir='ltr'><em>λόγους.</em></span> 
     </span>
    </p>
   </div>
   <div class='ocr_carea' id='block_1_23' title="bbox 2166 1075 3752 1153">
    <p class='ocr_par' dir='ltr' id='par_1_23' title="bbox 2166 1075 3752 1153">
     <span class='ocr_line' id='line_1_23' title="bbox 2166 1075 3752 1153; baseline -0.004 -18"><span class='ocrx_word' id='word_1_142' title='bbox 2166 1075 2301 1135; x_wconf 76' lang='grc' dir='ltr'>Εἶτα</span> <span class='ocrx_word' id='word_1_143' title='bbox 2345 1081 2544 1134; x_wconf 66' lang='grc' dir='ltr'><strong>ἐκεῖνοι</strong></span> <span class='ocrx_word' id='word_1_144' title='bbox 2595 1084 2871 1153; x_wconf 73' lang='grc' dir='ltr'>παρεῖχον</span> <span class='ocrx_word' id='word_1_145' title='bbox 2887 1078 2987 1143; x_wconf 80' lang='grc' dir='ltr'><strong>τὰς</strong></span> <span class='ocrx_word' id='word_1_146' title='bbox 3027 1078 3217 1141; x_wconf 85' lang='grc' dir='ltr'><strong>ἀκοὰς,</strong></span> <span class='ocrx_word' id='word_1_147' title='bbox 3254 1076 3332 1141; x_wconf 87' lang='grc' dir='ltr'><strong>ὼς</strong></span> <span class='ocrx_word' id='word_1_148' title='bbox 3372 1075 3552 1145; x_wconf 83' lang='grc' dir='ltr'><strong>λόγοις</strong></span> <span class='ocrx_word' id='word_1_149' title='bbox 3590 1075 3752 1149; x_wconf 80' lang='grc' dir='ltr'>Ἰερε-</span> 
     </span>
    </p>
   </div>
   <div class='ocr_carea' id='block_1_24' title="bbox 2167 1164 3748 1238">
    <p class='ocr_par' dir='ltr' id='par_1_24' title="bbox 2167 1164 3748 1238">
     <span class='ocr_line' id='line_1_24' title="bbox 2167 1164 3748 1238; baseline -0.001 -17"><span class='ocrx_word' id='word_1_150' title='bbox 2167 1167 2317 1238; x_wconf 88' lang='grc' dir='ltr'>μίου,</span> <span class='ocrx_word' id='word_1_151' title='bbox 2352 1167 2447 1220; x_wconf 63' lang='grc' dir='ltr'><strong>καὶ⁸</strong></span> <span class='ocrx_word' id='word_1_152' title='bbox 2473 1168 2671 1238; x_wconf 67' lang='grc' dir='ltr'><em>ἤκουον</em></span> <span class='ocrx_word' id='word_1_153' title='bbox 2694 1167 2867 1237; x_wconf 86' lang='grc' dir='ltr'><em>λόγων</em></span> <span class='ocrx_word' id='word_1_154' title='bbox 2890 1166 3046 1220; x_wconf 77' lang='grc' dir='ltr'><em>Θεοῦ.</em></span> <span class='ocrx_word' id='word_1_155' title='bbox 3083 1165 3268 1219; x_wconf 78' lang='grc' dir='ltr'>Ταῦτα</span> <span class='ocrx_word' id='word_1_156' title='bbox 3291 1164 3353 1218; x_wconf 72' lang='grc' dir='ltr'><strong>δέ</strong></span> <span class='ocrx_word' id='word_1_157' title='bbox 3385 1182 3481 1236; x_wconf 90' lang='grc' dir='ltr'><strong>μοι</strong></span> <span class='ocrx_word' id='word_1_158' title='bbox 3507 1164 3691 1233; x_wconf 73' lang='grc' dir='ltr'>ἔλεγεν</span> <span class='ocrx_word' id='word_1_159' title='bbox 3717 1168 3748 1220; x_wconf 86' lang='lat'><strong>6</strong></span> 
     </span>
    </p>
   </div>
   <div class='ocr_carea' id='block_1_25' title="bbox 2166 1254 3745 1329">
    <p class='ocr_par' dir='ltr' id='par_1_25' title="bbox 2166 1254 3745 1329">
     <span class='ocr_line' id='line_1_25' title="bbox 2166 1254 3745 1329; baseline 0 -19"><span class='ocrx_word' id='word_1_160' title='bbox 2166 1257 2493 1329; x_wconf 80' lang='grc' dir='ltr'>παραδιδούς</span> <span class='ocrx_word' id='word_1_161' title='bbox 2528 1276 2618 1329; x_wconf 91' lang='grc' dir='ltr'>μοι</span> <span class='ocrx_word' id='word_1_162' title='bbox 2642 1258 2734 1312; x_wconf 78' lang='grc' dir='ltr'><strong>τὸν</strong></span> <span class='ocrx_word' id='word_1_163' title='bbox 2760 1258 2947 1322; x_wconf 86' lang='grc' dir='ltr'>τόπον,</span> <span class='ocrx_word' id='word_1_164' title='bbox 2973 1254 3243 1324; x_wconf 70' lang='grc' dir='ltr'><strong>ἐξετάζων</strong></span> <span class='ocrx_word' id='word_1_165' title='bbox 3269 1255 3339 1310; x_wconf 78' lang='grc' dir='ltr'>τὰ</span> <span class='ocrx_word' id='word_1_166' title='bbox 3364 1256 3621 1329; x_wconf 84' lang='grc' dir='ltr'>προοίμια</span> <span class='ocrx_word' id='word_1_167' title='bbox 3650 1258 3745 1310; x_wconf 79' lang='grc' dir='ltr'><strong>καὶ</strong></span> 
     </span>
    </p>
   </div>
   <div class='ocr_carea' id='block_1_26' title="bbox 2163 1349 3746 1424">
    <p class='ocr_par' dir='ltr' id='par_1_26' title="bbox 2163 1349 3746 1424">
     <span class='ocr_line' id='line_1_26' title="bbox 2163 1349 3746 1424; baseline 0.001 -21"><span class='ocrx_word' id='word_1_168' title='bbox 2163 1349 2265 1414; x_wconf 79' lang='grc' dir='ltr'>τὰς</span> <span class='ocrx_word' id='word_1_169' title='bbox 2299 1351 2474 1422; x_wconf 84' lang='grc' dir='ltr'>ἀρχὰς</span> <span class='ocrx_word' id='word_1_170' title='bbox 2512 1351 2622 1405; x_wconf 84' lang='grc' dir='ltr'>τῶν</span> <span class='ocrx_word' id='word_1_171' title='bbox 2656 1349 3019 1424; x_wconf 62' lang='grc' dir='ltr'>προφητειιῖη.</span> <span class='ocrx_word' id='word_1_172' title='bbox 3052 1352 3207 1403; x_wconf 86' lang='grc' dir='ltr'>Ἔστι</span> <span class='ocrx_word' id='word_1_173' title='bbox 3245 1349 3425 1404; x_wconf 81' lang='grc' dir='ltr'>τοίνυν</span> <span class='ocrx_word' id='word_1_174' title='bbox 3469 1350 3563 1403; x_wconf 71' lang='grc' dir='ltr'><strong>καὶ</strong></span> <span class='ocrx_word' id='word_1_175' title='bbox 3602 1350 3746 1422; x_wconf 81' lang='grc' dir='ltr'><strong>ἀρχὴ</strong></span> 
     </span>
    </p>
   </div>
   <div class='ocr_carea' id='block_1_27' title="bbox 2164 1440 3748 1514">
    <p class='ocr_par' dir='ltr' id='par_1_27' title="bbox 2164 1440 3748 1514">
     <span class='ocr_line' id='line_1_27' title="bbox 2164 1440 3748 1514; baseline -0.001 -19"><span class='ocrx_word' id='word_1_176' title='bbox 2164 1442 2265 1512; x_wconf 83' lang='grc' dir='ltr'><strong>τῆς</strong></span> <span class='ocrx_word' id='word_1_177' title='bbox 2311 1442 2653 1514; x_wconf 79' lang='grc' dir='ltr'><strong>προφητείας</strong></span> <span class='ocrx_word' id='word_1_178' title='bbox 2715 1443 2981 1513; x_wconf 85' lang='grc' dir='ltr'>Ἱερεμίου</span> <span class='ocrx_word' id='word_1_179' title='bbox 3033 1441 3185 1513; x_wconf 76' lang='grc' dir='ltr'>παρὰ</span> <span class='ocrx_word' id='word_1_180' title='bbox 3231 1442 3328 1512; x_wconf 85' lang='grc' dir='ltr'><strong>μὲν</strong></span> <span class='ocrx_word' id='word_1_181' title='bbox 3368 1442 3520 1512; x_wconf 80' lang='grc' dir='ltr'>ἡμῖν,</span> <span class='ocrx_word' id='word_1_182' title='bbox 3569 1440 3646 1505; x_wconf 83' lang='grc' dir='ltr'><strong>ὼς</strong></span> <span class='ocrx_word' id='word_1_183' title='bbox 3697 1442 3748 1494; x_wconf 80' lang='grc' dir='ltr'><em>οἱ</em></span> 
     </span>
    </p>
   </div>
   <div class='ocr_carea' id='block_1_28' title="bbox 2177 1530 3750 1606">
    <p class='ocr_par' dir='ltr' id='par_1_28' title="bbox 2177 1530 3750 1606">
     <span class='ocr_line' id='line_1_28' title="bbox 2177 1530 3750 1606; baseline 0 -19"><span class='ocrx_word' id='word_1_184' title='bbox 2177 1532 2580 1605; x_wconf 78' lang='grc' dir='ltr'><strong>Ἐὀδομήκοντα</strong></span> <span class='ocrx_word' id='word_1_185' title='bbox 2625 1532 3093 1606; x_wconf 76' lang='grc' dir='ltr'><strong>παραδεδώκασιν,</strong></span> <span class='ocrx_word' id='word_1_186' title='bbox 3127 1534 3227 1587; x_wconf 87' lang='grc' dir='ltr'>ούκ</span> <span class='ocrx_word' id='word_1_187' title='bbox 3264 1530 3361 1587; x_wconf 71' lang='grc' dir='ltr'><strong>οἷδ’</strong></span> <span class='ocrx_word' id='word_1_188' title='bbox 3394 1534 3422 1586; x_wconf 79' lang='grc' dir='ltr'><strong><em>ὃ</em></strong></span> <span class='ocrx_word' id='word_1_189' title='bbox 3454 1551 3505 1587; x_wconf 90' lang='grc' dir='ltr'><strong>τι</strong></span> <span class='ocrx_word' id='word_1_190' title='bbox 3539 1532 3750 1603; x_wconf 61' lang='grc' dir='ltr'>σκοπήν</span> 
     </span>
    </p>
   </div>
   <div class='ocr_carea' id='block_1_29' title="bbox 2166 1623 3750 1696">
    <p class='ocr_par' dir='ltr' id='par_1_29' title="bbox 2166 1623 3750 1696">
     <span class='ocr_line' id='line_1_29' title="bbox 2166 1623 3750 1696; baseline -0.002 -15"><span class='ocrx_word' id='word_1_191' title='bbox 2166 1642 2392 1690; x_wconf 84' lang='grc' dir='ltr'><strong>σαντες·</strong></span> <span class='ocrx_word' id='word_1_192' title='bbox 2429 1626 2499 1680; x_wconf 84' lang='grc' dir='ltr'><strong>Τὸ</strong></span> <span class='ocrx_word' id='word_1_193' title='bbox 2535 1623 2700 1696; x_wconf 72' lang='grc' dir='ltr'>ῥῆμα</span> <span class='ocrx_word' id='word_1_194' title='bbox 2735 1626 2841 1680; x_wconf 86' lang='grc' dir='ltr'><strong>τοῦ</strong></span> <span class='ocrx_word' id='word_1_195' title='bbox 2884 1626 3053 1691; x_wconf 83' lang='grc' dir='ltr'><em>Θεοῦ,</em></span> <span class='ocrx_word' id='word_1_196' title='bbox 3096 1625 3128 1679; x_wconf 85' lang='grc' dir='ltr'><em>ὃ</em></span> <span class='ocrx_word' id='word_1_197' title='bbox 3160 1625 3396 1694; x_wconf 77' lang='grc' dir='ltr'><strong>ἐγένετο</strong></span> <span class='ocrx_word' id='word_1_198' title='bbox 3433 1625 3531 1678; x_wconf 70' lang='grc' dir='ltr'><strong>ἐπὶ</strong></span> <span class='ocrx_word' id='word_1_199' title='bbox 3575 1625 3750 1693; x_wconf 85' lang='grc' dir='ltr'>Ἰερε-</span> 
     </span>
    </p>
   </div>
   <div class='ocr_carea' id='block_1_30' title="bbox 480 1714 2061 1789">
    <p class='ocr_par' dir='ltr' id='par_1_30' title="bbox 480 1714 2057 1786">
     <span class='ocr_line' id='line_1_30' title="bbox 480 1714 2057 1786; baseline 0.006 -19"><span class='ocrx_word' id='word_1_200' title='bbox 480 1723 558 1768; x_wconf 87' lang='lat' dir='ltr'><strong>est</strong></span> <span class='ocrx_word' id='word_1_201' title='bbox 585 1715 657 1768; x_wconf 91' lang='lat' dir='ltr'><strong>ad</strong></span> <span class='ocrx_word' id='word_1_202' title='bbox 677 1714 963 1770; x_wconf 78' lang='lat' dir='ltr'><strong>Jercmiam</strong></span> <span class='ocrx_word' id='word_1_203' title='bbox 1000 1718 1174 1786; x_wconf 82' lang='lat' dir='ltr'><strong>ﬁlium</strong></span> <span class='ocrx_word' id='word_1_204' title='bbox 1201 1718 1428 1775; x_wconf 72' lang='lat' dir='ltr'><strong>Chclcite</strong></span> <span class='ocrx_word' id='word_1_205' title='bbox 1455 1720 1521 1776; x_wconf 86' lang='lat' dir='ltr'><strong>de</strong></span> <span class='ocrx_word' id='word_1_206' title='bbox 1548 1721 1933 1784; x_wconf 74' lang='lat' dir='ltr'><strong>sacerdotibus,</strong></span> <span class='ocrx_word' id='word_1_207' title='bbox 1962 1720 2057 1776; x_wconf 82' lang='lat' dir='ltr'><strong>sed</strong></span> 
     </span>
    </p>
   </div>
   <div class='ocr_carea' id='block_1_31' title="bbox 2167 1714 3751 1789">
    <p class='ocr_par' dir='ltr' id='par_1_31' title="bbox 2167 1714 3751 1789">
     <span class='ocr_line' id='line_1_31' title="bbox 2167 1714 3751 1789; baseline -0.002 -18"><span class='ocrx_word' id='word_1_208' title='bbox 2167 1719 2308 1789; x_wconf 83' lang='grc' dir='ltr'>μίαν</span> <span class='ocrx_word' id='word_1_209' title='bbox 2344 1717 2450 1771; x_wconf 78' lang='grc' dir='ltr'><strong>τὸν</strong></span> <span class='ocrx_word' id='word_1_210' title='bbox 2499 1717 2604 1771; x_wconf 81' lang='grc' dir='ltr'><strong>τοῦ</strong></span> <span class='ocrx_word' id='word_1_211' title='bbox 2645 1717 2901 1771; x_wconf 77' lang='grc' dir='ltr'><strong>Χελκίου</strong></span> <span class='ocrx_word' id='word_1_212' title='bbox 2938 1717 3007 1770; x_wconf 75' lang='grc' dir='ltr'><strong>ἐκ</strong></span> <span class='ocrx_word' id='word_1_213' title='bbox 3043 1714 3163 1770; x_wconf 77' lang='grc' dir='ltr'><strong>τῶν</strong></span> <span class='ocrx_word' id='word_1_214' title='bbox 3200 1715 3434 1784; x_wconf 77' lang='grc' dir='ltr'><em>ἱερέων·</em></span> <span class='ocrx_word' id='word_1_215' title='bbox 3475 1716 3532 1768; x_wconf 74' lang='grc' dir='ltr'><strong>ὲν</strong></span> <span class='ocrx_word' id='word_1_216' title='bbox 3572 1715 3631 1769; x_wconf 77' lang='grc' dir='ltr'><strong>δὲ</strong></span> <span class='ocrx_word' id='word_1_217' title='bbox 3672 1714 3751 1785; x_wconf 80' lang='grc' dir='ltr'>τῷ</span> 
     </span>
    </p>
   </div>
   <div class='ocr_carea' id='block_1_32' title="bbox 482 1807 2056 1881">
    <p class='ocr_par' dir='ltr' id='par_1_32' title="bbox 482 1807 2056 1881">
     <span class='ocr_line' id='line_1_32' title="bbox 482 1807 2056 1881; baseline 0.005 -21"><span class='ocrx_word' id='word_1_218' title='bbox 482 1808 539 1862; x_wconf 90' lang='lat' dir='ltr'><strong>iu</strong></span> <span class='ocrx_word' id='word_1_219' title='bbox 576 1815 723 1861; x_wconf 66' lang='lat' dir='ltr'><strong>textu</strong></span> <span class='ocrx_word' id='word_1_220' title='bbox 768 1807 1035 1862; x_wconf 84' lang='lat' dir='ltr'><strong>Hebraieo</strong></span> <span class='ocrx_word' id='word_1_221' title='bbox 1074 1818 1129 1864; x_wconf 89' lang='lat' dir='ltr'><strong>et</strong></span> <span class='ocrx_word' id='word_1_222' title='bbox 1163 1811 1388 1881; x_wconf 87' lang='lat' dir='ltr'><strong>reliquis</strong></span> <span class='ocrx_word' id='word_1_223' title='bbox 1422 1813 1750 1869; x_wconf 90' lang='lat' dir='ltr'><strong>editionibus</strong></span> <span class='ocrx_word' id='word_1_224' title='bbox 1782 1814 2012 1869; x_wconf 89' lang='lat' dir='ltr'><strong>habetur</strong></span> <span class='ocrx_word' id='word_1_225' title='bbox 2042 1832 2056 1868; x_wconf 89' lang='lat'><strong>:</strong></span> 
     </span>
    </p>
   </div>
   <div class='ocr_carea' id='block_1_33' title="bbox 2176 1806 3750 1882">
    <p class='ocr_par' dir='ltr' id='par_1_33' title="bbox 2176 1806 3750 1882">
     <span class='ocr_line' id='line_1_33' title="bbox 2176 1806 3750 1882; baseline -0.001 -19"><span class='ocrx_word' id='word_1_226' title='bbox 2176 1808 2451 1882; x_wconf 76' lang='grc' dir='ltr'><strong>Ἐϐραῖκῷ</strong></span> <span class='ocrx_word' id='word_1_227' title='bbox 2480 1809 2572 1863; x_wconf 78' lang='grc' dir='ltr'><strong>καὶ</strong></span> <span class='ocrx_word' id='word_1_228' title='bbox 2600 1812 2722 1873; x_wconf 88' lang='grc' dir='ltr'>ταῖς</span> <span class='ocrx_word' id='word_1_229' title='bbox 2744 1809 2957 1872; x_wconf 80' lang='grc' dir='ltr'><strong>λοιπαῖς</strong></span> <span class='ocrx_word' id='word_1_230' title='bbox 2983 1808 3229 1861; x_wconf 80' lang='grc' dir='ltr'>ὲκδόσεσι</span> <span class='ocrx_word' id='word_1_231' title='bbox 3259 1808 3435 1877; x_wconf 71' lang='grc' dir='ltr'><em>Λόγοι</em></span> <span class='ocrx_word' id='word_1_232' title='bbox 3474 1806 3750 1875; x_wconf 74' lang='grc' dir='ltr'>Ἱερεμίου</span> 
     </span>
    </p>
   </div>
   <div class='ocr_carea' id='block_1_34' title="bbox 492 1891 2061 1969">
    <p class='ocr_par' dir='ltr' id='par_1_34' title="bbox 492 1897 2061 1969">
     <span class='ocr_line' id='line_1_34' title="bbox 492 1897 2061 1969; baseline 0.006 -18"><span class='ocrx_word' id='word_1_233' title='bbox 492 1897 660 1952; x_wconf 84' lang='lat' dir='ltr'><strong>Verba</strong></span> <span class='ocrx_word' id='word_1_234' title='bbox 698 1897 946 1955; x_wconf 65' lang='lat' dir='ltr'><strong>Ieremia:</strong></span> <span class='ocrx_word' id='word_1_235' title='bbox 983 1901 1088 1969; x_wconf 80' lang='lat' dir='ltr'><strong>ﬁlii</strong></span> <span class='ocrx_word' id='word_1_236' title='bbox 1119 1900 1366 1969; x_wconf 78' lang='lat' dir='ltr'><strong>Chelcice,</strong></span> <span class='ocrx_word' id='word_1_237' title='bbox 1394 1912 1449 1958; x_wconf 88' lang='lat' dir='ltr'><strong>et</strong></span> <span class='ocrx_word' id='word_1_238' title='bbox 1492 1920 1683 1959; x_wconf 86' lang='lat' dir='ltr'><strong>omnes</strong></span> <span class='ocrx_word' id='word_1_239' title='bbox 1718 1907 2061 1961; x_wconf 83' lang='lat' dir='ltr'><strong>consentiunt</strong></span> 
     </span>
    </p>
   </div>
   <div class='ocr_carea' id='block_1_35' title="bbox 2167 1891 3755 1969">
    <p class='ocr_par' dir='ltr' id='par_1_35' title="bbox 2167 1896 3755 1969">
     <span class='ocr_line' id='line_1_35' title="bbox 2167 1896 3755 1969; baseline -0.004 -15"><span class='ocrx_word' id='word_1_240' title='bbox 2167 1901 2297 1956; x_wconf 85' lang='grc' dir='ltr'><em>υἱοῦ</em></span> <span class='ocrx_word' id='word_1_241' title='bbox 2328 1900 2585 1955; x_wconf 78' lang='grc' dir='ltr'><strong>Χελκίου</strong></span> <span class='ocrx_word' id='word_1_242' title='bbox 2604 1916 2617 1930; x_wconf 80' lang='grc'><em>’</em></span> <span class='ocrx_word' id='word_1_243' title='bbox 2651 1899 2745 1953; x_wconf 76' lang='grc' dir='ltr'>καὶ</span> <span class='ocrx_word' id='word_1_244' title='bbox 2778 1898 2981 1962; x_wconf 82' lang='grc' dir='ltr'>πάντες</span> <span class='ocrx_word' id='word_1_245' title='bbox 3019 1896 3404 1969; x_wconf 71' lang='grc' dir='ltr'><strong>συνεφώνησαν</strong></span> <span class='ocrx_word' id='word_1_246' title='bbox 3432 1896 3511 1967; x_wconf 81' lang='grc' dir='ltr'>τῷ</span> <span class='ocrx_word' id='word_1_247' title='bbox 3540 1899 3755 1950; x_wconf 70' lang='grc' dir='ltr'>εἰπεῖν·-</span> 
     </span>
    </p>
   </div>
   <div class='ocr_carea' id='block_1_36' title="bbox 479 1989 2063 2063">
    <p class='ocr_par' dir='ltr' id='par_1_36' title="bbox 479 1989 2063 2063">
     <span class='ocr_line' id='line_1_36' title="bbox 479 1989 2063 2063; baseline 0.005 -20"><span class='ocrx_word' id='word_1_248' title='bbox 479 1989 713 2045; x_wconf 90' lang='lat' dir='ltr'><strong>dicendo</strong></span> <span class='ocrx_word' id='word_1_249' title='bbox 743 2010 756 2045; x_wconf 89' lang='lat'><strong>:</strong></span> <span class='ocrx_word' id='word_1_250' title='bbox 795 1989 964 2045; x_wconf 79' lang='lat' dir='ltr'><strong>Verba</strong></span> <span class='ocrx_word' id='word_1_251' title='bbox 988 1991 1232 2049; x_wconf 70' lang='lat' dir='ltr'><strong>let-emite</strong></span> <span class='ocrx_word' id='word_1_252' title='bbox 1261 1995 1362 2063; x_wconf 81' lang='lat' dir='ltr'><strong>filii</strong></span> <span class='ocrx_word' id='word_1_253' title='bbox 1385 1994 1630 2052; x_wconf 72' lang='lat' dir='ltr'><strong>Chelciw.</strong></span> <span class='ocrx_word' id='word_1_254' title='bbox 1663 1995 1765 2051; x_wconf 84' lang='lat' dir='ltr'><strong>Sed</strong></span> <span class='ocrx_word' id='word_1_255' title='bbox 1790 2012 1888 2052; x_wconf 90' lang='lat' dir='ltr'><strong>cur</strong></span> <span class='ocrx_word' id='word_1_256' title='bbox 1910 1998 2063 2051; x_wconf 81' lang='lat' dir='ltr'><strong>verba</strong></span> 
     </span>
    </p>
   </div>
   <div class='ocr_carea' id='block_1_37' title="bbox 480 2079 2064 2155">
    <p class='ocr_par' dir='ltr' id='par_1_37' title="bbox 480 2079 2064 2155">
     <span class='ocr_line' id='line_1_37' title="bbox 480 2079 2064 2155; baseline 0.006 -21"><span class='ocrx_word' id='word_1_257' title='bbox 480 2079 772 2136; x_wconf 68' lang='lat' dir='ltr'><strong>Ieremia&#39;?</strong></span> <span class='ocrx_word' id='word_1_258' title='bbox 802 2081 1075 2148; x_wconf 81' lang='lat' dir='ltr'><strong>Quoniam</strong></span> <span class='ocrx_word' id='word_1_259' title='bbox 1104 2100 1231 2139; x_wconf 91' lang='lat' dir='ltr'><strong>cum</strong></span> <span class='ocrx_word' id='word_1_260' title='bbox 1263 2101 1360 2141; x_wconf 84' lang='lat' dir='ltr'><strong>eos</strong></span> <span class='ocrx_word' id='word_1_261' title='bbox 1397 2086 1492 2155; x_wconf 92' lang='lat' dir='ltr'><strong>qui</strong></span> <span class='ocrx_word' id='word_1_262' title='bbox 1536 2101 1844 2142; x_wconf 87' lang='lat' dir='ltr'><strong>sermonem</strong></span> <span class='ocrx_word' id='word_1_263' title='bbox 1875 2089 2064 2144; x_wconf 90' lang='lat' dir='ltr'><strong>audire</strong></span> 
     </span>
    </p>
   </div>
   <div class='ocr_carea' id='block_1_38' title="bbox 480 2173 2065 2248">
    <p class='ocr_par' dir='ltr' id='par_1_38' title="bbox 480 2173 2065 2248">
     <span class='ocr_line' id='line_1_38' title="bbox 480 2173 2065 2248; baseline 0.006 -21"><span class='ocrx_word' id='word_1_264' title='bbox 480 2173 742 2228; x_wconf 74' lang='lat' dir='ltr'><strong>nolebant</strong></span> <span class='ocrx_word' id='word_1_265' title='bbox 782 2176 1177 2245; x_wconf 86' lang='lat' dir='ltr'><strong>alloqueretur,</strong></span> <span class='ocrx_word' id='word_1_266' title='bbox 1224 2181 1550 2248; x_wconf 72' lang='lat' dir='ltr'><strong>protemium</strong></span> <span class='ocrx_word' id='word_1_267' title='bbox 1597 2182 1672 2235; x_wconf 92' lang='lat' dir='ltr'><strong>illi</strong></span> <span class='ocrx_word' id='word_1_268' title='bbox 1706 2181 1805 2236; x_wconf 86' lang='lat' dir='ltr'><strong>fuit</strong></span> <span class='ocrx_word' id='word_1_269' title='bbox 1831 2200 1845 2236; x_wconf 90' lang='lat'><strong>:</strong></span> <span class='ocrx_word' id='word_1_270' title='bbox 1871 2183 2065 2237; x_wconf 77' lang='lat' dir='ltr'><strong>Audite</strong></span> 
     </span>
    </p>
   </div>
   <div class='ocr_carea' id='block_1_39' title="bbox 484 2265 2062 2342">
    <p class='ocr_par' dir='ltr' id='par_1_39' title="bbox 484 2265 2062 2342">
     <span class='ocr_line' id='line_1_39' title="bbox 484 2265 2062 2342; baseline 0.008 -24"><span class='ocrx_word' id='word_1_271' title='bbox 484 2277 747 2318; x_wconf 83' lang='lat' dir='ltr'><strong>sermones</strong></span> <span class='ocrx_word' id='word_1_272' title='bbox 791 2281 952 2319; x_wconf 85' lang='lat' dir='ltr'><strong>meos.</strong></span> <span class='ocrx_word' id='word_1_273' title='bbox 1006 2265 1072 2321; x_wconf 90' lang='lat' dir='ltr'><strong>Et</strong></span> <span class='ocrx_word' id='word_1_274' title='bbox 1112 2283 1214 2324; x_wconf 86' lang='lat' dir='ltr'><strong>nos</strong></span> <span class='ocrx_word' id='word_1_275' title='bbox 1256 2272 1587 2342; x_wconf 84' lang='lat' dir='ltr'><strong>quandoque</strong></span> <span class='ocrx_word' id='word_1_276' title='bbox 1627 2273 1770 2328; x_wconf 85' lang='lat' dir='ltr'><strong>idem</strong></span> <span class='ocrx_word' id='word_1_277' title='bbox 1811 2273 2062 2340; x_wconf 82' lang='lat' dir='ltr'><strong>facimus,</strong></span> 
     </span>
    </p>
   </div>
   <div class='ocr_carea' id='block_1_40' title="bbox 483 2355 2065 2434">
    <p class='ocr_par' dir='ltr' id='par_1_40' title="bbox 483 2355 2065 2434">
     <span class='ocr_line' id='line_1_40' title="bbox 483 2355 2065 2434; baseline 0.009 -25"><span class='ocrx_word' id='word_1_278' title='bbox 483 2370 611 2409; x_wconf 86' lang='lat' dir='ltr'><strong>cum</strong></span> <span class='ocrx_word' id='word_1_279' title='bbox 648 2355 699 2408; x_wconf 88' lang='lat' dir='ltr'><strong>id</strong></span> <span class='ocrx_word' id='word_1_280' title='bbox 741 2357 864 2410; x_wconf 85' lang='lat' dir='ltr'><strong>usui</strong></span> <span class='ocrx_word' id='word_1_281' title='bbox 920 2358 1075 2413; x_wconf 87' lang='lat' dir='ltr'><strong>nobis</strong></span> <span class='ocrx_word' id='word_1_282' title='bbox 1106 2373 1232 2415; x_wconf 90' lang='lat' dir='ltr'><strong>esse</strong></span> <span class='ocrx_word' id='word_1_283' title='bbox 1272 2362 1505 2418; x_wconf 90' lang='lat' dir='ltr'><strong>videtur.</strong></span> <span class='ocrx_word' id='word_1_284' title='bbox 1553 2361 1954 2434; x_wconf 82' lang='lat' dir='ltr'><strong>Nonnunquam</strong></span> <span class='ocrx_word' id='word_1_285' title='bbox 1995 2367 2065 2422; x_wconf 87' lang='lat' dir='ltr'><strong>ab</strong></span> 
     </span>
    </p>
   </div>
   <div class='ocr_carea' id='block_1_41' title="bbox 483 2442 2064 2517">
    <p class='ocr_par' dir='ltr' id='par_1_41' title="bbox 483 2442 2064 2517">
     <span class='ocr_line' id='line_1_41' title="bbox 483 2442 2064 2517; baseline 0.009 -20"><span class='ocrx_word' id='word_1_286' title='bbox 483 2442 720 2499; x_wconf 85' lang='lat' dir='ltr'><strong>ethnicis</strong></span> <span class='ocrx_word' id='word_1_287' title='bbox 746 2459 1026 2501; x_wconf 81' lang='lat' dir='ltr'><strong>sermones</strong></span> <span class='ocrx_word' id='word_1_288' title='bbox 1058 2456 1397 2517; x_wconf 85' lang='lat' dir='ltr'><strong>mutuamur,</strong></span> <span class='ocrx_word' id='word_1_289' title='bbox 1437 2461 1497 2506; x_wconf 91' lang='lat' dir='ltr'><strong>ut</strong></span> <span class='ocrx_word' id='word_1_290' title='bbox 1533 2452 1654 2508; x_wconf 91' lang='lat' dir='ltr'><strong>illos</strong></span> <span class='ocrx_word' id='word_1_291' title='bbox 1681 2454 1748 2508; x_wconf 87' lang='lat' dir='ltr'><strong>ad</strong></span> <span class='ocrx_word' id='word_1_292' title='bbox 1778 2454 1934 2510; x_wconf 81' lang='lat' dir='ltr'><strong>[idem</strong></span> <span class='ocrx_word' id='word_1_293' title='bbox 1963 2458 2064 2511; x_wconf 90' lang='lat' dir='ltr'><strong>ad-</strong></span> 
     </span>
    </p>
   </div>
   <div class='ocr_carea' id='block_1_42' title="bbox 463 2531 2066 2602">
    <p class='ocr_par' dir='ltr' id='par_1_42' title="bbox 463 2531 2066 2602">
     <span class='ocr_line' id='line_1_42' title="bbox 463 2531 2066 2602; baseline 0.011 -16"><span class='ocrx_word' id='word_1_294' title='bbox 463 2531 789 2602; x_wconf 76' lang='lat' dir='ltr'><strong>ducamus;</strong></span> <span class='ocrx_word' id='word_1_295' title='bbox 814 2545 868 2590; x_wconf 89' lang='lat' dir='ltr'><strong>et</strong></span> <span class='ocrx_word' id='word_1_296' title='bbox 894 2550 1018 2591; x_wconf 90' lang='lat' dir='ltr'><strong>cum</strong></span> <span class='ocrx_word' id='word_1_297' title='bbox 1039 2537 1338 2597; x_wconf 83' lang='lat' dir='ltr'><strong>viderimus</strong></span> <span class='ocrx_word' id='word_1_298' title='bbox 1363 2557 1458 2598; x_wconf 90' lang='lat' dir='ltr'><strong>eos</strong></span> <span class='ocrx_word' id='word_1_299' title='bbox 1488 2544 1561 2598; x_wconf 89' lang='lat' dir='ltr'><strong>ita</strong></span> <span class='ocrx_word' id='word_1_300' title='bbox 1589 2559 1619 2598; x_wconf 88' lang='lat' dir='ltr'><strong>a</strong></span> <span class='ocrx_word' id='word_1_301' title='bbox 1643 2545 2066 2602; x_wconf 83' lang='lat' dir='ltr'><strong>Christianismo</strong></span> 
     </span>
    </p>
   </div>
   <div class='ocr_carea' id='block_1_43' title="bbox 483 2628 2064 2707">
    <p class='ocr_par' dir='ltr' id='par_1_43' title="bbox 483 2628 2064 2707">
     <span class='ocr_line' id='line_1_43' title="bbox 483 2628 2064 2707; baseline 0.009 -29"><span class='ocrx_word' id='word_1_302' title='bbox 483 2638 728 2691; x_wconf 84' lang='lat' dir='ltr'><strong>aversos,</strong></span> <span class='ocrx_word' id='word_1_303' title='bbox 748 2635 804 2680; x_wconf 89' lang='lat' dir='ltr'><strong>ut</strong></span> <span class='ocrx_word' id='word_1_304' title='bbox 827 2628 907 2682; x_wconf 81' lang='lat' dir='ltr'><strong>vel</strong></span> <span class='ocrx_word' id='word_1_305' title='bbox 940 2628 1118 2699; x_wconf 90' lang='lat' dir='ltr'><strong>ipsum</strong></span> <span class='ocrx_word' id='word_1_306' title='bbox 1148 2646 1349 2689; x_wconf 90' lang='lat' dir='ltr'><strong>nomen</strong></span> <span class='ocrx_word' id='word_1_307' title='bbox 1376 2643 1731 2690; x_wconf 74' lang='lat' dir='ltr'><strong>exsecrentur</strong></span> <span class='ocrx_word' id='word_1_308' title='bbox 1749 2645 1802 2692; x_wconf 91' lang='lat' dir='ltr'><strong>et</strong></span> <span class='ocrx_word' id='word_1_309' title='bbox 1827 2638 2064 2707; x_wconf 89' lang='lat' dir='ltr'><strong>oderint,</strong></span> 
     </span>
    </p>
   </div>
   <div class='ocr_carea' id='block_1_44' title="bbox 483 2713 2067 2799">
    <p class='ocr_par' dir='ltr' id='par_1_44' title="bbox 483 2713 2067 2799">
     <span class='ocr_line' id='line_1_44' title="bbox 483 2713 2067 2799; baseline 0.01 -32"><span class='ocrx_word' id='word_1_310' title='bbox 483 2713 532 2768; x_wconf 93' lang='lat' dir='ltr'><strong>si</strong></span> <span class='ocrx_word' id='word_1_311' title='bbox 557 2715 828 2771; x_wconf 86' lang='lat' dir='ltr'><strong>audierint</strong></span> <span class='ocrx_word' id='word_1_312' title='bbox 853 2717 1291 2777; x_wconf 88' lang='lat' dir='ltr'><strong>Christianorum</strong></span> <span class='ocrx_word' id='word_1_313' title='bbox 1321 2738 1444 2779; x_wconf 85' lang='lat' dir='ltr'><strong>esse</strong></span> <span class='ocrx_word' id='word_1_314' title='bbox 1465 2739 1797 2793; x_wconf 84' lang='lat' dir='ltr'><strong>sermonem,</strong></span> <span class='ocrx_word' id='word_1_315' title='bbox 1824 2742 1932 2782; x_wconf 91' lang='lat' dir='ltr'><strong>non</strong></span> <span class='ocrx_word' id='word_1_316' title='bbox 1956 2744 2067 2799; x_wconf 73' lang='lat' dir='ltr'><strong>pra:</strong></span> 
     </span>
    </p>
   </div>
   <div class='ocr_carea' id='block_1_45' title="bbox 483 2805 2067 2887">
    <p class='ocr_par' dir='ltr' id='par_1_45' title="bbox 483 2805 2067 2887">
     <span class='ocr_line' id='line_1_45' title="bbox 483 2805 2067 2887; baseline 0.01 -29"><span class='ocrx_word' id='word_1_317' title='bbox 483 2805 645 2860; x_wconf 86' lang='lat' dir='ltr'><strong>nobis</strong></span> <span class='ocrx_word' id='word_1_318' title='bbox 668 2805 896 2863; x_wconf 85' lang='lat' dir='ltr'><strong>ferimus</strong></span> <span class='ocrx_word' id='word_1_319' title='bbox 924 2809 1299 2867; x_wconf 87' lang='lat' dir='ltr'><strong>Christianum</strong></span> <span class='ocrx_word' id='word_1_320' title='bbox 1328 2815 1448 2867; x_wconf 87' lang='lat' dir='ltr'><strong>utili</strong></span> <span class='ocrx_word' id='word_1_321' title='bbox 1475 2816 1713 2870; x_wconf 85' lang='lat' dir='ltr'><strong>sermoni</strong></span> <span class='ocrx_word' id='word_1_322' title='bbox 1740 2817 2067 2887; x_wconf 86' lang='lat' dir='ltr'><strong>proferendo</strong></span> 
     </span>
    </p>
   </div>
   <div class='ocr_carea' id='block_1_46' title="bbox 482 2896 2066 2977">
    <p class='ocr_par' dir='ltr' id='par_1_46' title="bbox 482 2896 2066 2977">
     <span class='ocr_line' id='line_1_46' title="bbox 482 2896 2066 2977; baseline 0.009 -28"><span class='ocrx_word' id='word_1_323' title='bbox 482 2908 610 2950; x_wconf 80' lang='lat' dir='ltr'><strong>esse</strong></span> <span class='ocrx_word' id='word_1_324' title='bbox 644 2896 923 2964; x_wconf 88' lang='lat' dir='ltr'><strong>idoneum,</strong></span> <span class='ocrx_word' id='word_1_325' title='bbox 955 2900 1051 2955; x_wconf 89' lang='lat' dir='ltr'><strong>sed</strong></span> <span class='ocrx_word' id='word_1_326' title='bbox 1083 2915 1208 2956; x_wconf 91' lang='lat' dir='ltr'><strong>cum</strong></span> <span class='ocrx_word' id='word_1_327' title='bbox 1238 2902 1511 2972; x_wconf 86' lang='lat' dir='ltr'><strong>ejusmodi</strong></span> <span class='ocrx_word' id='word_1_328' title='bbox 1558 2920 1742 2961; x_wconf 84' lang='lat' dir='ltr'><strong>sermo</strong></span> <span class='ocrx_word' id='word_1_329' title='bbox 1781 2923 1881 2977; x_wconf 92' lang='lat' dir='ltr'><strong>pro</strong></span> <span class='ocrx_word' id='word_1_330' title='bbox 1921 2908 2066 2964; x_wconf 81' lang='lat' dir='ltr'><strong>virili</strong></span> 
     </span>
    </p>
   </div>
   <div class='ocr_carea' id='block_1_47' title="bbox 485 2982 2068 3067">
    <p class='ocr_par' dir='ltr' id='par_1_47' title="bbox 485 2982 2068 3067">
     <span class='ocr_line' id='line_1_47' title="bbox 485 2982 2068 3067; baseline 0.009 -26"><span class='ocrx_word' id='word_1_331' title='bbox 485 2982 652 3041; x_wconf 81' lang='lat' dir='ltr'><strong>fuerit</strong></span> <span class='ocrx_word' id='word_1_332' title='bbox 678 3001 712 3042; x_wconf 84' lang='lat' dir='ltr'><strong>a</strong></span> <span class='ocrx_word' id='word_1_333' title='bbox 734 2989 893 3045; x_wconf 88' lang='lat' dir='ltr'><strong>nobis</strong></span> <span class='ocrx_word' id='word_1_334' title='bbox 907 2991 1204 3057; x_wconf 86' lang='lat' dir='ltr'><strong>stabilitus,</strong></span> <span class='ocrx_word' id='word_1_335' title='bbox 1228 3002 1285 3047; x_wconf 90' lang='lat' dir='ltr'><strong>et</strong></span> <span class='ocrx_word' id='word_1_336' title='bbox 1310 2993 1611 3051; x_wconf 81' lang='lat' dir='ltr'><strong>viderimus</strong></span> <span class='ocrx_word' id='word_1_337' title='bbox 1627 2998 1886 3067; x_wconf 90' lang='lat' dir='ltr'><strong>cupidum</strong></span> <span class='ocrx_word' id='word_1_338' title='bbox 1912 3000 2068 3056; x_wconf 89' lang='lat' dir='ltr'><strong>audi-</strong></span> 
     </span>
    </p>
   </div>
   <div class='ocr_carea' id='block_1_48' title="bbox 487 3070 2065 3157">
    <p class='ocr_par' dir='ltr' id='par_1_48' title="bbox 487 3070 2065 3157">
     <span class='ocr_line' id='line_1_48' title="bbox 487 3070 2065 3157; baseline 0.011 -27"><span class='ocrx_word' id='word_1_339' title='bbox 487 3086 663 3131; x_wconf 84' lang='lat' dir='ltr'><strong>torem</strong></span> <span class='ocrx_word' id='word_1_340' title='bbox 679 3091 788 3132; x_wconf 90' lang='lat' dir='ltr'><strong>non</strong></span> <span class='ocrx_word' id='word_1_341' title='bbox 804 3070 1013 3149; x_wconf 75' lang='lat' dir='ltr'><strong>vulgari</strong></span> <span class='ocrx_word' id='word_1_342' title='bbox 1027 3082 1189 3138; x_wconf 91' lang='lat' dir='ltr'><strong>modo</strong></span> <span class='ocrx_word' id='word_1_343' title='bbox 1206 3083 1258 3138; x_wconf 91' lang='lat' dir='ltr'><strong>id</strong></span> <span class='ocrx_word' id='word_1_344' title='bbox 1274 3085 1418 3153; x_wconf 90' lang='lat' dir='ltr'><strong>quod</strong></span> <span class='ocrx_word' id='word_1_345' title='bbox 1435 3085 2065 3157; x_wconf 89' lang='lat' dir='ltr'><strong>diciturauscultautem,</strong></span> 
     </span>
    </p>
   </div>
   <div class='ocr_carea' id='block_1_49' title="bbox 485 3168 2070 3248">
    <p class='ocr_par' dir='ltr' id='par_1_49' title="bbox 485 3168 2070 3248">
     <span class='ocr_line' id='line_1_49' title="bbox 485 3168 2070 3248; baseline 0.01 -26"><span class='ocrx_word' id='word_1_346' title='bbox 485 3168 955 3225; x_wconf 76' lang='lat' dir='ltr'><strong>tunccontitemur</strong></span> <span class='ocrx_word' id='word_1_347' title='bbox 971 3171 1118 3228; x_wconf 89' lang='lat' dir='ltr'><strong>hunc</strong></span> <span class='ocrx_word' id='word_1_348' title='bbox 1133 3173 1459 3231; x_wconf 86' lang='lat' dir='ltr'><strong>laudabilem</strong></span> <span class='ocrx_word' id='word_1_349' title='bbox 1473 3181 2070 3248; x_wconf 86' lang='lat' dir='ltr'><strong>sermonem,Christia-</strong></span> 
     </span>
    </p>
   </div>
   <div class='ocr_carea' id='block_1_50' title="bbox 2161 1982 3757 2064">
    <p class='ocr_par' dir='ltr' id='par_1_50' title="bbox 2161 1982 3757 2064">
     <span class='ocr_line' id='line_1_50' title="bbox 2161 1982 3757 2064; baseline -0.006 -14"><span class='ocrx_word' id='word_1_350' title='bbox 2161 1995 2340 2064; x_wconf 81' lang='grc' dir='ltr'><strong>Λόγοι</strong></span> <span class='ocrx_word' id='word_1_351' title='bbox 2384 1991 2668 2061; x_wconf 79' lang='grc' dir='ltr'>Ἱερεμίου</span> <span class='ocrx_word' id='word_1_352' title='bbox 2714 1989 2849 2045; x_wconf 86' lang='grc' dir='ltr'><em>υἱοῦ</em></span> <span class='ocrx_word' id='word_1_353' title='bbox 2897 1989 3172 2043; x_wconf 80' lang='grc' dir='ltr'><em>Χελκίου.</em></span> <span class='ocrx_word' id='word_1_354' title='bbox 3207 1988 3308 2042; x_wconf 82' lang='grc' dir='ltr'><strong>Διὰ</strong></span> <span class='ocrx_word' id='word_1_355' title='bbox 3352 1987 3405 2041; x_wconf 90' lang='grc' dir='ltr'><strong>τί</strong></span> <span class='ocrx_word' id='word_1_356' title='bbox 3454 1982 3548 2041; x_wconf 75' lang='grc' dir='ltr'><strong>οὖν</strong></span> <span class='ocrx_word' id='word_1_357' title='bbox 3580 1986 3757 2056; x_wconf 72' lang='grc' dir='ltr'><em>λόγοι</em></span> 
     </span>
    </p>
   </div>
   <div class='ocr_carea' id='block_1_51' title="bbox 2174 2079 3751 2156">
    <p class='ocr_par' dir='ltr' id='par_1_51' title="bbox 2174 2079 3751 2156">
     <span class='ocr_line' id='line_1_51' title="bbox 2174 2079 3751 2156; baseline -0.006 -15"><span class='ocrx_word' id='word_1_358' title='bbox 2174 2086 2491 2156; x_wconf 79' lang='grc' dir='ltr'>Ἰερεμίου;</span> <span class='ocrx_word' id='word_1_359' title='bbox 2562 2083 2891 2156; x_wconf 87' lang='grc' dir='ltr'>Ἐπειδήπερ</span> <span class='ocrx_word' id='word_1_360' title='bbox 2921 2082 2983 2136; x_wconf 75' lang='grc' dir='ltr'>τὸ</span> <span class='ocrx_word' id='word_1_361' title='bbox 3033 2080 3314 2154; x_wconf 90' lang='grc' dir='ltr'>προοίμιον</span> <span class='ocrx_word' id='word_1_362' title='bbox 3370 2079 3522 2151; x_wconf 82' lang='grc' dir='ltr'>αύτῷ</span> <span class='ocrx_word' id='word_1_363' title='bbox 3567 2081 3625 2133; x_wconf 71' lang='grc' dir='ltr'>εν</span> <span class='ocrx_word' id='word_1_364' title='bbox 3670 2080 3751 2151; x_wconf 76' lang='grc' dir='ltr'><strong>τῷ</strong></span> 
     </span>
    </p>
   </div>
   <div class='ocr_carea' id='block_1_52' title="bbox 2162 2166 3761 2247">
    <p class='ocr_par' dir='ltr' id='par_1_52' title="bbox 2162 2166 3761 2247">
     <span class='ocr_line' id='line_1_52' title="bbox 2162 2166 3761 2247; baseline -0.005 -16"><span class='ocrx_word' id='word_1_365' title='bbox 2162 2177 2343 2245; x_wconf 82' lang='grc' dir='ltr'>λέγειν</span> <span class='ocrx_word' id='word_1_366' title='bbox 2366 2176 2503 2247; x_wconf 78' lang='grc' dir='ltr'>πρὸς</span> <span class='ocrx_word' id='word_1_367' title='bbox 2524 2175 2651 2238; x_wconf 73' lang='grc' dir='ltr'>τοὺς</span> <span class='ocrx_word' id='word_1_368' title='bbox 2674 2174 2748 2246; x_wconf 78' lang='grc' dir='ltr'>μὴ</span> <span class='ocrx_word' id='word_1_369' title='bbox 2775 2173 3132 2245; x_wconf 78' lang='grc' dir='ltr'><em>βουλομένους</em></span> <span class='ocrx_word' id='word_1_370' title='bbox 3154 2170 3386 2226; x_wconf 80' lang='grc' dir='ltr'>ἀκοῦσαι</span> <span class='ocrx_word' id='word_1_371' title='bbox 3406 2166 3473 2241; x_wconf 81' lang='grc' dir='ltr'><strong>ἦν</strong></span> <span class='ocrx_word' id='word_1_372' title='bbox 3493 2188 3506 2201; x_wconf 87' lang='grc'><strong>·</strong></span> <span class='ocrx_word' id='word_1_373' title='bbox 3550 2171 3761 2224; x_wconf 75' lang='grc' dir='ltr'><strong>Ἀκού-</strong></span> 
     </span>
    </p>
   </div>
   <div class='ocr_carea' id='block_1_53' title="bbox 2163 2261 3744 2335">
    <p class='ocr_par' dir='ltr' id='par_1_53' title="bbox 2163 2261 3744 2335">
     <span class='ocr_line' id='line_1_53' title="bbox 2163 2261 3744 2335; baseline -0.004 -14"><span class='ocrx_word' id='word_1_374' title='bbox 2163 2265 2313 2322; x_wconf 86' lang='grc' dir='ltr'>σατέ</span> <span class='ocrx_word' id='word_1_375' title='bbox 2332 2284 2454 2335; x_wconf 80' lang='grc' dir='ltr'><em>μου</em></span> <span class='ocrx_word' id='word_1_376' title='bbox 2486 2265 2629 2331; x_wconf 82' lang='grc' dir='ltr'><em>τοὺς</em></span> <span class='ocrx_word' id='word_1_377' title='bbox 2657 2266 2901 2333; x_wconf 76' lang='grc' dir='ltr'><em>λόγους.</em></span> <span class='ocrx_word' id='word_1_378' title='bbox 2933 2263 3043 2317; x_wconf 67' lang='lat' dir='ltr'><strong>Kat</strong></span> <span class='ocrx_word' id='word_1_379' title='bbox 3071 2263 3233 2334; x_wconf 80' lang='grc' dir='ltr'>ἡμεῖς</span> <span class='ocrx_word' id='word_1_380' title='bbox 3252 2261 3363 2316; x_wconf 72' lang='grc' dir='ltr'><strong>ἐσθ’</strong></span> <span class='ocrx_word' id='word_1_381' title='bbox 3387 2262 3474 2315; x_wconf 79' lang='grc' dir='ltr'><strong>ὅτε</strong></span> <span class='ocrx_word' id='word_1_382' title='bbox 3504 2261 3744 2324; x_wconf 74' lang='grc' dir='ltr'>τοιαῦτα,</span> 
     </span>
    </p>
   </div>
   <div class='ocr_carea' id='block_1_54' title="bbox 2162 2352 3745 2427">
    <p class='ocr_par' dir='ltr' id='par_1_54' title="bbox 2162 2352 3745 2427">
     <span class='ocr_line' id='line_1_54' title="bbox 2162 2352 3745 2427; baseline -0.005 -15"><span class='ocrx_word' id='word_1_383' title='bbox 2162 2358 2291 2412; x_wconf 82' lang='grc' dir='ltr'>ὅταν</span> <span class='ocrx_word' id='word_1_384' title='bbox 2322 2357 2597 2420; x_wconf 80' lang='grc' dir='ltr'>λυσιτελὲς</span> <span class='ocrx_word' id='word_1_385' title='bbox 2624 2357 2758 2427; x_wconf 81' lang='grc' dir='ltr'><strong>ἡμῖν</strong></span> <span class='ocrx_word' id='word_1_386' title='bbox 2790 2357 2954 2426; x_wconf 84' lang='grc' dir='ltr'>φανῇ,</span> <span class='ocrx_word' id='word_1_387' title='bbox 2990 2353 3274 2423; x_wconf 80' lang='grc' dir='ltr'>ποιοῦμεν.</span> <span class='ocrx_word' id='word_1_388' title='bbox 3327 2353 3527 2407; x_wconf 82' lang='grc' dir='ltr'>Ἐνίοτε</span> <span class='ocrx_word' id='word_1_389' title='bbox 3557 2352 3745 2421; x_wconf 81' lang='grc' dir='ltr'><em>λόγους</em></span> 
     </span>
    </p>
   </div>
   <div class='ocr_carea' id='block_1_55' title="bbox 2165 2446 3743 2521">
    <p class='ocr_par' dir='ltr' id='par_1_55' title="bbox 2165 2446 3743 2521">
     <span class='ocr_line' id='line_1_55' title="bbox 2165 2446 3743 2521; baseline -0.006 -15"><span class='ocrx_word' id='word_1_390' title='bbox 2165 2451 2274 2506; x_wconf 77' lang='grc' dir='ltr'><strong>ἀπὸ</strong></span> <span class='ocrx_word' id='word_1_391' title='bbox 2288 2450 2398 2503; x_wconf 86' lang='grc' dir='ltr'><strong>τῶν</strong></span> <span class='ocrx_word' id='word_1_392' title='bbox 2426 2449 2595 2503; x_wconf 54' lang='lat' dir='ltr'><strong>sava»;</strong></span> <span class='ocrx_word' id='word_1_393' title='bbox 2616 2448 2989 2521; x_wconf 83' lang='grc' dir='ltr'><strong>προσάγομεν,</strong></span> <span class='ocrx_word' id='word_1_394' title='bbox 3021 2446 3334 2517; x_wconf 85' lang='grc' dir='ltr'>βουλόμενοι</span> <span class='ocrx_word' id='word_1_395' title='bbox 3354 2446 3552 2510; x_wconf 76' lang='grc' dir='ltr'>αὐτοὺς</span> <span class='ocrx_word' id='word_1_396' title='bbox 3578 2461 3743 2517; x_wconf 84' lang='grc' dir='ltr'>προσ-</span> 
     </span>
    </p>
   </div>
   <div class='ocr_carea' id='block_1_56' title="bbox 2165 2534 3748 2608">
    <p class='ocr_par' dir='ltr' id='par_1_56' title="bbox 2165 2534 3748 2608">
     <span class='ocr_line' id='line_1_56' title="bbox 2165 2534 3748 2608; baseline -0.003 -17"><span class='ocrx_word' id='word_1_397' title='bbox 2165 2539 2394 2606; x_wconf 88' lang='grc' dir='ltr'>αγαγεῖν</span> <span class='ocrx_word' id='word_1_398' title='bbox 2424 2538 2491 2608; x_wconf 77' lang='grc' dir='ltr'><strong>τῇ</strong></span> <span class='ocrx_word' id='word_1_399' title='bbox 2528 2536 2739 2590; x_wconf 82' lang='grc' dir='ltr'><strong>πίστει·</strong></span> <span class='ocrx_word' id='word_1_400' title='bbox 2774 2535 2871 2589; x_wconf 77' lang='grc' dir='ltr'><strong>καὶ</strong></span> <span class='ocrx_word' id='word_1_401' title='bbox 2897 2535 2991 2589; x_wconf 66' lang='grc' dir='ltr'><strong>ἐὰν</strong></span> <span class='ocrx_word' id='word_1_402' title='bbox 3021 2535 3239 2606; x_wconf 75' lang='grc' dir='ltr'>ἴδωμεν,</span> <span class='ocrx_word' id='word_1_403' title='bbox 3272 2537 3355 2589; x_wconf 84' lang='grc' dir='ltr'>ὅτι</span> <span class='ocrx_word' id='word_1_404' title='bbox 3391 2534 3748 2606; x_wconf 73' lang='grc' dir='ltr'><strong>διαὸεϐλημι-</strong></span> 
     </span>
    </p>
   </div>
   <div class='ocr_carea' id='block_1_57' title="bbox 2164 2625 3759 2700">
    <p class='ocr_par' dir='ltr' id='par_1_57' title="bbox 2164 2625 3759 2700">
     <span class='ocr_line' id='line_1_57' title="bbox 2164 2625 3759 2700; baseline -0.001 -17"><span class='ocrx_word' id='word_1_405' title='bbox 2164 2646 2245 2683; x_wconf 89' lang='grc' dir='ltr'>νοι</span> <span class='ocrx_word' id='word_1_406' title='bbox 2288 2628 2396 2682; x_wconf 76' lang='grc' dir='ltr'>εἰσὶ</span> <span class='ocrx_word' id='word_1_407' title='bbox 2444 2628 2582 2700; x_wconf 80' lang='grc' dir='ltr'>πρὸς</span> <span class='ocrx_word' id='word_1_408' title='bbox 2624 2627 3068 2700; x_wconf 78' lang='grc' dir='ltr'>Χριστιανισμὸν,</span> <span class='ocrx_word' id='word_1_409' title='bbox 3113 2626 3208 2680; x_wconf 76' lang='grc' dir='ltr'><strong>καὶ</strong></span> <span class='ocrx_word' id='word_1_410' title='bbox 3260 2625 3641 2698; x_wconf 81' lang='grc' dir='ltr'>βδελύσσονται</span> <span class='ocrx_word' id='word_1_411' title='bbox 3686 2629 3759 2681; x_wconf 68' lang='grc' dir='ltr'>τὸ</span> 
     </span>
    </p>
   </div>
   <div class='ocr_carea' id='block_1_58' title="bbox 2162 2712 3753 2790">
    <p class='ocr_par' dir='ltr' id='par_1_58' title="bbox 2162 2712 3753 2790">
     <span class='ocr_line' id='line_1_58' title="bbox 2162 2712 3753 2790; baseline -0.001 -18"><span class='ocrx_word' id='word_1_412' title='bbox 2162 2718 2354 2790; x_wconf 75' lang='grc' dir='ltr'>ὄνομα,</span> <span class='ocrx_word' id='word_1_413' title='bbox 2378 2720 2474 2773; x_wconf 74' lang='grc' dir='ltr'><strong>καὶ</strong></span> <span class='ocrx_word' id='word_1_414' title='bbox 2497 2718 2713 2790; x_wconf 80' lang='grc' dir='ltr'>μισοῦσι</span> <span class='ocrx_word' id='word_1_415' title='bbox 2739 2720 2800 2773; x_wconf 80' lang='grc' dir='ltr'><strong>τὸ</strong></span> <span class='ocrx_word' id='word_1_416' title='bbox 2822 2719 3073 2784; x_wconf 80' lang='grc' dir='ltr'>ἀκοῦσαι,</span> <span class='ocrx_word' id='word_1_417' title='bbox 3096 2720 3180 2772; x_wconf 84' lang='grc' dir='ltr'>ὅτι</span> <span class='ocrx_word' id='word_1_418' title='bbox 3202 2712 3357 2781; x_wconf 70' lang='grc' dir='ltr'>οὗτος</span> <span class='ocrx_word' id='word_1_419' title='bbox 3383 2720 3413 2771; x_wconf 97' lang='lat'><strong>6</strong></span> <span class='ocrx_word' id='word_1_420' title='bbox 3432 2717 3587 2788; x_wconf 81' lang='grc' dir='ltr'><strong>λόγος</strong></span> <span class='ocrx_word' id='word_1_421' title='bbox 3615 2719 3753 2789; x_wconf 83' lang='grc' dir='ltr'>Χρι-</span> 
     </span>
    </p>
   </div>
   <div class='ocr_carea' id='block_1_59' title="bbox 2169 2812 3768 2885">
    <p class='ocr_par' dir='ltr' id='par_1_59' title="bbox 2169 2812 3768 2885">
     <span class='ocr_line' id='line_1_59' title="bbox 2169 2812 3768 2885; baseline -0.001 -20"><span class='ocrx_word' id='word_1_422' title='bbox 2169 2812 2399 2867; x_wconf 87' lang='grc' dir='ltr'>στιανῶν</span> <span class='ocrx_word' id='word_1_423' title='bbox 2437 2813 2607 2878; x_wconf 77' lang='grc' dir='ltr'>ἐστιν,</span> <span class='ocrx_word' id='word_1_424' title='bbox 2642 2813 2704 2866; x_wconf 85' lang='grc' dir='ltr'><strong>οὐ</strong></span> <span class='ocrx_word' id='word_1_425' title='bbox 2750 2812 3194 2885; x_wconf 82' lang='grc' dir='ltr'>προσποιούμεθα</span> <span class='ocrx_word' id='word_1_426' title='bbox 3222 2812 3547 2884; x_wconf 77' lang='grc' dir='ltr'><strong>Χριστιανὸν</strong></span> <span class='ocrx_word' id='word_1_427' title='bbox 3572 2812 3768 2881; x_wconf 64' lang='grc' dir='ltr'>λέγειν;</span> 
     </span>
    </p>
   </div>
   <div class='ocr_carea' id='block_1_60' title="bbox 2165 2901 3753 2975">
    <p class='ocr_par' dir='ltr' id='par_1_60' title="bbox 2165 2901 3753 2975">
     <span class='ocr_line' id='line_1_60' title="bbox 2165 2901 3753 2975; baseline 0.001 -20"><span class='ocrx_word' id='word_1_428' title='bbox 2165 2901 2323 2970; x_wconf 87' lang='grc' dir='ltr'><em>λόγον</em></span> <span class='ocrx_word' id='word_1_429' title='bbox 2365 2903 2672 2975; x_wconf 74' lang='grc' dir='ltr'>ὠφέλιμονο</span> <span class='ocrx_word' id='word_1_430' title='bbox 2722 2903 2838 2958; x_wconf 84' lang='grc' dir='ltr'><strong>ἀλλ’</strong></span> <span class='ocrx_word' id='word_1_431' title='bbox 2888 2903 3018 2957; x_wconf 77' lang='grc' dir='ltr'>ὅταν</span> <span class='ocrx_word' id='word_1_432' title='bbox 3067 2905 3098 2957; x_wconf 93' lang='lat'><strong>6</strong></span> <span class='ocrx_word' id='word_1_433' title='bbox 3121 2903 3278 2972; x_wconf 81' lang='grc' dir='ltr'>λόγος</span> <span class='ocrx_word' id='word_1_434' title='bbox 3328 2905 3535 2967; x_wconf 66' lang='grc' dir='ltr'><strong>ἐκεῖνος</strong></span> <span class='ocrx_word' id='word_1_435' title='bbox 3584 2921 3753 2958; x_wconf 64' lang='grc' dir='ltr'>καταε-</span> 
     </span>
    </p>
   </div>
   <div class='ocr_carea' id='block_1_61' title="bbox 2168 2994 3765 3067">
    <p class='ocr_par' dir='ltr' id='par_1_61' title="bbox 2168 2994 3765 3067">
     <span class='ocr_line' id='line_1_61' title="bbox 2168 2994 3765 3067; baseline 0 -18"><span class='ocrx_word' id='word_1_436' title='bbox 2168 2995 2442 3067; x_wconf 75' lang='grc' dir='ltr'>σκευασθῇ</span> <span class='ocrx_word' id='word_1_437' title='bbox 2500 2995 2644 3051; x_wconf 79' lang='grc' dir='ltr'>κατὰ</span> <span class='ocrx_word' id='word_1_438' title='bbox 2691 2994 2921 3067; x_wconf 86' lang='grc' dir='ltr'>δύναμιν</span> <span class='ocrx_word' id='word_1_439' title='bbox 2973 2994 3064 3066; x_wconf 79' lang='grc' dir='ltr'>ὑφ’</span> <span class='ocrx_word' id='word_1_440' title='bbox 3108 2996 3286 3067; x_wconf 77' lang='grc' dir='ltr'>ἡμῶν,</span> <span class='ocrx_word' id='word_1_441' title='bbox 3337 2996 3432 3050; x_wconf 77' lang='grc' dir='ltr'><strong>καὶ</strong></span> <span class='ocrx_word' id='word_1_442' title='bbox 3487 2996 3765 3067; x_wconf 66' lang='grc' dir='ltr'>δοκοῦμενι</span> 
     </span>
    </p>
   </div>
   <div class='ocr_carea' id='block_1_62' title="bbox 2166 3083 3761 3158">
    <p class='ocr_par' dir='ltr' id='par_1_62' title="bbox 2166 3083 3761 3158">
     <span class='ocr_line' id='line_1_62' title="bbox 2166 3083 3761 3158; baseline 0.001 -19"><span class='ocrx_word' id='word_1_443' title='bbox 2166 3085 2300 3156; x_wconf 73' lang='grc' dir='ltr'><strong>ὲρᾷν</strong></span> <span class='ocrx_word' id='word_1_444' title='bbox 2353 3083 2446 3138; x_wconf 76' lang='grc' dir='ltr'><strong>τὸν</strong></span> <span class='ocrx_word' id='word_1_445' title='bbox 2494 3084 2768 3157; x_wconf 83' lang='grc' dir='ltr'>ἀκροατὴν</span> <span class='ocrx_word' id='word_1_446' title='bbox 2811 3085 2909 3156; x_wconf 81' lang='grc' dir='ltr'><strong>οὐχ</strong></span> <span class='ocrx_word' id='word_1_447' title='bbox 2960 3084 3038 3149; x_wconf 84' lang='grc' dir='ltr'><strong>ὡς</strong></span> <span class='ocrx_word' id='word_1_448' title='bbox 3094 3083 3252 3156; x_wconf 77' lang='grc' dir='ltr'>ἔτυχε</span> <span class='ocrx_word' id='word_1_449' title='bbox 3307 3084 3402 3140; x_wconf 77' lang='grc' dir='ltr'>τοῦ</span> <span class='ocrx_word' id='word_1_450' title='bbox 3456 3085 3761 3158; x_wconf 82' lang='grc' dir='ltr'>λεγομένου-</span> 
     </span>
    </p>
   </div>
   <div class='ocr_carea' id='block_1_63' title="bbox 2169 3170 3753 3253">
    <p class='ocr_par' dir='ltr' id='par_1_63' title="bbox 2169 3170 3753 3253">
     <span class='ocr_line' id='line_1_63' title="bbox 2169 3170 3753 3253; baseline 0.001 -22"><span class='ocrx_word' id='word_1_451' title='bbox 2169 3177 2507 3241; x_wconf 80' lang='grc' dir='ltr'>ἀκούσαντα,</span> <span class='ocrx_word' id='word_1_452' title='bbox 2537 3177 2659 3229; x_wconf 85' lang='grc' dir='ltr'>τότε</span> <span class='ocrx_word' id='word_1_453' title='bbox 2692 3175 3081 3249; x_wconf 80' lang='grc' dir='ltr'>ὁμολογοῦμεν,</span> <span class='ocrx_word' id='word_1_454' title='bbox 3112 3178 3196 3231; x_wconf 80' lang='grc' dir='ltr'>ὅτι</span> <span class='ocrx_word' id='word_1_455' title='bbox 3225 3170 3383 3253; x_wconf 70' lang='grc' dir='ltr'>οὗτος</span> <span class='ocrx_word' id='word_1_456' title='bbox 3408 3179 3438 3230; x_wconf 92' lang='lat'><strong>6</strong></span> <span class='ocrx_word' id='word_1_457' title='bbox 3472 3179 3753 3241; x_wconf 72' lang='grc' dir='ltr'>ἐπαινετὸς</span> 
     </span>
    </p>
   </div>
   <div class='ocr_carea' id='block_1_64' title="bbox 487 3259 2061 3342">
    <p class='ocr_par' dir='ltr' id='par_1_64' title="bbox 487 3259 2061 3342">
     <span class='ocr_line' id='line_1_64' title="bbox 487 3259 2061 3342; baseline 0.011 -32"><span class='ocrx_word' id='word_1_458' title='bbox 487 3271 686 3312; x_wconf 78' lang='lat' dir='ltr'><strong>norum</strong></span> <span class='ocrx_word' id='word_1_459' title='bbox 719 3259 884 3331; x_wconf 71' lang='lat'><strong>269</strong></span> <span class='ocrx_word' id='word_1_460' title='bbox 905 3276 1029 3317; x_wconf 88' lang='lat' dir='ltr'><strong>esse</strong></span> <span class='ocrx_word' id='word_1_461' title='bbox 1048 3277 1378 3330; x_wconf 90' lang='lat' dir='ltr'><strong>sermonem,</strong></span> <span class='ocrx_word' id='word_1_462' title='bbox 1398 3279 1451 3323; x_wconf 89' lang='lat' dir='ltr'><strong>et</strong></span> <span class='ocrx_word' id='word_1_463' title='bbox 1474 3269 1653 3325; x_wconf 88' lang='lat' dir='ltr'><strong>simile</strong></span> <span class='ocrx_word' id='word_1_464' title='bbox 1673 3271 1955 3342; x_wconf 85' lang='lat' dir='ltr'><strong>quidpiam</strong></span> <span class='ocrx_word' id='word_1_465' title='bbox 1989 3272 2061 3327; x_wconf 88' lang='lat' dir='ltr'><strong>fa-</strong></span> 
     </span>
    </p>
   </div>
   <div class='ocr_carea' id='block_1_65' title="bbox 2167 3259 3753 3342">
    <p class='ocr_par' dir='ltr' id='par_1_65' title="bbox 2170 3264 3753 3342">
     <span class='ocr_line' id='line_1_65' title="bbox 2170 3264 3753 3342; baseline 0.001 -18"><span class='ocrx_word' id='word_1_466' title='bbox 2170 3270 2329 3339; x_wconf 84' lang='grc' dir='ltr'><em>λόγος</em></span> <span class='ocrx_word' id='word_1_467' title='bbox 2354 3269 2696 3342; x_wconf 81' lang='grc' dir='ltr'>Χριστιανῶν</span> <span class='ocrx_word' id='word_1_468' title='bbox 2728 3268 2886 3338; x_wconf 79' lang='grc' dir='ltr'><em>λόγος</em></span> <span class='ocrx_word' id='word_1_469' title='bbox 2920 3264 3021 3339; x_wconf 75' lang='grc' dir='ltr'><strong>ἦν·</strong></span> <span class='ocrx_word' id='word_1_470' title='bbox 3056 3268 3151 3323; x_wconf 76' lang='grc' dir='ltr'><strong>καὶ</strong></span> <span class='ocrx_word' id='word_1_471' title='bbox 3192 3269 3454 3341; x_wconf 68' lang='grc' dir='ltr'>ποιοῦμεν</span> <span class='ocrx_word' id='word_1_472' title='bbox 3485 3288 3537 3323; x_wconf 92' lang='grc' dir='ltr'><strong>τι</strong></span> <span class='ocrx_word' id='word_1_473' title='bbox 3572 3288 3753 3342; x_wconf 86' lang='grc' dir='ltr'>παρα-</span> 
     </span>
    </p>
   </div>
   <div class='ocr_carea' id='block_1_66' title="bbox 489 3347 2066 3422">
    <p class='ocr_par' dir='ltr' id='par_1_66' title="bbox 489 3347 2066 3422">
     <span class='ocr_line' id='line_1_66' title="bbox 489 3347 2066 3422; baseline 0.01 -20"><span class='ocrx_word' id='word_1_474' title='bbox 489 3347 668 3403; x_wconf 88' lang='lat' dir='ltr'><strong>cimus</strong></span> <span class='ocrx_word' id='word_1_475' title='bbox 698 3358 759 3404; x_wconf 90' lang='lat' dir='ltr'><strong>ut</strong></span> <span class='ocrx_word' id='word_1_476' title='bbox 783 3353 830 3406; x_wconf 88' lang='lat' dir='ltr'><strong>is</strong></span> <span class='ocrx_word' id='word_1_477' title='bbox 857 3352 952 3422; x_wconf 90' lang='lat' dir='ltr'><strong>qui</strong></span> <span class='ocrx_word' id='word_1_478' title='bbox 985 3353 1145 3421; x_wconf 79' lang='lat' dir='ltr'><strong>dixit,</strong></span> <span class='ocrx_word' id='word_1_479' title='bbox 1168 3369 1278 3410; x_wconf 91' lang='lat' dir='ltr'><strong>non</strong></span> <span class='ocrx_word' id='word_1_480' title='bbox 1302 3358 1487 3413; x_wconf 81' lang='lat' dir='ltr'><strong>statim</strong></span> <span class='ocrx_word' id='word_1_481' title='bbox 1519 3378 1534 3414; x_wconf 90' lang='lat'><strong>:</strong></span> <span class='ocrx_word' id='word_1_482' title='bbox 1572 3360 1702 3416; x_wconf 75' lang='lat' dir='ltr'><strong>Haec</strong></span> <span class='ocrx_word' id='word_1_483' title='bbox 1723 3363 1854 3416; x_wconf 87' lang='lat' dir='ltr'><strong>dicit</strong></span> <span class='ocrx_word' id='word_1_484' title='bbox 1882 3362 2066 3419; x_wconf 84' lang='lat' dir='ltr'><strong>Domi-</strong></span> 
     </span>
    </p>
   </div>
   <div class='ocr_carea' id='block_1_67' title="bbox 489 3442 2059 3530">
    <p class='ocr_par' dir='ltr' id='par_1_67' title="bbox 489 3442 2059 3530">
     <span class='ocr_line' id='line_1_67' title="bbox 489 3442 2059 3530; baseline 0.012 -35"><span class='ocrx_word' id='word_1_485' title='bbox 489 3455 610 3530; x_wconf 57' lang='lat' dir='ltr'><strong>tius.</strong></span> <span class='ocrx_word' id='word_1_486' title='bbox 637 3442 756 3510; x_wconf 86' lang='lat' dir='ltr'><strong>sed,</strong></span> <span class='ocrx_word' id='word_1_487' title='bbox 795 3445 979 3501; x_wconf 83' lang='lat' dir='ltr'><strong>audite</strong></span> <span class='ocrx_word' id='word_1_488' title='bbox 1004 3462 1286 3530; x_wconf 86' lang='lat' dir='ltr'><strong>sermones</strong></span> <span class='ocrx_word' id='word_1_489' title='bbox 1323 3467 1462 3522; x_wconf 87' lang='lat' dir='ltr'><strong>quos</strong></span> <span class='ocrx_word' id='word_1_490' title='bbox 1493 3468 1596 3524; x_wconf 87' lang='lat' dir='ltr'><strong>ego</strong></span> <span class='ocrx_word' id='word_1_491' title='bbox 1620 3455 1745 3511; x_wconf 89' lang='lat' dir='ltr'><strong>dico</strong></span> <span class='ocrx_word' id='word_1_492' title='bbox 1774 3455 2059 3515; x_wconf 79' lang='lat' dir='ltr'><strong>Jeremias.</strong></span> 
     </span>
    </p>
   </div>
   <div class='ocr_carea' id='block_1_68' title="bbox 489 3528 2069 3603">
    <p class='ocr_par' dir='ltr' id='par_1_68' title="bbox 489 3528 2069 3603">
     <span class='ocr_line' id='line_1_68' title="bbox 489 3528 2069 3603; baseline 0.011 -20"><span class='ocrx_word' id='word_1_493' title='bbox 489 3528 618 3585; x_wconf 69' lang='lat' dir='ltr'><strong>Haec</strong></span> <span class='ocrx_word' id='word_1_494' title='bbox 636 3543 860 3603; x_wconf 88' lang='lat' dir='ltr'><strong>propter</strong></span> <span class='ocrx_word' id='word_1_495' title='bbox 894 3528 1074 3591; x_wconf 84' lang='lat' dir='ltr'><strong>illud:</strong></span> <span class='ocrx_word' id='word_1_496' title='bbox 1105 3535 1307 3594; x_wconf 86' lang='lat' dir='ltr'><strong>Factus</strong></span> <span class='ocrx_word' id='word_1_497' title='bbox 1341 3555 1460 3593; x_wconf 87' lang='lat' dir='ltr'><strong>sum</strong></span> <span class='ocrx_word' id='word_1_498' title='bbox 1492 3542 1548 3594; x_wconf 86' lang='lat' dir='ltr'><strong>in</strong></span> <span class='ocrx_word' id='word_1_499' title='bbox 1568 3541 1824 3597; x_wconf 78' lang='lat' dir='ltr'><strong>derisum.</strong></span> <span class='ocrx_word' id='word_1_500' title='bbox 1866 3542 1933 3597; x_wconf 85' lang='lat' dir='ltr'><strong>Et</strong></span> <span class='ocrx_word' id='word_1_501' title='bbox 1963 3559 2069 3601; x_wconf 79' lang='lat' dir='ltr'><strong>nos</strong></span> 
     </span>
    </p>
   </div>
   <div class='ocr_carea' id='block_1_69' title="bbox 488 3621 2062 3701">
    <p class='ocr_par' dir='ltr' id='par_1_69' title="bbox 488 3621 2062 3701">
     <span class='ocr_line' id='line_1_69' title="bbox 488 3621 2062 3701; baseline 0.008 -24"><span class='ocrx_word' id='word_1_502' title='bbox 488 3621 537 3677; x_wconf 84' lang='lat' dir='ltr'><strong>si</strong></span> <span class='ocrx_word' id='word_1_503' title='bbox 561 3624 780 3692; x_wconf 83' lang='lat' dir='ltr'><strong>quando</strong></span> <span class='ocrx_word' id='word_1_504' title='bbox 804 3625 1089 3695; x_wconf 83' lang='lat' dir='ltr'><strong>loquentes</strong></span> <span class='ocrx_word' id='word_1_505' title='bbox 1131 3629 1246 3684; x_wconf 83' lang='lat' dir='ltr'><strong>risu</strong></span> <span class='ocrx_word' id='word_1_506' title='bbox 1274 3630 1579 3700; x_wconf 81' lang='lat' dir='ltr'><strong>excipimur</strong></span> <span class='ocrx_word' id='word_1_507' title='bbox 1602 3671 1619 3697; x_wconf 92' lang='lat'><strong>,</strong></span> <span class='ocrx_word' id='word_1_508' title='bbox 1671 3631 2022 3701; x_wconf 71' lang='lat' dir='ltr'><strong>indignamur</strong></span> <span class='ocrx_word' id='word_1_509' title='bbox 2046 3673 2062 3700; x_wconf 95' lang='lat'><strong>,</strong></span> 
     </span>
    </p>
   </div>
   <div class='ocr_carea' id='block_1_70' title="bbox 488 3716 2065 3786">
    <p class='ocr_par' dir='ltr' id='par_1_70' title="bbox 488 3716 2065 3786">
     <span class='ocr_line' id='line_1_70' title="bbox 488 3716 2065 3786; baseline 0.008 -18"><span class='ocrx_word' id='word_1_510' title='bbox 488 3725 614 3768; x_wconf 87' lang='lat' dir='ltr'><strong>cum</strong></span> <span class='ocrx_word' id='word_1_511' title='bbox 649 3721 833 3769; x_wconf 87' lang='lat' dir='ltr'><strong>tantus</strong></span> <span class='ocrx_word' id='word_1_512' title='bbox 865 3716 1129 3786; x_wconf 84' lang='lat' dir='ltr'><strong>propheta</strong></span> <span class='ocrx_word' id='word_1_513' title='bbox 1170 3716 1439 3776; x_wconf 83' lang='lat' dir='ltr'><strong>Jeremias</strong></span> <span class='ocrx_word' id='word_1_514' title='bbox 1478 3721 1664 3777; x_wconf 90' lang='lat' dir='ltr'><strong>dicat:</strong></span> <span class='ocrx_word' id='word_1_515' title='bbox 1699 3720 1903 3778; x_wconf 82' lang='lat' dir='ltr'><strong>Factus</strong></span> <span class='ocrx_word' id='word_1_516' title='bbox 1946 3740 2065 3780; x_wconf 79' lang='lat' dir='ltr'><strong>sum</strong></span> 
     </span>
    </p>
   </div>
   <div class='ocr_carea' id='block_1_71' title="bbox 487 3801 2063 3883">
    <p class='ocr_par' dir='ltr' id='par_1_71' title="bbox 487 3801 2063 3883">
     <span class='ocr_line' id='line_1_71' title="bbox 487 3801 2063 3883; baseline 0.012 -28"><span class='ocrx_word' id='word_1_517' title='bbox 487 3801 820 3871; x_wconf 77' lang='lat' dir='ltr'><strong>inderisum,</strong></span> <span class='ocrx_word' id='word_1_518' title='bbox 851 3814 962 3860; x_wconf 80' lang='lat' dir='ltr'><strong>tota</strong></span> <span class='ocrx_word' id='word_1_519' title='bbox 993 3808 1079 3862; x_wconf 78' lang='lat' dir='ltr'><strong>die</strong></span> <span class='ocrx_word' id='word_1_520' title='bbox 1121 3814 1446 3879; x_wconf 80' lang='lat' dir='ltr'><strong>perseveravi</strong></span> <span class='ocrx_word' id='word_1_521' title='bbox 1498 3814 1878 3872; x_wconf 82' lang='lat' dir='ltr'><strong>subsannatus.</strong></span> <span class='ocrx_word' id='word_1_522' title='bbox 1921 3816 2063 3883; x_wconf 82' lang='lat' dir='ltr'><strong>Quid</strong></span> 
     </span>
    </p>
   </div>
   <div class='ocr_carea' id='block_1_72' title="bbox 487 3883 2063 3965">
    <p class='ocr_par' dir='ltr' id='par_1_72' title="bbox 487 3883 2063 3965">
     <span class='ocr_line' id='line_1_72' title="bbox 487 3883 2063 3965; baseline 0.009 -14"><span class='ocrx_word' id='word_1_523' title='bbox 487 3896 633 3957; x_wconf 87' lang='lat' dir='ltr'><strong>dico.</strong></span> <span class='ocrx_word' id='word_1_524' title='bbox 657 3883 968 3953; x_wconf 59' lang='grc' dir='ltr'><strong>Σιριθωίεεῖ</strong></span> <span class='ocrx_word' id='word_1_525' title='bbox 995 3898 1171 3954; x_wconf 80' lang='lat' dir='ltr'><strong>Etiam</strong></span> <span class='ocrx_word' id='word_1_526' title='bbox 1222 3918 1378 3958; x_wconf 89' lang='lat' dir='ltr'><strong>meus</strong></span> <span class='ocrx_word' id='word_1_527' title='bbox 1403 3902 1565 3961; x_wconf 77' lang='lat' dir='ltr'><strong>Jesus</strong></span> <span class='ocrx_word' id='word_1_528' title='bbox 1602 3906 2063 3965; x_wconf 86' lang='lat' dir='ltr'><strong>subsannabatur.</strong></span> 
     </span>
    </p>
   </div>
   <div class='ocr_carea' id='block_1_73' title="bbox 488 3986 2064 4072">
    <p class='ocr_par' dir='ltr' id='par_1_73' title="bbox 488 3986 2064 4072">
     <span class='ocr_line' id='line_1_73' title="bbox 488 3986 2064 4072; baseline 0.012 -33"><span class='ocrx_word' id='word_1_529' title='bbox 488 3986 783 4042; x_wconf 77' lang='lat' dir='ltr'><strong>Aadiebant</strong></span> <span class='ocrx_word' id='word_1_530' title='bbox 806 3990 974 4054; x_wconf 88' lang='lat' dir='ltr'><strong>enim,</strong></span> <span class='ocrx_word' id='word_1_531' title='bbox 1001 3990 1181 4061; x_wconf 88' lang='lat' dir='ltr'><strong>inquit</strong></span> <span class='ocrx_word' id='word_1_532' title='bbox 1205 3993 1287 4058; x_wconf 78' lang='grc'>⁸⁸,</span> <span class='ocrx_word' id='word_1_533' title='bbox 1316 3996 1495 4050; x_wconf 83' lang='lat' dir='ltr'><strong>omnia</strong></span> <span class='ocrx_word' id='word_1_534' title='bbox 1523 3997 1634 4052; x_wconf 82' lang='lat' dir='ltr'><strong>luec</strong></span> <span class='ocrx_word' id='word_1_535' title='bbox 1667 3998 1932 4056; x_wconf 76' lang='lat' dir='ltr'><strong>Phariswi</strong></span> <span class='ocrx_word' id='word_1_536' title='bbox 1972 4004 2064 4072; x_wconf 82' lang='lat' dir='ltr'><strong>qui</strong></span> 
     </span>
    </p>
   </div>
   <div class='ocr_carea' id='block_1_74' title="bbox 488 4082 2067 4149">
    <p class='ocr_par' dir='ltr' id='par_1_74' title="bbox 488 4082 2067 4149">
     <span class='ocr_line' id='line_1_74' title="bbox 488 4082 2067 4149; baseline 0.011 -18"><span class='ocrx_word' id='word_1_537' title='bbox 488 4089 639 4132; x_wconf 83' lang='lat' dir='ltr'><strong>erant</strong></span> <span class='ocrx_word' id='word_1_538' title='bbox 661 4082 832 4146; x_wconf 81' lang='lat' dir='ltr'><strong>avari,</strong></span> <span class='ocrx_word' id='word_1_539' title='bbox 855 4092 904 4136; x_wconf 90' lang='lat' dir='ltr'><strong>et</strong></span> <span class='ocrx_word' id='word_1_540' title='bbox 936 4082 1246 4138; x_wconf 83' lang='lat' dir='ltr'><strong>deridebaut</strong></span> <span class='ocrx_word' id='word_1_541' title='bbox 1275 4086 1453 4140; x_wconf 88' lang='lat' dir='ltr'><strong>illum.</strong></span> <span class='ocrx_word' id='word_1_542' title='bbox 1481 4085 1588 4144; x_wconf 89' lang='lat' dir='ltr'><strong>Sed</strong></span> <span class='ocrx_word' id='word_1_543' title='bbox 1619 4088 1883 4148; x_wconf 89' lang='lat' dir='ltr'><strong>Dominus</strong></span> <span class='ocrx_word' id='word_1_544' title='bbox 1934 4094 2067 4149; x_wconf 82' lang='lat' dir='ltr'><strong>sub-</strong></span> 
     </span>
    </p>
   </div>
   <div class='ocr_carea' id='block_1_75' title="bbox 488 4173 2064 4246">
    <p class='ocr_par' dir='ltr' id='par_1_75' title="bbox 488 4173 2064 4246">
     <span class='ocr_line' id='line_1_75' title="bbox 488 4173 2064 4246; baseline 0.011 -23"><span class='ocrx_word' id='word_1_545' title='bbox 488 4179 689 4225; x_wconf 80' lang='lat' dir='ltr'><strong>sanuat</strong></span> <span class='ocrx_word' id='word_1_546' title='bbox 715 4186 908 4227; x_wconf 90' lang='lat' dir='ltr'><strong>omnes</strong></span> <span class='ocrx_word' id='word_1_547' title='bbox 938 4173 1035 4246; x_wconf 81' lang='lat' dir='ltr'><strong>qui</strong></span> <span class='ocrx_word' id='word_1_548' title='bbox 1087 4175 1433 4231; x_wconf 88' lang='lat' dir='ltr'><strong>subsannant</strong></span> <span class='ocrx_word' id='word_1_549' title='bbox 1478 4180 1643 4235; x_wconf 87' lang='lat' dir='ltr'><strong>verba</strong></span> <span class='ocrx_word' id='word_1_550' title='bbox 1693 4180 1810 4238; x_wconf 89' lang='lat' dir='ltr'><strong>Dei.</strong></span> <span class='ocrx_word' id='word_1_551' title='bbox 1861 4182 2064 4241; x_wconf 84' lang='lat' dir='ltr'><strong>Factus</strong></span> 
     </span>
    </p>
   </div>
   <div class='ocr_carea' id='block_1_76' title="bbox 486 4264 2063 4346">
    <p class='ocr_par' dir='ltr' id='par_1_76' title="bbox 486 4264 2063 4346">
     <span class='ocr_line' id='line_1_76' title="bbox 486 4264 2063 4346; baseline 0.01 -30"><span class='ocrx_word' id='word_1_552' title='bbox 486 4277 602 4317; x_wconf 82' lang='lat' dir='ltr'><strong>sum</strong></span> <span class='ocrx_word' id='word_1_553' title='bbox 640 4264 695 4317; x_wconf 83' lang='lat' dir='ltr'><strong>iu</strong></span> <span class='ocrx_word' id='word_1_554' title='bbox 732 4266 987 4321; x_wconf 81' lang='lat' dir='ltr'><strong>derisum.</strong></span> <span class='ocrx_word' id='word_1_555' title='bbox 1030 4264 1167 4322; x_wconf 78' lang='lat' dir='ltr'><strong>Vide</strong></span> <span class='ocrx_word' id='word_1_556' title='bbox 1215 4270 1451 4338; x_wconf 80' lang='lat' dir='ltr'><strong>qualiter</strong></span> <span class='ocrx_word' id='word_1_557' title='bbox 1482 4272 1719 4328; x_wconf 77' lang='lat' dir='ltr'><strong>vixerint</strong></span> <span class='ocrx_word' id='word_1_558' title='bbox 1747 4276 2022 4346; x_wconf 74' lang='lat' dir='ltr'><strong>prophetae</strong></span> <span class='ocrx_word' id='word_1_559' title='bbox 2044 4319 2063 4345; x_wconf 94' lang='lat'><strong>,</strong></span> 
     </span>
    </p>
   </div>
   <div class='ocr_carea' id='block_1_77' title="bbox 488 4355 2064 4437">
    <p class='ocr_par' dir='ltr' id='par_1_77' title="bbox 488 4355 2064 4437">
     <span class='ocr_line' id='line_1_77' title="bbox 488 4355 2064 4437; baseline 0.008 -30"><span class='ocrx_word' id='word_1_560' title='bbox 488 4368 637 4409; x_wconf 87' lang='lat' dir='ltr'><strong>nunc</strong></span> <span class='ocrx_word' id='word_1_561' title='bbox 663 4355 852 4422; x_wconf 87' lang='lat' dir='ltr'><strong>derisi,</strong></span> <span class='ocrx_word' id='word_1_562' title='bbox 878 4373 1027 4414; x_wconf 90' lang='lat' dir='ltr'><strong>nunc</strong></span> <span class='ocrx_word' id='word_1_563' title='bbox 1055 4358 1319 4428; x_wconf 88' lang='lat' dir='ltr'><strong>periculis</strong></span> <span class='ocrx_word' id='word_1_564' title='bbox 1349 4363 1605 4431; x_wconf 79' lang='lat' dir='ltr'><strong>expositi,</strong></span> <span class='ocrx_word' id='word_1_565' title='bbox 1633 4366 1862 4435; x_wconf 70' lang='lat' dir='ltr'><strong>proiecti</strong></span> <span class='ocrx_word' id='word_1_566' title='bbox 1885 4407 1900 4432; x_wconf 90' lang='lat'><strong>,</strong></span> <span class='ocrx_word' id='word_1_567' title='bbox 1925 4367 2064 4437; x_wconf 87' lang='lat' dir='ltr'><strong>lapi-</strong></span> 
     </span>
    </p>
   </div>
   <div class='ocr_carea' id='block_1_78' title="bbox 486 4443 2060 4526">
    <p class='ocr_par' dir='ltr' id='par_1_78' title="bbox 486 4443 2060 4526">
     <span class='ocr_line' id='line_1_78' title="bbox 486 4443 2060 4526; baseline 0.011 -29"><span class='ocrx_word' id='word_1_568' title='bbox 486 4443 651 4498; x_wconf 84' lang='lat' dir='ltr'><strong>dibus</strong></span> <span class='ocrx_word' id='word_1_569' title='bbox 676 4460 706 4498; x_wconf 89' lang='lat' dir='ltr'><strong>a</strong></span> <span class='ocrx_word' id='word_1_570' title='bbox 742 4447 946 4516; x_wconf 89' lang='lat' dir='ltr'><strong>popqu</strong></span> <span class='ocrx_word' id='word_1_571' title='bbox 976 4449 1154 4517; x_wconf 88' lang='lat' dir='ltr'><strong>petiti,</strong></span> <span class='ocrx_word' id='word_1_572' title='bbox 1183 4465 1213 4504; x_wconf 89' lang='lat' dir='ltr'><strong>e</strong></span> <span class='ocrx_word' id='word_1_573' title='bbox 1236 4452 1418 4506; x_wconf 87' lang='lat' dir='ltr'><strong>medio</strong></span> <span class='ocrx_word' id='word_1_574' title='bbox 1444 4454 1670 4520; x_wconf 87' lang='lat' dir='ltr'><strong>sublati,</strong></span> <span class='ocrx_word' id='word_1_575' title='bbox 1705 4456 1835 4513; x_wconf 90' lang='lat' dir='ltr'><strong>odio</strong></span> <span class='ocrx_word' id='word_1_576' title='bbox 1868 4458 2060 4526; x_wconf 88' lang='lat' dir='ltr'><strong>habiti,</strong></span> 
     </span>
    </p>
   </div>
   <div class='ocr_carea' id='block_1_79' title="bbox 2172 3359 3756 3433">
    <p class='ocr_par' dir='ltr' id='par_1_79' title="bbox 2172 3359 3756 3433">
     <span class='ocr_line' id='line_1_79' title="bbox 2172 3359 3756 3433; baseline -0.002 -18"><span class='ocrx_word' id='word_1_577' title='bbox 2172 3360 2398 3433; x_wconf 81' lang='grc' dir='ltr'>πλήσιον</span> <span class='ocrx_word' id='word_1_578' title='bbox 2453 3359 2531 3431; x_wconf 83' lang='grc' dir='ltr'><strong>τῷ</strong></span> <span class='ocrx_word' id='word_1_579' title='bbox 2579 3360 2787 3415; x_wconf 86' lang='grc' dir='ltr'>εἱπόντι</span> <span class='ocrx_word' id='word_1_580' title='bbox 2840 3359 3061 3424; x_wconf 80' lang='grc' dir='ltr'>οὐκέτι,</span> <span class='ocrx_word' id='word_1_581' title='bbox 3125 3359 3269 3414; x_wconf 76' lang='grc' dir='ltr'><strong>Τάδε</strong></span> <span class='ocrx_word' id='word_1_582' title='bbox 3297 3359 3458 3430; x_wconf 76' lang='grc' dir='ltr'>λέγει</span> <span class='ocrx_word' id='word_1_583' title='bbox 3501 3362 3756 3428; x_wconf 65' lang='grc' dir='ltr'>Κύριος,</span> 
     </span>
    </p>
   </div>
   <div class='ocr_carea' id='block_1_80' title="bbox 2168 3450 3759 3524">
    <p class='ocr_par' dir='ltr' id='par_1_80' title="bbox 2168 3450 3759 3524">
     <span class='ocr_line' id='line_1_80' title="bbox 2168 3450 3759 3524; baseline 0.001 -16"><span class='ocrx_word' id='word_1_584' title='bbox 2168 3452 2329 3517; x_wconf 78' lang='grc' dir='ltr'>ἀλλὰ,</span> <span class='ocrx_word' id='word_1_585' title='bbox 2375 3451 2669 3507; x_wconf 83' lang='grc' dir='ltr'>’Δκούσατε</span> <span class='ocrx_word' id='word_1_586' title='bbox 2709 3452 2901 3521; x_wconf 84' lang='grc' dir='ltr'><em>λόγους</em></span> <span class='ocrx_word' id='word_1_587' title='bbox 2938 3450 3075 3523; x_wconf 74' lang='grc' dir='ltr'>ἐμοῦ</span> <span class='ocrx_word' id='word_1_588' title='bbox 3120 3451 3399 3524; x_wconf 64' lang='grc' dir='ltr'>Ἱερεμίουι</span> <span class='ocrx_word' id='word_1_589' title='bbox 3439 3451 3622 3508; x_wconf 75' lang='grc' dir='ltr'>Ταῦτα</span> <span class='ocrx_word' id='word_1_590' title='bbox 3658 3452 3759 3509; x_wconf 67' lang='grc' dir='ltr'><strong>διὰ,</strong></span> 
     </span>
    </p>
   </div>
   <div class='ocr_carea' id='block_1_81' title="bbox 2170 3542 3756 3614">
    <p class='ocr_par' dir='ltr' id='par_1_81' title="bbox 2170 3542 3756 3614">
     <span class='ocr_line' id='line_1_81' title="bbox 2170 3542 3756 3614; baseline -0.003 -14"><span class='ocrx_word' id='word_1_591' title='bbox 2170 3544 2265 3600; x_wconf 82' lang='grc' dir='ltr'><strong>τό’</strong></span> <span class='ocrx_word' id='word_1_592' title='bbox 2317 3544 2644 3614; x_wconf 77' lang='grc' dir='ltr'><strong>Ἐγενόμην</strong></span> <span class='ocrx_word' id='word_1_593' title='bbox 2669 3545 2758 3609; x_wconf 86' lang='grc' dir='ltr'><em>εἱς</em></span> <span class='ocrx_word' id='word_1_594' title='bbox 2797 3542 3042 3614; x_wconf 77' lang='grc' dir='ltr'><em>γέλωτα.</em></span> <span class='ocrx_word' id='word_1_595' title='bbox 3074 3544 3186 3597; x_wconf 79' lang='grc' dir='ltr'><strong>Καὶ</strong></span> <span class='ocrx_word' id='word_1_596' title='bbox 3216 3545 3375 3614; x_wconf 75' lang='grc' dir='ltr'>ἡμεῖς</span> <span class='ocrx_word' id='word_1_597' title='bbox 3410 3543 3756 3613; x_wconf 82' lang='grc' dir='ltr'><strong>ἀγανακτοῦ-.</strong></span> 
     </span>
    </p>
   </div>
   <div class='ocr_carea' id='block_1_82' title="bbox 2175 3633 3748 3709">
    <p class='ocr_par' dir='ltr' id='par_1_82' title="bbox 2175 3633 3748 3709">
     <span class='ocr_line' id='line_1_82' title="bbox 2175 3633 3748 3709; baseline -0.001 -19"><span class='ocrx_word' id='word_1_598' title='bbox 2175 3653 2294 3709; x_wconf 81' lang='grc' dir='ltr'>μεν,</span> <span class='ocrx_word' id='word_1_599' title='bbox 2332 3635 2427 3690; x_wconf 61' lang='lat' dir='ltr'><strong>sev</strong></span> <span class='ocrx_word' id='word_1_600' title='bbox 2463 3651 2594 3688; x_wconf 87' lang='grc' dir='ltr'>ποτε</span> <span class='ocrx_word' id='word_1_601' title='bbox 2624 3633 2909 3697; x_wconf 82' lang='grc' dir='ltr'><em>λαλοῦντες</em></span> <span class='ocrx_word' id='word_1_602' title='bbox 2941 3633 3319 3704; x_wconf 82' lang='grc' dir='ltr'>γελασοῶμεν,</span> <span class='ocrx_word' id='word_1_603' title='bbox 3343 3633 3475 3687; x_wconf 83' lang='grc' dir='ltr'>ὅπου</span> <span class='ocrx_word' id='word_1_604' title='bbox 3513 3635 3541 3687; x_wconf 82' lang='lat'><strong>6</strong></span> <span class='ocrx_word' id='word_1_605' title='bbox 3586 3635 3748 3706; x_wconf 80' lang='grc' dir='ltr'>Ἱερε-</span> 
     </span>
    </p>
   </div>
   <div class='ocr_carea' id='block_1_83' title="bbox 2174 3721 3752 3798">
    <p class='ocr_par' dir='ltr' id='par_1_83' title="bbox 2174 3721 3752 3798">
     <span class='ocr_line' id='line_1_83' title="bbox 2174 3721 3752 3798; baseline 0 -19"><span class='ocrx_word' id='word_1_606' title='bbox 2174 3727 2303 3798; x_wconf 86' lang='grc' dir='ltr'>μίας</span> <span class='ocrx_word' id='word_1_607' title='bbox 2329 3727 2357 3779; x_wconf 87' lang='lat'><strong>6</strong></span> <span class='ocrx_word' id='word_1_608' title='bbox 2388 3722 2630 3788; x_wconf 65' lang='grc' dir='ltr'>τοιοῦτός</span> <span class='ocrx_word' id='word_1_609' title='bbox 2656 3740 2854 3796; x_wconf 76' lang='grc' dir='ltr'>φησιν·</span> <span class='ocrx_word' id='word_1_610' title='bbox 2898 3724 3226 3794; x_wconf 72' lang='grc' dir='ltr'><strong>Ἐγενόμην</strong></span> <span class='ocrx_word' id='word_1_611' title='bbox 3249 3726 3337 3790; x_wconf 79' lang='grc' dir='ltr'><strong>εις</strong></span> <span class='ocrx_word' id='word_1_612' title='bbox 3370 3724 3620 3794; x_wconf 78' lang='grc' dir='ltr'>γέλωτα,</span> <span class='ocrx_word' id='word_1_613' title='bbox 3649 3721 3752 3779; x_wconf 80' lang='grc' dir='ltr'><strong>πᾶ-</strong></span> 
     </span>
    </p>
   </div>
   <div class='ocr_carea' id='block_1_84' title="bbox 2169 3812 3748 3884">
    <p class='ocr_par' dir='ltr' id='par_1_84' title="bbox 2169 3812 3748 3884">
     <span class='ocr_line' id='line_1_84' title="bbox 2169 3812 3748 3884; baseline -0.003 -15"><span class='ocrx_word' id='word_1_614' title='bbox 2169 3827 2295 3870; x_wconf 76' lang='grc' dir='ltr'><strong>σαν</strong></span> <span class='ocrx_word' id='word_1_615' title='bbox 2316 3813 2545 3884; x_wconf 68' lang='grc' dir='ltr'>ἡμέραν</span> <span class='ocrx_word' id='word_1_616' title='bbox 2573 3812 2883 3867; x_wconf 72' lang='grc' dir='ltr'><strong>διετέλεσα</strong></span> <span class='ocrx_word' id='word_1_617' title='bbox 2924 3812 3456 3883; x_wconf 73' lang='grc' dir='ltr'><strong>μυκτηριζόμενος.</strong></span> <span class='ocrx_word' id='word_1_618' title='bbox 3495 3814 3560 3867; x_wconf 87' lang='grc' dir='ltr'><strong>Τί</strong></span> <span class='ocrx_word' id='word_1_619' title='bbox 3588 3812 3748 3882; x_wconf 81' lang='grc' dir='ltr'><em>λέγω,</em></span> 
     </span>
    </p>
   </div>
   <div class='ocr_carea' id='block_1_85' title="bbox 2183 3897 3754 3979">
    <p class='ocr_par' dir='ltr' id='par_1_85' title="bbox 2183 3897 3754 3979">
     <span class='ocr_line' id='line_1_85' title="bbox 2183 3897 3754 3979; baseline -0.003 -17"><span class='ocrx_word' id='word_1_620' title='bbox 2183 3897 2484 3978; x_wconf 82' lang='grc' dir='ltr'>Ἱερεμίας;</span> <span class='ocrx_word' id='word_1_621' title='bbox 2552 3906 2664 3960; x_wconf 81' lang='grc' dir='ltr'><strong>Καὶ</strong></span> <span class='ocrx_word' id='word_1_622' title='bbox 2739 3907 2769 3960; x_wconf 88' lang='lat'><strong>6</strong></span> <span class='ocrx_word' id='word_1_623' title='bbox 2844 3906 2975 3976; x_wconf 65' lang='grc' dir='ltr'><strong>ἐμὸς</strong></span> <span class='ocrx_word' id='word_1_624' title='bbox 3049 3906 3256 3977; x_wconf 79' lang='grc' dir='ltr'><strong>Ἰησοῦς</strong></span> <span class='ocrx_word' id='word_1_625' title='bbox 3319 3905 3754 3979; x_wconf 63' lang='grc' dir='ltr'>ὲμυκτηρίζετοι</span> 
     </span>
    </p>
   </div>
   <div class='ocr_carea' id='block_1_86' title="bbox 2176 3995 3751 4070">
    <p class='ocr_par' dir='ltr' id='par_1_86' title="bbox 2176 3995 3751 4070">
     <span class='ocr_line' id='line_1_86' title="bbox 2176 3995 3751 4070; baseline -0.003 -16"><span class='ocrx_word' id='word_1_626' title='bbox 2176 3998 2429 4055; x_wconf 78' lang='grc' dir='ltr'><em>Ἤκουον</em></span> <span class='ocrx_word' id='word_1_627' title='bbox 2455 3997 2567 4070; x_wconf 85' lang='grc' dir='ltr'>γὰρ</span> <span class='ocrx_word' id='word_1_628' title='bbox 2588 4037 2603 4061; x_wconf 90' lang='grc'><strong>,</strong></span> <span class='ocrx_word' id='word_1_629' title='bbox 2644 3997 2799 4069; x_wconf 64' lang='grc' dir='ltr'>φησι,</span> <span class='ocrx_word' id='word_1_630' title='bbox 2845 3997 3032 4051; x_wconf 83' lang='grc' dir='ltr'>ταῦτα</span> <span class='ocrx_word' id='word_1_631' title='bbox 3070 3995 3269 4050; x_wconf 72' lang='grc' dir='ltr'>πάντα</span> <span class='ocrx_word' id='word_1_632' title='bbox 3311 3999 3367 4050; x_wconf 84' lang='grc' dir='ltr'><strong>οἱ</strong></span> <span class='ocrx_word' id='word_1_633' title='bbox 3420 3996 3751 4064; x_wconf 79' lang='grc' dir='ltr'>Φαρισαῖοι,</span> 
     </span>
    </p>
   </div>
   <div class='ocr_carea' id='block_1_87' title="bbox 2170 4083 3748 4158">
    <p class='ocr_par' dir='ltr' id='par_1_87' title="bbox 2170 4083 3748 4158">
     <span class='ocr_line' id='line_1_87' title="bbox 2170 4083 3748 4158; baseline -0.002 -18"><span class='ocrx_word' id='word_1_634' title='bbox 2170 4087 2522 4158; x_wconf 77' lang='grc' dir='ltr'><strong>φιλάργυροι</strong></span> <span class='ocrx_word' id='word_1_635' title='bbox 2542 4085 2952 4155; x_wconf 73' lang='grc' dir='ltr'><strong>ὑπάρχοντες,</strong></span> <span class='ocrx_word' id='word_1_636' title='bbox 2988 4085 3084 4139; x_wconf 75' lang='grc' dir='ltr'><strong>καὶ</strong></span> <span class='ocrx_word' id='word_1_637' title='bbox 3114 4083 3501 4154; x_wconf 77' lang='grc' dir='ltr'><strong>ἑμυκτήριζον</strong></span> <span class='ocrx_word' id='word_1_638' title='bbox 3544 4085 3748 4140; x_wconf 64' lang='grc' dir='ltr'><em>αὐτόν.</em></span> 
     </span>
    </p>
   </div>
   <div class='ocr_carea' id='block_1_88' title="bbox 2183 4175 3755 4250">
    <p class='ocr_par' dir='ltr' id='par_1_88' title="bbox 2183 4175 3755 4250">
     <span class='ocr_line' id='line_1_88' title="bbox 2183 4175 3755 4250; baseline -0.003 -17"><span class='ocrx_word' id='word_1_639' title='bbox 2183 4179 2321 4233; x_wconf 83' lang='grc' dir='ltr'><strong>Ἀλλ’</strong></span> <span class='ocrx_word' id='word_1_640' title='bbox 2365 4181 2394 4232; x_wconf 94' lang='lat'><strong>6</strong></span> <span class='ocrx_word' id='word_1_641' title='bbox 2441 4178 2644 4250; x_wconf 83' lang='grc' dir='ltr'>Κύριος</span> <span class='ocrx_word' id='word_1_642' title='bbox 2675 4175 3065 4248; x_wconf 76' lang='grc' dir='ltr'>ἐκμυκτηρίζει</span> <span class='ocrx_word' id='word_1_643' title='bbox 3103 4175 3603 4247; x_wconf 79' lang='grc' dir='ltr'>ὲκμυκτηρίζοντας</span> <span class='ocrx_word' id='word_1_644' title='bbox 3628 4176 3755 4239; x_wconf 79' lang='grc' dir='ltr'>τοὺς</span> 
     </span>
    </p>
   </div>
   <div class='ocr_carea' id='block_1_89' title="bbox 2171 4265 3755 4336">
    <p class='ocr_par' dir='ltr' id='par_1_89' title="bbox 2171 4265 3755 4336">
     <span class='ocr_line' id='line_1_89' title="bbox 2171 4265 3755 4336; baseline -0.012 -10"><span class='ocrx_word' id='word_1_645' title='bbox 2171 4271 2381 4334; x_wconf 81' lang='grc' dir='ltr'>πάντας</span> <span class='ocrx_word' id='word_1_646' title='bbox 2413 4270 2539 4333; x_wconf 85' lang='grc' dir='ltr'>τοὺς</span> <span class='ocrx_word' id='word_1_647' title='bbox 2576 4268 2770 4336; x_wconf 79' lang='grc' dir='ltr'><em>λόγους</em></span> <span class='ocrx_word' id='word_1_648' title='bbox 2812 4266 2906 4320; x_wconf 81' lang='grc' dir='ltr'><strong>τοῦ</strong></span> <span class='ocrx_word' id='word_1_649' title='bbox 2956 4265 3111 4321; x_wconf 80' lang='grc' dir='ltr'><em>Θεοῦ.</em></span> <span class='ocrx_word' id='word_1_650' title='bbox 3160 4268 3485 4336; x_wconf 72' lang='grc' dir='ltr'><em>Ἑγενόμην</em></span> <span class='ocrx_word' id='word_1_651' title='bbox 3528 4268 3616 4333; x_wconf 81' lang='grc' dir='ltr'><strong>εις</strong></span> <span class='ocrx_word' id='word_1_652' title='bbox 3657 4266 3755 4335; x_wconf 69' lang='grc' dir='ltr'><strong>τέ-</strong></span> 
     </span>
    </p>
   </div>
   <div class='ocr_carea' id='block_1_90' title="bbox 2169 4358 3751 4434">
    <p class='ocr_par' dir='ltr' id='par_1_90' title="bbox 2169 4358 3751 4434">
     <span class='ocr_line' id='line_1_90' title="bbox 2169 4358 3751 4434; baseline -0.006 -14"><span class='ocrx_word' id='word_1_653' title='bbox 2169 4368 2349 4421; x_wconf 84' lang='grc' dir='ltr'><em>λωτα.</em></span> <span class='ocrx_word' id='word_1_654' title='bbox 2384 4362 2520 4434; x_wconf 86' lang='grc' dir='ltr'><strong>Ὅρα</strong></span> <span class='ocrx_word' id='word_1_655' title='bbox 2568 4360 2846 4423; x_wconf 82' lang='grc' dir='ltr'>ποταποὺς</span> <span class='ocrx_word' id='word_1_656' title='bbox 2899 4358 3045 4429; x_wconf 85' lang='grc' dir='ltr'>βίους</span> <span class='ocrx_word' id='word_1_657' title='bbox 3087 4358 3318 4411; x_wconf 76' lang='grc' dir='ltr'>ἐϐίωσαν</span> <span class='ocrx_word' id='word_1_658' title='bbox 3358 4359 3408 4411; x_wconf 83' lang='lat' dir='ltr'><strong>oi</strong></span> <span class='ocrx_word' id='word_1_659' title='bbox 3451 4359 3751 4430; x_wconf 80' lang='grc' dir='ltr'>προφῆται,</span> 
     </span>
    </p>
   </div>
   <div class='ocr_carea' id='block_1_91' title="bbox 2172 4448 3754 4527">
    <p class='ocr_par' dir='ltr' id='par_1_91' title="bbox 2172 4448 3754 4527">
     <span class='ocr_line' id='line_1_91' title="bbox 2172 4448 3754 4527; baseline -0.004 -18"><span class='ocrx_word' id='word_1_660' title='bbox 2172 4456 2248 4527; x_wconf 84' lang='grc' dir='ltr'>πὴ</span> <span class='ocrx_word' id='word_1_661' title='bbox 2274 4456 2374 4527; x_wconf 85' lang='grc' dir='ltr'><strong>μὲν</strong></span> <span class='ocrx_word' id='word_1_662' title='bbox 2396 4450 2857 4522; x_wconf 86' lang='grc' dir='ltr'>καταγελώμενοι,</span> <span class='ocrx_word' id='word_1_663' title='bbox 2892 4448 2968 4520; x_wconf 79' lang='grc' dir='ltr'>πὴ</span> <span class='ocrx_word' id='word_1_664' title='bbox 2997 4450 3054 4503; x_wconf 84' lang='grc' dir='ltr'><strong>δὲ</strong></span> <span class='ocrx_word' id='word_1_665' title='bbox 3083 4449 3505 4513; x_wconf 80' lang='grc' dir='ltr'><strong>κινδυνεύοντες,</strong></span> <span class='ocrx_word' id='word_1_666' title='bbox 3529 4450 3624 4503; x_wconf 80' lang='grc' dir='ltr'><strong>καὶ</strong></span> <span class='ocrx_word' id='word_1_667' title='bbox 3653 4466 3754 4502; x_wconf 87' lang='grc' dir='ltr'><strong>κα-</strong></span> 
     </span>
    </p>
   </div>
   <div class='ocr_carea' id='block_1_92' title="bbox 487 4533 2061 4630">
    <p class='ocr_par' dir='ltr' id='par_1_92' title="bbox 487 4533 2061 4614">
     <span class='ocr_line' id='line_1_92' title="bbox 487 4533 2061 4614; baseline 0.011 -26"><span class='ocrx_word' id='word_1_668' title='bbox 487 4534 543 4589; x_wconf 90' lang='lat' dir='ltr'><strong>ln</strong></span> <span class='ocrx_word' id='word_1_669' title='bbox 569 4533 750 4604; x_wconf 88' lang='lat' dir='ltr'><strong>fugam</strong></span> <span class='ocrx_word' id='word_1_670' title='bbox 776 4538 1033 4606; x_wconf 76' lang='lat' dir='ltr'><strong>coniecti.</strong></span> <span class='ocrx_word' id='word_1_671' title='bbox 1076 4537 1378 4596; x_wconf 87' lang='lat' dir='ltr'><strong>Plurimum</strong></span> <span class='ocrx_word' id='word_1_672' title='bbox 1431 4546 1675 4614; x_wconf 86' lang='lat' dir='ltr'><strong>perpessi</strong></span> <span class='ocrx_word' id='word_1_673' title='bbox 1727 4557 1855 4603; x_wconf 89' lang='lat' dir='ltr'><strong>sunt</strong></span> <span class='ocrx_word' id='word_1_674' title='bbox 1881 4558 1935 4604; x_wconf 89' lang='lat' dir='ltr'><strong>et</strong></span> <span class='ocrx_word' id='word_1_675' title='bbox 1965 4564 2061 4605; x_wconf 85' lang='lat' dir='ltr'><strong>su—</strong></span> 
     </span>
    </p>
   </div>
   <div class='ocr_carea' id='block_1_93' title="bbox 2167 4533 3753 4630">
    <p class='ocr_par' dir='ltr' id='par_1_93' title="bbox 2170 4540 3753 4616">
     <span class='ocr_line' id='line_1_93' title="bbox 2170 4540 3753 4616; baseline -0.005 -15"><span class='ocrx_word' id='word_1_676' title='bbox 2170 4546 2582 4616; x_wconf 79' lang='grc' dir='ltr'>ταὸαλλόμενοι,</span> <span class='ocrx_word' id='word_1_677' title='bbox 2641 4544 2737 4597; x_wconf 73' lang='grc' dir='ltr'><strong>καὶ</strong></span> <span class='ocrx_word' id='word_1_678' title='bbox 2793 4541 3226 4613; x_wconf 79' lang='grc' dir='ltr'>λιθοϐολούμενοι</span> <span class='ocrx_word' id='word_1_679' title='bbox 3286 4541 3391 4595; x_wconf 72' lang='grc' dir='ltr'><strong>ὑπὸ</strong></span> <span class='ocrx_word' id='word_1_680' title='bbox 3442 4541 3536 4595; x_wconf 77' lang='grc' dir='ltr'>τοῦ</span> <span class='ocrx_word' id='word_1_681' title='bbox 3594 4540 3753 4605; x_wconf 80' lang='grc' dir='ltr'>λαοῦ,</span> 
     </span>
    </p>
   </div>
   <div class='ocr_carea' id='block_1_94' title="bbox 485 4625 2061 4712">
    <p class='ocr_par' dir='ltr' id='par_1_94' title="bbox 485 4625 2058 4696">
     <span class='ocr_line' id='line_1_94' title="bbox 485 4625 2058 4696; baseline 0.011 -18"><span class='ocrx_word' id='word_1_682' title='bbox 485 4625 820 4695; x_wconf 84' lang='lat' dir='ltr'><strong>stinuerunt,</strong></span> <span class='ocrx_word' id='word_1_683' title='bbox 853 4639 913 4682; x_wconf 92' lang='lat' dir='ltr'><strong>ut</strong></span> <span class='ocrx_word' id='word_1_684' title='bbox 940 4630 1239 4686; x_wconf 87' lang='lat' dir='ltr'><strong>secundum</strong></span> <span class='ocrx_word' id='word_1_685' title='bbox 1266 4633 1603 4691; x_wconf 87' lang='lat' dir='ltr'><strong>voluntatem</strong></span> <span class='ocrx_word' id='word_1_686' title='bbox 1634 4635 1727 4693; x_wconf 85' lang='lat' dir='ltr'><strong>Dei</strong></span> <span class='ocrx_word' id='word_1_687' title='bbox 1754 4639 1825 4694; x_wconf 88' lang='lat' dir='ltr'><strong>ab</strong></span> <span class='ocrx_word' id='word_1_688' title='bbox 1855 4654 1920 4695; x_wconf 90' lang='lat' dir='ltr'><strong>eo</strong></span> <span class='ocrx_word' id='word_1_689' title='bbox 1939 4640 2058 4696; x_wconf 82' lang='lat' dir='ltr'><strong>solo</strong></span> 
     </span>
    </p>
   </div>
   <div class='ocr_carea' id='block_1_95' title="bbox 2167 4625 3755 4712">
    <p class='ocr_par' dir='ltr' id='par_1_95' title="bbox 2167 4634 3755 4712">
     <span class='ocr_line' id='line_1_95' title="bbox 2167 4634 3755 4712; baseline -0.005 -17"><span class='ocrx_word' id='word_1_690' title='bbox 2167 4637 2566 4712; x_wconf 66' lang='grc' dir='ltr'>ἀναιρούμενοι,</span> <span class='ocrx_word' id='word_1_691' title='bbox 2610 4634 2953 4707; x_wconf 82' lang='grc' dir='ltr'>μισούμενοι,</span> <span class='ocrx_word' id='word_1_692' title='bbox 2999 4635 3417 4706; x_wconf 79' lang='grc' dir='ltr'>ἑκδιωκόμενοι,</span> <span class='ocrx_word' id='word_1_693' title='bbox 3466 4634 3562 4687; x_wconf 71' lang='grc' dir='ltr'><strong>καὶ</strong></span> <span class='ocrx_word' id='word_1_694' title='bbox 3609 4634 3755 4688; x_wconf 70' lang='grc' dir='ltr'>πάνυ</span> 
     </span>
    </p>
   </div>
   <div class='ocr_carea' id='block_1_96' title="bbox 484 4714 2061 4803">
    <p class='ocr_par' dir='ltr' id='par_1_96' title="bbox 484 4714 2060 4794">
     <span class='ocr_line' id='line_1_96' title="bbox 484 4714 2060 4794; baseline 0.013 -27"><span class='ocrx_word' id='word_1_695' title='bbox 484 4714 717 4785; x_wconf 84' lang='lat' dir='ltr'><strong>gloriam</strong></span> <span class='ocrx_word' id='word_1_696' title='bbox 741 4730 1068 4787; x_wconf 68' lang='lat' dir='ltr'><strong>quaerentes,</strong></span> <span class='ocrx_word' id='word_1_697' title='bbox 1084 4721 1430 4790; x_wconf 80' lang='lat' dir='ltr'><strong>praedicando</strong></span> <span class='ocrx_word' id='word_1_698' title='bbox 1449 4726 1694 4794; x_wconf 88' lang='lat' dir='ltr'><strong>verbum,</strong></span> <span class='ocrx_word' id='word_1_699' title='bbox 1719 4728 1880 4784; x_wconf 83' lang='lat' dir='ltr'><strong>linem</strong></span> <span class='ocrx_word' id='word_1_700' title='bbox 1896 4746 1927 4786; x_wconf 90' lang='lat' dir='ltr'><strong>a</strong></span> <span class='ocrx_word' id='word_1_701' title='bbox 1950 4730 2060 4787; x_wconf 89' lang='lat' dir='ltr'><strong>Deo</strong></span> 
     </span>
    </p>
   </div>
   <div class='ocr_carea' id='block_1_97' title="bbox 2167 4714 3749 4803">
    <p class='ocr_par' dir='ltr' id='par_1_97' title="bbox 2167 4723 3749 4803">
     <span class='ocr_line' id='line_1_97' title="bbox 2167 4723 3749 4803; baseline -0.006 -16"><span class='ocrx_word' id='word_1_702' title='bbox 2167 4736 2428 4803; x_wconf 70' lang='grc' dir='ltr'>ἔπασχον,</span> <span class='ocrx_word' id='word_1_703' title='bbox 2463 4729 2559 4782; x_wconf 73' lang='grc' dir='ltr'>καὶ</span> <span class='ocrx_word' id='word_1_704' title='bbox 2604 4729 2909 4797; x_wconf 79' lang='grc' dir='ltr'>ὑπέμενον,</span> <span class='ocrx_word' id='word_1_705' title='bbox 2945 4726 3035 4779; x_wconf 80' lang='grc' dir='ltr'>ἵνα</span> <span class='ocrx_word' id='word_1_706' title='bbox 3077 4726 3219 4779; x_wconf 86' lang='grc' dir='ltr'>κατὰ</span> <span class='ocrx_word' id='word_1_707' title='bbox 3247 4726 3310 4779; x_wconf 86' lang='grc' dir='ltr'><strong>τὸ</strong></span> <span class='ocrx_word' id='word_1_708' title='bbox 3357 4724 3605 4796; x_wconf 78' lang='grc' dir='ltr'>βούλημα</span> <span class='ocrx_word' id='word_1_709' title='bbox 3651 4723 3749 4778; x_wconf 76' lang='grc' dir='ltr'>τοῦ</span> 
     </span>
    </p>
   </div>
   <div class='ocr_carea' id='block_1_98' title="bbox 483 4806 2061 4891">
    <p class='ocr_par' dir='ltr' id='par_1_98' title="bbox 483 4806 2061 4888">
     <span class='ocr_line' id='line_1_98' title="bbox 483 4806 2061 4888; baseline 0.01 -29"><span class='ocrx_word' id='word_1_710' title='bbox 483 4806 825 4876; x_wconf 88' lang='lat' dir='ltr'><strong>propositum</strong></span> <span class='ocrx_word' id='word_1_711' title='bbox 877 4823 1366 4882; x_wconf 86' lang='lat' dir='ltr'><strong>consequerentur.</strong></span> <span class='ocrx_word' id='word_1_712' title='bbox 1421 4814 1559 4871; x_wconf 85' lang='lat' dir='ltr'><strong>Tota</strong></span> <span class='ocrx_word' id='word_1_713' title='bbox 1607 4818 1694 4873; x_wconf 86' lang='lat' dir='ltr'><strong>die</strong></span> <span class='ocrx_word' id='word_1_714' title='bbox 1736 4822 2061 4888; x_wconf 85' lang='lat' dir='ltr'><strong>perseveravi</strong></span> 
     </span>
    </p>
   </div>
   <div class='ocr_carea' id='block_1_99' title="bbox 2167 4806 3750 4891">
    <p class='ocr_par' dir='ltr' id='par_1_99' title="bbox 2167 4814 3750 4891">
     <span class='ocr_line' id='line_1_99' title="bbox 2167 4814 3750 4891; baseline -0.006 -13"><span class='ocrx_word' id='word_1_715' title='bbox 2167 4822 2296 4878; x_wconf 74' lang='grc' dir='ltr'>θεοῦ</span> <span class='ocrx_word' id='word_1_716' title='bbox 2334 4822 2491 4888; x_wconf 81' lang='grc' dir='ltr'>δόξαν</span> <span class='ocrx_word' id='word_1_717' title='bbox 2521 4819 2619 4891; x_wconf 80' lang='grc' dir='ltr'><strong>τὴν</strong></span> <span class='ocrx_word' id='word_1_718' title='bbox 2651 4819 2779 4891; x_wconf 88' lang='grc' dir='ltr'>παρ’</span> <span class='ocrx_word' id='word_1_719' title='bbox 2806 4817 2970 4874; x_wconf 79' lang='grc' dir='ltr'>αὑτοῦ</span> <span class='ocrx_word' id='word_1_720' title='bbox 3004 4817 3167 4888; x_wconf 87' lang='grc' dir='ltr'><em>μόνου</em></span> <span class='ocrx_word' id='word_1_721' title='bbox 3197 4815 3510 4887; x_wconf 79' lang='grc' dir='ltr'>ζητοῦντες,</span> <span class='ocrx_word' id='word_1_722' title='bbox 3542 4814 3750 4885; x_wconf 84' lang='grc' dir='ltr'>κηρύσ-</span> 
     </span>
    </p>
   </div>
   <div class='ocr_carea' id='block_1_100' title="bbox 481 4896 2058 4979">
    <p class='ocr_par' dir='ltr' id='par_1_100' title="bbox 481 4896 2058 4979">
     <span class='ocr_line' id='line_1_100' title="bbox 481 4896 2058 4979; baseline 0.012 -31"><span class='ocrx_word' id='word_1_723' title='bbox 481 4896 862 4953; x_wconf 80' lang='lat' dir='ltr'><strong>subsannatus.</strong></span> <span class='ocrx_word' id='word_1_724' title='bbox 891 4901 1198 4959; x_wconf 89' lang='lat' dir='ltr'><strong>Accusatur</strong></span> <span class='ocrx_word' id='word_1_725' title='bbox 1239 4906 1330 4960; x_wconf 88' lang='lat' dir='ltr'><strong>illa</strong></span> <span class='ocrx_word' id='word_1_726' title='bbox 1375 4907 1653 4977; x_wconf 86' lang='lat' dir='ltr'><strong>generatio</strong></span> <span class='ocrx_word' id='word_1_727' title='bbox 1680 4947 1698 4975; x_wconf 94' lang='lat'><strong>,</strong></span> <span class='ocrx_word' id='word_1_728' title='bbox 1758 4910 1903 4979; x_wconf 87' lang='lat' dir='ltr'><strong>quod</strong></span> <span class='ocrx_word' id='word_1_729' title='bbox 1951 4927 2058 4967; x_wconf 88' lang='lat' dir='ltr'><strong>non</strong></span> 
     </span>
    </p>
   </div>
   <div class='ocr_carea' id='block_1_101' title="bbox 480 4991 2058 5072">
    <p class='ocr_par' dir='ltr' id='par_1_101' title="bbox 480 4991 2058 5072">
     <span class='ocr_line' id='line_1_101' title="bbox 480 4991 2058 5072; baseline 0.007 -28"><span class='ocrx_word' id='word_1_730' title='bbox 480 4991 673 5061; x_wconf 86' lang='lat' dir='ltr'><strong>paucis</strong></span> <span class='ocrx_word' id='word_1_731' title='bbox 700 4992 893 5049; x_wconf 88' lang='lat' dir='ltr'><strong>diebus</strong></span> <span class='ocrx_word' id='word_1_732' title='bbox 916 4992 1082 5050; x_wconf 89' lang='lat' dir='ltr'><strong>fuerit</strong></span> <span class='ocrx_word' id='word_1_733' title='bbox 1111 4998 1183 5052; x_wconf 90' lang='lat' dir='ltr'><strong>ab</strong></span> <span class='ocrx_word' id='word_1_734' title='bbox 1217 5013 1282 5052; x_wconf 90' lang='lat' dir='ltr'><strong>ea</strong></span> <span class='ocrx_word' id='word_1_735' title='bbox 1327 4998 1699 5055; x_wconf 85' lang='lat' dir='ltr'><strong>subsannatus</strong></span> <span class='ocrx_word' id='word_1_736' title='bbox 1752 5003 2011 5072; x_wconf 81' lang='lat' dir='ltr'><strong>propheta</strong></span> <span class='ocrx_word' id='word_1_737' title='bbox 2041 5044 2058 5071; x_wconf 89' lang='lat'><strong>,</strong></span> 
     </span>
    </p>
   </div>
   <div class='ocr_carea' id='block_1_102' title="bbox 480 5082 1706 5155">
    <p class='ocr_par' dir='ltr' id='par_1_102' title="bbox 480 5082 1706 5155">
     <span class='ocr_line' id='line_1_102' title="bbox 480 5082 1706 5155; baseline 0.008 -20"><span class='ocrx_word' id='word_1_738' title='bbox 480 5082 576 5136; x_wconf 86' lang='lat' dir='ltr'><strong>sed</strong></span> <span class='ocrx_word' id='word_1_739' title='bbox 615 5092 727 5138; x_wconf 85' lang='lat' dir='ltr'><strong>tota</strong></span> <span class='ocrx_word' id='word_1_740' title='bbox 751 5084 841 5140; x_wconf 91' lang='lat' dir='ltr'><strong>die</strong></span> <span class='ocrx_word' id='word_1_741' title='bbox 868 5088 1295 5155; x_wconf 81' lang='lat' dir='ltr'><strong>perseveraverit</strong></span> <span class='ocrx_word' id='word_1_742' title='bbox 1318 5089 1706 5146; x_wconf 81' lang='lat' dir='ltr'><strong>subsanuatus.</strong></span> 
     </span>
    </p>
   </div>
   <div class='ocr_carea' id='block_1_103' title="bbox 2164 4905 3760 4985">
    <p class='ocr_par' dir='ltr' id='par_1_103' title="bbox 2164 4905 3760 4985">
     <span class='ocr_line' id='line_1_103' title="bbox 2164 4905 3760 4985; baseline -0.004 -17"><span class='ocrx_word' id='word_1_743' title='bbox 2164 4931 2348 4977; x_wconf 84' lang='grc' dir='ltr'>σοντες</span> <span class='ocrx_word' id='word_1_744' title='bbox 2374 4911 2467 4965; x_wconf 78' lang='grc' dir='ltr'>τὸν</span> <span class='ocrx_word' id='word_1_745' title='bbox 2496 4911 2686 4980; x_wconf 83' lang='grc' dir='ltr'>Λόγον,</span> <span class='ocrx_word' id='word_1_746' title='bbox 2714 4909 2918 4981; x_wconf 88' lang='grc' dir='ltr'>τύχωσι</span> <span class='ocrx_word' id='word_1_747' title='bbox 2947 4907 3040 4962; x_wconf 80' lang='grc' dir='ltr'><strong>τοῦ</strong></span> <span class='ocrx_word' id='word_1_748' title='bbox 3071 4906 3259 4971; x_wconf 78' lang='grc' dir='ltr'><em>τέλους</em></span> <span class='ocrx_word' id='word_1_749' title='bbox 3289 4905 3383 4960; x_wconf 82' lang='grc' dir='ltr'><strong>τοῦ</strong></span> <span class='ocrx_word' id='word_1_750' title='bbox 3416 4906 3565 4980; x_wconf 87' lang='grc' dir='ltr'><strong>παρά</strong></span> <span class='ocrx_word' id='word_1_751' title='bbox 3589 4906 3760 4985; x_wconf 74' lang='grc' dir='ltr'><strong>Θεοῦ.⁴</strong></span> 
     </span>
    </p>
   </div>
   <div class='ocr_carea' id='block_1_104' title="bbox 2164 4995 3747 5070">
    <p class='ocr_par' dir='ltr' id='par_1_104' title="bbox 2164 4995 3747 5070">
     <span class='ocr_line' id='line_1_104' title="bbox 2164 4995 3747 5070; baseline -0.005 -11"><span class='ocrx_word' id='word_1_752' title='bbox 2164 5003 2380 5060; x_wconf 84' lang='grc' dir='ltr'><em>Πᾶσαν</em></span> <span class='ocrx_word' id='word_1_753' title='bbox 2429 5000 2544 5069; x_wconf 82' lang='grc' dir='ltr'><strong>τὴν</strong></span> <span class='ocrx_word' id='word_1_754' title='bbox 2596 5000 2827 5070; x_wconf 75' lang='grc' dir='ltr'>ἡμέραν</span> <span class='ocrx_word' id='word_1_755' title='bbox 2872 4997 3185 5052; x_wconf 83' lang='grc' dir='ltr'><strong>διετέλεσα</strong></span> <span class='ocrx_word' id='word_1_756' title='bbox 3225 4995 3747 5067; x_wconf 79' lang='grc' dir='ltr'><strong>μυκτηριζόμενος.</strong></span> 
     </span>
    </p>
   </div>
   <div class='ocr_carea' id='block_1_105' title="bbox 2168 5089 3753 5164">
    <p class='ocr_par' dir='ltr' id='par_1_105' title="bbox 2168 5089 3753 5164">
     <span class='ocr_line' id='line_1_105' title="bbox 2168 5089 3753 5164; baseline -0.003 -15"><span class='ocrx_word' id='word_1_757' title='bbox 2168 5090 2490 5164; x_wconf 79' lang='grc' dir='ltr'>Κατηγορία</span> <span class='ocrx_word' id='word_1_758' title='bbox 2536 5090 2644 5145; x_wconf 85' lang='grc' dir='ltr'>τῶν</span> <span class='ocrx_word' id='word_1_759' title='bbox 2685 5090 2828 5144; x_wconf 77' lang='grc' dir='ltr'>κατὰ</span> <span class='ocrx_word' id='word_1_760' title='bbox 2860 5089 2957 5161; x_wconf 83' lang='grc' dir='ltr'><strong>τὴν</strong></span> <span class='ocrx_word' id='word_1_761' title='bbox 2995 5089 3187 5158; x_wconf 82' lang='grc' dir='ltr'>γενεὰν</span> <span class='ocrx_word' id='word_1_762' title='bbox 3232 5089 3469 5159; x_wconf 73' lang='grc' dir='ltr'><strong>ἐκείνην,</strong></span> <span class='ocrx_word' id='word_1_763' title='bbox 3515 5091 3599 5143; x_wconf 82' lang='grc' dir='ltr'>ὅτι</span> <span class='ocrx_word' id='word_1_764' title='bbox 3629 5090 3753 5144; x_wconf 73' lang='grc' dir='ltr'><strong>οὐδὲ</strong></span> 
     </span>
    </p>
   </div>
   <div class='ocr_carea' id='block_1_106' title="bbox 480 5174 3675 5259">
    <p class='ocr_par' dir='ltr' id='par_1_106' title="bbox 480 5174 3675 5259">
     <span class='ocr_line' id='line_1_106' title="bbox 480 5174 3675 5259; baseline -0.002 -22"><span class='ocrx_word' id='word_1_765' title='bbox 480 5174 693 5245; x_wconf 75' lang='grc' dir='ltr'>ἡμέρας</span> <span class='ocrx_word' id='word_1_766' title='bbox 725 5175 912 5259; x_wconf 62' lang='grc' dir='ltr'>ὀλίγοις</span> <span class='ocrx_word' id='word_1_767' title='bbox 929 5176 1083 5241; x_wconf 79' lang='grc' dir='ltr'><strong>τινὰς</strong></span> <span class='ocrx_word' id='word_1_768' title='bbox 1108 5177 1328 5247; x_wconf 77' lang='grc' dir='ltr'>ἐποίησε</span> <span class='ocrx_word' id='word_1_769' title='bbox 1362 5182 1648 5253; x_wconf 79' lang='grc' dir='ltr'>προφήτης</span> <span class='ocrx_word' id='word_1_770' title='bbox 1675 5183 1703 5235; x_wconf 91' lang='grc' dir='ltr'>ὁ</span> <span class='ocrx_word' id='word_1_771' title='bbox 1745 5185 2214 5257; x_wconf 77' lang='grc' dir='ltr'>μυκτηριζόμενος</span> <span class='ocrx_word' id='word_1_772' title='bbox 2232 5223 2246 5248; x_wconf 91' lang='grc'><strong>,</strong></span> <span class='ocrx_word' id='word_1_773' title='bbox 2272 5182 2412 5237; x_wconf 80' lang='grc' dir='ltr'><strong>ἀλλὰ</strong></span> <span class='ocrx_word' id='word_1_774' title='bbox 2435 5186 2618 5237; x_wconf 80' lang='grc' dir='ltr'>πᾶσαν</span> <span class='ocrx_word' id='word_1_775' title='bbox 2639 5181 2853 5253; x_wconf 78' lang='grc' dir='ltr'>ἡμέραν</span> <span class='ocrx_word' id='word_1_776' title='bbox 2871 5180 3139 5234; x_wconf 81' lang='grc' dir='ltr'>διετέλεσε</span> <span class='ocrx_word' id='word_1_777' title='bbox 3188 5179 3675 5251; x_wconf 57' lang='grc' dir='ltr'>μυκηριζόμενος.</span> 
     </span>
    </p>
   </div>
   <div class='ocr_carea' id='block_1_107' title="bbox 551 5265 2057 5346">
    <p class='ocr_par' dir='ltr' id='par_1_107' title="bbox 551 5265 2057 5346">
     <span class='ocr_line' id='line_1_107' title="bbox 551 5265 2057 5346; baseline 0.007 -25"><span class='ocrx_word' id='word_1_778' title='bbox 551 5266 606 5321; x_wconf 87' lang='grc'><em>6.</em></span> <span class='ocrx_word' id='word_1_779' title='bbox 643 5265 787 5333; x_wconf 85' lang='lat' dir='ltr'><strong>Quia</strong></span> <span class='ocrx_word' id='word_1_780' title='bbox 810 5285 996 5324; x_wconf 85' lang='lat' dir='ltr'><strong>amaro</strong></span> <span class='ocrx_word' id='word_1_781' title='bbox 1027 5270 1182 5323; x_wconf 81' lang='lat' dir='ltr'><strong>verbo</strong></span> <span class='ocrx_word' id='word_1_782' title='bbox 1210 5286 1322 5324; x_wconf 80' lang='lat' dir='ltr'><strong>meo</strong></span> <span class='ocrx_word' id='word_1_783' title='bbox 1352 5273 1530 5327; x_wconf 82' lang='lat' dir='ltr'><strong>ridebo</strong></span> <span class='ocrx_word' id='word_1_784' title='bbox 1561 5273 1627 5329; x_wconf 75' lang='lat'><strong>“.</strong></span> <span class='ocrx_word' id='word_1_785' title='bbox 1664 5274 1758 5329; x_wconf 83' lang='lat' dir='ltr'><strong>Est</strong></span> <span class='ocrx_word' id='word_1_786' title='bbox 1806 5278 2057 5346; x_wconf 54' lang='lat' dir='ltr'><strong>quaedam</strong></span> 
     </span>
    </p>
   </div>
   <div class='ocr_carea' id='block_1_108' title="bbox 479 5359 2056 5438">
    <p class='ocr_par' dir='ltr' id='par_1_108' title="bbox 479 5359 2056 5438">
     <span class='ocr_line' id='line_1_108' title="bbox 479 5359 2056 5438; baseline 0.006 -26"><span class='ocrx_word' id='word_1_787' title='bbox 479 5359 777 5425; x_wconf 86' lang='lat' dir='ltr'><strong>promissio</strong></span> <span class='ocrx_word' id='word_1_788' title='bbox 799 5361 965 5427; x_wconf 88' lang='lat' dir='ltr'><strong>risus,</strong></span> <span class='ocrx_word' id='word_1_789' title='bbox 997 5361 1065 5416; x_wconf 90' lang='lat' dir='ltr'><strong>de</strong></span> <span class='ocrx_word' id='word_1_790' title='bbox 1096 5377 1205 5432; x_wconf 88' lang='lat' dir='ltr'><strong>qua</strong></span> <span class='ocrx_word' id='word_1_791' title='bbox 1238 5365 1601 5432; x_wconf 85' lang='lat' dir='ltr'><strong>promissione</strong></span> <span class='ocrx_word' id='word_1_792' title='bbox 1621 5380 1819 5422; x_wconf 89' lang='lat' dir='ltr'><strong>nomen</strong></span> <span class='ocrx_word' id='word_1_793' title='bbox 1847 5371 2056 5438; x_wconf 86' lang='lat' dir='ltr'><strong>accepit</strong></span> 
     </span>
    </p>
   </div>
   <div class='ocr_carea' id='block_1_109' title="bbox 480 5450 2054 5527">
    <p class='ocr_par' dir='ltr' id='par_1_109' title="bbox 480 5450 2054 5527">
     <span class='ocr_line' id='line_1_109' title="bbox 480 5450 2054 5527; baseline 0.008 -24"><span class='ocrx_word' id='word_1_794' title='bbox 480 5450 792 5518; x_wconf 84' lang='lat' dir='ltr'><strong>patriarcha</strong></span> <span class='ocrx_word' id='word_1_795' title='bbox 822 5452 990 5508; x_wconf 84' lang='lat' dir='ltr'><strong>lsaac.</strong></span> <span class='ocrx_word' id='word_1_796' title='bbox 1020 5452 1187 5509; x_wconf 82' lang='lat' dir='ltr'><strong>Risus</strong></span> <span class='ocrx_word' id='word_1_797' title='bbox 1209 5457 1409 5524; x_wconf 87' lang='lat' dir='ltr'><strong>quippe</strong></span> <span class='ocrx_word' id='word_1_798' title='bbox 1434 5455 1837 5527; x_wconf 87' lang='lat' dir='ltr'><strong>interpretatur.</strong></span> <span class='ocrx_word' id='word_1_799' title='bbox 1863 5459 2054 5515; x_wconf 84' lang='lat' dir='ltr'><strong>Risum</strong></span> 
     </span>
    </p>
   </div>
   <div class='ocr_carea' id='block_1_110' title="bbox 484 5544 2055 5622">
    <p class='ocr_par' dir='ltr' id='par_1_110' title="bbox 484 5544 2055 5622">
     <span class='ocr_line' id='line_1_110' title="bbox 484 5544 2055 5622; baseline 0.008 -29"><span class='ocrx_word' id='word_1_800' title='bbox 484 5555 649 5611; x_wconf 88' lang='lat' dir='ltr'><strong>porro</strong></span> <span class='ocrx_word' id='word_1_801' title='bbox 680 5544 925 5612; x_wconf 89' lang='lat' dir='ltr'><strong>promitti</strong></span> <span class='ocrx_word' id='word_1_802' title='bbox 956 5545 1125 5616; x_wconf 84' lang='lat' dir='ltr'><strong>liquet</strong></span> <span class='ocrx_word' id='word_1_803' title='bbox 1141 5561 1208 5602; x_wconf 80' lang='lat' dir='ltr'><strong>ex</strong></span> <span class='ocrx_word' id='word_1_804' title='bbox 1239 5547 1382 5605; x_wconf 87' lang='lat' dir='ltr'><strong>hoc;</strong></span> <span class='ocrx_word' id='word_1_805' title='bbox 1412 5548 1566 5605; x_wconf 80' lang='lat' dir='ltr'><strong>Beati</strong></span> <span class='ocrx_word' id='word_1_806' title='bbox 1590 5550 1681 5620; x_wconf 84' lang='lat' dir='ltr'><strong>qui</strong></span> <span class='ocrx_word' id='word_1_807' title='bbox 1698 5566 1834 5604; x_wconf 83' lang='lat' dir='ltr'><strong>nunc</strong></span> <span class='ocrx_word' id='word_1_808' title='bbox 1856 5550 2055 5622; x_wconf 83' lang='lat' dir='ltr'><strong>lugent.</strong></span> 
     </span>
    </p>
   </div>
   <div class='ocr_carea' id='block_1_111' title="bbox 591 5659 1024 5731">
    <p class='ocr_par' dir='ltr' id='par_1_111' title="bbox 591 5659 1024 5731">
     <span class='ocr_line' id='line_1_111' title="bbox 591 5659 1024 5731; baseline 0.012 -15"><span class='ocrx_word' id='word_1_809' title='bbox 591 5660 639 5694; x_wconf 75' lang='lat'><strong>“</strong></span> <span class='ocrx_word' id='word_1_810' title='bbox 665 5659 867 5719; x_wconf 83' lang='lat' dir='ltr'><strong>Jerem.</strong></span> <span class='ocrx_word' id='word_1_811' title='bbox 900 5681 939 5731; x_wconf 90' lang='grc' dir='ltr'><strong>ι,</strong></span> <span class='ocrx_word' id='word_1_812' title='bbox 973 5666 1024 5721; x_wconf 79' lang='grc'><em>1.</em></span> 
     </span>
    </p>
   </div>
   <div class='ocr_carea' id='block_1_112' title="bbox 554 5816 1843 5896">
    <p class='ocr_par' dir='ltr' id='par_1_112' title="bbox 554 5816 1843 5896">
     <span class='ocr_line' id='line_1_112' title="bbox 554 5816 1843 5896; baseline 0.006 -23"><span class='ocrx_word' id='word_1_813' title='bbox 554 5816 635 5891; x_wconf 78' lang='grc' dir='ltr'><strong>(ι)</strong></span> <span class='ocrx_word' id='word_1_814' title='bbox 675 5817 948 5891; x_wconf 74' lang='grc' dir='ltr'>Δηλονότι.</span> <span class='ocrx_word' id='word_1_815' title='bbox 973 5820 1132 5879; x_wconf 83' lang='lat' dir='ltr'><strong>Forte</strong></span> <span class='ocrx_word' id='word_1_816' title='bbox 1158 5823 1463 5896; x_wconf 75' lang='lat' dir='ltr'><strong>legendum,</strong></span> <span class='ocrx_word' id='word_1_817' title='bbox 1495 5824 1651 5896; x_wconf 76' lang='grc' dir='ltr'><strong>δῆλόν</strong></span> <span class='ocrx_word' id='word_1_818' title='bbox 1682 5827 1843 5881; x_wconf 80' lang='grc' dir='ltr'>ἐστιν.</span> 
     </span>
    </p>
   </div>
   <div class='ocr_carea' id='block_1_113' title="bbox 2147 5269 3754 5342">
    <p class='ocr_par' dir='ltr' id='par_1_113' title="bbox 2147 5269 3754 5342">
     <span class='ocr_line' id='line_1_113' title="bbox 2147 5269 3754 5342; baseline -0.005 -12"><span class='ocrx_word' id='word_1_819' title='bbox 2147 5324 2151 5329; x_wconf 88' lang='grc'><strong>.</strong></span> <span class='ocrx_word' id='word_1_820' title='bbox 2239 5276 2367 5330; x_wconf 76' lang='grc' dir='ltr'>Ὀτι</span> <span class='ocrx_word' id='word_1_821' title='bbox 2429 5272 2616 5342; x_wconf 77' lang='grc' dir='ltr'>πικρῷ</span> <span class='ocrx_word' id='word_1_822' title='bbox 2666 5272 2825 5342; x_wconf 69' lang='grc' dir='ltr'><em>λόγῳ</em></span> <span class='ocrx_word' id='word_1_823' title='bbox 2867 5289 2986 5341; x_wconf 82' lang='grc' dir='ltr'><em>μου</em></span> <span class='ocrx_word' id='word_1_824' title='bbox 3046 5269 3397 5340; x_wconf 62' lang='grc' dir='ltr'>γελάσομαι.</span> <span class='ocrx_word' id='word_1_825' title='bbox 3459 5272 3617 5324; x_wconf 87' lang='grc' dir='ltr'>Ἔστι</span> <span class='ocrx_word' id='word_1_826' title='bbox 3667 5286 3754 5334; x_wconf 90' lang='grc' dir='ltr'><strong>τις</strong></span> 
     </span>
    </p>
   </div>
   <div class='ocr_carea' id='block_1_114' title="bbox 2163 5360 3750 5438">
    <p class='ocr_par' dir='ltr' id='par_1_114' title="bbox 2163 5360 3750 5438">
     <span class='ocr_line' id='line_1_114' title="bbox 2163 5360 3750 5438; baseline -0.004 -15"><span class='ocrx_word' id='word_1_827' title='bbox 2163 5367 2463 5438; x_wconf 81' lang='grc' dir='ltr'>ἐπαγγελία</span> <span class='ocrx_word' id='word_1_828' title='bbox 2503 5368 2697 5436; x_wconf 79' lang='grc' dir='ltr'><em>γέλως,</em></span> <span class='ocrx_word' id='word_1_829' title='bbox 2729 5360 2798 5438; x_wconf 74' lang='grc' dir='ltr'><strong>ἦς</strong></span> <span class='ocrx_word' id='word_1_830' title='bbox 2836 5364 3169 5434; x_wconf 78' lang='grc' dir='ltr'>ἐπαγγελίας</span> <span class='ocrx_word' id='word_1_831' title='bbox 3213 5362 3502 5435; x_wconf 78' lang='grc' dir='ltr'><strong>ἐπώνυμός</strong></span> <span class='ocrx_word' id='word_1_832' title='bbox 3539 5364 3686 5417; x_wconf 75' lang='grc' dir='ltr'>ἐστιν</span> <span class='ocrx_word' id='word_1_833' title='bbox 3721 5366 3750 5416; x_wconf 93' lang='lat'><strong>6</strong></span> 
     </span>
    </p>
   </div>
   <div class='ocr_carea' id='block_1_115' title="bbox 2163 5455 3753 5532">
    <p class='ocr_par' dir='ltr' id='par_1_115' title="bbox 2163 5455 3753 5532">
     <span class='ocr_line' id='line_1_115' title="bbox 2163 5455 3753 5532; baseline -0.004 -18"><span class='ocrx_word' id='word_1_834' title='bbox 2163 5461 2510 5532; x_wconf 81' lang='grc' dir='ltr'>πατριάρχης</span> <span class='ocrx_word' id='word_1_835' title='bbox 2556 5459 2761 5514; x_wconf 82' lang='grc' dir='ltr'>Ἰσαάκ.</span> <span class='ocrx_word' id='word_1_836' title='bbox 2809 5458 3203 5531; x_wconf 83' lang='grc' dir='ltr'>Ἐρμηνεύεται</span> <span class='ocrx_word' id='word_1_837' title='bbox 3240 5458 3350 5530; x_wconf 82' lang='grc' dir='ltr'>γὰρ</span> <span class='ocrx_word' id='word_1_838' title='bbox 3395 5456 3586 5527; x_wconf 84' lang='grc' dir='ltr'><em>γέλως.</em></span> <span class='ocrx_word' id='word_1_839' title='bbox 3626 5455 3753 5509; x_wconf 87' lang='grc' dir='ltr'><strong>Ὅτι</strong></span> 
     </span>
    </p>
   </div>
   <div class='ocr_carea' id='block_1_116' title="bbox 2163 5546 3756 5623">
    <p class='ocr_par' dir='ltr' id='par_1_116' title="bbox 2163 5546 3756 5623">
     <span class='ocr_line' id='line_1_116' title="bbox 2163 5546 3756 5623; baseline -0.001 -16"><span class='ocrx_word' id='word_1_840' title='bbox 2163 5551 2220 5607; x_wconf 81' lang='grc' dir='ltr'><strong>δὲ</strong></span> <span class='ocrx_word' id='word_1_841' title='bbox 2254 5551 2560 5622; x_wconf 71' lang='grc' dir='ltr'>ἐπαγγελία</span> <span class='ocrx_word' id='word_1_842' title='bbox 2585 5550 2780 5622; x_wconf 81' lang='grc' dir='ltr'>γέλως,</span> <span class='ocrx_word' id='word_1_843' title='bbox 2809 5550 3053 5623; x_wconf 83' lang='grc' dir='ltr'>δηλονότι</span> <span class='ocrx_word' id='word_1_844' title='bbox 3098 5548 3174 5623; x_wconf 88' lang='lat' dir='ltr'><strong>(l)</strong></span> <span class='ocrx_word' id='word_1_845' title='bbox 3209 5552 3274 5605; x_wconf 75' lang='grc' dir='ltr'><strong>ἐκ</strong></span> <span class='ocrx_word' id='word_1_846' title='bbox 3313 5550 3427 5617; x_wconf 75' lang='grc' dir='ltr'>τοῦ,</span> <span class='ocrx_word' id='word_1_847' title='bbox 3463 5546 3756 5618; x_wconf 62' lang='grc' dir='ltr'>Μακάριοι</span> 
     </span>
    </p>
   </div>
   <div class='ocr_carea' id='block_1_117' title="bbox 1124 5666 2168 5738">
    <p class='ocr_par' dir='ltr' id='par_1_117' title="bbox 1124 5666 2168 5738">
     <span class='ocr_line' id='line_1_117' title="bbox 1124 5666 2168 5738; baseline 0.006 -18"><span class='ocrx_word' id='word_1_848' title='bbox 1124 5667 1169 5699; x_wconf 78' lang='grc'><strong>⁸⁸</strong></span> <span class='ocrx_word' id='word_1_849' title='bbox 1209 5666 1341 5724; x_wconf 87' lang='lat' dir='ltr'><strong>Luc.</strong></span> <span class='ocrx_word' id='word_1_850' title='bbox 1376 5685 1489 5734; x_wconf 79' lang='lat' dir='ltr'><strong>xw,</strong></span> <span class='ocrx_word' id='word_1_851' title='bbox 1524 5669 1608 5725; x_wconf 76' lang='grc' dir='ltr'><em>Η.</em></span> <span class='ocrx_word' id='word_1_852' title='bbox 1684 5670 1733 5702; x_wconf 73' lang='grc'><strong>³⁸</strong></span> <span class='ocrx_word' id='word_1_853' title='bbox 1759 5667 1960 5727; x_wconf 77' lang='lat' dir='ltr'><strong>Jerem.</strong></span> <span class='ocrx_word' id='word_1_854' title='bbox 1992 5686 2083 5738; x_wconf 79' lang='lat' dir='ltr'><strong>xx,</strong></span> <span class='ocrx_word' id='word_1_855' title='bbox 2115 5670 2168 5726; x_wconf 89' lang='lat'><strong>7.</strong></span> 
     </span>
    </p>
   </div>
  </div>
