4122 6430
352 400 466 458 313

543 460 574 479 θ

1454 347 1464 358 ⁸
1529 392 1594 448 ΙΝ
1633 393 1982 451 JEREMIAM
2021 392 2302 450 iIOMILIA
2341 393 2483 451 XIX.

3513 399 3619 457 su

352 522 413 576 οι
432 520 748 584 κλαίοντες
786 517 922 580 νῦν.
966 515 1054 569 ὅτι
1075 513 1381 585 γελάσετε.
1430 513 1568 570 Ἡδὲ
1595 514 1897 584 ἐπαγγελία
1916 532 1928 545 ·

2046 512 2308 584 Sequitur
2319 515 2642 586 promissio:
2664 517 2939 584 Quoniam,
2958 518 3198 574 ridebitis
3214 519 3281 576 "’.
3300 517 3472 577 Sicuti
3491 536 3621 590 pro-

360 613 488 666 Ὅτι
522 610 827 681 γελάσετε.
862 608 1072 677 Ὥσπερ
1104 604 1403 675 ἐπαγγελία
1425 622 1438 637 ·
1479 605 1595 660 Υίοί
1625 604 1772 660 Θεοῦ
1797 607 1938 673 κλη-

350 700 801 772 θήσονταιᾳαὶ,
828 697 940 752 Τὸν
952 696 1106 751 Θεὸν
1118 696 1390 764 ὄψονται,
1414 696 1526 760 καὶ,
1553 695 1937 764 κληρονομή-

356 808 544 849 σουσι
571 792 684 860 τὴν
712 789 852 860 γῆν,
878 787 1214 855 καὶ,Αὺτῶν
1239 788 1412 842 ἐστιν
1443 790 1481 857 ἡ
1504 787 1792 852 ,βασιλεία
1818 786 1938 841 τῶν

352 884 651 955 οὐρανῶν·
677 883 849 946 οὕτως
871 882 1018 936 ἐστὶν
1039 880 1345 950 ἐπαγγελία
1368 874 1612 952 γέλως,ᾕ
1635 879 1938 950 ἐπαγγελίᾳ

352 978 419 1031 τὸ
462 975 701 1030 ἐναντίον
739 975 768 1027 6
813 970 1249 1045 μακαριζόμενός
1284 973 1399 1024 ἐστι
1434 970 1729 1042 κλαυθμός.
1763 972 1938 1042 Ζητή-

359 1085 475 1132 σεις
510 1067 568 1120 δὲ
607 1068 656 1120 εἰ
692 1064 867 1135 τούτῳ
905 1062 984 1134 τῷ
1011 1062 1199 1134 ἀγαθῷ
1225 1061 1422 1130 γέλωτι
1465 1060 1585 1115 καθ’
1620 1061 1810 1132 ἑτέραν
1842 1061 1938 1115 καὶ

357 1161 551 1231 ἑτέραν
589 1158 830 1213 ἐπίνοιαν
856 1156 1077 1227 συνᾴδει
1115 1156 1212 1227 μὲν
1238 1156 1267 1209 6
1308 1153 1744 1226 μακαριζόμενος
1773 1152 1939 1207 κλαυ-

360 1252 514 1323 θμὸς,
548 1248 882 1304 ἐναντιοῦται
920 1248 976 1302 δὲ
1021 1249 1050 1302 6
1080 1250 1193 1312 τοῖς
1219 1247 1481 1309 ἐναντίοις
1522 1244 1938 1314 ταλανιζόμενος

358 1344 718 1415 ἀποκείμενος
747 1340 1024 1412 κλαυθμὸς
1054 1340 1261 1412 ἕτερος.
1289 1339 1426 1394 Οὐαὶ
1458 1336 1563 1411 γὰρ
1595 1340 1641 1391 οἱ
1672 1337 1939 1406 γελῶντες

358 1436 475 1503 νῦν,
526 1437 608 1489 ὅτι
661 1432 985 1504 πενθήσουσι
1035 1432 1131 1485 καὶ
1181 1431 1526 1486 κλαύσονται.
1588 1428 1777 1493 Ἀλλος
1831 1427 1939 1498 γὰρ

359 1526 634 1597 κλαυθμὸς
659 1527 688 1579 6
714 1523 1145 1595 μακαριζόμενος
1163 1563 1177 1588 ,
1204 1521 1361 1584 ἄλλος
1384 1522 1412 1574 6
1436 1518 1796 1589 ἀποκείμενος
1827 1519 1938 1581 τοῖς

358 1617 544 1681 κακῶς
574 1615 909 1688 βεϐιωκόσιν.
944 1615 1007 1667 Εἰ
1030 1613 1087 1668 δέ
1110 1631 1162 1667 τι
1184 1614 1436 1675 κάκεῖνος
1464 1610 1618 1673 τέλος
1647 1609 1761 1680 ἔχει
1791 1606 1938 1677 ὠφέ-

356 1710 538 1781 λιμον,
570 1709 670 1763 ούκ
707 1703 842 1763 οἶδα.
871 1706 937 1760 Τ·ί
964 1705 1138 1775 λέγω;
1171 1705 1370 1756 ’Ἄκουε
1404 1701 1639 1756 Παύλου.
1670 1702 1799 1754 Ὅτε
1830 1698 1939 1752 est-

349 1801 576 1866 δασκεν,
610 1797 1059 1870 ἐπραγματεύετο
1094 1795 1268 1862 λέγων
1299 1792 1538 1863 λυπῆσαι
1565 1791 1691 1855 τοὺς
1716 1789 1940 1844 ἀκούον-

2045 606 2241 663 missio
2271 618 2356 664 est
2384 627 2397 663 :
2431 608 2567 664 Filii
2611 609 2702 665 Dei
2728 610 3089 679 vocabuntur;
3119 619 3176 666 et
3205 630 3219 667 :
3274 612 3443 666 Deum
3472 610 3624 669 uideo

2044 698 2203 764 bunt;
2226 708 2322 754 et:
2386 698 2791 755 Hereditabunt
2828 714 3062 767 terram;
3107 712 3206 759 et:
3250 703 3496 774 Ipsorum
3540 715 3621 760 est

2043 806 2260 860 regnum
2291 790 2542 844 caelorum
2573 792 2618 824 ⁸⁸
2644 811 2657 846 :
2691 793 2764 847 ita
2792 793 3083 863 promis>io
3108 802 3194 849 est
3217 795 3381 861 risus,
3407 795 3495 851 cui
3516 811 3626 866 .op-

2043 882 2265 950 ponitur
2297 882 2481 938 luctus
2500 883 2595 952 qui
2616 884 2805 939 beatus
2834 884 3053 941 dicitur.
3077 883 3301 952 Quaares
3326 903 3459 942 num
3495 888 3625 943 huic

2043 973 2190 1027 bono
2220 973 2354 1027 risui
2382 975 2873 1030 secundumalium
2924 986 2979 1030 et
3036 978 3204 1032 alium
3237 993 3457 1033 sensum
3490 993 3625 1032 con-

2046 1073 2205 1134 gruat
2236 1065 2416 1121 luctus
2464 1067 2558 1136 qui
2586 1066 2795 1122 .beatus
2850 1067 3084 1135 dicitur,
3132 1078 3438 1139 opponatur
3491 1083 3624 1124 vero

2045 1152 2226 1208 luctus
2269 1155 2411 1211 alius
2467 1156 2562 1226 qui
2608 1157 2937 1214 miserabilis
2972 1160 3362 1228 praedicatur,
3396 1169 3451 1215 et
3500 1161 3626 1218 illos

2046 1249 2228 1296 manet
2258 1242 2351 1311 qui
2374 1261 2404 1297 c
2440 1247 2715 1301 cortrario
2743 1262 2891 1302 nunc
2931 1247 3130 1303 rident.
3169 1247 3261 1305 Vae
3286 1251 3486 1306 etenim
3516 1251 3624 1307 illis

2045 1333 2139 1402 qui
2206 1350 2353 1388 nunc
2399 1337 2581 1391 rident
2626 1340 2885 1407 quoniam
2937 1340 3202 1410 lugebunt
3224 1351 3278 1397 et
3314 1342 3521 1398 ﬂebunt
3549 1343 3620 1398 ⁸⁸.

2044 1423 2197 1477 Alius
2221 1425 2420 1493 quippe
2452 1426 2632 1481 luctus
2665 1428 2759 1496 qui
2787 1428 2977 1484 beatus
3005 1429 3227 1495 dicitur,
3263 1431 3405 1486 alius
3436 1431 3526 1501 qui
3559 1430 3627 1485 il-

2044 1513 2127 1568 los
2157 1522 2339 1567 manet
2382 1515 2474 1584 qui
2527 1515 2667 1570 male
2704 1517 2957 1572 vixerint.
3009 1517 3199 1574 Utrum
3244 1529 3426 1575 autem
3459 1521 3624 1577 (tiam

2046 1602 2134 1656 ille
2158 1601 2318 1657 ﬁnem
2344 1605 2651 1672 quempiam
2688 1604 2976 1661 habiturus
3020 1608 3093 1662 sit
3126 1609 3312 1662 utilem
3341 1648 3357 1672 ,
3415 1611 3623 1667 nescio.

2046 1686 2186 1752 Quid
2218 1688 2378 1743 dico?
2406 1690 2551 1744 Audi
2580 1688 2830 1745 Paulum.
2863 1691 3001 1751 Cum
3033 1695 3280 1763 docebat,
3320 1697 3373 1752 id
3399 1708 3618 1770 satage-

2046 1776 2139 1831 bat
2174 1788 2232 1832 ut
2260 1794 2326 1833 ex
2353 1778 2474 1849 ejus
2531 1781 2879 1837 sermonibus
2920 1784 3198 1839 auditores
3223 1787 3621 1845 contristaren-

355 1911 490 1957 τας*
519 1893 613 1947 καί¹
650 1890 922 1962 ὁμολογεῖ,
955 1889 1038 1941 ὅτι
1069 1886 1190 1940 τότε
1218 1884 1452 1957 μάλιστα
1470 1883 1814 1954 εὐφραίνετο,
1851 1883 1941 1936 ὅτε

2047 1884 2175 1939 tur,
2237 1883 2291 1929 et
2339 1875 2630 1931 conﬁtetur
2678 1891 2739 1931 se
2771 1887 2899 1933 tunc
2929 1878 3170 1935 maxime
3219 1881 3456 1937 lanatum
3477 1897 3620 1946 esse,

362 1982 611 2038 ἐλυπεϊτό
640 1997 725 2043 τις
755 1978 815 2043 ἐξ
861 1976 1025 2031 αὑτοῦ
1045 1994 1059 2007 ·
1107 1975 1243 2047 φησὶ
1271 1974 1380 2046 γάρ
1400 1991 1413 2004 ·
1447 1975 1557 2029 Καὶ
1589 1974 1680 2041 τίς
1709 1974 1879 2027 ἐστιν
1908 1975 1941 2027 ὀ

360 2074 699 2144 εὐφραίνων
721 2088 799 2141 με
823 2072 873 2125 ei
898 2069 985 2140 μὴ
1024 2070 1053 2122 6
1095 2068 1477 2137 λυπούμενος
1512 2066 1582 2132 ἐξ
1616 2066 1762 2137 ἐμοῦ
1779 2083 1799 2131 ;
1831 2066 1943 2121 Καὶ

364 2167 419 2219 εί
458 2166 543 2229 τίς
572 2182 631 2218 τε
671 2162 850 2227 ἱκανός
883 2163 999 2215 ἐστι
1038 2160 1257 2232 κινῆσαι
1300 2158 1477 2231 ψυχὴν
1516 2158 1786 2231 ἀκροατοῦ
1837 2159 1942 2230 μά-

365 2259 519 2312 λιστα
552 2255 950 2328 ἡμαρτηκότος,
972 2252 1246 2316 τοιούτους
1273 2249 1494 2323 εὔχεται
1519 2252 1709 2322 λόγους
1736 2251 1936 2320 λέγειν,

358 2351 557 2412 οἵτινες
588 2349 695 2403 ἀπὸ
721 2347 1023 2418 δυνάμεως,
1069 2346 1164 2400 καὶ
1194 2345 1554 2418 παρατάξεως
1590 2346 1686 2398 καὶ
1729 2343 1941 2416 θειότη-

355 2459 471 2505 τος,
500 2441 595 2495 καὶ
645 2439 933 2512 νοημάτων
980 2438 1445 2509 ἁπαγγελλόμενοι
1492 2436 1654 2507 ιερῶν
1705 2435 1941 2489 σείσουσι

361 2531 459 2603 τὴν
491 2530 668 2602 ψυχὴν
699 2528 794 2584 τοῦ
842 2528 1151 2592 ἀκούοντος,
1187 2529 1282 2582 καὶ
1318 2527 1558 2581 κινοῦσιν
1588 2526 1680 2580 ἐπὶ
1726 2525 1940 2589 πένθος,

356 2622 457 2674 καὶ
485 2619 578 2675 ὲπλ⁸
610 2618 907 2690 κλαυθμὸν,
950 2619 1041 2672 καὶ
1086 2617 1178 2671 ἐπὶ
1212 2617 1443 2691 δάκρυα,
1479 2617 1555 2680 ὡς
1596 2617 1808 2688 χαίρειν
1851 2616 1943 2671 τὸν

356 2708 607 2779 λέγοντα,
632 2709 720 2762 ὅτε
747 2708 834 2781 ἴδῃ
861 2707 923 2760 τὸ
951 2707 1317 2778 ἀκροατήριον
1346 2706 1702 2778 τερπόμενον,
1730 2705 1825 2760 καὶ
1851 2723 1944 2775 γε-

355 2801 470 2855 λῶν
497 2799 590 2854 ἐπὶ
616 2801 729 2863 τοῖς
759 2798 1089 2870 λεγομένοις.
1124 2798 1298 2852 Ὅπου
1336 2796 1435 2869 μὲν
1458 2797 1566 2868 γὰρ
1597 2798 1677 2860 εἰς
1706 2798 1946 2867 ἐπαγγει-

359 2892 485 2955 λίας
520 2890 663 2958 ἄγει,
694 2889 769 2954 ὡς
802 2888 888 2943 διὰ
921 2889 1112 2960 στενῆς
1142 2889 1238 2943 καὶ
1260 2889 1624 2960 τεθλιμμένης
1645 2888 1744 2960 τῆς
1778 2890 1835 2942 έν
1864 2888 1942 2961 τῷ

365 2981 648 3035 λυπεῖσθαι
682 2979 802 3034 ὁδοῦ
832 2979 926 3034 ἐπὶ
962 2980 1061 3050 τὴν
1094 2977 1260 3052 ζωὴν,
1290 2980 1385 3033 καὶ
1414 2979 1501 3034 διὰ
1534 2980 1626 3034 τοῦ
1661 2980 1939 3052 κλαυθμοῦ

360 3074 488 3141 ,ἄγει
522 3072 612 3127 ἐπὶ
640 3072 730 3125 τὸν
758 3071 1192 3144 μακαριζόμενον
1219 3071 1427 3141 γέλωτα
1444 3088 1457 3102 ι
1487 3072 1575 3125 ὅτε
1603 3071 1660 3126 δὲ
1689 3072 1750 3125 ού
1784 3071 1943 3126 τοῦτο

360 3162 536 3227 ἀνύει,
583 3161 851 3233 φοϐοῦμαι
888 3161 963 3234 μὴ
999 3160 1220 3216 τοιαῦτα
1262 3160 1395 3234 λέγῃ
1419 3177 1432 3191 ·
1488 3156 1594 3215 Οἷα
1629 3159 1707 3233 (‘2)
1753 3163 1807 3216 οι
1847 3184 1942 3237 γε-

2044 1967 2263 2037 quando
2287 1968 2412 2038 quis
2450 1969 2881 2024 contristabatur
2923 1985 2988 2025 ex
3042 1971 3160 2042 ipso
3189 1990 3204 2040 ;
3237 1973 3314 2027 ait
3353 1975 3501 2028 enim
3527 1976 3574 2008 ⁸⁸
3605 1993 3622 2032 ι

2048 2055 2115 2109 Et
2138 2058 2254 2127 quis
2287 2066 2363 2111 est
2395 2058 2609 2129 qukme
2638 2056 2893 2129 [teli/icet,
2916 2061 3022 2116 nisi
3044 2063 3136 2132 qui
3160 2063 3508 2120 contristatur
3556 2079 3624 2121 ea:

2046 2150 2166 2204 me?
2190 2147 2321 2204 Etsi
2357 2150 2482 2219 quis
2508 2149 2738 2206 idoneus
2781 2160 2868 2207 est
2893 2153 2959 2208 ad
2996 2154 3325 2213 movendum
3357 2155 3624 2211 auditoris

2044 2240 2341 2310 praesertim
2380 2243 2676 2310 peccatoris
2704 2241 2948 2297 animum
2970 2281 2985 2308 ,
3021 2242 3291 2314 ejusmodi
3319 2252 3469 2313 optat
3496 2260 3624 2315 pro-

2045 2335 2184 2388 t‘crre
2213 2333 2376 2388 verba
2405 2348 2528 2403 qua:
2555 2334 2790 2402 virtute,
2844 2336 3071 2404 ordine,
3112 2337 3396 2393 divinitate
3458 2347 3622 2408 atque

2044 2440 2326 2480 sacrorum
2353 2440 2615 2482 sensuum
2632 2426 2871 2497 pondere
2899 2428 3194 2498 percellant
3212 2431 3482 2488 auditoris
3501 2434 3617 2489 ani-

2045 2533 2214 2584 mum,
2244 2525 2296 2573 et
2328 2526 2583 2573 moveant
2613 2519 2680 2574 ad
2705 2519 2910 2575 luctum
2936 2563 2950 2585 ,
2994 2522 3063 2577 ad
3098 2520 3306 2587 ﬂetum,
3338 2524 3405 2578 ad
3441 2524 3623 2595 lact-y-

2045 2626 2184 2676 mas,
2218 2611 2290 2664 ita
2318 2620 2377 2664 ut
2398 2610 2631 2681 gaudeat
2659 2622 2873 2678 orator,
2887 2612 3053 2683 2.70
3080 2628 3205 2668 cum
3240 2613 3435 2669 viderit
3463 2614 3625 2670 audi-

2048 2712 2195 2759 tores
2240 2703 2440 2773 gaudio
2486 2702 2769 2759 deiibutos.
2791 2703 2862 2758 iis
2895 2703 3308 2782 quaedicuntur
3354 2704 3620 2763 arridere.

2045 2794 2179 2849 Nam
2213 2794 2434 2864 quando
2478 2795 2544 2851 ad
2601 2796 2996 2866 promissiones
3029 2796 3179 2852 ducit
3212 2804 3471 2868 tanquam
3520 2813 3617 2869 per

2046 2893 2333 2953 augustam
2367 2892 2423 2941 et
2445 2885 2775 2943 meet-oribus
2816 2885 3028 2955 plenam
3057 2886 3201 2941 viam
3227 2889 3292 2941 ad
3323 2886 3513 2956 vitam,
3544 2889 3618 2943 ita

2046 2991 2142 3048 per
2171 2975 2354 3031 ﬂetum
2403 2975 2555 3032 ducit
2590 2977 2658 3032 ad
2692 2977 2907 3033 beatum
2955 2978 3150 3034 risum.
3177 2978 3314 3034 Cum
3357 2996 3487 3035 vero
3517 2981 3623 3037 hoc

2048 3084 2155 3123 non
2182 3067 2391 3138 perﬁcit
2414 3108 2430 3136 ,
2478 3067 2645 3124 timeo
2672 3084 2741 3125 ne
2767 3069 2915 3126 dicat
2950 3070 3072 3126 talia
3097 3072 3139 3104 ⁹¹
3164 3090 3177 3127 :
3216 3070 3306 3127 Vae
3357 3072 3500 3128 vobis
3529 3072 3621 3142 qui

2046 3161 2230 3216 ridetis
2259 3177 2396 3215 nunc
2419 3201 2434 3225 ,
2463 3162 2591 3233 quia
2614 3161 2862 3233 lugebitis
2893 3171 2942 3218 et
2970 3165 3188 3233 ﬂebitis.
3222 3163 3500 3232 Quorsum
3530 3181 3624 3220 au-

354 3222 607 3320 λῶντες.
799 3222 901 3306 ὅτι.
923 3222 1273 3320 θέεν-θήσετε,
1440 3222 1755 3307 “admei-3.
1795 3222 1939 3325 Πρὸς

2047 3261 2153 3306 tem
2190 3253 2303 3307 lucc
2349 3267 2380 3306 a
2432 3222 2520 3307 me
2551 3222 2696 3308 dicta
2743 3260 2910 3317 sunt,
2948 3222 3051 3309 nisi
3107 3222 3624 3324 quodsubobscure

361 3345 415 3398 τί
445 3344 505 3399 δέ
541 3363 628 3416 μοι
660 3344 817 3399 τοῦτο
856 3344 1071 3417 εἴρηται
1111 3344 1145 3416 ἢ
1186 3344 1493 3417 βουλομένῳ
1530 3345 1936 3413 ὑπαινίξασθαι,

351 3437 444 3490 ὅτι
464 3435 640 3505 λέγει,
683 3434 880 3506 Πικρῷ
906 3436 1067 3506 λόγῳ
1102 3453 1222 3506 μου
1256 3435 1607 3507 γελάσομαι,
1636 3436 1728 3490 καί⁸
1759 3453 1939 3509 παρα-

362 3526 553 3599 στῆναι
591 3526 806 3597 γέλωτα
849 3527 1151 3599 κλαυθμοῦ,
1196 3528 1289 3580 καὶ
1324 3525 1600 3598 κλαυθμὸν
1639 3528 1844 3581 ἐκεῖνον
1883 3527 1941 3581 ὃν

360 3615 687 3671 κλαύσονται
739 3618 787 3669 oi
839 3614 1071 3670 ἐνταῦθα
1119 3614 1407 3683 γελῶντες,
1457 3614 1600 3684 τάχα
1654 3611 1748 3667 τοῦ
1805 3611 1940 3666 Θεοῦ

365 3707 892 3780 πραγματευομένου
971 3707 1295 3778 ὲγγεννῆσαι
1372 3707 1556 3770 αὐτοῖς
1631 3704 1939 3777 κλαυθμόν;

374 3798 537 3854 Ἐκεῖ
558 3798 667 3871 γὰρ
709 3799 878 3854 ἔσται
917 3801 950 3853 ό
992 3798 1297 3868 κλαυθμὸς
1325 3798 1424 3852 καί
1459 3800 1493 3852 ὁ
1521 3797 1795 3868 βρυγμὸς
1826 3796 1945 3850 τῶν

356 3890 642 3946 ὀδόντων.
671 3893 780 3945 Καὶ
803 3889 961 3944 τοῦτο
986 3889 1436 3962 πραγματεύεται
1462 3891 1490 3943 6
1515 3888 1646 3954 Θεὸς
1676 3889 1840 3962 ὁρῶν,
1861 3890 1942 3943 ὅτι

360 3980 391 4033 ό
415 3980 617 4035 κλαίων
645 3980 738 4035 ἐπὶ
759 3984 871 4045 τοῖς
909 3980 1058 4045 ἰδίοις
1100 3981 1517 4053 ἁμαρτήμασιν,
1547 3981 1575 4034 6
1610 3979 1822 4052 θρηνῶν
1851 3981 1944 4034 ἐπὶ

360 4076 473 4137 τοῖς
506 4072 656 4137 ἰδίοις
681 4074 1159 4145 παρανομήμασιν,
1195 4073 1295 4143 ᾔδη
1324 4073 1406 4136 εἰς
1436 4072 1789 4144 συναίσθησιν
1822 4072 1946 4143 ἐλή-

360 4164 487 4218 λυθε
521 4163 629 4218 τῶν
664 4164 808 4219 ἰδίων
855 4163 1061 4218 κακῶν.
1119 4163 1206 4228 Ὠς
1235 4163 1345 4218 είθε
1368 4163 1600 4228 ἕκαστος
1640 4163 1797 4236 ἡμῶν
1821 4162 1942 4218 καθ’

364 4256 594 4312 ἕκαστον
643 4255 947 4328 ἁμάρτημα
998 4256 1151 4327 ἔλεγε
1172 4273 1185 4286 ·
1238 4257 1452 4311 Λούσω
1496 4258 1628 4312 καθ’
1678 4254 1945 4325 ἑκάστην

358 4348 554 4403 ,νύκτα
603 4349 719 4418 τὴν
767 4351 986 4418 κλίνην
1028 4367 1170 4420 μου,
1222 4349 1294 4403 ἐν
1344 4347 1609 4418 δάκρυσί
1658 4367 1778 4419 μου
1829 4347 1945 4417 τὴν

360 4439 683 4510 στρωμνήν
700 4459 820 4513 μου
847 4441 1065 4510 βρέξω.
1112 4442 1199 4505 Ὧς
1232 4441 1342 4495 εἴθε
1378 4440 1608 4505 ἕκαστος
1640 4439 1796 4515 ἡμῶν
1827 4439 1943 4517 ελεέ

362 4548 458 4599 γεν
487 4532 579 4584 ἐπὶ
614 4535 725 4596 τοῖς
770 4532 916 4596 ἰδίοις
964 4533 1322 4605 ἁμαρτήμασι
1368 4532 1603 4587 κλαίων
1660 4532 1939 4603 Ἐγενήθη
1974 4564 2017 4619 ι)

356 4639 460 4690 μοι
498 4620 571 4675 τὰ
613 4620 842 4690 δάκρυά
874 4640 995 4692 μου
1045 4622 1225 4691 ἄρτος
1280 4622 1504 4693 ἡμέρας
1548 4623 1649 4677 καὶ
1696 4625 1934 4690 νυκτός.

374 4712 501 4766 Ἔάν
530 4730 630 4783 μου
663 4714 691 4766 6
723 4712 879 4782 λόγος
908 4714 1228 4786 πικρότερος
1257 4713 1489 4768 ἐνταῦθα
1517 4710 1573 4787 ᾖ,
1616 4714 1941 4786 πικρότερος

359 4804 420 4859 δὲ
440 4804 527 4858 διὰ
549 4804 610 4858 τὸ
630 4803 905 4858 θλίὸεσθαί
935 4822 1022 4877 με,
1047 4805 1112 4859 δι’
1135 4805 1298 4859 αὑτὸν
1321 4805 1629 4877 ἀηδίζονται
1651 4809 1698 4860 οἰ
1716 4805 1940 4860 ἀκούον-

240 4909 268 4979 ξ’
363 4913 455 4960 τες
493 4898 540 4950 εί
589 4896 952 4969 ἐλεγχόμενοι.
1007 4898 1174 4952 Ὅταν
1227 4896 1497 4971 βαρῶνται
1542 4899 1633 4952 τὸν
1689 4898 1938 4968 λέγοντα,

362 4985 499 5053 οῖδα,
527 4989 608 5042 ὅτι
638 4989 731 5042 ἐπὶ
751 4988 829 5058 τῷ
848 4988 1030 5062 πικρῷ
1050 4989 1194 5061 λόγῳ
1218 5007 1319 5061 μου
1342 4990 1404 5065 τὸ
1430 4990 1583 5054 τέλος
1614 4991 1730 5044 ἐστὶ
1752 4990 1839 5059 γε)
1851 4993 1936 5062 ᾄν,

2041 3342 2188 3400 volui
2219 3343 2460 3398 indicare
2487 3344 2617 3414 quid
2656 3344 2802 3400 dicat
2847 3344 2933 3399 bis
2971 3345 3194 3401 verbis:
3238 3347 3438 3401 Amare
3468 3346 3622 3402 verba

2043 3451 2155 3488 meo
2186 3433 2406 3498 ridebo;
2440 3443 2495 3490 et
2518 3436 2805 3490 ostendere
2835 3437 3008 3492 risum
3048 3435 3206 3492 ﬂetus
3238 3446 3293 3492 et
3333 3438 3519 3493 ﬂetum
3552 3440 3623 3493 il-

2042 3526 2154 3581 lum
2190 3542 2352 3598 quem
2386 3526 2616 3584 fundent
2659 3527 2695 3581 ii
2737 3528 2831 3597 qui
2863 3528 2954 3582 hic
2984 3529 3184 3597 rident,
3227 3527 3339 3584 Deo
3381 3529 3621 3587 fortasse

2043 3616 2191 3673 luctu
2216 3633 2310 3673 eo;
2344 3617 2610 3673 aﬂiciente
2634 3617 2657 3671 ί
2680 3614 2765 3669 Ibi
2796 3607 2941 3672 enim
2980 3619 3077 3673 erit
3120 3619 3277 3688 ﬂetus
3323 3630 3375 3673 et
3420 3621 3625 3677 ιιι-Μοι-

2043 3710 2281 3762 dentium
2324 3712 2393 3765 ν’.
2440 3697 2617 3782 Atque
2659 3712 2712 3767 id
2758 3711 2871 3780 agit
2913 3709 3058 3766 Deus
3088 3710 3276 3766 videns
3311 3710 3525 3767 ﬂentem
3551 3712 3623 3767 ob

2043 3800 2263 3870 propria
2296 3811 2536 3871 peccata,
2560 3812 2614 3859 et
2636 3802 2907 3874 lugentem
2940 3802 3011 3857 ob
3036 3801 3252 3873 propria
3277 3801 3473 3860 delicta
3498 3803 3611 3874 ja-u

2044 3891 2099 3945 in
2130 3893 2523 3949 conscientiam
2561 3911 2787 3951 suorum
2814 3895 3081 3949 malorum
3112 3894 3345 3950 venisse.
3403 3894 3621 3951 Uticam

2046 3985 2426 4055 unusquisque
2449 3995 2695 4044 nostrum
2722 4002 2819 4056 pro
2851 3984 3081 4056 singulis
3107 3983 3223 4040 suis
3271 3987 3512 4056 peccatis
3536 3988 3622 4043 di-

2046 4084 2193 4131 ceret
2212 4076 2258 4108 ⁹³
2286 4095 2299 4131 :
2335 4075 2540 4132 Lavabo
2566 4094 2658 4147 per
2684 4076 2922 4148 singulas
2950 4088 3129 4134 noctes
3159 4080 3351 4133 lectum
3399 4095 3572 4134 meum
3602 4120 3620 4146 ,

2044 4178 2091 4224 et
2118 4168 2371 4239 Iacrymis
2402 4170 2531 4224 meis
2547 4179 2775 4223 stratum
2798 4185 2967 4223 meum
2987 4169 3189 4240 rigabo.
3215 4167 3435 4225 Utinam
3462 4186 3627 4226 unus-

2044 4260 2278 4331 quisque
2304 4269 2551 4316 nostrum
2580 4261 2650 4315 ob
2682 4276 2780 4316 sua
2808 4270 3025 4330 peccata
3072 4261 3252 4316 ﬂendo
3301 4261 3507 4317 diceret
3528 4259 3576 4294 “
3604 4281 3619 4318 :

2046 4350 2285 4406 Fuerunt
2315 4352 2444 4406 milii
2468 4352 2718 4422 lacryma:
2735 4368 2862 4406 mea:
2884 4352 3037 4421 panis
3061 4350 3146 4406 die
3175 4367 3237 4405 ac
3259 4362 3431 4406 nocte.
3452 4348 3507 4406 Si
3535 4351 3624 4411 hic

2045 4442 2220 4498 oratio
2240 4457 2359 4497 mea
2385 4444 2634 4498 acerbior
2664 4442 2768 4509 sit,
2814 4442 3062 4498 acerbior
3084 4450 3268 4513 autem
3295 4482 3310 4507 ,
3359 4441 3622 4511 quoniam

2046 4549 2239 4604 angor,
2264 4535 2543 4590 auditores
2573 4534 2677 4605 qui
2700 4534 3121 4606 redarguuntur,
3152 4534 3298 4589 illam
3343 4549 3487 4605 aegre
3539 4532 3622 4590 fe.

2050 4635 2172 4681 runt
2199 4644 2214 4694 ;
2244 4626 2339 4681 sed
2372 4641 2498 4681 cum
2524 4642 2609 4680 me
2637 4626 2905 4681 dicentem
2966 4626 3194 4681 moleste
3244 4624 3427 4680 ferunt
3455 4665 3470 4691 ,
3505 4624 3623 4680 scio

2046 4731 2234 4771 amaro
2262 4717 2427 4772 verbo
2460 4731 2582 4772 meo
2617 4716 2777 4793 tinem
2809 4715 2926 4772 fore
2956 4717 3128 4772 risum
3149 4758 3166 4784 ,
3222 4717 3395 4773 risum
3442 4716 3625 4771 beato-

2045 4824 2189 4862 rum.
2222 4806 2376 4874 Quod
2407 4807 2639 4864 fortasse
2662 4808 2844 4863 sciens
2868 4807 3129 4878 propheta
3164 4807 3382 4862 dicebat
3414 4822 3427 4860 :
3480 4804 3622 4871 Quia

2045 4915 2229 4953 amaro
2259 4898 2409 4953 uerbo
2439 4915 2550 4953 meo
2581 4897 2951 4954 ridebo.Nunc
2973 4899 3190 4970 quidem
3217 4913 3406 4952 amaro
3432 4899 3621 4962 verbo,

2044 5000 2100 5045 et
2130 4992 2370 5045 nondum
2398 4991 2569 5057 rideo,
2601 4992 2693 5048 sed
2736 5008 2921 5046 amaro
2949 4991 3099 5046 uerbo
3124 5006 3238 5044 meo
3279 4990 3479 5043 ridebo.

363 5083 532 5156 γελᾷν
566 5084 624 5138 δὲ
658 5084 750 5138 τὸν
780 5084 887 5139 τῶν
912 5084 1363 5155 μακαριζομένων
1405 5082 1780 5157 γέλωτα.“Καὶ
1811 5086 1969 5139 τοῦτο
2006 5086 2147 5158 τάχα
2189 5087 2344 5151 εἰδὼς
2389 5088 2418 5140 6
2469 5088 2756 5160 προφήτης
2797 5086 3014 5156 ἔλεγεν·
3073 5088 3179 5152 ὅτι,
3228 5083 3423 5154 Πικρῷ
3464 5082 3627 5153 ,λόγῳ

358 5192 480 5245 μου
505 5177 864 5250 γελάσσμαι’
896 5178 994 5250 ήδη
1033 5179 1131 5250 μὲν
1155 5178 1336 5252 πικρῷ
1374 5178 1540 5250 λόγῳ,
1569 5179 1684 5234 ἀλλ’
1715 5181 1814 5251 οὐκ
1844 5180 1945 5253 ἤδη
1980 5182 2143 5251 γελῶ,
2173 5181 2309 5235 ἀλλὰ
2335 5181 2523 5251 πικρῷ
2549 5185 2710 5253 λόγῳ
2730 5201 2850 5253 μου
2883 5180 3233 5252 γελάσομαι.
3322 5222 3325 5225 -

448 5267 713 5322 Ἀθεσίαν
747 5269 844 5324 καί
889 5270 1293 5338 ταλαιπωρίαν
1323 5268 1773 5340 ἐπικαλέσομαι.
1811 5270 1944 5341 Θεὸν

364 5358 704 5415 ἐπικαλεῖται
736 5363 763 5415 6
793 5361 1019 5428 δίκαιος,
1058 5362 1158 5436 τὴν
1192 5361 1387 5434 σοφίαν
1419 5362 1758 5417 ἐπικαλεῖται
1796 5364 1888 5416 καί
1916 5364 1945 5417 6

363 5451 575 5516 ἄδικος·
617 5455 827 5508 Ἔσται
857 5454 986 5527 γὰρ,
1021 5455 1204 5527 φησὶν,
1233 5454 1331 5509 ὅτε
1361 5453 1798 5521 ὲπικαλέσεσθέ
1835 5470 1940 5525 με·

2118 5272 2171 5326 7.
2200 5272 2699 5329 l’rwt'aricatiouem
2727 5283 2777 5328 et
2804 5273 3071 5327 miseriam
3088 5269 3336 5326 invocabo
3355 5269 3422 5323 θ’.
3455 5267 3622 5323 Deum

2046 5362 2259 5418 invocat
2265 5364 2470 5433 justus,
2490 5365 2809 5435 sapientiam
2830 5365 3044 5418 invocat
3059 5362 3219 5417 etiam
3236 5361 3477 5429 iniquus.
3501 5358 3623 5412 Erit

2046 5455 2213 5518 enim,
2245 5455 2423 5525 inquit
2452 5456 2520 5521 ³⁵,
2559 5471 2680 5509 cum
2725 5453 3031 5509 invocabitis
3089 5467 3207 5516 me,
3254 5450 3344 5502 sed
3375 5463 3467 5518 ego
3517 5463 3623 5503 non

433 5633 478 5667 "’
504 5632 635 5688 Luc.
670 5650 744 5697 Vl,
767 5635 857 5689 2|.
933 5636 978 5668 ⁸⁸
1000 5612 1186 5690 Matth.
1222 5653 1275 5701 ν,
1299 5637 1353 5697 9.
1379 5635 1433 5703 8,
1458 5636 1512 5697 li,
1541 5635 1593 5689 25.
1637 5635 1682 5667 ⁸⁹
1714 5632 1846 5689 Luc.
1881 5649 1932 5687 νι

2045 5637 2076 5690 ἱ.
2117 5636 2163 5669 ⁸ο
2185 5634 2224 5688 Il
2250 5634 2382 5689 Cor.
2415 5634 2477 5700 ll,
2503 5637 2558 5689 2.
2585 5636 2629 5668 ’ί
2658 5634 2790 5691 Luc.
2822 5651 2897 5702 vt,
2924 5634 3015 5690 35.
3089 5635 3134 5666 ⁹²
3158 5631 3349 5687 Matth.
3382 5646 3499 5703 rm,
3531 5633 3614 5697 l9...

456 5704 507 5738 ”
535 5704 681 5759 Psal.
707 5720 778 5770 VI,
816 5705 866 5758 7.

437 5843 515 5915 (Ξ)
553 5839 670 5899 οἷα.
703 5843 845 5915 Lego
877 5843 1015 5898 οὐαί.

970 5707 1013 5738 ’³
1035 5706 1179 5763 Psal.
1212 5723 1319 5775 su,
1344 5708 1399 5762 4.
1474 5708 1518 5739 ⁸³³
1551 5705 1752 5762 Jerem.
1787 5720 1876 5771 xx,
1904 5705 1956 5759 8.

2034 5709 2080 5738 νδ
2106 5705 2267 5760 Prov.
2299 5720 2336 5771 ι,
2364 5705 2455 5760 28.
