4122 6420
501 391 617 448 $15

1965 377 2298 438 ORIGENIS

3679 377 3783 435 526

505 508 795 562 modium
817 523 923 562 vos.
952 505 1067 563 illic
1081 506 1306 578 quidem
1325 513 1432 560 tam
1460 504 1693 575 injustas
1719 515 1884 575 quam
1910 501 2091 574 justus

2195 501 2309 572 ἐγὼ
2339 501 2409 554 δὲ
2439 501 2551 555 οὐκ
2579 499 3014 569 εὶσακούσομαι
3043 495 3230 568 ὑμῶν.
3274 497 3421 551 Ἐκεῖ
3456 497 3556 568 μιν
3585 498 3637 552 οι
3670 498 3785 554 ἀδι-

511 597 864 654 mauifesturn
913 608 998 653 est
1027 599 1281 653 invocare
1310 611 1507 652 nomen
1542 595 1789 661 Domini;
1821 605 1872 650 et
1918 595 2089 649 omnis

508 686 602 755 qui
631 687 946 740 inoocaverit
975 701 1164 740 nomen
1190 685 1406 740 Domini
1438 685 1615 739 saluus
1641 686 1741 739 erit
1760 685 1803 716 ’⁷
1829 703 1844 752 ;
1875 685 1962 739 hic
1989 699 2090 738 au-

507 785 618 832 tem
673 778 936 846 propheta
984 777 1116 850 dicit
1145 794 1158 831 :
1186 775 1694 831 Prmaricationem
1739 783 1790 830 et
1823 775 2093 828 miseriam

507 869 781 922 invocabo.
823 869 978 924 Sicut
1007 868 1202 939 Deum,
1232 870 1312 924 sic
1361 868 1864 938 prazvaricationem
1888 907 1903 931 ,
1939 867 2084 923 sicut

511 956 827 1024 Dominum,
851 958 934 1013 sic
960 958 1260 1012 miseriam.
1300 956 1442 1012 Num
1485 973 1598 1012 rem
1626 958 1824 1012 bonam
1878 958 2094 1012 invocat

504 1039 812 1110 Jeremias,
838 1060 962 1098 cum
997 1045 1286 1114 promittit,
1319 1045 1506 1100 dicens
1539 1064 1551 1098 :
1589 1043 2091 1099 Prwearicalioncm

503 1141 558 1188 et
587 1134 858 1189 miseriam
883 1135 1177 1189 invocabo?
1204 1134 1312 1190 Sed
1339 1135 1735 1190 consideranda
1775 1147 1903 1189 sunt
1935 1144 2090 1204 pacta

509 1244 633 1298 quae
661 1229 886 1292 inimus,
916 1236 970 1282 et
992 1227 1270 1298 quomodo
1294 1226 1642 1297 frangantur;
1697 1241 2089 1296 nonnunquam

505 1322 655 1376 enim
683 1327 841 1390 pacta
872 1320 1012 1374 male
1031 1320 1456 1384 contrahuntur,
1487 1318 1690 1388 quibus
1748 1319 1888 1372 male
1941 1319 2092 1374 initis

508 1411 720 1465 utinam
751 1408 1255 1478 praevaricationem
1291 1409 1630 1463 invocemus.
1665 1407 1740 1462 lta
1785 1408 1830 1462 si
1887 1424 2092 1477 cogno-

507 1516 640 1554 vero
673 1499 837 1553 latam
871 1506 924 1554 et
947 1499 1246 1568 spatiosam
1275 1498 1420 1551 viam
1451 1513 1572 1568 qua:
1597 1498 1749 1552 ducit
1791 1497 1858 1551 ad
1897 1497 2088 1551 interi-

510 1593 674 1646 ritum
705 1635 720 1658 ,
765 1600 818 1647 et
848 1592 991 1662 quod
1022 1607 1116 1661 per
1147 1607 1268 1646 eam
1301 1591 1404 1644 iter
1455 1589 1663 1644 faciens
1710 1590 1846 1644 nihil
1875 1590 2090 1644 molesti

509 1685 726 1754 patiar,
791 1683 860 1738 de
925 1683 1038 1738 lata
1098 1683 1189 1738 illa
1253 1692 1308 1736 et
1361 1683 1605 1752 spatiosa
1669 1681 1757 1736 via
1819 1683 2091 1736 transiero

511 1777 675 1846 271
700 1775 764 1829 ad
797 1783 1085 1845 angustam
1118 1781 1173 1828 et
1201 1782 1429 1837 arctam,
1454 1774 1618 1828 etiam
1646 1775 1786 1827 mala
1814 1772 2090 1827 sustinens

2193 609 2279 647 κοι
2308 591 2404 645 καὶ
2437 593 2486 646 oi
2518 592 2718 646 δίκαιοι
2747 591 2805 646 δὲ
2828 590 3068 660 δηλονότι
3107 589 3494 644 ἐπικαλοῦνται
3528 607 3658 644 ποτε
3687 589 3787 664 τήν

2195 679 2418 748 σοφίαν·
2455 679 2566 734 Καὶ
2605 678 2724 746 πᾶς
2769 680 2832 745 ὃς
2863 679 2972 733 ἐὰν·
3013 678 3448 746 ἐπικαλέσηται
3482 678 3550 732 τὸ
3599 679 3786 749 ὄνομα

2192 770 2438 837 Κυρίου,
2492 768 2866 835 σωθήσεται·
2917 767 3044 822 ἔνθα
3087 767 3145 821 δὲ
3186 769 3217 820 ὁ
3267 769 3556 840 προφήτης
3596 771 3785 840 φησὶν,

2205 861 2472 916 Ἄθεσίαν
2507 861 2605 914 καὶ
2637 861 3046 928 ταλαιπωρίαν
3079 859 3518 929 ἐπικαλέσωμαι
3537 877 3552 891 ο
3586 861 3662 924 ὡς
3695 861 3788 917 τὸν

2191 951 2345 1014 Θεὸν,
2379 951 2525 1004 οὕτω
2561 952 2661 1021 τὴν
2693 950 2940 1013 ἀθεσίαν,
2987 951 3064 1013 ὡς
3103 951 3193 1003 τὸν
3237 949 3475 1022 Κύριον,
3503 950 3648 1004 οὕτω
3688 950 3786 1024 τὴν

2191 1042 2585 1113 ταλαιπωρίαν.
2631 1038 2774 1114 Ἆρα
2826 1041 2992 1095 καλὸν
3035 1043 3270 1112 πρᾶγμα
3313 1041 3571 1095 ὲπικαλεῖ
3628 1044 3788 1114 Ἰερε-

2195 1135 2346 1206 μὶας,
2383 1135 2471 1187 ὅτε
2508 1133 2832 1202 ἐπαγγέλλει
2865 1133 3039 1202 λέγων
3061 1149 3074 1163 ·
3125 1133 3394 1188 Ἀθεσίαν
3431 1132 3532 1186 καὶ
3580 1137 3786 1187 ταλαι-

2193 1225 2422 1294 πωρίαν
2452 1225 2918 1294 ἐπικα.ιέσομαι;
2969 1223 3130 1277 Ἀλλά
3161 1223 3243 1276 δεῖ
3283 1225 3614 1293 κατανοῆσαι
3657 1239 3784 1277 συν-

2194 1317 2367 1388 θήκας
2413 1319 2479 1382 ﬁ;
2525 1317 2807 1389 τιθέμεθα,
2859 1318 2954 1372 καὶ
3007 1317 3107 1381 τὰς
3151 1316 3378 1381 ἀθεσίας
3431 1317 3642 1372 αὐτῶν·
3697 1317 3782 1371 ὅτι

2193 1410 2306 1462 ἐστι
2333 1409 2464 1462 ποτὲ
2490 1409 2762 1480 συνθήκας
2787 1409 2978 1462 θέσθαι
2999 1407 3208 1472 κακῶς,
3232 1409 3326 1462 καὶ
3351 1407 3489 1478 μετὰ
3512 1407 3572 1460 τὸ
3595 1407 3782 1461 θέσθαι

2195 1501 2465 1572 συνθήκας
2517 1500 2726 1564 κακῶς,
2789 1500 2901 1553 εἴθε
2959 1499 3314 1570 ὲπικαλοῖμεν
3363 1499 3464 1570 τήν
3524 1498 3781 1552 ἀθεσίανι

2193 1590 2351 1645 Οὕτω
2377 1591 2434 1644 δὲ
2469 1591 2564 1644 καὶ
2593 1591 2690 1644 ἐὰν
2723 1592 3044 1663 κατανοήσω
3076 1591 3174 1661 τὴν
3209 1591 3467 1644 πλατεῖαν
3497 1591 3594 1644 καὶ
3622 1588 3786 1661 εὐρύ-

2193 1701 2391 1755 χωρον,
2417 1683 2518 1754 τήν
2550 1683 2870 1750 ἀπάγουσαν
2899 1685 2980 1746 είς
3008 1681 3309 1746 ἀπώλειαν,
3352 1683 3446 1735 καὶ
3471 1683 3553 1735 ὅτι
3584 1682 3786 1737 ὀίεύων

2197 1776 2255 1827 ὲν
2301 1774 2438 1845 αὐτῇ
2489 1773 2552 1826 οὐ
2613 1773 2971 1845 ταλαιπωρῶ,
3019 1772 3329 1845 μεταδαίνω
3355 1773 3464 1826 ἀπὸ
3505 1773 3606 1844 τῆς
3650 1773 3786 1827 πλα-

507 1869 633 1922 dico
669 1886 681 1921 :
725 1866 1002 1920 Miseriam
1052 1865 1323 1920 invocabo.
1374 1864 1673 1920 Dissolvam
1718 1864 1922 1920 foedera
1965 1880 2090 1919 cum

2195 1865 2343 1928 πίας
2368 1866 2463 1919 καὶ
2485 1865 2797 1938 εὐρυχώρου
2817 1865 2963 1930 ὁδοῦ,
2988 1867 3084 1920 καὶ
3105 1866 3341 1939 ἔρχομαι
3362 1865 3456 1918 ἐπὶ
3475 1865 3572 1936 τήν
3594 1864 3786 1937 στενὴν

508 1961 716 2014 mundo
743 1969 795 2014 ct
825 1960 992 2014 rebus
1037 1958 1296 2013 humanis
1341 1957 1474 2012 inita
1501 1999 1516 2022 ,
1555 1967 1614 2012 ut
1658 1957 1901 2012 cmlestia
1954 1958 2093 2012 reci-

506 2051 677 2121 piam.
714 2050 987 2105 Hiseriant
1017 2049 1288 2104 invocabo.
1327 2047 1406 2104 Ita
1437 2064 1602 2118 porro
1629 2049 1893 2104 deserens
1926 2049 2094 2104 vitam

511 2143 638 2196 lata:
679 2153 734 2196 et
775 2143 1032 2212 spatiosa:
1058 2143 1160 2198 via:
1182 2181 1198 2206 ,
1235 2142 1570 2211 veniensque
1606 2141 1672 2195 ad
1722 2151 2009 2212 angustam
2041 2151 2095 2198 et

510 2241 758 2296 arctam,
812 2242 872 2286 ut
930 2233 1054 2286 fiam
1113 2233 1284 2288 miser
1331 2232 1796 2302 quemadmodum
1864 2230 2092 2299 Paulus,

509 2323 674 2377 dico:
715 2322 991 2377 Miseriam
1034 2323 1304 2378 invocabo.
1337 2323 1522 2394 Neque
1553 2325 1698 2378 enim
1735 2324 1900 2380 homo
1933 2325 2096 2400 quili-

507 2417 600 2470 bet
627 2416 771 2470 dicet
789 2415 836 2447 “
865 2439 878 2471 ;
908 2415 1112 2486 Infelix
1140 2431 1234 2487 ego
1276 2415 1461 2479 homo,
1496 2417 1615 2485 quis
1640 2431 1723 2470 me
1758 2415 2001 2471 liberabit
2030 2417 2095 2472 de

507 2520 725 2571 corpore
777 2506 963 2560 monis
994 2505 1199 2573 hujus?
1244 2505 1350 2560 Sed
1383 2505 1476 2576 qui
1529 2506 1855 2562 intellexerit
1896 2523 2095 2579 corpus

506 2595 722 2661 mortis,
746 2596 839 2666 qui
871 2596 1095 2652 liberari
1125 2597 1366 2653 voluerit
1404 2597 1472 2653 de
1497 2612 1727 2668 corpore
1758 2599 1952 2656 mortis
1987 2600 2093 2654 bu-

504 2687 626 2760 jus,
662 2690 710 2745 is
753 2690 896 2745 dicet
944 2706 956 2742 :
1006 2689 1207 2759 Infelix
1250 2707 1343 2761 ego
1377 2689 1552 2744 homo.
1590 2689 1693 2757 Qui
1724 2705 1856 2745 vero
1892 2706 2095 2762 corpus

507 2793 688 2846 amat,
741 2783 890 2852 quod
921 2783 1118 2851 vulgus
1153 2783 1438 2838 hominum
1476 2782 1651 2846 solet,
1703 2782 1797 2851 qui
1849 2781 2094 2836 futurqu

507 2875 770 2929 swculum
802 2889 908 2928 non
955 2873 1147 2940 credit,
1176 2888 1522 2944 nequaquam
1547 2872 1693 2928 dicet
1722 2889 1734 2925 :
1774 2871 1975 2942 Infelix
2003 2888 2096 2943 ego

507 2967 701 3030 homo;
741 2967 835 3020 sed
867 2966 1083 3020 beatum
1115 2980 1175 3020 se
1215 2975 1372 3035 putat
1401 2965 1546 3035 quod
1590 2966 1754 3020 homo
1795 2966 1866 3021 sit
1895 2975 1948 3020 et
1976 2981 2096 3021 ver-

513 3063 668 3111 setur
698 3057 750 3110 in
784 3058 978 3112 mortis
1002 3071 1257 3126 corpore.
1287 3055 1457 3126 Igitur
1485 3058 1530 3112 si
1561 3058 1838 3128 percipere
1866 3067 2096 3128 potuero

509 3147 791 3218 quomodo
823 3144 1030 3202 Paulus
1063 3146 1303 3202 dixerit:
1338 3145 1537 3216 Infelix
1573 3164 1669 3219 ego
1701 3149 1877 3214 homo,
1911 3149 1957 3205 si
1993 3149 2097 3204 mi-

516 3237 716 3292 seriam
756 3236 995 3293 nondum
1028 3235 1297 3308 invocavi,
1334 3239 1600 3297 invocabo
1637 3240 1835 3313 ipsam,
1888 3241 2095 3314 pactio-

513 3361 759 3401 nescum
794 3347 942 3403 vitiis
981 3347 1318 3420 frangendo,
1357 3360 1566 3407 etcum
1594 3349 1829 3408 Ieremia
1869 3352 2092 3410 dicam:

508 3432 1014 3490 Prwvaricationem
1052 3449 1098 3492 et
1129 3439 1396 3494 miseriam
1427 3443 1697 3498 invocabo.
1727 3441 1914 3514 Neque
1945 3446 2093 3501 enim

507 3523 650 3578 dixit
682 3542 695 3578 :
733 3523 1246 3582 Praevaricationem
1273 3528 1368 3584 Dei
1410 3530 1697 3586 invocabo.
1734 3532 1869 3587 Volo
1897 3533 2094 3590 afferre

506 3617 574 3671 de
605 3615 884 3686 Scriptura
921 3619 1230 3690 exemplum
1261 3621 1396 3692 justi
1426 3633 1643 3692 pactum
1675 3621 1996 3696 frangentis,
2029 3635 2092 3683 ut

505 3710 790 3764 ostendam
813 3726 925 3780 quo
947 3721 1102 3781 pacto
1138 3713 1228 3768 ille
1262 3715 1768 3784 pravaricationem
1797 3717 2087 3776 invocarit.

505 3799 645 3854 Cum
676 3799 1021 3872 Holoplierne
1046 3813 1204 3874 pacta
1233 3803 1414 3861 fuerat
1436 3805 1624 3863 Judith
1656 3817 1715 3862 ut
1744 3824 1839 3879 per
1867 3818 1948 3865 tot
1973 3812 2091 3868 dies

505 3906 728 3962 egressa
774 3909 963 3963 preces
991 3893 1246 3951 funderet
1278 3897 1391 3953 Deo
1411 3941 1426 3966 ,
1459 3899 1661 3970 quibus
1686 3900 1890 3971 elapsis
1919 3913 2092 3959 semet

510 3981 878 4053 Holophernis
899 3987 1066 4041 cubili
1097 3990 1357 4044 traderet.
1386 3989 1554 4046 Pacta
1579 3991 1695 4047 hzec
1717 3990 2090 4064 Holopherncs

509 4077 752 4146 admisit,
787 4087 1110 4149 potestatem
1139 4080 1376 4137 Juditha‘:
1403 4080 1534 4137 fecit
1566 4093 1624 4138 ut
1651 4093 1806 4139 extra
1859 4087 2089 4142 tentoria

507 4171 678 4226 Deum
707 4185 909 4228 oraret.
943 4173 1082 4240 Quid
1111 4175 1379 4245 agendum
1408 4184 1527 4230 erat
1555 4174 1832 4233 Judithae‘l
1855 4176 2090 4234 Paetane

509 4263 776 4318 servanda
811 4279 878 4318 an
912 4262 1431 4334 frangendaYCerte
1459 4265 1778 4339 frangenda,
1808 4277 1869 4323 ut
1896 4284 2089 4326 omnes

508 4354 766 4411 fatentur.
796 4356 960 4413 Pacta
995 4359 1142 4412 enim
1168 4375 1292 4414 cum
1330 4358 1674 4429 Holopherne
1722 4361 1856 4416 inita
1883 4363 2089 4418 violare

511 4444 736 4498 beatum
767 4455 886 4500 erat
915 4447 1058 4516 apud
1098 4447 1291 4504 Deum.
1324 4447 1602 4504 Violatura
1629 4461 1746 4504 erat
1774 4449 1962 4506 Judith
1996 4467 2089 4522 pa-

2196 1960 2290 2012 καὶ
2318 1958 2706 2029 τεθλιμμένην,
2739 1959 2834 2012 καὶ
2875 1959 3239 2029 ταλαιπωρῶν
3270 1957 3414 2026 λέγω
3435 1974 3450 1988 ο
3492 1961 3788 2012 Tentamu-

2187 2051 2332 2119 ρίαν
2359 2050 2825 2120 ἑπικαλέσομαι.
2874 2050 3111 2103 Ἀθετεῖν
3154 2049 3330 2121 μέλλω
3367 2049 3468 2112 τὰς
3512 2049 3786 2121 συνθήκας

2193 2141 2294 2207 τὰς
2325 2143 2462 2215 πρὸς
2487 2143 2579 2196 τὸν
2610 2144 2815 2214 κόσμον
2840 2143 2935 2197 καὶ
2966 2142 3034 2196 τὰ
3064 2142 3306 2213 κοσμικά
3340 2142 3666 2213 πράγματα,
3697 2142 3786 2196 ἵνα

2195 2233 2450 2288 ἀναλάϐω
2477 2235 2760 2306 οὐρανίους
2792 2234 3086 2306 συνθήκας.
3131 2235 3398 2290 Ἀθεσίαν
3426 2235 3788 2290 ἐπικαλέσο-

2190 2341 2297 2396 μαι
2321 2342 2334 2356 ·
2367 2325 2509 2380 οὕτω
2535 2326 2592 2379 δὲ
2623 2325 2942 2380 καταλιπὼν
2985 2328 3075 2381 τὸν
3107 2328 3221 2398 βίον
3257 2327 3351 2382 τὸν
3380 2327 3484 2398 τῆς
3522 2327 3783 2392 πλατείας

2195 2418 2289 2470 καὶ
2318 2417 2629 2490 εὐρυχώρου
2657 2418 2779 2472 ὀδοῦ
2801 2458 2816 2483 ,
2859 2419 2955 2472 καὶ
3001 2419 3294 2491 ἐρχόμενος
3320 2419 3416 2473 ἐπὶ
3452 2417 3550 2490 τὴν
3589 2418 3777 2488 στενήν

2194 2511 2292 2564 καὶ
2333 2511 2728 2584 τεθλιμμένην,
2763 2511 2852 2566 ἴνα
2879 2512 3123 2584 γένωμαι
3150 2512 3496 2584 ταλαίπωρος
3527 2511 3601 2574 ὡς
3627 2510 3778 2564 Παῦ-

2194 2601 2314 2666 λος,
2366 2601 2509 2672 λέγω
2526 2619 2540 2633 ·
2595 2603 3008 2672 Ταλαικωρίαν
3048 2603 3504 2674 ἐπικαυιέσομαι.
3550 2602 3622 2656 Οὐ
3671 2601 3782 2675 γὰρ

2196 2694 2304 2756 πᾶς
2348 2693 2633 2766 ἄνθρωπος
2665 2695 2814 2766 ὲρεῖ·
2859 2697 3240 2764 Ταλαίπωρος
3283 2695 3398 2766 ἐγὼ
3434 2695 3781 2763 ἄνθρωπος,

2193 2788 2286 2854 τίς
2307 2803 2384 2857 με
2412 2790 2663 2856 ῥύσεται
2687 2789 2755 2842 ἐκ
2780 2789 2884 2844 τοῦ
2911 2789 3184 2859 σώματος
3221 2790 3328 2844 τοῦ
3360 2789 3620 2844 θανάτου
3650 2789 3786 2844 τού-

2194 2893 2302 2930 του
2327 2892 2346 2941 ;
2377 2876 2516 2930 Ἀλλ’
2549 2879 2578 2930 ὁ
2607 2878 2807 2947 νοήσας
2832 2878 2894 2930 τὸ
2921 2877 3082 2948 σῶμα
3104 2877 3199 2930 τοῦ
3235 2877 3488 2943 θανάτου,
3516 2879 3544 2931 ὁ
3583 2875 3786 2950 ῥυσθῆ-

2194 2986 2282 3023 ναι
2312 2967 2631 3040 βουλόμενος
2653 2969 2762 3024 ἀπὸ
2783 2968 2876 3022 τοῦ
2906 2968 3157 3041 σώματος
3179 2968 3273 3022 τοῦ
3303 2969 3535 3023 θανάτου
3563 2967 3782 3032 τούτου,

2195 3062 2313 3133 ἐρεῖ
2357 3062 2449 3126 τὸ,
2502 3063 2883 3132 Ταλαίπωρος
2909 3062 3025 3133 ἐγὼ
3067 3063 3399 3132 ἅνθρωπος.
3439 3063 3498 3114 '0
3533 3059 3591 3114 δὲ
3635 3061 3786 3132 φιλο-

2199 3149 2490 3226 σωματῶν,
2518 3157 2547 3208 ὁ
2573 3154 2768 3223 πολὺς,
2797 3156 2826 3211 ὁ
2851 3155 3098 3214 ἀπιστῶν
3125 3154 3204 3228 τῷ
3239 3153 3481 3229 μέλλοντι
3509 3153 3690 3222 αἰῶνι,
3721 3163 3783 3215 οὔ

2198 3244 2382 3317 λέγει,
2415 3248 2798 3318 Ταλαίπωρος
2825 3247 2939 3319 ἐγὼ
2966 3247 3294 3318 ἄνθρωπος,
3317 3248 3453 3302 ἀλλά
3486 3247 3784 3319 μακαρίζει

2196 3341 2422 3405 ιαυτὸν,
2455 3341 2539 3394 ὅτι
2570 3339 2714 3395 ἐστιν
2745 3341 3058 3412 ἄνθρωπος,
3096 3342 3191 3395 καὶ
3219 3341 3311 3394 ἐπὶ
3334 3339 3412 3411 τῷ
3440 3335 3578 3393 εἶναι
3610 3340 3670 3394 ὲν
3702 3339 3782 3406 τῷ

2194 3434 2290 3490 τοῦ
2320 3433 2553 3489 θανάτου
2595 3433 2828 3506 σώματι.
2877 3433 3003 3487 Ἐὰν
3043 3429 3138 3488 οὖν
3167 3432 3376 3504 δυνηθῶ
3420 3432 3608 3501 νοῆσαι
3657 3431 3778 3494 πῶς

2193 3527 2408 3594 Παῦλος
2431 3522 2577 3591 εἷπε,
2608 3529 2992 3594 Ταλαίπωρος
3023 3525 3140 3596 ἐγὼ
3165 3526 3470 3593 ἄνθρωπος
3493 3564 3507 3588 ,
3549 3522 3775 3595 μηδέπω

2194 3619 2661 3691 ἐπικαλεσάμενος
2690 3619 2790 3690 τήν
2822 3617 3198 3690 ταλαιπωρίαν
3219 3657 3233 3678 ,
3262 3615 3652 3685 ὲπικαλέσομαι
3680 3613 3772 3668 αὖα

2193 3713 2293 3783 τὴν
2321 3714 2387 3767 ὲκ
2409 3709 2502 3765 τοῦ
2534 3710 2797 3781 ἀθετῆσαι
2827 3709 2927 3774 τὰς
2955 3708 3098 3781 πρὸς
3122 3709 3220 3780 τὴν
3253 3707 3451 3762 κακίαν
3481 3705 3776 3777 συνθήκας,

2193 3804 2288 3858 καὶ
2327 3803 2472 3874 λέγω
2513 3804 2590 3867 ὡς
2630 3803 2660 3856 ὁ
2693 3801 2994 3874 Ἰερεμίας’
3043 3801 3312 3855 Ἀθεσιάν
3348 3799 3447 3855 καὶ
3475 3803 3777 3853 ταλαιπω-

2185 3897 2331 3966 ρίαν
2357 3894 2812 3964 ἐπικαλέσομαι.
2861 3891 2936 3946 Ub
2968 3891 3079 3965 γὰρ
3117 3887 3268 3947 εἶπεν
3287 3908 3302 3922 ·
3363 3891 3610 3946 ’Λθεσίαν
3640 3889 3776 3944 Θεοῦ

2192 3988 2611 4059 ὲπικαλέσομαι.
2657 3985 2808 4039 Θέλω
2866 3983 3217 4056 παράδειγμα
3261 3982 3445 4038 δοῦναι
3509 3983 3618 4036 ἀπὸ
3677 3983 3780 4051 τῆς

2191 4080 2421 4152 Γραφῆς
2467 4079 2545 4150 (1)
2591 4077 2802 4132 δικαίου
2845 4077 2940 4130 τοῦ
2982 4077 3253 4148 συνθήκας
3293 4075 3648 4139 ἀθετοῦντος,
3693 4073 3779 4128 ἵνα

2191 4172 2533 4244 παραστήσω
2574 4169 2692 4235 πῶς
2730 4171 2937 4233 ἐκεῖνος
2964 4170 3045 4239 τῷ
3072 4169 3218 4242 ἔργῳ
3247 4169 3471 4224 ἀθεσίαν
3512 4167 3776 4220 ἐπεκαλέ-

2193 4282 2345 4320 σατο.
2380 4263 2582 4336 Ἰουδὴθ
2615 4264 2888 4336 συνθήκας
2925 4263 3077 4318 ἔθετο
3122 4263 3259 4333 πρὸς
3295 4260 3387 4314 τὸν
3428 4259 3774 4332 Ὀλοφέρνην,

2189 4355 2330 4411 ὥστε
2363 4357 2594 4411 τοσῶνδε
2621 4357 2846 4428 ἡμερῶν
2876 4354 3206 4428 ὲξερχομένη
3240 4353 3494 4426 εθχεσθαι
3524 4351 3603 4423 τῷ
3634 4351 3775 4422 Θεῷ,

2191 4451 2284 4504 καὶ
2314 4449 2452 4521 μετὰ
2481 4448 2704 4502 τοσάσδε
2734 4448 2948 4520 ἡμέρας
2989 4447 3188 4518 ἑαυτήν
3236 4445 3494 4517 παρέξειν
3523 4446 3588 4515 τῇ
3619 4443 3777 4516 κοίτῃ

508 4544 657 4591 ctum
698 4552 822 4592 cum
863 4537 1209 4607 ilolopberne
1249 4547 1304 4595 et
1339 4540 1475 4595 dixit
1514 4559 1529 4596 :
1591 4540 2087 4598 Prcevaricationem

2194 4543 2289 4596 τοῦ
2324 4543 2664 4614 Ὀλοφέρνου.
2698 4541 2916 4604 Ταύτας
2951 4539 3049 4603 τὰς
3078 4538 3349 4610 συνθήκας
3390 4539 3419 4591 ὁ
3450 4535 3776 4606 Ὀλοφέρνης

505 4630 794 4694 invocabo;
836 4640 890 4684 et
921 4645 1052 4684 sane
1083 4633 1581 4700 praevaricationem
1636 4633 1927 4690 invocavit.
1966 4635 2086 4691 Uti-

2195 4632 2515 4699 ὑπεδέξατο·
2549 4633 2788 4688 ἀπέλυσε
2831 4633 2930 4702 τὴν
2964 4630 3170 4704 Ἰουδήθ
3211 4627 3303 4683 ἐπὶ
3331 4629 3429 4692 τὰς
3463 4628 3628 4697 εὐχὰς
3670 4625 3777 4693 ἔξω

507 4735 633 4773 nam
682 4721 728 4775 is
759 4729 815 4775 et
847 4736 948 4791 ego
980 4721 1104 4776 (iam
1145 4723 1235 4792 qui
1291 4723 1469 4778 dicam
1508 4741 1522 4777 :
1576 4721 2084 4781 Prwvarieationem

2193 4727 2292 4798 τῆς
2313 4725 2683 4798 παρεμϐολῆς.
2715 4725 2780 4779 Τί
2813 4725 2981 4796 ἐχρῆν
3013 4724 3235 4795 ποιῆσαι
3260 4721 3357 4793 τὴν
3393 4719 3633 4792 ’1ουδήθ;
3662 4719 3774 4788 Τη-

505 4813 780 4880 invocabo,
829 4821 884 4868 et
932 4814 1178 4869 invocem
1223 4814 1722 4884 prmvaricationcm
1770 4819 1912 4888 pacti
1959 4835 2082 4875 cum

2196 4819 2360 4889 ρῆσαι
2388 4817 2488 4880 τὰς
2515 4815 2791 4886 συνθήκας
2812 4853 2826 4877 ,
2861 4815 2894 4884 ἢ
2941 4812 3202 4884 ἀθετῆσαι
3242 4812 3444 4876 αὐτάς;
3488 4809 3776 4880 Ὠμολόγη-

506 4916 776 4973 serpente,
805 4906 948 4974 pacti
983 4921 1106 4960 cum
1130 4905 1366 4962 diabolo.
1402 4908 1628 4964 Pactum
1662 4911 1791 4965 olim
1820 4911 1942 4967 iniit
1973 4928 2087 4968 ser-

2193 4928 2314 4972 ται,
2345 4909 2426 4962 ὅτι
2458 4906 2722 4976 ἀθετῆσαι
2741 4923 2754 4936 ’
2786 4905 2886 4968 τὰς
2911 4903 3021 4976 γὰρ
3053 4905 3190 4975 πρὸς
3223 4903 3548 4975 Ὀλοφέρνην
3579 4900 3776 4972 ἀθετῆ-

507 5012 642 5065 pcns
677 5014 798 5053 cum
833 4997 964 5052 Eva.
992 5001 1072 5054 Illi
1117 5002 1230 5056 haec
1262 5012 1379 5056 erat
1411 5004 1605 5068 amica,
1641 5011 1696 5057 et
1723 5004 1936 5060 amicus
1967 5021 2086 5061 ser-

2194 5017 2286 5055 σαι
2319 4999 2587 5072 μακάριον
2615 4995 2683 5070 ἦν
2708 4996 2800 5051 ἐπὶ
2832 4996 2928 5050 τοῦ
2961 4996 3117 5050 Θεοῦ.
3151 4996 3413 5066 Ἐμελλεν
3442 4994 3655 5048 ἀθετεῖν
3674 4993 3774 5056 τὰς

507 5107 641 5160 pons
685 5095 921 5150 mulieri.
973 5093 1076 5150 Sed
1129 5096 1271 5152 Deus
1321 5108 1507 5168 utpote
1553 5099 1730 5153 bonus
1776 5110 1930 5169 pacta
1969 5101 2084 5157 haec

2193 5093 2330 5165 πρὸς
2365 5092 2691 5163 Ὀλοφέρνην
2726 5091 2997 5163 συνθήκας
3043 5091 3078 5161 ὴ
3126 5088 3358 5161 Ἱουδήθο
3391 5083 3575 5140 εἶπεν·
3618 5087 3771 5140 Ἄθε-

506 5183 732 5238 dissolvi
772 5195 825 5239 et
851 5186 1146 5242 amicitiam
1197 5189 1338 5243 hanc
1368 5203 1587 5258 pravam
1639 5189 1806 5244 deleri
1855 5190 2083 5254 curavit,

2193 5186 2335 5239 σίαν
2359 5183 2790 5254 ἑπικαλέσομαι
2811 5221 2826 5249 ,
2868 5181 2963 5236 καὶ
3009 5180 3480 5248 ὲπεκαλέσατό“γε
3515 5179 3614 5248 τὴν
3645 5177 3775 5231 ἀθε-

506 5287 560 5331 et
591 5281 668 5332 uti
705 5280 883 5334 bonus
911 5279 1052 5334 Deus
1078 5280 1271 5334 dicit”
1300 5298 1314 5336 :
1343 5278 1692 5335 Inimicitiam
1724 5299 1918 5351 ponam
1947 5283 2088 5338 inter

2193 5277 2330 5331 σίαν.
2376 5276 2604 5346 Ὄφελον
2650 5273 2808 5344 κάγὼ
2848 5271 3087 5338 τοιοῦτος
3137 5273 3382 5343 γένωμαι
3400 5311 3414 5335 ,
3463 5271 3549 5324 ἵνα
3594 5270 3735 5322 εἴπω
3754 5309 3771 5332 ,

507 5377 556 5420 le
586 5379 634 5421 et
669 5369 944 5424 mulierem
964 5411 978 5434 ,
999 5380 1047 5424 et
1077 5371 1216 5424 inter
1242 5388 1416 5426 semen
1442 5382 1592 5426 tuum
1632 5382 1682 5426 et
1709 5389 1882 5427 semen
1909 5373 2082 5427 illius.

2199 5368 2468 5424 Ἀθεσίαν
2494 5366 2952 5436 ὲπικαλέσομαι,
2980 5366 3076 5420 καὶ
3107 5365 3504 5435 ὲπικαλέσομαι
3527 5363 3626 5434 τὴν
3647 5363 3772 5416 ἀθε-

508 5455 602 5513 Pie
651 5459 814 5530 igitur
854 5462 1142 5517 audiamus
1189 5480 1299 5534 quo
1348 5473 1508 5534 pacto
1546 5462 1691 5519 Deus
1742 5464 2085 5521 inimicitiam

2193 5458 2311 5514 σίαν
2365 5457 2464 5530 τὴν
2507 5458 2645 5530 πρὸς
2694 5456 2788 5511 τὸν
2835 5456 2980 5527 ὄφιν,
3023 5455 3124 5527 τὴν
3172 5455 3311 5528 πρὸς
3352 5454 3444 5509 τὸν
3483 5453 3760 5509 διὰθολον.

578 5593 624 5624 ’⁷
654 5589 789 5650 loel.
824 5611 883 5662 Il,
910 5595 998 5650 52.
1093 5597 1141 5630 ⁸³
1180 5595 1339 5656 Rom.
1365 5612 1463 5662 vn,
1487 5595 1580 5651 ‘34.
1657 5597 1702 5630 ”
1742 5596 1880 5654 Gen.
1907 5612 1990 5662 ut,
2025 5599 2115 5655 15.

584 5698 863 5782 (ηρρλω
894 5701 1270 5782 defrudet-mer
1293 5705 1524 5782 δοῦγίιιΔ
1537 5708 1657 5762 ἀπὸ
1683 5709 1792 5780 τῆς
1826 5702 2091 5780 Γρηςρῆς,

2195 5708 2403 5782 synodo
2427 5706 2636 5782 factum
2668 5707 2897 5777 legimus
2940 5709 3083 5782 apud
3123 5705 3514 5781 Hieronymum
3544 5702 3769 5764 Prmfat.

510 5776 617 5821 etc.
657 5768 1129 5850 _l.ibrmn_.lndith
1155 5768 1336 5850 "vides
1384 5779 1452 5831 ab
1491 5768 2096 5850 Origene"scripturam
2193 5768 2248 5836 in
2275 5779 2482 5835 Judith.
2520 5768 2784 5834 Ηυετιιῖε.

511 5837 811 5907 appellari;
868 5841 917 5894 id
947 5843 1091 5910 quod
1130 5862 1157 5898 ιι
1196 5847 1412 5901 Νιιλνιιιι
1467 5837 1686 5918 quoque
1741 5837 2093 5922 postmodum
