4122 6416
1324 365 1358 386 ,κ

380 397 486 451 ἓὶΙἹ

1538 393 1607 451 ΙΝ
1643 392 1996 453 JEREMIAM
2037 392 2323 452 HOHILIA
2361 395 2503 451 XlX.

3561 406 3665 463 5l8

383 517 662 591 Συνθὴκας
688 518 818 572 ποτὲ
852 520 882 575 ὁ
908 517 1034 590 ὄφις
1065 516 1201 590 πρδς
1228 514 1326 590 τὴν
1352 514 1499 573 Εὔαν
1527 517 1845 588 ἐποιήσατο,
1871 514 1969 572 καὶ

2076 516 2216 572 inter
2247 518 2395 573 hunc
2416 527 2471 574 et
2499 517 2646 573 illam
2676 525 2881 588 ponat,
2912 527 2971 573 ut
3001 519 3301 577 amicitiam
3332 522 3481 579 inter
3509 525 3665 582 illam

378 606 452 681 ἢν
485 609 634 682 αὑτῷ
662 610 826 681 φίλη,
865 612 964 666 καὶ⁹
1003 614 1032 666 ὀ
1072 610 1195 680 ὄφις
1219 612 1287 682 τῇ
1322 609 1560 680 γυναικί.
1618 609 1757 663 Ἀλλ’
1785 610 1815 663 6
1842 610 1975 676 Θεὸς

377 702 915 777 ἐπραγματεύσατο,
944 702 1022 767 ὡς
1059 700 1266 771 ἀγαθὸς
1284 740 1300 767 ,
1333 702 1432 766 τὰς
1460 700 1734 772 συνθήκας
1772 703 1974 765 ταύτας

302 851 323 868 η
381 794 641 868 λυθῆναι,
670 796 766 850 καὶ
792 794 891 867 τὴν
915 795 1101 865 φιλίαν
1122 792 1330 866 ταύτην
1353 794 1455 867 τὴν
1490 792 1667 865 κακὴν
1690 792 1976 848 διασκεδά-

304 851 329 951 i
385 851 521 951 σοιιᾷ
565 851 661 942 κοίι
715 887 791 952 ὠς
848 851 1056 961 ἆγᾷθδς
1103 886 1239 951 Θεὸς
1283 851 1473 955 λέγεί·
1521 851 1770 956 uapor
1807 883 1975 952 θήσω

320 963 329 1035 ί
380 978 691 1050 ἀναμέσωνρ
714 994 830 1035 σου
849 1020 866 1045 ,
908 978 1007 1034 καὶ
1039 979 1349 1048 ἀναμέσον
1379 976 1490 1048 τῆς
1521 977 1810 1048 γυναικὸς
1832 1019 1847 1044 ,
1877 976 1976 1031 καὶ

378 1070 694 1143 ἁναμέσον
715 1069 821 1125 τοῦ
849 1068 1196 1139 σπέρματός
1222 1082 1339 1123 σου
1359 1107 1374 1134 ,
1401 1068 1499 1122 καί
1531 1066 1841 1138 ἀναμέσον
1866 1067 1975 1124 τοῦ

380 1162 727 1233 σπέρματος
756 1160 967 1230 αὐτῆς.
1010 1161 1385 1232 Εὑγνωμόνως
1414 1154 1510 1214 οὗν
1539 1159 1834 1232 ἀκούοιμεν
1874 1159 1972 1231 (1),

382 1255 505 1322 πῶς
531 1258 560 1310 6
582 1255 714 1319 Θεὸς
757 1253 957 1327 ἐχθρὰν
985 1255 1130 1307 ποιεί
1157 1252 1256 1324 τὴν
1299 1252 1438 1324 πρὸς
1463 1251 1612 1308 τόνδε
1630 1292 1646 1318 ,
1679 1252 1767 1307 ἵνα
1793 1252 1975 1321 φιλίαν

383 1349 589 1421 ποιήσῃ
616 1346 718 1419 τὴν
743 1346 880 1418 πρὸς
910 1345 1002 1400 τὸν
1029 1345 1263 1417 Χριστόν
1282 1361 1296 1375 ·
1330 1344 1592 1400 ἀδύνατον
1616 1344 1726 1416 γὰρ
1751 1344 1868 1415 ἅμα
1893 1339 1974 1397 εἷ-

381 1457 473 1494 ναι
509 1439 663 1509 φίλον
693 1437 805 1493 τῶν
835 1437 1114 1494 ἐναντίων.
1152 1437 1264 1492 Καὶ
1296 1436 1489 1509 ὥσπερ
1528 1435 1705 1499 οὐδεὶς
1749 1434 1972 1489 δύναται

380 1530 505 1585 δυσὶ
545 1529 755 1603 κυρίοις
790 1528 1089 1593 δουλεύειν,
1134 1528 1312 1593 οὕτως
1352 1527 1530 1590 οὐδεὶς
1575 1526 1801 1582 δύναται
1836 1522 1978 1581 εἶναι

384 1622 535 1692 φίλος
567 1621 661 1675 καὶ
685 1619 805 1692 Θεῷ
837 1620 933 1676 καὶ
958 1621 1280 1691 Μαμμωνᾷ,
1316 1617 1468 1687 φίλος
1500 1618 1595 1673 καὶ
1627 1618 1852 1692 Χριστῷ
1879 1619 1977 1673 καὶ

381 1716 533 1787 ὄφειο
566 1714 702 1773 ἀλλά
731 1714 945 1786 ἀνάγκη
974 1713 1070 1768 καὶ
1101 1712 1200 1785 τὴν
1230 1710 1416 1781 φιλίαν
1442 1711 1543 1783 τὴν
1572 1711 1710 1782 πρὸς
1741 1713 1977 1784 Χριστὸν

383 1806 586 1880 ὲχθράν
616 1806 841 1877 ποιῆσαι
868 1805 1007 1875 πρὸς
1044 1802 1137 1858 τὸν
1186 1803 1311 1872 ὀφιν
1333 1841 1349 1867 ,
1380 1801 1476 1855 καὶ
1522 1800 1621 1873 τὴν
1653 1802 1835 1871 φιλίαν
1876 1802 1977 1876 τὴν

384 1897 521 1969 πρὸς
547 1897 639 1950 τὸν
663 1896 787 1966 ὅφιν
813 1893 1014 1966 εχθραν
1031 1892 1293 1963 γεννῆσαι
1326 1892 1425 1964 τὴν
1448 1890 1588 1963 πρὸς
1606 1890 1699 1945 τὸν
1715 1893 1970 1963 Χριστόν.

395 1988 666 2044 Ἆθεσίαν
695 1986 797 2043 καὶ
831 1987 1237 2055 ταλαιπωρίαν
1261 1984 1713 2055 ἐπικαλέσομαι.
1760 1986 1878 2039 Ἵνα
1917 1985 1976 2039 δὲ

388 2080 590 2152 μᾶλλον
634 2081 836 2154 νοήσῃς
895 2079 958 2135 τό
978 2095 994 2111 ·
1040 2078 1453 2149 Ταλαιπιιψίαν
1501 2076 1937 2147 ἐπικαλέσομαι
1955 2118 1972 2143 ,

383 2171 671 2245 διαγράφω
695 2173 724 2227 ὃ
748 2189 802 2227 τι
827 2171 1112 2244 γινόμενον
1137 2173 1252 2236 τοῖς
1274 2172 1543 2243 ἀσκηταίς
1570 2169 1650 2242 (Ξ)
1666 2186 1681 2200 ·
1715 2168 1975 2233 πολλάκις

386 2263 494 2336 γὰρ
519 2262 929 2336 παρακειμένου
957 2262 1051 2318 τοῦ
1084 2263 1300 2335 γῆμαι,
1324 2262 1421 2319 καὶ
1453 2261 1529 2335 μὴ
1557 2261 1701 2334 ἔχειν
1741 2261 1974 2334 πρᾶγμα

383 2357 823 2431 ἐπανισταμένης
851 2359 950 2431 τῆς
981 2358 1184 2431 σαρκὸς
1207 2356 1284 2430 τῷ
1309 2356 1604 2431 πνεύματι,
1625 2356 1862 2431 αίρεϊταί
1886 2373 1972 2421 τις

380 2451 441 2505 οὐ
506 2452 956 2525 καταχρήσασθαι
1017 2453 1087 2524 τῇ
1136 2451 1233 2507 τοῦ
1290 2455 1490 2524 γαμεῖν
1542 2450 1789 2522 ἐξουσίᾳ,
1836 2448 1972 2504 ἀλλὰ

379 2544 747 2619 ταλαιπωρεῖν
798 2546 896 2599 καὶ
943 2546 1212 2619 κάμνειν,
1274 2543 1617 2610 ὑπωπιάζειν
1685 2544 1748 2598 τὸ
1811 2541 1973 2613 σῶμα

378 2618 692 2706 νηστείαις,
737 2635 832 2689 καὶ
886 2618 1254 2705 δουλαγωγεῇ
1298 2635 1433 2689 αὐτὸ
1479 2636 1713 2705 ἀποχαῖς
1751 2632 1972 2687 τοιῶνδε

383 2724 688 2799 βρωμάτων
707 2766 723 2791 ,
747 2726 843 2781 καὶ
881 2728 1044 2782 παντὶ
1081 2727 1270 2801 τρόπῳ
1292 2726 1372 2799 τῷ
1397 2726 1669 2798 πνεύματι
1698 2725 1801 2791 τὰς
1834 2724 1977 2798 πρά·-

2074 617 2132 664 et
2161 608 2444 665 Clu-istum
2484 608 2758 666 conciliet.
2794 607 2938 665 Fieri
2975 612 3122 667 enim
3173 612 3338 683 2³12
3382 615 3571 685 nequit
3604 626 3667 669 ut

2075 700 2202 771 quis
2222 702 2629 757 contrariorum
2668 703 2833 759 simul
2882 703 3093 759 amicus
3121 703 3213 759 sit.
3250 703 3316 760 Et
3342 706 3489 761 sicut
3512 722 3666 764 astus

2073 801 2245 863 potest
2272 793 2477 849 duobus
2511 795 2741 849 dominis
2770 796 2985 859 «mire,
3018 796 3091 850 ita
3122 810 3286 852 nemo
3319 806 3498 866 potest
3523 798 3666 854 ami-

2075 902 2175 946 cus
2226 902 2348 944 esse
2388 887 2502 943 Deo
2552 896 2609 943 et
2676 887 3038 954 Mamnoum,
3092 888 3306 945 amicus
3339 890 3564 947 Christo
3606 902 3667 949 et

2076 980 2347 1050 serpenti;
2377 979 2470 1036 sed
2502 993 2725 1035 necesse
2747 988 2831 1034 est
2860 991 2920 1035 ut
2950 980 3193 1037 amicitia
3226 981 3433 1037 Christi
3472 983 3661 1038 inimi-

2075 1072 2235 1128 citias
2265 1080 2486 1140 generet
2517 1087 2642 1127 cum
2674 1081 2961 1142 serpente,
2993 1081 3046 1129 et
3102 1074 3347 1128 amicitia
3393 1077 3667 1145 serpentis

2076 1162 2393 1221 inimicitias
2418 1164 2596 1234 pariat
2620 1179 2746 1219 cum
2779 1163 3022 1220 Christo.
3076 1164 3583 1222 Prcoaricationcnt
3614 1176 3666 1223 st

2077 1256 2347 1311 miseriam
2398 1254 2668 1311 invocabo.
2708 1254 2778 1310 Ut
2805 1272 2936 1311 vero
2980 1257 3178 1312 melius
3225 1258 3505 1330 intelligas
3529 1260 3659 1328 quid

2077 1344 2181 1410 ait,
2225 1345 2495 1400 miseriam
2543 1345 2795 1400 invocabo
2831 1385 2845 1411 ,
2875 1346 3187 1401 describam
3214 1349 3356 1417 quod
3386 1349 3501 1405 fieri
3528 1352 3666 1408 solet

2076 1439 2146 1493 ab
2190 1438 2409 1494 ascetis.
2455 1437 2552 1495 Est
2599 1440 2748 1494 enim
2786 1455 2927 1510 sa‘pe
2954 1440 3048 1510 qui
3078 1456 3202 1496 cum
3232 1443 3305 1498 sit
3335 1442 3385 1498 ei
3431 1442 3663 1498 lxberunt

2077 1530 2306 1595 nubere,
2333 1531 2526 1600 sicque
2552 1531 2728 1586 vitare
2754 1532 3061 1587 molestiam
3093 1533 3428 1603 insurgentis
3466 1533 3663 1590 adver-

2077 1638 2174 1679 sus
2214 1623 2465 1692 spiritum
2508 1623 2729 1689 carnis,
2756 1623 2910 1695 eligit
2956 1640 3066 1680 non
3097 1626 3249 1680 abuti
3295 1626 3535 1681 nubendi
3574 1641 3667 1696 po.

2080 1721 2297 1781 «astate,
2342 1713 2437 1768 sed
2473 1711 2638 1784 at‘lligi
2668 1721 2724 1767 et
2767 1714 3002 1769 tolerare
3024 1753 3043 1778 ,
3082 1714 3308 1785 jejuniis
3333 1731 3532 1786 corpus
3557 1715 3663 1771 do-

2079 1822 2252 1872 mare,
2279 1806 2458 1878 ipsum
2486 1807 2543 1861 in
2567 1805 2885 1861 servitutem
2915 1807 3162 1877 redigere
3192 1808 3389 1862 talium
3410 1808 3661 1865 ciborum

2080 1896 2443 1961 abstinemia,
2471 1903 2527 1951 et
2548 1895 2868 1951 omnimodo
2894 1897 3093 1966 spiritu
3124 1895 3266 1952 facta
3297 1897 3482 1953 carnis
3515 1913 3665 1953 morb

2080 1990 2307 2045 titicare.
2338 1986 2530 2044 Nonne
2560 1987 2652 2043 hic
2673 1988 2957 2044 miseriam
2989 1988 3288 2057 invocavit,
3312 2003 3438 2044 cum
3473 1998 3661 2059 posset

2078 2082 2293 2140 deliciis
2332 2081 2818 2152 voluptatibusque
2865 2096 2925 2138 se
2968 2082 3102 2137 dare
3143 2090 3200 2138 et
3238 2083 3516 2139 miseriam
3550 2090 3673 2141 που·

2078 2173 2372 2230 invocare!
2413 2172 2470 2227 Si
2501 2173 2627 2243 quis
2657 2187 2790 2244 ergo
2822 2173 3147 2244 prophetam
3198 2173 3407 2229 imitari
3446 2182 3661 2245 potest,

2077 2265 2581 2338 praevaricationem
2602 2304 2617 2330 ,
2663 2273 2725 2319 ut
2753 2266 3113 2336 exposuimus
3137 2305 3154 2333 ,
3189 2275 3245 2321 et
3274 2266 3552 2324 miseriam
3603 2268 3660 2323 in

2076 2357 2185 2428 piis
2226 2355 2712 2412 exercitationibus
2744 2356 2983 2411 invocet.
3023 2354 3082 2412 Id
3115 2365 3299 2413 autem
3332 2372 3459 2415 vere
3493 2357 3661 2414 etiam

2075 2448 2130 2504 iu
2154 2447 2391 2505 Ieremia
2415 2446 2664 2517 contigit,
2695 2460 2821 2501 cum
2847 2446 3053 2503 caelebs
3089 2456 3241 2504 caste
3261 2447 3493 2515 vixerit;
3521 2449 3662 2505 dixit

2073 2540 2219 2595 enim
2251 2540 2328 2593 illi
2360 2539 2502 2596 Deus
2522 2541 2540 2573 ⁸
2566 2556 2583 2592 :
2617 2538 2741 2594 Non
2784 2542 3026 2611 accipias
3055 2542 3358 2609 mulierem,
3386 2560 3551 2615 usque
3574 2544 3661 2613 fo-

2078 2632 2189 2687 cias
2218 2631 2410 2686 liberos
2431 2672 2448 2699 ,
2488 2640 2545 2687 et
2577 2632 2633 2686 in
2662 2631 2917 2689 castitate
2954 2634 3113 2690 vixit.
3144 2633 3660 2693 Praevaricatiouem

2078 2737 2317 2795 namque
2344 2732 2401 2779 et
2428 2723 2707 2780 miseriam
2739 2725 3033 2781 invocavit.
3546 2762 3549 2765 ι
3610 2750 3623 2755 -

380 2817 493 2885 ξεις
519 2817 615 2873 τοῦ
641 2816 896 2889 σώματος
930 2817 1214 2873 θανατοῦν.
1254 2813 1382 2888 Ἆρ’
1417 2819 1446 2871 ὀ
1480 2815 1722 2881 τοιοῦτος
1764 2817 1827 2870 οὐ
1868 2815 1970 2890 τὴν
2037 2813 2412 2886 ταλαιπωρίαν
2459 2813 2830 2868 ἐπεκαλέσατο
2848 2854 2863 2881 ,
2931 2815 3105 2889 παρὸν
3144 2815 3420 2871 ἐπιδοῦναι
3465 2814 3631 2873 ἑαυτὸ

378 2914 561 2983 τρυφῇ
597 2911 692 2966 καὶ
728 2911 926 2984 ἡδονῇ,
970 2912 1065 2966 καὶ⁸
1114 2911 1189 2985 μὴ
1232 2913 1617 2968 ἐπικαλεῖσθαι
1647 2911 1749 2986 τὴν
1793 2909 2208 2984 ταλαιπωρίανς
2239 2910 2307 2965 Εί
2324 2928 2410 2975 τις
2455 2907 2551 2965 οὖν
2610 2910 2829 2966 δύναται
2869 2911 3154 2983 μιμεῖσθαι
3208 2911 3302 2967 τὸν
3353 2914 3664 2986 προφήτην,

379 3002 478 3056 καὶ
504 3001 751 3069 ἀθεσίαν,
788 3003 865 3067 ὡς
894 3003 1302 3076 διηγησάμεθα,
1337 3004 1723 3068 ἑπικαλείσθω,
1772 3005 1867 3059 καὶ
1905 3003 2283 3075 ταλαιπωρίαν
2342 3003 2401 3057 δὲ
2452 3005 2510 3057 ἐν
2564 3005 2682 3068 ταῖς
2725 3004 2993 3077 ἀσκήσεσι
3048 3004 3433 3060 ὲπικαλείσθω.
3463 3006 3663 3081 Ἐτυγε

379 3098 440 3154 δὲ
464 3098 564 3171 τὴν
599 3099 840 3173 ἱστορίαν
863 3094 1003 3154 εἶναι
1038 3100 1215 3174 ἀληθῆ
1243 3101 1339 3156 καὶ
1366 3102 1496 3175 περὶ
1533 3102 1796 3175 Ἱερεμίου
1821 3142 1836 3167 ,
1881 3101 1964 3156 ὅτι
2000 3100 2096 3155 καὶ
2130 3101 2191 3154 ὲν
2227 3099 2424 3171 ἀγνείᾳ
2461 3098 2688 3171 ἔζησενο
2723 3096 2845 3153 εἶπε
2905 3098 3018 3173 γὰρ
3068 3099 3216 3171 αὐτῷ
3246 3102 3278 3154 6
3307 3099 3545 3175 Κύριοςο
3579 3104 3665 3158 οὐ

372 3190 463 3263 μὴ
508 3193 702 3265 λάϐῃς
741 3194 1034 3266 γυναῖκα,
1063 3196 1189 3251 οὐδ’
1220 3198 1293 3252 οὐ
1321 3196 1409 3268 μὴ
1452 3197 1714 3267 ποιήσῃς
1745 3196 1964 3253 τέκνα·
2005 3195 2099 3253 καὶ
2124 3196 2182 3251 ὲν
2221 3195 2415 3270 ἀγνείᾳ
2461 3195 2674 3269 ἔζησεν.
2715 3195 2965 3251 Ἀθεσίαν
3000 3194 3109 3270 γάρ
3154 3197 3248 3252 καὶ⁵
3291 3197 3664 3272 ταλαιπωρίαν

378 3290 771 3345 ἐπεκαλέσατο.

450 3381 576 3435 ὀτι
631 3379 889 3452 ἐγενήθη
941 3382 1125 3454 λόγος
1194 3383 1420 3454 Κυρίου
1469 3383 1599 3454 ἐμοὶ
1667 3385 1756 3452 είς
1818 3384 1972 3439 ὀνει-

2147 3375 2202 3433 8.
2246 3374 2389 3443 Quia
2437 3376 2615 3446 fastus
2643 3384 2725 3431 est
2752 3390 2928 3431 aerato
2957 3373 3175 3429 Domini
3214 3374 3272 3428 in
3322 3375 3662 3445 opprobrium

377 3475 417 3530 δ
438 3475 615 3545 σμόν.
650 3475 938 3548 Μακάριος
973 3475 1245 3548 Ἱερεμίας
1266 3517 1282 3542 ,
1329 3476 1405 3549 μὴ
1459 3476 1598 3549 ἔχων
1644 3475 1803 3532 ἄλλον
1829 3479 1970 3533 ὀνει-

378 3566 574 3638 δισμὸν
606 3565 639 3638 ἤ
669 3566 762 3621 τὸν
788 3566 945 3636 λόγον
977 3565 1072 3620 τοῦ
1101 3566 1340 3638 Κυρίου·
1371 3569 1535 3639 ἡμεῖς
1561 3567 1619 3622 δὲ
1651 3569 1701 3622 οί
1742 3568 1972 3632 τάλανες

381 3658 578 3731 ἔχομεν
602 3659 940 3732 ὀνειδισμοὺς
962 3660 1025 3714 οὐ
1050 3660 1139 3716 διά
1168 3661 1260 3714 τὸν
1285 3660 1444 3731 λόγον
1464 3659 1559 3714 τοῦ
1588 3662 1816 3733 Κυρίου,
1834 3659 1971 3715 ἀλλά

381 3752 470 3808 διὰ
506 3750 578 3805 τὰ
608 3751 858 3825 ἡμέτερα
890 3753 1298 3826 ἀμαρτὴματαί
1326 3753 1422 3808 καὶ
1465 3752 1836 3824 ὀνειδιζόμεθα
1884 3752 1970 3823 ἐφ’

379 3837 461 3908 οἷς
488 3843 752 3914 πταίομεν
770 3884 785 3910 ,
818 3845 913 3897 καὶ
937 3846 1281 3917 ἐπταίσαμεν
1302 3887 1317 3911 ,
1347 3845 1441 3899 καὶ
1465 3843 1852 3918 λοιδορούμεθα
1878 3846 1971 3899 ἐπὶ

380 3938 499 4001 ταῖς
538 3935 761 3999 κακίαις
789 3935 974 4009 ἡμῶν.
1027 3936 1086 3991 '0
1130 3936 1187 3990 δὲ
1229 3935 1421 4008 Σωτὴρ
1464 3936 1538 4009 (3)
1589 3937 1651 3989 οὐ
1696 3935 1971 4000 τοιούτους

379 4029 531 4099 ἡμᾶς
562 4027 899 4099 ὀνειδισμοὺς
934 4027 1078 4082 θέλει
1120 4027 1475 4093 ὀνειδίζεσθαι
1511 4028 1719 4098 λέγων’
1763 4026 1969 4083 Μακά-

373 4119 498 4189 ριοι
525 4120 669 4174 ἐστε
710 4119 856 4173 ὅταν
888 4118 1273 4174 ὀνειδίσωσιν
1304 4117 1457 4190 ὑμᾶς
1476 4160 1491 4184 ,
1535 4120 1634 4174 καί
1681 4118 1967 4185 διώξωσι,

381 4212 483 4268 καὶ
517 4211 730 4267 εἴπωσι
760 4208 886 4267 πᾶν
915 4211 1186 4280 πονηρὸν
1210 4210 1379 4281 ῥῆμα
1409 4211 1539 4266 καθ’
1564 4210 1733 4282 ὑμῶν
1759 4211 1972 4266 ἕνεκέν

376 4320 517 4374 μου.
550 4302 794 4371 Χαίρετε
824 4302 895 4357 ἐν
923 4302 1129 4372 ἐκείνῃ
1173 4300 1250 4373 τῇ
1299 4302 1526 4372 ἡμέρᾳ,
1577 4301 1679 4359 καὶ
1727 4299 1970 4371 σκιρτή-

381 4406 550 4447 σατε.
607 4392 661 4446 '0
693 4394 875 4463 λόγος
904 4388 1019 4458 οὖν,
1068 4392 1205 4467 φησὶ
1230 4434 1245 4460 ,
1280 4394 1391 4449 τοῦ
1436 4393 1663 4463 Κυρίου
1711 4393 1969 4466 ἐγενήθη

380 4484 511 4556 spat
556 4487 644 4552 εις
688 4484 1035 4556 ὀνειδισμὸν
1086 4486 1185 4541 καὶ
1231 4488 1319 4553 εις
1367 4487 1722 4557 χλευασμὸν
1764 4484 1972 4543 πᾶσαν

382 4577 632 4648 ἡμέραν.
692 4571 828 4632 Εἶτα
875 4578 1213 4650 κατανόησον
1261 4577 1338 4643 ὥς
1398 4580 1537 4633 εἰσιν
1581 4580 1631 4632 οί
1696 4578 1970 4651 προφῆται

383 4671 726 4744 εὐγνώμονες
771 4670 1048 4744 ἄνθρωποι
1071 4711 1085 4736 ,
1129 4672 1224 4725 καὶ
1265 4671 1365 4726 οὐκ
1396 4669 1972 4743 ἀποκρυπτόμενοιτά

2076 3474 2209 3531 mihi
2233 3475 2278 3529 ².
2329 3471 2531 3543 Beatus
2562 3468 2829 3526 Jeremias
2861 3468 2951 3525 cui
2987 3482 3096 3523 non
3127 3466 3275 3521 aliud
3327 3476 3411 3523 est
3464 3484 3667 3539 oppro-

2077 3566 2198 3623 brio
2226 3580 2391 3637 quam
2427 3578 2614 3620 sermo
2638 3560 2902 3627 Domini;
2949 3574 3054 3615 nos
3098 3565 3282 3613 autem
3314 3559 3502 3614 miseri
3542 3560 3659 3629 qui-

2077 3656 2179 3711 bus
2214 3653 2506 3727 opprobrio
2529 3660 2615 3709 est
2642 3668 2753 3708 non
2784 3651 3012 3706 verbum
3045 3647 3287 3713 Domini,
3315 3650 3410 3704 sed
3434 3660 3660 3720 peccata

2076 3747 2298 3803 nostra!
2356 3744 2527 3801 Nobis
2574 3743 2871 3815 opprobrio
2918 3748 3049 3797 sunt
3090 3740 3274 3809 lapsus
3316 3742 3489 3796 nostri
3541 3750 3657 3799 tum

2076 3846 2373 3909 prtesentcs
2423 3844 2539 3891 tum
2575 3832 2857 3906 prasteriti.
2905 3832 3016 3887 Pro
3046 3831 3194 3886 vitiis
3250 3833 3455 3890 nostris
3490 3835 3661 3891 male-

2077 3931 2220 3985 dicta
2252 3928 2611 3983 sustinemus.
2646 3923 2851 3981 Verum
2899 3920 3154 3981 Salvator
3193 3942 3305 3982 non
3350 3926 3502 3982 hisce
3553 3940 3657 3984 nos

2076 4019 2385 4092 opprobriis
2417 4018 2603 4074 vexari
2633 4019 2771 4084 vult,
2798 4030 2921 4073 cum
2950 4017 3120 4073 dicit'
3146 4036 3160 4073 :
3194 4017 3348 4074 Beati
3380 4019 3508 4073 estis
3536 4035 3658 4074 cum

2076 4112 2447 4167 maledixerint
2480 4109 2647 4176 vobis,
2686 4117 2736 4164 et
2768 4109 3030 4180 persecuti
3060 4125 3148 4164 vos
3188 4109 3409 4180 fuerint,
3436 4118 3486 4163 et
3509 4110 3662 4164 dixe-

2077 4206 2186 4259 rint
2215 4220 2365 4259 omne
2393 4203 2594 4259 malunt
2619 4203 2899 4258 adversum
2928 4217 3015 4256 vos
3049 4210 3265 4271 propter
3288 4216 3392 4257 me.
3424 4199 3660 4256 Gaudete

2076 4295 2133 4351 in
2164 4295 2263 4351 illa
2303 4293 2389 4349 die
2416 4304 2467 4350 et
2504 4292 2785 4349 exsultate.
2818 4289 3001 4348 Sermo
3033 4292 3217 4362 itaque
3271 4289 3523 4359 Domini,
3572 4290 3659 4346 in-

2076 4388 2229 4460 quit,
2278 4388 2452 4457 fectus
2482 4394 2560 4441 est
2589 4386 2645 4439 in
2679 4384 3019 4456 opprobrium
3052 4384 3203 4451 mihi,
3238 4391 3289 4438 et
3331 4383 3388 4437 in
3422 4384 3659 4439 derisum

2080 4489 2191 4534 tota
2211 4480 2316 4534 die.
2349 4478 2648 4535 Considera
2672 4476 2870 4532 deinde
2898 4491 3063 4547 quam
3093 4475 3205 4531 sint
3232 4474 3509 4547 prophetae
3533 4491 3660 4531 can-

2076 4573 2188 4628 didi
2248 4572 2529 4638 homines,
2574 4585 2721 4633 non,
2769 4568 2929 4624 sicuti
2983 4583 3084 4624 nos
3133 4566 3397 4637 facimus,
3435 4576 3661 4639 peccata

2078 4665 2296 4737 propria
2326 4665 2665 4720 occultantes
2692 4704 2707 4728 ,
2740 4671 2794 4717 at
2824 4661 3004 4732 palam
3058 4676 3168 4717 non
3200 4670 3411 4716 tantum
3443 4661 3530 4715 sui
3558 4659 3661 4715 aevi

385 4762 492 4818 ιδια
526 4763 903 4834 ἁμαρτήματα
948 4761 1024 4827 ὡς
1065 4764 1260 4833 ἡμεῖς,
1309 4761 1405 4815 καὶ
1442 4759 1690 4831 λέγοντες
1735 4761 1838 4814 οὐκ
1882 4761 1973 4814 ἐπὶ

2082 4758 2430 4824 hominibus,
2482 4756 2579 4813 sed
2611 4756 2825 4811 cunctis
2854 4754 3301 4826 generationibus
3329 4752 3573 4808 dicentes
3612 4751 3659 4806 si

382 4861 493 4916 τῶν
538 4860 661 4914 τότε
710 4858 901 4931 μόνον,
951 4856 1064 4911 ἀλλ’
1110 4856 1206 4911 ἐπὶ
1251 4856 1443 4911 πασῶν
1491 4856 1601 4910 τῶν
1645 4855 1879 4925 γενεῶν,
1923 4857 1972 4908 εί

386 4953 762 5026 ἡμαρτήκασι.
807 4949 980 5020 Κάγὼ
1016 4949 1116 5021 μὲν
1164 4947 1309 5002 ὀκνῶ
1350 4945 1850 5019 ἐξομολογήσασθαι
1900 4942 1974 4998 τὰ

386 5044 760 5119 ἁμαρτήματά
794 5060 895 5116 μου
931 5040 1158 5097 ἐπὶτῶν
1184 5040 1380 5110 ὀλίγων
1404 5039 1660 5102 ἐνταῦθα,
1691 5039 1816 5092 ἐπεὶ
1853 5035 1973 5109 μέλ-

385 5137 535 5193 λουσί
561 5155 663 5210 μου
690 5133 1122 5206 καταγινώσκειν
1141 5133 1189 5187 οἱ
1216 5131 1506 5197 ἀκούοντες
1529 5149 1545 5162 ⁸
1567 5134 1595 5186 6
1621 5131 1677 5186 δὲ
1701 5129 1972 5204 Ἱερεμίας

383 5249 441 5286 τι
472 5230 659 5285 παθὼν
681 5228 1054 5303 ἁμαρτητικὸν
1080 5226 1182 5281 οὐκ
1222 5224 1420 5298 ᾐδέσθη
1439 5264 1453 5287 ,
1496 5223 1634 5278 ἁλλά
1666 5220 1973 5293 ἀνέγραψεν

386 5322 555 5387 αὑτοῦ
594 5322 696 5396 τὴν
726 5320 1032 5395 ἁμαρτίαν·
1071 5316 1314 5391 ἁμαρτία
1356 5314 1466 5387 γὰρ
1499 5310 1565 5386 ἦν
1610 5314 1673 5367 τὸ
1717 5310 1976 5383 ἐπιφερό-

391 5435 552 5489 μενον
577 5418 635 5472 ὲν
661 5415 772 5487 τῷ,
812 5415 924 5471 Καὶ
954 5409 1096 5468 εἶπα
1114 5428 1127 5444 ο
1166 5412 1248 5465 Οὐ
1276 5408 1363 5477 μὴ
1395 5404 1672 5477 ὀνομάσω
1694 5407 1758 5459 τὸ
1787 5404 1977 5474 ὄνομα

387 5510 612 5579 Κυρίου
634 5550 651 5575 ,
692 5507 794 5563 καί
837 5510 909 5563 οὐ
949 5505 1037 5578 μὴ
1077 5501 1333 5570 λαλήσω
1361 5500 1450 5555 ἔτι
1491 5499 1590 5553 ἐπὶ
1623 5496 1702 5564 τῷ
1729 5498 1975 5565 ὀνόματι

386 5601 597 5658 αὑτοῦ.
631 5599 947 5672 Ἐδιδάχθης
979 5598 1159 5651 πάντα
1192 5596 1364 5650 ποιεῖν
1397 5593 1455 5646 ὲν
1486 5591 1711 5662 ὀνόματι
1743 5587 1974 5660 Κυρίου,

2079 4852 2211 4924 quid
2258 4857 2577 4921 pecearunt.
2625 4847 2739 4920 Ego
2773 4847 2993 4918 quidem
3039 4860 3153 4901 non
3206 4845 3382 4900 audeo
3409 4844 3657 4899 conﬁteri

2080 4944 2170 4998 hic
2206 4957 2355 4998 meas
2388 4941 2711 5012 iniquitates
2756 4954 2941 4995 coram
2996 4937 3221 5008 paucis,
3266 4935 3527 5006 quoniam
3560 4950 3660 4989 au-

2077 5034 2289 5089 dientes
2321 5048 2407 5088 me
2440 5030 2854 5089 condemnaturi
2901 5041 3068 5095 sunt;
3098 5038 3154 5083 at
3185 5024 3482 5092 Jeremias,
3530 5039 3655 5081 cum

2078 5125 2280 5197 aliquid
2317 5124 2675 5195 deliquisset,
2708 5138 2819 5177 non
2850 5121 3103 5188 erubuit,
3137 5120 3232 5175 sed
3259 5134 3421 5175 suum
3461 5133 3659 5189 perca-

2078 5226 2194 5273 tum
2238 5216 2456 5288 scriptis
2503 5214 2803 5271 mandavit.
2852 5211 3144 5269 Peccatum
3185 5220 3300 5267 erat
3334 5212 3481 5282 quod
3524 5211 3658 5266 sub--

2075 5310 2305 5367 ditur‘:
2345 5308 2417 5364 Et
2455 5310 2571 5364 dixi
2605 5323 2624 5362 :
2658 5305 2782 5362 Non
2837 5306 3121 5361 nominabo
3166 5321 3354 5359 nomen
3406 5302 3654 5367 Domini,

2076 5420 2169 5459 nec
2198 5402 2388 5474 loquar
2418 5400 2565 5455 ultra
2594 5400 2648 5454 in
2670 5400 2879 5453 nomine
2898 5398 3087 5467 ipsius.
3119 5395 3359 5450 Edoctus
3385 5409 3444 5449 es
3475 5392 3659 5447 omnia

2077 5492 2133 5547 in
2168 5492 2391 5545 nomine
2426 5488 2641 5545 Domini
2672 5487 2833 5558 273
2877 5485 3094 5552 facere,
3134 5484 3316 5540 omnia
3346 5483 3401 5536 in
3436 5482 3660 5537 nomine

2079 5583 2295 5640 Domini
2321 5598 2513 5655 agere;
2548 5591 2608 5637 tu
2638 5596 2767 5637 vero
2794 5579 2971 5636 dicis:
3007 5578 3132 5634 Non
3159 5576 3441 5633 nominabo
3471 5590 3660 5631 nomen

463 5719 482 5748 ¹
523 5714 634 5774 Jcr.
661 5730 774 5781 xw,
810 5714 866 5768 2.
944 5714 965 5745 ²
1003 5711 1114 5767 .ler.
1151 5726 1245 5777 xx,
1269 5708 1324 5764 8.
1400 5706 1423 5740 ³
1462 5705 1653 5762 Matth.
1688 5721 1742 5773 v,
1773 5705 1861 5770 il,
1896 5703 1983 5759 12.
2058 5701 2082 5734 ⁸
2116 5700 2229 5758 Jer.
2261 5715 2327 5755 xx
2351 5697 2443 5764 ,9.

466 5811 542 5883 ti)
585 5810 944 5935 Ἀκούοὲἑεν.
977 5807 1157 5863 Codex
1190 5806 1445 5868 Scorial.,
1474 5801 1697 5865 ἀκούεις
1729 5800 1852 5873 μέν.

466 5886 542 5935 l2)
579 5882 759 5935 Codex
866 5879 1022 5934 urial.
1047 5919 1062 5935 .
1089 5877 1379 5935 διαγράφω
1404 5877 1433 5930 ὅ
1466 5892 1518 5928 τι
1543 5873 1829 5935 γινόμενον

488 5872 542 5952 2)
579 5882 759 5939 leex
792 5872 1022 5935 Scurial.
1047 5919 1062 5943 ,
1089 5877 1379 5950 διαγράφω
1404 5877 1433 5930 ὅ
1466 5892 1518 5928 τι
1543 5872 1829 5943 γινόμενον
1861 5872 1974 5938 τοῖς

2080 5797 2371 5867 ἀσκηταῖς.

2156 5856 2231 5938 (5)
2256 5856 2492 5932 Σωτήρ.
2524 5861 2706 5919 ϐέιιιει
2731 5858 3007 5929 Vatican.,
3038 5856 3264 5930 Κύριος.
