4122 6420
475 400 585 458 δῖθ

1943 394 2266 453 οιιιοεκιε

3631 407 3738 463 5'20

479 513 720 573 Domini.
749 512 855 568 Sed
878 513 1152 583 quodnam
1182 526 1379 567 nomen
1409 512 1792 568 nominaturus
1814 528 1875 570 es
1897 510 1921 567 ?
1947 512 2043 569 No-

2160 516 2219 568 ὲν
2249 512 2475 586 ὀνόματι
2520 514 2655 577 θεοῦ
2690 516 2978 588 πράττειν·
3014 516 3077 571 σὺ
3124 517 3180 570 δὲ
3223 516 3399 592 λέγεις
3422 534 3438 548 ·
3465 513 3562 587 Μὴ
3597 519 3739 575 dro-

478 623 608 662 men
631 606 856 661 deorum
882 604 1186 659 alienorum
1226 596 1335 659 noti
1377 604 1802 661 recordabimini
1845 606 1898 660 itt
1928 622 2052 662 cor-

474 700 641 753 dibus
675 696 907 760 vestris,
948 704 1003 750 et
1031 696 1170 751 dicis
1200 714 1214 751 :
1250 694 1375 750 Non
1409 696 1689 750 nominabo
1721 714 1907 753 nomen
1945 698 2053 753 Do-

479 790 631 855 mini,
660 805 750 843 nec
779 787 967 858 loquar
998 788 1143 842 ultra
1168 789 1222 842 in
1261 790 1468 842 nomine
1499 789 1691 859 ipsius.
1725 788 1840 845 Hoc
1870 790 2053 861 itaque

474 880 611 935 dicit
641 881 863 935 humani
895 880 1100 950 aliquid
1130 895 1346 950 passus,
1384 881 1530 950 quod
1560 881 1717 937 nobis
1743 882 1904 937 etiam
1947 899 2049 938 usu

478 973 661 1029 venire
691 972 847 1026 solet.
872 968 1107 1025 Maxime
1139 985 1268 1026 vero
1296 971 1342 1026 si
1372 973 1498 1041 quis
1541 972 1646 1027 sibi
1684 972 1940 1027 conscius
1969 982 2054 1027 est

477 1079 539 1120 se
557 1064 630 1119 ob
651 1064 955 1119 doctrinam
977 1070 1030 1117 et
1058 1076 1364 1117 sermonem
1396 1063 1690 1133 aliquando
1716 1064 1858 1117 male
1881 1063 2051 1119 fuisse

477 1154 724 1210 habitum
746 1195 761 1219 ,
790 1164 1079 1221 vexatum,
1127 1162 1179 1207 et
1220 1154 1346 1208 odio
1379 1154 1659 1221 habitum,
1698 1171 1843 1225 sa'pe
1872 1156 2002 1211 dicit
2034 1174 2048 1210 :

468 1241 634 1308 Abeo,
662 1242 795 1311 quid
834 1242 971 1298 mihi
1014 1250 1067 1296 et
1103 1241 1331 1312 negotiis
1366 1243 1410 1297 si
1448 1253 1727 1313 propterea
1770 1245 1896 1300 odio
1929 1260 2049 1300 sum

470 1335 619 1405 quod
648 1334 876 1389 doceam
907 1341 962 1388 et
1003 1332 1274 1403 proferam
1307 1335 1625 1390 sermones?
1651 1334 1764 1389 Cur
1811 1350 1919 1390 non
1956 1352 2052 1406 po-

472 1426 588 1482 tius
633 1425 687 1479 in
724 1425 1073 1481 solitudinem
1121 1434 1175 1479 et
1204 1425 1441 1493 quietem
1478 1440 1564 1480 me
1616 1426 1882 1482 confero?
1921 1427 2053 1483 Tale

473 1518 756 1587 quidpiam
790 1526 845 1572 et
871 1518 1131 1587 propheta
1170 1531 1365 1587 passus
1408 1525 1493 1572 est
1526 1532 1650 1571 cum
1686 1517 1882 1573 diceret
1915 1534 1929 1571 :
1982 1518 2051 1571 Et

472 1611 593 1663 dixi
612 1629 630 1666 .'
658 1609 778 1664 Non
810 1610 1091 1664 nominabo
1112 1624 1298 1664 nomen
1322 1610 1555 1676 Domini,
1581 1625 1673 1663 nec
1698 1610 1888 1680 loquar
1908 1611 2050 1665 ultra

474 1704 535 1756 in
581 1702 787 1755 nomine
831 1702 1018 1770 ipsius.
1075 1700 1180 1756 Sed
1235 1701 1410 1756 bonus
1441 1700 1703 1756 Dominus
1734 1703 1829 1771 qui
1871 1702 2051 1758 ita-cce

2148 601 2325 673 μάσω
2346 606 2411 658 τὸ
2441 605 2629 675 ὄνομα
2658 609 2899 676 Κυρίου.
2948 607 3108 662 Ἀλλά
3142 611 3292 663 ποῖον
3320 608 3493 681 ὄνομα
3523 608 3739 681 μέλλεις

2154 697 2474 768 όνομάζεινς
2516 701 2723 771 Ὄνομα
2768 701 2908 755 θεῶν
2959 701 3160 773 ἐτέρων
3205 701 3307 755 οὐκ
3356 700 3737 774 ἀναμνήσεσθε

2155 789 2213 841 έν
2245 791 2363 852 ταῖς
2408 790 2658 863 καρδίαις
2704 793 2856 863 ὑμῶν
2879 809 2892 824 ·
2925 794 3019 847 καὶ
3054 793 3232 863 λέγεις
3253 810 3267 825 ·
3307 796 3429 848 Οὐκ
3457 795 3738 865 ὀνομάσω

2156 877 2344 948 ὄνομα
2384 881 2641 948 Κυρίου,
2694 883 2791 936 καὶ
2836 885 2910 937 οὐ
2955 882 3039 952 μὴ
3090 882 3345 950 λαλήσω
3383 884 3473 938 ἔτι
3516 886 3615 940 ἐπὶ
3656 886 3738 954 τῷ

2156 971 2397 1040 ὀνόματι
2424 972 2631 1027 αὐτοῦ.
2665 975 2828 1043 Λέγει
2855 972 2948 1029 οὖν
2976 975 3259 1041 πεπονθώς
3288 994 3340 1030 τι
3371 976 3739 1048 ἀνθρώπινον,

2156 1060 2185 1113 ὃ
2216 1062 2310 1114 καὶ
2339 1064 2501 1134 ἡμεῖς
2543 1064 2924 1136 κινδυνεύομεν
2951 1066 3211 1131 πολλάκις
3246 1067 3591 1122 πεπονθέναι.
3623 1070 3738 1124 Καὶ

2159 1153 2395 1222 μάλιστα
2434 1155 2487 1207 εί
2514 1171 2597 1217 τις
2625 1153 2861 1207 σύνοιδεν
2898 1154 3076 1226 ἑαυτῷ
3115 1156 3204 1209 διὰ
3244 1156 3343 1228 τὴν
3388 1156 3734 1213 διδασκαλίαν

2157 1239 2287 1294 ποτὶ
2316 1241 2407 1293 xui.
2439 1241 2530 1293 τὸν
2555 1240 2713 1310 λόγον
2759 1242 3237 1316 ταλαιπωρήσαντι
3262 1247 3356 1299 καὶ
3384 1245 3605 1301 παθόντι
3635 1251 3730 1303 καὶ

2158 1332 2476 1403 μισηθέντι’
2507 1332 2765 1398 πολλάκις
2811 1334 2993 1403 λέγει’
3041 1336 3365 1408 ’Δναχωρῶ,
3413 1337 3465 1392 τί
3514 1340 3729 1410 μοικαὶ

2155 1422 2477 1491 πράγμασιν
2498 1466 2511 1486 ,
2542 1426 2590 1477 εί
2632 1425 2697 1476 ὲκ
2730 1423 2921 1478 τούτου
2969 1426 3194 1497 μισητός
3235 1429 3387 1497 εἰμι,
3434 1429 3499 1481 ὲκ
3526 1429 3620 1482 τοῦ
3647 1430 3732 1482 δι-

2151 1513 2399 1577 δάσκειν,
2434 1514 2499 1567 ὲκ
2531 1514 2625 1567 τοῦ
2671 1516 2956 1588 προΐεσθαι
3000 1517 3092 1570 τὸν
3131 1517 3322 1587 λόγον;
3371 1518 3473 1571 Διὰ
3512 1519 3565 1573 τί
3609 1519 3734 1593 ούχὶ

2156 1602 2353 1674 μᾶλλον
2384 1603 2655 1675 ἀναχωρῶ
2685 1605 2779 1657 ἐπὶ
2809 1604 2906 1675 τὴν
2939 1606 3172 1677 ἐρημίαν
3198 1607 3291 1659 καὶ
3332 1606 3429 1678 τὴν
3463 1609 3730 1679 ἠσυχίανς

2153 1693 2403 1747 Τοιοῦτόν
2443 1712 2497 1748 τι
2540 1695 2775 1750 πέπονθε
2821 1697 2915 1750 καὶ
2962 1699 3004 1750 δ’
3038 1699 3325 1769 προφήτης
3371 1699 3575 1768 λέγων·
3618 1701 3732 1757 Καὶ

474 1802 752 1853 tantorum
784 1793 1066 1849 hominum
1097 1803 1317 1863 peccata
1356 1793 1628 1862 prohibet,
1663 1806 1771 1847 non
1807 1794 2043 1863 permisit

2150 1782 2316 1840 εἶπα·
2348 1786 2431 1839 Οὐ
2453 1784 2541 1855 μὴ
2586 1786 2862 1857 ὀνομάσω
2898 1788 2962 1843 τὸ
3003 1789 3189 1858 ὄνομα
3225 1791 3447 1859 Κυρίου
3469 1831 3485 1856 ,
3519 1792 3620 1846 καὶ
3659 1796 3733 1848 οὐ

472 1880 794 1955 prophetam
828 1898 859 1937 a
896 1898 1005 1952 quo
1034 1860 1150 1937 haec
1176 1882 1323 1937 dicta
1350 1860 1499 1948 sunt,
1530 1881 1585 1936 in
1614 1882 1718 1937 hoc
1745 1860 1869 1938 esse
1890 1898 2043 1938 vera-

2147 1877 2233 1948 μὴ
2256 1877 2511 1945 lamina
2537 1879 2635 1932 ἐπὶ
2664 1879 2743 1945 τῷ
2769 1881 3012 1951 ὀνόματι
3035 1884 3244 1941 αὐτοῦ.
3278 1884 3417 1937 Ἀλλ’
3438 1886 3530 1938 ἐπὶ
3556 1885 3733 1959 τούτῳ

471 1990 628 2040 cem,
669 1974 762 2030 sed
804 1974 985 2030 voluit‘
1003 1983 1060 2028 ut
1098 1973 1597 2044 praevaricationem
1634 1974 1951 2042 invocaret,
1996 1985 2051 2031 et

474 2069 622 2138 quod
647 2068 880 2133 dixerat,
910 2082 971 2122 re
996 2081 1105 2121 non
1128 2074 1424 2136 praestaret
1460 2064 1682 2121 Dixerat
1709 2067 1892 2121 enim:
1926 2066 2050 2121 Non

472 2160 754 2218 nominabo
811 2176 998 2215 nomen
1033 2159 1277 2226 Domini,
1315 2175 1407 2213 nec
1453 2159 1643 2229 loquar
1688 2158 1831 2213 ultra
1864 2160 1922 2213 in
1953 2177 2051 2214 no-

474 2254 613 2308 mine
636 2253 822 2320 ipsius.
850 2249 1048 2305 Factus
1077 2260 1155 2306 est
1187 2260 1386 2315 autem,
1415 2251 1646 2320 inquit',
1682 2252 1736 2305 in
1760 2252 1915 2305 corde
1937 2267 2050 2306 meo

469 2346 628 2417 quasi
654 2345 792 2415 ignis
817 2344 1031 2410 ardens,
1060 2359 1216 2399 urens
1252 2348 1310 2396 in
1337 2343 1542 2397 ossibus
1572 2343 1720 2409 meis,
1744 2352 1794 2397 et
1818 2343 2051 2398 dissolu-

475 2446 561 2490 tus
597 2452 715 2489 sum
756 2435 1020 2503 undique,
1048 2445 1098 2489 et
1141 2450 1246 2488 non
1282 2448 1496 2502 possum
1534 2434 1691 2503 ferre.
1738 2432 1938 2490 Factus
1965 2443 2051 2492 est

474 2541 651 2583 sermo
670 2526 886 2582 Domini
916 2540 1081 2581 urens
1108 2540 1205 2581 cor
1229 2525 1369 2596 ejus.
1395 2523 1618 2580 Factum
1642 2532 1728 2580 est
1748 2539 1844 2581 eor
1864 2541 2046 2581 meum

471 2618 628 2688 quasi
661 2617 803 2689 ignis
831 2616 1051 2684 ardens,
1078 2631 1246 2672 urens
1272 2617 1326 2671 in
1361 2616 1581 2672 ossibus
1607 2617 1766 2672 meis.
1804 2615 2049 2688 Subjecit

471 2717 755 2778 peccatum
785 2705 933 2776 quod
960 2705 1192 2771 fecerat,
1225 2705 1413 2760 dicens
1439 2721 1454 2760 :
1484 2703 1610 2759 Non
1649 2705 1926 2760 nominabo
1952 2721 2047 2759 no-

470 2815 587 2853 mea
620 2797 833 2853 Domini
859 2837 875 2861 ,
912 2813 1003 2851 nec
1034 2796 1223 2868 loquar
1250 2796 1396 2850 ultra
1428 2797 1484 2851 in
1510 2797 1720 2851 nomine
1748 2798 1953 2866 ipsius;
1991 2806 2048 2853 et

471 2889 636 2946 simul
666 2906 733 2947 ac
770 2888 1059 2945 confessus
1102 2896 1186 2943 est
1228 2897 1514 2958 peccatum
1554 2884 1856 2954 Jeremias,
1912 2888 2043 2944 illud

470 2981 689 3051 abiecit.
734 2981 955 3037 Utinam
1001 2988 1058 3035 et
1091 2993 1190 3049 ego
1234 2980 1416 3035 statim
1462 2987 1625 3048 atque
1676 2979 1928 3048 peccavi,
1981 2993 2046 3034 ac

469 3072 697 3128 verbum
725 3071 1147 3142 reprehensione
1176 3070 1399 3142 dignum
1431 3070 1655 3141 protuli,
1692 3072 1952 3126 sentirem
1989 3072 2041 3126 in

2151 1969 2352 2039 ἀγαθὸς
2385 1969 2591 2041 Κύριος
2615 1971 2645 2023 ό
2671 1971 2896 2025 κωλύων
2924 1973 3023 2037 τάς
3047 1974 3301 2040 τοιαύτας
3326 1976 3602 2047 ἁμαρτίας
3623 1978 3734 2035 τῶν

2149 2063 2483 2135 τηλικούτων
2514 2066 2615 2119 ούκ
2647 2066 2824 2138 ἀφῆκε
2855 2067 2948 2127 τὸν
2990 2070 3276 2141 προφήτην
3318 2070 3615 2141 ἀληθεῦσαι
3657 2074 3736 2126 et-

2151 2157 2320 2213 πόντα
2364 2157 2433 2211 τὰ
2472 2157 2809 2229 προκείμενα
2833 2200 2847 2226 ,
2896 2158 3032 2212 ἀλλά
3062 2162 3157 2213 καὶ
3199 2162 3256 2214 ὲν
3296 2161 3470 2233 τούτῳ
3510 2163 3735 2219 ἀθεσίαν

2150 2248 2597 2314 ἐπικαλέσασθαι,
2624 2250 2720 2303 καὶ
2740 2250 3004 2322 ἀθετῆσαι
3033 2252 3094 2305 τὸ
3116 2253 3403 2325 εἰρημένον
3427 2255 3729 2326 πεποίηκεν

2159 2340 2461 2414 Ἱερεμίαν·
2522 2336 2644 2394 εἷπε
2710 2340 2811 2412 μὲν
2855 2342 2998 2415 γάρ’
3053 2344 3136 2398 Οὐ
3203 2344 3283 2413 μὴ
3335 2345 3611 2415 ὀνομάσω
3658 2347 3724 2401 τὸ

2150 2433 2337 2503 ὄνομα
2379 2434 2634 2502 Κυρίου,
2682 2435 2783 2489 καὶ
2828 2437 2901 2489 οὐ
2939 2434 3026 2505 μὴ
3069 2437 3324 2503 λαλήσω
3368 2439 3455 2493 ἔτι
3499 2439 3597 2492 ἐπὶ
3642 2440 3724 2507 τῷ

2148 2526 2395 2596 ὀνόματι
2418 2527 2626 2583 αὑτοῦ.
2665 2526 2927 2597 Ἐγένετο
2959 2527 3060 2591 δέ,
3090 2529 3255 2600 φησὶν
3274 2571 3289 2595 ,
3318 2531 3389 2584 ἐν
3412 2530 3487 2600 τῇ
3515 2532 3725 2600 καρδίᾳ

2148 2633 2263 2682 μου
2321 2616 2405 2684 ὡς
2454 2617 2575 2686 πῦρ
2625 2618 2944 2687 καιόμενον
2970 2657 2986 2682 ,
3056 2620 3431 2690 φλεγόμενον
3481 2623 3552 2676 ἐν
3603 2623 3728 2692 τοῖς

2149 2705 2383 2775 ὀστέοις
2403 2726 2545 2779 μου,
2588 2707 2688 2761 καὶ
2726 2706 3004 2779 παρεῖμαι
3036 2708 3356 2776 πάντοθεν,
3390 2712 3491 2766 καὶ
3516 2716 3589 2768 οὐ
3619 2713 3726 2769 δύ-

2146 2815 2328 2870 ναμαι
2365 2800 2586 2869 φέρειν.
2627 2799 2685 2853 '0
2714 2798 2871 2869 λόγος
2895 2801 2925 2854 δ
2953 2799 3046 2853 τοῦ
3086 2801 3291 2874 Κυρίου
3326 2803 3519 2873 γέγονε
3554 2804 3728 2861 καίων

2147 2891 2313 2948 αὑτοῦ
2345 2892 2447 2965 τὴν
2477 2891 2723 2964 καρδίαν.
2768 2894 2881 2948 Καὶ
2931 2893 3149 2963 ἐγένετο
3183 2896 3216 2966 ή
3256 2897 3454 2968 καρδία
3500 2916 3603 2970 μου
3649 2901 3728 2966 ὡς

2147 2981 2260 3054 πῦρ
2304 2981 2667 3054 φλεγόμενον,
2712 2982 3001 3053 καιόμενον
3058 2984 3118 3037 ἐν
3166 2985 3281 3048 τοῖς
3339 2984 3546 3050 ὀστέοις
3598 3004 3724 3059 μου.

2158 3072 2425 3127 ’Υπέὸαλε
2472 3073 2572 3145 τὴν
2619 3073 2897 3145 ἁμαρτίαν
2943 3075 3011 3147 ἢν
3060 3073 3357 3147 πεποίηκεν
3390 3077 3596 3132 εἰπών·
3642 3064 3728 3134 Οὖ

470 3163 636 3220 corde
678 3177 802 3219 meo
850 3161 1029 3233 ignem
1072 3162 1390 3228 ardentem,
1438 3171 1684 3216 urentem
1725 3162 1779 3216 in
1826 3163 2043 3218 ossibus

2146 3165 2228 3235 μὴ
2257 3164 2533 3235 ὀνομάσω
2556 3165 2622 3219 τὸ
2651 3165 2838 3235 ὄνομα
2858 3166 3103 3235 Κυρίου,
3129 3167 3227 3221 καὶ
3262 3169 3335 3222 οὐ
3358 3167 3445 3238 μὴ
3474 3168 3727 3237 λαλήσω

470 3257 638 3323 meis,
675 3254 750 3309 ita
776 3262 837 3308 ut
874 3252 1015 3309 terre
1054 3268 1165 3309 non
1206 3253 1440 3323 possim.
1466 3253 1739 3308 Audacter
1765 3254 2042 3324 quidpiam

475 3346 862 3402 enuntiaturus
893 3359 1016 3401 sum
1040 3385 1055 3411 ,
1082 3345 1228 3415 quod
1254 3359 1322 3398 an
1353 3345 1440 3401 his
1485 3345 1826 3401 auditoribus
1856 3346 2044 3416 profu-

465 3446 650 3495 turum
684 3437 755 3493 sit
784 3438 995 3509 ignoro.
1031 3434 1177 3491 Dixit
1204 3451 1325 3491 esse
1373 3437 1646 3507 quoddam
1682 3454 1852 3509 genus
1880 3439 2042 3509 ignis,

467 3532 612 3603 ignis
657 3531 750 3602 qui
775 3546 940 3587 sensu
972 3546 1082 3586 non
1112 3530 1433 3601 percipitur,
1469 3532 1659 3587 dolore
1692 3533 1765 3587 ita
1793 3549 1917 3589 eum
1948 3535 2043 3604 qui

464 3624 743 3679 cruciatur
788 3623 1054 3679 adiciente
1109 3631 1169 3676 ut
1224 3623 1275 3677 ei
1331 3623 1404 3678 sit
1459 3624 1838 3680 intolerabilis.
1897 3624 2044 3681 Dixit

463 3716 609 3772 enim
639 3732 654 3771 :
689 3713 890 3769 Factus
926 3724 1004 3769 est
1034 3714 1089 3768 in
1126 3714 1285 3769 corde
1328 3731 1439 3769 meo
1473 3716 1630 3786 quasi
1657 3716 1794 3786 ignis
1827 3717 2039 3782 ardens,

464 3811 513 3855 et
534 3817 689 3856 urens
719 3818 825 3856 non
861 3811 1074 3857 tantum
1104 3803 1161 3857 itt
1184 3802 1352 3858 corde
1372 3818 1517 3865 meo,
1544 3804 1638 3859 sed
1669 3813 1723 3858 et
1756 3805 1810 3858 in
1837 3808 2041 3860 assibus

466 3895 596 3949 meis
618 3934 634 3959 ,
675 3903 723 3949 et
770 3894 1061 3949 dissolutus
1092 3910 1207 3948 sum
1227 3935 1244 3961 ,
1279 3904 1325 3947 et
1359 3894 1497 3964 ferre
1530 3911 1631 3949 non
1669 3911 1899 3965 possunt.
1927 3896 2041 3969 Ego

464 4000 659 4040 vereor
698 4000 766 4039 ne
796 3986 920 4040 talis
952 3985 1023 4041 sit
1048 3985 1142 4054 qui
1179 3986 1338 4040 nobis
1376 3995 1684 4040 reservatur
1712 3988 1873 4057 ignis,
1901 4005 2039 4059 qua-

465 4076 672 4133 lisfuit
708 4076 763 4130 in
813 4076 978 4130 corde
1024 4073 1292 4131 Jeremiaa.
1342 4073 1445 4131 Sed
1494 4077 1647 4131 illum
1693 4093 1800 4132 non
1834 4082 2038 4150 experti

465 4184 659 4225 sumus
707 4186 722 4223 :
771 4169 818 4224 si
863 4169 1071 4239 experti
1123 4183 1408 4235 essemus,
1456 4170 1831 4241 pr0positique
1862 4184 2042 4229 essent

466 4262 575 4318 duo
608 4262 796 4332 ignes,
832 4260 923 4317 hic
944 4298 960 4327 ,
992 4270 1046 4317 et
1076 4269 1338 4317 externus
1371 4276 1483 4331 quo
1510 4262 1761 4319 videmus
1789 4265 2037 4321 comburi

463 4369 559 4410 eos
587 4354 680 4423 qui
708 4370 739 4408 a
768 4353 1039 4424 praefectis
1089 4354 1332 4424 gentium
1361 4355 1709 4423 cruciantur,
1739 4357 1891 4411 illum
1938 4372 2038 4427 po-

465 4446 574 4499 tius
604 4444 926 4514 eligeremus
955 4460 1118 4515 quam
1150 4445 1330 4511 hunc;
1372 4444 1460 4500 ille
1503 4446 1649 4501 enim
1695 4450 2037 4518 superﬁciem

2142 3259 2241 3312 ἐπὶ
2275 3256 2355 3324 τῷ
2387 3258 2631 3327 ὀνόματι
2659 3257 2847 3313 αὐτοῦ
2880 3258 2966 3312 ἔτι
2985 3276 2998 3289 ·
3031 3259 3125 3313 καλ⁸
3152 3260 3394 3314 ἀπέϐαλε
3424 3263 3523 3333 τὴν
3544 3264 3726 3334 ἀμαρ-

2143 3347 2265 3403 τίαν
2298 3348 2564 3421 Ἱερεμίας
2608 3350 2726 3421 ἅμα
2759 3348 2839 3421 τῷ
2885 3351 3082 3405 εἰπεῖν.
3130 3351 3259 3405 Εἴθε
3289 3352 3441 3422 κάγὼ
3483 3354 3600 3423 ἀμα
3642 3354 3723 3425 τῷ

2147 3438 2482 3511 ἀμαρτῆσαι,
2498 3440 2590 3494 καὶ
2614 3442 2789 3495 εἰπεῖν
2808 3441 2966 3510 λόγον
2990 3443 3358 3516 ἁμαρτητικὸν
3383 3443 3717 3517 ᾐσθανόμην,

2141 3531 2223 3584 ὅτι
2254 3531 2444 3600 γέγονε
2478 3532 2589 3605 πῦρ
2621 3532 2679 3587 ὲν
2703 3536 2768 3605 τῇ
2805 3533 3003 3606 καρδίᾳ
3041 3551 3140 3606 μου
3167 3536 3241 3600 ὡς
3273 3533 3381 3607 πῦρ
3406 3535 3714 3607 καιόμενον,

2145 3620 2473 3695 φλεγόμενον
2504 3626 2562 3677 έν
2588 3625 2702 3687 τοῖς
2747 3624 2956 3687 ὀστέοις
2991 3641 3126 3694 μου,
3158 3624 3300 3677 ὥστε
3344 3640 3409 3696 με
3444 3624 3517 3696 μὴ
3561 3625 3720 3680 δύνα-

2145 3713 2267 3768 σθαι
2314 3714 2533 3786 φέρεινῑ
2568 3713 2767 3768 Μέλλει
2797 3731 2850 3767 τι
2882 3715 2911 3767 ό
2938 3713 3091 3782 λόγος
3115 3714 3348 3786 τολμᾷν,
3386 3715 3486 3769 ούκ
3522 3712 3636 3769 οῖδα
3660 3715 3721 3771 δὲ

2143 3811 2192 3864 εἰ
2223 3811 2499 3884 συμφέρον
2531 3810 2609 3883 τῷ
2634 3809 2859 3881 τοιούτῳ
2883 3806 3471 3884 ἀκροατηρίῳ.Είρηκέ
3502 3828 3552 3863 τι
3584 3804 3723 3862 εἶναι

2142 3898 2281 3966 εἶδος
2310 3903 2501 3974 πυρὸς,
2530 3901 2703 3974 πυρὸς
2732 3901 2830 3955 ούκ
2857 3900 3137 3973 αἰσθητοῦ,
3169 3901 3487 3965 κολάζοντος
3512 3899 3603 3952 τὸν
3632 3915 3722 3951 κο-

2141 3991 2433 4065 λαζόμενον
2463 3993 2554 4047 τοῦ
2588 3993 2750 4048 πόνου
2800 3994 2881 4057 εἰς
2923 3993 2983 4045 τὸ
3018 3993 3093 4064 μὴ
3129 3993 3315 4065 φέρειν
3350 3991 3534 4047 αὐτόν.
3584 3986 3721 4043 Εἷπε

2141 4084 2251 4156 γάρ
2274 4100 2289 4114 ο
2333 4084 2595 4154 Ἐγένετο
2636 4084 2706 4137 ἐν
2755 4082 2829 4152 τῇ
2862 4084 3076 4151 καρδίᾳ
3100 4102 3219 4153 μου
3252 4085 3333 4150 ὡς
3363 4083 3482 4151 πῦρ
3513 4082 3723 4151 φλεγό-

2135 4191 2325 4245 μενον
2354 4175 2454 4229 καὶ
2489 4176 2811 4245 καιόμενον
2840 4176 2942 4229 οὐκ
2973 4177 3031 4228 ὲν
3065 4178 3131 4246 τῇ
3165 4176 3362 4248 καρδίᾳ
3395 4193 3497 4247 μου
3534 4175 3719 4246 μόνον,

2140 4264 2278 4320 ἀλλὰ
2308 4265 2401 4319 καὶ
2432 4266 2502 4319 ἐν
2528 4266 2651 4332 τοῖς
2679 4265 2915 4333 ὀστέοις
2939 4283 3088 4336 ,κου’
3120 4268 3220 4322 καὶ
3249 4267 3525 4337 napis-Erat
3569 4265 3725 4320 πάν-

2139 4361 2345 4423 τοθεν,
2375 4357 2475 4413 καὶ
2508 4359 2579 4412 οὐ
2607 4358 2865 4427 δύναμαι
2903 4358 3128 4428 φέρειν.
3170 4358 3311 4427 Ἐγὼ
3343 4359 3612 4430 φοϐοῦμαι
3643 4358 3720 4431 μὴ

2140 4450 2349 4504 τοιοῦτό
2373 4451 2489 4504 ἐστι
2524 4451 2586 4503 τὸ
2616 4451 2975 4522 ἀποκείμενον
3003 4452 3134 4523 ἡμῖν
3159 4451 3271 4523 πῦρ
3312 4452 3615 4521 γινόμενον,
3641 4451 3720 4515 ὡς

464 4536 768 4604 comburit,
796 4535 886 4590 hic
916 4545 1097 4589 autem
1123 4537 1236 4590 urit
1264 4551 1384 4600 cor,
1411 4546 1466 4591 et
1493 4553 1521 4592 a
1553 4538 1718 4593 corde
1766 4539 2036 4611 incipiens

2146 4541 2200 4595 έν
2227 4543 2293 4612 τῇ
2326 4539 2523 4613 καρδίᾳ
2551 4541 2773 4609 γέγονεν
2810 4541 3093 4613 Ἱερεμίου.
3138 4542 3211 4596 Ού
3264 4541 3616 4613 πεπόνθαμεν
3659 4542 3719 4595 δὲ

464 4631 709 4695 permeat
738 4639 834 4693 per
854 4625 1036 4679 omnia
1066 4638 1212 4691 ossa,
1236 4640 1333 4695 per
1357 4640 1552 4681 omnes
1583 4629 1830 4698 corporis
1853 4640 2035 4699 partes

463 4724 763 4787 grassatur,
790 4715 976 4785 sicque
1005 4716 1231 4784 invadit,
1251 4728 1313 4771 ut
1341 4719 1433 4787 qui
1464 4720 1617 4775 ardet
1646 4721 1916 4777 sustinere
1938 4739 2035 4778 ne-

461 4816 641 4877 queat.
676 4805 809 4873 Quis
840 4805 1005 4878 274
1029 4807 1095 4861 de
1122 4806 1392 4876 ejusmodi
1440 4810 1562 4879 igne
1598 4810 1779 4865 dicere
1812 4821 2029 4881 potest:

462 4898 531 4953 Et
561 4914 664 4951 non
688 4915 902 4969 possunt
938 4900 1113 4967 ferre?
1137 4896 1272 4953 Novi
1296 4899 1458 4954 etiam
1488 4902 1726 4957 latrones
1757 4905 1849 4973 qui
1887 4904 2033 4960 hunc

459 4992 639 5063 ignem
678 4991 952 5047 sustinere
979 5007 1085 5046 non
1118 5002 1412 5062 potuerunt
1442 5003 1663 5063 propter
1689 4995 1797 5049 vim
1830 4997 2034 5052 doloris

459 5097 622 5153 quem
645 5081 929 5138 inferebat.
948 5084 1103 5139 Alius
1128 5093 1211 5139 est
1231 5084 1388 5140 dolor
1413 5101 1574 5154 quem
1605 5085 1769 5139 infert
1800 5089 1941 5156 ignis
1965 5088 2034 5143 ab

455 5169 691 5228 Ieremia
723 5173 1027 5243 descriptus
1052 5175 1306 5229 dicente:
1344 5163 1408 5227 Et
1441 5175 1616 5243 [nctus
1664 5185 1739 5230 est
1784 5178 1838 5230 in
1877 5179 2033 5233 corde

458 5280 570 5317 meo
594 5264 727 5318 sicut
756 5265 890 5335 ignis
922 5269 1133 5329 ardens,
1159 5282 1313 5319 urens
1347 5266 1399 5318 in
1433 5263 1637 5320 ossibus
1670 5268 1815 5334 meis,
1845 5279 1891 5322 et
1916 5272 2029 5324 llis-

457 5356 662 5411 solutus
697 5373 813 5411 sum
854 5357 1111 5427 undique,
1159 5368 1207 5410 et
1260 5373 1363 5408 non
1409 5374 1619 5426 possunt
1665 5359 1821 5427 ferre.
1877 5359 2031 5415 liunc

457 5448 635 5519 ignem
679 5450 925 5504 accendit
968 5448 1216 5504 Salvator
1257 5466 1381 5504 cum
1431 5450 1649 5503 dixit“:
1689 5448 1868 5519 Ignem
1918 5452 2030 5504 veni

458 5540 665 5595 mittere
688 5541 741 5594 in
775 5552 993 5596 terram.
1015 5542 1079 5597 Et
1103 5543 1362 5612 quoniam
1399 5540 1548 5595 illum
1578 5542 1752 5610 ignem
1782 5545 2030 5600 art-endit

462 5629 732 5696 Salvator,
790 5632 912 5686 ideo
959 5632 1343 5701 incipientibus
1382 5632 1554 5699 iptlIm
1603 5633 1810 5694 audire,
1850 5632 2026 5701 ignem

542 5805 694 5866 'JCr.
729 5824 827 5875 xx,
861 5808 915 5866 9.
992 5810 1014 5843 ⁸
1054 5809 1184 5865 Luc.
1220 5827 1317 5877 xu,
1360 5811 1449 5866 49.

2141 4631 2272 4684 αὑτό
2290 4646 2304 4661 ·
2332 4632 2379 4683 εί
2419 4630 2811 4703 ὲπεπόνθειμεν
2836 4630 3026 4692 τοῦτο,
3071 4634 3165 4686 καὶ
3214 4633 3498 4705 προέκειτο
3527 4631 3598 4686 τὰ
3626 4632 3721 4686 δύο

2142 4722 2309 4794 πυρὰ,
2338 4721 2495 4777 τοῦτο
2521 4723 2582 4776 τὸ
2614 4722 2744 4795 πῦρ,
2784 4725 2877 4777 καὶ
2911 4724 2973 4778 τὸ
2996 4724 3195 4789 ἔξωθεν
3223 4727 3354 4797 πῦρ,
3390 4724 3418 4778 ὃ
3448 4725 3720 4799 βλέπομεν

2139 4817 2232 4869 ἐπὶ
2272 4816 2380 4869 τῶν
2415 4815 2718 4888 καιομένων
2752 4816 2856 4869 ὑπὸ
2888 4815 2997 4869 τῶν
3043 4818 3358 4888 ἡγουμένων
3388 4818 3497 4871 τῶν
3526 4816 3718 4883 ἐθνῶν,

2139 4904 2396 4975 εἱλόμεθα
2440 4905 2505 4958 ἂν
2538 4906 2715 4958 ἐκεῖνο
2747 4904 2946 4975 μᾶλλον
2986 4905 3048 4958 τὸ
3086 4905 3196 4977 πῦρ
3228 4904 3261 4977 ἢ
3304 4905 3491 4959 τοῦτο·
3542 4908 3719 4960 έκεῖνο

2140 4994 2238 5065 μὲν
2273 4992 2383 5064 γὰρ
2416 4993 2562 5046 καίει
2601 4993 2698 5064 τὴν
2743 4994 3099 5064 ὲπιφάνειαν,
3142 4996 3305 5050 τοῦτο
3342 4997 3401 5051 δὲ
3438 4997 3582 5050 καίει
3617 4999 3719 5070 τὴν

2135 5083 2361 5155 καρδίαν
2383 5131 2402 5153 ,
2431 5084 2524 5136 καὶ
2556 5083 2860 5154 ἀρξάμενον
2903 5083 3013 5137 ἀπὸ
3042 5085 3139 5155 τῆς
3168 5085 3395 5157 καρδίας
3435 5085 3718 5140 διικνεῖται

2136 5177 2228 5229 ἐπὶ
2255 5174 2431 5228 πάντα
2456 5177 2521 5227 τὰ
2549 5174 2700 5240 ὀστᾶ,
2737 5176 2830 5228 καὶ
2858 5175 3169 5247 ἱκνούμενον
3194 5177 3286 5230 ἐπὶ
3311 5176 3377 5229 τὰ
3407 5178 3540 5230 όστᾶ
3562 5176 3720 5247 ἔρχε-

2137 5283 2226 5319 ται
2262 5264 2355 5318 ἐπὶ
2385 5265 2504 5317 ὅλον
2545 5263 2635 5317 τὸν
2675 5263 2993 5335 καιόμενον,
3028 5266 3124 5319 κα)⁸
3162 5265 3336 5330 οὕτως
3363 5266 3615 5337 ἔρχεται,
3643 5267 3719 5329 ὡς

2142 5359 2217 5430 μὴ
2249 5356 2506 5410 δύνασθαι
2533 5356 2623 5409 τὸν
2654 5356 2938 5427 καιόμενον
2973 5358 3177 5431 φέρειν.
3223 5359 3318 5424 Τίς
3363 5359 3456 5413 ἐπὶ
3492 5359 3719 5431 τοιούτῳ

2139 5449 2272 5519 π’.)ρὶ
2294 5447 2513 5501 δύναται
2544 5446 2723 5515 λέγειν
2742 5463 2755 5477 ·
2787 5447 2899 5502 Καὶ
2932 5450 3003 5501 οὐ
3033 5449 3288 5518 δύναμαι
3321 5449 3559 5519 φέρειν;
3586 5445 3723 5506 Οἶδα

2137 5540 2232 5595 κο.)⁸
2281 5538 2480 5612 λῃστὰς
2518 5536 2677 5591 τοῦτο
2707 5538 2767 5593 τὸ
2804 5539 2915 5612 πῦρ
2951 5540 3024 5611 μὴ
3054 5540 3382 5612 δυνηθέντας
3427 5544 3718 5612 ὑπομεῖναι

2135 5631 2225 5686 διὰ
2253 5630 2343 5685 τὸν
2371 5630 2531 5686 πόνον
2570 5628 2677 5684 ἀπὸ
2708 5629 2897 5685 τούτου
2926 5628 3021 5685 τοῦ
3059 5632 3248 5704 πυρός.
3283 5632 3472 5697 ’Ᾱλλος
3506 5634 3654 5687 ἐστὶν
3684 5629 3717 5686 ὁ
