4122 6424
3219 303 3361 324 .___~__

370 345 464 400 52|
1524 344 1589 398 ΙΝ
1626 344 1970 400 JEHEMIAM
2010 343 2289 401 HOMILIA
2328 347 2466 403 XlX.
3499 351 3601 406 522

366 461 529 524 πόνος
566 461 592 513 ὁ
619 457 726 514 ἀπὸ
763 459 857 514 τοῦ
892 462 1063 532 πυρὸς
1093 462 1153 516 ὃν
1183 461 1476 535 διέγραψεν
1525 465 1814 537 Ἱερεμίας,
1850 465 1906 518 λέ

2007 513 2014 534 ,
2045 467 2224 538 primo
2253 467 2457 539 injicit,
2499 469 2846 542 primumque
2870 472 2924 529 in
2956 490 3146 533 eorum
3176 479 3340 536 corda
3369 479 3609 538 immittit

367 561 506 619 va‘
541 553 652 606 Καὶ
682 552 918 622 ἐγένετο
944 553 1014 606 ἐν
1035 544 1111 621 τῇ
1141 555 1352 622 καρδίᾳ
1376 573 1494 625 μου
1527 557 1607 622 ὡς
1639 552 1757 624 πῦρ
1783 560 1906 610 καιό

2044 558 2220 627 ignem
2241 576 2403 629 quem
2427 572 2676 632 expertos
2705 579 2764 620 se
2795 556 3035 622 fatentur
3052 560 3244 625 Simmt
3269 581 3322 628 et
3339 571 3604 644 Cleophas

358 657 566 710 μενον,
599 644 971 712 φλεγόμενον
1001 644 1072 696 ἐν
1097 645 1221 710 τοῖς
1252 638 1485 711 ὀστέοις
1505 663 1646 715 μου,
1671 645 1767 698 mi
1792 660 1906 713 παρ

2041 646 2107 700 de
2137 648 2255 717 ejus
2284 653 2624 709 sermonibus
2653 656 2894 711 dicentes
2915 664 2936 696 ⁷
2964 676 2978 712 :
3010 657 3200 714 Nonne
3240 678 3331 716 eor
3369 638 3608 718 nosirum

370 732 526 800 εἷμαι
567 731 894 796 πάντοθεν,
944 733 1041 785 καὶ
1071 735 1142 788 οὐ
1175 732 1428 802 δύναμαι
1468 726 1687 804 φέρειν.
1735 729 1906 788 Ἐκεῖν

2039 737 2228 792 ardens
2256 744 2372 794 erat
2406 743 2462 796 in
2493 745 2578 798 via
2596 785 2613 810 ,
2647 746 2772 800 dum
2815 752 3044 818 aperiret
3070 751 3221 805 nobis
3250 751 3558 822 Scripturas
3580 757 3609 812 Ρ

363 821 422 873 τὸ
449 821 557 893 πῦρ
585 817 793 875 ἐκκαίει
818 819 846 876 ό
866 821 1054 895 Σωτὴρ
1079 823 1108 876 ὁ
1139 819 1334 877 εἰπών·
1361 825 1486 892 Πῦρ
1511 821 1702 894 ἦλθον
1719 825 1906 889 ﬁam-:71

2039 825 2138 881 llic
2160 837 2214 883 et
2238 822 2478 888 Simonis
2501 843 2554 888 et
2577 836 2824 906 Cleophae
2846 817 2940 894 cor
2968 843 3154 911 ardet;
3181 844 3305 899 audi
3323 817 3604 902 dicentes:

359 908 457 964 ἐπὶ
490 911 606 980 τὴν
633 906 770 982 γῆν.
800 915 909 968 Καὶ
939 916 1062 968 ἐπεὶ
1093 913 1269 970 ἐκεῖνο
1295 916 1356 970 τὸ
1383 916 1493 986 πῦρ
1527 916 1734 969 ἐκκαίει
1766 918 1794 968 ὁ
1819 915 1903 969 Σω

2042 915 2229 974 Nonne
2255 932 2346 974 cor
2367 933 2607 978 nostrum
2631 929 2818 981 ardens
2846 934 2998 986 erat?

357 1001 497 1076 τὴρ,
529 1000 618 1058 διὰ
649 1004 805 1057 τοῦτο
830 1007 940 1070 τοῖς
973 1005 1294 1078 ἀρχομένοις
1321 1003 1538 1060 ἀκούειν
1587 1005 1750 1060 αὐτοῦ
1797 1007 2019 1078 ἄρχεται
2064 1003 2171 1062 ἀπὸ
2219 1009 2312 1064 τοῦ
2371 1013 2575 1086 πυρὸς,
2619 1017 2713 1070 καὶ
2765 1021 2977 1089 πρῶτον
3026 1021 3137 1096 πῦρ
3195 1024 3373 1096 βάλλει
3425 1028 3607 1085 αὐτῶν

360 1097 450 1149 ἐπὶ
504 1097 604 1166 τὴν
671 1092 931 1166 καρδίανο
976 1097 1165 1170 ὥσπερ
1215 1095 1534 1169 ὁμολογοῦσι
1584 1098 1766 1170 Σίμων
1831 1099 1926 1151 καὶ
1980 1097 2246 1164 Κλεώπας
2304 1099 2550 1172 λέγοντες
2603 1109 2695 1162 ἐπὶ
2753 1113 2865 1174 τοῖς
2913 1092 3333 1182 λόγοιςναύτοῶ
3394 1125 3517 1190 Οὐχ
3563 1123 3606 1194 ἠ

359 1185 570 1254 καρδία
591 1188 760 1257 ἡμῶν
797 1186 1078 1260 καιομένη
1135 1186 1215 1260 ἦν
1244 1187 1314 1244 ἑν
1345 1189 1419 1260 τῇ
1466 1190 1619 1257 ὀδῷ,
1653 1192 1748 1286 ⁸ὡς
1800 1190 2105 1260 διήνοιγεν
2165 1195 2311 1286 ’ἡμῖν
2341 1197 2448 1263 τὰς
2502 1200 2778 1270 Γραφάς;
2829 1204 3042 1262 Ἐνθάδε
3088 1211 3122 1281 ἡ
3157 1215 3352 1286 καρδία
3391 1185 3605 1271 καίεται

359 1281 492 1351 πυρὶ
551 1277 646 1335 καὶ
688 1283 928 1352 Σίμωνος
978 1282 1074 1336 καὶ
1120 1281 1388 1335 Κλεὼπα·
1441 1279 1604 1336 ἄκουε
1653 1276 1951 1351 λεγόντωνδ
1998 1284 2120 1350 Οὐχ
2154 1285 2192 1352 ἠ
2225 1286 2438 1354 καρδία
2464 1290 2633 1359 ἡμῶν
2659 1295 2938 1366 καιομένη
2969 1296 3080 1370 vir;

429 1372 526 1434 Τίς
554 1372 702 1435 ἄξιος
733 1373 833 1444 ἤδη
861 1372 1046 1427 λαϐεῖν
1076 1374 1252 1468 ἐκεῖνο
1277 1373 1338 1428 τὸ
1371 1373 1480 1444 πῦρ
1509 1373 1568 1426 ἐν
1593 1375 1656 1444 τῇ
1695 1374 1892 1461 ,καρδίᾳ

2106 1374 2159 1428 9.
2186 1375 2322 1442 Quis
2352 1380 2512 1434 modo
2535 1381 2731 1451 dignus
2764 1397 2847 1441 est
2877 1392 3121 1458 accipere
3155 1393 3315 1450 istum
3341 1392 3516 1468 ignem
3545 1404 3598 1458 itt

359 1462 473 1518 Ἶνα
502 1463 577 1535 μὴ
607 1465 727 1535 εἰκῆ
756 1464 886 1517 αὐτὸ
913 1464 1052 1536 λάϐῃ
1075 1501 1091 1525 ,
1140 1455 1276 1516 θέλω
1304 1463 1604 1535 διαγράψαι
1647 1459 1732 1528 τίς
1780 1465 1906 1516 ἐστι*

2033 1463 2237 1518 corde?
2276 1462 2354 1519 Ne
2403 1465 2604 1523 frustra
2639 1471 2790 1528 illum
2823 1455 3094 1548 accipiat,
3134 1485 3257 1538 volo
3295 1455 3603 1548 describere

353 1553 382 1606 ὁ
418 1552 556 1624 ἔχων
584 1553 739 1608 τοῦτο
778 1553 889 1626 πῦρ
923 1555 981 1607 ἐν
1007 1557 1073 1627 τῇ
1121 1556 1333 1626 καρδίᾳ.
1375 1554 1680 1627 Διάγραψόν
1713 1572 1802 1627 μοι
1834 1555 1906 1609 δύη

2031 1550 2157 1621 quis
2189 1553 2262 1607 sit
2297 1555 2392 1624 qui
2441 1556 2618 1626 ignem
2653 1562 2817 1619 istum
2849 1565 2903 1620 in
2932 1571 3094 1625 corde
3127 1571 3309 1630 habet.
3345 1576 3602 1636 Describe

353 1645 740 1714 ἡμαρτηκότας
785 1645 882 1715 τὴν
932 1645 1102 1716 αὐτὴν
1149 1646 1227 1716 τῷ
1275 1645 1423 1714 γένει
1469 1645 1773 1717 ἁμαρτίαν,
1826 1646 1906 1717 ταῖςι

2028 1639 2162 1694 mihi
2183 1641 2322 1698 duos
2345 1643 2594 1702 homines
2621 1648 2677 1702 iu
2705 1650 2844 1706 idem
2867 1658 3071 1723 peccati
3102 1675 3292 1728 genus,
3311 1663 3365 1718 in
3397 1664 3598 1722 foedam

355 1731 557 1803 μιαρὰν
585 1734 677 1786 καὶ
715 1732 814 1802 τὴν
862 1733 1167 1804 ἀκάθαρτον
1193 1733 1470 1802 πορνείαν,
1499 1733 1594 1786 καὶ
1626 1735 1684 1786 ἐν
1715 1733 1926 1798 τούτοις

350 1821 458 1882 τοῖι,
484 1820 577 1874 δύο
599 1824 711 1884 τοῖς
739 1821 1153 1892 πεπορνευκόσι,
1181 1821 1272 1874 τὸν
1299 1822 1398 1891 μὲν
1423 1821 1608 1892 ἕτερον
1632 1822 1706 1893 μὴ
1727 1819 1922 1876 λυπού-

353 1927 511 1978 μενον
532 1949 546 1974 ,
582 1911 714 1981 μηδὲ
762 1909 1118 1981 ὀδυνώμενον,
1157 1911 1292 1982 μηδὲ
1321 1911 1664 1982 δακνόμενον,
1695 1909 1829 1968 ἁλλὰ
1859 1911 1921 1969 τὸ

349 1999 636 2070 εἰρημένον
676 2001 734 2052 ἐν
775 2000 1116 2068 Παροιμίαις
1148 2001 1276 2073 περὶ
1302 2002 1401 2072 τῆς
1435 1997 1639 2074 πόρνης
1666 2004 1920 2072 γυναικὸς

349 2089 626 2158 πάσχοντα
645 2128 660 2152 ,
703 2088 834 2156 ἣτις
864 2089 974 2141 ἐὰν
993 2089 1196 2159 ⁸,πράξῃ
1215 2129 1230 2154 ,
1256 2087 1675 2161 ἀπονιψαμένη
1700 2133 1714 2159 ,
1740 2091 1921 2146 οὐδέν

348 2193 500 2246 φησι
527 2179 891 2248 πεπραχέναι
919 2180 1163 2236 ἄτοπον.
1193 2183 1298 2235 Ἴδε
1331 2200 1420 2253 μοι
1449 2183 1539 2236 τὸν
1563 2183 1748 2256 ἕτερον
1781 2184 1919 2257 μετὰ

348 2267 409 2319 τὸ
439 2267 638 2339 πτῶμα
675 2269 748 2340 μὴ
777 2271 1070 2342 δυνάμενον
1105 2272 1317 2342 στέγειν
1336 2311 1351 2337 ,
1382 2272 1516 2327 ἀλλὰ
1559 2274 1917 2345 κολαζόμενον

345 2357 441 2429 τὴν
470 2359 771 2430 συνείδησιν
795 2399 809 2424 ,
843 2360 1260 2433 βασανιζόμενον
1287 2364 1386 2436 τὴν
1429 2363 1655 2435 καρδίαν
1674 2406 1690 2430 ,
1720 2368 1914 2434 φαγεῖν

342 2449 439 2502 καὶ
485 2453 626 2506 πιεῖν
652 2453 713 2505 οὐ
741 2451 1033 2523 δυνάμενον
1051 2493 1066 2518 ,
1093 2453 1154 2507 οὐ
1178 2454 1354 2526 κρίσει
1385 2453 1711 2526 νηστεύοντα
1730 2495 1745 2520 ,
1778 2454 1914 2510 ἀλλὰ

342 2542 592 2614 ἀλγηδόνι
619 2543 718 2614 τῆς
748 2546 1055 2622 μετανοίας.
1089 2547 1394 2619 Διὰγραψόν
1427 2565 1519 2620 μοι
1561 2548 1649 2602 τὸν
1675 2549 1913 2607 τοιοῦτον

341 2631 468 2703 ὅλην
493 2631 589 2704 τὴν
621 2633 830 2705 ἡμέραν
859 2635 1322 2706 σκυθρωπάζοντα
1343 2676 1357 2700 ,
1385 2639 1479 2692 καὶ
1501 2639 1912 2711 καταπονούμε-

342 2738 451 2787 νον,
476 2722 570 2776 καὶ
603 2725 982 2795 πορευόμενον,
1005 2726 1312 2796 ὠρυόμενον
1337 2723 1447 2782 απὸ
1480 2727 1781 2802 στεναγμοῦ
1814 2731 1914 2802 τῆς

342 2814 567 2886 καρδίας
586 2814 772 2879 αὐτοῦ,
796 2816 1060 2886 βλέποντα
1082 2817 1245 2870 αὐτοῦ
1266 2817 1363 2889 τὴν
1387 2819 1658 2892 ἁμαρτίαν
1682 2819 1911 2878 ἐνώπιον

341 2904 538 2967 αὐτοῦ,
573 2904 662 2959 διὰ
709 2906 908 2970 παντὸς
937 2907 1243 2978 ἔμπροσθεν
1274 2908 1618 2979 ἐλέγχουσαν.
1669 2912 1780 2966 Καὶ
1829 2911 1908 2967 ῖδε

339 2995 432 3046 τὸν
461 2995 699 3048 τοιοῦτον
742 2997 841 3050 οὐκ
886 2998 978 3050 ἐπὶ
1029 2983 1158 3068 μίαν
1187 2997 1430 3069 ἡμέραν,
1464 3001 1586 3054 οὐδὲ
1632 3002 1726 3055 ἐπὶ
1777 3003 1908 3074 μίαν

342 3085 528 3151 νύκτα,
558 3087 672 3140 ἁλλ’
705 3088 797 3142 ἐπὶ
823 3088 1013 3159 χρόνον
1046 3089 1212 3142 πολὺν
1238 3091 1614 3162 κολαζόμενον.
1641 3088 1774 3149 Τίνα
1798 3095 1906 3149 τῶν

338 3175 432 3229 δύο
460 3179 801 3249 προκρίνεις;
830 3181 952 3234 τίνα
973 3179 1149 3250 λέγεις
1175 3181 1394 3246 ἐλπίδας
1420 3182 1564 3253 ἐχειν
1584 3185 1734 3256 παρὰ
1753 3179 1903 3258 Θεῷς

337 3265 461 3340 Ἆρ’
486 3272 691 3324 ἐκεῖνον
723 3272 814 3324 τὸν
844 3272 1246 3344 πορνεύσαντα,
1276 3274 1370 3329 καὶ
1405 3274 1480 3347 μὴ
1512 3275 1902 3348 φροντίσαντα,

331 3360 448 3414 ἀλλ’
478 3362 850 3432 ἁπαλγοῦντα,
880 3363 956 3429 ὡς
984 3365 1078 3418 καὶ
1117 3365 1426 3437 παραδόντα
1453 3367 1614 3424 αὐτὸν
1639 3371 1706 3441 τῇ
1742 3370 1902 3424 ἀσελ-

333 3454 492 3525 γείας
536 3454 789 3525 ἢτοῦτον
833 3456 924 3510 τὸν
973 3457 1112 3527 μετὰ
1156 3457 1257 3530 τὴν
1288 3459 1416 3530 μίαν
1463 3461 1734 3532 ἁμαρτίαν
1778 3481 1905 3517 πεν-

333 3540 548 3606 θοῦντα,
581 3543 912 3615 θρηνοῦντα;
937 3539 1106 3610 Οὗτος
1131 3547 1369 3617 δηλονότι
1398 3549 1629 3604 ἐλπίδων
1655 3555 1901 3623 κρειττό-

331 3649 436 3684 νων
475 3633 643 3688 ἐστίν.
689 3635 848 3689 Ὅσον
886 3634 996 3707 γὰρ
1026 3637 1185 3690 πλέον
1216 3639 1429 3693 καίεται
1457 3640 1563 3692 ὑπὸ
1599 3641 1699 3712 τῆς
1726 3642 1902 3714 λύπης

329 3720 423 3774 τοῦ
456 3723 626 3794 πυρὸς
643 3763 661 3788 ,
691 3725 940 3778 τοσοῦτον
975 3726 1172 3796 μᾶλλον
1201 3728 1451 3793 ὲλεεῖται,
1475 3732 1569 3784 καὶ
1588 3730 1734 3786 ἔστιν
1753 3735 1902 3806 αὐτῷ

329 3810 518 3880 χρόνος
549 3812 824 3883 αὐτάρκης
866 3813 964 3883 τῆς
1008 3813 1281 3877 κολάσεως
1316 3811 1471 3880 οὗτος
1491 3857 1507 3881 ,
1556 3818 1678 3882 ὅσος
1711 3821 1902 3893 ἐκείνῳ

327 3899 526 3954 δίδοται
559 3900 745 3970 χρόνος
784 3902 1056 3966 κολάσεως
1086 3903 1164 3974 τῷ
1207 3907 1566 3975 πορνεύσαντι
1606 3911 1699 3963 καὶ
1729 3911 1902 3985 λυπη-

329 3989 494 4044 θέντι.
524 3991 635 4044 Καὶ
664 3991 784 4044 ἐπεὶ
809 3992 996 4063 χρόνος
1025 3994 1141 4046 ἐστὶ
1163 3994 1336 4065 τούτῳ
1359 3997 1456 4066 τῆς
1483 3999 1714 4054 ἐνταῦθα
1742 4001 1900 4057 κολά-

329 4095 464 4142 σεως
492 4078 800 4151 λυσιτελὴς,
835 4080 923 4134 διὰ
960 4080 1122 4134 τοῦτο
1148 4083 1638 4155 ἐπραγματεύσατο
1673 4091 1897 4145 κολάσαι

323 4169 416 4223 τὸν
441 4171 864 4242 πεπορνευκότα,
894 4174 987 4225 καὶ
1017 4173 1176 4242 ηνίκα
1209 4175 1466 4230 ἐκόλασεν
1495 4179 1654 4233 αὐτὸν
1675 4183 1707 4251 ἡ
1729 4181 1895 4252 λύπη.

325 4262 419 4314 καὶ
477 4257 584 4315 εἶδε
629 4262 728 4333 τὴν
768 4262 945 4334 λύπην
990 4265 1266 4338 αὐτάρκη,
1313 4269 1478 4339 φησί·
1521 4271 1766 4339 Μήποτε
1822 4272 1896 4342 τῆ

321 4352 719 4421 περισσοτέρᾳ
754 4355 919 4424 λύπῃ
946 4356 1251 4425 καταποθῇ
1293 4361 1326 4412 ὁ
1373 4359 1672 4427 τοιοῦτος,
1710 4364 1896 4430 κυρώο

2027 1732 2413 1806 impttramque
2446 1737 2860 1798 fornicationem
2906 1747 3125 1817 lapsus,
3182 1764 3414 1823 quorum
3462 1762 3600 1818 alter

2027 1823 2176 1878 nullo
2214 1824 2403 1881 dolore
2446 1827 2749 1900 alliciatur,
2797 1835 2947 1890 nullo
3019 1843 3365 1901 conscientia:
3408 1865 3596 1911 morsu

2026 1925 2454 1986 compungatur,
2489 1919 2584 1974 sed
2614 1936 2723 1991 prae
2766 1939 2825 1979 se
2870 1925 3007 1984 ferat
3041 1933 3186 2000 quod
3223 1938 3484 2008 scriptum
3511 1955 3597 2001 est

2025 2003 2092 2058 de
2131 2006 2413 2062 meretrice
2432 2046 2447 2072 ,
2477 2021 2626 2079 Quae,
2651 2029 2768 2067 cum
2798 2020 3087 2088 peregerit,
3122 2030 3322 2094 tergens
3334 2003 3428 2094 τε,
3473 2032 3597 2088 Non

2025 2108 2162 2162 sum,
2183 2095 2376 2168 inquit,
2394 2111 2609 2169 operata
2633 2105 2832 2159 malum
2853 2107 2876 2140 ⁸
2895 2125 2911 2176 ;
2930 2109 3067 2166 alter
3088 2127 3215 2170 vero
3237 2125 3360 2186 post
3381 2119 3593 2191 lapsum
3614 2149 3617 2152 ·

2026 2183 2168 2241 ferre
2196 2199 2450 2259 nequeat,
2484 2193 2576 2247 sed
2609 2198 2958 2255 conscientiae
2982 2205 3160 2272 p(I:lliS
3187 2183 3594 2277 ventum-com

2023 2275 2106 2332 dis
2129 2285 2394 2336 tormenta
2419 2285 2706 2354 sustineat,
2735 2293 3019 2350 comedere
3042 2311 3107 2351 ac
3131 2298 3318 2357 bibere
3338 2275 3588 2373 nequeat,

2019 2364 2228 2458 jejunio
2257 2386 2364 2426 non
2396 2388 2461 2428 ex
2486 2377 2654 2432 animi
2686 2381 2986 2450 voluntate,
3020 2388 3113 2441 sed
3139 2364 3469 2458 paenitentiae
3499 2364 3592 2454 do;

2023 2453 2138 2508 lore
2180 2467 2366 2526 vacet;
2421 2473 2678 2532 praeterea
2724 2467 2772 2522 is
2805 2477 2918 2524 tota
2950 2472 3039 2526 die
3079 2453 3280 2544 tristis,
3321 2481 3587 2550 amictus,

2022 2542 2310 2646 incedens,
2346 2553 2568 2621 rugiens
2597 2569 2628 2611 a
2653 2559 2856 2628 gemitu
2885 2563 3065 2620 cordis
3095 2567 3182 2621 sui
3202 2607 3218 2635 ,
3255 2542 3453 2630 babeat
3476 2542 3589 2646 prae

2021 2636 2196 2693 oculis
2237 2650 2524 2709 peccatum
2558 2659 2718 2701 suum
2749 2649 2895 2717 quod
2939 2666 2999 2706 se
3037 2667 3252 2725 semper
3283 2636 3589 2720 coram'reo

2022 2724 2334 2817 prehendat.
2353 2727 2488 2786 Vide
2510 2732 2688 2802 ipsum
2719 2752 2828 2793 non
2857 2755 2962 2794 una
2992 2741 3100 2809 die,
3134 2724 3243 2801 non
3267 2763 3372 2804 una
3403 2763 3581 2817 nocte,

2019 2815 2114 2870 sed
2162 2831 2259 2886 per
2301 2820 2523 2892 longum
2556 2832 2770 2896 tempus
2810 2829 3092 2900 agitatum.
3136 2835 3332 2894 Utrum
3386 2815 3581 2900 borum

2018 2907 2284 2976 praefers?
2330 2921 2511 2968 utrum
2543 2914 2682 2972 dicis
2733 2917 2788 2972 in
2826 2919 2936 2977 Deo
2978 2939 3128 2994 spem
3166 2928 3399 2988 habere?
3451 2951 3583 2991 num

2020 2996 2171 3052 illum
2203 3000 2296 3069 qui
2334 3000 2635 3061 fornicatus
2666 3022 2772 3062 non
2804 3021 2996 3079 curat,
3047 3017 3142 3071 sed
3174 3019 3453 3090 desperata
3493 3041 3583 3082 sa-

2016 3087 2128 3144 lute
2154 3090 2207 3144 in
2231 3091 2504 3149 libidinem
2527 3096 2733 3153 eﬂ'usus
2753 3109 2864 3168 cst;
2889 3117 2956 3157 an
2990 3106 3134 3164 hunc
3153 3111 3246 3180 qui
3267 3087 3389 3182 post
3409 3131 3578 3172 unum

2007 3189 2292 3248 peccatum
2329 3183 2473 3254 luget
2503 3195 2560 3241 et
2590 3203 2715 3244 vere
2745 3191 2956 3260 plorat?
2992 3194 3146 3255 llunc
3180 3203 3369 3273 utique
3403 3209 3578 3262 mani-

2007 3266 2205 3324 fcstum
2242 3279 2328 3325 est
2372 3287 2467 3342 spe
2502 3275 2600 3330 niti
2629 3280 2872 3337 meliore.
2903 3281 3120 3349 Quanto
3145 3266 3292 3345 enini
3339 3297 3575 3366 amplius

2005 3358 2194 3416 dolore
2225 3362 2366 3432 ignis
2390 3366 2601 3434 uritur,
2638 3377 2789 3427 tanto
2829 3375 3092 3446 majorem
3141 3358 3574 3443 misericordiam

2005 3453 2394 3522 consequitur,
2436 3471 2537 3513 nec
2567 3471 2892 3531 prorogatur
2915 3465 3034 3535 ejus
3062 3471 3393 3540 supplicium
3428 3478 3571 3534 ultra

2003 3547 2219 3611 tempus
2249 3543 2394 3614 quod
2439 3547 2488 3600 ei
2527 3557 2652 3617 post
2703 3549 3474 3620 fornicationem'conceditur
3515 3579 3575 3623 ut

2006 3645 2289 3704 peccatum
2341 3638 2540 3708 lugeat.
2592 3641 2655 3696 Et
2701 3645 2960 3714 quoniam
3017 3639 3231 3718 tempus
3283 3669 3570 3722 poenarum

2002 3738 2137 3792 quas
2183 3725 2271 3778 hic
2315 3727 2554 3794 patitur,
2607 3732 2738 3786 utile
2767 3741 2851 3787 est
2878 3733 2951 3787 illi
2977 3775 2993 3800 ,
3035 3735 3159 3808 ideo
3211 3738 3569 3799 fornicantem

2002 3814 2180 3881 poenis
2205 3814 2545 3871 adiciendum
2564 3821 2795 3876 curavit.
2813 3823 2880 3877 Et
2901 3823 2992 3878 ubi
3012 3839 3136 3897 eum
3165 3827 3321 3883 dolor
3336 3834 3568 3899 punivit,

2003 3903 2242 3974 viditque
2287 3904 2493 3961 doloris
2540 3908 2653 3979 jam
2706 3913 2842 3968 satis
2889 3928 3048 3981 esse,
3085 3917 3206 3971 ait”
3250 3937 3264 3974 :
3316 3920 3399 3976 Ne
3436 3924 3571 3990 forte

2000 3993 2162 4064 275
2209 3995 2585 4054 abundantiori
2633 4002 2856 4058 tristitia
2897 4005 3241 4064 absorbeatur
3285 4015 3376 4083 qui
3426 4015 3570 4085 ejus-

2000 4084 2142 4136 modi
2171 4093 2270 4150 est,
2301 4087 2608 4156 conﬁt-male
2630 4092 2685 4144 in
2713 4091 2868 4146 illum
2896 4095 3227 4154 cltaritntem.
3261 4098 3567 4173 Unusquis-

1999 4187 2106 4240 que
2139 4183 2386 4231 nostrum
2423 4193 2580 4233 suam
2612 4181 2726 4250 ipse
2757 4184 3146 4241 conscientiam
3198 4190 3485 4261 discutiat,
3513 4207 3569 4250 et.

1996 4263 2177 4319 videat
2218 4267 2347 4336 qttid
2395 4272 2717 4336 peccaverit.
2759 4271 3025 4337 Quoniam
3074 4291 3265 4345 poenas
3293 4279 3442 4337 luere
3473 4300 3570 4338 ne.

1996 4371 2147 4413 casse
2174 4366 2278 4422 est,
2305 4370 2422 4412 oret
2455 4359 2624 4414 Deum
2653 4373 2712 4416 ut
2740 4364 2826 4418 hic
2861 4364 3001 4434 ignis
3029 4365 3279 4424 Jeremiat
3305 4373 3484 4428 veniat
3509 4375 3563 4429 in

320 4458 469 4497 σατε
494 4446 582 4509 εις
601 4445 787 4498 αὐτὸν
806 4446 1065 4514 ἀγάπην.
1095 4449 1362 4513 Ἕκαστος
1393 4451 1550 4522 ἡμῶν
1580 4453 1890 4519 ἐξετασάτω

2007 4449 2172 4518 ipsum
2192 4489 2207 4516 ,
2242 4460 2296 4503 et.
2328 4459 2514 4528 postea
2543 4451 2631 4506 ille
2663 4467 2824 4522 quem
2857 4453 3045 4510 Simon
3089 4466 3143 4512 et
3168 4457 3436 4530 Cleopltas
3467 4479 3564 4519 ex-

318 4532 417 4604 τὴν
450 4534 750 4604 συνείδησιν
778 4535 1001 4601 ἑαυτοῦ,
1047 4537 1142 4590 καὶ
1185 4538 1340 4592 ἰδέτω
1380 4539 1434 4591 τί
1470 4541 1735 4612 ἥμαρτεν.
1769 4546 1890 4598 Ὅτι

2007 4537 2134 4606 perti
2178 4547 2327 4604 sunt,
2353 4553 2422 4593 ne
2454 4540 2607 4594 alteri
2655 4540 2766 4611 igni
2811 4555 3138 4600 reservetur.
3187 4547 3244 4602 Si
3277 4551 3421 4604 enim
3451 4569 3560 4610 non

315 4623 398 4676 δεῖ
427 4625 588 4678 αὐτὸν
616 4625 963 4695 κολασθῆναι,
994 4626 1237 4696 εὐχέσθω
1257 4628 1335 4699 τῷ
1362 4629 1482 4700 Θεῷ
1509 4631 1665 4686 τοῦτο
1690 4633 1750 4686 τὸ
1779 4633 1888 4704 πῦρ

2007 4628 2086 4682 hic
2115 4629 2294 4698 ignem
2330 4630 2558 4698 accepit,
2592 4631 2685 4684 sed
2709 4633 2969 4700 peccavit,
3000 4647 3054 4691 et
3087 4653 3196 4692 non
3226 4643 3456 4710 curavit,
3483 4645 3558 4699 illi

312 4714 378 4768 τὸ
410 4716 469 4768 ἐν
494 4713 572 4785 τῷ
613 4716 847 4788 Ἱερεμίᾳ
890 4717 1042 4786 ἥκειν
1071 4719 1159 4770 ἐπ’
1191 4719 1383 4773 αὐτόν·
1418 4723 1535 4776 εἶτα
1559 4725 1620 4776 τὸ
1666 4725 1760 4778 ἐπὶ
1801 4726 1888 4777 Σί-

2007 4719 2104 4788 ηεηὶ
2151 4719 2534 4774 reservabitur.
2570 4719 2637 4774 Et
2665 4721 2840 4790 factus
2869 4735 2946 4779 est
2991 4726 3045 4780 in
3076 4729 3231 4782 corde
3266 4745 3379 4785 meo
3401 4735 3555 4802 quasi

318 4822 474 4875 μωνα
512 4806 608 4860 καὶ
654 4805 920 4859 Κλεώπαν
962 4806 1217 4876 ἐληλυθὸς
1240 4849 1254 4872 ,
1305 4811 1392 4864 ἵνα
1436 4811 1510 4882 μὴ
1553 4813 1763 4884 τηρηθῇ
1799 4813 1876 4885 τῷ

2007 4807 2126 4875 ῖριιὶε
2152 4807 2536 4875 ardens,urens
2565 4810 2620 4862 in
2641 4809 2843 4865 ossibus
2869 4815 2996 4867 meis
3013 4831 3034 4879 ;
3054 4827 3102 4870 et
3129 4816 3416 4872 dissolutus
3437 4837 3554 4875 sum

313 4895 459 4965 ἄλλῳ
488 4896 648 4967 πυρί·
680 4898 729 4950 εί
759 4899 867 4968 γὰρ
903 4897 977 4969 μὴ
1007 4897 1194 4951 ἐλαϐεν
1239 4901 1427 4955 ἐνθάδε
1469 4903 1529 4955 τὸ
1561 4903 1706 4974 πῦρ,
1748 4905 1882 4960 ἁλλὰ

313 4987 408 5041 καὶ
438 4987 675 5059 ἥμαρτε,
705 4989 798 5042 καὶ
825 4988 887 5040 οὐ
917 4989 1266 5059 πεφρόντικε,
1298 4992 1665 5064 τηρηθήσεται
1693 4995 1884 5065 ἐκείνῳ

312 5075 390 5147 τῷ
423 5077 574 5148 πυρί.
602 5078 711 5132 Καὶ
749 5077 985 5148 ἐγένετο
1026 5080 1097 5134 ἐν
1135 5079 1210 5150 τῇ
1246 5082 1458 5150 καρδίᾳ
1493 5099 1613 5152 μου
1657 5085 1737 5148 ὡς
1764 5083 1883 5152 πῦρ

311 5167 629 5235 καιόμενον
649 5207 666 5232 ,
689 5171 1066 5240 φλεγόμενον
1092 5169 1162 5224 ἐν
1192 5170 1315 5236 τοῖς
1341 5170 1574 5238 ὀστέοις
1598 5191 1718 5241 μου
1739 5189 1752 5202 ·
1783 5173 1881 5228 καὶ

309 5257 586 5329 παρεῖμαι
623 5258 938 5326 πάντοθεν,
973 5261 1073 5319 καὶ
1107 5262 1181 5316 οὐ
1227 5261 1484 5331 δύναμαι
1516 5262 1720 5337 φέρειν
1737 5282 1752 5296 ο
1787 5264 1879 5321 ὅτι

305 5347 546 5417 ἤκουσα
582 5351 778 5420 ψόγον
801 5351 1047 5407 πολλῶν
1083 5351 1630 5423 συναθροιζομένων
1660 5357 1882 5410 κυκλό-

309 5441 430 5493 θεν.
471 5440 529 5493 ⁹Ο
557 5439 904 5511 ditauit-rogo
935 5443 1202 5515 μακάριος
1235 5443 1502 5515 Ἱερεμίας
1521 5484 1534 5505 .
1571 5445 1690 5498 καθ’
1718 5443 1880 5510 ὑπεξ-

304 5528 517 5600 αίρεσιν
543 5530 684 5598 λέγω
720 5531 909 5586 τούτου
943 5531 1038 5586 τοῦ
1084 5533 1281 5605 μικροῦ
1320 5536 1747 5606 ἁμαρτήματος,
1781 5535 1876 5588 καὶ

374 5723 394 5756 ’
425 5721 558 5780 an.
597 5741 745 5794 xxtv,
771 5726 861 5781 32.
939 5728 960 5760 ⁸
997 5727 1156 5784 Prov.
1191 5748 1322 5795 xxx,
1345 5734 1432 5789 το.
1513 5736 1534 5765 ⁹
1573 5734 1615 5787 ll
1641 5735 1768 5790 Cor.
1798 5750 1860 5799 ιι,
1899 5734 1952 5799 7,
1984 5735 2037 5788 8.

621 5819 889 5880 Ριιτιιοι..
931 5821 1046 5882 Gn.
1085 5824 1235 5884 Xlll

1988 4897 2239 4967 undique,
2269 4908 2318 4952 et
2350 4915 2452 4952 non
2475 4916 2685 4968 possum
2711 4905 2880 4972 ferre,
2917 4907 3046 4974 quia
3077 4907 3254 4961 audivi
3285 4911 3547 4979 vitupera-

1987 4990 2178 5044 tionem
2201 4990 2486 5045 multorum
2514 5005 2943 5064 congregatarum
2975 4997 3280 5068 undique“.
3312 4998 3553 5074 Inculpa-

1986 5086 2074 5134 tus
2102 5080 2293 5135 beatus
2322 5079 2586 5138 Jcremias
2605 5124 2620 5147 ,
2654 5095 2907 5155 excepto,
2945 5075 3188 5158 inquam,
3221 5091 3325 5147 hoc
3354 5095 3552 5164 exiguo

1986 5177 2231 5239 peccato,
2258 5177 2312 5226 ct
2355 5173 2400 5227 si
2430 5175 2576 5243 quod
2610 5175 2755 5231 aliud
2787 5177 2900 5230 leve
2932 5180 3286 5245 commiserit,
3317 5197 3347 5236 a
3380 5183 3552 5250 pluri-

1986 5259 2092 5315 mis
2145 5260 2581 5331 vituperabatur,
2637 5265 2729 5319 sed
2806 5265 3174 5323 multitudinis
3222 5269 3549 5340 vituperium

1986 5350 2107 5405 laus
2139 5361 2259 5406 erat
2290 5353 2338 5406 ei
2372 5354 2513 5422 apud
2540 5352 2730 5410 Deum.
2765 5351 3026 5411 Dicebant
3051 5357 3308 5412 nimirum
3341 5360 3552 5428 vitupe-

1984 5451 2196 5498 ratores
2220 5443 2309 5498 isti
2330 5445 2370 5475 “
2394 5462 2408 5498 :
2433 5444 2717 5513 lnsultate,
2743 5456 2792 5500 et
2819 5448 3132 5502 insultemus
3151 5446 3210 5502 in
3230 5463 3346 5503 eum
3373 5463 3550 5505 attines

1983 5533 2084 5586 viri
2104 5535 2260 5587 amici
2287 5534 2436 5602 ejus;
2461 5535 2727 5590 observate
2757 5546 2976 5591 mentem
3007 5539 3140 5607 ejus,
3171 5539 3217 5592 si
3237 5540 3546 5610 decipiatur.

2769 5737 2807 5766 "
2847 5737 2976 5793 ibid.
3013 5737 3096 5794 10.

3163 5826 3238 5887 Π

2119 5735 2160 5764 ’⁸
2196 5733 2308 5789 Jor.
2342 5749 2440 5800 xx,
2500 5737 2556 5800 ξι,
2595 5736 2672 5789 10.
