4122 6488
522 384 633 442 525
2006 395 2332 454 ORIGENIS
3696 417 3805 474 δυ

521 506 646 562 Alia
674 503 981 576 perniciosa
1017 508 1208 563 l‘raude
1230 508 1419 563 volunt
1450 523 1574 564 eum
1599 509 2021 578 circumvenire,
2047 529 2074 565 c

2206 513 2262 566 εἴ
2301 531 2352 566 τι
2395 513 2522 568 ἄλλο
2559 514 2730 587 βραχὺ
2778 515 3079 588 πεποίηκεν
3101 557 3116 582 ,
3152 518 3384 591 ἒψέγετο
3416 525 3522 579 ὑπὸ
3553 527 3798 586 πολλῶν·

521 598 800 653 contraria
836 597 911 651 illi
942 597 1010 653 de
1038 613 1146 668 qua
1177 597 1457 653 dixerat"
1485 616 1498 650 :
1532 598 1795 670 Decepisti
1831 617 1940 668 me,
1994 601 2102 656 Do-

520 692 681 755 mine,
712 698 762 746 et
791 690 1035 759 deceptus
1066 706 1206 744 sum.
1238 689 1299 744 Hi
1330 700 1512 746 autem
1539 693 1633 761 qui
1678 692 1732 746 in
1767 707 1893 747 eum
1930 694 2102 749 insul-

521 791 661 850 tant,
683 783 872 839 dicunt
892 782 957 836 ηε
977 780 1046 835 Et
1063 783 1467 851 pravalebimus
1486 784 1555 848 ei,
1575 794 1623 839 et
1643 801 1909 839 sumemus
1936 785 2102 839 vindi-

519 886 661 932 ctam
688 886 924 933 nostram
959 893 1025 932 ea:
1052 894 1131 932 eo.
1164 876 1367 931 Putant
1393 877 1651 947 injuriam
1695 892 1754 933 se
1781 892 1977 948 passos
2006 879 2100 948 qui

519 970 588 1027 de
609 970 726 1027 suis
751 970 967 1026 delictis
993 970 1237 1026 accusati
1267 978 1397 1025 sunt
1416 1010 1430 1035 ,
1468 978 1522 1024 et
1556 970 1679 1025 ideo
1709 984 1774 1024 ex
1816 969 1918 1024 hac
1949 970 2098 1040 inju-

515 1065 614 1121 ria
636 1063 892 1136 opinione
916 1063 1135 1118 dicunt:
1156 1061 1225 1115 Et
1256 1079 1523 1117 sumemus
1550 1061 1837 1116 vindictam
1861 1074 2097 1118 nostram

508 1174 583 1213 ea:
609 1172 692 1212 eo.
726 1154 857 1211 Tale
887 1154 1019 1225 quid
1049 1161 1281 1224 egerunt
1310 1155 1404 1223 qui
1440 1152 1636 1209 lsaiam
1674 1166 1986 1223 secuerunt,
2023 1158 2098 1213 si-

515 1249 739 1320 quidem
764 1257 1027 1318 tanquam
1058 1247 1320 1317 injuriam
1365 1247 1509 1316 passi
1541 1247 1824 1317 (quoniam
1855 1250 2096 1319 prophe-

510 1341 605 1397 tia:
633 1340 804 1411 ipsius
827 1339 1240 1406 convertebant,
1282 1347 1338 1393 et
1381 1338 1681 1408 puniebant
1707 1340 1840 1408 eos)
1867 1353 2096 1395 accusa-

511 1441 673 1497 runt,
700 1432 1057 1502 inereparunt
1074 1472 1091 1499 ,
1117 1441 1411 1487 secuerunt
1439 1431 1614 1495 illum,
1645 1433 1950 1500 mortisque
1971 1446 2096 1487 sen-

504 1524 738 1580 tentiam
766 1525 820 1580 in
849 1538 975 1580 eum
1006 1523 1271 1579 tulerunt.
1298 1521 1404 1577 Sed
1423 1522 1509 1576 his
1531 1522 1789 1578 omnibus
1820 1522 2094 1578 insultan-

511 1616 660 1672 tibus
687 1616 955 1670 Jeremias
992 1614 1070 1668 ait
1099 1614 1179 1667 ":
1208 1613 1468 1667 Dominus
1504 1622 1680 1667 autem
1710 1629 1910 1666 mecum
1938 1611 2095 1684 quasi

511 1708 735 1763 bellator
766 1707 945 1776 fortis.
972 1704 1028 1760 Si
1060 1704 1330 1760 fuerimus
1350 1704 1542 1776 quales
1571 1719 1674 1760 nos
1708 1719 1830 1760 esse
1854 1714 2091 1776 oportet,

507 1807 565 1854 et
588 1799 769 1870 ignem
792 1780 958 1854 istum
983 1796 1379 1867 acceperimus,
1415 1796 1469 1850 in
1500 1803 1723 1866 peccata
1759 1803 1946 1850 nostra
1980 1810 2090 1849 non

2210 602 2357 691 ἀλλᾷ
2377 604 2405 657 δ
2433 604 2537 657 ὑπὸ
2568 604 2676 659 τῶν
2719 604 2928 662 πολλῶν
2960 607 3128 677 ψόγος
3162 611 3308 682 αὑτῷ
3337 612 3613 686 ἐγκώμιον
3646 618 3803 691 napi

2203 694 2324 765 Θεῷ
2340 690 2410 765 ἦν
2433 712 2446 726 ·
2470 695 2652 765 ἔλεγον
2680 696 2788 767 γὰρ
2815 699 2863 750 οἱ
2890 697 3152 768 ψέγοντες
3176 718 3189 731 ·
3237 703 3665 775 Ἐπτσύυ-τητε,
3699 690 3801 767 καὶ

2202 784 2622 856 ἐπισυστῶμεν
2636 786 2796 853 αὐτῷ
2816 788 3038 857 πάντες
3060 791 3275 860 ἄνδρες
3293 795 3456 863 φίλοι
3476 799 3685 854 αὐτοῦ·
3702 816 3800 871 τη-

2195 877 2425 945 ρήσατε
2435 878 2549 947 τὴν
2558 879 2828 935 ἐπίνοιαν
2837 882 3046 947 αὑτοῦ,
3059 885 3110 937 εὶ
3120 886 3567 957 ἁπατηθήσεται
3576 932 3588 945 .
3600 892 3798 967 Ἄλλην

2201 971 2416 1043 ἀπάτην
2448 971 2728 1027 ὲὸούλοντο
2756 973 2920 1028 αὐτὸν
2953 976 3233 1047 ἀπατῆσαι
3258 978 3521 1051 ὀλέθριον,
3546 985 3794 1038 ἐναντίαν

2199 1063 2266 1132 τῇ
2297 1063 2479 1134 ἀπάτῃ
2499 1103 2514 1128 ,
2553 1066 2679 1137 περὶ
2704 1060 2772 1137 ἧς
2803 1061 2956 1119 εἷπεν
2979 1084 2991 1098 ·
3037 1067 3382 1136 Ἡπάτησάς
3410 1089 3487 1140 με
3507 1111 3522 1135 ,
3570 1076 3750 1143 Κύριε
3774 1118 3789 1141 ,

2200 1152 2297 1205 καὶ
2342 1152 2679 1223 ἠπατήθην.
2728 1156 2960 1224 Λέγουσι
3004 1157 3060 1211 δὲ
3107 1154 3253 1215 οὗτοι
3316 1162 3792 1236 ἐπισυνιστάμενα

2199 1239 2348 1311 αὐτῷ
2367 1258 2380 1271 ·
2415 1242 2526 1295 Καὶ
2552 1241 2942 1313 δυνησόμεθα
2984 1244 3166 1311 αὐτῷ,
3193 1247 3290 1300 καί
3319 1250 3637 1317 ληψόμεθα
3673 1251 3788 1318 τὴν

2197 1329 2513 1399 ἐκδίκησιν
2553 1333 2722 1402 ἡμῶν
2763 1333 2834 1399 ἐξ
2888 1335 3096 1389 αὑτοῦ.
3147 1334 3366 1391 Οῖονται
3417 1339 3705 1410 ἠδικῆσθαι
3736 1342 3786 1396 oi

2200 1420 2551 1491 ἐλεγχθέντες
2574 1424 2667 1476 ἐπὶ
2694 1426 2815 1488 ταῖς
2845 1424 3002 1486 ίδίαις
3025 1426 3325 1497 ἁμαρτίαις
3342 1446 3355 1460 ·
3373 1430 3464 1481 καὶ
3491 1429 3577 1482 διὰ
3607 1429 3785 1496 τοῦτο,

2197 1512 2472 1582 οἰηθέντες
2505 1515 2826 1587 ἠδικῆσθαι,
2866 1515 3121 1585 λέγουσι’
3173 1520 3498 1587 Ληψόμεθα
3539 1519 3655 1589 τὴν
3691 1522 3790 1577 ὲκ-

2196 1596 2445 1667 δίκησιν
2486 1600 2654 1670 ἡμῶν
2685 1603 2755 1668 ἐξ
2783 1605 2990 1659 αὐτοῦ.
3027 1605 3281 1660 Τοιοῦτόν
3313 1624 3366 1660 τι
3412 1612 3782 1681 πεποιήκασιν

2195 1688 2245 1739 οἱ
2281 1690 2373 1741 καὶ
2399 1690 2491 1742 τὸν
2525 1691 2755 1746 Ἡσαΐαν
2791 1694 3103 1765 πρίσαντες.
3143 1696 3232 1760 Ὠς
3260 1696 3609 1769 ἀδικηθέντες
3635 1701 3743 1773 γὰρ
3766 1741 3784 1767 ,

2197 1778 2493 1852 ἐπειδήπερ
2539 1782 2594 1834 αί
2643 1786 2970 1854 προφητεῖαι
3015 1783 3352 1857 ἐπέστρεφον
3401 1788 3634 1854 αὐτοὺς,
3689 1791 3786 1845 καὶ

510 1845 564 1854 ν-
588 1845 769 1870 τη---
792 1845 958 1854 ---ν-
985 1845 1379 1867 _---,_--__-,
1500 1845 1723 1866 tum“
1759 1845 1946 1850 ---η-

507 1908 669 1949 secus
700 1906 767 1947 ac
798 1892 853 1945 in
881 1888 1175 1946 Jeremiam
1223 1888 1457 1959 ejusque
1503 1886 1714 1943 similes
1740 1888 2079 1952 venientem,

2196 1845 2702 1959 ἐκόλαζον-αὑτοὺς.
2727 1845 2978 1944 ἠλέγχον,
3009 1845 3307 1946 ἐπετίμων,
3341 1845 3779 1949 ἔπρισανταύτδν,

501 1984 773 2039 Dominus
802 1981 1043 2053 posthaec
1077 1980 1365 2036 nobiscum
1392 1986 1478 2034 est
1506 1976 1665 2046 quasi
1714 1976 1944 2032 bellator
1978 1977 2093 2032 ior-

501 2072 599 2128 tis.
633 2070 703 2125 Et
735 2071 936 2124 idcirco
967 2069 1229 2139 persecuti
1252 2078 1408 2131 sunt,
1452 2075 1502 2121 et
1532 2065 1825 2137 intelligere
1856 2084 1961 2122 non
1995 2085 2091 2139 po-

499 2172 717 2219 tuerunt
738 2163 803 2217 ¹⁸.
852 2160 957 2228 Qui
997 2160 1464 2231 persequebantur
1492 2174 1617 2216 eum
1646 2157 1818 2214 Judaei
1837 2199 1853 2226 ,
1881 2160 2090 2231 confusi

492 2265 626 2311 sunt
686 2256 1010 2309 vehementer
1065 2265 1115 2308 et
1172 2270 1278 2307 non
1333 2252 1705 2307 intellexerunt
1768 2254 2086 2323 ignominias

494 2366 628 2406 suos
654 2351 718 2405 “.
754 2349 931 2405 Tanto
957 2357 1202 2418 tempore
1228 2347 1529 2419 ignominia
1560 2346 1734 2401 affecti
1753 2383 1770 2413 ,
1816 2361 1923 2402 non
1950 2361 2085 2402 con-

496 2444 722 2499 ﬁtentur
766 2449 990 2513 peccata
1031 2454 1154 2496 sua.
1197 2438 1471 2505 Quoniam
1503 2437 1770 2493 Dominus
1798 2444 1920 2494 erat
1957 2452 2082 2492 cum

492 2553 563 2594 eo
613 2536 711 2608 qui
762 2532 1199 2606 persecutionem
1243 2531 1574 2602 patiebatur,
1625 2545 1734 2587 non
1775 2539 1992 2600 poterat
2027 2530 2083 2584 in

491 2643 689 2685 eorum
726 2634 1054 2699 potestatem
1078 2622 1285 2681 venire.
1325 2619 1581 2692 Nunquid
1623 2635 1756 2677 vero
1783 2621 1929 2677 sicut
1958 2619 2082 2690 plu-

492 2721 636 2777 rima
663 2717 917 2776 Ieremia
948 2716 1264 2773 referuntur
1290 2712 1358 2768 ad
1388 2711 1756 2779 Salvatorem.
1784 2711 1890 2769 hoc
1915 2712 2083 2767 etiam

492 2820 676 2884 potest
697 2824 823 2868 esse
850 2807 1198 2865 istiusmodi?
1216 2803 1487 2859 Insultote
1509 2802 1743 2869 enim,et
1765 2800 2080 2856 insultemus

490 2907 552 2959 in
580 2919 723 2970 eum,
752 2902 917 2958 etiam
939 2900 1010 2955 de
1032 2898 1315 2954 Salvatore
1341 2895 1547 2950 dictum
1580 2901 1685 2949 est.
1703 2891 1793 2949 .Et
1820 2891 2080 2949 Dominus

487 3004 761 3052 eratcum
789 3005 857 3048 eo
900 3000 1152 3062 tanquam
1183 2987 1406 3043 bellator
1436 2986 1614 3056 fortis.
1644 2983 1858 3039 Idcirco
1898 3000 2078 3053 perse-

491 3086 606 3142 cuti
636 3092 785 3147 sunt,
805 3092 855 3137 et
885 3081 1178 3151 intelligere
1206 3094 1311 3133 non
1342 3085 1630 3148 potuerunt
1654 3076 1749 3146 qui
1778 3091 2080 3147 perseque-

2193 1956 2288 2011 καὶ
2317 1961 2677 2016 κατεδίκασαν
2706 1963 2871 2017 αὑτοῦ
2900 1964 3081 2035 ψῆφον
3120 1965 3436 2040 θανατικήν.
3473 1970 3637 2023 Ἀλλά
3678 1988 3783 2042 φη-

2193 2063 2278 2101 σιν
2306 2050 2335 2101 ό
2366 2049 2637 2121 Ἱερεμίας
2666 2053 2758 2106 ἐπὶ
2789 2053 3000 2120 τούτοις
3033 2058 3146 2120 τοῖς
3186 2059 3542 2114 έπισυστᾶσιν
3563 2079 3576 2093 ·
3626 2063 3680 2115 ’0
3711 2062 3782 2117 δὲ

2188 2137 2403 2205 Κύριος
2443 2139 2570 2208 μετ’
2613 2141 2759 2209 ἐμοῦ
2802 2143 2997 2209 καθὼς
3038 2145 3319 2215 μαχητὴς
3352 2150 3604 2217 ἰσχύων.
3650 2151 3777 2206 Ἐὰν

2187 2226 2473 2298 γενώμεθα
2502 2230 2720 2294 ὁποίους
2747 2234 2894 2303 ἡμᾶς
2933 2229 3070 2288 εἶναι
3099 2236 3226 2308 χρὴ,
3259 2240 3352 2290 και⁵
3382 2238 3443 2292 τὸ
3468 2239 3579 2311 πῦρ
3604 2242 3781 2297 έκεῖνο

2186 2316 2621 2388 παραδεξιὶῳεθα
2647 2358 2661 2383 ,
2695 2322 2787 2373 ὲπὶ
2817 2324 2937 2385 ταῖς
2962 2324 3262 2395 ἡμετέραις
3289 2327 3587 2397 ἁμαρτίαις
3617 2330 3773 2401 ἐρχό-

2188 2424 2377 2477 μενον,
2409 2409 2485 2473 ῶς
2513 2409 2590 2480 τῷ
2622 2412 2858 2484 Ἱερεμίᾳ
2904 2415 2998 2466 καὶ
3036 2417 3149 2478 τοῖς
3193 2417 3422 2488 ὁμοίοις,
3458 2418 3660 2490 Κύριος
3682 2420 3769 2490 γί-

2185 2516 2335 2552 νεται
2373 2499 2512 2570 μετὰ
2540 2502 2712 2555 ταῦτα
2742 2503 2861 2573 μεθ’
2885 2506 2918 2575 ἡ
2929 2505 3043 2575 μῶν
3059 2506 3244 2571 καθὼς
3270 2510 3522 2581 μαχητὴς
3550 2511 3765 2582 ἰσχύων.

2185 2592 2298 2648 Καὶ
2320 2592 2418 2648 διὰ
2439 2594 2615 2649 τοῦτο
2640 2595 2915 2663 ἐδίωξαν,
2939 2598 3035 2651 καὶ
3066 2598 3286 2668 νοῆσαι
3309 2602 3421 2655 οὐκ
3447 2602 3766 2671 ἠδύναντο.

2184 2684 2247 2736 Ui
2294 2681 2585 2749 διώκοντες
2629 2685 2792 2739 αὐτὸν
2848 2686 3125 2755 Ἰουδαῖοι,
3174 2690 3579 2760 ᾐσχύνθησαν
3619 2694 3770 2763 σφό-

2181 2772 2314 2843 δρα,
2339 2775 2437 2829 καὶ
2467 2776 2579 2829 οὐκ
2607 2775 2877 2844 ἐνόησαν
2894 2777 3133 2848 ἀτιμίας
3158 2780 3377 2835 αὐτῶν.
3412 2782 3503 2837 Ἐν
3534 2783 3771 2855 τοσούτῳ

2181 2864 2357 2937 χρόνῳ
2399 2865 2786 2937 ἀτιμαζόμενοι
2832 2868 2893 2921 οὐ
2935 2868 3185 2940 λέγουσιν
3220 2871 3428 2927 ἑαυτῶν
3464 2874 3566 2938 τὰς
3592 2876 3774 2950 ἀμαρ-

2179 2955 2321 3019 τίας.
2347 2956 2482 3009 Ὀτι
2520 2956 2727 3028 Κύριος
2771 2952 2840 3029 ἦν
2885 2959 3024 3030 μετὰ
3053 2960 3149 3014 τοῦ
3180 2961 3511 3033 διωκομένου
3531 3003 3547 3030 ,
3580 2965 3679 3019 καὶ
3708 2966 3770 3019 οὐ

2181 3047 2405 3101 δύναται
2437 3047 2748 3120 ὑποχείριος
2776 3050 2963 3115 αὐτοῖς
2990 3051 3246 3120 γενέσθαι
3271 3052 3621 3125 διωκόμενος.
3651 3056 3773 3127 Μήο

1104 3170 1326 3239 Coufusi
1345 3134 1472 3222 sunt
1507 3134 1856 3232 uehementer,
1888 3175 1940 3221 et
1961 3134 2076 3222 ἰιοη

2183 3155 2313 3192 ποτε
2341 3134 2435 3193 οὖν
2467 3139 2543 3203 ὡς
2572 3140 2741 3195 πολλὰ
2780 3140 2873 3195 τοῦ
2906 3140 3174 3214 Ἰερεμίου
3204 3144 3540 3217 ἀναφέρεται
3572 3148 3651 3211 τίς
3676 3147 3771 3201 τὸν

489 3265 865 3321 intellexerunt
894 3261 1218 3334 ignominias
1247 3274 1395 3315 suas.
1431 3255 1609 3311 Tanto
1639 3265 1883 3326 tempore
1911 3253 2076 3312 dede-

488 3373 621 3415 core
644 3358 818 3413 a‘ll'ccti
847 3358 1046 3412 delicta
1076 3370 1176 3410 sua
1218 3368 1327 3408 non
1354 3352 1685 3407 conﬁtentur
1710 3364 1833 3419 qua:
1860 3363 1956 3418 per
1980 3362 2077 3404 sat-

488 3454 673 3509 culum
708 3465 817 3506 non
854 3450 1136 3506 tradentur
1160 3445 1445 3502 oblivioni.
1497 3444 1603 3499 Sed
1632 3450 1829 3514 putant
1870 3442 1926 3496 in
1971 3440 2075 3496 hoc

481 3543 655 3616 276
682 3543 884 3599 sarculo
928 3540 1047 3597 fore
1095 3548 1155 3595 ut
1198 3537 1516 3609 iniquitates
1564 3550 1758 3591 eorum
1808 3531 2073 3590 oblivioni

482 3636 809 3704 tradantur;
837 3649 940 3690 nos
961 3647 1095 3689 vero
1116 3631 1367 3686 videmus
1395 3644 1588 3685 eorum
1636 3627 1955 3697 iniquitates
1974 3641 2072 3696 per

484 3727 747 3783 saculum
807 3741 917 3781 non
967 3739 1090 3782 esse
1141 3721 1403 3779 oblivioni
1452 3718 1768 3787 tradendus,
1799 3720 1963 3790 idque
1990 3720 2071 3774 vi-

483 3819 674 3874 dentes
704 3819 759 3873 in
807 3818 1128 3873 memoriam
1175 3827 1497 3869 revocamus
1530 3812 1675 3867 istud
1697 3812 1779 3865 "z
1812 3810 1943 3866 Noli
1985 3811 2071 3865 al-

477 3919 598 3966 tum
626 3926 829 3980 sapere,
863 3909 953 3964 sed
982 3911 1129 3963 time.
1154 3906 1219 3963 Si
1250 3908 1389 3962 enim
1431 3905 1572 3960 Deus
1602 3904 1943 3960 naturalibus
1980 3921 2071 3959 ra-

482 4007 583 4060 mis
628 4019 731 4058 non
770 4002 1036 4071 pepercit,
1089 4008 1298 4070 quanto
1347 3998 1522 4068 magis
1571 4006 1771 4067 prater
1813 4005 2066 4054 naturam

476 4094 706 4152 insertis
731 4107 840 4147 non
868 4090 1089 4156 parcet?
1117 4086 1383 4163 Dominus
1406 4087 1575 4155 igitur
1589 4090 1852 4142 virtutum
1884 4088 2069 4145 nobis-

480 4204 629 4253 cum,
655 4184 881 4255 probans
896 4183 1068 4252 justo.
1096 4180 1395 4250 intelligens
1425 4196 1571 4235 renes
1601 4189 1651 4235 et
1685 4182 1846 4236 corda
1869 4181 1931 4235 ι’.
1958 4181 2068 4238 Do-

476 4280 665 4335 minus
699 4278 895 4348 probat
939 4274 1158 4346 quidem
1212 4272 1396 4341 justa,
1437 4273 1693 4343 reprobat
1736 4283 1919 4329 autem
1956 4274 2064 4329 ini-

477 4387 618 4442 qua,
646 4377 700 4424 ct
732 4380 847 4432 est,
882 4378 943 4423 ut
992 4369 1066 4423 ita
1113 4367 1329 4431 dicam,
1374 4366 1639 4437 trapezita
1687 4367 1960 4435 iustorum
2011 4375 2067 4422 et

479 4461 816 4530 iniquorum.
873 4456 975 4514 Hic
1016 4474 1181 4528 porro
1211 4457 1481 4514 Dominus
1530 4457 1783 4527 intelligit
1813 4472 1973 4513 renes
2008 4466 2065 4513 et

466 4553 663 4609 corda.
727 4549 925 4616 Quaero
976 4548 1110 4619 quid
1157 4547 1373 4606 differat
1439 4548 1743 4620 intelligere
1794 4564 1956 4606 renes
2006 4559 2064 4606 et
2092 4534 2141 4591 Ῑ)

466 4644 663 4700 corda.
708 4639 810 4697 Hic
855 4641 1076 4712 quidem
1112 4640 1374 4711 scriptum
1421 4651 1505 4697 cst
1542 4643 1722 4711 ipsum
1762 4643 2063 4714 intelligere

475 4751 638 4793 renes
662 4743 718 4789 et
748 4734 935 4790 corda.
961 4732 1028 4789 At
1064 4733 1321 4789 fortassis
1352 4733 1501 4788 aliud
1527 4735 1598 4790 sit
1629 4735 1934 4807 intelligere
1967 4751 2059 4792 re-

2180 3228 2411 3299 Σωτῆρα
2432 3271 2446 3297 ,
2498 3229 2593 3282 καὶ
2640 3229 2796 3284 τοῦτο
2837 3229 3060 3286 δύναται
3099 3233 3340 3288 τοιοῦτον
3387 3231 3559 3301 εῖναις
3614 3237 3767 3293 Ἐπί·

2184 3320 2455 3388 σύστητε
2481 3319 2611 3393 γὰρ,
2626 3322 2731 3376 καί
2761 3321 3186 3393 ἐπισυστῶμεν
3213 3325 3395 3391 αὐτῷ,
3432 3326 3646 3398 εἴρηται
3674 3329 3768 3383 καὶ

2176 3412 2269 3466 ἐπὶ
2300 3411 2396 3466 τοῦ
2433 3413 2705 3484 Σωτῆρος.
2750 3412 2862 3467 Καὶ
2896 3415 3113 3482 Κύριος
3154 3411 3223 3487 ἦν
3268 3419 3387 3486 μετ’
3423 3417 3589 3470 αὐτοῦ
3625 3422 3766 3473 καθ·-

2173 3498 2254 3566 ὼς
2293 3499 2576 3569 μαχητὴς
2630 3500 2879 3569 ἰσχύων.
2938 3499 3045 3554 Διὰ
3094 3501 3265 3555 τοῦτο
3318 3500 3609 3566 ἐδίωξαν,
3661 3502 3764 3556 και

2172 3588 2392 3658 νοῆσαι
2422 3591 2530 3643 οὐκ
2554 3588 2857 3657 ἠδύναντο
2890 3590 2939 3642 oi
2969 3588 3254 3654 διώκοντες
3282 3589 3440 3643 αὑτὸν
3476 3590 3718 3644 Ἰουδαῖοι
3740 3605 3755 3621 ’

2173 3681 2576 3751 ᾐσχύνθησαν
2628 3680 2895 3751 σφόδρα,
2932 3682 3031 3734 καὶ
3084 3670 3194 3736 οὐκ
3229 3682 3494 3750 ἐνόησαν
3525 3682 3755 3751 ἀτιμίας

2170 3772 2388 3829 αὐτῶν.
2424 3774 2515 3828 Ἐν
2535 3773 2777 3845 τοσούτῳ
2798 3774 2977 3845 χρόνῳ
3004 3773 3395 3846 ἀτιμαζόμενοι
3421 3775 3483 3830 οὐ
3511 3774 3762 3845 λέγουσιν

2171 3864 2383 3918 ἑαυτῶν
2415 3863 2515 3928 τὰς
2543 3865 2852 3938 ἁμαρτίας,
2885 3866 2942 3918 αἳ
2986 3864 3053 3918 δι’
3083 3864 3280 3928 αίῶνος
3323 3867 3425 3919 οὐκ
3470 3864 3765 3939 ίπιλησθήη

2171 3971 2354 4009 σονται
2374 3972 2388 3986 ·
2418 3954 2535 4008 ἀλλ’
2553 3954 2774 4017 οἴονται,
2790 3955 2874 4007 δτι
2901 3956 2959 4008 ὲν
2983 3953 3061 4026 τῷ
3088 3953 3245 4010 αἰῶνι
3273 3955 3448 4028 τούτῳ
3467 3956 3758 4031 ὲπιλησθή·

2170 4061 2352 4099 σονται
2379 4046 2561 4101 αὐτῶν
2592 4047 2647 4098 al
2679 4044 2921 4116 ἀνομίαι.
2964 4045 3156 4117 Ἦμιις
3194 4045 3252 4099 δὲ
3299 4047 3539 4118 δρῶμεν,
3570 4049 3652 4102 ὅτι
3694 4048 3760 4102 δι’

2168 4133 2363 4198 αίῶνος
2400 4133 2581 4188 αὐτῶν
2628 4135 2683 4186 αἱ
2717 4134 2939 4205 ἀνομίαι
2980 4136 3081 4189 οὐκ
3134 4134 3592 4208 ὲπιλησθήσονται
3615 4155 3630 4169 ’
3665 4139 3761 4193 καὶ

2166 4218 2404 4289 δρῶντες
2440 4218 2767 4291 μεμνήμεθα
2793 4218 2888 4271 τοῦ
2915 4257 2931 4283 ,
2980 4217 3077 4288 Μὴ
3115 4220 3529 4289 ὑψηλοφρόνει
3552 4261 3567 4286 ,
3598 4223 3763 4276 ἀλλὰ

2165 4309 2373 4379 φοϐοῦ.
2409 4310 2613 4380 Εὶγὰρ
2661 4314 2694 4365 ό
2746 4311 2892 4377 Θεὸς
2920 4309 3040 4365 τῶν
3073 4312 3226 4367 κατὰ
3273 4313 3463 4380 φύσιν
3521 4313 3762 4368 κλάδων

2166 4403 2275 4457 οὐκ
2311 4402 2592 4471 ἐφείσατο
2613 4441 2627 4464 ,
2662 4403 2833 4469 πόσῳ
2855 4402 3099 4470 μᾶλλον
3123 4402 3243 4456 τῶν
3266 4403 3428 4471 παρὰ
3468 4405 3659 4472 φύσιν
3686 4405 3761 4457 οὐ

2165 4488 2471 4557 φείσεται;
2518 4487 2726 4559 Κύριος
2766 4485 2861 4541 οὖν
2915 4488 3025 4543 τῶν
3069 4489 3352 4561 δυνάμεων
3398 4490 3516 4560 μεθ’
3564 4491 3758 4562 ἡμῶν,

2167 4577 2497 4648 δοκιμάζων
2530 4579 2733 4632 δίκαια
2753 4618 2767 4641 ,
2796 4578 3027 4633 συνιὼν
3067 4581 3329 4650 νεφροὺς
3355 4580 3456 4635 καί
3486 4581 3758 4649 καρδίας.

2178 4665 2238 4720 Ὀ
2276 4667 2481 4740 Κύριος
2519 4667 2805 4739 δοκιμάζει
2851 4668 2949 4738 μὲν
2982 4669 3167 4722 δίκαια
3197 4710 3213 4736 ,
3261 4669 3655 4741 ἀποδοκιμάζει
3700 4670 3758 4723 δί

2163 4757 2343 4820 ἄδικα,
2372 4760 2467 4813 καὶ
2499 4759 2666 4824 ἔστιν,
2701 4759 2787 4813 ἵνα
2809 4757 2984 4822 οὕτως
3012 4761 3286 4831 ὀνομάσω,
3314 4762 3651 4831 τραπεζίτης
3672 4762 3753 4832 (τ)

475 4846 578 4887 nes
618 4838 672 4885 et
703 4828 904 4897 corda,
946 4827 1093 4903 aliud
1133 4827 1366 4885 scrutari
1399 4827 1566 4883 corda
1609 4836 1665 4883 et
1710 4843 1889 4885 renes.
1939 4828 2061 4886 Non

2181 4847 2387 4902 ῑικαίων
2419 4848 2515 4903 καὶ
2549 4849 2782 4903 ἀδίκων·
2810 4842 2969 4912 οὗτος
3009 4848 3066 4902 δὲ
3111 4827 3377 4922 δΚύριος
3422 4852 3516 4905 καὶ
3556 4827 3757 4907 συνιιίιν

467 4923 721 4980 omnium
754 4929 1029 4978 scrutatur
1057 4920 1222 4976 corda
1250 4927 1305 4975 et
1336 4933 1520 4988 renes,
1551 4920 1647 4976 sed
1682 4930 2055 4991 peccatorum.

469 5013 533 5069 In
562 5011 866 5084 signiﬁcato
887 5012 1032 5068 enim
1056 5012 1206 5067 verbi
1236 5009 1403 5081 hujus
1433 5021 1644 5067 scrutor
1666 5014 1880 5083 insisto,
1907 5018 2055 5087 quod

471 5105 527 5160 in
564 5105 669 5161 hac
694 5107 803 5160 vita
832 5104 1034 5160 dicitur
1065 5104 1131 5160 de
1162 5104 1230 5161 iis
1264 5104 1358 5176 qui
1407 5111 1733 5174 torquentur
1778 5108 1831 5161 in
1882 5109 2057 5164 tribu-

471 5196 709 5261 nalibus,
730 5196 822 5252 ubi
844 5195 935 5251 alii
965 5197 1185 5267 quidem
1215 5196 1574 5268 quaestionem
1592 5195 1819 5265 habent,
1842 5198 1910 5254 de
1932 5200 2055 5257 aliis

468 5287 702 5359 quaestio
731 5287 984 5347 habetur.
1005 5296 1061 5343 et
1091 5289 1147 5342 hi
1176 5288 1229 5342 in
1261 5285 1603 5359 gravissimis
1629 5287 1908 5347 doloribus
1930 5307 2051 5348 ver-

470 5387 685 5434 santur.
728 5375 987 5434 Tortores
1017 5378 1202 5448 itaque
1230 5386 1548 5434 scrutantur
1577 5379 1770 5449 latera,
1800 5394 2053 5441 scrutan-

2164 4941 2280 4993 ὲστι
2302 4938 2533 5010 νεφροὺς
2567 4939 2661 4993 καὶ
2688 4939 2936 5011 καρδίας.
2962 4939 3122 5010 Ζητῶ
3151 4941 3204 4994 τί
3231 4940 3477 5013 διαφέρει
3498 4941 3561 4994 τὸ
3584 4942 3756 4996 συνιό-

2162 5046 2250 5083 ναι
2282 5028 2515 5101 νεφροὺς
2553 5030 2649 5082 καὶ
2694 5028 2924 5101 καρδίας
2969 5028 3069 5099 (2).
3130 5028 3351 5083 Ἐνθάδε
3383 5030 3486 5102 μὲν
3518 5027 3614 5087 οὖν
3659 5031 3758 5101 γέ-

2162 5137 2426 5192 γραπται,
2460 5120 2543 5173 δτι
2574 5119 2770 5175 συνιών
2799 5122 2916 5174 ἐστι
2965 5122 3197 5193 νεφροὺς
3226 5122 3317 5176 καὶ
3359 5123 3605 5195 καρδίας.
3641 5124 3756 5178 Καὶ

2166 5214 2377 5285 μήποτε
2429 5212 2556 5267 ἀλλο
2590 5212 2708 5266 ἐστὶ
2738 5213 2799 5266 τὺ
2828 5214 3066 5268 συνιέναι
3102 5215 3334 5287 νεφροὺς
3362 5215 3459 5268 καὶ
3490 5213 3751 5286 καρδίας,

2162 5300 2291 5357 ἄλλο
2329 5302 2391 5355 τὸ
2427 5299 2639 5366 ὲτάζειν
2691 5302 2922 5374 καρδίας
2967 5303 3063 5356 καὶ
3109 5302 3363 5376 νεφρούς.
3408 5305 3483 5358 Οὐ
3530 5303 3750 5360 πάντων

2163 5389 2344 5454 ἐτάζει
2368 5389 2597 5461 καρδίας
2630 5388 2726 5443 καὶ
2751 5393 3004 5465 νεφροὺς,
3028 5391 3167 5446 ἀλλά
3188 5392 3296 5446 τῶν
3317 5392 3744 5463 ἡμαρτηκότων

540 5511 586 5546 ⁸⁸
621 5508 825 5569 Jerem.
857 5526 953 5578 xx,
987 5512 1039 5566 7.
1119 5511 1163 5545 ⁸³
1202 5511 1334 5567 ibid.
1368 5510 1455 5567 10.
1535 5515 1580 5545 ¹⁵
1618 5513 1751 5569 ibid.
1786 5516 1873 5571 il.
1953 5520 1996 5551 “
2037 5520 2079 5576 il

2251 5523 2296 5552 "
2336 5521 2469 5575 ibid.
2551 5521 2593 5551 ³⁷
2636 5519 2798 5578 Rom.
2838 5538 2912 5586 ιι,
2942 5522 3017 5577 20
3076 5523 3164 5577 21.
3241 5524 3284 5554 ³⁸
3302 5521 3613 5587 Jerem.xx,
3654 5516 3744 5579 19.

547 5650 626 5723 (l)
656 5651 1027 5728 Ξραπεζίτης.
1058 5651 1260 5728 Alludit
1292 5653 1358 5728 ari
1393 5654 1598 5728 dictum
1618 5656 1807 5728 _illud:
1838 5655 2050 5728 δόκιμοι

468 5720 794 5793 τραπεζῖται
823 5720 1071 5790 γίνεσθε,
1111 5725 1260 5793 quod
1293 5724 1512 5780 Christo
1542 5741 1570 5779 a
1618 5724 1868 5781 Patribus
1911 5720 2054 5782 anti-

466 5791 599 5855 quis
630 5791 911 5858 tribuitur,
943 5807 1044 5847 nec
1073 5791 1146 5846 ini
1164 5791 1317 5848 Novo
1362 5804 1546 5850 tamen
1584 5793 1935 5852 Testamento
1965 5813 2049 5853 re-

2541 5733 2598 5786 τί
2627 5731 2893 5814 διαφέρει
2931 5732 2998 5786 τὸ
3035 5734 3326 5821 συνιέναι.
3352 5732 3608 5816 νεφροὺς
3638 5750 3736 5791 και

2313 5818 2427 5864 ιας.
2464 5800 2589 5858 Haec
2618 5802 2819 5858 desunt
2860 5818 2917 5857 in
2948 5802 3140 5861 codice
3172 5806 3532 5864 beorralensn.

2313 5801 2427 5865 ίας.
2464 5800 2589 5858 Haec
2618 5800 2819 5858 desunt
2860 5801 2917 5857 in
2948 5802 3140 5861 codice
3172 5800 3532 5864 Scorialensi.
