4122 6436
345 379 450 440 59;
1506 367 1573 421 IN
1608 365 1947 422 .IEBEMIAM

2050 367 2279 423 OMILIA
2344 368 2460 421 XX.
3484 376 3592 431 526

351 498 607 569 ἐφίστημι
654 496 765 566 γὰρ
802 491 881 563 τῷ
916 486 1300 560 σημαινομένῳ
1331 485 1423 541 τοῦ
1443 527 1460 552 ,
1493 486 1749 550 ἐτάζειν,
1783 487 1918 559 δπερ

2048 504 2114 542 ur
2141 504 2406 558 corpora;
2458 487 2724 544 Dominus
2768 496 2948 544 autem
2983 490 3136 546 solus
3182 507 3380 548 novum
3430 495 3593 553 habet

343 590 562 658 λέγεται
593 587 652 639 ὲν
674 585 752 656 τῷ
782 583 880 654 βίῳ
908 582 983 654 (Ι)
1013 579 1186 650 τούτῳ
1218 579 1310 631 ἐπὶ
1344 578 1452 632 τῶν
1481 578 1919 649 βασανιζομένων

2048 580 2304 635 crutandi
2332 580 2589 645 modum;
2622 588 2899 637 scrutatur
2925 581 3072 636 enim
3107 583 3293 648 corda.
3318 595 3371 641 et
3405 586 3458 639 in
3496 602 3593 642 so-

344 681 439 736 ἐπὶ
466 682 579 743 τοῖς
602 675 975 748 δικαστηρίοις
993 714 1011 739 ,
1047 674 1181 726 ὅπου
1214 672 1265 724 οἱ
1308 672 1404 741 μὲν
1429 668 1710 735 ὲτάζουσιν
1737 668 1836 741 (2),
1868 670 1919 723 οἱ

2048 670 2129 725 ius
2161 668 2374 725 Domini
2406 678 2672 738 potestate
2715 681 2799 728 est
2843 672 3076 729 scrutari
3120 675 3283 731 corda
3312 684 3369 731 et
3411 692 3590 735 renes.

345 772 404 827 δὲ
429 772 733 835 ὲτάζονται,
764 764 909 823 οὗτοι
934 767 989 821 δέ
1016 768 1122 819 είσι
1152 766 1247 819 καὶ
1278 767 1336 818 ὲν
1370 763 1553 827 πόνοις
1578 762 1917 834 βαρυτάτοις.

2048 758 2356 821 .atronibus
2400 759 2490 814 hic
2533 759 2690 826 jussu
2736 761 2983 829 prtesidis
3032 762 3201 818 latera
3249 763 3593 836 fodicantur;

350 859 415 912 Οί
448 858 547 928 μὲν
578 853 671 911 οὖν
695 856 955 909 κολασταὶ
979 851 1231 916 ὲτάξονσι
1255 851 1515 923 πλευρὰς,
1547 850 1798 916 ὲτάζουσι
1827 851 1923 905 σώ-

2048 851 2097 903 bi
2122 857 2307 905 autem
2345 864 2453 904 non
2483 849 2644 919 jussu
2682 851 2807 916 Dei,
2857 853 2953 911 sed
2985 853 3056 908 ab
3082 855 3312 923 ipsemet
3362 857 3595 916 Domino
3654 902 3661 907 .

356 966 530 1020 ματα·
554 947 760 1018 Κύρνος
785 947 842 1001 δὲ
868 946 1024 1017 μόνος
1057 942 1243 999 καινὸν
1273 943 1385 1013 ἔχει
1420 942 1618 1015 τρόπον
1646 942 1918 1012 ὲτασμῶνο

2048 954 2185 997 'eues
2225 948 2281 994 et
2329 940 2492 997 corda
2542 940 2976 1012 uniuscujusque
3017 956 3434 1015 examinantur;
3489 951 3596 1006 nisi

354 1040 559 1102 ὲτάζων
590 1038 700 1108 γάρ
733 1039 848 1090 ἐστι
874 1035 1117 1106 καρδίας,
1148 1033 1243 1089 καὶ
1272 1033 1418 1103 μόνῳ
1445 1032 1523 1103 τῷ
1546 1032 1734 1103 Κυρίῳ
1767 1033 1928 1104 πρόσ-

2048 1031 2164 1086 ’orte
2192 1030 2281 1085 hic
2321 1030 2498 1085 dicam
2529 1029 2727 1085 Filium
2754 1047 2877 1089 esse
2904 1034 2991 1089 cui
3020 1037 3353 1107 praecipitur,
3379 1039 3594 1098 Patrem

354 1145 467 1180 εστι
506 1127 567 1180 τὸ
598 1126 871 1191 ἐξετάζειν
903 1125 978 1197 (5)
1020 1123 1247 1194 καρδίας
1292 1124 1387 1177 καὶ
1433 1121 1687 1194 νεφρούς.
1717 1122 1927 1193 Λῃσταὶ

2048 1136 2157 1177 vero
2181 1122 2274 1191 qui
2323 1122 2597 1192 praecipit,
2622 1122 2967 1196 Verbumque
2984 1141 3106 1185 esse
3142 1135 3286 1197 quod
3321 1143 3601 1189 scrutatur
3655 1186 3671 1203 ρ,

354 1217 581 1271 ἐνταῦθα
601 1215 881 1280 ὲτάζονται
900 1214 1043 1273 κατὰ
1059 1214 1351 1285 πρόσταξιν
1370 1210 1671 1285 ἡγουμένου
1697 1212 1828 1269 πλευ
1837 1212 1925 1282 ρά·

2048 1227 2193 1268 'enes
2239 1220 2292 1267 et
2335 1214 2501 1271 corda
2527 1254 2542 1280 ,
2586 1229 2651 1271 ac
2678 1216 2936 1273 omnibus
2965 1216 3192 1271 tortutis
3234 1208 3653 1294 omnibusque”

355 1311 470 1362 ἐκεῖ
495 1309 551 1362 δὲ
581 1310 679 1365 οὐκ
711 1311 776 1363 ἐκ
808 1307 1157 1379 προστάξεως
1187 1305 1343 1372 Θεοῦ,
1369 1307 1483 1365 ἀλλ’
1516 1305 1606 1360 ὑπ’
1634 1303 1800 1363 αὐτοῦ
1833 1302 1929 1359 τοῦ

2048 1302 2312 1361 loloribus
2344 1304 2593 1372 graviora
2624 1320 2746 1363 esse
2776 1315 2908 1375 puto
2942 1317 3214 1366 tormenta
3240 1328 3270 1367 a
3301 1313 3476 1369 Verbo
3507 1306 3599 1370 re-

357 1401 562 1471 Κυρίου
587 1398 835 1463 rectm:
862 1416 948 1462 τις
977 1400 1205 1468 νεφροὺς
1226 1399 1320 1455 καὶ
1351 1398 1575 1469 καρδίας
1593 1412 1608 1427 θ
1637 1398 1685 1450 εί
1720 1395 1794 1468 μὴ
1824 1396 1933 1467 ἄρα

2048 1407 2132 1449 res
2160 1404 2214 1448 et
2241 1392 2407 1449 corda
2446 1402 2725 1453 scrutante
2755 1396 2925 1451 illata.
2950 1396 3294 1469 Quapropter
3323 1403 3475 1458 omni
3500 1419 3605 1475 cpe

357 1490 587 1545 ἐνταῦθα
636 1490 779 1558 λέγω
836 1490 926 1547 τὸν
977 1490 1074 1560 μὲν
1117 1488 1589 1560 προστασσόμενον
1641 1482 1781 1543 εἶναι
1840 1486 1932 1540 τὸν

2048 1484 2273 1541 nitamur
2303 1492 2364 1541 ut
2402 1484 2669 1553 ejusmodi
2706 1488 2944 1543 examini
2991 1506 3100 1546 non
3132 1493 3446 1559 tradamur,
3493 1511 3608 1565 quo

357 1582 509 1646 Υίὸν,
540 1583 630 1637 τὸν
659 1582 714 1637 δὲ
745 1583 1153 1654 προστάσσοντα
1183 1577 1324 1635 εἶναι
1346 1581 1436 1635 τὸν
1463 1579 1705 1652 Πατέρα,
1727 1579 1822 1633 καὶ
1843 1579 1932 1632 τὸν

2048 1577 2254 1646 quidem
2301 1577 2551 1635 examine
2609 1577 2816 1635 leviora
2880 1581 3004 1637 illos
3052 1583 3307 1640 existimo
3349 1589 3459 1656 pati
3510 1589 3607 1659 qui

359 1674 527 1740 Λόγον
555 1669 694 1727 εἶναι
724 1674 814 1726 τὸν
839 1670 1101 1736 ὲτάζοντα
1133 1670 1361 1741 καρδίας
1407 1668 1503 1727 καὶ
1533 1668 1765 1738 νεφροὺς
1783 1707 1798 1731 ,
1841 1666 1936 1720 καὶ

2048 1667 2363 1738 evangelicis
2390 1668 2736 1727 exactoribus
2760 1671 3068 1728 traduntur.
3105 1673 3289 1734 Multis
3313 1680 3457 1734 enim
3492 1688 3613 1738 tra-

362 1764 550 1818 πασῶν
575 1782 638 1834 γε
670 1763 874 1834 νομίζω
921 1762 1169 1832 βασάνων
1189 1801 1204 1824 ,
1253 1760 1467 1815 πάντων
1495 1761 1604 1817 τῶν
1637 1761 1812 1813 πόνων
1838 1757 1934 1828 βα-

2048 1760 2275 1824 duntur,
2303 1769 2358 1817 et
2400 1759 2630 1815 fortasse
2672 1762 2922 1831 pluribus
2968 1768 3319 1823 exactoribus
3365 1772 3469 1827 sub
3502 1773 3611 1828 ini-

363 1856 564 1928 ρύτερα
586 1855 654 1909 τὰ
679 1856 787 1908 ἀπὸ
813 1855 907 1907 τοῦ
941 1855 1139 1922 Λόγου,
1163 1854 1290 1907 ὅταν
1316 1852 1571 1923 ὲτάζηται
1605 1851 1680 1923 (4)
1707 1849 1934 1921 καρδίας

2048 1846 2169 1901 :ium
2193 1886 2210 1913 ,
2241 1862 2367 1902 cum
2408 1850 2640 1907 necdum
2675 1850 2823 1920 digni
2849 1853 3125 1909 evaserint
3165 1857 3258 1925 qui
3301 1860 3395 1912 uui
3428 1859 3609 1919 Verbo

363 1948 457 2002 καὶ
489 1946 740 2017 νεφρούς.
787 1946 879 1999 Διὸ
914 1946 1092 2005 πάντα
1118 1945 1480 2016 πράττοιμεν,
1513 1944 1601 1998 ἵνα
1639 1943 1714 2014 μὴ
1759 1958 1936 2012 παρα-

2048 1939 2196 1997 :orda
2229 1953 2499 2009 senesque
2535 1942 2803 1997 scrutanti
2835 1943 3139 2001 tradantur.
3172 1945 3331 2002 Dives
3354 1948 3444 2004 ille
3465 1965 3610 2006 non-

363 2037 606 2106 ὼθῶμεν
654 2036 850 2106 ἐκείνῳ
900 2036 979 2107 τῷ
1029 2036 1281 2107 ὲτασμῷ,
1331 2030 1393 2090 οὗ
1448 2034 1686 2105 δτασμοῦ
1754 2032 1936 2104 οἴομαι

2048 2030 2165 2085 lum
2197 2030 2396 2100 dignus
2437 2040 2554 2091 erat
2596 2033 2688 2103 qui
2726 2034 2890 2091 corda
2917 2043 2972 2089 et
3004 2050 3163 2095 renes
3195 2042 3461 2097 scrutanti
3494 2051 3609 2099 tra-

366 2125 585 2181 ελαττον
617 2123 854 2194 πάσχειν
887 2127 1014 2188 τοὺς
1056 2123 1512 2196 παραδιδομένους
1549 2125 1661 2187 τοῖς
1711 2120 1940 2193 λεγομέ-

366 2231 476 2278 νοις
499 2216 558 2269 ὲν
584 2214 661 2286 τῷ
678 2215 989 2285 Εὑαγγελίῳ
1009 2216 1373 2286 βασανισταῖς.
1394 2214 1617 2280 Πολλοῖς
1637 2215 1745 2287 γὰρ
1765 2230 1940 2284 παρατ

367 2303 615 2369 δίδονται,
650 2305 790 2376 τάχα
822 2306 1027 2359 πλείοσι
1057 2305 1406 2376 βασανισταῖς
1444 2305 1586 2360 κατὰ
1612 2304 1708 2376 τὴν
1738 2305 1933 2376 ἀρχὴν,

365 2395 575 2451 οὐδέπω
611 2395 751 2460 ἄξιοι
787 2397 1064 2468 γενόμενοι
1109 2397 1495 2468 παραδίδοσθαι
1536 2396 1617 2450 ἑνὶ
1656 2396 1818 2465 Λόγῳ
1857 2392 1937 2465 τῷ

368 2485 612 2551 ὲτάζοντι
650 2488 878 2559 καρδίας
906 2489 1000 2544 καὶ
1028 2490 1277 2561 νεφρούς.
1332 2489 1390 2545 ’0
1436 2489 1688 2552 πλούσιος
1726 2489 1938 2553 ἐκεῖνος

366 2578 579 2633 οὐδέπω
605 2579 753 2647 ἄξιος
780 2577 848 2651 ἦν
894 2581 1264 2653 παραδοθῆναι
1310 2579 1387 2650 τῷ
1419 2578 1670 2645 δτάζοντι
1710 2579 1938 2651 καρδίας

370 2670 463 2725 καὶ
492 2671 722 2743 νεφρούς
740 2689 753 2702 ο
782 2671 871 2732 διὰ
891 2673 1047 2727 τοῦτο
1064 2672 1167 2726 ὑπὸ
1194 2672 1451 2727 πλειόνων
1474 2672 1550 2743 (5)
1570 2671 1936 2737 ἐϐασανίζετο.

372 2758 637 2834 ’Υστερον
669 2762 723 2816 δὲ
747 2763 795 2817 εί
826 2762 918 2817 καὶ
947 2763 1153 2826 ἐκεῖνος
1183 2760 1342 2815 τοῦτο
1385 2761 1584 2832 πάσχει
1611 2761 1644 2831 ἢ
1680 2761 1776 2832 μὴ,
1800 2762 1829 2814 ό
1849 2761 1961 2813 6n-

2035 2122 2276 2199 deretur,
2310 2123 2539 2193 ideoque
2586 2139 2617 2181 a
2659 2125 2907 2194 pluribus
2939 2130 3316 2200 torquebatur.
3368 2132 3608 2192 Tandem

2040 2229 2171 2269 vero
2198 2223 2380 2268 utrum
2410 2216 2575 2273 etiam
2606 2215 2709 2272 hoc
2730 2220 3041 2289 experiatur
3073 2237 3263 2292 necne,
3294 2225 3387 2295 qui
3409 2236 3611 2297 potest,

2042 2304 2305 2375 inquirat.
2340 2304 2469 2363 Utut
2491 2318 2594 2376 est,
2622 2324 2745 2381 quae
2798 2328 2898 2369 nos
2927 2322 3172 2382 manent,
3205 2325 3436 2375 tortores
3459 2329 3611 2388 sunt,

2038 2403 2098 2449 et
2126 2406 2398 2455 scrutator
2424 2399 2670 2455 coz'dium
2704 2408 2760 2459 et
2793 2417 2984 2461 renum
3017 2406 3083 2461 de
3110 2408 3345 2476 peccatis
3372 2412 3611 2482 nostris;

2040 2487 2242 2558 quibus
2273 2488 2329 2542 ui
2361 2489 2469 2543 cito
2507 2489 2828 2555 liberemur,
2860 2492 2914 2546 in
2958 2495 3077 2551 istis
3112 2496 3456 2556 haerebimus.
3488 2501 3616 2560 ideo

2044 2577 2268 2643 excitati
2298 2594 2453 2649 opem
2483 2595 2513 2634 a
2548 2579 2659 2635 Deo
2687 2581 3027 2651 postulemus
3057 2593 3120 2642 ut
3153 2587 3204 2643 in
3236 2587 3457 2646 Christo
3483 2591 3615 2648 Jesu

2046 2668 2434 2733 beatitudinem
2455 2684 2879 2742 consequamur,
2908 2675 2995 2730 cui
3027 2684 3109 2732 est
3131 2676 3300 2747 gloria
3335 2679 3391 2734 in
3417 2683 3615 2739 saecula

2044 2760 2390 2819 sznculorum.
2422 2761 2616 2818 Amen.

369 2852 600 2921 νάμενος
639 2851 964 2917 ἐξεταζέτω.
992 2851 1139 2924 Πλὴν
1180 2852 1248 2906 τὰ
1280 2853 1639 2924 περιμένοντα
1674 2850 1750 2922 (6)
1795 2852 1941 2922 ἡμᾶς
1979 2850 2096 2904 ἐστι
2123 2849 2460 2921 βασανισταὶ,
2480 2854 2571 2913 καὶ
2601 2855 2809 2920 ὲτάζων
2845 2856 2942 2921 τὰς
2988 2859 3215 2930 καρδίας
3255 2838 3350 2916 καὶ
3388 2868 3617 2937 νεφροὺς

378 2944 469 2999 ἐπὶ
494 2949 607 3009 τοῖς
629 2947 1020 3019 ἁμαρτήμασιν
1040 2946 1228 3018 ήμῶν-
1250 2939 1327 3000 ὧν
1366 2946 1771 3022 ἁμαρτημάτων
1809 2946 1859 2998 εἰ
1888 2942 1965 3016 μὴ
2003 2944 2189 3017 τάχιον
2238 2945 2672 3019 ἀπαλλαγῶμεν,
2701 2950 2760 3003 ἐν
2809 2951 3021 3017 τούτοις
3058 2955 3313 3027 ἐσόμεθα.
3360 2960 3449 3013 Διὸ
3489 2963 3622 3015 ἀνα.

383 3036 606 3101 στάντες
651 3038 751 3109 τὴν
800 3037 908 3093 ἀπὸ
945 3036 1079 3091 Θεοῦ
1123 3036 1375 3108 βοήθειαν
1414 3040 1759 3108 αἰτήσωμέν,
1807 3036 1893 3089 ἵνα
1954 3037 2014 3090 ὲν
2052 3037 2272 3109 Χριστῷ
2321 3037 2492 3110 Ἰησοῦ
2539 3041 2995 3114 μακαρισθῶμεν,
3046 3037 3091 3115 ᾧ
3130 3049 3162 3118 ἡ
3200 3047 3327 3114 δόξα
3367 3053 3447 3116 είς
3491 3053 3616 3112 τοὺς

362 3125 579 3191 οίῶνας
604 3127 712 3180 τῶν
738 3127 954 3182 aliiva
984 3126 1082 3197 l7).
1120 3127 1293 3197 Ἀμήν

852 3218 1014 3288 277
1054 3214 1338 3270 HOMILIA
1362 3214 1481 3271 XX.

377 3331 454 3386 De
482 3347 547 3386 eo
566 3333 710 3401 quod
765 3331 1025 3400 scriptum
1067 3341 1189 3401 est:
1239 3329 1513 3395 Quomodo
1545 3331 1848 3400 confractus
1896 3342 1945 3386 et

616 3403 873 3456 contritus
898 3411 974 3455 est
1002 3400 1223 3457 malleus
1250 3402 1505 3455 uniuersa:
1536 3411 1708 3456 terrm.

448 3493 744 3559 Quomodo,
764 3493 842 3548 ait
859 3493 925 3555 “,
949 3492 1254 3561 confractus
1269 3500 1318 3545 et
1339 3494 1598 3549 contritus
1623 3505 1694 3547 est
1724 3493 1949 3551 malleus

379 3585 635 3639 universe
673 3592 826 3638 terra:
847 3585 873 3639 7
906 3584 1169 3661 quomodo
1196 3582 1343 3653 facta
1373 3591 1451 3645 est
1480 3584 1540 3645 in
1578 3585 1949 3639 exterminium

377 3674 614 3746 Babylon
638 3676 664 3729 1’
700 3674 1065 3743 Quaerendum
1112 3674 1256 3731 inter
1288 3675 1403 3730 hanc
1437 3675 1562 3745 quis
1613 3675 1687 3737 sit
1714 3676 1950 3735 malleus

378 3766 647 3822 universa:
673 3774 849 3830 terra,
877 3780 1066 3835 quotve
1085 3765 1203 3835 ejus
1227 3765 1482 3821 contritio
1507 3783 1520 3819 :
1549 3766 1693 3822 unde
1715 3768 1791 3825 ait
1819 3781 1949 3837 pro-

377 3859 563 3929 pheta,
586 3857 720 3926 quia
752 3864 881 3923 ante
909 3854 1225 3911 confractus
1259 3866 1343 3911 est
1368 3872 1537 3925 quam
1566 3858 1856 3921 contritus,
1892 3866 1952 3911 ut

380 3954 776 4020 congregantes
804 3961 866 4000 ea
899 3961 1021 4016 qua:
1045 3945 1245 4001 alicubi
1267 3946 1336 4002 de
1360 3946 1555 4007 malleo
1576 3946 1777 4023 scripta
1801 3956 1949 4011 sunt,

382 4055 505 4102 cum
540 4038 913 4094 invenerimus
941 4051 1141 4101 nomen
1183 4035 1326 4111 ejus,
1372 4037 1761 4113 investigemus
1783 4037 1948 4093 etiam

381 4131 618 4186 nominis
640 4130 977 4191 voluntatem
1009 4143 1074 4183 ex
1109 4127 1197 4184 bis
1222 4143 1346 4199 qua
1364 4127 1645 4186 tulerimus
1663 4127 1948 4199 exemplis.

382 4220 586 4279 Domus
618 4219 895 4290 quondam
937 4217 1364 4289 componebatur
1391 4217 1511 4283 Dei,
1532 4216 1690 4291 juxta
1729 4218 1949 4275 tertium

382 4311 693 4379 Regnorum
742 4310 939 4369 librum
960 4350 975 4373 .
1009 4317 1065 4367 et
1099 4309 1357 4367 Salomon
1399 4319 1516 4369 erat
1551 4318 1872 4369 construens
1897 4320 1952 4367 et

380 4403 658 4459 aedificatus
710 4416 853 4463 eain.
888 4399 1101 4470 Ubique
1139 4400 1296 4470 quasi
1343 4399 1400 4455 in
1453 4399 1613 4455 laude
1649 4399 1852 4457 dicitur
1882 4399 1949 4455 de

380 4491 546 4547 domo
572 4490 688 4558 Dei,
719 4490 847 4563 quia
882 4491 1113 4547 malleus
1133 4498 1184 4545 et
1212 4490 1426 4548 securis
1455 4505 1563 4544 non
1599 4497 1727 4551 sunt
1781 4490 1951 4548 auditi

1975 3227 2018 3282 ο
2052 3217 2121 3273 ad
2154 3227 2403 3277 sanctum
2437 3218 2698 3290 Spiritum
2723 3234 2804 3278 est
2831 3224 2897 3280 de
2924 3227 3166 3283 sensibili
3194 3232 3407 3299 malleo,
3436 3250 3621 3306 quaero

2053 3311 2333 3367 materiam
2371 3311 2565 3366 malleo
2605 3310 2908 3381 fortiorem,
2946 3332 3072 3385 quae
3100 3320 3237 3375 nihil
3273 3324 3341 3378 ab
3385 3340 3452 3383 eo
3498 3342 3621 3396 pcr-

2050 3415 2211 3455 cussa
2246 3402 2505 3471 patiatur.
2533 3402 2707 3470 Quam
2736 3407 2954 3475 quidem
2986 3425 3235 3486 quarens
3268 3417 3441 3486 reperi
3468 3418 3523 3472 in
3554 3435 3621 3475 eo

2051 3491 2199 3560 quod
2224 3493 2485 3564 scriptum
2507 3502 2588 3549 est
2615 3513 2627 3548 :
2664 3494 2795 3551 Ecce
2827 3499 2908 3553 vir
2928 3510 3075 3555 stans
3105 3517 3260 3571 super
3281 3520 3457 3561 muros
3482 3508 3619 3564 ada-
3644 3549 3649 3554 ι

2052 3584 2350 3650 mantinos,
2383 3595 2433 3639 et
2465 3587 2517 3640 in
2551 3603 2714 3641 manu
2767 3587 2881 3656 ejus
2915 3593 3156 3645 adamas.
3209 3591 3393 3651 Refert
3438 3609 3620 3655 autem

2052 3671 2120 3726 de
2154 3672 2445 3729 adamante
2467 3674 2718 3740 historia,
2744 3678 2870 3745 quia
2895 3676 3088 3735 fortior
3115 3682 3185 3735 sit
3213 3685 3363 3738 omni
3396 3688 3623 3744 credenti

2054 3774 2114 3817 se
2135 3762 2352 3829 malleo,
2383 3764 2713 3819 incontritus
2734 3774 2787 3819 et
2809 3769 3248 3825 inconvincibilis
3272 3788 3620 3843 permanens.

2051 3846 2206 3906 licet
2232 3865 2393 3921 supra
2431 3860 2537 3907 stet
2565 3853 2796 3908 malleus
2830 3852 3090 3925 Zabulus,
3120 3867 3174 3913 et
3211 3863 3525 3931 suppositus
3554 3866 3622 3923 sit

2052 3940 2237 4005 draco,
2266 3947 2358 4011 qui
2385 3950 2468 3997 est
2501 3943 2660 4013 quasi
2688 3944 2846 4001 incus
2873 3946 3238 4017 indomabilis,
3272 3952 3407 4008 nihil
3438 3962 3621 4013 tamen

2053 4034 2108 4088 in
2141 4049 2304 4088 manu
2333 4031 2449 4101 Dei,
2480 4043 2535 4091 et
2577 4036 2631 4090 in
2678 4048 2971 4107 conspectu
3009 4039 3129 4108 ejus
3155 4043 3460 4111 consistens
3495 4049 3624 4113 ada-

2052 4138 2171 4180 mas
2192 4126 2510 4194 perpetitur.
2537 4123 2656 4180 Duo
2685 4126 2867 4198 itaque
2888 4132 3163 4186 contraria
3191 4140 3321 4189 sunt
3346 4134 3622 4193 adamanti

2054 4215 2143 4271 isti
2182 4216 2410 4273 malleus
2445 4225 2502 4271 et
2529 4218 2687 4274 incus
2723 4219 3173 4290 improducibilis.
3202 4221 3320 4277 Jam
3348 4225 3621 4295 quoddam

2051 4315 2216 4364 estet
2249 4310 2391 4379 apud
2424 4309 2670 4366 nationes
2707 4312 2895 4367 tritum
2927 4313 3072 4384 vulgi
3117 4328 3373 4369 sermone
3404 4331 3626 4385 prover-

2050 4397 2224 4468 bium,
2263 4407 2323 4454 ut
2348 4396 2413 4455 de
2450 4400 2534 4457 his
2560 4402 2652 4472 qui
2690 4403 3057 4461 anxietatibus
3088 4414 3142 4461 et
3168 4404 3479 4477 ingentibus
3509 4422 3627 4465 ma-

2053 4485 2121 4542 lis
2151 4497 2498 4558 premuntur,
2521 4489 2727 4556 dicant,
2754 4493 2897 4547 inter
2935 4493 3191 4557 malleum
3221 4504 3351 4550 sunt
3382 4505 3437 4551 et
3469 4497 3626 4555 ineu-

379 4583 437 4637 iu
467 4583 633 4639 domo
662 4581 758 4637 Dei
775 4582 840 4636 '°.
866 4582 1007 4652 Ergo
1034 4582 1309 4649 quomodo
1344 4582 1571 4638 malleus
1597 4597 1704 4639 non
1730 4583 1950 4637 auditur
1979 4582 2025 4637 D
2053 4579 2197 4635 dem.
2222 4577 2302 4633 Tu
2331 4589 2513 4636 autem
2539 4582 2640 4638 hoc
2664 4583 2834 4640 refers
2855 4585 2919 4639 ad
2942 4583 3207 4640 Zahulum
3232 4595 3286 4642 et
3310 4586 3624 4653 draconem,

379 4675 435 4729 iu
473 4674 638 4730 domo
690 4674 808 4742 Dei,
841 4675 924 4731 sic
962 4674 1092 4745 quia
1141 4674 1338 4753 domus
1391 4672 1487 4728 Dei
1540 4672 1785 4731 Ecclesia
1828 4682 1948 4740 est,

378 4765 610 4823 malleus
659 4765 717 4820 in
778 4763 1023 4823 Ecclesia
1075 4779 1184 4825 non
1235 4764 1474 4826 auditur.
1530 4762 1668 4831 Quis
1718 4773 1805 4820 est
1850 4765 1953 4827 iste

378 4856 611 4912 malleus
646 4856 834 4913 volens
863 4863 1129 4927 quantum
1157 4853 1212 4909 in
1241 4870 1305 4921 se
1338 4863 1423 4911 est
1449 4855 1715 4926 impedire
1744 4854 1952 4926 lapides

378 4948 755 5005 aedificationis
807 4947 1033 5018 templi,
1089 4955 1150 5002 ut
1196 4947 1416 5005 contriti
1468 4963 1578 5004 non
1630 4947 1956 5005 conveniant

378 5038 748 5095 fundamentis
767 5038 929 5108 ejus?
956 5036 1096 5094 Vide
1127 5035 1260 5097 mihi
1310 5038 1575 5101 Zabulum
1618 5039 1665 5093 si
1696 5054 1804 5101 non
1837 5039 1955 5110 ipse

378 5143 466 5191 est
494 5136 721 5191 malleus
746 5134 1015 5190 universae
1042 5140 1221 5188 terrae.
1244 5131 1359 5204 Ego
1380 5141 1560 5187 autem
1585 5133 1953 5204 pronuntiabo

378 5231 692 5296 conﬁdens,
735 5245 859 5299 esse
902 5230 1139 5299 aliquem
1166 5229 1261 5298 qui
1296 5243 1403 5285 non
1447 5242 1773 5297 magnopere
1798 5233 1956 5280 curet

376 5323 449 5379 de
494 5323 693 5378 malleo
741 5323 1010 5381 universa:
1056 5329 1232 5375 teme.
1257 5318 1323 5375 Et
1353 5319 1613 5389 quoniam
1641 5318 1951 5387 exemplum

454 5436 500 5470 ³⁹
518 5435 719 5492 Jerem.
745 5453 799 5504 ι,
821 5437 913 5493 25.
1004 5438 1049 5469 ὀ
1082 5434 1147 5491 HI
1177 5436 1310 5506 Reg.
1338 5451 1413 5502 vr,
1441 5436 1492 5488 7.

452 5549 530 5629 ﬂ)
567 5546 928 5629 ‘gﬁzéiflqi.
960 5548 1019 5609 in
1055 5550 1240 5629 codice
1255 5548 1598 5629 ‘Seorialensi
1630 5547 1787 5629 deest
1818 5548 1895 5601 ὲν.

452 5616 532 5743 gl
569 5618 750 5675 (ἶοδθι
767 5619 1083 5684 “Hiems,
1106 5623 1217 5683 τοῖς
1249 5618 1619 5692 δικαστηρίοις
1651 5616 1956 5685 ὲτάζονσιν,

543 5688 845 5752 ὲτάζονται.

378 5690 432 5745 οἱ
454 5690 513 5743 δὲ
543 5690 845 5752 ὲτάζονται.

454 5759 532 5828 (δι
574 5758 740 5824 Idem,
766 5756 973 5824 ἔξεστιν
1005 5757 1234 5823 ὲτάζειν.

2056 4670 2150 4740 qui
2195 4671 2505 4727 istiusmodi
2540 4689 2758 4740 semper
2805 4674 2859 4729 in
2892 4673 3191 4747 Scripturis
3239 4693 3340 4747 pro
3367 4679 3627 4740 varietate

2058 4776 2350 4817 causarum
2395 4762 2709 4819 nominibus
2767 4764 3178 4835 insigni‘uutur;
3221 4776 3276 4822 et
3315 4768 3454 4833 dicis
3496 4770 3624 4842 quia

2060 4863 2303 4911 sanctus.
2324 4854 2417 4924 qui
2444 4855 2601 4924 quasi
2626 4871 2816 4911 murus
2843 4857 3248 4925 adamantinus,
3272 4859 3355 4914 vel
3379 4860 3433 4914 in
3462 4876 3624 4915 manu

2060 4944 2277 5000 Domini
2311 4945 2537 5002 adamas
2571 4954 2685 5013 est,
2737 4961 2847 5001 non
2880 4956 3037 5002 curet
3082 4963 3264 5018 neque
3308 4949 3376 5005 de
3408 4951 3625 5019 malleo,

2061 5051 2239 5106 neque
2272 5036 2355 5093 de.
2390 5036 2616 5103 incude,
2665 5036 2760 5092 sed
2810 5047 3016 5109 quanto
3060 5038 3182 5108 plus
3222 5055 3399 5096 cassus
3433 5041 3626 5107 fuerit,

2058 5136 2212 5183 tanto
2258 5129 2381 5198 plus
2426 5127 2548 5200 ejus
2574 5128 2832 5185 virtutem
2886 5130 3283 5207 splendescere.
3318 5131 3485 5188 Aiunt
3533 5147 3631 5190 eos

2059 5221 2151 5293 qui
2187 5220 2599 5275 mercimoniam
2631 5219 2873 5291 lapidum
2897 5230 3173 5287 exercent,
3205 5236 3329 5279 cum
3363 5223 3630 5278 voluerint

2058 5313 2289 5384 probare
2333 5313 2710 5381 adamantem,
2738 5312 3052 5385 ignorantes
3071 5323 3254 5368 utrum
3280 5312 3354 5381 sit
3384 5313 3630 5382 adamas,

3339 5437 3415 5470 εχ

2133 5542 2212 5625 (δὲ)
2250 5542 2418 5625 {sieta
2450 5542 2677 5625 ἐξάξηο.
2785 5610 2796 5624 .

2136 5611 2214 5679 (5⁷)
2255 5613 2435 5669 Codex
2471 5611 2853 5676 Scorialensis,
2886 5612 2978 5665 ἐπὶ
3011 5611 3294 5668 πλειόνων.

2253 5681 2878 5761 βοῇ-παραμένοντα..
2983 5758 2991 5761 _
3070 5748 3095 5761 _

2139 5746 2216 5823 (1)
2258 5752 2313 5806 lu
2344 5746 2819 5808 codice'Vaticano
2846 5750 2999 5807 deest
3027 5748 3137 5803 τῶν
3175 5746 3408 5806 αἰώνων.
