4122 6450
462 361 566 416 5'27

1931 351 2257 416 ORIGENIS

3628 365 3735 421 533

463 491 645 529 annon
675 480 764 541 sit,
801 477 1045 546 quandiu
1088 477 1337 533 malleum
1365 486 1420 532 et
1453 478 1705 533 incudem
1747 493 1855 533 nou
1899 479 2046 532 inve-
2078 481 2125 538 Δ
2152 479 2275 535 οωιί
2333 481 2608 536 malleum.
2665 477 2854 551 Neque
2907 481 3054 535 enim
3104 480 3345 536 teuui‘ori
3411 479 3736 538 substantia:

463 571 676 637 uerint;
729 582 860 626 tune
914 582 1096 626 autem
1145 573 1463 642 persuaderi
1520 588 1644 630 esse
1695 573 2043 629 verissimum

465 662 834 729 adamanzem,
864 663 911 717 si
943 663 1240 720 indomitus
1264 665 1423 735 lapis,
1450 665 1496 720 si
1539 666 1680 720 inter
1714 665 1963 721 incudem
1991 673 2047 719 et

463 754 718 808 malleum
753 764 1087 822 perseverat,
1123 755 1167 808 si
1194 756 1533 825 percutiente
1557 756 1792 826 desuper
1827 756 2043 822 malleo,

461 853 516 900 et
551 844 746 899 incude
793 845 1077 915 supposita
1130 846 1322 902 durior
1362 849 1604 917 lapidum
1653 858 1848 904 natura
1894 865 2047 904 com-

461 939 654 1009 pingit.
689 936 838 993 Talis
871 938 954 992 vir
994 947 1115 993 est:
1162 950 1292 994 ante
1342 940 1678 995 tentationes
1722 941 1792 994 ab
1827 940 1912 996 his
1951 941 2046 1010 qui

460 1030 695 1100 probare
748 1029 956 1100 lapides
1014 1031 1312 1097 nesciunt,
1371 1030 1678 1102 ignoratur.
1731 1031 2048 1088 Certissima

461 1127 644 1173 autem
667 1120 822 1172 novit
848 1119 1328 1175 adamantinorum
1354 1121 1596 1191 lapidum
1619 1129 1872 1178 naturam
1896 1124 2048 1178 solus

461 1208 609 1264 Deus
654 1208 906 1278 plurimis
955 1208 1282 1279 ignoratam.
1322 1207 1436 1278 Ego
1485 1209 1600 1280 ipse
1644 1210 1822 1265 adhuc
1863 1213 2048 1266 nescio

463 1308 686 1368 utrum,
739 1301 995 1355 veniente
1041 1300 1241 1356 malleo
1284 1309 1337 1356 et
1378 1302 1715 1371 pereuliente
1757 1317 1879 1368 me,
1917 1317 2048 1357 con-

463 1393 676 1464 fringar
689 1402 746 1448 et
763 1402 1041 1459 eonterar,
1061 1393 1346 1449 convictus
1366 1395 1495 1465 quia
1521 1411 1628 1450 non
1652 1410 1773 1451 sum
1793 1395 2045 1463 adamas;

464 1481 892 1539 an‘eert'e'verus
913 1483 1139 1538 adamas
1165 1485 1424 1540 ostendar
1447 1485 1492 1540 si
1518 1486 1902 1556 ingruentibus
1928 1503 2049 1557 per-

466 1573 1169 1644 seeutionibus,-periculis,
1197 1573 1610 1638 tentationibus,
1645 1582 1754 1628 tam
1781 1576 2050 1631 contritus

464 1665 624 1720 fuero
665 1664 733 1719 ad
779 1665 922 1720 ictus
959 1665 1138 1720 mallei
1183 1680 1348 1734 quam
1395 1664 1682 1734 probatus.
1715 1663 1782 1720 Et
1829 1675 1886 1720 tu
1933 1665 2051 1736 ipse

462 1773 722 1826 pereurre
748 1758 1080 1827 Sen’pturas,
1108 1767 1161 1812 et
1199 1771 1383 1826 quaere
1415 1757 1461 1811 si
1511 1757 1656 1826 quod
1699 1765 1856 1827 potes
1899 1757 2050 1812 inve-

2150 573 2408 627 convcnit
2438 573 2691 636 malleus,
2717 573 2811 627 sed
2845 573 3198 628 crassiori.Si
3220 581 3410 642 portas
3436 573 3737 644 imaginem

2150 666 2376 731 terreni,
2426 666 2656 720 malleus
2685 673 2758 730 te,
2805 666 2934 735 quia
2963 673 3214 720 terrenus
3246 679 3328 732 es,
3366 667 3639 735 percutit;
3685 668 3736 724 si

2147 771 2364 825 peccas,
2402 765 2458 811 et
2489 767 2632 812 terra
2675 772 2765 824 es,
2814 765 2870 811 et
2918 756 2973 811 in
3002 765 3203 811 terram
3253 756 3394 824 ibis,
3435 758 3741 827 experieris

2149 849 2407 902 malleum
2443 850 2713 904 universa:
2749 859 2909 903 terrae
2936 856 2990 902 ct
3023 848 3075 902 in
3111 857 3165 904 te
3192 857 3534 918 operantem.
3569 848 3738 904 Juxta

2149 939 2302 994 illum
2343 941 2713 1004 intellectum,
2749 940 2880 994 illud
2930 955 3152 1011 quoque
3189 940 3736 996 animadvertendum

2147 1041 2252 1098 est,
2277 1033 2545 1087 universa:
2581 1041 2738 1087 terra:
2763 1032 3044 1097 malleum,
3063 1031 3193 1101 quia
3223 1031 3514 1086 adversum
3541 1043 3737 1089 cuncta

2150 1130 2365 1176 terrena
2413 1122 2714 1192 potentiam
2760 1137 2916 1178 suam
2952 1130 3238 1188 exerceat,
3275 1120 3539 1176 Zabulum
3577 1137 3735 1189 esse;

2150 1227 2310 1282 posse
2336 1222 2520 1267 autem
2547 1200 2713 1268 etiam
2758 1213 3027 1269 minorem
3061 1212 3320 1267 malleum
3357 1213 3604 1284 intelligi,
3637 1214 3732 1283 qui

2151 1317 2259 1356 non
2295 1303 2568 1358 universae
2611 1313 2768 1359 terrae
2800 1304 2873 1359 sit
2913 1303 3174 1369 malleus,
3210 1303 3304 1360 sed
3348 1303 3515 1371 illius,
3553 1315 3610 1360 ut
3654 1305 3732 1360 ita

2148 1394 2350 1461 dicam,
2379 1403 2435 1450 et
2466 1395 2614 1449 illius
2642 1396 2815 1466 partis
2847 1403 3026 1450 terraz.
3053 1393 3120 1450 Et
3153 1395 3200 1451 si
3231 1394 3452 1465 quidem
3489 1410 3595 1449 una
3633 1395 3735 1449 ali-

2149 1501 2256 1556 qua
2289 1487 2566 1542 contraria
2599 1487 2862 1542 fortitudo
2892 1487 3027 1542 mihi
3055 1497 3344 1558 repugnat,
3379 1496 3436 1542 et
3467 1487 3736 1543 collucta-

2151 1588 2241 1634 tur
2276 1597 2514 1648 mecum,
2544 1597 2654 1636 non
2677 1581 2865 1636 valens
2895 1596 3020 1636 cum
3048 1582 3322 1637 universis
3362 1581 3529 1636 simul
3559 1581 3737 1636 homi-

2149 1673 2312 1728 nibus
2333 1672 2587 1743 congredi
2617 1681 2678 1727 ut
2703 1671 2966 1738 Zabulus,
2992 1683 3121 1750 tunc
3137 1683 3223 1729 est
3252 1673 3472 1742 quidem
3506 1675 3739 1728 malleus

2152 1764 2206 1816 in
2243 1779 2350 1829 me,
2377 1764 2472 1819 sed
2504 1778 2612 1818 non
2656 1764 2927 1820 universa:
2951 1771 3112 1818 terrae
3145 1764 3398 1829 malleus,
3436 1778 3648 1827 verum,
3679 1773 3739 1818 ut

464 1850 584 1904 nire
634 1849 925 1919 vestigium
978 1849 1115 1904 bene
1143 1865 1173 1903 a
1238 1848 1347 1903 Deo
1397 1849 1665 1919 promitti,
1705 1859 1767 1903 ut
1817 1850 2046 1904 malleus
2082 1824 2124 1882 Β
2153 1855 2227 1909 ita
2261 1856 2477 1920 dicam,
2516 1871 2652 1911 mea;
2701 1865 2912 1910 tantum
2963 1857 3191 1910 malleus
3223 1867 3399 1910 terrae.
3439 1856 3739 1912 Confracto

461 1940 817 2009 percutienda
864 1940 1154 2010 percutiat.
1199 1937 1360 1994 Verbi
1394 1939 1566 2009 gratia
1610 1940 1817 1994 dictum
1845 1941 1935 1995 sit.
1964 1939 2044 1993 Ad

463 2032 876 2101 intelligentiam
889 2033 1037 2086 enim
1055 2031 1440 2087 obscuriorum
1459 2037 1755 2086 sumuntur
1772 2030 2041 2100 exempla.

465 2123 524 2177 Si
556 2122 786 2178 malleus
808 2137 916 2177 non
936 2133 1101 2188 esset,
1125 2137 1232 2177 non
1259 2132 1406 2179 esset
1421 2124 1546 2179 tuba
1565 2123 1908 2194 productilis,
1925 2137 2046 2194 qua:

461 2242 616 2312 iuxta
645 2241 816 2311 legem
848 2240 912 2294 ad
939 2241 1312 2296 solemnitates
1349 2240 1445 2297 Dei
1483 2243 1744 2305 excutiat,
1786 2257 1909 2312 qua:
1946 2257 2046 2296 au-

462 2331 729 2388 dientium
753 2332 965 2387 animos
999 2333 1256 2403 clangore
1291 2348 1394 2389 suo
1437 2331 1682 2390 accendit
1704 2332 1771 2387 ad
1817 2332 2042 2388 bellum.

461 2419 819 2478 Necessarias
863 2430 948 2477 est
1001 2423 1231 2478 malleus
1278 2432 1338 2478 ut
1379 2423 1507 2478 tuba
1556 2421 1886 2495 productilis
1927 2423 2040 2478 fiat.

462 2513 633 2570 Multa
681 2524 1008 2584 cooperatus
1055 2523 1140 2569 est
1173 2515 1276 2570 iste
1313 2515 1546 2571 malleus
1584 2515 1728 2571 tuba:
1753 2515 2042 2586 productili

459 2609 655 2676 Paulo,
687 2617 747 2663 ut
776 2623 900 2663 eum
940 2623 1036 2678 per
1073 2608 1226 2662 varia
1257 2617 1589 2664 tentamenta
1635 2608 1963 2679 produceret
1991 2617 2044 2664 et

462 2699 810 2770 approbaret,
845 2694 975 2770 quia
1004 2699 1208 2756 illaasus
1238 2709 1422 2770 posset
1456 2700 1674 2765 excudi,
1705 2701 2045 2771 figuramque

463 2806 744 2847 assumere
773 2792 917 2847 tubae
955 2791 1314 2860 magnisonae,
1339 2807 1446 2845 non
1480 2793 1744 2846 incertam
1777 2791 1915 2848 dans
1942 2807 2043 2846 vo-

463 2898 581 2937 cem
607 2883 661 2936 in
683 2881 988 2948 audientes,
1007 2888 1070 2935 ut
1095 2888 1468 2950 praeparentur
1491 2881 1560 2936 ad
1587 2881 1798 2936 militiae
1819 2881 2043 2937 bellum.

468 2973 530 3029 Et
560 2972 821 3044 quoniam
850 2972 1096 3027 ’malleus
1133 2970 1408 3026 invenitur
1447 2971 1722 3026 contraria
1760 2970 2043 3038 fortitudo,

461 3073 519 3122 et
553 3066 720 3121 draco
765 3065 923 3121 incus
956 3062 1313 3134 producibilis
1334 3103 1350 3127 ,
1393 3062 1702 3120 istiusmodi
1735 3079 1953 3134 semper
1990 3064 2045 3119 i-n

465 3158 767 3228 Seripturis
799 3157 1019 3221 malleo,
1048 3156 1133 3210 vel
1155 3171 1483 3226 quacunque
1509 3155 1617 3210 alia
1640 3157 1867 3211 materia
1891 3171 2044 3212 com-

462 3245 703 3316 positum
739 3261 938 3300 nomen
973 3260 1287 3307 assumens,
1337 3244 1555 3300 instabo
1591 3259 1864 3300 sermone.
1912 3245 2046 3299 Cain

463 3335 740 3404 generavit
773 3335 934 3402 filios,
979 3344 1034 3389 et
1066 3335 1132 3390 de
1151 3333 1300 3389 ﬂain
1333 3342 1498 3389 ortus
1525 3343 1609 3390 est
1651 3333 1810 3389 faber
1841 3333 1967 3389 aeris
1995 3343 2048 3390 et

464 3425 684 3482 ferri".
723 3425 866 3497 Ergo
892 3435 949 3481 ut
989 3426 1232 3481 Zabulus
1271 3425 1366 3494 qui
1395 3425 1640 3481 omnium
1687 3426 2047 3481 tentationum

460 3527 718 3590 operator
773 3527 890 3586 est,
939 3519 1173 3574 malleus
1213 3519 1447 3581 dicitur,
1479 3519 1552 3572 ita
1607 3517 1702 3589 qui
1749 3519 2044 3585 ministrat,

463 3611 748 3665 malleator
789 3619 876 3665 est
919 3609 1065 3666 ﬁlius
1114 3608 1270 3664 Cain.
1326 3607 1775 3679 Quotiescunque
1811 3609 1958 3665 enim
1991 3613 2046 3666 in

463 3701 820 3758 tentationem
847 3700 1130 3767 incideris,
1149 3701 1290 3756 scito
1320 3700 1579 3755 malleum
1599 3701 1875 3756 diabolum
1901 3718 2044 3770 esse,

461 3804 520 3849 et
551 3795 921 3850 malleatorem
957 3809 1081 3848 eum
1107 3808 1204 3863 per
1232 3808 1395 3862 quem
1439 3800 1489 3846 te.
1528 3789 1768 3848 Zabulus
1805 3793 2047 3863 insequi-

455 3896 578 3942 tur.
604 3884 763 3940 Velut
789 3887 841 3939 in
869 3884 1178 3955 proditione
1198 3883 1497 3937 Salvatoris
1522 3883 1751 3938 malleus
1773 3882 2043 3952 "Zabulus,

465 3978 752 4034 malleator
799 3975 968 4030 Judas
1005 3975 1128 4030 fuit.
1156 3973 1222 4028 Et
1241 3975 1399 4029 multi
1437 3984 1596 4030 erant
1624 3975 1966 4033 malleatores
1991 3977 2046 4032 in

453 4078 711 4140 tempore
750 4067 844 4121 illo
875 4082 985 4138 quo
1012 4065 1274 4120 Dominus
1305 4081 1498 4135 passus
1520 4074 1622 4130 est,
1649 4067 1949 4123 clamantes
1965 4069 2041 4122 υτ

465 4161 612 4217 Tolle
636 4159 699 4215 de
730 4169 872 4214 terra
898 4159 1079 4224 talem,
1105 4159 1375 4228 cruci/iga,
1401 4157 1650 4228 cruciﬁge
1683 4174 1822 4213 eum.
1849 4159 2046 4213 Omnia

452 4253 874 4310 malleatoribus
891 4253 1048 4323 plena
1077 4258 1224 4305 sunt.
1241 4249 1521 4320 Quotquot
1535 4250 1680 4304 enim
1717 4249 1769 4304 in
1797 4259 1920 4307 actu
1944 4268 2046 4308 suo

459 4342 728 4399 Zabulum
759 4344 1064 4413 suscipiunt
1086 4351 1138 4395 et
1172 4342 1486 4396 ministrant
1515 4341 1565 4396 ei
1594 4341 1661 4396 ad
1704 4342 2044 4412 probandum

456 4436 708 4507 justum,
759 4442 814 4489 et
857 4435 1124 4504 iniustum
1171 4432 1614 4504 coarguendum,
1657 4448 1848 4489 omnes
1879 4435 2048 4506 278

2152 1956 2333 2002 autem
2365 1956 2419 2001 et
2457 1948 2695 2002 contrito
2730 1949 2930 2002 malleo
2967 1949 3236 2002 universae
3271 1957 3449 2013 terras,
3476 1949 3606 2018 quid
3638 1964 3736 2003 ne-

2152 2053 2307 2094 cesse
2336 2047 2420 2094 est
2462 2038 2717 2094 arbitrari
2761 2039 2830 2094 de
2879 2039 3077 2094 malleo
3122 2041 3362 2110 partium
3409 2042 3602 2096 terrm?
3649 2041 3737 2095 Si-

2153 2130 2376 2198 mulque
2427 2129 2688 2184 existimo
2733 2130 3098 2185 admiratione
3152 2131 3419 2201 dign’um,
3471 2133 3733 2202 quoniam

2152 2221 2424 2276 universae
2450 2228 2608 2276 terrae.
2635 2222 2864 2277 malleus
2889 2224 2960 2277 sit
3006 2223 3399 2279 comminutus.
3419 2224 3559 2290 Quid
3585 2226 3733 2280 enim

2153 2328 2410 2384 magnum
2462 2315 2510 2370 si
2563 2314 2771 2371 fractus
2808 2315 3038 2382 fuisset,
3080 2323 3136 2370 et
3187 2319 3460 2371 contritus
3503 2318 3732 2373 malleus

2153 2406 2390 2475 partium
2443 2407 2638 2462 terrae?
2689 2406 2794 2462 Sed
2843 2422 2970 2462 vere
3001 2421 3148 2462 nunc
3202 2408 3580 2463 admirandum
3623 2418 3728 2473 est,

2151 2500 2279 2568 quia
2309 2498 2580 2556 universae
2609 2500 3027 2556 terrae-malleus
3055 2499 3371 2557 confractus
3405 2510 3568 2570 atque
3591 2516 3729 2556 conv-

2153 2589 2314 2643 tritus
2341 2597 2446 2644 est.
2523 2616 2532 2625 -

2221 2683 2277 2736 2.
2309 2679 2444 2738 Post
2485 2682 2601 2738 hzee
2646 2698 2834 2752 quaero
2889 2683 3016 2753 quis
3070 2683 3142 2739 sit
3190 2683 3294 2739 iste
3326 2684 3420 2755 qui
3469 2685 3735 2742 universae

2155 2780 2313 2826 terra:
2335 2771 2592 2828 malleum
2615 2772 2966 2843 confregerit,
2998 2783 3053 2828 et
3079 2774 3431 2841 conti-iverit;
3472 2783 3527 2831 et
3553 2776 3733 2832 dicam

2154 2862 2377 2935 Moysen
2414 2879 2522 2920 non
2580 2865 2828 2936 potuisse
2861 2864 3208 2936 confringere
3249 2874 3416 2938 atque
3455 2877 3738 2923 conterere

2155 2956 2412 3012 malleum
2440 2957 2712 3014 universae
2733 2966 2913 3023 teme,
2941 2973 3118 3028 neque
3138 2966 3265 3014 ante
3290 2973 3415 3013 eum
3435 2958 3734 3026 Abraham,

2149 3063 2334 3119 neque
2377 3058 2499 3120 post
2522 3065 2647 3104 eum
2690 3049 2876 3106 Jesum
2925 3047 3092 3117 Nave,
3131 3065 3308 3122 neque
3355 3052 3522 3107 alium
3546 3069 3736 3122 quem-

2077 3179 2120 3237 Ο
2154 3156 2319 3212 quam
2365 3143 2781 3212 prophetarum.
2812 3141 2948 3210 Quis
2997 3157 3128 3214 ergo
3161 3143 3340 3213 potuit
3376 3145 3562 3211 talem,
3611 3142 3764 3201 tan-'

2155 3242 2381 3303 tumque
2413 3233 2630 3301 virum,
2678 3242 2732 3289 et
2781 3235 3051 3290 universae
3092 3243 3252 3289 terrae
3302 3237 3558 3292 malleum
3601 3253 3736 3292 con-

2152 3324 2390 3396 fringere
2411 3333 2466 3380 et
2496 3327 2817 3381 conterere?
2841 3325 2979 3392 Quis
3004 3335 3089 3380 est
3121 3326 3257 3381 iste?
3291 3325 3454 3382 Jesus
3479 3327 3735 3385 Christus

2149 3416 2423 3490 confregit
2451 3428 2618 3490 atque
2650 3419 2912 3475 contrivit
2951 3419 3208 3474 malleum
3247 3419 3514 3474 universae
3547 3429 3728 3476 terrm.

2150 3507 2217 3565 Et
2247 3510 2353 3566 hoc
2377 3527 2524 3567 nunc
2547 3512 2826 3567 admirans
2860 3510 2915 3566 in
2953 3509 3160 3580 Spiritu
3190 3518 3377 3566 sancto
3412 3511 3725 3582 prophetes,

2152 3601 2265 3656 ait:
2299 3602 2578 3668 Quomodo
2629 3604 2935 3673 confractus
2983 3614 3031 3658 et
3084 3603 3339 3657 contritus
3384 3612 3460 3657 est
3505 3603 3728 3658 malleus

2153 3694 2412 3750 uuiversw
2440 3703 2598 3750 terra:
2621 3697 2648 3750 .’
2690 3693 2876 3750 Primo
2904 3694 3244 3760 confractus,
3269 3702 3324 3751 et
3350 3696 3619 3752 contritus
3647 3704 3734 3752 est

2151 3785 2368 3842 deinde.
2423 3785 2492 3841 Et
2541 3786 2801 3857 quoniam
2849 3787 3028 3857 reperi
3079 3787 3419 3843 Salvatorem
3466 3803 3587 3844 esse
3637 3790 3733 3859 qui

2155 3876 2484 3948 confregerit
2521 3877 2778 3932 malleum
2815 3877 3086 3934 universae
3114 3887 3292 3944 terrai,
3325 3889 3381 3935 et
3415 3880 3735 3934 contriverit

2154 3984 2303 4032 eum,
2352 3970 2568 4025 veniam
2617 3969 2685 4024 ad
2731 3969 3107 4041 Evangelium,
3134 3980 3196 4026 ut
3239 3971 3451 4026 videam
3501 3971 3733 4041 primam

2155 4061 2532 4128 tentationem,
2578 4061 2798 4130 quando
2829 4062 2966 4118 dixit
2995 4064 3044 4117 ei
3076 4061 3320 4119 Zabulus
3341 4063 3388 4095 ”
3414 4081 3428 4118 :
3479 4061 3592 4117 Ista
3619 4079 3736 4116 om-

2150 4149 2241 4202 nia
2259 4149 2354 4203 tibi
2375 4150 2579 4222 dabo,si
2594 4152 2870 4222 precidem
2897 4153 3201 4208 adoravcris
3220 4171 3323 4218 me,
3339 4162 3393 4209 et
3411 4153 3654 4224 reliqua;
3680 4161 3735 4207 et

2148 4243 2328 4298 dicam
2366 4245 2495 4314 quia
2534 4244 2590 4299 in
2621 4245 2714 4299 illo
2760 4253 3006 4316 tempore
3049 4260 3157 4301 nou
3208 4245 3529 4302 eontriverit
3570 4244 3734 4301 Jesus

2148 4335 2406 4390 malleum
2469 4337 2738 4393 universa:
2790 4346 2990 4403 terrae,
3049 4338 3146 4393 sed
3200 4347 3411 4393 tantum
3465 4337 3736 4406 confregit

2150 4445 2298 4483 eum.
2329 4428 2466 4483 Cum
2503 4444 2632 4484 vero
2671 4429 2898 4485 recessit
2927 4430 2996 4485 ab
3030 4445 3098 4485 eo
3153 4445 3325 4500 usque
3371 4429 3441 4484 ad
3495 4438 3733 4498 tempus,

463 4526 812 4581 malleatores
853 4534 1002 4580 sunt.
1041 4524 1248 4580 Idcirco
1284 4527 1329 4581 si
1356 4526 1474 4581 beri
1502 4527 1784 4582 malleator
1815 4545 1959 4594 eras,
1986 4539 2041 4584 et

2148 4529 2201 4576 et
2232 4531 2476 4590 tempore
2500 4530 2685 4591 postea
2720 4521 2868 4576 venit
2897 4522 3155 4586 instante,
3184 4531 3314 4576 tunc
3337 4531 3482 4576 conti
3500 4521 3607 4575 itus
3628 4533 3732 4585 est,

463 4615 518 4669 in
542 4630 705 4670 manu
741 4614 998 4669 malleum
1035 4615 1388 4683 con‘tinebas,
1412 4632 1558 4672 nunc
1600 4616 1819 4674 discens
1846 4620 1975 4690 quia
2008 4637 2038 4675 a

459 4706 596 4760 Cain
636 4703 922 4761 fratricida
962 4705 1216 4760 oriuntur
1257 4706 1623 4776 malleatores,
1664 4709 1869 4780 projiee
1899 4713 2039 4766 mal-

462 4799 605 4852 leum
648 4797 715 4852 de
755 4812 922 4852 manu
953 4805 1068 4859 tua,
1103 4806 1156 4853 et
1194 4798 1522 4869 transmigra
1549 4800 1616 4854 ad
1663 4802 2036 4857 malleatorum

460 4905 583 4961 qua:
609 4888 870 4960 spiritalis
895 4897 980 4944 est
1001 4889 1432 4959 generationem,
1465 4891 1605 4946 sicut
1628 4891 1797 4960 Enos,
1826 4903 1881 4949 et
1914 4895 2042 4949 reli-

458 4997 693 5054 quorum
760 4982 854 5051 qui
938 4979 1347 5051 Seripturarum
1405 4983 1662 5039 laudibus
1719 4986 2037 5042 efferuntur.

461 5072 850 5130 Verumtamen
900 5073 1026 5130 finis
1078 5074 1383 5131 confractio
1424 5085 1509 5132 est
1558 5088 1721 5148 alque
1755 5082 2036 5136 contritio.

458 5162 525 5220 Et
567 5165 849 5221 sciendum
881 5165 1138 5238 quidem,
1186 5169 1452 5238 quoniam
1478 5171 1842 5239 .prophetatus
1897 5190 2041 5228 nunc

457 5255 688 5311 malleus
730 5252 980 5312 Zabulus
1026 5258 1118 5323 sit,
1151 5259 1384 5315 malleus
1429 5275 1538 5315 non
1584 5262 1757 5330 partis
1805 5264 2039 5334 alicujus

458 5355 637 5410 terrae,
666 5348 762 5403 sed
813 5348 1084 5404 universae
1117 5360 1310 5415 terrae,
1345 5366 1446 5421 pro
1499 5366 1567 5407 eo
1597 5352 1744 5422 quod
1788 5353 1842 5408 in
1891 5356 2040 5410 omni

458 5446 600 5494 terra
645 5439 852 5495 malitia
899 5441 1020 5510 ejus
1059 5441 1306 5512 dispersa
1341 5444 1432 5508 sit,
1481 5453 1535 5498 et
1563 5443 1764 5514 ubique
1810 5446 2042 5502 malleus

457 5530 559 5586 iste
593 5532 795 5586 malum
838 5542 1112 5602 operatur.
1144 5531 1238 5589 Est
1282 5544 1463 5589 autem
1506 5536 1671 5590 etiam
1716 5536 1819 5591 hoc
1848 5537 2039 5592 dieen~

457 5621 612 5686 dum,
646 5622 914 5678 Zabulum
953 5625 1222 5680 universa:
1255 5635 1414 5681 terrm
1449 5628 1704 5682 malleum
1750 5643 1890 5693 csse,
1930 5646 2036 5683 non

2153 4627 2262 4666 non
2312 4611 2490 4667 solum
2548 4611 2864 4668 confractus
2908 4622 2969 4667 ut
3019 4613 3294 4683 primum,
3334 4611 3564 4666 malleus
3608 4612 3734 4666 uui-

2149 4716 2324 4758 versae
2355 4712 2532 4759 terrae.
2569 4702 2636 4758 Et
2682 4703 2812 4773 quia
2841 4704 3112 4760 contritus
3144 4711 3228 4759 est
3257 4702 3348 4774 qui
3385 4701 3563 4757 fuerat
3606 4710 3733 4757 ante

2151 4794 2467 4850 confractus
2517 4796 2748 4850 malleus
2800 4797 3069 4851 universa:
3121 4805 3318 4861 terrae,
3379 4795 3584 4849 ideirco
3637 4808 3735 4863 per

2121 4915 2123 4918 -
2151 4903 2598 4958 unumquemque
2631 4897 2878 4944 nostrum
2916 4887 3285 4960 eonfringitur
3309 4887 3529 4958 quidem
3559 4902 3736 4956 quan-

2149 4978 2222 5032 do
2269 4978 2670 5033 introdueimur
2713 4978 2768 5034 in
2816 4977 3153 5044 Ecelesiam,
3197 4987 3250 5033 et
3298 4977 3614 5048 proficimus
3664 4977 3733 5032 ad

2151 5070 2349 5138 fidem;
2389 5071 2693 5126 conteritur
2743 5080 2926 5125 autem
2969 5081 3021 5126 et
3067 5071 3482 5136 comminuitur,
3511 5069 3734 5138 quando

2150 5165 2216 5218 ad
2275 5162 2578 5234 profectum
2633 5163 2908 5217 venimus.
2959 5161 3117 5228 Quod
3163 5164 3207 5218 si
3260 5161 3476 5217 dubites
3523 5161 3732 5216 conteri

2151 5255 2415 5310 Zabulum
2460 5256 2528 5309 ad
2593 5253 2898 5323 profectum
2974 5253 3315 5308 venientibus
3363 5254 3558 5315 nobis,
3605 5252 3733 5307 audi

2148 5351 2473 5421 Apostolum
2551 5348 2934 5404 benedictione
3007 5347 3242 5417 quadam
3320 5345 3733 5401 benedicentem

2145 5445 2356 5513 justum
2407 5451 2569 5512 atque
2637 5439 2906 5496 dicentem
2929 5439 3020 5494 ’δι
3069 5438 3210 5493 Deus
3275 5448 3448 5492 autent
3497 5447 3732 5492 conterat

2149 5536 2412 5592 Satanam
2469 5532 2564 5587 sub
2621 5531 2842 5602 pedbus
2892 5531 3078 5585 restria
3138 5531 3409 5595 uelociter.
3462 5528 3735 5588 Auimalis

2148 5637 2233 5684 est
2284 5629 2384 5681 istc
2435 5625 2702 5688 malleus,
2760 5623 2994 5680 fortasse
3063 5639 3210 5680 nunc
3269 5623 3401 5677 furit
3439 5623 3732 5678 adversum

531 5779 574 5810 “
601 5779 734 5833 Gen.
763 5795 836 5831 Iv.
913 5781 957 5811 "
991 5777 1146 5836 Ioan.
1180 5798 1294 5848 κως,
1326 5785 1410 5837 15.
1489 5786 1531 5815 ἰ’
1573 5781 1761 5839 Matth.
1795 5802 1873 5860 Iv,
1895 5787 1947 5841 9.
2029 5790 2043 5818 ²

2148 5803 2249 5844 om.
2281 5802 2394 5853 xw,-
2421 5783 2514 5840 20.
