4122 6476
394 451 497 529 52's

1578 475 1645 532 IN
1683 469 2046 530 JEBEMIAM
2077 465 2359 528 ι-ιοιίιιιΑ
2396 467 2515 526 XX.

3557 464 3662 524 530

388 603 524 654 nos,
585 598 640 645 et
688 592 925 661 quaerit,
976 592 1108 664 quia
1160 593 1262 651 ista
1326 595 1394 652 de
1445 611 1513 652 eo
1565 596 1858 666 pandimus
1909 591 2406 662 etABabylon,et
2445 605 2554 642 non
2585 585 2885 657 cognoscit.
2923 583 3160 656 Babylon
3189 582 3390 654 quippe
3415 582 3515 651 legi
3550 596 3658 635 non

385 683 687 737 conteritur
718 702 748 739 a
777 687 938 743 nobis
980 687 1195 759 (neque
1237 689 1383 744 enim
1432 689 1798 761 confringitur
1849 697 1971 743 tan-

385 782 526 841 tum,
558 782 613 828 et
642 792 751 830 non
775 777 940 833 etiam
962 783 1268 838 conteritur
1301 798 1397 852 per
1430 784 1587 853 nos),
1624 780 1972 851 confringere

384 882 491 924 nos
511 869 824 924 econtrario
858 881 913 924 et
931 880 1236 928 conterere.
1272 872 1338 927 Et
1369 875 1574 930 multos
1594 874 1814 944 quidem
1841 888 1972 927 con-

383 960 558 1027 trivit,
594 977 690 1018 cos
727 962 821 1032 qui
863 978 971 1019 non
999 965 1289 1019 attendunt
1322 965 1452 1032 sibi,
1490 981 1667 1035 neque
1721 964 1968 1022 custodia

383 1062 740 1108 servaverunt
791 1068 887 1108 cor
916 1069 1101 1109 suum.
1133 1053 1336 1109 Verum
1391 1071 1494 1112 nos
1538 1055 1875 1111 confidentes
1915 1054 1969 1107 in

383 1141 535 1210 Deo,
581 1143 865 1200 credentes
920 1145 975 1199 in
1025 1145 1308 1202 Christum
1338 1146 1469 1212 Dei,
1517 1163 1627 1204 non
1678 1147 1971 1202 timeamus

383 1233 672 1289 Zabulum.
700 1235 892 1292 Timor
926 1237 1022 1294 Dei
1057 1237 1189 1294 facit
1223 1255 1324 1295 nos
1360 1255 1469 1294 non
1507 1239 1760 1294 timentes
1790 1237 1971 1296 Zabu-

381 1325 518 1393 lum,
570 1327 818 1397 nihilque
864 1330 934 1386 ab
989 1346 1054 1386 eo
1100 1332 1339 1403 perpeti,
1385 1333 1479 1388 sed
1525 1341 1584 1390 et.
1625 1330 1806 1387 dicere
1852 1345 1962 1384 non

381 1425 595 1472 tantum
621 1419 970 1488 generaliter,
1000 1438 1188 1483 verum
1213 1424 1280 1478 de
1306 1423 1468 1479 nobis
1499 1422 1659 1496 ipsis:
1686 1420 1961 1491 Quomodo

376 1506 685 1575 confractus
716 1517 794 1563 est
824 1519 886 1564 et
915 1512 1179 1568 contritus
1225 1514 1445 1572 malleus
1487 1514 1744 1567 universa:
1768 1514 1969 1566 terris?

383 1591 490 1649 lllo
515 1606 696 1650 autem
741 1598 1024 1656 confracto
1055 1609 1110 1656 et
1138 1603 1479 1657 comminuto
1499 1643 1516 1668 ,
1546 1602 1787 1673 Babylon
1819 1602 1878 1655 lit
1912 1601 1966 1655 in

381 1689 810 1758 exterminium;
853 1707 954 1748 nec
985 1693 1140 1763 prius
1177 1692 1523 1749 confusionis
1567 1693 1762 1748 civitas
1803 1691 1968 1748 dissi-

380 1789 563 1847 patur,
594 1797 760 1850 quam
806 1783 1040 1840 malleus
1085 1785 1358 1840 universa:
1393 1793 1552 1840 terra:
1589 1783 1969 1855 confringatur

379 1880 435 1926 et
456 1879 790 1928 conteratur.
809 1873 966 1930 Unde
985 1885 1038 1930 et
1055 1875 1379 1932 mirabiliter
1407 1884 1461 1932 et
1481 1876 1744 1947 praeclaro
1770 1876 1965 1933 ordine

379 1965 643 2034 propheta
671 1981 806 2021 usus
850 1974 935 2021 est
962 1966 1191 2022 dicens:
1232 1941 1509 2032 Quomodb
1541 1967 1844 2037 confractus
1879 1979 1958 2023 est
1995 1941 2039 1997 Β

380 2064 429 2108 et
458 2057 720 2109 contritus
745 2056 966 2111 malleus
994 2058 1252 2112 universae
1277 2063 1481 2116 terris?
1513 2058 1791 2124 Quomodo
1815 2060 1963 2129 facta

379 2155 460 2199 est
499 2147 556 2199 in
590 2148 965 2202 exterminium
1005 2148 1296 2220 Babylon?
1337 2150 1493 2217 Quod
1536 2151 1712 2222 primo
1755 2149 1959 2206 factum

380 2246 482 2304 est,
513 2239 746 2308 primum
779 2241 1087 2310 enarravit;
1131 2243 1278 2313 quod
1318 2244 1583 2308 secundo,
1618 2259 1963 2314 consequen-

383 2341 464 2384 ter
491 2331 766 2400 exposuit.
800 2332 866 2387 Et
899 2334 1004 2389 hoc
1057 2343 1273 2405 oportet
1302 2352 1398 2406 per
1435 2338 1683 2408 singulos
1714 2335 1963 2411 Scriptu-

378 2433 565 2474 rarum
619 2421 913 2479 observare
959 2441 1263 2482 sermones.
1307 2426 1537 2493 Quando
1590 2428 1775 2498 itaque
1813 2427 1959 2483 litin

375 2510 764 2566 exterminium
788 2511 1072 2585 Babylon?
1096 2516 1328 2583 Quando
1366 2518 1803 2581 exterminantur
1842 2535 1962 2577 om-

377 2617 475 2657 nes
507 2602 862 2660 confusiones
884 2607 952 2662 de
979 2609 1162 2662 anima
1195 2624 1315 2663 mea
1335 2648 1361 2672 ,_
1391 2625 1571 2680 neque
1601 2610 1831 2666 ulterius
1874 2627 1962 2670 mc

374 2692 663 2748 confundit
692 2711 842 2750 mors
880 2697 996 2764 lilii,
1028 2707 1124 2753 aut
1167 2700 1391 2765 uxoris;
1420 2715 1546 2756 cum
1587 2717 1695 2755 non
1735 2712 1820 2756 est
1865 2702 1960 2772 qui

375 2798 462 2837 me
504 2785 679 2839 irritet
721 2793 777 2839 et
815 2799 1076 2856 provocet
1119 2791 1187 2845 ad
1228 2791 1542 2857 tristitiam,
1593 2793 1660 2848 ad
1700 2793 1860 2858 iram,
1891 2795 1959 2850 ad

371 2875 908 2943 concupiscentiam,
957 2877 1026 2933 ad
1076 2881 1441 2951 voluptatem,
1495 2883 1718 2952 quando
1762 2899 1959 2939 maneo

373 2963 720 3033 inconfusus,
768 2983 1059 3027 assumens
1097 2975 1366 3029 rationem
1391 2991 1513 3045 quae
1545 2989 1632 3030 me
1671 2975 1960 3032 conﬁrmet

371 3063 424 3109 et
445 3057 684 3126 roboret,
714 3067 843 3116 tunc
865 3062 994 3117 mihi
1021 3064 1217 3121 accidit
1238 3067 1383 3136 quod
1406 3067 1613 3122 dictum
1637 3075 1752 3122 est:
1787 3066 1958 3122 Facta

371 3154 450 3198 est
485 3148 543 3199 in
572 3152 949 3205 exterminium
971 3151 1233 3222 Babylon,
1263 3156 1371 3211 hoc
1404 3167 1489 3213 est
1530 3156 1788 3212 universa
1823 3172 1958 3212 con-

372 3237 538 3295 fusio.
565 3239 729 3298 Fiunt
758 3251 940 3298 autem
978 3246 1103 3312 ista,
1131 3247 1184 3304 id
1209 3256 1315 3314 est,
1350 3251 1724 3329 confringi,“
1746 3255 2026 3332 conteric

368 3331 626 3387 malleum
659 3336 838 3391 omnis
866 3345 1042 3403 terra),
1078 3347 1132 3393 et
1157 3338 1409 3399 demoliri
1441 3340 1954 3423 Babylonem,cum

367 3435 559 3496 gentes
585 3437 1034 3502 superponuntur
1056 3431 1275 3497 malleo,
1296 3440 1359 3486 et-
1375 3431 1657 3511 Babyloni.
1679 3433 1953 3506 Scriptum

367 3522 454 3570 est
485 3515 631 3569 enim
661 3534 674 3570 :
724 3516 784 3571 In
810 3519 1050 3588 gentibus
1091 3531 1509 3592 superponentur
1549 3525 1668 3593 tibi,
1703 3528 1808 3588 hoc
1848 3537 1966 3596 est,

368 3601 406 3658 ii
430 3606 523 3675 qui
553 3607 620 3662 de
652 3608 906 3680 gentibus
936 3619 1067 3666 sunt
1107 3616 1679 3682 superponenturtibi,
1713 3632 1746 3670 o
1778 3616 1951 3691 Baby-

368 3696 482 3761 lon,
515 3707 956 3769 superponentur
996 3702 1116 3768 tibi,
1152 3719 1186 3758 o
1217 3705 1432 3770 malleo,
1467 3715 1527 3761 ut
1562 3709 1951 3779 confringaris,

366 3796 423 3843 et
460 3791 784 3848 conteraris.
827 3791 1058 3858 Quando
1089 3795 1192 3852 ista
1236 3795 1378 3854 facta
1413 3801 1582 3855 sunt?
1618 3800 1674 3856 In
1715 3803 1952 3860 adventu

367 3880 585 3936 Domini
613 3881 720 3936 mei
763 3881 893 3937 Jesu
928 3883 1156 3950 Christi,
1183 3903 1310 3943 cum
1344 3887 1698 3961 Evangelium
1741 3897 1954 3952 cunctis

368 3971 622 4040 gentibus
679 3973 1031 4042 praadicatum
1080 3977 1246 4048 279
1291 3990 1409 4048 est,
1448 3991 1578 4039 tunc
1622 3989 1951 4054 superpositi

369 4072 498 4119 sunt
521 4065 685 4120 Pater
727 4075 783 4121 et
811 4065 986 4121 Filius
1025 4078 1079 4123 et
1107 4068 1345 4138 Spiritus
1386 4083 1614 4130 sanctus
1663 4076 1948 4149 Babyloni,

365 4162 424 4209 et
471 4155 670 4210 malleo
720 4157 990 4212 universa:
1025 4167 1222 4227 terrae,
1263 4169 1317 4216 et
1368 4161 1651 4232 impletum
1699 4176 1784 4221 est
1847 4170 1952 4226 hoc

365 4249 514 4319 quod
562 4251 826 4321 scriptum
862 4260 946 4307 est
978 4253 1074 4310 ²⁸ε
1127 4253 1195 4308 In
1247 4258 1484 4327 gentibus
1535 4275 1951 4332 superponentur

368 4339 486 4403 tibi,
510 4349 560 4394 et
605 4342 851 4411 capieris,
887 4342 1150 4414 Babylon,
1190 4355 1239 4400 et
1267 4365 1372 4402 non
1413 4354 1698 4421 cognoscis.
1730 4352 1947 4418 Utinam

367 4440 656 4501 caperetur
710 4431 949 4504 Babylon
1001 4443 1055 4491 et
1104 4452 1202 4506 per
1252 4439 1502 4510 singulos
1547 4451 1820 4501 nostrum.
1869 4446 1948 4507 Ex

260 4603 264 4608 ί
363 4523 734 4580 anterioribus
766 4535 946 4582 autem
985 4537 1165 4598 potest
1199 4530 1424 4602 intelligi
1454 4535 1740 4604 captivitas
1775 4537 1949 4610 Baby-

2073 682 2594 752 subjicituraneque
2628 679 2774 734 enim
2807 684 2983 747 potest
3013 691 3122 731 non
3167 675 3383 730 inventa
3416 672 3657 744 Babylon

2073 771 2469 841 comprehensa
2495 784 2654 834 esse;
2689 769 2783 822 sed
2821 767 2892 821 ob
2913 765 2965 820 id
2999 765 3393 836 comprehensa
3421 772 3505 820 est
3531 777 3656 820 cum

2072 864 2292 917 inventa
2318 870 2422 928 est,
2449 857 2846 930 quiaDomino
2872 857 3096 911 restitit.

2141 954 2193 1008 5.
2227 952 2430 1007 Deinde
2456 951 2740 1008 exordium
2771 949 2994 1006 alterius
3022 947 3266 1019 capituli.
3302 947 3519 1017 Aperuit
3557 944 3658 998 Do-

2073 1045 2247 1101 minus
2284 1045 2592 1099 thesaurum
2644 1058 2821 1105 suum,
2870 1051 2918 1094 et
2971 1040 3193 1109 protulit
3228 1054 3355 1093 vasa
3393 1039 3490 1092 ira:
3521 1051 3655 1102 sum,

2070 1138 2196 1211 quia
2226 1153 2355 1211 opus
2399 1135 2629 1191 Domino
2672 1135 2926 1188 virtutum
2978 1134 3034 1186 in
3081 1143 3223 1186 terra
3255 1131 3653 1188 Chaldteorunt.

2072 1209 2339 1294 Quoniam
2390 1236 2636 1287 venerunt
2689 1235 2924 1297 tempora
2965 1227 3080 1295 ejus
3126 1226 3331 1291 aperire
3376 1225 3656 1294 apothecas

2069 1321 2207 1390 ejus,
2233 1321 2552 1374 scrutamini
2577 1336 2692 1374 eam
2721 1320 2878 1389 quasi
2909 1317 3236 1388 speluncam,
3275 1326 3325 1371 et
3371 1315 3656 1387 disperdite

2071 1427 2186 1463 eam
2232 1428 2294 1466 ne
2324 1411 2431 1465 sint
2473 1411 2586 1480 ejus
2627 1411 2888 1481 reliquiae.
2921 1408 3205 1463 Exsiccata
3241 1425 3418 1462 omnes
3452 1409 3654 1478 fructus

2069 1502 2206 1571 ejus,
2236 1511 2286 1556 et
2334 1502 2612 1556 descendat
2650 1504 2705 1555 in
2753 1502 3086 1555 occisionem.
3146 1498 3237 1555 Vte
3281 1502 3357 1553 eis
3404 1493 3656 1570 quoniam

2069 1594 2206 1647 venit
2236 1594 2348 1647 dies
2398 1610 2602 1660 eorum,
2636 1603 2836 1662 tempus
2871 1593 3119 1648 vindicta:
3148 1607 3331 1645 eorum
3355 1591 3422 1644 ³⁷.
3456 1588 3656 1646 Volens

2072 1671 2501 1755 intelligere'hoc
2526 1684 2672 1753 quod
2702 1684 2906 1739 dictum
2937 1692 3060 1738 est:
3094 1683 3316 1752 Aperuit
3353 1682 3656 1738 thesaurum

2070 1793 2246 1842 suum,
2271 1785 2320 1832 et
2350 1778 2574 1848 protulit
2607 1793 2734 1832 uasa
2763 1778 2862 1831 ira:
2885 1792 3016 1842 suae,
3046 1789 3236 1845 quaero
3265 1775 3331 1829 de
3363 1774 3469 1830 alia
3503 1773 3657 1828 Scri-

2071 1877 2231 1940 ptura
2261 1885 2388 1925 vasa
2425 1869 2522 1925 irae
2562 1869 2694 1936 Dei,
2736 1876 2791 1923 et
2819 1866 3038 1924 invenio
3071 1866 3137 1921 ad
3176 1865 3472 1937 pleniorem
3501 1881 3650 1920 com-

2067 1960 2405 2030 parationem
2456 1959 2612 2016 istius
2667 1957 2965 2028 Scriptura:
3003 1954 3342 2027 Scripturam
3391 1955 3655 2024 apostoli-

2065 2063 2209 2114 cam,
2241 2048 2426 2120 ibique
2473 2049 2694 2104 invenio
2734 2047 3056 2119 Apostolum
3094 2046 3228 2102 mihi
3271 2046 3655 2116 subjicicntem

2065 2156 2187 2211 qua:
2214 2139 2327 2197 sint
2355 2156 2486 2197 vasa
2514 2141 2608 2198 irae
2637 2140 2754 2199 Dei.
2789 2139 2883 2194 Ait
2915 2141 3061 2198 enim
3084 2139 3130 2172 "
3151 2155 3163 2190 :
3187 2137 3248 2196 Si
3274 2147 3452 2192 autem
3475 2139 3656 2194 volens

2065 2231 2209 2291 Deus
2247 2233 2519 2293 ostendere
2548 2233 2686 2287 iram
2731 2248 2904 2300 suam,
2955 2242 3004 2286 et
3054 2243 3230 2286 notam
3263 2232 3437 2302 facere
3467 2239 3654 2300 poten-

2067 2325 2196 2377 tiam
2249 2341 2450 2394 suam,
2485 2326 2706 2395 pertulit
2753 2327 2804 2378 in
2858 2324 3027 2379 multa
3076 2326 3335 2395 patientia
3380 2342 3507 2378 vasa
3556 2325 3652 2378 ira:

2063 2425 2370 2492 prteparata
2425 2417 2494 2470 ad
2550 2417 2928 2486 perditionem,
2969 2426 3024 2470 ut
3081 2419 3376 2471 ostenderet
3435 2416 3654 2470 divitias

2063 2507 2250 2578 gloria:
2281 2523 2392 2564 sua:
2426 2510 2481 2569 in
2523 2525 2648 2562 vasa
2688 2508 3066 2562 misericordia:
3095 2524 3211 2578 qua:
3248 2511 3572 2578 preparavit
3597 2510 3651 2561 in

2064 2581 2312 2668 gloriam,
2342 2614 2472 2668 quos
2515 2608 2565 2652 et
2607 2600 2806 2652 vocavit
2855 2614 2960 2652 non
3005 2599 3174 2652 solum
3204 2615 3270 2653 ea:
3303 2598 3535 2666 Judwis,
3570 2617 3653 2654 ves

2065 2705 2185 2742 rum
2215 2689 2375 2743 etiam
2427 2705 2493 2743 ea:
2534 2689 2795 2760 gentibus.
2835 2689 3171 2745 Generaliter
3201 2690 3498 2762 Apostolus
3533 2707 3653 2746 orn--

2063 2797 2162 2837 nes
2196 2781 2450 2837 homines
2478 2781 2665 2837 divisit
2698 2781 2976 2848 bifariam,
3012 2783 3202 2839 dicens
3229 2783 3497 2853 quosdam
3529 2799 3654 2840 esse

2063 2887 2192 2929 vasa
2218 2871 2634 2939 misericordiae,
2659 2873 2926 2944 quosdam
2955 2889 3087 2930 vasa
3119 2874 3231 2930 iraa.
3259 2874 3422 2931 Verbi
3452 2877 3649 2947 gratia,

2060 2963 2404 3020 Pharaonem
2435 2974 2490 3021 et
2522 2964 2815 3037 [Egyptios
2848 2981 2979 3022 vasa
3017 2967 3140 3033 iraa;
3184 2983 3376 3023 rursus
3418 2969 3511 3039 qui
3540 2970 3650 3040 pri-

2061 3071 2186 3112 mus
2230 3055 2667 3112 misericordiam
2721 3066 3050 3114 consecutus
3087 3067 3192 3125 est,
3227 3068 3282 3114 et
3326 3075 3422 3115 eos
3469 3061 3646 3131 quiin

2063 3154 2308 3225 tempore
2341 3147 2410 3202 de
2443 3145 2648 3209 Judrcis
2695 3158 2750 3204 et
2796 3150 3047 3220 gentibus
3093 3151 3477 3218 crediderunt,
3515 3169 3647 3209 vasa

2060 3239 2455 3294 misericordiae
2500 3241 2854 3319 nuncupavit.
2911 3240 3052 3296 Sunt
3093 3257 3224 3318 ergo
3271 3243 3331 3300 in.
3385 3244 3649 3301 thesauro

2062 3330 2157 3386 Dei
2184 3346 2316 3388 vasa
2345 3333 2459 3388 irae.
2499 3332 2776 3403 Scriptum
2805 3340 2890 3391 est
2912 3335 3055 3389 enim
3086 3353 3098 3389 :
3131 3335 3352 3410 Aperuit
3398 3333 3657 3391 Dominus

2063 3423 2370 3478 thesaurum
2407 3441 2586 3491 suum,
2616 3435 2666 3480 et
2698 3427 2922 3496 protulit
2951 3445 3078 3491 vasa
3119 3428 3215 3482 ine
3244 3444 3373 3484 sure.
3407 3427 3540 3496 Quis
3566 3438 3650 3484 est

2061 3516 2163 3571 iste
2207 3518 2501 3574 thesaurus
2539 3519 2755 3578 Domini
2792 3519 2845 3573 in
2888 3535 2999 3594 quo
3044 3535 3195 3575 vasa.
3225 3519 3320 3576 ira:
3362 3522 3648 3577 inveniun-

2061 3610 2434 3685 tur?‘Aliquis
2489 3609 2676 3665 fOrsan
2725 3623 2966 3682 quaeret,
3029 3623 3211 3668 utrum
3267 3613 3322 3666 in
3389 3615 3648 3669 thesauro

2060 3699 2277 3756 Domini
2305 3710 2518 3756 tantum
2547 3718 2678 3758 vasa
2710 3703 2804 3758 irae
2831 3696 2962 3768 sint,
3003 3716 3056 3760 et
3103 3704 3397 3759 thesaurus
3428 3703 3523 3760 Dei
3551 3709 3643 3774 qui

2059 3801 2144 3849 est
2176 3793 2471 3849 thesaurus
2502 3795 2774 3857 omnium,
2801 3810 2908 3850 non
2938 3796 3136 3850 habeat
3165 3812 3296 3852 vasa
3331 3797 3648 3852 misericor-

2059 3884 2196 3951 diae;
2245 3900 2315 3938 an
2363 3885 2512 3940 aliud
2553 3887 2684 3956 quid
2725 3886 2950 3957 intelligi
2999 3897 3251 3961 oporteat
3291 3887 3358 3943 de
3385 3889 3645 3945 thesauro

2061 3971 2190 4039 Dei,
2242 3974 2386 4030 unde
2437 3975 2734 4033 ellcrantur
2785 3992 2914 4033 vasa
2962 3977 3058 4033 irae
3103 3977 3256 4048 ejus?
3303 3976 3641 4035 Thesaurum

2061 4063 2276 4120 Domini
2318 4081 2421 4136 ego
2465 4068 2746 4122 contldens
2787 4067 2967 4122 dicam
3012 4083 3134 4124 esse
3169 4069 3467 4126 Ecclesiam
3500 4071 3641 4141 ejus,

2057 4163 2112 4210 et
2140 4155 2196 4210 in
2236 4157 2342 4212 isto
2386 4159 2647 4213 thesauro
2671 4201 2684 4225 ,
2722 4159 2774 4214 id
2805 4165 2909 4225 est,
2952 4157 3193 4216 Ecclesia
3227 4176 3368 4230 sape
3393 4161 3644 4217 homines

2057 4247 2274 4303 latitare
2320 4249 2425 4324 qui
2469 4259 2598 4304 sunt
2637 4265 2768 4304 vasa
2819 4250 2934 4306 iraa.
2984 4249 3385 4326 Vcnietiigitur
3429 4259 3643 4323 tempus

2057 4340 2279 4410 quando
2342 4341 2552 4412 aperiat
2607 4341 2875 4396 Dominus
2940 4343 3258 4398 thesaurum
3317 4343 3576 4400 Ecclesia:
3625 4365 3639 4401 :

2057 4446 2204 4487 nunc
2251 4431 2398 4486 enim
2432 4433 2618 4488 clausa
2667 4442 2754 4488 est
2801 4433 3067 4502 Ecclesia,
3103 4444 3158 4490 et
3203 4452 3330 4492 vasa
3380 4437 3475 4492 ira:
3514 4455 3640 4493 cum

2059 4521 2208 4578 vasis
2241 4522 2632 4579 misericordiae
2675 4524 3004 4593 inhabitant,
3036 4537 3091 4582 et
3140 4529 3309 4599 palea:
3355 4545 3481 4584 cum
3522 4527 3642 4584 fru-

365 4613 531 4679 lonis,
571 4615 792 4684 quando
840 4627 998 4687 capta
1045 4619 1356 4686 suﬂ‘oilitur,
1394 4624 1750 4695 subvertitur,
1796 4614 1952 4687 deso-

2061 4622 2245 4669 mento
2270 4624 2417 4681 sunt,
2448 4624 2503 4670 et
2535 4615 2716 4685 pisces
2742 4617 3004 4687 perdendi
3039 4634 3104 4674 ac
3142 4620 3488 4690 projieiendi,
3514 4637 3639 4685 cum

367 4702 544 4768 latur,
595 4712 656 4758 ut
703 4705 837 4759 nihil
896 4706 950 4760 in
1009 4709 1169 4764 nobis
1201 4712 1439 4768 resideat
1486 4715 1850 4780 confusionis.
1885 4720 1952 4775 Et

365 4797 615 4864 capieris,
658 4796 921 4868 Babylon,
951 4810 1002 4856 et
1046 4820 1147 4856 non
1192 4807 1495 4875 ragnoscis;
1533 4808 1741 4864 inventa
1782 4829 1858 4878 es,
1902 4823 1952 4871 et

365 4889 759 4959 comprehensa,
786 4893 910 4961 quia
949 4893 1177 4948 Domino
1218 4899 1544 4956 restitisti".
1586 4899 1802 4973 Ergone
1835 4906 1949 4963 sola

364 4975 604 5051 Babylon
635 4980 868 5038 Domino
893 4985 1113 5049 restitit,
1144 4995 1197 5041 ct
1231 5004 1342 5044 non
1374 4991 1555 5059 potius
1591 5009 1783 5051 onmes
1816 5015 1947 5068 gett-

365 5079 480 5138 ωε,
515 5073 670 5141 dum,
700 5074 960 5131 Creatore
996 5076 1234 5146 deserto,
1283 5079 1423 5136 idola
1459 5095 1726 5143 veneratae
1776 5099 1934 5157 sunt,

362 5162 597 5221 Domino
649 5166 1001 5223 restiterunt?
1044 5169 1127 5224 An
1193 5172 1490 5242 ﬁguraliter
1545 5176 1679 5233 dicit
1723 5195 1940 5235 omnem

363 5259 604 5314 animam
638 5261 974 5316 contrariam
1010 5261 1313 5320 Jerusalem
1344 5267 1538 5323 visioni
1570 5272 1740 5340 pacis,
1765 5273 1944 5348 Baby—

363 5350 543 5406 lonem
574 5354 732 5408 esse?
755 5351 910 5409 Unde
929 5364 981 5410 et
1009 5356 1184 5411 sancti
1212 5357 1263 5411 in
1282 5355 1605 5426 Jerusalem,
1631 5376 1944 5432 peceatores

365 5442 420 5498 in
467 5443 745 5516 Babylone
783 5455 960 5502 erant.
1001 5446 1067 5502 Et
1111 5449 1156 5502 si
1187 5451 1485 5519 peccabaut
1528 5451 1942 5528 Jcrosolymitze,

364 5537 721 5594 mittebantur
765 5541 820 5594 in
853 5539 1220 5612 Babylonem,
1263 5551 1317 5598 et
1363 5545 1445 5600 sic
1490 5551 1947 5610 convertebantur

362 5630 431 5684 ad
477 5632 855 5702 penitentiam
905 5633 959 5688 in
998 5632 1271 5707 Babylone
1317 5639 1703 5698 consistentes.
1759 5643 1945 5703 Sancti

363 5733 494 5777 vero
544 5725 992 5794 regrediebantur
1041 5727 1096 5782 in
1145 5727 1472 5787 Jerusalem.
1527 5733 1755 5804 Capitur
1814 5754 1945 5811 ergo

430 5905 472 5934 "
499 5902 698 5964 Jerem.
729 5923 780 5976 ι,
804 5907 893 5962 2i.
977 5907 1020 5939 “
1046 5908 1177 5964 ibid.
1255 5912 1298 5945 ’τ
1317 5911 1518 5970 Jerem.
1546 5930 1597 5982 ι,
1622 5915 1712 5984 25’,
1739 5918 1830 5984 ‘26,
1855 5918 1944 5974 27.

2026 5923 2070 5954 ³·
2096 5917 2254 5975 Rom.
2278 5915 2472 5982 11,22,
2508 5915 2601 5983 :25,
2629 5914 2718 5968 24.

2017 4738 2020 4740 -
2060 4707 2221 4763 bonis
2243 4707 2491 4780 piscibus
2529 4707 2621 4778 qui
2656 4707 2710 4762 in
2747 4710 2880 4764 retia
2907 4710 3236 4778 inciderunt,
3268 4714 3637 4770 continentur.

2058 4797 2233 4866 Quam
2263 4815 2386 4855 cum
2419 4799 2696 4870 aperuerit
2735 4799 2928 4870 judicii
2968 4809 3238 4872 tempore,
3267 4811 3321 4858 et
3350 4803 3642 4874 protulerit

2057 4892 2256 4948 exinde.
2293 4907 2420 4947 vasa
2458 4893 2553 4947 irae
2584 4907 2730 4958 suae,
2759 4893 2904 4949 dicet
2934 4893 3164 4950 forsitan
3212 4896 3259 4952 is
3291 4896 3385 4967 qui
3426 4905 3509 4954 est
3537 4915 3634 4954 vas

2055 4984 2469 5053 misericordiae,
2517 4984 2584 5041 de
2627 4985 3034 5057 egredientibus
3076 4987 3220 5044 vasis
3265 4987 3360 5044 irae
3404 5005 3518 5045 suae
3545 4992 3589 5021 "
3623 5007 3634 5041 :
3678 4977 3680 4979 ’

2060 5075 2323 5131 Exierunt
2354 5094 2418 5131 ea:
2447 5077 2617 5146 nobis,
2649 5094 2750 5135 non
2777 5080 2917 5133 enim
2942 5089 3092 5134 erant
3116 5095 3181 5133 ea:
3208 5081 3379 5137 nobis.
3408 5079 3468 5142 Si
3499 5081 3638 5135 enim

2058 5173 2282 5242 fuissent
2336 5190 2400 5228 ea:
2452 5175 2627 5241 nobis,
2659 5175 3070 5244 permansissent
3124 5177 3302 5247 utique
3344 5175 3636 5234 nobiscum.

2059 5266 2164 5322 Sed
2193 5267 2311 5322 ideo
2346 5269 2538 5338 egressi
2571 5277 2693 5320 sunt
2727 5283 2758 5320 a
2789 5267 2972 5330 nobis,
3018 5277 3073 5320 ut
3121 5273 3482 5322 ostenderetur
3510 5269 3636 5338 quia

2055 5378 2154 5416 non
2203 5370 2354 5415 erant
2398 5378 2576 5416 omnes
2606 5377 2673 5419 ea;
2700 5361 2870 5417 nobis.
2913 5363 2969 5416 In
3010 5362 3156 5417 aliud
3193 5362 3449 5433 quiddam
3484 5365 3634 5434 cupit

2052 5470 2238 5510 sermo
2286 5470 2674 5526 prorumpere;
2713 5455 2859 5524 quod
2906 5463 3088 5511 autem
3136 5455 3400 5512 audemus
3430 5457 3632 5518 dicere.

2050 5545 2361 5603 istiusmodi
2386 5554 2488 5604 est.
2525 5545 2582 5601 in
2607 5548 2862 5602 thesauro
2887 5547 2981 5602 Dei
3006 5563 3136 5602 vasa
3163 5548 3257 5604 ira:
3283 5559 3445 5614 sunt;
3479 5557 3634 5605 extra

2049 5640 2370 5696 thesaurum
2404 5655 2534 5693 vasa
2573 5639 2853 5708 peccantia
2905 5655 3013 5694 non
3054 5648 3184 5695 sunt
3231 5657 3359 5696 vasa
3391 5641 3507 5709 irai,
3538 5643 3634 5700 scd

2049 5733 2198 5791 vasis
2223 5733 2317 5786 irze
2343 5730 2555 5786 minora
2586 5736 2732 5785 sunt.
2771 5727 2924 5785 Servi
2970 5731 3116 5786 enim
3154 5741 3283 5788 sunt
3318 5733 3634 5805 ignorantes

2799 5917 2841 5948 ’N
2869 5915 3063 5971 lJoau.
3102 5930 3162 5972 ιι.
3194 5915 3277 5973 l‘].
