4122 6456
475 409 572 465 S5!

1960 402 2284 461 ORIGENIS

3643 410 3756 470 532

475 525 809 581 voluntatem
854 522 1054 577 diimini
1087 522 1193 589 sui,
1215 531 1269 576 et
1294 538 1403 576 non
1437 522 1696 579 facientes
1725 523 2056 578 voluntatem
2086 525 2134 584 Α
2161 522 2366 577 dictum
2399 530 2502 577 est.
2546 522 2636 576 Ait
2661 530 2842 577 autem
2875 521 2975 593 ipsi
3025 521 3278 577 Salvator
3306 541 3317 576 :
3348 521 3455 588 Qui
3479 521 3642 594 juxta
3671 542 3752 578 me

475 617 619 688 ejus.
660 616 763 683 Qui
799 626 982 671 autem
1026 614 1326 687 ingreditur
1362 612 1683 679 Ecclesium,
1716 623 1928 671 autvas
1963 617 2059 670 iraa

477 719 572 763 aut
600 724 695 764 vas
733 706 1143 762 misericordiae.
1176 705 1278 772 Qui
1307 715 1459 760 extra
1492 704 1787 761 Ecelesiam
1818 715 1923 771 est,
1967 722 2060 761 ne-

476 815 584 870 que
618 815 715 854 vas
759 799 1150 854 misericordia:
1192 807 1298 861 est,
1342 813 1519 869 neque
1550 798 1665 853 irae.
1699 797 1860 852 Aliud
1885 798 2060 869 quod-

472 893 598 947 dam
631 905 832 947 nomeu
881 886 1123 960 inquiro,
1165 891 1262 960 qui
1291 900 1445 947 extra
1480 889 1780 946 Ecclesiam
1813 905 2059 946 commo-

471 993 662 1050 ratur;
695 991 749 1038 et
777 983 1053 1054 quomodo
1074 983 1311 1039 decerno
1336 982 1616 1039 conlidens
1649 998 1757 1037 non
1785 997 1905 1038 esse
1931 997 2057 1036 eum

469 1090 569 1131 vas
594 1074 1008 1140 misericordiae,
1039 1074 1120 1131 sic
1142 1074 1454 1130 econtrario
1480 1089 1547 1129 ex
1579 1073 1807 1130 rationis
1831 1074 2059 1129 veritate

471 1164 844 1221 communitus
892 1174 1077 1236 aperte
1123 1180 1319 1237 promo
1367 1165 1717 1233 sententiam,
1756 1179 1935 1236 neque
1961 1179 2058 1221 vas

468 1258 567 1312 irae
592 1270 756 1328 posse
789 1274 915 1313 eum
949 1256 1078 1324 dici,
1109 1258 1205 1314 sed
1250 1274 1344 1314 vas
1385 1258 1438 1313 in
1488 1258 1637 1313 aliud
1679 1257 1937 1329 quiddam
1968 1273 2057 1313 re-

468 1359 771 1407 servatum.
818 1347 1032 1422 Ergone
1064 1360 1256 1421 potero
1301 1349 1369 1406 de
1408 1349 1709 1422 Seripturis
1753 1350 2057 1421 approbare

468 1456 571 1499 nec
603 1440 997 1496 misericordia:
1025 1456 1149 1495 eum
1188 1456 1311 1496 esse
1343 1456 1459 1507 vas,
1493 1456 1595 1497 nec
1626 1442 1758 1507 irae;
1789 1449 1850 1496 ut
1880 1450 1935 1496 et
1970 1457 2059 1519 see

466 1532 649 1588 eunda
674 1532 946 1603 expositio
977 1530 1184 1604 aliquid
1208 1533 1369 1590 nobis
1398 1532 1530 1589 utile
1566 1534 1618 1588 in
1649 1533 1904 1605 praesenti
1933 1535 2057 1590 loco

464 1624 801 1697 interponat,
828 1634 881 1681 et
908 1642 1040 1682 sane
1078 1642 1271 1683 rursus
1309 1628 1509 1682 audeat
1548 1626 1600 1681 in
1654 1626 1706 1681 id
1734 1628 1883 1698 quod
1910 1628 2057 1698 jam-

464 1716 674 1773 dudum
724 1728 958 1773 conatur
1005 1734 1193 1775 sermo
1245 1720 1637 1791 prorumpere?
1684 1720 1775 1774 Ait
1821 1721 2056 1788 Aposto~

464 1808 555 1864 lus
585 1808 631 1840 ³⁸
659 1826 671 1862 :
702 1807 769 1863 In
814 1810 970 1864 domo
1022 1818 1201 1864 autem
1248 1792 1444 1883 magna
1503 1828 1606 1866 nou
1668 1821 1792 1867 sunt
1850 1821 2055 1865 tantum

461 1920 591 1965 uasa
620 1920 782 1958 aurea
810 1913 861 1958 et
891 1914 1158 1974 argentea,
1191 1902 1282 1960 sed
1310 1912 1361 1958 et
1398 1903 1594 1974 lignea,
1623 1914 1671 1958 et
1702 1904 1916 1972 ﬁctilia,
1945 1903 2056 1958 alia

461 1997 676 2067 quidem
722 1997 777 2051 in
806 1998 1081 2060 honorent,
1117 1995 1227 2049 alia
1261 2013 1419 2066 porro
1466 1999 1523 2049 in
1566 1996 1961 2050 contumeliam.
1997 1993 2055 2053 Si

462 2087 635 2157 igitur
665 2088 784 2158 quis
813 2084 1143 2141 mandaverit
1175 2104 1229 2140 se
1270 2089 1442 2157 ipsum
1493 2087 1558 2141 ab
1602 2088 1715 2153 his,
1748 2089 1848 2142 erit
1881 2104 1970 2142 tas
2001 2089 2055 2142 in

462 2177 733 2246 honorem,
777 2189 826 2233 et
872 2178 1287 2248 sanctiﬁcatum,
1324 2180 1453 2233 utile
1499 2178 1764 2243 Domino,
1809 2179 1878 2233 ad
1907 2195 2056 2235 omne

465 2269 660 2333 bonum
692 2286 821 2341 opus
846 2282 1231 2340 purpuratum.
1261 2268 1505 2325 Putasne
1541 2286 1740 2341 magna
1768 2269 1968 2326 domus
1997 2270 2055 2325 in

464 2364 723 2431 praesenti
771 2372 875 2428 est,
922 2372 977 2421 et
1012 2363 1066 2417 in
1116 2377 1181 2418 ca
1222 2372 1351 2418 sunt
1391 2379 1521 2418 vasa
1565 2362 1620 2418 iu
1667 2364 1956 2430 honorem,
2001 2371 2057 2419 et

466 2453 575 2513 alia
613 2455 667 2508 in
712 2455 1138 2511 contumeliam?
1186 2454 1271 2511 An
1320 2457 1373 2512 in
1424 2457 1514 2511 illa
1565 2472 1689 2526 qua:
1742 2456 1926 2512 futura
1972 2465 2057 2512 cst

463 2543 664 2614 domo,
705 2562 835 2603 vasa
887 2548 1107 2618 quidem
1152 2564 1316 2604 aurea
1339 2590 1354 2613 ,
1390 2558 1445 2603 et
1475 2559 1733 2619 argentea
1771 2566 1894 2620 quae
1926 2557 2057 2606 sunt

461 2636 518 2691 in
565 2637 850 2707 honorem,
897 2640 1248 2694 invenientur
1292 2657 1424 2696 vasa
1469 2656 1592 2697 esse
1624 2642 2052 2709 misericordiae;

460 2729 673 2800 reliqua
709 2740 914 2798 autem,
942 2731 995 2786 id
1021 2742 1124 2801 est,
1151 2733 1456 2789 mediocres
1483 2736 1756 2801 homines,
1788 2735 1881 2805 qui
1902 2744 2057 2790 extra

462 2822 786 2877 thesaurum
813 2834 965 2887 sunt,
993 2840 1062 2879 ne
1084 2825 1193 2879 sint
1216 2840 1346 2879 vasa
1379 2826 1492 2891 iraa,
1520 2843 1614 2882 seu
1642 2826 2054 2894 misericordiae,

465 2914 518 2968 bi
576 2922 833 2983 poterunt
872 2915 1027 2984 juxta
1082 2916 1547 2985 dispensationem
1588 2917 1886 2987 quamdam
1927 2933 2056 2986 pro—

463 3000 691 3055 fundam
718 3001 813 3056 Dei
849 3019 980 3057 vasa
1022 3019 1146 3060 esse
1183 3004 1237 3058 in
1286 3021 1483 3074 magna
1530 3006 1714 3071 domo,
1741 3022 1862 3077 qua:
1896 3023 2059 3061 mun-

462 3095 590 3148 data
639 3109 747 3149 non
784 3103 933 3159 sunt,
976 3096 1071 3151 sed
1120 3105 1250 3152 sunt
1293 3112 1420 3153 vasa
1466 3107 1634 3154 testea
1670 3097 1724 3153 in
1767 3107 2055 3154 contume-

2160 625 2259 678 est,
2283 614 2445 684 juxta
2476 612 2647 685 ignem
2673 623 2788 680 est;
2820 615 2911 686 qui
2944 615 3096 685 longe
3121 624 3199 668 est
3230 632 3263 669 a
3302 632 3403 680 me,
3434 615 3587 688 longe
3607 626 3685 671 est
3716 633 3752 675 ιι

2163 724 2344 777 regno.
2379 704 2449 761 Ut
2473 706 2618 761 enim
2650 706 2743 778 qui
2768 704 2922 777 juxta
2952 721 3039 761 me
3073 716 3177 771 est,
3208 705 3364 777 juxta
3391 706 3623 763 salutem
3646 717 3751 777 est,

2162 797 2236 853 ita
2265 807 2319 853 et
2341 798 2497 870 juxta
2524 798 2702 869 ignem
2735 805 2837 853 est.
2868 796 2936 854 Et
2972 796 3065 869 qui
3098 798 3329 855 audiens
3355 815 3462 864 me,
3487 809 3542 855 et
3564 801 3751 859 audita

2162 890 2528 961 praevaricans
2556 890 2734 946 factus
2758 898 2843 945 est
2870 906 2969 945 vas
3003 888 3098 944 ira:
3129 899 3494 961 prteparatum
3540 891 3595 946 in
3627 908 3751 963 per-

2161 982 2448 1050 ditionem,
2498 999 2623 1038 cum
2668 983 2826 1054 juxta
2880 998 2970 1038 me
3011 992 3116 1047 est,
3154 981 3313 1054 juxta
3355 983 3534 1054 ignem
3562 991 3666 1040 est.
3693 983 3751 1039 Si

2163 1091 2294 1131 vero
2328 1075 2455 1146 quis
2479 1090 2701 1143 cavens,
2733 1074 2995 1147 quoniam
3031 1074 3122 1145 qui
3148 1074 3303 1146 juxta
3348 1089 3435 1130 me
3469 1087 3572 1143 est,
3595 1075 3752 1146 juxta

2164 1165 2347 1238 ignem
2374 1175 2481 1233 est,
2510 1166 2669 1235 longe
2705 1165 2884 1224 factus
2916 1165 3081 1222 fuerit
3110 1182 3144 1221 a
3170 1182 3259 1221 me
3292 1183 3360 1221 ne
3384 1165 3539 1237 juxta
3571 1168 3750 1237 ignem

2160 1255 2254 1323 sit,
2301 1255 2424 1311 talis
2466 1256 2687 1324 quidem
2717 1256 2877 1329 longe
2920 1256 3139 1312 iuturus
3166 1269 3252 1313 est
3284 1267 3338 1312 et
3379 1273 3410 1312 a
3455 1272 3640 1329 regno.
3678 1259 3751 1314 Et

2160 1347 2438 1419 quomodo
2468 1348 2672 1405 athleta
2697 1349 2793 1420 qui
2824 1365 2932 1404 non
2966 1360 3050 1405 est
3088 1348 3142 1404 in
3183 1365 3359 1421 agone
3382 1351 3749 1422 conscriptus,

2162 1456 2341 1513 neque
2383 1440 2594 1514 ﬂagella
2646 1442 2860 1509 metuit,
2898 1458 3077 1513 neque
3123 1452 3407 1513 exspectat
3454 1459 3750 1510 coronam;

2160 1532 2255 1604 qui
2294 1541 2477 1588 autem
2524 1532 2693 1589 semel
2741 1550 2940 1590 nomen
2990 1534 3276 1605 professus
3319 1544 3435 1602 est,
3477 1538 3526 1591 si
3576 1535 3756 1591 victus

2161 1625 2362 1693 fuerit,
2400 1626 2720 1682 verberatur
2754 1638 2917 1697 atque
2960 1628 3268 1697 projicitur,
3315 1628 3361 1684 si
3397 1644 3526 1683 vero
3564 1628 3758 1685 vicerit

2161 1727 2490 1787 coronatur;
2530 1716 2724 1775 eodem
2773 1718 2937 1775 modo
2979 1720 3079 1790 qui
3121 1718 3405 1793 ingressus
3446 1729 3533 1777 est
3567 1718 3757 1777 Eccle-

2160 1807 2322 1877 siam,
2350 1824 2385 1863 ο
2417 1808 2830 1878 eatechumene,
2856 1810 3132 1879 ausculta,
3162 1812 3255 1881 qui
3279 1810 3512 1867 accessit
3539 1810 3607 1867 ad
3637 1828 3755 1868 ser-

2161 1918 2380 1957 monem
2428 1902 2558 1967 Dei,
2609 1903 2746 1960 nihil
2786 1905 2933 1960 aliud
2979 1920 3146 1976 quam
3196 1906 3544 1978 conscriptus
3576 1918 3663 1964 est
3695 1909 3753 1964 in

2159 1994 2459 2051 certamine
2486 1995 2739 2066 pietatis;
2768 2004 2822 2052 et
2847 1998 3196 2068 conscriptus
3216 2038 3232 2064 ,
3264 1999 3311 2054 si
3360 2014 3472 2054 non
3514 1999 3755 2070 legitime

2158 2085 2474 2155 certaverit,
2520 2088 2749 2143 caeditur
2780 2086 3029 2159 ﬂagellis,
3078 2090 3281 2160 quibus
3315 2106 3427 2146 non
3458 2091 3756 2147 verberan-

2159 2189 2249 2237 tur
2283 2177 2320 2234 ii
2353 2179 2446 2250 qui
2483 2196 2592 2236 non
2628 2181 2681 2235 in
2716 2182 2986 2252 principio
3031 2182 3328 2253 conscripti
3369 2191 3518 2238 sunt.
3562 2182 3621 2239 Si
3655 2200 3753 2242 au-

2159 2281 2269 2327 tem
2322 2272 2667 2329 contenderit
2720 2270 2933 2330 fortiter
2984 2273 3051 2329 ad
3105 2272 3362 2345 fugienda
3417 2275 3642 2332 verbera
3699 2286 3754 2333 et

2158 2364 2543 2433 contumelias,
2574 2381 2685 2421 non
2714 2367 2892 2424 solum
2930 2366 3131 2437 injuria
3157 2367 3498 2435 liberabitur,
3532 2369 3626 2424 sed
3662 2369 3749 2425 in-

2159 2468 2473 2529 corruptam
2502 2459 2689 2530 gloriae
2714 2460 2943 2529 accipiet
2972 2475 3258 2516 coronam.

2231 2550 2285 2606 Δ.
2316 2548 2461 2621 Opus
2492 2549 2722 2606 Domino
2768 2555 3025 2606 virtutum
3074 2552 3130 2605 in
3170 2563 3313 2606 terra
3349 2550 3745 2609 Chaldieorum.

2158 2638 2323 2696 Juxta
2348 2641 2595 2698 diversos
2638 2642 2947 2697 intellectus
2991 2651 3244 2698 terrenus
3286 2643 3441 2699 locus
3490 2643 3752 2713 multipli-

2159 2736 2296 2791 citer
2327 2733 2664 2798 nominatur,
2693 2744 2747 2789 et
2777 2734 3058 2805 quomodo
3090 2732 3358 2790 differenti
3404 2734 3549 2791 inter
3572 2749 3633 2789 se
3665 2748 3754 2789 ra-

2162 2826 2311 2882 tione
2341 2826 2499 2897 plura
2541 2823 2795 2880 Salvator
2839 2825 3005 2881 habet
3031 2825 3322 2890 vocabula,
3356 2840 3483 2880 eum
3518 2840 3664 2880 unus
3694 2823 3755 2881 iu

2163 2918 2471 2986 subjacenti
2506 2917 2597 2981 sit,
2632 2917 2820 2972 varius
2865 2924 3050 2971 autem
3106 2916 3163 2971 in
3214 2916 3545 2983 virtutibus;
3590 2916 3672 2971 sic
3700 2927 3758 2972 et

2164 3018 2383 3081 propter
2434 3009 2699 3063 malitiam
2749 3008 2964 3079 generis
3007 3006 3233 3063 humani
3286 3016 3501 3062 terrena
3537 3007 3754 3080 negotia

2162 3117 2284 3157 cum
2324 3116 2492 3155 unum
2526 3100 2638 3155 sint
2683 3099 2736 3153 iu
2794 3096 3124 3168 subjaecnti,
3163 3099 3475 3154 intellectus
3520 3098 3755 3153 diversi-

463 3185 616 3249 liam,
671 3195 912 3242 attamen
962 3187 1274 3243 necessaria
1327 3189 1556 3243 domui?
1594 3189 1725 3245 \‘ide
1775 3197 1959 3245 autem
2008 3190 2055 3247 si
2084 3212 2126 3268 ο
2162 3201 2271 3246 tate
2295 3203 2423 3247 sunt
2450 3190 2709 3261 plurima.
2748 3189 2907 3257 Quod
2940 3199 3123 3245 autem
3150 3189 3296 3256 dico,
3337 3191 3417 3246 sic
3450 3190 3543 3245 fiet
3568 3190 3752 3244 mani-

460 3277 688 3333 valuere
716 3288 769 3334 et
798 3278 904 3333 hoc
930 3278 1109 3348 ipsum
1152 3280 1462 3350 exemplum
1496 3296 1563 3337 ex
1606 3282 1716 3338 alio
1757 3281 2057 3354 Scriptura:

459 3370 777 3426 testimonio
821 3371 1197 3441 comprobare.
1241 3369 1598 3430 Inhonoratus
1625 3377 1793 3448 280
1822 3387 1934 3441 est,
1971 3377 2057 3432 in-

460 3462 584 3532 quit
608 3461 676 3526 ",
710 3459 995 3516 Jechonias
1028 3460 1183 3539 quasi
1212 3479 1303 3517 vas
1345 3462 1497 3533 cujus
1530 3464 1681 3519 nulla
1712 3474 1789 3520 est
1820 3465 2052 3520 utilitas.

460 3552 581 3609 Non
614 3556 710 3619 ait,
742 3563 825 3610 est
858 3553 1079 3625 quidem
1127 3554 1247 3625 ejus
1298 3554 1527 3622 utilitas,
1564 3557 1620 3610 iu
1662 3557 2053 3612 contumeliam

468 3657 647 3706 autem
679 3647 798 3718 ejus
823 3657 908 3703 est
933 3648 1171 3716 utilitas;
1204 3649 1299 3704 sed
1342 3649 1472 3719 quia
1496 3654 1625 3704 'erat
1652 3665 1719 3705 ex
1752 3649 1919 3706 domo
1959 3649 2056 3705 Dei

464 3749 521 3799 et
549 3742 812 3811 peccavit,
858 3740 913 3795 in
954 3750 1127 3801 totum
1170 3757 1275 3796 non
1319 3750 1403 3797 est
1447 3740 1567 3812 ejus
1604 3742 1834 3799 utilitas.
1869 3742 2057 3798 Habeo

461 3842 519 3892 et
545 3835 704 3889 aliam
738 3832 1081 3904 Scripturam
1119 3833 1173 3899 in
1202 3849 1309 3904 qua
1341 3834 1542 3889 dicitur
1580 3835 1649 3890 de
1674 3835 1783 3890 alio
1815 3837 2054 3907 quodam

464 3929 823 4000 peccatore"
859 3947 872 3983 :
907 3927 976 3982 Et
1020 3930 1120 3984 erit
1170 3929 1328 3999 quasi
1379 3938 1515 3983 testa
1568 3930 1625 3983 in
1670 3946 1776 4000 qua
1821 3930 2056 3983 attrahas

466 4037 619 4091 aquae
668 4019 946 4090 pusillum,
992 4030 1042 4075 et
1087 4021 1142 4074 in
1188 4038 1295 4092 qua
1337 4020 1619 4075 carbonem
1658 4021 1946 4092 bajulabis.
1990 4020 2058 4079 Et

464 4128 684 4169 rursum
736 4110 969 4169 alﬁrmat
1016 4128 1126 4169 non
1171 4113 1543 4169 necessarium
1586 4114 1838 4183 penitus,
1886 4123 1940 4169 et
1987 4130 2057 4170 ex

464 4205 618 4262 omni
668 4216 821 4277 parte
851 4222 975 4263 esse
1025 4223 1122 4263 vas
1174 4207 1387 4262 inutile.
1420 4205 1677 4276 Nunquid
1728 4223 1836 4260 non
1893 4207 2058 4277 igitur

466 4311 571 4352 nos
593 4296 688 4367 qui
731 4297 785 4350 in
832 4297 999 4352 domo
1049 4298 1156 4359 ista
1199 4296 1295 4353 Dei
1340 4314 1553 4362 sumus,
1586 4297 1810 4369 quando
1840 4299 2057 4367 aperire

461 4387 689 4457 cmperit
755 4388 1025 4445 Dominus
1091 4391 1409 4446 thesaurum
1470 4404 1664 4456 suum,
1725 4389 2058 4459 incipiemus

461 4478 719 4535 inundari
764 4480 811 4534 si
866 4490 1078 4538 tantum
1133 4482 1400 4539 fuerimus
1444 4498 1576 4538 vasa
1624 4482 2049 4548 misericordiae,

2162 3283 2377 3348 iustius,
2404 3298 2528 3339 cum
2554 3283 2863 3352 exemplum
2908 3282 3055 3353 quod
3091 3298 3122 3336 a
3160 3280 3442 3337 Salvatore
3475 3282 3751 3349 assumpsi

2160 3375 2504 3443 edisserens,
2553 3375 2617 3430 ad
2651 3390 2715 3431 ea
2757 3390 2880 3445 qua:
2930 3384 3061 3430 sunt
3108 3375 3353 3447 subjecta
3404 3372 3748 3442 explananda

2161 3465 2570 3523 transcendere.
2625 3464 2802 3521 Unum
2850 3465 3143 3536 subjacens
3194 3473 3275 3520 est
3330 3462 3563 3517 Domino
3623 3475 3748 3516 meo

2159 3560 2286 3617 Jcsu
2323 3559 2616 3616 Salvatori.
2652 3558 2768 3615 Hoc
2807 3577 2917 3615 uno
2951 3559 3289 3628 subjacente,
3323 3556 3431 3611 alio
3466 3555 3743 3610 intellectu

2163 3653 2408 3708 medicus
2431 3661 2536 3719 est,
2568 3652 2727 3723 juxta
2762 3651 2908 3722 quod
2944 3650 3210 3719 scriptum
3257 3658 3336 3704 est
3370 3647 3453 3700 “z
3494 3645 3618 3700 Non
3651 3663 3746 3699 ne-

2160 3762 2298 3799 cesse
2320 3744 2511 3799 habent
2542 3745 2661 3799 sani
2693 3744 2986 3807 medicum,
3014 3742 3104 3797 sed
3150 3741 3288 3796 male
3324 3740 3594 3795 habentes.
3628 3739 3752 3796 Alio

2161 3836 2439 3893 intellectu
2487 3846 2703 3906 pastor,
2741 3835 3045 3892 secundum
3081 3834 3228 3905 quod
3280 3828 3751 3888 irrationabilibus

2160 3938 2378 4001 praeest.
2412 3924 2537 3984 Alio
2568 3928 2842 3984 intellectu
2878 3944 3004 3993 rex,
3050 3926 3354 3981 secundum
3402 3925 3547 3996 quod
3583 3925 3751 3980 ratio-

2161 4022 2439 4078 nabilibus
2482 4020 2841 4091 principatur.
2896 4019 3021 4074 Alio
3076 4019 3360 4074 intellectu
3408 4018 3536 4073 vitis
3580 4030 3749 4082 vera,

2160 4115 2462 4171 secundum
2497 4113 2645 4184 quod
2670 4112 2861 4168 inserti
2896 4111 2949 4165 iu
2981 4126 3102 4166 eam
3146 4109 3398 4165 homines
3439 4108 3753 4165 uberrimos

2120 4196 2136 4212 ’
2159 4207 2393 4263 aﬂ‘erunt
2420 4206 2653 4270 fructus,
2679 4214 2734 4261 et
2762 4204 2967 4260 exculti
2997 4220 3028 4259 a
3057 4203 3216 4258 Patre
3245 4202 3487 4273 agricola
3516 4200 3748 4271 pingue-

2159 4301 2344 4355 dinem
2369 4299 2498 4354 vitis
2531 4314 2672 4354 vera:
2709 4314 2777 4353 ex
2820 4297 2983 4352 unius
3032 4296 3235 4351 radicis
3276 4295 3561 4350 consortio
3590 4310 3750 4349 assuo

2158 4401 2335 4455 munt.
2356 4390 2519 4453 Juxta
2543 4391 2708 4445 alium
2736 4390 3065 4445 intellectum
3091 4387 3380 4458 sapientia,
3398 4386 3557 4457 juxta
3580 4386 3749 4440 alium

2157 4485 2386 4550 veritas,
2432 4485 2589 4555 juxta
2639 4484 2807 4537 alium
2847 4481 3084 4551 justitia.
3136 4477 3748 4546 Verumtameusubja-

461 4572 723 4643 projectis
749 4573 896 4629 vasis
926 4590 957 4628 a
989 4574 1147 4629 nobis
1175 4575 1308 4629 ira}?
1334 4577 1415 4628 An
1448 4584 1594 4630 certe
1619 4575 1733 4644 jam
1766 4575 2053 4632 exordium
2087 4569 2131 4624 1)
2161 4593 2292 4638 cens
2340 4592 2510 4632 unum
2555 4585 2660 4632 cst.
2693 4575 2984 4642 Quomodo
3014 4588 3147 4645 ergo
3194 4575 3248 4628 in
3309 4570 3591 4626 Salvatore
3635 4580 3749 4624 uno

460 4672 548 4721 est
579 4673 832 4733 oportere
865 4680 967 4720 nos
1001 4675 1249 4736 satagere
1289 4681 1396 4720 non
1429 4667 1605 4721 solum
1638 4676 1697 4721 ut
1738 4683 1845 4722 non
1879 4669 2055 4724 simus

461 4771 594 4812 vasa
622 4756 738 4820 iraa,
769 4756 865 4813 sed
896 4766 954 4812 ut
1001 4756 1038 4813 ii
1080 4756 1173 4826 qui
1221 4768 1349 4813 sunt
1393 4759 1748 4829 projiciantur
1792 4775 1822 4815 a
1856 4760 2057 4815 nobis?

461 4847 595 4905 Tale
627 4851 772 4906 enim
802 4846 1062 4921 quiddam
1093 4859 1177 4906 est
1214 4852 1318 4905 hoc
1348 4851 1493 4921 quod
1529 4853 1812 4921 apostolus
1855 4852 2054 4909 Paulus

460 4941 767 4998 Corinthiis
794 4943 870 4997 ait
894 4943 939 4975 ³³
968 4960 981 4995 :
1013 4941 1079 5002 In
1104 4952 1310 5007 tantum
1341 4943 1562 4998 auditur
1591 4945 1729 4999 inter
1760 4962 1848 5001 vos
1877 4947 2053 5016 forni-

459 5037 624 5102 eatio,
652 5052 770 5106 qua:
799 5053 890 5092 nec
922 5037 975 5091 in
1007 5037 1271 5105 gentibus,
1297 5047 1354 5092 ut
1384 5052 1602 5093 uxorem
1628 5038 1838 5108 quidem
1878 5039 2050 5108 patris

460 5127 657 5200 aliquis
684 5127 895 5196 habeat,
928 5138 978 5182 et
1016 5145 1118 5184 non
1149 5129 1318 5200 magis
1360 5127 1648 5200 piana‘istis
1680 5141 1737 5185 ut
1770 5130 2052 5201 auferatur

459 5222 526 5277 de
558 5222 730 5277 medio
771 5231 999 5278 vestrum
1034 5223 1124 5293 qui
1165 5223 1261 5277 hoc
1302 5205 1432 5293 opus
1480 5225 1679 5292 gessit;
1710 5223 1866 5293 quasi
1900 5223 2050 5279 dice-

462 5324 566 5379 ret,
602 5324 792 5386 aperto
822 5316 1081 5373 thesauro
1115 5314 1208 5370 Dei
1248 5315 1600 5387 egrediantur
1630 5331 1759 5371 vasa
1794 5315 1889 5371 ira:
1912 5333 2045 5373 suae.

463 5408 693 5480 Aperuit
736 5410 1005 5481 siquidem
1060 5409 1329 5464 Dominus
1362 5398 1706 5476 thesaurum,
1743 5418 1798 5464 et
1824 5411 2052 5481 protulit

463 5517 595 5558 vasa
628 5503 720 5558 ira:
749 5521 882 5560 suae.
912 5502 1039 5575 Legi
1076 5504 1276 5563 alicubi
1308 5503 1466 5574 quasi
1499 5503 1783 5560 Salvatore
1812 5503 2048 5570 dicente,

467 5599 731 5663 itquaaro
756 5582 881 5651 Vsive
927 5597 1051 5665 quis
1101 5611 1391 5665 personam
1433 5594 1686 5666 figuravit
1727 5593 2047 5663 Salvatoris,

468 5683 581 5740 sive
612 5687 667 5740 in
703 5690 1020 5753 memoriam
1053 5689 1303 5755 adduxit,
1332 5706 1401 5745 an
1443 5705 1633 5746 verum
1665 5691 1737 5746 sit
1773 5690 1877 5747 hoc
1902 5691 2051 5763 quod

537 5870 582 5903 ε’
612 5869 650 5924 ll
686 5872 825 5927 Ti‘m.
862 5890 918 5941 tt,
941 5873 1030 5942 ‘20,
1056 5876 1143 5931 2|.

1227 5878 1265 5910 3'
1297 5877 1496 5934 Jerem.
1528 5895 1663 5946 xxii,
1689 5878 1773 5935 9.8.
1855 5879 1898 5911 ⁸²
1934 5879 2035 5943 (se.
2070 5896 2198 5945 xxx,
2234 5879 2312 5939 li.
2391 5879 2432 5909 ³³
2460 5880 2475 5932 ι
2502 5879 2628 5933 Cor.
2659 5897 2710 5943 v,
2753 5879 2795 5946 ι,
2821 5878 2874 5931 2.

2158 4670 2477 4739 subjaccnte
2504 4668 2726 4738 plurimi
2754 4666 3062 4721 intellectus
3095 4673 3225 4722 sunt
3256 4664 3601 4719 diversorum
3625 4660 3748 4730 ejus

2158 4762 2474 4828 nominum;
2510 4763 2591 4816 sic
2634 4769 2689 4814 et
2730 4768 2946 4821 terrena
2987 4757 3225 4829 negotia,
3252 4756 3410 4827 juxta
3454 4753 3748 4824 subjacens

2156 4855 2378 4926 quidem
2423 4869 2594 4909 unum
2640 4863 2790 4917 sunt,
2818 4852 2973 4921 juxta
3021 4840 3210 4905 autem
3246 4848 3583 4903 intellectura
3626 4844 3748 4915 plu-

2157 4950 2316 5003 rima.
2345 4945 2684 5016 Frequenter
2712 4943 3129 5015 allegorizautes
3149 4940 3481 5013 Babylonem
3503 4938 3746 4993 diximus

2158 5039 2377 5110 negotia
2406 5056 2529 5095 esse
2560 5048 2799 5105 terrena,
2827 5052 2950 5108 quae
2983 5050 3201 5106 semper
3240 5033 3471 5091 confusa
3501 5041 3632 5088 sunt
3660 5030 3748 5087 vi-

2160 5133 2284 5196 tiis,
2332 5131 2629 5202 JEgyptum
2691 5130 2941 5185 similiter
2985 5127 3299 5198 allligentia.
3359 5125 3746 5182 Chaldaeorum

2156 5240 2290 5280 vero
2335 5232 2535 5281 terram
2579 5222 2650 5276 ob
2698 5220 2750 5275 id
2782 5219 2911 5291 quia
2953 5219 3189 5289 plurima
3231 5231 3354 5288 qua;
3390 5223 3657 5285 geruntur
3692 5212 3748 5265 in

2158 5317 2343 5381 terris,
2369 5315 2546 5373 stellis
2581 5320 2926 5377 consecrent,
2955 5318 3010 5368 et
3040 5318 3390 5381 peccatorum
3426 5315 3746 5362 nostrorum
3782 5354 3791 5361 .

2159 5428 2381 5475 causas,
2413 5410 2527 5465 sive
2568 5409 2821 5465 virtutem
2850 5423 3043 5463 eorum
3094 5420 3217 5477 qua:
3265 5405 3521 5461 accidunt
3565 5401 3747 5467 nobis,

2158 5521 2225 5561 ex
2259 5520 2448 5559 earum
2479 5503 2721 5562 motibus
2752 5512 3006 5556 asset-ant
3044 5500 3183 5564 fieri,
3220 5514 3316 5555 eos
3348 5514 3471 5553 esse
3504 5495 3748 5552 diximus

2159 5599 2253 5670 qui
2287 5601 2486 5655 talibus
2513 5614 2570 5654 se
2596 5596 3080 5669 superstitionibus
3108 5594 3518 5650 dedicaverunt.
3549 5588 3746 5646 Omnis

2160 5692 2326 5763 igitur
2358 5690 2450 5761 qui
2490 5690 2576 5744 his
2603 5689 2795 5753 credit,
2835 5688 2888 5741 in
2921 5696 3065 5743 terra
3110 5684 3494 5741 Chaldaeorum
3535 5691 3642 5740 est.
3685 5679 3747 5736 Si

2989 5879 3032 5909 δ”
3058 5875 3247 5931 Matth.
3292 5889 3367 5935 lx.
3407 5873 3491 5933 12.
