4122 6416
391 359 498 415 εδδ

1565 353 1633 410 ΙΝ
1665 350 2014 410 JEREMIAM
2052 348 2343 406 HOMILIA
2383 344 2526 401 XXI.

3559 334 3667 388 554

391 471 520 544 quis
568 478 816 527 vestrum
865 469 1373 527 mathematicorum
1413 469 1772 526 deliramenta
1811 475 1988 523 secta-
2015 473 2062 529 Α
2089 466 2316 522 veniunt
2346 466 2411 520 ad
2446 457 2756 518 sermonem
2793 454 2908 511 Dei.
2947 453 3078 508 Tale
3107 452 3254 508 enim
3282 448 3542 522 quiddam
3588 449 3676 506 si-

389 574 503 630 tur,
535 563 591 617 in
630 573 772 617 terra
823 563 1205 618 Chaldaeorum
1253 573 1357 618 est.
1407 561 1466 616 Si
1501 563 1628 633 quis
1675 559 1978 616 nativitatis

389 654 536 710 diem
568 662 850 725 supputat,
881 663 935 708 et
969 655 1138 710 variis
1163 654 1426 708 horarum
1460 661 1979 721 momentorumque

392 746 700 802 rationibus
735 747 964 803 credens
997 747 1102 801 hoe
1139 747 1336 816 dogma
1369 747 1620 816 suscipit,
1656 745 1783 815 quia
1810 745 1980 800 stellae

392 839 572 895 taliter
597 849 650 894 et
680 840 861 894 taliter
889 838 1137 910 ﬁguratae
1181 838 1389 893 faciunt
1431 839 1684 893 homines
1732 837 1979 892 luxurio-

389 943 508 995 sos,
546 929 844 992 adulteros,
867 937 1051 985 castos
1073 937 1170 984 aut
1193 937 1340 984 certe
1370 930 1738 999 quodcunque
1763 943 1979 995 eorum,

391 1020 496 1077 iste
527 1020 580 1074 in
617 1029 760 1076 terra
793 1020 1177 1076 Chaldaeorum
1219 1028 1323 1075 est.
1361 1018 1481 1075 lam
1522 1021 1745 1090 quidam
1787 1018 1978 1074 existi-

395 1120 547 1166 mant
575 1127 640 1166 ex
673 1121 946 1168 astrorum
989 1111 1244 1168 cursibus
1272 1111 1616 1168 Christianos
1639 1111 1775 1167 fieri.
1807 1110 1982 1178 Quot-

390 1212 528 1273 quot
575 1213 758 1259 autem
804 1204 909 1261 ista
954 1205 1169 1274 sapitis,
1201 1213 1473 1275 quotquot
1507 1204 1668 1259 dictis
1706 1203 1830 1259 istis
1858 1218 1981 1258 cre-

402 1295 550 1360 ditis,
583 1296 637 1349 in
671 1303 815 1350 terra
848 1296 1231 1350 Chaldaeorum
1275 1296 1428 1352 estis.
1465 1294 1822 1350 Comminans
1851 1309 1982 1364 ergo

393 1383 537 1442 Deus
568 1385 654 1440 his
684 1387 778 1455 qui
828 1386 882 1440 in
925 1395 1068 1441 terra
1097 1385 1480 1443 Chaldzeorum
1523 1394 1674 1451 sunt,
1705 1386 1792 1441 his
1819 1385 1983 1455 spiri—

394 1476 617 1530 tualiter
647 1477 1015 1532 comminatur
1055 1478 1146 1548 qui
1179 1479 1388 1548 seipsos
1425 1478 1758 1549 genealogiis
1785 1485 1840 1532 et
1871 1476 1982 1532 fato

393 1574 861 1636 consecraverint,
911 1581 1217 1628 asserentes
1261 1581 1459 1628 cuneta
1493 1586 1615 1642 qua:
1662 1571 1803 1625 inter
1834 1585 1984 1624 mor-

395 1665 536 1716 tales
565 1661 723 1725 fiunt,
760 1671 854 1717 aut
898 1678 966 1718 ex
1011 1673 1289 1718 astrorum
1334 1663 1597 1728 motibus,
1641 1669 1738 1716 aut
1771 1677 1837 1716 ex
1885 1660 1983 1716 l‘ati

396 1754 724 1809 necessitate
753 1753 1007 1823 pendere.
1050 1753 1157 1808 Sed
1185 1753 1330 1809 Deus
1356 1754 1632 1809 Abraham
1656 1767 1983 1824 promovens

393 1844 462 1896 ad
510 1843 757 1908 meliora,
799 1842 939 1896 dixit
980 1843 1030 1896 ei
1061 1843 1148 1897 ³³ς
1181 1841 1296 1913 Ego
1342 1858 1461 1897 sum
1502 1843 1593 1912 qui
1638 1850 1685 1894 te
1723 1841 1886 1895 educo
1917 1841 1982 1895 de

395 1944 542 1987 terra
574 1933 973 1988 Chaldaeorum.
1019 1934 1222 1990 Potens
1271 1943 1357 1991 est
1398 1934 1543 1990 enim
1588 1933 1732 1990 Deus
1781 1936 1876 2004 qui
1926 1943 1982 1989 et

393 2025 554 2079 nobis
581 2025 782 2077 tribuat
808 2025 873 2079 de
905 2033 1048 2081 terra
1080 2025 1460 2080 Chaldaeorum
1494 2027 1664 2090 exire,
1692 2035 1749 2080 ut
1770 2025 1980 2079 nullum

393 2115 563 2168 alium
617 2115 825 2185 absque
871 2132 938 2171 eo
988 2133 1112 2172 csse
1166 2118 1476 2184 credamus,
1516 2119 1611 2188 qui
1655 2118 1981 2186 dispensans

397 2204 675 2271 universa,
711 2215 765 2260 et
797 2221 990 2276 regens
1021 2208 1189 2262 vitam
1222 2218 1465 2263 nostram
1497 2222 1595 2278 pro
1626 2206 1981 2278 qualitatibus

395 2296 739 2364 meritorum,
764 2298 1130 2354 accidentium
1164 2300 1378 2355 diversa
1425 2299 1758 2355 moderetur.
1793 2297 1982 2368 Neque

394 2389 542 2444 enim
597 2390 806 2446 micans
859 2391 1080 2461 aliquod
1133 2393 1324 2459 sidus,
1371 2393 1454 2447 vel
1504 2391 1879 2460 Phaethontis,
1923 2399 1984 2446 ut

392 2482 570 2549 aiunt,
601 2482 685 2538 vel
716 2484 962 2553 corrupti
1002 2485 1251 2540 catamiti
1287 2485 1445 2540 stella
1493 2495 1807 2539 nostrorum
1853 2499 1983 2538 cau-

395 2587 510 2627 sam
543 2575 788 2630 continet
832 2577 1201 2646 negotiorum.
1253 2576 1319 2630 Et
1363 2578 1522 2646 juxta
1557 2592 1727 2630 unum
1761 2575 1981 2646 quidem

390 2674 776 2734 argumentum
828 2667 881 2721 in
930 2675 1075 2721 terra
1120 2666 1500 2722 Chaldaeorum
1545 2676 1630 2721 est
1661 2667 1755 2737 qui
1790 2683 1986 2736 supra-

389 2755 551 2811 dictis
597 2759 1111 2814 ratiocinationibus
1157 2760 1317 2830 281
1351 2761 1802 2830 crcdidit;juxta
1834 2761 1984 2815 aliud

395 2864 524 2904 vero
565 2851 816 2905 ascendit
857 2852 983 2922 quis
1035 2867 1202 2921 super
1246 2861 1408 2919 tecta,
1438 2861 1494 2908 et
1516 2865 1810 2908 veneratur
1840 2853 1985 2906 mili-

389 2938 522 2992 tiam
557 2941 704 2996 coeli.
741 2943 1057 3000 Invenimus
1083 2951 1264 2999 autem
1307 2945 1364 2999 in
1409 2943 1647 3000 Ieremia
1677 2943 1724 2975 ³⁸
1756 2944 1981 2998 multam

384 3035 440 3082 et
479 3029 564 3086 his
599 3031 712 3086 ﬁeri
748 3035 1255 3100 comminationem,
1287 3035 1380 3105 qui
1421 3035 1598 3089 libant
1629 3034 1835 3090 militia:
1866 3033 1980 3088 Dei.

391 3119 543 3223 Opus
569 3139 698 3192 ergo
733 3123 967 3180 Domino
995 3127 1258 3182 virtutum
1306 3127 1360 3182 in
1401 3136 1546 3183 terra
1573 3125 1980 3194 Cltaldteorum,
2009 3175 2052 3232 ϐ

392 3213 524 3281 quia
557 3225 826 3269 venerunt
850 3226 1092 3286 tempora
1128 3218 1269 3287 ejus.

552 3305 764 3372 Aperite
788 3309 1068 3375 apothecas
1103 3309 1217 3378 ejus
1242 3309 1309 3364 ³⁷.
1344 3307 1693 3365 Manifestum
1724 3318 1807 3365 est
1850 3311 1982 3380 quia

390 3403 549 3450 terra:
578 3396 978 3454 Chaldaeorum.
1013 3400 1152 3453 Sunt
1175 3411 1354 3455 autem
1387 3403 1665 3472 apothecae
1691 3402 1980 3458 Chaldaeo-

391 3503 538 3554 rum,
590 3489 855 3546 doctrinae
881 3495 1249 3549 nativitatem.
1283 3495 1611 3550 Scrutamini
1671 3511 1784 3548 eam
1827 3497 1982 3566 quasi

391 3581 716 3648 speluncam,
741 3593 790 3638 et
820 3585 1109 3655 disperdite
1139 3588 1205 3641 ³⁸.
1238 3586 1343 3653 Qui
1380 3587 1587 3656 respuit
1639 3590 1983 3657 supputatio-

394 3686 517 3725 nem
555 3672 842 3739 natalium,
869 3676 965 3744 qui
999 3677 1250 3731 veritatis
1285 3692 1539 3733 sermone
1581 3677 1752 3731 utitur
1783 3679 1981 3732 adver—

392 3777 515 3816 sum
545 3777 690 3832 eam,
711 3765 801 3835 qui
841 3769 1084 3822 oswndit
1115 3768 1252 3822 nihil
1291 3784 1482 3824 eorum
1520 3785 1642 3838 quae
1676 3770 1978 3824 mathema-

395 3854 486 3908 tici
519 3855 711 3910 dicunt
741 3872 928 3911 verum
951 3873 1096 3927 esse,
1136 3859 1228 3928 qui
1256 3860 1416 3914 docet
1462 3861 1841 3914 inscrutabilia
1886 3861 1979 3930 ju-

393 3945 536 4000 dicia
568 3944 686 4012 Dei,
719 3962 818 4002 nec
840 3963 900 4002 ea
924 3963 1087 4017 posse
1118 3949 1186 4004 ab
1224 3950 1540 4004 hominibus
1567 3950 1979 4018 comprehendi,

390 4037 484 4107 qui
515 4037 711 4092 asserit
737 4039 863 4108 quia
898 4039 1074 4095 sidera
1103 4057 1210 4094 nou
1245 4050 1375 4096 sunt
1405 4056 1585 4096 causae
1621 4057 1812 4096 eorum
1860 4057 1982 4110 quae

395 4127 532 4182 ﬁunt
567 4143 733 4198 super
761 4139 987 4196 terram,
1012 4132 1197 4186 minus
1226 4141 1408 4185 autem
1434 4146 1626 4186 eorum
1665 4147 1788 4202 qum
1824 4131 1980 4186 nobis

390 4219 720 4276 Christianis
745 4222 1022 4287 accidunt,
1055 4225 1157 4278 iste
1181 4224 1503 4293 exsequitur
1517 4233 1846 4294 praeceptum
1875 4225 1980 4280 Do-

392 4311 527 4365 ntini
560 4312 791 4368 dicentis
823 4314 866 4346 "
895 4332 910 4368 :
943 4314 1246 4384 Disperdite
1297 4331 1436 4368 eam.
1479 4313 1619 4381 Quid
1673 4329 1855 4370 autem
1909 4317 1980 4372 sit

393 4401 497 4457 hoc
519 4404 664 4473 quod
687 4404 935 4474 sequitur
968 4423 980 4459 :
1017 4405 1141 4460 Non
1171 4408 1304 4476 [iant
1326 4408 1374 4461 ei
1406 4407 1676 4477 reliquiw,
1721 4423 1977 4476 quaeren-

2082 557 2372 628 gnilicatur
2401 554 2457 608 in
2486 565 2552 606 eo
2581 547 2730 618 quod
2781 545 2914 600 dicit
2943 561 2955 596 :
2999 541 3111 596 Vox
3152 539 3468 612 fugientium
3498 546 3548 592 et
3578 553 3666 592 re-

2081 647 2409 700 salvatorum
2444 642 2510 696 de
2534 649 2676 694 terra
2705 637 3018 708 Babylonis.
3070 632 3288 688 Utinam
3337 638 3391 685 et
3439 638 3623 685 vestra
3649 669 3670 697 ,

2083 736 2485 799 catechumeni,
2517 749 2624 789 vox
2665 731 2992 802 fugientium
3041 735 3190 783 esset
3241 726 3309 781 de
3364 723 3670 794 Babylone,

2082 829 2413 902 fugientium
2440 828 2597 895 vitia,
2621 824 2949 895 fugientium
2977 827 3219 891 peccata.
3256 817 3368 873 Vox
3397 817 3544 872 enim
3578 813 3671 869 fu-

2081 919 2344 991 gientium
2364 927 2448 974 est
2484 917 2904 972 resalvatorum.
2961 910 3081 967 Non
3133 909 3328 966 sullieit
3369 908 3558 978 fugere
3602 904 3673 960 de

2081 1018 2227 1064 terra
2248 1007 2565 1080 Babylonis,
2603 1006 2696 1061 sed
2731 1013 2786 1059 et
2812 1003 3075 1058 resalvari
3109 1017 3173 1058 ex
3203 1011 3345 1057 terra
3373 997 3668 1070 Babylonis

2083 1102 2151 1156 ad
2179 1099 2618 1155 annuntiandum
2663 1097 2717 1151 in
2759 1095 2890 1151 Sion
2939 1093 3239 1149 vindictam
3291 1092 3520 1148 Domino
3553 1089 3668 1145 Deo

2084 1200 2300 1256 nostro,
2331 1199 2391 1244 ut
2417 1190 2688 1260 fugientes
2716 1187 2785 1243 de
2818 1199 2962 1242 terra
2992 1185 3286 1256 Babylonis
3333 1183 3566 1240 veniatis
3598 1183 3668 1237 ad

2086 1283 2216 1338 Sion
2240 1281 2687 1352 speculator-ium,
2722 1278 3022 1334 Ecclesiam
3060 1276 3177 1331 Dei.
3206 1274 3288 1330 Ad
3330 1273 3670 1332 annuntian-

2084 1372 2214 1428 dum
2245 1372 2300 1426 in
2337 1371 2490 1437 Sion,
2519 1371 2574 1424 id
2619 1378 2736 1433 est,
2784 1367 3110 1432 Ecclesium,
3135 1364 3434 1418 vindictam
3491 1378 3521 1416 a
3562 1362 3671 1416 Do-

2085 1465 2236 1521 mino
2268 1464 2378 1519 Deo
2411 1471 2621 1518 nostro.
2659 1459 2966 1514 Vindictam
2998 1457 3181 1528 populi
3203 1455 3324 1524 eius
3351 1454 3672 1510 denuntiato

2086 1559 2140 1612 in
2167 1556 2444 1627 Babylone
2477 1555 2688 1619 multis,
2723 1551 2875 1606 omni
2898 1549 3202 1606 iutendenti
3239 1563 3454 1602 arcum.
3481 1544 3669 1616 Signi—

2085 1649 2316 1705 ﬁcanter
2343 1647 2584 1718 positum
2619 1652 2704 1700 est
2722 1644 2925 1698 multis.
2962 1641 3114 1696 Multi
3146 1642 3293 1696 enim
3331 1648 3462 1694 sunt
3493 1637 3587 1708 qui
3617 1636 3671 1689 in

2086 1741 2364 1812 Babylone
2389 1746 2539 1806 sunt,
2572 1739 2624 1792 in
2649 1736 2952 1792 Jerusalem
2979 1749 3111 1788 vero
3145 1735 3328 1803 pauci.
3366 1731 3486 1785 Non
3522 1730 3669 1786 enim

2013 1827 2054 1883 Β
2084 1833 2311 1896 idcirco,
2341 1831 2438 1895 ait,
2468 1830 2661 1885 dilexit
2687 1843 2788 1883 vos
2817 1827 3084 1882 Dominus
3124 1824 3269 1878 Deus
3317 1831 3496 1876 vester
3542 1820 3672 1890 quia

2083 1923 2242 1980 multi
2294 1922 2465 1978 eratis
2495 1940 2507 1976 :
2545 1937 2642 1976 vos
2666 1919 2868 1991 quippe
2895 1917 3033 1974 estis
3060 1915 3220 1986 pauci
3274 1914 3341 1967 ab
3391 1912 3670 1966 omnibus.

2083 2015 2149 2070 Et
2180 2015 2317 2070 bene
2370 2014 2456 2069 his
2490 2013 2584 2084 qui
2632 2028 2699 2067 ex
2732 2021 2886 2081 parte
2925 2009 3020 2064 Dei
3075 2017 3271 2072 erant,
3307 2004 3514 2059 dictant
3549 2013 3633 2058 cst
3655 2044 3672 2068 ,

2082 2107 2248 2162 Pauci
2279 2107 2412 2164 estis
2443 2122 2509 2162 ex
2548 2105 2808 2161 omnibus
2833 2103 3111 2174 gentibus.
3146 2099 3390 2168 lntellige
3417 2113 3583 2169 porro
3611 2107 3666 2151 et

2085 2199 2210 2253 hoc.
2240 2196 2408 2253 Pauci
2439 2204 2570 2252 sunt
2599 2196 2692 2266 qui
2718 2195 3020 2249 salvantur.
3049 2189 3156 2246 Sed
3183 2196 3237 2246 et
3265 2188 3397 2242 illud
3431 2187 3476 2220 “
3496 2205 3510 2242 :
3533 2186 3676 2242 Con-

2085 2287 2280 2342 tendite
2299 2289 2513 2356 jntrare
2535 2302 2628 2356 per
2657 2295 2946 2355 angustam
2976 2291 3207 2353 portam.
3241 2279 3298 2334 In
3327 2281 3434 2335 lata
3490 2287 3674 2334 autem

2085 2389 2138 2434 et
2168 2378 2372 2448 patenti
2399 2378 2711 2432 attnuntiate
2741 2377 2795 2428 in
2835 2373 3108 2444 Babylone
3131 2373 3313 2424 multis
3341 2411 3355 2435 ,
3384 2369 3528 2423 onmi
3585 2369 3673 2423 in-

2086 2471 2322 2536 tendenti
2351 2487 2557 2524 arcum.
2595 2467 2720 2520 Non
2752 2467 2822 2520 sit
2845 2482 2909 2520 ea:
2939 2481 3003 2518 ea
3041 2465 3131 2534 qui
3161 2465 3395 2518 salvetur
3419 2501 3434 2527 ,
3467 2461 3675 2529 dispero-

2085 2563 2214 2628 dite,
2241 2561 2526 2629 interﬁcite
2565 2559 2746 2612 omnia
2776 2555 3065 2625 Babylonis
3109 2554 3174 2605 “.
3223 2551 3408 2620 Nuper
3432 2550 3676 2605 diximus

2085 2655 2154 2710 de
2183 2653 2462 2724 parabolis
2488 2649 2806 2721 Babylonis,
2836 2647 2904 2702 de
2933 2645 3070 2700 viris
3111 2641 3430 2712 Babylonis,
3461 2639 3530 2695 de
3585 2654 3675 2692 se—

2087 2745 2234 2801 mine
2256 2741 2579 2814 Babylonio.
2610 2738 2734 2792 Non
2756 2738 2826 2792 sit
2859 2747 2910 2791 et
2943 2736 3032 2806 qui
3061 2733 3350 2788 resolvetur
3383 2731 3446 2783 de
3476 2729 3675 2782 semine

2086 2834 2401 2904 Babylonis,
2427 2830 2699 2887 retribuite
2729 2829 2778 2883 ei
2802 2829 2968 2897 juxta
2993 2841 3150 2894 opera
3176 2824 3289 2891 ejus
3317 2862 3332 2886 ,
3385 2819 3676 2875 secundum

2087 2925 2265 2980 omnia
2285 2939 2404 2994 qua:
2432 2922 2554 2992 fecit
2593 2929 2642 2974 et
2673 2919 2832 2989 facile
2862 2919 2911 2971 ei
2941 2957 2955 2981 ,
2996 2915 3122 2986 quia
3155 2913 3378 2966 Domino
3427 2911 3622 2963 restitit
3655 2952 3671 2974 ,

2086 3024 2134 3070 et
2161 3015 2440 3070 adversum
2477 3013 2763 3068 Dominum
2784 3009 2954 3064 Deum
2981 3015 3227 3062 sanctum
3255 3003 3448 3058 Israel.
3486 3001 3674 3067 Quan.

2087 3107 2179 3162 diu
2216 3106 2387 3161 babes
2442 3105 2496 3160 in
2532 3115 2585 3159 te
2643 3102 3006 3173 cogitationes
3073 3113 3308 3168 nequam
3356 3094 3675 3150 resistentes

2087 3199 2270 3270 pietati
2302 3208 2357 3253 et
2385 3196 2697 3258 ﬁdeiverae,
2742 3194 2910 3247 habes
2963 3192 3016 3245 in
3060 3200 3112 3246 te
3162 3188 3512 3260 Babylonios.
3565 3183 3674 3239 Sed

2083 3291 2172 3346 fac
2199 3289 2510 3352 vindictam,
2539 3297 2592 3342 et
2639 3287 2889 3341 interfice
2924 3299 3118 3339 omnes
3150 3291 3466 3351 peccatores
3515 3289 3674 3333 terra:

2085 3383 2281 3453 quain
2309 3390 2362 3438 te
2379 3388 2464 3436 est
2489 3424 2504 3447 ,
2537 3379 2591 3434 id
2626 3385 2732 3444 est,
2765 3391 2958 3431 omnes
3005 3357 3354 3444 Babylonios,
3387 3379 3448 3425 ut
3492 3368 3674 3439 possis

2085 3474 2381 3534 mundatus
2414 3471 2468 3526 in
2505 3469 2811 3528 Jerusalem
2848 3467 3157 3536 transgredi
3184 3465 3462 3520 civitatem
3491 3461 3587 3517 Dei
3615 3461 3672 3515 in

2083 3564 2306 3622 Christo
2324 3562 2476 3628 Jesu,
2510 3562 2597 3616 cui
2630 3569 2714 3616 est
2734 3559 2907 3628 gloria
2947 3566 3000 3613 et
3030 3557 3324 3627 imperium
3365 3557 3420 3610 in
3472 3553 3671 3610 sucula

2086 3657 2434 3712 saeculorum.
2466 3655 2659 3710 Amen.

2640 3760 2924 3816 llOMlLlA
2954 3759 3096 3814 XXI.

2405 3853 2611 3926 (Juxta
2651 3853 3032 3921 Hieronymum
3052 3849 3301 3904 secunda.
3330 3853 3348 3919 )

2187 3970 2258 4025 De
2283 3984 2348 4024 eo
2383 3969 2530 4038 quod
2556 3968 2819 4038 scriptum
2851 3973 2934 4038 est
2967 3963 3012 4038 f5
3039 3985 3050 4018 :
3088 3964 3281 4035 Fugite
3312 3963 3375 4019 de
3407 3963 3576 4017 medio

2719 4035 3029 4106 Babylonis.

2163 4134 2209 4186 l.
2244 4131 2532 4199 Quomodo
2561 4145 2760 4199 corpus
2794 4139 3042 4183 nostrum
3069 4128 3120 4180 in
3147 4127 3333 4196 aliquo
3361 4137 3518 4182 terra:
3546 4126 3670 4182 loco

2085 4225 2377 4290 consistit,
2407 4221 2597 4278 eodem
2629 4221 2792 4275 modo
2811 4229 2867 4274 et
2903 4219 3086 4272 anima
3123 4216 3421 4273 secundum
3463 4224 3668 4272 statum

2086 4336 2247 4376 suum
2284 4321 2350 4375 de
2379 4319 2563 4389 aliquo
2602 4315 2976 4385 nuncupativo
3023 4319 3181 4368 terrae
3219 4312 3341 4368 loco
3370 4321 3473 4368 est.
3510 4309 3669 4378 Quod

2084 4415 2228 4479 dico,
2262 4413 2344 4468 sie
2395 4413 2487 4467 tiet
2521 4409 2891 4466 manifestius.
2939 4407 3154 4477 Corpus
3200 4414 3451 4462 nostrum
3481 4414 3576 4459 aut
3611 4404 3665 4458 iu

389 4493 522 4548 dum
551 4507 654 4551 est.
678 4494 755 4550 Ne
779 4497 983 4567 aliqua,
1011 4499 1210 4568 inquit,
1227 4497 1548 4574 rescindatis
1569 4498 1974 4563 Chaldaeorum,
2014 4513 2056 4568 ι)
2088 4505 2322 4576 Αὲεγριο
2348 4512 2451 4568 est,
2484 4511 2577 4557 aut
2609 4503 2662 4554 in
2696 4500 2992 4570 Babylone,
3020 4507 3114 4552 aut
3143 4500 3198 4551 in
3232 4495 3540 4559 Palaestina,
3572 4502 3668 4548 θυι

391 4587 575 4657 aliqua
605 4590 918 4644 reservatis.
954 4589 1036 4644 Ob
1084 4591 1136 4645 id
1158 4591 1316 4660 jubet
1345 4606 1411 4645 ne
1440 4590 1700 4661 pusillum
1756 4590 1977 4661 quidem

391 4677 733 4746 relinquatur
781 4679 835 4732 in
874 4695 958 4734 ea.
999 4679 1278 4735 Exsiccate
1306 4699 1483 4737 omnes
1512 4682 1719 4752 fructus
1767 4683 1883 4752 ejus
1909 4683 1977 4739 ⁸⁸.

392 4770 526 4836 Quis
558 4771 627 4826 ita
658 4773 850 4827 beatus
873 4781 958 4828 est
990 4783 1048 4828 ut
1069 4775 1240 4844 possit
1260 4776 1539 4830 exsiccare
1555 4790 1745 4830 omnes
1771 4775 1980 4831 fructus

317 4904 349 4947 ,Ἦ
395 4871 551 4917 terra:
575 4863 978 4930 Chaldaeorum,
1036 4876 1089 4920 et
1135 4866 1472 4922 descendant
1504 4868 1558 4920 in
1599 4867 1980 4923 occisionem?

407 4950 493 5006 Va:
522 4953 595 5007 eis
622 4955 748 5025 quia
777 4957 910 5009 venit
933 4955 1046 5010 dies
1074 4972 1255 5009 eorum
1288 4967 1336 5011 et
1364 4965 1442 5010 est
1488 4968 1690 5026 tempus
1723 4958 1974 5013 vindicta:

391 5059 572 5098 eorum
600 5044 668 5098 δι.
710 5057 714 5062 ‘

463 5135 517 5190 6.
555 5136 686 5194 Post
709 5140 825 5196 haec
843 5155 1035 5197 rursus
1053 5141 1280 5198 alterius
1295 5142 1519 5212 capituli
1540 5143 1873 5198 continentia
1891 5146 1934 5176 ”
1957 5161 1970 5198 :

402 5227 516 5283 Vox
539 5231 874 5302 fugientium,
911 5245 960 5289 et
984 5236 1367 5290 resalvatorum
1394 5237 1456 5290 de
1484 5244 1625 5290 terra
1660 5214 1971 5305 Babylonis,

393 5323 462 5374 ad
488 5326 913 5378 annuntiandum
945 5326 1170 5381 Domino
1205 5337 1384 5382 nostro
1412 5329 1467 5382 in
1495 5325 1625 5382 Sion
1665 5328 1966 5381 vindictam.

391 5411 470 5468 De
499 5414 583 5469 his
613 5431 757 5471 nunc
783 5418 1094 5488 prophetat,
1125 5420 1221 5490 qui
1245 5434 1427 5474 mores
1445 5419 1650 5489 patrios
1667 5419 1975 5489 relinquen-

393 5511 496 5572 tes,
530 5507 754 5578 etleges
778 5513 1020 5579 gentium
1041 5552 1055 5576 ,
1119 5518 1174 5565 et
1221 5509 1656 5565 incredulitatem
1686 5517 1923 5566 veterem
1953 5550 1969 5576 ,

2086 4598 2140 4652 in
2171 4596 2351 4668 Syria,
2403 4606 2498 4648 aut
2529 4601 2676 4648 certe
2708 4591 3042 4660 ubicunque.
3089 4589 3353 4643 Similiter
3398 4598 3451 4643 et
3482 4589 3666 4642 anima

2084 4688 2138 4742 in
2167 4687 2353 4755 aliquo
2379 4684 2622 4753 ejusdem
2657 4690 2815 4735 terra;
2843 4681 3081 4736 nominis
3112 4681 3232 4735 low
3273 4689 3378 4746 est,
3446 4679 3552 4732 alia
3609 4679 3664 4750 in

2084 4774 2376 4845 Babylone,
2411 4773 2516 4826 alia
2550 4771 2603 4823 in
2637 4767 2874 4839 IEgypto
2897 4810 2911 4835 ,
2945 4769 3051 4822 alia
3111 4769 3164 4822 in
3221 4769 3662 4823 Ammanitarum

2083 4865 2340 4938 regione:
2377 4875 2432 4919 et
2469 4864 2550 4919 sic
2600 4861 2930 4934 segregatim
2979 4860 3282 4915 secundum
3335 4861 3662 4915 sententiam

2087 4958 2523 5025 Seripturarum,
2553 4969 2652 5023 pro
2685 4951 2949 5022 qualitate
2981 4951 3106 5006 vitae
3151 4950 3397 5005 locorum
3434 4951 3664 5007 diversi-

2084 5061 2222 5107 tates
2264 5049 2698 5119 distinguuutur.
2745 5043 2803 5098 ln
2851 5043 3126 5115 Babylone
3157 5053 3241 5099 est
3272 5045 3493 5113 quando
3531 5061 3662 5099 conv

2081 5143 2331 5198 funditur
2357 5182 2372 5207 ,
2410 5139 2631 5208 quando
2663 5136 2934 5202 turbatur,
2981 5135 3225 5204 quando,
3258 5150 3390 5204 pace
3421 5136 3660 5202 deserta,

2082 5234 2229 5290 bella.
2253 5234 2486 5290 sustinet
2521 5229 2864 5300 passionum,
2894 5225 3116 5296 quando
3151 5226 3422 5280 tumultus
3455 5225 3662 5280 militia:

2080 5329 2224 5384 circa
2251 5342 2372 5381 eam
2403 5325 2614 5388 fremit;
2649 5331 2798 5386 tunc,
2825 5330 2884 5374 ut
2904 5319 3234 5385 diximus,in
3256 5318 3532 5390 Babylone
3552 5327 3659 5386 est,

2080 5429 2133 5475 et
2155 5419 2219 5474 ad
2246 5419 2406 5474 istam
2435 5417 2673 5471 animam
2710 5411 3046 5484 prophetalis
3075 5424 3258 5466 sermo
3288 5408 3543 5479 dirigitur
3575 5410 3660 5464 dl-

2080 5527 2210 5567 ccns
2238 5511 2282 5544 “
2320 5527 2333 5563 :
2368 5508 2562 5579 Fugite
2595 5507 2665 5578 _de
2714 5505 2884 5558 medio
2925 5501 3214 5571 Babylonis
3241 5540 3257 5568 ,
3302 5510 3351 5554 et
3403 5499 3661 5557 resolvate

463 5668 512 5702 ⁸⁵
544 5669 741 5726 Cenes.
779 5688 864 5733 xv,
897 5672 946 5724 7.
1007 5673 1049 5704 ³⁵
1068 5671 1266 5728 Jerem.
1294 5689 1389 5736 vn,
1416 5682 1465 5727 et
1495 5691 1639 5729 xuv.
1717 5672 1975 5728 37.lerem.
2014 5646 2069 5733 ἰ,
2102 5673 2187 5726 26.
2269 5671 2310 5701 ³³
2363 5667 2472 5724 ibid
2573 5666 2764 5721 "Ibid.
2841 5663 2887 5695 "
2917 5661 3050 5718 ibid.
3072 5661 3159 5714 ς27.
3232 5661 3274 5693 ⁴¹
3307 5662 3437 5718 ibid.
3462 5662 3506 5695 ⁵⁸
3528 5665 3660 5722 ibid.

393 5735 483 5792 28.
549 5739 747 5795 “Luc.
786 5743 1013 5808 xmﬁ-l.
1091 5742 1138 5773 “
1162 5741 1360 5798 Jercm.
1387 5745 1544 5810 L,29.
1622 5745 1664 5775 “‘
1696 5742 1990 5810 Jeremuu,
2015 5745 2068 5798 6.
