4122 6432
477 329 584 382 535

1951 325 2274 384 ORIGENIS

3625 339 3733 397 536

480 440 832 512 unusquisque
865 444 1100 500 animant
1124 458 1298 497 suam.
1330 439 1512 498 Donec
1543 441 1690 498 enim
1711 441 1838 513 quis
1860 441 1914 496 in
1938 440 2044 497 Ba-
2072 445 2118 504 Α
2146 442 2403 512 passione
2431 443 2711 512 vitiorum,
2741 443 2809 501 ad
2832 459 2932 501 vos
2963 444 3222 514 dirigitur
3256 462 3460 504 sermo.
3503 447 3568 506 Et
3594 453 3731 511 mihi

473 533 673 602 bylone
699 546 804 600 est,
836 534 1032 589 salvari
1071 547 1176 587 non
1211 541 1402 601 potest.
1436 532 1592 601 Quod
1621 543 1677 588 et
1712 534 1758 588 si
1798 533 2051 590 ret-ordes

474 634 564 682 tns
588 626 662 680 ibi
695 625 858 680 fuerit
879 625 1204 693 Jerusalem,
1234 626 1541 696 ingemiscit
1568 637 1615 682 et
1635 626 1770 682 dicit
1792 627 1871 682 “:
1902 627 2048 692 Qua-

2156 550 2377 607 quoque
2407 536 2460 591 id
2487 537 2664 606 ipsum
2695 537 2920 607 jubetur
2950 557 2962 593 :
3002 539 3272 610 siquidem
3299 541 3481 598 adhuc
3518 559 3642 599 sum
3677 547 3732 601 in

2153 625 2474 686 confusione
2498 627 2862 696 inveteratus,
2911 639 2967 684 et
3014 629 3135 685 ideo
3168 631 3222 684 in
3256 629 3534 703 Babylone
3584 651 3728 693 sum.

471 718 628 775 modo
650 719 984 773 cantabimus
1008 718 1273 771 canticum
1304 717 1518 772 Domini
1549 720 1604 772 in
1637 729 1778 774 terra
1819 719 1993 776 aliena
2026 722 2052 773 .’
2152 715 2292 784 Quid
2315 731 2446 788 ergo
2469 717 2713 788 pratcipit
2743 716 2931 774 Deus?
2954 717 3072 774 Non
3102 719 3256 787 dicit,
3290 722 3435 777 exite
3457 723 3525 778 de
3551 726 3732 782 medio

471 807 688 880 thuia
733 809 1071 880 impossibile
1127 817 1211 864 est
1267 809 1321 863 in
1357 807 1633 880 Babylone
1687 809 2045 865 constitutum

468 899 582 953 Deo
604 899 824 968 organis
855 913 1072 963 canere,
1105 900 1282 956 otiosa
1306 899 1508 969 quippe
1537 899 1628 955 ibi.
1661 906 1790 954 sunt
1840 912 2045 968 organa

467 991 797 1060 hymnorum
831 989 948 1050 Dei,
980 999 1264 1059 propterea
1290 990 1492 1045 dicitur
1514 1006 1608 1060 per
1623 991 1942 1062 prophetam
1961 989 2002 1021 "
2027 1008 2042 1044 :

466 1078 638 1148 Super
665 1079 891 1148 ﬂumina
922 1077 1234 1148 Babylonis,
1259 1079 1374 1133 illic
1403 1081 1634 1135 sedimus
1667 1091 1716 1134 et
1761 1080 2000 1149 ﬂeuimus
2025 1119 2043 1145 ,

445 1171 591 1232 dum
616 1173 1016 1234 recordaremur
1046 1175 1148 1238 tui,
1181 1172 1311 1229 Sion
1341 1189 1360 1227 :
1390 1173 1445 1226 in
1485 1173 1739 1228 salicibus
1775 1173 1830 1228 in
1874 1172 2043 1226 medio

461 1263 578 1331 ejus
610 1265 978 1334 suspendimus
1001 1282 1202 1336 organa
1235 1278 1438 1321 nostra.
1474 1264 1751 1336 Suspensa
1785 1274 1916 1321 sunt
1951 1279 2042 1320 or-

461 1370 603 1426 gana
633 1367 817 1413 nostra
847 1359 1090 1428 quandiu
1119 1359 1173 1412 in
1208 1358 1484 1430 Babylone
1510 1374 1703 1418 sumus
1729 1401 1744 1425 ,
1796 1359 1850 1416 in
1908 1358 2040 1414 sali-

461 1445 620 1506 cibus
657 1445 942 1505 lluminum
975 1446 1334 1519 Babylonum.
1375 1447 1433 1504 Si
1487 1458 1668 1504 autem
1724 1450 2040 1506 venerimus

460 1535 517 1597 in
541 1535 867 1604 Jerusalem,
887 1539 939 1597 in
962 1539 1142 1599 locum
1170 1540 1398 1598 visionis
1426 1550 1480 1596 et
1501 1540 1674 1611 pacis.
1699 1555 1902 1612 organa
1917 1557 2042 1612 qua:

460 1639 588 1688 ante
612 1630 788 1686 otiosa
819 1632 1147 1700 pendebant,
1184 1640 1317 1689 tunc
1351 1643 1710 1689 assumuntur
1763 1634 1819 1695 in
1859 1633 2041 1688 mani-

2151 806 2465 879 Babylonis;
2500 807 2605 864 hoc
2623 808 2770 863 enim
2794 818 2968 878 potest
2995 809 3112 864 ﬁeri
3148 819 3204 866 et
3253 812 3521 883 gradatim
3550 855 3566 878 ,
3610 817 3729 883 sed,

2150 897 2342 969 Fugite
2361 899 2426 954 de
2448 900 2617 955 uredio
2637 900 2950 972 Babylonis.
2974 901 3089 972 Ego
3106 902 3324 972 quidem
3342 915 3396 959 et
3419 905 3472 959 in
3489 921 3556 961 eo
3583 909 3730 977 quod

2146 990 2346 1046 dicitur
2367 990 2432 1045 de
2461 991 2654 1059 medio,
2683 992 2947 1049 rationem
2979 1009 3166 1064 quaero
3199 996 3490 1052 sermonis.
3542 997 3728 1056 Potest

2145 1082 2347 1152 quippe
2372 1082 2591 1139 evenire
2625 1093 2684 1140 ut
2716 1084 2916 1154 aliquis
2939 1086 2992 1139 in
3030 1085 3306 1156 Babylone
3331 1089 3404 1142 sit
3433 1128 3449 1148 .
3479 1090 3574 1145 sed
3601 1107 3725 1146 cum

2140 1169 2194 1230 in
2229 1172 2491 1228 extremis
2515 1172 2636 1244 ejus
2665 1173 2866 1230 ﬁnibus
2893 1185 3287 1241 commoretur,
3320 1178 3727 1247 quodammodo

2141 1272 2299 1319 extra
2327 1263 2661 1336 Babylonem
2691 1281 2816 1322 esse
2844 1267 3113 1322 videatur.
3147 1268 3310 1324 Aliud
3343 1279 3522 1325 autem
3555 1280 3639 1326 est
3669 1271 3722 1325 in

2142 1357 2431 1413 medietate
2465 1356 2763 1428 Babylonis
2801 1359 3106 1415 consistere
3130 1399 3148 1424 ,
3189 1368 3250 1414 ut
3278 1375 3347 1414 ex
3377 1361 3528 1415 omni
3576 1371 3725 1432 parte

2138 1447 2346 1516 aequale
2375 1447 2448 1502 sit
2474 1448 2712 1520 spatium
2742 1488 2760 1515 ,
2807 1457 2864 1504 et
2912 1449 2987 1502 ita
3019 1449 3073 1502 itt
3126 1448 3385 1504 umbilico
3408 1451 3528 1519 ejus
3561 1453 3724 1522 quasi

2139 1539 2322 1604 medio
2342 1542 2527 1603 cordis
2557 1541 2812 1604 animalis
2830 1541 3056 1600 habitet.
3085 1541 3258 1598 Sicuti
3285 1543 3432 1598 enim
3467 1543 3729 1602 animalis

2139 1631 2404 1694 medietas
2421 1647 2516 1688 cor
2533 1641 2637 1701 est,
2661 1641 2714 1697 et
2729 1633 2784 1695 in
2808 1631 3100 1704 Evangelio
3119 1633 3419 1692 secundum
3436 1634 3637 1691 Lucam
3658 1637 3726 1704 θ’,

457 1718 584 1786 bus,
622 1721 978 1792 tuucjugiter
1005 1723 1435 1791 citharizamus,
1471 1734 1526 1780 et
1551 1740 1659 1780 non
1693 1733 1777 1780 est
1824 1733 2041 1794 tempus
2073 1788 2110 1794 _
2145 1736 2242 1777 cor
2274 1730 2433 1778 terra:
2464 1722 2728 1784 medietas
2751 1731 2910 1778 terra:
2937 1718 3291 1789 nominatur;
3333 1723 3415 1780 sic
3456 1724 3591 1780 mihi
3637 1725 3720 1779 vi—

457 1812 680 1888 quando
713 1788 820 1866 non
844 1788 1138 1870 laudemus
1170 1812 1336 1869 Deum
1370 1788 1466 1885 per
1485 1830 1692 1887 organa
1721 1831 1844 1886 quae
1873 1788 2041 1872 ha-be-
2073 1788 2116 1844 Β
2144 1812 2308 1868 detur
2333 1822 2386 1868 et
2411 1814 2465 1867 in
2498 1812 2780 1874 Ezechiele
2811 1815 3018 1875 dictum
3052 1815 3133 1881 '°,
3167 1816 3220 1870 in
3255 1788 3352 1873 cor
3407 1817 3580 1873 maris
3629 1833 3727 1888 po.

456 1915 582 1960 mus
607 1902 661 1960 in
693 1903 968 1959 manibus.
1000 1903 1191 1976 Igitur,
1215 1914 1272 1960 ut
1296 1906 1479 1962 dicere
1499 1922 1863 1978 cmperatnus,
1893 1922 2041 1963 sem-

452 2008 551 2062 per
622 1995 805 2051 anima
873 1996 928 2051 in
992 1997 1178 2068 aliquo
1237 1999 1614 2062 nuncnpativo
1677 2009 1836 2056 terra:
1919 1999 2041 2055 loco

453 2093 572 2152 est;
600 2094 655 2141 et
684 2086 829 2147 sicut
853 2097 1168 2158 peccatores
1195 2089 1249 2144 in
1277 2089 1574 2164 Babylone,
1609 2093 1691 2150 sic
1729 2093 2039 2150 econtrario

449 2175 582 2246 justi
614 2178 669 2233 in
699 2177 908 2237 Judaza.
944 2178 1332 2240 Verumtamen
1353 2184 1506 2256 juxta
1536 2185 1700 2256 282
1720 2185 2036 2257 qualitatem

457 2269 585 2325 vitae
607 2278 664 2324 et
691 2270 817 2327 ﬁdei
846 2279 902 2328 et
929 2271 983 2327 in
1015 2271 1133 2343 ipsa
1165 2272 1353 2331 Iudaea
1389 2275 1526 2332 locis
1565 2276 1706 2332 inter
1758 2293 1818 2334 se
1871 2277 2037 2334 variis

451 2371 798 2431 separantur.
829 2361 956 2420 Sive
977 2365 1122 2419 enim
1151 2366 1204 2420 in
1232 2365 1343 2420 Dan
1373 2376 1479 2433 est,
1511 2384 1634 2440 quae
1660 2377 1918 2424 extremm
1940 2368 2033 2425 Ju-

339 2449 366 2458 “’
451 2453 584 2508 datae
609 2461 790 2522 partes
819 2463 968 2522 sunt,
997 2455 1113 2512 sive
1148 2456 1203 2511 in
1237 2458 1614 2528 superioribus
1639 2459 1920 2530 paululum
1954 2460 2036 2515 lu-

449 2547 552 2614 cis,
581 2548 1014 2620 melioribusque
1042 2555 1208 2620 quam
1250 2550 1385 2618 Dan,
1421 2551 1537 2607 sive
1567 2553 1622 2608 in
1655 2552 1850 2609 mediis
1907 2553 2033 2608 lini-

359 2651 372 2668 ··
451 2641 554 2698 bus
582 2640 803 2711 Iudaeae,
837 2643 952 2700 sive
978 2644 1125 2700 circa
1163 2643 1465 2702 Jerusalem
1504 2665 1517 2702 :
1573 2655 1628 2702 et
1655 2656 1738 2704 est
1781 2649 2033 2704 omnium

341 2771 378 2779 -.
449 2732 788 2801 beatissima,
822 2751 945 2805 qum
976 2734 1032 2790 in
1067 2737 1244 2792 media
1265 2734 1568 2794 Jerusalem
1595 2739 1730 2794 urbe
1759 2739 2030 2796 consistit.

447 2820 556 2889 Qui
587 2837 718 2882 vero
747 2837 1001 2890 peccator
1032 2832 1119 2879 est
1141 2832 1196 2879 et
1227 2824 1412 2882 nimiis
1445 2825 1749 2882 sceleribus
1806 2841 2034 2896 oppresv.

448 2927 566 2977 sus,
595 2913 686 2968 hic
712 2913 766 2971 in
794 2915 1069 2987 Babylone
1093 2924 1213 2981 est;
1246 2918 1351 2972 hoc
1371 2925 1553 2972 autem
1580 2917 1798 2972 modico
1829 2917 2030 2984 minor,

447 3005 751 3065 etnecdum
790 3022 967 3078 usque
999 3008 1065 3063 ad
1093 3024 1371 3064 summum
1413 3019 1760 3080 peccatorum
1811 3012 2028 3066 culmen

2143 1905 2247 1960 sita
2277 1903 2495 1976 Tyrus;
2523 1914 2578 1961 et
2601 1921 2746 1962 nunc
2779 1905 3173 1976 peccatoresde
3195 1907 3376 1963 medio
3406 1906 3722 1980 Babylonis,

2143 1997 2248 2053 hoc
2282 2009 2388 2066 est,
2419 1999 2487 2053 de
2517 1999 2682 2054 corde
2707 1999 2828 2070 ejus
2855 1999 3043 2070 lugere
3073 1999 3290 2055 debere.
3338 1999 3537 2072 Fugite
3593 2017 3725 2073 ergo

2141 2087 2211 2144 de
2239 2089 2419 2146 medio
2453 2088 2769 2162 Babylonis,
2803 2099 2862 2145 ut
2881 2090 3224 2146 medietatem
3244 2091 3539 2162 Babylonis
3567 2093 3724 2148 dese.

2141 2187 2344 2244 rentes,
2373 2180 2426 2238 in
2453 2180 2654 2236 linibus
2685 2182 2806 2250 ejus
2835 2180 3108 2252 incipiatis
3128 2195 3272 2248 esse,
3297 2197 3406 2237 non
3437 2183 3491 2237 in
3520 2183 3719 2240 medio.

2141 2272 2298 2339 Quod
2329 2273 2374 2328 si
2403 2273 2489 2328 cui
2515 2273 2730 2329 videtur
2756 2274 3076 2338 obscurum,
3105 2273 3186 2328 sic
3214 2275 3304 2328 liet
3335 2275 3718 2341 manifestius;

2139 2363 2268 2434 quia
2301 2363 2396 2434 qui
2427 2364 2585 2420 valde
2610 2364 2897 2420 demersus
2945 2372 3029 2419 est
3057 2363 3112 2420 in
3145 2365 3292 2420 vitiis
3315 2403 3333 2431 ,
3383 2363 3477 2420 hic
3511 2365 3722 2421 medius

2138 2455 2412 2515 habitator
2433 2466 2536 2522 est.
2565 2455 2670 2525 Qui
2696 2471 2826 2517 vero
2854 2457 3118 2528 paulatim
3144 2457 3462 2529 relinquens
3491 2460 3720 2525 malum,

2137 2555 2191 2612 et
2222 2557 2473 2612 naturam
2509 2564 2669 2608 suam
2724 2549 2791 2604 ad
2841 2549 3068 2608 meliora
3099 2560 3422 2606 convertens
3459 2565 3569 2606 non
3607 2558 3719 2606 tam

2136 2639 2365 2710 coeperit
2393 2640 2624 2702 virtutes
2651 2639 2932 2711 possidere
2959 2656 3126 2712 quam
3158 2656 3357 2712 cupere
3384 2683 3400 2709 ,
3438 2643 3544 2698 iste
3594 2642 3721 2698 licet

2135 2747 2202 2792 cx,
2233 2730 2414 2801 medio
2445 2729 2644 2801 fugerit
2668 2729 2981 2802 Babylonis,
3035 2741 3216 2796 tamen
3246 2733 3478 2790 necdum
3509 2734 3578 2788 de
3608 2732 3708 2786 Ba-

2135 2821 2332 2894 bylone
2351 2821 2624 2888 discessit.
2658 2819 2973 2890 Secundum
3007 2821 3312 2888 istiusmodi
3341 2824 3716 2892 expositiones

2134 2915 2290 2973 decet
2321 2929 2510 2986 sacras
2537 2914 2747 2981 litteras
2778 2913 2998 2982 credere
3021 2929 3121 2979 nec
3141 2929 3312 2975 unum
3347 2915 3566 2986 quidem
3604 2917 3720 2987 api-

2134 3021 2253 3063 cem
2286 3005 2489 3063 babore
2524 3020 2758 3074 vacuum
2789 3005 3057 3076 sapientia
3101 3004 3218 3074 Dei.
3249 3005 3355 3074 Qui
3394 3008 3542 3068 enim
3583 3008 3719 3063 mihi

447 3095 771 3162 ascendens,
799 3096 853 3150 in
883 3096 1119 3169 Egypto
1145 3109 1198 3154 et
1224 3099 1278 3153 in
1317 3099 1566 3169 partibus
1611 3097 1831 3170 Egypti
1873 3115 2029 3156 com-

2137 3099 2342 3164 bomini
2376 3099 2638 3168 prmcipit,
2677 3095 2866 3162 dicens
2888 3097 2932 3144 η
2955 3115 2969 3154 :
3005 3095 3126 3164 Non
3144 3099 3419 3167 apparebis
3443 3107 3721 3153 antinous

449 3195 716 3242 moratur.
755 3187 818 3242 Et
835 3189 978 3244 sicut
1000 3189 1094 3260 qui
1123 3190 1176 3245 in
1211 3188 1397 3246 Iudaea
1433 3199 1580 3256 sunt,
1631 3207 1741 3246 non
1799 3192 2031 3262 aequalia

448 3280 632 3335 cuncti
684 3280 967 3349 possident
996 3281 1159 3348 loca;
1210 3282 1354 3338 alius
1378 3283 1580 3354 quippe
1628 3285 1682 3339 in
1725 3283 2030 3342 Jerusalem

447 3381 552 3436 est,
583 3380 638 3427 et
667 3372 809 3429 alius
844 3372 898 3428 in
926 3373 1064 3440 Dan,
1099 3375 1239 3430 alius
1290 3375 1346 3429 in
1373 3373 1642 3445 Nephtali,
1681 3377 1826 3434 alius
1877 3378 1932 3434 in
1969 3377 2032 3432 li-

448 3463 611 3518 nihus
631 3462 792 3518 Gad:
844 3464 924 3519 sic
967 3480 1157 3522 omnes
1199 3464 1295 3536 qui
1335 3467 1390 3522 in
1418 3465 1654 3538 Egypto
1700 3480 1867 3537 sunt,
1921 3486 2029 3526 non

448 3555 690 3625 aequales
717 3555 936 3628 Egypti
973 3566 1155 3628 partes
1193 3558 1459 3616 incolunt.
1481 3560 1638 3617 Alius
1670 3562 1723 3616 in
1769 3561 1980 3634 Tapltni
2013 3607 2028 3630 ,

446 3649 591 3712 alius
619 3650 674 3704 in
707 3647 966 3719 Memphi,
1000 3651 1144 3706 alius
1170 3651 1225 3706 in
1262 3650 1476 3719 Syene,
1523 3654 1665 3709 alius
1716 3655 1769 3709 in
1807 3653 2030 3711 Bubasti

447 3739 676 3805 habitat.
710 3737 842 3806 Quae
874 3740 990 3794 locu
1019 3739 1285 3812 propheta
1318 3739 1570 3810 Ezechiel
1621 3743 1779 3812 plena
1828 3755 2032 3816 myste-

446 3828 546 3903 riis
569 3844 702 3885 voce
730 3838 982 3900 testatur,
1019 3830 1240 3902 nomina
1262 3846 1486 3904 quoque
1521 3833 1756 3902 partium
1801 3833 2023 3906 Egypti

446 3935 729 3992 exponens
757 3940 770 3976 :
799 3923 866 3976 de
905 3922 1106 3997 quibus
1126 3923 1172 3992 si
1206 3924 1331 3997 quis
1361 3924 1533 3994 lector
1567 3923 1732 3981 fuerit
1760 3926 2029 4001 spiritalis

445 4013 756 4082 dijudicans
785 4013 992 4078 omnia,
1015 4024 1069 4069 et
1099 4015 1214 4085 ipse
1241 4031 1272 4074 a
1297 4017 1514 4087 nemine
1535 4016 1887 4086 dijudicatus,
1921 4035 2028 4074 non

447 4104 624 4172 solum
659 4104 894 4176 majores
920 4106 1168 4175 regiones
1185 4106 1576 4180 allegoripabit,
1605 4108 2027 4173 velutiludteam

443 4206 499 4266 et
529 4195 823 4271 Egyptum
851 4206 906 4259 et
937 4197 1265 4270 Babylonem
1293 4238 1309 4264 ,
1357 4200 1450 4256 sed
1486 4200 1783 4271 particulas
1811 4217 2030 4272 quoque

446 4299 608 4365 terrae
635 4308 650 4357 ;
679 4299 733 4346 et
763 4289 1040 4362 quomodo
1065 4291 1119 4355 in
1148 4289 1356 4361 Judaea,
1390 4289 1695 4356 Jerusalem
1727 4301 1781 4365 et
1813 4293 2029 4360 Bethle-

447 4381 596 4454 liem,
624 4389 961 4452 caeterasque
988 4382 1240 4454 civitates
1267 4423 1281 4446 ,
1337 4383 1411 4449 ita
1467 4383 1520 4438 in
1554 4383 1790 4460 Algypto
1821 4385 2028 4455 ,iegens

2133 3199 2368 3260 spectant
2390 3203 2562 3242 meum
2583 3203 2802 3251 vacuus,
2837 3187 3010 3242 multo
3041 3187 3164 3258 plus
3189 3189 3294 3247 hoc
3322 3188 3438 3259 ipse
3469 3189 3601 3259 agit,
3651 3204 3719 3243 ne

2133 3278 2340 3349 aliquid
2368 3292 2604 3337 vacuum
2638 3276 2915 3348 loquatur.
2953 3275 3027 3338 Ex
3058 3277 3397 3348 plenitudine
3444 3279 3566 3347 ejus
3622 3294 3716 3334 ac-

2132 3370 2398 3440 cipientes
2423 3370 2702 3440 propheta:
2727 3409 2743 3436 ,
2786 3385 2849 3425 ea
2899 3384 3023 3441 quae
3060 3379 3215 3426 erant
3267 3371 3334 3425 de
3379 3369 3716 3439 plenitudine

2133 3472 2371 3532 sumpta,
2395 3461 2716 3518 cecinerunt
2744 3479 2760 3528 ;
2793 3470 2848 3516 et
2871 3460 3074 3517 idcirco
3114 3475 3268 3516 sacra
3301 3460 3575 3515 volumina
3598 3460 3714 3530 Spi-

2132 3551 2272 3606 ritus
2303 3551 2696 3622 plenitudinem
2718 3549 2950 3621 Spirant,
2985 3551 3230 3622 nihilque
3252 3558 3337 3606 est
3370 3550 3486 3620 sive
3512 3549 3566 3604 in
3594 3565 3716 3620 pro-

2132 3642 2338 3713 phetia,
2369 3642 2484 3698 sive
2515 3641 2569 3697 itt
2604 3643 2742 3714 lege,
2777 3642 2892 3699 sive
2921 3642 2976 3699 in
3008 3641 3318 3712 Evangelio,
3347 3642 3461 3697 sive
3488 3643 3541 3695 in
3573 3645 3719 3712 Apo-

2133 3733 2294 3798 stolo,
2321 3732 2465 3802 quod
2493 3748 2600 3788 non
2629 3747 2658 3787 a
2691 3732 3032 3805 plenitudine
3062 3732 3263 3787 divinat
3294 3731 3598 3803 maiestatis
3624 3736 3720 3794 de:

2133 3825 2376 3885 scendat.
2406 3822 2776 3896 Quamobrem
2803 3824 3015 3893 spirant
3049 3823 3104 3880 in
3157 3822 3458 3892 Scripturis
3511 3824 3719 3882 sant-tis

2134 3916 2406 3990 hodieque
2431 3915 2789 3989 plenitudinis
2813 3915 2999 3970 verba.
3028 3915 3250 3986 Spirant
3281 3923 3465 3982 autem
3505 3913 3590 3968 his
3619 3914 3714 3984 qtti

2133 4009 2336 4071 habent
2360 4017 2414 4064 et
2433 4008 2623 4064 oculos
2655 4007 2720 4062 ad
2759 4005 2990 4060 videnda
3028 4004 3270 4061 cmlestia
3297 4045 3313 4071 ,
3359 4012 3414 4058 et
3445 4019 3606 4066 aures
3647 4005 3717 4059 ad

2133 4100 2400 4166 audienda
2434 4100 2616 4158 divina
2638 4139 2653 4165 ,
2689 4109 2743 4157 et
2772 4113 2932 4153 nares
2962 4097 3029 4154 ad
3055 4111 3120 4154 ea
3159 4111 3283 4170 quae
3315 4105 3445 4156 sunt
3475 4097 3714 4168 plenitn-e

2133 4192 2278 4249 dinis
2308 4192 2614 4248 sentiendo.

2205 4284 2328 4350 [late
2355 4286 2489 4347 dixi,
2516 4284 2645 4354 quia
2680 4299 2788 4339 non
2825 4284 2895 4339 sit
2934 4284 3254 4354 simpliciter
3281 4282 3562 4354 positum,
3607 4280 3717 4337 Fus

2133 4379 2241 4450 gite
2271 4379 2336 4433 de
2376 4377 2672 4450 Babylone,
2705 4378 2798 4432 sed
2824 4392 2948 4432 cum
2976 4378 3346 4432 addit-amento
3369 4373 3712 4436 necessario:

447 4471 772 4546 Diospolim,
800 4471 1104 4543 Bubastim,
1137 4473 1431 4544 Tapltnim,
1451 4474 1766 4547 Memphim,
1787 4475 2022 4553 Syenen,
2059 4475 2103 4532 D
2140 4467 2327 4544 Fugite
2347 4471 2409 4525 de
2435 4471 2605 4534 medio
2637 4469 2942 4540 Babylonis,
2981 4479 3030 4524 et
3068 4468 3330 4524 resalvate
3359 4467 3715 4536 unusquisque

446 4579 547 4634 pro
580 4565 854 4631 intellectu
890 4581 1073 4624 rerum
1107 4566 1386 4634 ligurabit.
1418 4568 1549 4632 Quis
1573 4569 1784 4636 sapiens
1844 4577 1895 4634 et
1936 4570 2025 4625 in-

448 4655 640 4732 telligit
671 4655 824 4720 ista?
856 4664 950 4718 aut
977 4655 1095 4728 quis
1135 4656 1432 4728 intelligens
1463 4667 1512 4712 et
1543 4659 1809 4728 cognoscit
1831 4677 1893 4715 ea
1926 4661 1972 4692 ⁸⁸
2001 4660 2024 4716 2

446 4747 584 4823 Quis
617 4747 810 4803 saltem
865 4748 918 4803 in
957 4747 1192 4804 teuuiori
1221 4764 1386 4810 sensu
1447 4751 1779 4816 .COnstitutus
1826 4765 2030 4820 cOgno-

447 4855 602 4910 scere
623 4839 822 4911 poterit
859 4840 1191 4906 voluntatem
1219 4855 1382 4913 quam
1412 4839 1647 4914 Spiritus
1681 4856 1906 4912 sanctus
1932 4843 2033 4900 ha-

445 4931 538 4994 bet
567 4930 802 4987 litteras?

518 5025 574 5084 2.
610 5023 812 5082 Verum
847 5041 992 5082 nunc
1023 5026 1171 5081 aliud
1231 5026 1569 5097 propositum
1596 5036 1722 5093 est,
1775 5027 1906 5098 quid
1941 5027 2028 5084 his

447 5117 540 5195 qui
575 5117 630 5175 in
661 5117 936 5191 Babylone
996 5127 1124 5184 sunt
1171 5116 1264 5173 Dei
1323 5132 1578 5173 sermone
1630 5118 2023 5188 praecipiatur:

446 5207 640 5284 Fugite
671 5208 736 5280 de
767 5210 938 5274 medio
972 5209 1280 5279 Babylonis.
1309 5207 1429 5268 Non
1465 5210 1752 5282 gradatim,
1787 5225 1896 5266 non
1929 5225 2026 5280 pe-

445 5304 732 5371 detentim,
756 5304 849 5373 sed
883 5320 1009 5371 cum
1060 5303 1382 5371 Velocitate,
1423 5318 1548 5363 cum
1603 5319 1768 5366 cursu
1817 5303 2024 5374 fugite,

445 5395 551 5457 hoc
573 5408 657 5465 est
681 5397 828 5464 enim
863 5395 1072 5466 lugere.
1125 5394 1322 5465 Fugite,
1371 5395 1438 5465 de
1481 5394 1653 5450 medio
1710 5394 2026 5466 Babylonis.

447 5490 774 5564 Quicunque
805 5489 1089 5567 confusam
1124 5487 1338 5555 habetis
1368 5487 1607 5554 animam
1659 5503 1690 5543 a
1747 5487 2026 5558 variorum

1251 5663 1293 5695 ’⁵⁷
1326 5662 1484 5726 ibid"
1533 5664 1582 5726 l,
1613 5660 1667 5718 ‘2.

1145 5731 1238 5812 "l__
1294 5732 1739 5813 l‘ct.t,9,10.

519 5661 565 5719 μ
588 5663 729 5723 Psal.
777 5679 976 5721 cxxxvr
1010 5703 1025 5723 .
1077 5666 1131 5720 4.

464 5732 504 5800 ’μ’
536 5732 706 5810 i510!!-
742 5749 906 5814 X-‘tm,
955 5733 1036 5791 l5.

1786 5663 1830 5693 ³³
1860 5658 1988 5717 Osc.
2040 5675 2128 5719 xlv
2158 5699 2171 5724 .
2229 5657 2312 5723 1.0-

2131 4567 2366 4622 animam
2395 4579 2566 4625 suam.
2601 4563 2844 4618 Primum
2879 4570 3096 4633 oportet
3112 4560 3298 4631 lugere
3315 4560 3379 4614 de
3406 4559 3585 4613 medio
3609 4558 3714 4613 Ba-

2131 4655 2369 4728 bylonis,
2404 4653 2603 4716 deinde
2629 4649 2878 4725 singulos
2908 4650 3120 4706 animas
3139 4663 3269 4704 suas
3286 4648 3561 4703 resalvare
3587 4662 3716 4701 cum

2131 4747 2390 4818 fugerint.
2423 4743 2609 4816 Neque
2639 4759 2768 4807 vero
2796 4741 2937 4798 dixit
2971 4741 3217 4807 salvare,
3265 4740 3360 4796 sed
3417 4739 3713 4802 resalvare,

2131 4839 2416 4910 Appositio
2427 4838 2648 4909 syllabae
2664 4835 2934 4907 signiﬁcat
2949 4843 3352 4889 sacramentum
3363 4873 3376 4897 ,
3395 4831 3521 4902 quia
3538 4845 3717 4900 quon-

2138 4932 2262 5003 dam
2295 4939 2578 5002 gustantes
2603 4927 2857 5000 salutem,
2900 4936 2955 4982 et
3007 4926 3076 4982 de
3124 4942 3189 4980 ea
3228 4933 3449 4996 propter
3496 4931 3717 4993 peccata

2136 5033 2322 5094 postea
2349 5030 2694 5086 corruentes,
2730 5026 2999 5074 venerunt
3037 5019 3105 5073 ad
3141 5017 3491 5088 Babylonem.
3546 5015 3718 5085 Cujus

2137 5116 2214 5170 rei
2245 5127 2413 5190 causa
2437 5121 2651 5184 oportet
2681 5111 2955 5174 resalvare
2975 5111 3214 5178 animam
3247 5123 3427 5176 suam,
3477 5115 3536 5162 ut
3583 5106 3718 5162 inci-

2135 5207 2248 5278 piat
2266 5220 2587 5275 recuperare
2610 5204 2752 5274 quod
2786 5203 3038 5275 perdidit,
3067 5201 3368 5258 secundum
3405 5199 3717 5270 apostolum

2135 5298 2356 5370 Petrum
2389 5295 2669 5367 dicentem’
2688 5296 2732 5328 "
2763 5313 2779 5350 :
2815 5295 2905 5370 [ta
2950 5297 3332 5368 reportauirnus
3384 5295 3543 5363 finem
3590 5291 3716 5361 ﬁdei

2135 5388 2386 5459 salutent,
2427 5387 2491 5442 de
2519 5403 2624 5457 qua
2644 5385 2815 5440 salute
2845 5387 3208 5456 exquisierunt
3237 5393 3285 5439 et
3317 5383 3545 5437 scrutati
3594 5388 3716 5436 sunt

2134 5483 2418 5553 prophetia,
2448 5483 2779 5553 quiplropter
2827 5488 3064 5551 nostram
3113 5469 3552 5549 propltetaserunt
3592 5491 3715 5546 gra-

2454 5659 2496 5692 ‘i
2525 5657 2656 5721 Luc.
2698 5675 2812 5727 \‘lll,
2864 5658 2950 5717 l5.
3074 5657 3121 5690 ³⁰
3149 5654 3348 5727 Ezccb.
3399 5670 3544 5712 xxvn
3573 5695 3588 5721 ,
3624 5651 3716 5711 3!.
