4122 6490
352 378 452 433 537

1508 377 1573 434 IN
1607 377 1955 435 JEREMIASI
1995 376 2280 432 HOMILIA
2321 376 2460 432 XXI.

3521 385 3625 442 538

355 496 510 546 tiant.
543 487 933 546 Verumtamen
963 493 1017 546 in
1044 491 1202 548 nobis
1229 501 1310 548 est
1339 493 1526 566 fugere
1545 496 1613 550 de
1638 495 1938 566 Babylone,
1968 495 2014 551 A
2043 490 2136 560 qui
2173 505 2348 560 usque
2390 489 2456 544 ad
2503 505 2742 559 prmsens
2788 503 2996 564 tempus
3046 499 3341 554 eonnnittit
3391 497 3623 570 scelera,

355 593 410 639 et
436 584 491 638 in
522 592 708 638 nostra
733 584 971 653 positum
1003 594 1088 638 est
1114 593 1400 654 potestate,
1431 591 1476 642 sl
1512 587 1744 643 velimus
1774 627 1790 653 ,
1845 601 1936 640 re-

285 723 290 727 .
355 675 622 731 suscitare
653 674 798 744 quod
833 675 1059 730 corruit.

424 766 478 820 4.
517 764 761 820 Tertium
787 767 1102 823 mandatum
1141 777 1226 824 est
1254 769 1302 801 ⁸⁸
1332 787 1345 824 :
1382 768 1450 823 Et
1480 786 1640 841 neque
1684 769 1938 840 projicia-

355 857 486 912 mini
522 858 579 910 in
608 858 943 928 iniquitatem
976 859 1118 928 ejus.
1147 859 1286 914 Cum
1319 860 1445 930 quis
1473 859 1670 928 fugerit
1720 859 1939 930 injusti-

355 949 484 1003 tiam
515 947 838 1019 Babylonis,
871 957 925 1002 et
959 964 1064 1003 non
1115 948 1288 1017 egerit
1337 949 1756 1018 paenitentiam,
1806 956 1940 1000 tunc

354 1055 697 1110 consequens
743 1049 827 1095 est
867 1048 927 1094 ut
973 1040 1317 1110 projiciatur.
1355 1041 1596 1095 Observa
1623 1054 1750 1094 vero
1785 1037 1937 1092 Scri-

354 1141 593 1204 pturam,
624 1133 935 1204 quomodo,
967 1133 1095 1188 licet
1123 1148 1190 1189 ex
1227 1133 1453 1188 Hebraea
1476 1133 1662 1198 lingua
1695 1132 1748 1185 in
1791 1130 1939 1186 Grat-

353 1241 474 1281 cam
501 1223 574 1279 sit
611 1225 895 1291 translata,
921 1225 1280 1280 nihilominus
1307 1266 1323 1292 ,
1362 1231 1631 1293 quantum
1693 1221 1939 1292 recipere

355 1325 554 1388 potest,
586 1315 922 1372 differentias
953 1316 1247 1372 verborum
1297 1316 1671 1386 significanter
1716 1328 1940 1382 expres-

354 1411 503 1466 serit.
537 1409 678 1464 Dicit
701 1410 901 1481 quippe
931 1410 984 1464 in
1012 1411 1118 1464 alio
1142 1410 1265 1465 loco
1292 1411 1374 1466 l"z
1397 1408 1548 1480 Elegi
1572 1406 1808 1476 abjertus
1827 1421 1939 1460 esse

354 1501 409 1554 in
431 1501 587 1554 domo
616 1500 848 1566 Domini,
883 1511 1076 1557 etnon
1116 1501 1190 1555 ait
1231 1500 1528 1571 projectus.
1585 1496 1642 1551 In
1683 1495 1938 1566 praesenti

353 1602 535 1647 autem
559 1607 669 1648 non
699 1594 902 1662 posuit,
933 1602 988 1648 et
1016 1609 1084 1649 ne
1126 1591 1464 1662 abjiciamini
1518 1590 1573 1644 in
1615 1586 1938 1658 injustitiam

351 1684 496 1752 ejus,
523 1683 618 1738 sed
644 1700 707 1737 ne
727 1684 1093 1755 projiciamini
1120 1687 1176 1738 in
1211 1683 1539 1754 injustitiam
1591 1681 1725 1750 ejus.
1776 1680 1938 1734 Aliud

353 1783 436 1829 est
473 1774 618 1830 enim
644 1775 858 1846 projici,
901 1776 1046 1832 aliud
1080 1776 1262 1846 abjici.
1300 1774 1454 1842 Quod
1489 1774 1636 1830 enim
1671 1774 1724 1828 in
1746 1773 1938 1842 despe-

351 1865 531 1921 ctione
557 1874 642 1921 est
659 1876 713 1921 et
737 1868 1008 1938 neglectu,
1033 1868 1136 1922 hoc
1163 1882 1271 1921 non
1295 1866 1458 1937 283
1479 1865 1766 1936 projicitur
1790 1905 1806 1930 ,
1843 1865 1936 1920 sed
1969 1836 2012 1892 Β

351 1957 626 2027 abjicitur.
651 1957 808 2023 Quod
832 1975 962 2013 vero
986 1957 1123 2014 foris
1145 1968 1228 2014 est
1257 1975 1286 2013 a
1310 1960 1505 2024 salute,
1529 1967 1581 2013 et
1601 1957 1939 2013 beatitudine

352 2051 612 2115 alienum,
641 2051 746 2106 hoc
783 2051 1092 2122 projicitur.
1120 2051 1276 2119 Quod
1310 2062 1365 2107 et
1390 2053 1442 2106 in
1474 2052 1584 2106 alio
1616 2052 1738 2107 loco
1762 2051 1939 2106 decla-

350 2150 438 2195 rat
466 2139 744 2210 Scriptura
803 2143 986 2199 divina
1023 2145 1210 2200 dicens
1246 2145 1337 2198 ll3:
1389 2144 1560 2198 Duces
1602 2143 1784 2214 populi
1834 2145 1937 2198 mei

347 2231 697 2301 projicientur
722 2249 788 2288 ea:
812 2235 1086 2290 domicilio
1127 2241 1300 2291 rerum
1331 2252 1552 2291 suarum
1580 2247 1791 2306 propter
1818 2253 1937 2306 pes-

346 2324 514 2378 simos
543 2325 837 2381 voluntates
874 2344 1019 2384 suas.
1057 2327 1202 2383 Cleri
1230 2329 1371 2384 enim
1411 2344 1591 2382 eorum
1624 2344 1726 2382 non
1749 2327 1936 2397 prode-

348 2423 471 2467 runt
491 2416 589 2470 eis.
616 2414 720 2471 Sed
765 2426 820 2472 et
871 2426 926 2472 tu
982 2418 1098 2488 ipse
1127 2418 1331 2488 poteris
1361 2433 1724 2490 congregare,
1758 2418 1935 2472 sicubi

347 2506 402 2560 in
433 2505 732 2578 Scripturis
760 2511 1120 2580 profectionis
1165 2519 1221 2566 et
1254 2511 1576 2580 abjectionis
1617 2525 1814 2564 nomen
1851 2510 1936 2563 in--

345 2598 581 2664 veneris,
607 2607 669 2654 ut
695 2614 762 2654 ex
787 2603 1200 2674 comparatione
1225 2602 1523 2656 verborum
1552 2597 1730 2670 magis
1755 2601 1936 2669 possis

345 2689 628 2746 conlidens
660 2690 808 2746 ferre
861 2693 1215 2747 sententiam.
1252 2691 1392 2758 Quia
1422 2691 1763 2762 dispensatio
1795 2691 1934 2746 Pro-

343 2780 602 2836 videmiae
628 2781 792 2836 etiam
829 2783 874 2836 si
905 2798 1014 2837 non
1047 2798 1380 2854 magnopere
1408 2783 1622 2837 curavit
1652 2791 1712 2836 ut
1753 2781 1933 2837 diser-

344 2871 657 2937 titudinem,
691 2888 814 2942 qua:
837 2873 889 2926 in
918 2873 1111 2928 Graeco
1137 2888 1392 2928 sermone
1418 2872 1675 2928 laudatur
1701 2913 1716 2940 ,
1747 2871 1936 2928 Grzeee

343 2963 752 3031 interpretando
779 2974 1120 3034 sequeretur,
1157 2964 1372 3019 curavit
1396 2973 1576 3019 tamen
1608 2980 1670 3018 ea
1703 2981 1826 3035 qua:
1856 2965 1924 3019 si-

344 3049 660 3121 gnificantia
683 3061 811 3108 sunt
832 3053 1114 3119 exhibere,
1136 3060 1191 3108 et
1222 3053 1582 3108 differentiam
1610 3069 1800 3108 eorttm
1831 3070 1932 3109 ex-

343 3143 573 3215 planare
608 3143 845 3201 dilucide
890 3145 976 3202 his
1026 3147 1120 3216 qui
1171 3145 1485 3217 Scripturas
1515 3146 1932 3218 diligentissime

342 3245 782 3304 perscrutantur.

411 3329 469 3386 5.
507 3327 589 3384 Ne
614 3330 976 3400 projiciamini
998 3332 1052 3386 in
1081 3332 1415 3403 iniquitatem
1449 3331 1762 3404 Babylonis,
1800 3334 1928 3404 quia

341 3429 546 3490 tempus
575 3421 822 3477 uindicta:
846 3423 960 3493 ejus
997 3432 1076 3478 est
1104 3441 1135 3477 a
1169 3423 1416 3479 Domino.
1443 3423 1582 3480 Miro
1596 3420 1769 3482 sensu
1798 3441 1930 3498 sup-

340 3511 506 3584 plicia
529 3513 663 3569 dicit
694 3514 925 3585 irrogari
957 3527 1181 3587 propter
1212 3517 1334 3588 ejus
1364 3518 1458 3588 qui
1492 3533 1556 3573 ea
1592 3519 1797 3589 patitur
1845 3518 1930 3573 ul-

338 3614 568 3662 tionem.
604 3605 836 3672 Quando
864 3610 1010 3663 enim
1045 3611 1170 3681 quis
1195 3626 1303 3667 non
1339 3611 1647 3667 vindicatur
1670 3621 1725 3668 et
1762 3611 1930 3666 relin-

336 3698 530 3773 quitur
562 3698 888 3768 impunitus,
927 3699 1241 3770 frequenter
1265 3717 1352 3757 me
1383 3702 1590 3759 dixisse
1614 3703 1840 3759 memini
1872 3703 1926 3757 id

335 3790 482 3869 quod
520 3790 573 3844 iu
602 3791 890 3846 duodecim
924 3791 1212 3862 Prophetis
1254 3794 1517 3864 scriptum
1552 3802 1674 3849 est:
1709 3793 1777 3849 Et
1823 3811 1928 3848 non

333 3883 568 3939 visitabo
611 3900 768 3952 super
806 3883 951 3955 ﬁlias
980 3892 1180 3937 vestras
1219 3885 1431 3954 quando
1467 3886 1806 3954 fornicamur
1829 3925 1845 3951 ,
1876 3896 1926 3940 et

335 3988 503 4041 super
523 3989 689 4029 nurus
713 3983 915 4028 vestras
945 3974 1158 4044 quando
1187 3975 1564 4028 adulterantur
1585 3976 1652 4029 ⁵⁸.
1681 3974 1799 4030 Non
1836 3992 1928 4030 er-

333 4084 420 4142 go,
458 4074 526 4121 ut
570 4063 794 4138 quidam
836 4063 1193 4130 existimant,
1247 4062 1390 4119 Deus
1424 4073 1735 4134 peccatores
1771 4067 1928 4135 punit

331 4156 534 4218 iratus;
565 4155 682 4218 sed.
721 4154 766 4208 si
797 4153 879 4208 sic
915 4153 1137 4224 expedit
1179 4153 1366 4223 loqui,
1400 4169 1596 4223 magna
1648 4155 1728 4208 ira
1767 4163 1850 4209 est
1893 4169 1924 4210 a

331 4249 440 4307 Deo
466 4255 748 4304 tormenta
775 4263 884 4302 non
908 4247 1136 4317 perpeti.
1161 4247 1264 4313 Qui
1291 4246 1437 4301 enim
1465 4248 1708 4317 punitur,
1729 4249 1927 4303 etiam-

328 4341 372 4404 si
404 4343 473 4399 ab
523 4356 586 4394 ea
625 4355 747 4410 quae
791 4347 1020 4394 vocatur
1070 4339 1150 4393 ira
1196 4338 1293 4393 Dei
1323 4339 1656 4408 corripitur,
1697 4341 1765 4395 ad
1821 4340 1926 4396 hoc

328 4434 564 4506 punitur
597 4440 658 4485 ut
686 4430 1028 4486 emendetur.
1062 4430 1301 4495 Domine,
1335 4431 1411 4484 ait
1443 4429 1610 4485 David
1640 4431 1684 4462 "
1709 4474 1724 4498 ,
1764 4447 1827 4485 ne
1868 4432 1922 4485 in

2038 596 2140 637 nec
2173 583 2418 651 punitur.
2450 580 2702 637 Visitatio
2727 585 2924 654 quippe
2953 587 3047 642 Dei
3100 605 3197 658 per
3247 593 3451 646 visitatt
3504 601 3621 648 tor-

2039 681 2224 728 menta
2259 680 2633 737 monstratur;
2673 673 2768 742 qui
2803 684 2981 728 autem
3027 692 3258 744 peccans
3304 680 3624 754 corripitur,

2039 763 2220 818 nescis
2251 761 2383 832 quid
2419 763 2468 816 ei
2497 770 2755 816 excurrat
2777 778 2872 832 pro
2903 778 3086 833 pugna.
3119 764 3245 820 llaec
3270 778 3492 838 propter
3521 770 3627 829 hoc

2037 856 2185 926 quod
2212 855 2418 911 dictum
2453 863 2558 920 est,
2585 855 2714 926 quia
2748 862 2963 926 tempus
2987 856 3242 911 vindictae
3281 857 3402 928 ejus
3453 875 3485 913 a
3514 859 3626 916 Do-

2038 949 2190 1003 mino
2205 957 2308 1003 est.

2109 1039 2162 1094 6.
2181 1039 2439 1110 Sequitur
2455 1041 2534 1094 "z
2562 1038 2978 1094 Retributionem
3005 1039 3114 1110 ipse
3138 1038 3387 1094 retribuet
3409 1040 3478 1094 ei.
3503 1039 3622 1100 Non

2039 1147 2135 1201 per
2156 1134 2440 1188 ministros
2457 1133 2728 1188 retribuet
2740 1133 3004 1205 Babyloni
3022 1132 3184 1197 Deus,
3205 1135 3302 1189 sed
3330 1134 3344 1188 i
3350 1149 3447 1204 pse
3465 1139 3629 1191 retri-

2039 1224 2171 1278 buet
2188 1224 2337 1295 quod
2366 1233 2628 1280 meretur.
2667 1223 2804 1280 Volo
2833 1225 3092 1295 quiddam
3120 1226 3302 1282 dicere
3326 1225 3382 1281 in
3417 1227 3630 1283 addita-

2039 1325 2226 1370 mento
2241 1316 2580 1385 pronominis
2596 1316 2649 1370 in
2672 1331 2738 1370 eo
2751 1317 2894 1387 quod
2920 1318 3178 1373 scribitur
3199 1320 3309 1390 ipse
3330 1335 3350 1372 :
3366 1320 3442 1374 ait
3457 1319 3627 1388 enim,

2041 1407 2449 1461 Retributionem
2463 1407 2574 1476 ipse
2585 1408 2836 1464 retribuet
2851 1411 2918 1464 ei.
2938 1409 3052 1465 Non
3071 1413 3326 1468 omnibus
3346 1411 3490 1469 Deus
3506 1414 3622 1484 ipse

2041 1496 2298 1551 retribuit
2319 1510 2442 1566 quae
2465 1507 2766 1565 merentur,
2790 1499 2886 1553 sed
2913 1509 3042 1554 sunt
3061 1501 3284 1571 quidam
3307 1503 3508 1572 quibus
3531 1520 3628 1574 per

2041 1589 2181 1644 alios
2207 1589 2465 1654 restituit,
2493 1590 2610 1646 sive
2629 1589 2883 1659 puniens,
2903 1592 3016 1647 sive
3053 1595 3334 1651 medicans
3364 1611 3459 1665 per
3473 1596 3624 1653 dolo-

2041 1695 2178 1744 rem,
2201 1681 2327 1735 tttin
2340 1680 2574 1737 Psalmis
2591 1683 2902 1741 continetur
2927 1683 3006 1738 ‘°:
3031 1684 3179 1739 Misit
3200 1690 3253 1741 in
3276 1704 3363 1741 eos
3386 1690 3524 1743 iram
3542 1691 3627 1744 in-

2040 1773 2365 1843 dignationis
2376 1789 2508 1841 sure,
2522 1774 2776 1843 furorem,
2790 1784 2838 1828 et
2853 1776 3012 1838 iram,
3029 1785 3077 1829 et
3091 1781 3414 1848 angustiam,
3433 1782 3630 1836 innuis-

2039 1865 2236 1918 sionem
2261 1881 2354 1936 per
2383 1865 2599 1937 angelos
2627 1867 2906 1936 pessimos.
2938 1866 3034 1923 llis
3063 1869 3207 1923 enim
3240 1885 3349 1924 non
3381 1872 3496 1941 ipse
3534 1890 3625 1929 reu

2039 1957 2236 2024 stituit,
2269 1957 2364 2012 sed
2390 1959 2456 2012 ad
2483 1957 2897 2012 retributionem
2932 1959 3151 2014 illorum
3189 1958 3470 2019 ministris
3494 1981 3628 2022 usus

2037 2055 2122 2102 est
2149 2047 2360 2118 angelis
2396 2047 2677 2118 pessimis,
2707 2055 2766 2102 et
2791 2047 2915 2102 aliis
2949 2046 3180 2103 forsitan
3227 2066 3336 2105 non
3383 2067 3478 2122 per
3509 2069 3622 2108 ma-

2039 2138 2123 2195 los
2158 2139 2356 2204 reddit,
2384 2140 2478 2195 sed
2508 2156 2604 2211 per
2640 2140 2836 2207 bonos,
2872 2149 2932 2194 ut
2960 2140 3014 2194 in
3043 2140 3124 2197 eis
3148 2141 3242 2211 qui
3275 2158 3372 2212 pro
3408 2145 3627 2200 sceleri-

2037 2232 2141 2288 bus
2189 2233 2513 2298 puniuntur.
2569 2232 2849 2303 Multaque
2909 2233 3110 2288 similia
3159 2234 3468 2290 istiusmodi
3535 2253 3630 2306 per

2039 2324 2376 2396 Scripturas,
2410 2325 2456 2381 si
2485 2327 2770 2394 scruteris,
2813 2327 3082 2382 invenies.
3116 2325 3215 2383 Est
3243 2335 3426 2382 autem
3449 2344 3626 2398 quan-

2035 2417 2106 2471 do
2132 2417 2512 2472 ministrorum
2549 2417 2786 2473 otiicium
2835 2418 3142 2484 refutatur,
3195 2420 3618 2476 retributionem

2037 2506 2183 2564 Deus
2209 2509 2326 2578 ipse
2353 2509 2615 2574 restituit,
2647 2519 2707 2564 ut
2743 2525 2892 2566 nunc
2921 2511 3209 2582 Babyloni,
3241 2509 3434 2566 Timeo
3463 2514 3625 2582 quid-

2036 2597 2162 2652 dam
2193 2599 2415 2654 obscuri
2443 2599 2497 2654 in
2549 2600 2671 2655 loco
2713 2601 3009 2657 manifesto
3059 2603 3406 2674 interponere
3430 2646 3445 2672 ,
3482 2607 3627 2674 quod

2037 2690 2171 2744 mihi
2201 2691 2419 2746 videtur
2452 2692 2640 2760 latere,
2668 2694 2713 2748 si
2751 2704 2977 2750 taceam.
3006 2694 3395 2751 Verumtamen
3428 2699 3634 2752 auden-

2036 2779 2166 2834 dum
2207 2790 2292 2836 est
2348 2783 2542 2837 saltem
2580 2797 2754 2853 pauca
2802 2785 3190 2856 perstringere.
3233 2786 3464 2852 Quando
3501 2795 3626 2842 sunt

2036 2871 2262 2926 vulnera
2287 2871 2464 2927 facilia
2499 2882 2555 2928 et
2588 2883 2838 2944 prompta
2863 2875 3159 2940 curationi,
3196 2876 3440 2930 medicus
3493 2876 3620 2930 mit-

2035 2963 2101 3018 tit
2131 2980 2349 3020 servum
2379 2982 2564 3030 suum,
2615 2967 2782 3021 mittit
2811 2967 3143 3038 discipulum
3173 3008 3188 3034 ,
3245 2976 3304 3022 ut
3358 2983 3453 3037 per
3498 2984 3624 3022 eum

2034 3054 2382 3126 languentem
2438 3059 2781 3126 medicetur;
2839 3073 3016 3130 neque
3064 3059 3209 3114 enim
3266 3074 3463 3128 magna
3497 3066 3624 3113 sunt

2032 3148 2282 3205 vulnera.
2337 3147 2531 3205 Evenit
2571 3166 2790 3222 quoque
2839 3149 3131 3220 aliquoties
3162 3158 3222 3204 ut
3264 3149 3526 3204 sectionis
3567 3156 3626 3203 et

2029 3237 2162 3295 ferri
2187 3240 2426 3312 indigeat
2453 3242 2546 3312 qui
2577 3252 2826 3310 sanatur;
2859 3251 3098 3298 attamen
3133 3259 3241 3297 non
3285 3241 3402 3313 ipse
3446 3241 3626 3297 medi-

2029 3346 2128 3389 cus
2161 3335 2338 3404 pergit
2361 3338 2429 3389 ad
2465 3349 2679 3399 curam,
2718 3335 2810 3390 sed
2843 3335 3049 3407 eligens
3078 3351 3248 3390 unum
3277 3351 3344 3390 ex
3371 3334 3638 3405 discipu-

2029 3425 2098 3480 lis
2126 3425 2221 3496 qui
2249 3441 2446 3481 curare
2472 3427 2673 3493 valeat,
2724 3441 2790 3481 eo
2839 3427 3012 3480 utitur
3059 3427 3334 3480 ministro.
3391 3425 3626 3493 Quando

2029 3531 2163 3572 vero
2196 3516 2531 3572 insanabiles
2559 3518 2735 3590 plagae
2766 3527 2914 3584 sunt,
2974 3527 3034 3572 ut
3069 3527 3124 3573 et
3169 3527 3418 3573 emortua
3455 3534 3622 3574 carne

2029 3607 2259 3678 putredo
2298 3606 2677 3671 contabuerit,
2718 3621 2775 3662 et
2815 3608 2868 3662 in
2921 3617 3132 3662 tantum
3177 3607 3319 3662 mala
3365 3609 3632 3663 valetudo.

2028 3707 2132 3764 est,
2167 3706 2227 3752 ut
2255 3712 2366 3752 non
2397 3698 2540 3754 servi
2571 3700 2654 3754 vel
2701 3698 2957 3768 discipuli
3001 3699 3095 3768 qui
3132 3698 3246 3768 jam
3288 3714 3456 3770 prope
3493 3717 3619 3756 eunt

2028 3804 2124 3860 per
2148 3789 2434 3845 scientiam
2464 3791 2598 3848 artis
2622 3793 2874 3858 accessit,
2907 3793 3000 3847 sed
3028 3791 3200 3861 ipsius
3231 3793 3479 3862 magistri.
3506 3809 3622 3848 ma-

2028 3881 2191 3936 nibus
2217 3881 2476 3952 indigeat,
2511 3891 2639 3938 tunc
2667 3883 2784 3953 ipse
2829 3898 3064 3954 magnus
3107 3882 3352 3938 medicus
3387 3884 3618 3953 praecin-

2027 3980 2150 4027 ctus
2181 3971 2397 4028 lumbos
2429 3974 2496 4029 ad
2528 3974 2827 4030 sectionem
2865 3973 3127 4029 teterrimi
3155 3973 3398 4029 vulneris
3429 3977 3618 4029 conci-

2028 4054 2191 4117 tatur.
2222 4061 2490 4120 Similiter
2509 4065 2712 4136 itaque,
2731 4066 2952 4136 quando
2977 4073 3103 4120 sunt
3132 4064 3343 4120 minora
3367 4076 3609 4136 peccata,

2027 4169 2137 4208 non
2175 4153 2413 4212 restituit
2449 4155 2593 4213 Deus
2625 4157 2741 4228 ipse
2785 4156 3160 4227 peccantibus,
3202 4155 3295 4211 sed
3346 4157 3468 4211 aliis
3503 4157 3613 4210 uti-

2027 4256 2117 4302 tur
2157 4248 2444 4304 ministris.
2481 4248 2712 4314 Qnando
2753 4261 2884 4302 vero
2912 4261 3009 4316 per
3044 4244 3234 4299 merita
3277 4260 3378 4298 sua
3418 4245 3612 4315 ingens

2027 4339 2302 4395 hominem
2333 4341 2602 4410 aegritudo
2636 4338 3072 4410 comprehendit,
3108 4347 3168 4392 ut
3197 4354 3344 4392 nunc
3375 4338 3611 4409 Babylo-

2025 4447 2174 4496 nem,
2198 4447 2321 4502 qua’.
2345 4433 2602 4502 gravibus
2627 4432 2861 4504 propria:
2890 4430 3111 4484 malitiae
3133 4439 3217 4485 est
3242 4429 3468 4484 confusa
3495 4431 3616 4484 vul-

326 4524 408 4580 ira
436 4535 541 4578 tua
567 4539 764 4593 arguas
793 4539 890 4590 me,
921 4540 1082 4598 neque
1102 4526 1158 4580 in
1186 4524 1368 4592 furore
1393 4532 1482 4577 tuo
1524 4524 1785 4593 corripias
1816 4540 1916 4578 me.
1952 4536 1998 4592 ι)
2029 4522 2271 4586 neribus,
2315 4530 2444 4577 tunc
2477 4523 2543 4576 ad
2577 4523 2993 4577 retributionem
3031 4520 3177 4576 Deus
3226 4521 3339 4591 ipse
3372 4521 3614 4580 festinat.

328 4615 430 4674 Sed
464 4619 693 4675 etiamsi
727 4634 944 4690 argues,
977 4635 1143 4690 argue
1169 4635 1270 4675 nos
1301 4619 1355 4673 in
1381 4620 1609 4690 judicio,
1643 4629 1829 4676 etnon
1861 4621 1918 4676 in

326 4707 542 4776 furore,
574 4709 714 4763 dixit
739 4709 1026 4776 Jeremias.
1057 4712 1304 4768 invenies
1335 4721 1516 4769 autem
1543 4713 1707 4767 etiam
1732 4730 1798 4768 ex
1831 4729 1918 4768 re-

328 4800 702 4881 promissione
745 4799 835 4855 Del
888 4801 940 4864 in
998 4801 1265 4870 quosdam
1325 4803 1722 4872 correptionem
1772 4803 1912 4858 dari.

332 4890 455 4959 ideo
484 4905 617 4963 cum
655 4890 1009 4968 peccantibus
1038 4891 1243 4947 Christi
1273 4892 1399 4947 ﬁliis
1444 4908 1605 4962 pcena
1643 4892 1916 4963 promitti-

333 4989 440 5049 tur,
469 4983 849 5054 misericordia
879 4998 984 5045 non
1003 4981 1324 5054 denegatur,
1350 4993 1409 5048 ut
1437 4987 1702 5054 scriptum
1725 4997 1810 5041 est
1831 4985 1913 5040 ’δι

332 5069 391 5127 Si
425 5075 806 5144 dereliquerint
835 5073 940 5141 ﬁlii
974 5074 1086 5143 ejus
1115 5075 1277 5146 legem
1307 5092 1500 5142 meam,
1529 5086 1578 5130 et
1619 5077 1676 5130 in
1690 5075 1916 5146 judiciis

332 5166 456 5234 meis
479 5183 586 5238 non
599 5167 1004 5228 ambulaverint;
1018 5167 1066 5220 si
1076 5154 1319 5236 justitias
1335 5183 1475 5220 meas
1493 5169 1914 5237 profanaverint,

331 5263 380 5306 et
425 5257 681 5328 mandata
711 5274 826 5332 mea
859 5274 960 5328 non
989 5258 1368 5326 custodierint,
1406 5258 1632 5325 visitabo
1668 5260 1722 5312 in
1769 5259 1917 5329 virga

335 5341 574 5422 facinora
612 5365 814 5422 eorum,
837 5358 886 5418 et
911 5349 966 5402 in
987 5349 1214 5420 ﬂagellis
1242 5349 1549 5416 iniquitates
1581 5365 1784 5414 eorum;
1810 5351 1912 5403 mi-

335 5421 676 5506 sericordiam
704 5451 882 5514 autem
909 5456 1078 5509 meant
1108 5456 1211 5510 non
1236 5440 1536 5509 dispergam
1566 5440 1630 5493 ab
1667 5441 1762 5496 eis.
1808 5440 1911 5496 Ista

337 5528 687 5586 mnsiderans
710 5531 830 5585 vide
853 5531 1130 5604 quomodo
1153 5524 1382 5601 necdum
1410 5545 1566 5602 pruna
1597 5531 1794 5603 dignus
1817 5533 1909 5598 sit,

403 5725 673 5800 "_Jerent.
717 5747 791 5794 LI,
815 5731 870 5786 6.
905 5733 951 5765 ⁸⁵
972 5732 1117 5788 Psal.
1149 5749 1377 5800 LXXXIII,
1414 5735 1498 5788 ll.

342 5793 424 5857 ει.
451 5797 540 5864 52,
568 5802 657 5872 35,
691 5793 784 5868 3}.
858 5805 902 5836 ”
932 5801 1129 5858 Jerem.
1157 5819 1229 5875 μ,
1263 5806 1313 5859 6.

2027 4609 2240 4666 Similia
2273 4614 2523 4682 quaedam
2556 4613 2684 4668 huic
2715 4614 2760 4669 si
2785 4614 3041 4683 requiris,
3074 4613 3319 4668 invenies
3345 4614 3488 4668 etde
3525 4613 3616 4667 Je-

2023 4704 2280 4768 rusalem,
2313 4719 2436 4774 qua:
2473 4704 2523 4760 ei
2562 4705 2880 4760 acciderunt
2910 4712 3034 4771 post
3077 4704 3370 4773 prophetas
3395 4706 3524 4775 ..οὺ
3562 4706 3613 4760 id

2021 4795 2149 4862 quia
2185 4793 2440 4849 Insidiata
2475 4794 2546 4849 sit
2573 4793 2818 4852 Christo.
2859 4793 2951 4848 Sic
2979 4792 3126 4846 finita
3162 4802 3245 4849 est
3276 4793 3438 4862 primi
3465 4795 3614 4862 capia

2023 4884 2120 4938 tuli
2155 4887 2509 4941 continentia.

2092 4979 2144 5032 1.
2188 4975 2486 5033 Videamus
2517 4985 2574 5032 et
2600 4983 2799 5033 caetera
2833 4977 2878 5009 “
2934 4995 2949 5032 :
3001 4977 3163 5032 Catia:
3211 4992 3402 5030 aureus
3435 4975 3612 5046 Baby-

2021 5069 2110 5124 lon
2137 5071 2193 5124 in
2222 5086 2386 5124 manu
2431 5069 2532 5124 Dei
2563 5069 2829 5124 inebrians
2865 5084 3072 5124 omnem
3113 5081 3331 5124 terram.
3363 5067 3441 5122 De
3491 5069 3612 5122 uino

2020 5165 2134 5234 ejus
2167 5163 2406 5218 biberunt
2439 5173 2639 5234 gentes.
2666 5162 2896 5233 Propter
2922 5163 3022 5218 hoc
3043 5172 3319 5219 commota
3341 5171 3462 5216 sunt
3487 5180 3608 5232 gen-

2019 5264 2118 5323 tes,
2152 5265 2204 5310 et
2231 5255 2407 5309 subito
2433 5253 2625 5309 cecidit
2653 5253 2918 5324 Babylon,
2951 5262 3000 5308 et
3037 5254 3269 5308 contrita
3299 5263 3403 5308 est.
3428 5251 3634 5315 Nabus

2019 5345 2370 5402 cbodonosor
2409 5346 2598 5401 volens
2642 5345 2894 5415 decipere
2943 5344 3200 5400 homines
3240 5359 3339 5414 per
3381 5342 3606 5397 calicem

2017 5437 2308 5510 Babylonis
2335 5437 2612 5498 dolosam,
2637 5452 2746 5492 non
2777 5433 3000 5491 miscuit
3034 5435 3088 5490 in
3119 5448 3248 5490 vase
3273 5433 3421 5488 tlctili
3459 5431 3607 5502 quod

2015 5532 2244 5604 parabat
2275 5530 2478 5602 potari,
2511 5530 2605 5586 sed
2629 5545 2805 5600 neque
2831 5529 2886 5584 in
2916 5529 3082 5600 paulo
3113 5527 3359 5594 meliore,
3383 5534 3438 5581 et
3463 5540 3608 5583 aereo

1577 5735 1621 5766 ⁵³
1648 5733 1848 5789 Jeretn.
1885 5750 2038 5788 xxm.
2117 5734 2162 5766 ³⁸
2189 5733 2316 5789 Ose.
2353 5749 2426 5796 tv,
2465 5733 2546 5786 ll.
2623 5731 2830 5788 "Psal.
2867 5731 3012 5798 tv,‘2.
3089 5731 3136 5763 ⁵⁸
3165 5727 3310 5785 Psal.
3335 5739 3606 5792 uuvm,

1423 5807 1466 5837 εο
1497 5804 1638 5862 Psal.
1680 5821 1884 5872 tum,
1928 5806 2016 5874 i9.
2094 5805 2134 5836 ⁶¹
2166 5804 2368 5884 iorem.
2407 5807 2479 5873 ιι,
2517 5803 2564 5868 7,
2603 5805 2656 5858 8.
