4122 6424
486 351 594 406 539

485 482 637 529 vase,
668 467 749 519 vel
789 475 1038 529 stanneo,
1077 476 1129 519 et
1161 465 1304 534 quod
1341 463 1440 518 ista
1486 462 1745 533 pra'cellit
1782 470 2061 532 argenteo;
2095 465 2144 520 Α

491 569 680 610 νυιίιτιι
713 555 921 622 eligens
954 568 1051 608 vas
1083 569 1309 607 aureum
1331 593 1346 616 ,
1379 553 1430 604 in
1461 567 1527 606 eo
1563 551 1817 620 poculum
1863 561 2070 618 tempe-

487 645 649 709 ravit,
682 653 742 698 ut
765 645 889 712 quis
914 645 1103 698 videns
1138 644 1388 698 decorem
1437 643 1558 695 auri
1585 681 1601 703 ,
1636 641 1766 695 dum
1807 640 2074 695 radiantis

486 733 694 790 metalli
721 732 1130 804 pulchritudine
1154 732 1478 796 delectatur,
1511 740 1566 785 et
1591 739 1739 784 totus
1762 729 1938 783 oculis
1965 729 2076 784 hae-

484 835 567 878 ret
593 826 645 878 in
687 825 889 894 specie,
919 840 1026 877 non
1055 823 1366 878 consideret
1407 821 1537 892 quid
1572 822 1910 875 intrinsecus
1947 821 2074 874 lati-

483 924 581 980 tet,
610 925 664 969 et
689 915 964 984 accipiens
997 916 1223 968 calicem
1250 914 1400 968 bibat
1426 913 1680 968 nesciens
1708 912 1934 966 calicem
1964 910 2074 966 Na-

481 1005 946 1068 buchodonosor,
994 1007 1306 1076 intelligens
1339 1015 1519 1060 autem
1573 1006 1797 1061 calicem
1843 1019 2070 1059 aureum

483 1098 538 1151 in
571 1099 824 1168 praesenti
871 1098 1237 1152 nominatum.
1290 1095 1396 1151 Sed
1448 1096 1854 1150 animadvertas
1899 1095 2071 1164 pessi-

480 1204 697 1243 morum
721 1189 1036 1258 dogmatum
1062 1189 1224 1241 verba
1263 1187 1544 1242 mortifera
1577 1189 1795 1257 qualem
1834 1187 2073 1241 habeant

479 1279 958 1348 compositionem,
991 1279 1208 1348 qualem
1242 1278 1494 1332 decorem
1528 1277 1886 1347 eloquentiae,
1931 1294 2072 1346 qua-

478 1371 584 1424 lem
602 1387 784 1424 rerum
799 1369 1121 1425 divisionem
1139 1388 1154 1430 ;
1169 1384 1466 1438 cognosces
1481 1370 1757 1438 quomodo
1773 1370 2073 1438 urmsquis—

479 1475 586 1528 que
630 1469 912 1529 poetarum
949 1460 1041 1529 qui
1078 1468 1334 1528 putantur
1363 1459 1502 1528 apud
1560 1474 1656 1513 vos
1697 1458 2070 1520 disertissimi,

479 1549 647 1620 284
677 1551 899 1605 calicem
933 1566 1160 1605 aureum
1189 1550 1530 1619 temperavit,
1554 1560 1606 1604 ct
1638 1549 1688 1602 in
1721 1549 1945 1604 calicem
1973 1563 2070 1603 au-

477 1659 632 1697 reum
660 1659 927 1697 venenum
957 1644 1201 1712 injecerit
1227 1644 1570 1710 idololatriae,
1589 1653 1644 1698 et
1662 1659 1928 1698 venenum
1955 1651 2071 1697 tur-

481 1738 733 1807 piioquii,
770 1751 1038 1790 venenum
1073 1751 1266 1790 eorum
1300 1751 1424 1806 qua:
1454 1736 1694 1790 aliimam
1725 1735 1963 1790 hominis
1986 1735 2062 1788 in-

1970 337 2296 395 ORIGENIS

3657 331 3762 386 540

2243 455 2330 509 10.
2373 453 2444 507 De
2468 455 2584 508 rino
2615 452 2731 522 eius
2755 452 2998 506 biberant
3028 457 3224 520 gentes,
3255 455 3469 518 propter
3488 448 3584 501 hoc
3617 464 3761 504 com-

2177 555 2333 600 motae
2364 554 2504 598 sunt.
2541 543 2696 598 Sicut
2725 542 2776 597 in
2814 542 2900 597 his
2921 542 3015 611 qui
3046 540 3238 594 bibunt
3263 540 3426 596 istum
3451 542 3545 610 qui
3576 541 3630 594 in
3654 555 3758 597 usu

2173 648 2258 694 est
2285 639 2396 692 vini
2424 639 2714 707 liquorem,
2743 637 2785 691 si
2813 652 2977 705 super
3000 635 3145 704 sitim
3172 644 3224 689 et
3249 649 3412 703 super
3442 648 3757 689 mensuram

2173 730 2435 795 biberint,
2471 729 2719 784 videmus
2747 728 2881 781 ebrii
2914 741 3116 798 corpus
3150 736 3361 780 motum
3389 765 3404 789 ,
3441 725 3760 783 vacillantes

2173 824 2358 894 pedes,
2383 831 2547 891 caput
2577 838 2640 876 ac
2663 831 2906 892 tempora
2931 829 3286 890 praegravata,
3310 835 3373 874 os
3400 819 3758 884 dissolutum,

2176 914 2417 983 linguam
2445 912 2844 981 signiﬁcantem
2865 925 3149 964 sermones
3177 908 3313 963 ebrii
3337 917 3390 962 et
3422 907 3762 964 haerentibus

2176 1005 2337 1060 labiis
2367 1003 2532 1058 verba
2574 1002 2799 1071 praecisa
2839 997 3137 1056 :similiter
3178 1008 3262 1054 est
3295 999 3477 1053 videro
3527 1015 3623 1056 eos
3663 1001 3759 1071 qui

2173 1097 2241 1151 de
2270 1096 2438 1151 calice
2460 1109 2630 1148 aureo
2679 1093 2916 1147 biberint
2942 1092 3234 1164 Babylonis
3261 1134 3277 1158 ,
3328 1091 3606 1162 quomodo
3641 1107 3763 1146 mo-

2171 1199 2420 1251 veantur,
2451 1187 2726 1257 quomodo
2764 1186 3046 1242 instabiles
3081 1202 3272 1253 gressu
3305 1186 3438 1250 sint,
3487 1186 3761 1254 quomodo

2171 1279 2452 1334 debilitata
2496 1289 2676 1334 mente
2709 1288 2764 1334 et
2805 1279 3102 1334 ﬂuctuante
3146 1278 3381 1347 cogitatu
3434 1277 3569 1331 nihil
3606 1279 3759 1334 tirmc

2174 1381 2420 1437 teneant,
2447 1371 2539 1427 sed
2567 1386 2782 1440 semper
2812 1371 2865 1424 in
2898 1369 3300 1424 turbationibus
3327 1378 3556 1438 agantur
3582 1368 3760 1423 inccr-

2172 1462 2234 1518 ti.
2267 1461 2633 1528 Quamobrem
2667 1461 2946 1531 Scriptura
2977 1460 3159 1514 divina
3203 1460 3270 1514 de
3314 1458 3622 1514 istiusmodi
3663 1459 3763 1513 ho-

2172 1552 2415 1607 minibus
2447 1551 2499 1606 in
2542 1552 2651 1606 alio
2692 1554 2813 1606 loco
2857 1551 2931 1604 ita
2978 1551 3054 1604 ait
3101 1569 3113 1604 :
3176 1549 3465 1618 Propterea
3511 1549 3760 1602 commoti

2173 1653 2316 1698 sunt.
2349 1642 2769 1714 lnterponamus
2802 1643 3005 1712 aliquid
3042 1642 3307 1713 mysterii,
3341 1641 3471 1712 quid
3514 1641 3581 1696 de
3631 1656 3758 1710 pec-

2174 1741 2360 1787 calore
2404 1733 2618 1787 dicatur
2663 1731 2798 1786 Cain
2839 1731 2906 1783 “.
2957 1729 3094 1785 Cum
3125 1747 3381 1802 egressus
3419 1739 3503 1785 est
3548 1746 3578 1784 a
3625 1729 3762 1785 facie

479 1827 744 1881 tcrimunt
768 1827 1108 1895 dogmatum,
1139 1842 1412 1881 venenum
1445 1827 1568 1882 falsi
1601 1825 1842 1881 nominis
1885 1825 2067 1880 scien-
2101 1815 2144 1869 Β
2174 1822 2290 1889 Dei,
2323 1823 2585 1878 habitavit
2619 1825 2672 1879 in
2705 1833 2847 1878 terra
2879 1821 3015 1878 Naid
3039 1862 3054 1887 ,
3087 1833 3278 1879 contra
3311 1821 3485 1877 Eden.
3529 1821 3665 1878 Naid
3705 1824 3757 1877 in

475 1919 584 1974 tiae.
623 1916 730 1974 Sed
762 1933 916 1974 meus
961 1917 1123 1974 lesus
1169 1927 1362 1973 contra
1394 1917 1554 1985 fecit,
1605 1919 1785 1974 sciens
1836 1933 2066 1972 aureum

473 2011 699 2066 calicem
741 2009 955 2074 Zabuli,
999 2018 1053 2063 et
1088 2025 1404 2078 pnecavcns
1433 2026 1500 2066 ne
1543 2010 1741 2079 aliquis
1779 2010 1847 2064 ad
1904 2009 2068 2068 [idem

479 2116 632 2157 suam
663 2101 908 2167 veniens,
933 2102 1311 2170 suspicaretur
1335 2101 1501 2156 etiam
1525 2100 1728 2156 Christi
1761 2102 1920 2156 talem
1945 2117 2067 2158 esse

474 2190 720 2255 calicem,
747 2191 962 2260 qualem
999 2206 1123 2247 esse
1153 2191 1419 2262 requirat,
1438 2200 1491 2245 et
1523 2207 1622 2261 per
1653 2192 2064 2249 similitudinem

474 2279 721 2335 materiae
750 2277 1072 2336 formidaret
1100 2296 1367 2348 errorem;
1399 2282 1522 2337 ideo
1559 2285 1773 2337 curavit
1805 2293 1864 2336 ut
1893 2284 2064 2338 habe-

474 2385 659 2425 remus
693 2371 1011 2426 thesaurum
1036 2372 1202 2426 istum
1226 2372 1278 2424 in
1301 2373 1449 2426 vasis
1475 2374 1750 2430 ﬁctilibus.
1783 2374 1935 2444 Saepe
1957 2376 2064 2429 vidi

474 2475 703 2514 aureum
755 2461 982 2516 calicem
1029 2461 1083 2515 in
1134 2462 1365 2531 pulchro
1418 2465 1692 2518 sermonis
1743 2475 1971 2530 ornatu,
2009 2475 2065 2520 et

471 2550 790 2623 dogmatum
820 2569 1028 2608 venena
1061 2556 1418 2611 considerans
1455 2556 1789 2626 deprehendi
1835 2560 2062 2615 calicem

469 2641 783 2714 Babylonis.

539 2733 594 2787 8.
626 2734 786 2788 (Julia:
809 2753 1004 2790 aureus
1032 2737 1276 2807 Babylon
1301 2742 1357 2792 in
1383 2756 1543 2794 manu
1593 2739 1711 2795 Dei.
1743 2739 1864 2796 Non
1915 2759 2062 2797 sem-

468 2841 568 2894 per
603 2826 743 2879 calix
771 2842 976 2881 aureus
1026 2826 1290 2898 Babylon.
1336 2829 1472 2884 Cum
1519 2840 1699 2885 autem
1748 2832 1956 2886 venerit
1994 2833 2062 2889 ad

468 2917 791 2982 vindictam,
829 2928 881 2972 et
912 2919 965 2973 in
997 2936 1160 2974 manu
1186 2920 1279 2975 Dei
1321 2921 1496 2990 posita
1531 2921 1723 2990 fuerit,
1767 2933 1898 2979 tunc
1943 2926 2057 2980 elli-

469 3009 615 3061 citur
640 3019 782 3062 terra
812 3026 933 3078 qua:
949 3012 1222 3080 quondam
1250 3021 1394 3066 tacta
1423 3022 1508 3068 est
1541 3015 1594 3067 in
1627 3012 1846 3070 Johatb.
1877 3015 2066 3086 Neque

472 3113 600 3152 vero
631 3098 832 3168 jugiter
867 3100 918 3154 in
960 3117 1124 3156 manu
1175 3102 1265 3157 Dei
1307 3103 1620 3158 continetur
1647 3143 1662 3170 ,
1702 3106 1798 3161 sed
1836 3107 2062 3166 ultiOnis

471 3198 684 3243 tantum
710 3201 969 3259 tempore,
997 3207 1121 3246 cum
1153 3195 1379 3260 ccepcrit
1406 3195 1672 3250 Dominus
1692 3195 1741 3250 ci
1773 3197 2060 3251 restituere

469 3281 619 3347 quod
653 3290 913 3344 meretur,
941 3291 1071 3337 tunc
1100 3285 1153 3337 in
1185 3300 1348 3339 manu
1382 3287 1502 3356 ejus
1527 3288 1808 3342 inebrians
1840 3304 2058 3343 onmem

470 3381 673 3426 terram
712 3373 812 3426 iste
845 3375 981 3427 calix
1027 3391 1230 3431 aureus
1272 3376 1512 3448 Babylon
1559 3378 1869 3433 iuebriahit.
1913 3379 2060 3447 Quo-

470 3461 636 3515 modo
692 3469 874 3516 autem
919 3464 1231 3519 universam
1281 3478 1481 3522 terram
1525 3469 1818 3524 inebriabit
1846 3511 1858 3534 ,
1903 3470 2061 3526 facile

469 3552 634 3617 scies,
661 3553 708 3607 si
741 3555 1176 3612 consideraveris
1205 3575 1392 3614 omne‘
1423 3561 1672 3617 homines
1697 3563 1896 3619 ebrios.
1935 3562 2057 3618 Ine-

471 3644 717 3698 biiamur
751 3646 851 3708 ira,
882 3647 1220 3704 inebriamur
1254 3653 1499 3718 tristitia,
1534 3655 1874 3711 inebriamur
1905 3674 2058 3712 men-

469 3746 542 3800 te,
583 3738 902 3796 excedinius
928 3757 1136 3807 amore,
1174 3745 1636 3815 concupiscentiis
1662 3757 1718 3802 et
1761 3765 1898 3803 vana
1943 3750 2060 3820 glo-

469 3830 572 3884 ria.
622 3831 835 3896 Quanta
890 3835 1081 3901 pocula
1127 3839 1544 3908 temperaverit,
1592 3849 1728 3911 quot
1776 3842 2056 3896 inebrian-

469 3931 553 3977 tes
593 3925 896 3991 porrexerit
935 3927 1134 3983 calices
1177 3929 1316 3984 calix
1357 3929 1458 3986 iste
1483 3971 1498 3996 ,
1549 3934 1678 4002 quid
1712 3949 1934 3990 necesse
1976 3942 2060 3992 cst

469 4014 690 4069 dicere?

540 4106 594 4163 9.
637 4106 796 4163 Calia:
819 4125 1010 4163 aureas
1035 4111 1278 4182 Babylon
1309 4114 1578 4168 inebrians
1604 4132 1809 4170 onmem
1838 4127 2056 4170 (errant.

468 4195 855 4252 Animadverte
881 4214 1098 4255 onmem
1140 4211 1340 4257 terram
1387 4205 1601 4272 plenam
1635 4221 1755 4260 esse
1791 4207 2055 4275 peccatis,

467 4301 523 4344 et
553 4306 660 4345 nou
712 4309 924 4362 quaeres
975 4295 1254 4364 quomodo
1303 4295 1542 4368 Babylon
1591 4313 1808 4352 omnem
1855 4308 2057 4354 terram

471 4383 838 4438 inebriaverit.
873 4384 977 4438 Sed
1011 4387 1056 4440 si
1092 4388 1234 4442 forte
1273 4399 1324 4443 te
1364 4390 1562 4445 videris
1597 4391 1820 4459 justum.
1844 4391 2056 4445 ebrium

2170 1914 2357 1969 Graeca
2417 1915 2601 1986 lingua
2655 1915 3044 1985 interpretatur
3099 1916 3422 1972 commotio.
3466 1916 3568 1981 Qui
3615 1915 3760 1970 enim

2170 2007 2497 2077 derelinquit
2533 2007 2727 2073 Deum,
2754 2007 2846 2075 qui
2869 2007 3064 2064 deserit
3095 2024 3317 2064 sensum
3353 2009 3419 2064 de
3452 2025 3518 2064 eo
3559 2009 3763 2079 iugiter

2170 2098 2466 2168 cogitandi,
2498 2098 2599 2153 iste
2623 2099 2676 2152 in
2710 2108 2852 2152 terra
2869 2096 3003 2152 Naid
3028 2099 3297 2169 hodieque
3317 2099 3548 2166 habitat,
3575 2099 3624 2152 id
3649 2108 3756 2160 est,

2170 2189 2228 2246 in
2259 2189 2611 2246 tribulatione
2658 2192 2783 2246 mali
2829 2192 3011 2248 cordis
3055 2199 3110 2247 et
3158 2190 3358 2246 ruentis
3392 2189 3762 2248 conunotionc

2169 2282 2442 2338 consistit.

2243 2374 2326 2428 ll.
2358 2373 2614 2427 Bibrrunt
2663 2382 2861 2444 gentes,
2895 2385 3171 2443 propterea
3216 2385 3490 2427 commota:
3523 2383 3668 2438 sunt,
3710 2381 3761 2427 et

2166 2468 2341 2522 subito
2362 2467 2551 2520 cecidit
2578 2467 2843 2534 Babylon,
2874 2478 2921 2519 et
2949 2468 3178 2521 contrita
3203 2477 3299 2520 est.
3332 2466 3564 2532 Quando
3580 2467 3711 2520 dicit
3739 2489 3754 2521 ;

2164 2557 2391 2626 Repente
2421 2559 2610 2611 cecidit
2638 2558 2911 2627 Babylon,
2959 2559 3175 2612 videtur
3212 2559 3344 2612 mihi
3381 2557 3760 2627 proplictizare

2165 2651 2700 2705 consummationem
2737 2649 2926 2703 mundi
2964 2650 3146 2704 subito
3181 2649 3442 2703 futuram.
3471 2647 3758 2715 Quomodo

2164 2743 2309 2797 enim
2344 2741 2540 2796 diebus
2575 2741 2766 2795 diiuvii
2797 2741 3160 2796 cozuedebant
3184 2750 3237 2795 et
3267 2740 3562 2804 bibebant,
3608 2757 3760 2795 eme-

2165 2835 2297 2889 bant
2323 2843 2378 2889 et
2409 2835 2729 2898 vendebant,
2758 2833 3072 2903 plantabant
3100 2842 3155 2887 et
3187 2833 3550 2897 :editicabant,
3585 2835 3760 2890 donec

2166 2929 2374 2982 veniret
2408 2927 2696 2988 diluvium,
2731 2935 2785 2979 ct
2824 2925 2945 2979 tulit
2987 2939 3178 2979 omnes
3209 2965 3224 2989 ,
3275 2933 3328 2979 et
3381 2923 3558 2979 subito
3609 2925 3760 2979 venit

2167 3017 2479 3080 inundatio,
2514 3017 2767 3071 similiter
2795 3026 2978 3070 autem
3004 3023 3058 3069 et
3093 3013 3145 3067 in
3174 3014 3368 3068 diebus
3404 3011 3544 3080 Lot;
3590 3014 3671 3069 sic
3708 3024 3764 3069 et

2167 3109 2574 3165 consummatio
2623 3108 2811 3162 mundi
2852 3123 2958 3160 non
2999 3123 3094 3176 per
3134 3114 3316 3176 partes
3356 3105 3483 3166 ﬁet.
3539 3106 3630 3160 sed
3676 3122 3762 3160 rc-

2164 3211 2342 3273 pente.
2380 3201 2518 3257 Huic
2553 3200 2943 3257 conferendum
2979 3200 3292 3254 existimato
3336 3200 3386 3254 id
3432 3199 3573 3269 quod
3615 3199 3757 3253 scri-

2162 3303 2314 3365 ptum
2347 3303 2431 3350 est
2462 3294 2514 3347 in
2540 3291 2669 3348 Jesu
2698 3291 2864 3356 Nave,
2906 3291 3130 3362 quando
3176 3306 3205 3344 a
3257 3306 3388 3345 voce
3425 3290 3541 3344 sola
3584 3290 3753 3354 tubai,

2161 3384 2376 3441 Jericho
2418 3386 2612 3441 civitas
2649 3399 2912 3439 corruens
2961 3383 3148 3438 subito
3191 3382 3476 3450 disperiit;
3515 3390 3567 3434 et
3594 3380 3755 3450 juxta

2164 3479 2306 3534 hanc
2331 3477 2744 3532 similitudinem
2774 3475 3103 3545 Babylonem
3139 3488 3357 3543 quoque
3401 3473 3454 3526 in
3492 3487 3754 3526 consum-

2163 3571 2404 3628 matione
2437 3569 2620 3624 smculi
2649 3583 2900 3624 casuram
2929 3583 3050 3623 esse
3075 3608 3090 3632 ,
3141 3574 3193 3620 et
3239 3563 3420 3617 subito
3460 3573 3748 3618 conteren-

2163 3661 2312 3716 dain.
2344 3660 2410 3714 Et
2440 3667 2552 3715 hzec
2583 3661 2802 3730 quidem
2831 3661 2898 3715 de
2930 3655 3404 3716 consummatione
3431 3656 3574 3710 dicta
3619 3657 3750 3711 sint.

2166 3752 2223 3806 Si
2257 3768 2385 3808 vero
2409 3753 2622 3808 veneris
2649 3752 2714 3806 ad
2743 3753 3037 3806 adventum
3068 3749 3284 3804 Domini
3313 3749 3416 3803 mei
3439 3747 3566 3802 Jesu
3595 3747 3754 3802 Chri-

2163 3845 2254 3911 sti,
2292 3852 2343 3898 et
2371 3843 2572 3898 videris
2607 3843 2728 3912 ejus
2755 3858 3012 3913 magnum
3043 3857 3203 3912 opus,
3229 3843 3506 3910 quomodo
3536 3841 3754 3895 subver-

2163 3935 2288 3998 terit
2319 3934 2503 3989 omnia
2537 3934 2780 4006 gentium
2813 3933 2879 3986 de
2915 3933 3077 3988 idolis
3106 3933 3382 4002 dogmata,
3426 3943 3483 3987 ut
3523 3931 3750 3986 creden-

2163 4033 2243 4080 tes
2273 4025 2338 4080 de
2367 4025 2572 4081 erroris
2593 4025 2855 4079 eximeret
2877 4029 3032 4093 jugo,
3071 4023 3337 4093 intelliges
3362 4023 3489 4092 quia
3518 4023 3569 4076 in
3605 4033 3748 4077 tein-

2162 4130 2295 4186 pore
2328 4114 2602 4185 passionis
2640 4115 2761 4185 ejus
2813 4111 3055 4185 Babylon
3097 4114 3369 4182 extemplo
3405 4113 3654 4174 corruit,
3699 4121 3754 4166 et

2162 4208 2398 4262 contrita
2445 4219 2547 4262 est.
2601 4205 2994 4275 Unusquisque
3041 4214 3287 4258 nostrum
3336 4203 3644 4258 consideret
3693 4219 3754 4258 se

2163 4300 2366 4370 ipsum,
2398 4309 2453 4354 et
2487 4299 2890 4353 animadvertat
2925 4296 3254 4366 Babylonem
3287 4295 3338 4348 in
3391 4310 3491 4348 suo
3534 4305 3753 4365 pectore

2162 4389 2455 4444 corruisse.
2491 4387 2546 4442 Si
2572 4396 2752 4442 autem
2781 4395 2834 4440 et
2869 4385 2920 4439 in
2949 4383 3182 4452 alicujus
3212 4382 3378 4438 corde
3411 4397 3517 4436 non
3553 4381 3752 4436 cecidit

471 4487 580 4526 non
613 4489 736 4528 esse
761 4475 826 4528 de
851 4477 1020 4531 calice
1049 4488 1419 4546 peccatorum,
1449 4482 1558 4535 noli
1595 4491 1785 4551 putare
1807 4481 2054 4551 Scriptu-
2089 4493 2133 4546 ι)
2165 4480 2356 4536 civitas
2390 4479 2752 4543 confusionis,
2794 4477 2920 4532 huic
2947 4476 3202 4531 Christus
3244 4472 3474 4529 necdum
3507 4475 3746 4531 advenit.

471 4581 588 4620 ram
613 4581 734 4621 esse
759 4568 1036 4622 mentitam
1053 4586 1177 4638 qua:
1194 4571 1412 4637 dixerit,
1436 4573 1703 4626 inebrians
1725 4589 1928 4626 onmem
1953 4582 2061 4627 ler-

470 4673 609 4721 ram,
626 4675 750 4714 cum
767 4659 867 4715 istc
881 4677 987 4715 non
1003 4663 1244 4718 rbrietur
1259 4682 1288 4720 a
1304 4665 1597 4734 Babylone,
1613 4674 1667 4719 et
1681 4675 1858 4719 tamen
1877 4665 2057 4722 consi—

471 4759 579 4806 stat
605 4752 658 4805 in
685 4762 848 4807 terra.
876 4754 1015 4808 Audi
1045 4756 1172 4825 quia
1195 4757 1380 4826 justus
1403 4773 1513 4812 non
1539 4758 1610 4812 sit
1629 4766 1796 4811 terra.
1823 4757 2052 4813 Omnem

471 4852 672 4898 terram
707 4844 939 4900 inebriat
971 4847 1112 4901 calix
1146 4848 1246 4902 iste
1273 4863 1496 4904 aureus.
1519 4848 1714 4906 Justus
1754 4867 1882 4905 vero
1928 4865 2054 4904 cum

470 4939 545 4994 sit
573 4953 735 5007 super
774 4949 1008 5007 terram,
1062 4942 1532 4999 conversationem
1581 4944 1633 4998 in
1671 4944 1826 5002 cmlis
1866 4944 2050 5006 habet.

469 5030 537 5088 Et
575 5039 794 5101 propter
833 5033 937 5089 hoc
966 5049 1074 5088 non
1105 5037 1359 5091 convenit
1391 5037 1619 5092 ulterius
1647 5037 1797 5106 justo
1819 5036 1927 5092 dici
1951 5037 1996 5069 “
2037 5054 2050 5091 :

473 5123 637 5179 Terra
657 5141 733 5191 es,
771 5135 819 5180 et
843 5127 898 5180 in
921 5138 1119 5182 terram
1143 5128 1264 5182 ibis.
1297 5127 1400 5184 Sed
1433 5145 1657 5184 necesse
1680 5139 1764 5184 est
1793 5130 2054 5185 audenter

469 5217 641 5287 loqui,
675 5217 806 5272 dicit
840 5218 990 5288 justo
1018 5218 1162 5274 Deus
1187 5221 1367 5276 adhuc
1399 5223 1717 5278 consistenti
1754 5239 1917 5293 super
1945 5232 2051 5278 ter-

469 5323 586 5366 ram
635 5326 649 5362 :
688 5308 898 5364 Caelum
941 5325 1023 5373 es,
1059 5311 1199 5365 etin
1252 5313 1449 5368 etclam
1501 5312 1626 5367 ibis.
1683 5310 1872 5366 Portat
1904 5311 2050 5366 enim

470 5400 761 5472 imaginem
806 5405 1065 5460 caelestis.
1101 5407 1273 5476 Igitur
1299 5415 1358 5462 ut
1391 5406 1736 5471 concludam,
1780 5405 1920 5460 calix
1955 5419 2054 5456 au-

473 5508 600 5548 reus
635 5494 866 5550 inebriat
890 5512 1108 5552 onmem
1139 5509 1361 5563 terram,
1393 5499 1444 5553 id
1489 5508 1602 5562 est,
1649 5511 1843 5551 omnes
1882 5495 1949 5550 ab
1987 5510 2053 5550 eo

473 5584 804 5639 inebriamur
831 5589 1072 5658 quandiu
1115 5601 1255 5645 terra
1293 5608 1500 5647 sumus.

509 5698 553 5730 ⁶²
604 5699 736 5758 (ira.
772 5719 854 5767 Ill,
889 5705 973 5759 l9.
1055 5708 1097 5738 "
1126 5708 1235 5764 Gen
1293 5725 1363 5762 Iv.
1444 5709 1487 5739 °"
1516 5707 1714 5762 .lcrcm.
1741 5723 1811 5770 ιι,
1845 5709 1900 5764 8.

2171 4574 2428 4628 Veniente
2453 4572 2652 4642 quippe
2679 4587 2764 4635 eo,
2793 4569 3033 4641 Babylon
3086 4585 3242 4624 rttere
3275 4571 3574 4624 consuevit.
3615 4567 3750 4623 Pro-

2163 4674 2284 4736 pter
2320 4665 2525 4730 hoc,ad
2543 4664 2853 4719 orationum
2892 4663 3144 4739 priesidia
3173 4664 3568 4732 confugientes,
3586 4665 3751 4733 petite

2164 4771 2224 4816 ut
2239 4760 2421 4814 veniat
2443 4757 2600 4814 Jesus
2615 4758 2666 4811 in
2684 4758 2848 4812 corda
2867 4765 3067 4819 vestra,
3086 4765 3140 4809 et
3161 4753 3746 4825 conteratBabylonem

2161 4860 2215 4906 ct
2247 4850 2413 4905 faciat
2444 4865 2602 4904 ruere
2626 4863 2842 4902 omnem
2877 4847 3139 4902 malitiam
3171 4845 3313 4914 ejus,
3363 4855 3416 4897 et
3459 4843 3747 4900 rctedilicet

2161 4957 2260 5018 pro
2285 4941 2370 4996 his
2398 4955 2520 5011 qum
2549 4939 2809 4995 subversa
2831 4947 3093 5006 sunt,pro
3129 4935 3401 5003 Babylone
3421 4949 3542 5004 qua:
3571 4933 3747 4990 luerat

2160 5041 2286 5088 ante
2316 5039 2654 5095 constructa,
2681 5029 2733 5083 in
2770 5030 2887 5099 ipso
2914 5027 3203 5098 principali
3241 5027 3422 5082 cordis
3448 5027 3634 5094 vestri,
3657 5023 3740 5080 Je-

2159 5126 2397 5180 rusalem
2424 5123 2697 5179 civitatem
2720 5132 2964 5178 sanctam
2999 5119 3114 5175 Dei.

2231 5218 2315 5272 1‘2.
2358 5213 2606 5286 I’langite
2632 5231 2770 5280 eam,
2801 5224 2848 5269 et
2873 5213 3100 5282 accipite
3136 5212 3363 5266 resinam
3393 5210 3741 5281 correptionis

2159 5311 2294 5380 ejus,
2324 5311 2369 5364 si
2397 5327 2498 5380 quo
2520 5309 2672 5362 modo
2704 5307 2981 5362 sanabitur
3005 5307 3071 5360 “.
3099 5305 3367 5375 Plangite,
3395 5305 3490 5368 ait,
3515 5303 3744 5373 Babylo-

2162 5418 2307 5457 nem.
2342 5401 2544 5457 Deinde
2571 5402 2698 5472 quia
2727 5400 2907 5454 omnis
2940 5399 3122 5454 anima
3157 5398 3400 5467 recipere
3428 5404 3606 5466 potest
3653 5410 3743 5451 sa-

2163 5493 2354 5558 lutem,
2383 5503 2435 5547 et
2467 5509 2642 5562 neque
2671 5509 2776 5547 una
2814 5492 2954 5562 apud
2983 5491 3154 5546 Deum
3177 5500 3259 5548 est
3284 5491 3630 5556 insanabilis,
3657 5489 3740 5544 id-

2163 5587 2312 5642 circo
2338 5587 2627 5642 consilium
2657 5587 2750 5642 dat
2777 5587 2862 5642 bis
2897 5586 2988 5655 qui
3017 5594 3245 5656 possunt
3274 5584 3657 5653 transniigrare
3682 5581 3740 5638 in
