4122 6474
398 377 495 440 541

1504 374 1572 429 ΙΝ
1619 372 1970 430 JEREMIAM
2010 375 2299 436 llOMlLlA
2340 377 2561 434 XXXIX

3568 379 3676 453 ate

390 490 693 552 Jerusalem
714 491 780 547 ad
799 490 1190 556 testimonium,
1210 487 1408 543 habere
1430 486 1666 543 resinam
1692 486 1758 542 ad
1779 487 1989 556 empla-
2017 496 2063 553 Α
2096 492 2423 548 medicinam
2476 488 2841 562 imposuimus
2862 529 2878 553 ,
2927 491 3158 545 multum
3209 498 3503 547 contumax
3549 502 3673 562 est,

392 598 510 641 atra
528 582 796 651 facienda,
814 592 872 638 ut
889 592 1172 651 assumant
1197 577 1581 645 medicamina,
1600 589 1654 633 et
1670 588 1876 648 quanto
1895 594 1989 633 va-

395 676 509 730 lent
522 673 951 738 studio,sanitati
967 667 1738 742 restituantBabylonem.Hoc
1749 669 1990 739 experia-

396 782 521 821 mur
540 774 709 820 etnos
726 765 928 831 facere,
954 766 1307 835 deprecantes
1334 762 1523 828 Deum,
1542 762 1704 818 utdet
1722 763 1878 818 nobis
1904 777 1989 818 re.

399 855 577 910 sinam
597 853 760 925 235
791 854 1193 920 rationabilem,
1211 861 1266 908 et
1285 853 1351 907 de
1368 851 1676 907 rationabili
1700 852 1879 907 resina
1897 852 1986 906 di-

400 962 619 1002 scamus
644 948 695 1001 ei
731 945 1002 1018 malagma
1029 946 1327 1016 imponere,
1352 952 1406 999 et
1436 944 1617 1000 oleum
1654 953 1708 999 et
1737 944 1987 1015 alligatu-

397 1054 509 1102 ras,
526 1046 581 1093 et
605 1039 947 1108 imponentes
975 1039 1262 1108 alligemus
1282 1038 1510 1091 vulnera
1525 1035 1839 1108 Babylonis,
1863 1036 1988 1090 imi-

396 1137 576 1185 tantes
603 1128 1030 1197 Samaritanum,
1054 1138 1108 1185 et
1123 1137 1347 1185 sanetur
1363 1129 1563 1184 misera
1579 1129 1792 1192 civitas,
1814 1137 1868 1184 et
1890 1143 1989 1183 cu-

400 1227 517 1273 rata
556 1219 771 1274 desinat
805 1234 930 1275 esse
972 1219 1122 1289 quod
1171 1219 1366 1274 fuerat.
1416 1218 1566 1276 Istud
1606 1228 1691 1275 est
1726 1219 1871 1290 quod
1909 1219 1988 1274 ait

399 1313 647 1382 accipere
692 1315 930 1369 resinam
987 1316 1352 1384 correptionis
1407 1316 1558 1385 ejus,
1602 1315 1647 1370 si
1688 1330 1799 1384 quo
1824 1314 1987 1369 modo

402 1404 707 1460 sanabitur.
743 1403 846 1460 Ubi
876 1416 1006 1461 sunt
1031 1407 1311 1463 haeretici?
1353 1406 1453 1463 Ubi
1480 1417 1611 1462 sunt
1636 1408 1730 1478 qui
1760 1416 1986 1463 naturas

398 1495 665 1566 quasdam
697 1497 1127 1566 introducentes,
1160 1508 1417 1555 asserunt
1453 1513 1576 1554 esse
1604 1506 1857 1553 naturam
1886 1498 1986 1553 de~

400 1587 725 1655 sperabilem
774 1603 896 1658 qum
932 1590 1151 1659 penitus
1192 1605 1303 1645 non
1341 1588 1571 1659 recipiat
1609 1582 1882 1644 salutem?
1926 1588 1986 1645 Si

398 1684 483 1730 est
512 1685 706 1732 natura
746 1694 870 1750 qua:
902 1689 1111 1750 pereat,
1146 1696 1269 1752 quae
1292 1681 1396 1737 alia
1431 1680 1557 1735 talis
1585 1679 1691 1735 erit
1720 1688 1777 1735 ut
1806 1680 1985 1752 Baby-

399 1760 806 1823 lon?Attamen
839 1785 1016 1839 neque
1045 1771 1206 1827 istam
1259 1771 1491 1840 despicit
1530 1770 1695 1826 Deus.
1733 1769 1987 1841 Praecipit

394 1857 543 1910 enim
588 1859 817 1914 medicis
859 1858 1042 1926 Deus,
1092 1873 1153 1916 ut
1194 1862 1468 1930 accipiant
1514 1862 1756 1916 resinam
1821 1878 1987 1933 super

398 1947 773 2019 Babylonem,
824 1951 870 2004 si
915 1968 1025 2022 quo
1050 1954 1216 2008 modo
1239 1966 1482 2010 sanetur.
1539 1954 1773 2021 Quidam
1822 1954 1988 2028 igitur

394 2054 587 2095 eorum
616 2042 711 2111 qui
751 2044 1069 2100 mandatum
1102 2055 1446 2117 acceperant,
1489 2046 1822 2118 accipientes
1849 2049 1988 2105 resi-

398 2146 523 2184 nam
577 2134 904 2204 correptioni
940 2135 1262 2209 Babylonis,
1301 2140 1346 2196 si
1392 2156 1501 2212 quo
1524 2141 1689 2196 modo
1739 2150 1983 2212 sanetur,

399 2218 645 2279 fecerunt
680 2227 825 2295 quod
863 2225 1041 2284 fuerat
1076 2229 1400 2301 imperatum
1422 2274 1438 2300 ,
1487 2242 1809 2304 receperunt
1843 2235 1987 2290 resi-

396 2332 524 2373 nam
555 2318 627 2375 ad
655 2323 1057 2392 correptionem
1095 2325 1237 2396 ejus,
1272 2327 1562 2385 audientes
1585 2345 1748 2398 posse
1772 2329 1889 2385 ﬁeri
1926 2340 1988 2387 ut

393 2406 637 2483 Babylon
674 2419 943 2485 reciperet
968 2418 1283 2475 sanitatem.
1315 2419 1381 2475 Et
1418 2423 1547 2493 quia
1581 2423 1727 2494 quod
1757 2433 1986 2494 putave-

394 2514 525 2558 runt
566 2521 673 2560 non
722 2508 1022 2566 eﬂ‘ecerunt
1055 2531 1069 2567 :
1108 2511 1350 2585 Babylon
1403 2517 1607 2586 quippe
1650 2516 1707 2572 in
1753 2518 1984 2588 pristina

392 2596 600 2651 malitia
630 2614 1010 2669 perseverans,
1062 2604 1239 2660 noluit
1282 2622 1341 2662 se
1383 2610 1609 2663 curari:
1639 2609 1987 2667 satisfaciunt

392 2686 525 2741 boni
574 2690 794 2758 medici,
833 2702 888 2747 et
937 2692 1129 2750 dicunt
1151 2697 1236 2752 ":
1276 2696 1593 2754 Curaoimus
1636 2701 1982 2773 Babylonem,

391 2789 442 2833 et
486 2796 587 2835 non
629 2791 705 2836 est
747 2794 962 2840 sanata.
1010 2784 1389 2859 Relinquantus
1421 2808 1560 2846 eam.
1593 2792 1731 2850 Vide
1774 2805 1981 2864 autem,

394 2870 581 2938 homo,
614 2876 908 2943 nequando
939 2878 1146 2949 angelis
1176 2882 1459 2952 prmcipiat
1481 2883 1645 2953 Deus,
1680 2896 1738 2943 ut
1760 2888 1829 2944 ad
1862 2889 1984 2944 lan-

392 2977 619 3029 guorem
654 2966 851 3022 anima:
890 2978 997 3026 tuae
1042 2972 1469 3031 medicaminum
1511 2980 1806 3049 emplastra
1849 2997 1984 3039 con-

394 3053 600 3122 ticiant,
629 3057 675 3111 si
718 3074 828 3128 quo
865 3062 1029 3116 modo
1067 3064 1248 3133 possis
1295 3066 1363 3120 ab
1395 3070 1748 3138 aegrotatione
1773 3072 1978 3140 sanari,

390 3158 445 3204 et
475 3149 841 3243 respondeant
872 3152 1083 3224 angeli:
1105 3154 1420 3212 Curavimus
1441 3159 1786 3230 Babylonem,
1817 3163 1979 3219 istam
2008 3184 2051 3243 ο

393 3240 742 3296 ostendentes
773 3258 803 3296 a
834 3245 1189 3312 passionibus
1216 3248 1504 3305 Confusam
1529 3253 1769 3308 animam
1800 3265 1975 3323 tuam,

391 3335 441 3382 et
476 3346 580 3383 non
606 3341 682 3386 est
718 3345 930 3391 sanata.
962 3336 1079 3392 Non
1115 3338 1399 3395 scientiam
1439 3343 1574 3399 artis
1620 3360 1756 3409 suae,
1799 3361 1979 3417 neque

396 3420 593 3477 resina:
614 3424 723 3478 vim
747 3426 1134 3498 criminantur,
1152 3431 1247 3486 sed
1272 3440 1327 3487 te
1356 3436 1448 3503 qui
1474 3437 1762 3506 praeceptis
1784 3453 1978 3495 eorum

391 3513 622 3585 obsequi
656 3517 909 3587 noluisti,
943 3520 1229 3579 dicentes:
1263 3523 1578 3582 Curauimus
1619 3528 1975 3600 Babylonem,

391 3616 440 3660 et
475 3624 578 3661 non
602 3617 679 3662 est
711 3622 924 3665 sanata.
957 3612 1341 3686 Relinquamus
1367 3635 1500 3675 eam.
1556 3621 1833 3678 Steterunt
1860 3639 1980 3680 me-

391 3695 499 3751 dici
532 3697 634 3754 sub
669 3717 867 3773 magno
899 3702 1116 3762 medico
1146 3710 1325 3779 angeli
1364 3709 1480 3777 Dei,
1508 3713 1752 3769 volentes
1785 3732 1995 3772 curare-

393 3787 796 3849 itubccillitates
828 3805 1069 3863 nostras,
1102 3799 1348 3856 volentes
1382 3803 1623 3859 animam
1651 3805 1886 3863 liberare
1911 3809 1980 3863 de

390 3881 563 3948 vitiis,
610 3885 708 3939 sed
751 3901 851 3941 nos
889 3887 995 3957 ipsi
1040 3890 1356 3959 repellimus
1393 3909 1509 3962 eos,
1551 3897 1682 3951 dum
1737 3901 1983 3958 consiliis

390 3987 582 4030 eorum
631 3993 741 4033 non
786 3980 1213 4050 acquiescimus.
1255 3984 1449 4041 Vident
1492 4003 1552 4042 se
1594 4004 1818 4059 operam
1861 4008 1983 4062 per-

390 4064 541 4133 dere,
576 4083 700 4124 cum
731 4069 1032 4141 loquuntur
1066 4075 1323 4144 invicem,
1351 4087 1407 4133 et
1438 4079 1667 4135 dicunt:
1694 4080 1984 4153 Relinqua-

392 4175 510 4214 mus
537 4177 674 4228 eam,
705 4171 753 4217 et
787 4163 1035 4222 abeamus
1065 4172 1425 4242 unusquisque
1470 4173 1527 4227 in
1576 4182 1774 4230 terram
1803 4193 1978 4233 suam.

391 4247 507 4306 Hoc
536 4261 640 4319 est,
669 4256 871 4312 credita
906 4260 1064 4316 nobis
1102 4271 1187 4317 est
1222 4279 1251 4316 a
1295 4262 1408 4318 Deo
1438 4265 1728 4330 medicina,
1763 4280 1823 4323 ut
1855 4269 1976 4323 ani-

389 4357 535 4403 mam
556 4361 880 4405 curat-emus
899 4350 1216 4421 humanam;
1244 4353 1597 4411 adhibuimus
1612 4357 1972 4428 adjutorium,

795 4466 890 4521 ΕΚ
924 4468 1060 4521 ΤΗΣ
1096 4470 1198 4524 ΛΘ¹
1242 4472 1532 4527 ΟΜΙΛΙΑΣ

384 4575 620 4655 Tibur-sig
653 4580 746 4634 τὸν
805 4580 1077 4655 Ἱερεμίαν
1133 4583 1529 4655 Ἐξηγητικῶν
1584 4589 1668 4652 εἰς
1713 4589 1803 4643 τό*
1852 4593 1973 4647 Οὐκ

457 4646 721 4787 gzgazo
738 4646 959 4721 Κύριος(
977 4651 1179 4722 φέρειν
1332 4646 1664 4726 ἀροσώποιῖ
1682 4646 1974 4730 πονηρίας

469 4830 594 4885 Ἐάν
634 4850 765 4888 ποτε
812 4836 1203 4905 ἀναγινώσκων
1240 4839 1336 4911 τὴν
1386 4840 1611 4913 Γραφὴν
1651 4844 1972 4915 προσκόψῃς

385 4924 617 4995 νοήματι
649 4924 763 4980 ὅντί
782 4927 955 4999 καλῷ,
992 4929 1126 5001 λίθῳ
1156 4929 1215 4983 δὲ
1246 4933 1674 5004 προσκόμματος
1695 4974 1710 4999 ,
1743 4935 1839 4989 καὶ
1871 4935 1973 4988 πέ-

382 5032 492 5088 τρᾳ
538 5018 859 5082 σκανδάλου,
906 5020 1066 5074 αἰτιῶ
1119 5022 1315 5075 σαυτόν
1336 5039 1349 5053 ·
1382 5022 1459 5095 μὴ
1506 5025 1814 5098 ἀπελπίσῃς
1863 5027 1972 5099 γὰρ

382 5107 478 5162 τὸν
508 5107 652 5162 λίθον
679 5109 867 5164 τοῦτον
893 5111 987 5166 τοῦ
1024 5112 1451 5185 προσκόμματος
1492 5117 1587 5169 καὶ
1616 5117 1718 5190 τὴν
1761 5116 1970 5190 πέτραν

382 5200 479 5255 τοῦ
521 5202 821 5257 σκανδάλου
854 5203 998 5276 ἔχειν
1032 5208 1283 5278 νοήματα
1302 5248 1316 5274 ,
1369 5206 1497 5261 ὥστ’
1537 5208 1603 5262 ἂν
1629 5209 1885 5278 γενέσθαι
1907 5211 1968 5264 τὸ

380 5294 700 5366 εἰρημένον·
740 5297 852 5351 Kal
888 5301 922 5352 ό
960 5300 1266 5354 πιστεύων
1326 5302 1400 5356 οὐ
1444 5302 1971 5372 καταισχυνθήσε-

381 5401 497 5439 ται.
535 5386 835 5442 Πίστευσον
854 5388 1093 5460 πρῶτον,
1123 5391 1220 5445 καὶ
1250 5392 1503 5464 εὑρήσεις
1537 5393 1643 5447 ὑπὸ
1664 5394 1725 5448 τὸ
1753 5394 1970 5465 νομιζό-

385 5493 549 5546 μενον
602 5478 896 5535 σκάνδαλον
941 5483 1142 5555 πολλὴν
1188 5483 1457 5554 ὠφέλειαν
1507 5487 1689 5555 ἁγίαν.
1752 5488 1815 5541 Εἰ
1856 5487 1967 5559 γὰρ

382 5570 545 5639 ἡμεῖς
570 5571 787 5642 ἐντολὴν
822 5572 1090 5645 ἐλάϐομεν
1119 5575 1197 5649 μὴ
1232 5576 1411 5646 λέγειν
1447 5578 1599 5650 ῥῆμα
1640 5578 1839 5651 άργδν,
1890 5580 1967 5644 ὡς

379 5657 645 5727 δώσοντες
677 5663 807 5733 περὶ⁵
834 5664 999 5719 αὑτοῦ
1023 5666 1180 5737 λόγον
1212 5669 1272 5722 ὲν
1320 5670 1505 5742 ἡμέρᾳ
1546 5668 1783 5741 κρίσεως
1806 5708 1822 5734 ,
1873 5673 1969 5724 καὶ

457 5796 505 5831 ³³
542 5800 743 5860 Jercm.
797 5819 870 5874 ιι,
916 5806 968 5861 9.
1046 5809 1090 5841 ⁸⁸
1118 5810 1254 5867 ibid.
1333 5814 1376 5844 ⁶⁷
1416 5813 1547 5870 ibid.

1630 5815 1673 5845 ’³⁸
1698 5813 1899 5871 Jercm.
1947 5833 2091 5884 κων,
2134 5817 2224 5872 9.2.

2090 598 2200 637 non
2224 586 2340 639 vult
2365 585 2658 640 observare
2683 585 2829 654 quod
2860 583 3118 647 dicimus,
3151 584 3394 638 studium
3424 592 3672 639 nostrum

2089 690 2198 731 non
2237 677 2486 747 sequitur
2512 675 2759 733 elfectus.
2787 674 3168 746 Relinquamus
3190 690 3328 739 eam,
3347 684 3396 730 et
3423 675 3673 730 abeamus

2089 769 2448 838 unusquisque
2485 769 2542 821 in
2586 780 2781 823 terram
2818 784 3002 832 suam,
3051 765 3105 821 id
3147 775 3264 832 est,
3313 767 3672 822 domesticum

2090 859 2269 914 locum
2301 868 2357 914 et
2384 860 2687 930 proprium.
2717 858 2886 927 Cave,
2934 860 3123 925 homo,
3170 858 3465 929 nequando
3511 858 3678 912 relin-

2091 960 2225 1021 quat
2251 959 2303 1005 te
2328 951 2596 1015 medicus,
2630 950 2746 1005 sive
2789 950 3015 1021 angelus
3054 949 3172 1017 Dei,
3211 949 3327 1005 sive
3360 948 3675 1019 quicunque

2089 1044 2401 1107 hominum,
2428 1043 2516 1099 cui
2542 1043 2748 1098 credita
2772 1050 2856 1097 est
2878 1059 3010 1098 cura
3042 1058 3358 1097 sermonum
3387 1041 3456 1096 ad
3480 1041 3676 1096 salutis

2089 1134 2421 1190 medicinam
2475 1132 2851 1189 deferendam.
2898 1132 2954 1186 Si
3003 1132 3149 1188 enim
3193 1140 3246 1185 te
3287 1129 3678 1201 dercliquerint

2088 1237 2141 1283 et
2170 1227 2408 1282 dixerint
2424 1227 2469 1259 “
2495 1244 2509 1281 :
2530 1226 2791 1281 Abeamus
2819 1226 3179 1293 unusquisque
3203 1223 3259 1275 in
3285 1231 3481 1277 terram
3500 1236 3675 1288 suam,

2087 1318 2212 1388 quia
2246 1318 2684 1388 appropinquavit
2716 1317 2773 1370 in
2803 1316 2992 1372 calum
3017 1315 3286 1384 judicium
3314 1314 3460 1382 ejus;
3502 1313 3678 1367 mani-

2087 1409 2286 1466 festum
2318 1420 2401 1465 est
2435 1411 2565 1481 quia
2596 1409 2881 1467 abscessio
2926 1423 3120 1466 eorum
3161 1406 3548 1462 condemnatio
3582 1413 3677 1460 tua

2088 1503 2180 1570 sit,
2212 1513 2271 1558 ut
2304 1504 2745 1563 irrcmediabilis.
2773 1502 3121 1573 nolentisque
3148 1499 3353 1556 curari.
3404 1497 3541 1554 Cum
3577 1512 3680 1551 au-

2087 1598 2195 1645 tem
2233 1599 2286 1645 te
2319 1590 2685 1656 deseruerint,
2717 1588 2851 1659 quid
2881 1588 2978 1644 tibi
3025 1587 3172 1642 aliud
3214 1594 3538 1641 eventurum
3570 1591 3675 1648 ρει,

2089 1678 2196 1733 nisi
2226 1679 2371 1749 quod
2406 1679 2546 1732 solet
2581 1678 2666 1733 his
2715 1678 2965 1734 accidere
3007 1677 3101 1747 qui
3144 1692 3174 1732 a
3214 1676 3441 1733 medicis
3479 1676 3677 1752 despeg

2088 1779 2302 1836 rantur,
2335 1777 2554 1825 utentes
2596 1768 2881 1824 voluntate
2918 1769 3098 1823 morbi
3130 1768 3238 1833 sui,
3278 1777 3338 1822 ut
3376 1768 3444 1822 ad
3491 1766 3677 1836 pejora

2019 1840 2060 1894 Β
2087 1865 2513 1937 demergantur?
2553 1865 2645 1920 Sic
2685 1874 2740 1920 et
2781 1863 2868 1920 his
2901 1864 3152 1921 similiter
3184 1863 3239 1917 in
3279 1861 3678 1931 consuetudine

2087 1959 2249 2015 istius
2293 1958 2417 2013 vitae
2454 1973 2485 2013 a
2523 1957 2885 2029 prudentibus
2930 1955 3180 2012 medicis.
3225 1954 3450 2011 Accedit
3478 1954 3678 2023 aliquis

2086 2068 2276 2109 eorum
2324 2053 2393 2109 ad
2442 2053 2836 2125 languentem:
2884 2059 3151 2122 quantum
3210 2064 3301 2105 ars
3349 2047 3575 2118 patitur,
3624 2053 3680 2100 et

2089 2144 2393 2213 industria,
2447 2144 2812 2201 medicamina
2865 2157 2977 2197 non
3044 2148 3295 2207 cessant;
3349 2137 3444 2193 sed
3487 2136 3534 2191 si
3583 2146 3678 2191 aut

2086 2238 2354 2311 aegritudo
2384 2246 2534 2293 tanta
2560 2238 2653 2305 sit,
2683 2246 2743 2292 ut
2771 2243 3036 2308 repugnet
3076 2231 3372 2298 curationi,
3422 2237 3520 2285 aut
3561 2228 3679 2298 ipse

2087 2331 2363 2386 invalidus
2407 2345 2503 2401 per
2557 2328 2955 2400 impatientiam
3002 2324 3210 2380 doloris
3262 2329 3457 2378 contra
3513 2317 3679 2375 faciat

2086 2440 2251 2497 quam
2301 2423 2547 2494 jubctur,
2595 2421 2859 2491 relinquit
2901 2419 3167 2484 medicus,
3205 2416 3463 2486 desperat
3485 2411 3677 2482 hujus-

2087 2515 2235 2569 modi
2296 2514 2574 2569 hominem
2611 2522 2667 2567 et
2714 2511 2939 2578 recedit,
2992 2525 3062 2564 ne
3109 2510 3252 2563 inter
3305 2520 3504 2562 manus
3546 2518 3678 2558 suas

2085 2607 2375 2675 exspirans
2406 2619 2633 2661 causam
2674 2603 2929 2658 interitus
2961 2600 3082 2671 ejus
3122 2601 3189 2655 ad
3235 2613 3296 2655 se
3340 2603 3676 2665 retorqueat.

2088 2695 2145 2751 Si
2177 2710 2308 2765 ergo
2336 2703 2390 2749 ct
2425 2708 2550 2761 nos,
2580 2708 2649 2748 ne
2688 2692 2746 2745 in
2787 2700 3104 2747 sanctorum
3140 2687 3459 2759 angelorum
3496 2684 3676 2740 mani-

2084 2788 2190 2844 bus
2224 2789 2318 2859 qui
2352 2788 2419 2842 ad
2452 2801 2554 2842 nos
2580 2784 2858 2841 curandos
2889 2799 2921 2838 a
2954 2781 3187 2838 Domino
3230 2777 3488 2836 destinati
3521 2784 3674 2842 sunt,

2085 2878 2421 2942 moriamur,
2485 2874 2805 2944 relinquunt
2872 2886 2973 2925 nos
3023 2869 3376 2939 desperantes
3436 2863 3678 2920 animam

2085 2981 2353 3035 nostram,
2403 2977 2457 3025 et
2501 2968 2657 3023 aiunt
2694 2983 2708 3021 :
2749 2963 2869 3020 Non
2915 2970 3000 3019 est
3053 2963 3324 3031 malagma
3369 2957 3679 3027 imponere,

2084 3069 2263 3134 neque
2287 3062 2491 3125 oleum,
2528 3073 2706 3128 neque
2739 3057 3080 3128 alligaturas,
3119 3053 3247 3123 quia
3281 3048 3678 3119 appropinqua-

2084 3156 2157 3210 vit
2193 3157 2249 3208 in
2292 3151 2479 3207 cazlum
2508 3148 2780 3220 judicmm
2822 3146 2958 3216 ejus,
3007 3154 3055 3203 et
3101 3142 3355 3197 eleuatum
3395 3148 3472 3193 est
3514 3151 3675 3209 usque

2086 3248 2154 3302 nd
2186 3256 2333 3300 astra
2359 3246 2424 3299 ".
2451 3244 2554 3311 Qui
2582 3256 2809 3313 parvum
2841 3239 3003 3294 habet
3028 3244 3334 3307 peccatum,
3368 3247 3476 3287 non
3502 3241 3676 3300 usque

2086 3340 2153 3393 ad
2176 3338 2376 3394 caelum
2400 3348 2457 3392 et
2484 3336 2664 3391 sidera
2687 3331 2958 3405 judicium
2981 3328 3103 3399 ejus
3129 3326 3373 3382 eﬂcrtur.
3406 3320 3674 3377 Pusillum

2086 3432 2232 3488 enim
2278 3438 2335 3485 et
2384 3426 2591 3483 humile
2637 3432 2739 3480 est.
2786 3421 2893 3490 Qui
2925 3434 3056 3477 vero
3103 3417 3303 3474 crescit
3341 3415 3395 3470 in
3445 3413 3674 3475 scelere,

2087 3523 2290 3581 crescit
2315 3530 2370 3576 et
2399 3522 2453 3576 in
2481 3518 2708 3591 judicio,
2736 3515 3011 3585 simulque
3035 3528 3160 3568 eum
3190 3510 3337 3566 vitiis
3362 3514 3592 3578 augetur
3620 3512 3675 3558 et

2085 3633 2279 3689 poma;
2317 3624 2373 3671 et
2399 3615 2526 3686 quia
2565 3613 2620 3667 in
2652 3618 2864 3666 tantum
2901 3606 3148 3677 deliquit,
3175 3612 3237 3691 ut
3258 3600 3528 3673 judicium
3554 3597 3675 3667 ejus

2086 3726 2263 3780 usque
2310 3708 2376 3763 ad
2425 3705 2669 3762 coelestia
2707 3701 3040 3765 sublevetur,
3093 3706 3147 3753 et
3193 3711 3290 3766 per
3339 3692 3673 3779 impietatem

2087 3817 2243 3858 suam
2280 3798 2544 3855 resistens
2578 3795 2692 3851 Deo
2716 3794 2783 3851 ad
2824 3792 3108 3862 superiora
3148 3784 3499 3849 conscendat,
3544 3797 3673 3851 pro-

2087 3892 2193 3949 fert
2244 3892 2388 3946 Deus
2438 3887 2707 3959 judicium
2760 3898 2921 3941 suum
2970 3883 3024 3937 in
3073 3877 3507 3937 humiliationem
3551 3872 3673 3943 ejus

2081 3984 2277 4056 judicii
2305 3982 2453 4053 quod
2481 3981 2717 4037 celatum
2747 3986 2831 4033 est
2873 3992 2904 4032 a
2949 3980 3270 4045 peccatore;
3301 3977 3355 4026 et
3387 3966 3673 4039 proterens

2080 4077 2350 4148 judicium
2378 4090 2564 4138 suum,
2595 4071 2853 4127 humiliat
2876 4067 3096 4139 quidem
3121 4071 3486 4136 peccatorem,
3510 4057 3673 4115 retri-

2083 4170 2203 4227 buit
2235 4178 2412 4224 autem
2455 4168 2608 4238 justo
2648 4164 2810 4235 digna
2851 4162 2978 4215 vitae
3014 4160 3156 4229 ejus,
3195 4157 3251 4211 in
3284 4153 3504 4211 Christo
3539 4150 3670 4206 Jesn

2083 4262 2318 4319 Domino
2344 4269 2556 4325 nostro,
2572 4256 2662 4313 cui
2689 4264 2774 4313 est
2793 4253 2962 4325 gloria
2988 4263 3041 4307 et
3070 4249 3359 4319 imperium
3387 4247 3442 4300 in
3471 4242 3670 4301 saecula

2083 4356 2428 4412 saeculorum.
2460 4352 2656 4405 Amen.

2524 4467 2615 4523 EX
2659 4462 2939 4520 llOMILlA
2978 4454 3195 4514 XXXlX
3240 4446 3246 4451 ”

2085 4585 2541 4656 Explanationum
2562 4581 2621 4656 _in
2647 4580 2938 4656 Jeretniam
2962 4577 3309 4656 prophetam,
3345 4570 3397 4653 in
3431 4567 3561 4656 illud

2160 4644 2282 4711 Non
2315 4664 2521 4726 poterat
2552 4654 2808 4707 Dominus
2835 4644 3094 4703 sustinere
3125 4661 3156 4696 a
3196 4644 3334 4711 facie
3368 4644 3667 4711 iniquitatis

2151 4737 2356 4783 vestras.

2153 4843 2210 4900 Si
2254 4841 2476 4914 quando
2513 4840 2698 4910 legens
2729 4835 3069 4905 Scripturam
3102 4829 3310 4886 incidas
3348 4828 3402 4880 in
3443 4833 3666 4881 senten-

2078 4936 2208 4990 tiam
2241 4949 2366 5005 qua:
2397 4931 2573 5003 lepida
2604 4928 2823 5000 quidem
2861 4926 2952 4992 sit,
2991 4925 3086 4979 sed
3120 4923 3259 4993 lapis
3290 4927 3374 4975 est
3401 4916 3664 4973 offensio-

2077 5028 2163 5084 nis
2196 5036 2250 5082 et
2279 5035 2432 5097 petra
2463 5022 2729 5088 scandali,
2763 5033 2961 5076 accusa
2996 5017 3262 5086 teipsum;
3311 5025 3486 5080 neque
3515 5008 3663 5063 enim

2073 5119 2472 5190 desperandum
2494 5127 2578 5174 est
2606 5117 2838 5187 lapidem
2865 5113 3011 5167 hunc
3033 5105 3354 5164 oli‘ensionis
3376 5113 3431 5159 et
3451 5110 3662 5173 petram

2076 5214 2318 5270 scandali
2349 5214 2550 5269 habere
2581 5226 2766 5277 sensa,
2821 5217 2883 5264 ut
2924 5208 3018 5261 fiat
3060 5204 3205 5275 quod
3256 5198 3422 5270 286
3452 5196 3660 5252 dictum

2072 5318 2158 5363 est
2187 5309 2230 5340 ⁶⁹
2261 5326 2274 5362 :
2303 5306 2372 5361 Et
2402 5307 2494 5378 qui
2520 5307 2686 5361 credit
2716 5321 2820 5359 non
2852 5300 3221 5372 confundetur.
3263 5294 3507 5349 Primum
3538 5305 3659 5344 cre—

2075 5399 2164 5465 de,
2194 5410 2251 5453 et
2272 5397 2516 5453 invenies
2539 5396 2642 5453 sub
2664 5394 2756 5450 illo
2779 5391 3109 5450 oﬂ‘endiculo
3135 5388 3431 5461 plurimum
3459 5394 3663 5440 sanctae

2077 5489 2347 5545 utilitatis.
2374 5486 2434 5542 Si
2456 5487 2601 5543 enim
2631 5487 2685 5541 in
2712 5486 2971 5541 mandato
3002 5482 3289 5545 habemus,
3323 5494 3390 5533 nc
3430 5476 3657 5532 verbum

2071 5600 2275 5639 vanum
2304 5594 2360 5638 et
2387 5582 2575 5637 inutile
2595 5582 2865 5646 dicamus,
2900 5589 3158 5648 tanquam
3195 5576 3366 5647 ipsius
3392 5574 3657 5630 rationem

2074 5677 2128 5732 in
2152 5676 2344 5747 judicii
2375 5676 2461 5731 die
2488 5674 2776 5738 reddituri,
2811 5682 2864 5728 et
2888 5681 3153 5743 quantum
3183 5669 3316 5726 eniti
3342 5680 3657 5737 possumus.

2305 5820 2347 5849 ‘9
2398 5816 2558 5873 Rern.
2595 5832 2680 5884 Ix,
2734 5815 2822 5871 55.
