4140 6442
443 399 550 454 5:5

1871 382 1960 436 EX
2001 378 2161 435 OllIG
2171 375 2303 431 ENE

3615 366 3724 422 5M

444 516 498 570 l-l
531 513 814 570 studemus
845 519 905 564 ut
945 522 1106 563 omne
1153 504 1401 570 verbum,
1436 501 1584 573 quod
1612 518 1676 557 ex
1717 515 1812 554 ore
1843 507 2030 554 nostro

2143 495 2233 564 ὅση
2267 491 2499 563 δύναμις
2551 487 2982 561 φιλοτιμούμεθα
3026 487 3134 573 πᾶν
3177 486 3332 558 ῥῆμα
3370 484 3434 540 τὸ
3474 486 3618 552 ὲξιδν
3658 489 3725 544 ἐκ

445 604 580 668 exit,
609 600 809 672 aliquid
841 599 1039 654 elliciut
1066 607 1118 652 et
1151 597 1205 650 in
1232 595 1392 651 nobis
1423 595 1732 650 dicentibus
1757 602 1812 648 et
1844 593 1898 646 in
1929 607 2032 646 au-

447 695 765 749 dicntibus:
815 691 944 760 quid
993 690 1158 762 igitur
1199 687 1624 744 existimandum
1664 698 1750 744 cst
1795 685 1862 740 de
1904 701 2031 755 pro-

448 784 664 854 phetis?
715 797 894 836 nonne
936 796 1100 836 omne
1145 779 1370 834 verbum
1419 779 1489 834 ab
1527 793 1718 833 eorum
1767 793 1864 832 ore
1908 791 2034 846 pro-

447 875 645 930 fectum
705 873 894 928 elllcax
946 871 1157 928 fuisse?
1213 870 1401 942 Neque
1457 870 1767 924 mirandum
1818 877 1934 934 est,
1986 867 2033 922 si

445 967 808 1038 quodcunque
865 967 1092 1020 verbum
1148 964 1470 1020 emittebant
1525 963 1836 1033 prophetae,
1896 976 2035 1032 opus

444 1057 708 1112 ellicicbat
737 1057 920 1112 verbis
947 1056 1316 1122 conveniens;
1349 1054 1442 1110 scd
1468 1064 1521 1108 et
1545 1053 1782 1108 arbitror
1813 1067 2033 1107 omnem

448 1149 755 1204 mirabilem
811 1149 1050 1202 litteram
1093 1147 1238 1201 inter
1283 1145 1466 1201 divina
1523 1145 1744 1201 oracula
1792 1143 2032 1214 perscri-

447 1251 594 1312 ptam
637 1241 872 1305 ellieere,
924 1254 1103 1309 neque
1150 1253 1320 1292 unum
1374 1239 1486 1292 iota
1533 1253 1676 1304 esse,
1723 1246 1818 1293 aut
1863 1253 2031 1291 unum

447 1333 654 1402 apicem
685 1332 739 1386 in
778 1330 1083 1400 Scriptura,
1118 1330 1212 1400 qui
1239 1345 1379 1400 opus
1409 1346 1569 1386 suum
1599 1346 1706 1384 non
1741 1329 1941 1384 elliciat
1978 1328 2032 1383 in

449 1423 516 1478 iis
562 1423 656 1493 qui
708 1423 912 1476 virtute
954 1422 1260 1477 litterarum
1297 1423 1374 1476 uti
1423 1422 1625 1478 sciunt.
1664 1421 2035 1487 Quemadmo-

449 1513 579 1568 dutn
627 1523 808 1568 autem
861 1514 1152 1569 herbarum
1187 1514 1417 1585 singulm
1454 1529 1584 1568 suas
1623 1513 1822 1567 habent
1868 1513 2034 1578 vires,

449 1605 564 1660 sive
582 1605 648 1660 ad
678 1605 969 1660 sanitatem
990 1619 1304 1675 corporum,
1330 1605 1444 1659 sive
1469 1604 1534 1658 ad
1554 1604 1700 1658 aliud
1723 1606 2032 1675 quidpiam;

2130 581 2226 634 τοῦ
2258 580 2525 650 στόματος
2548 579 2703 650 ἡμῶν
2750 580 2923 630 ποιεῖν
2971 572 3306 647 ἐργάζεσθαι
3343 577 3439 629 καὶ
3482 577 3542 630 ὲν
3589 579 3723 648 ἡμῖν

2131 677 2246 738 τοῖς
2268 672 2487 740 λέγουσι
2510 673 2603 726 καὶ
2625 672 2684 724 έν
2714 675 2826 734 τοῖς
2857 669 3116 724 ἀκούουσι
3136 685 3152 701 ο
3185 668 3238 722 τί
3263 667 3372 739 χρὴ
3407 671 3548 723 νοεῖν
3593 671 3722 742 περὶ

2133 765 2241 818 τῶν
2271 763 2586 835 προφητῶν,
2617 762 2650 833 ἢ
2678 763 2760 816 ὅτι
2790 763 2898 815 πᾶν
2934 761 3086 834 ῥῆμα
3117 759 3349 830 λαληθὲν
3391 759 3480 814 διὰ
3521 761 3723 832 στόμα-

2131 873 2224 920 τος
2254 855 2432 909 αὐτῶν
2462 855 2752 926 ἐργατικὸν
2792 849 2901 924 ἦνς
2943 854 3054 907 Καὶ
3083 853 3144 906 ού
3176 851 3491 924 θαυμαστὸν
3527 854 3577 906 εί
3616 855 3726 907 πᾶν

2137 948 2291 1019 ῥῆμα
2325 947 2386 1000 τὸ
2433 945 2764 1016 λαλούμενον
2793 945 2899 998 ὑπὸ
2935 943 3044 997 τῶν
3093 943 3388 1014 προφητῶν
3441 943 3726 1015 εἰργάζετο

2135 1041 2296 1113 ἔργον
2330 1040 2390 1094 τὸ
2424 1039 2636 1113 πρέπον
2673 1039 2914 1110 ῥήματιο
2973 1035 3110 1091 ἀλλὰ
3137 1035 3247 1108 γάρ
3279 1032 3454 1107 οἶμαι,
3497 1037 3580 1090 ὅτι
3629 1037 3726 1091 καὶ

2134 1136 2243 1188 πᾶν
2267 1133 2569 1204 Θαυμάσιον
2596 1132 2834 1204 γράμμα
2859 1131 2920 1184 τὸ
2951 1129 3336 1201 γεγραμμένον
3377 1129 3437 1182 ὲν
3482 1132 3594 1194 τοῖς
3635 1129 3723 1183 λο-

2134 1225 2275 1295 γίοις
2295 1224 2390 1278 τοῦ
2415 1223 2549 1278 Θεοῦ
2573 1223 2903 1295 ἐργάζεται·
2937 1223 3032 1276 καὶ
3073 1222 3174 1276 οὐκ
3217 1220 3366 1275 ἐστιν
3403 1221 3533 1275 ίῶτα
3574 1222 3652 1285 ἓν,
3686 1223 3720 1291 ἢ

2137 1317 2236 1387 μία
2259 1316 2458 1388 κεραία
2483 1316 2848 1387 γεγραμμένη
2881 1317 2939 1369 ὲν
2967 1317 3034 1386 τῇ
3070 1315 3284 1386 Γραφῇ,
3317 1317 3437 1384 ἥτις
3471 1317 3581 1378 τοῖς
3603 1315 3723 1367 ὲπι-

2138 1409 2424 1478 σταμένοις
2457 1408 2694 1480 χρῆσθαι
2738 1412 2804 1478 τῇ
2845 1408 3074 1478 δυνάμει
3100 1406 3207 1459 τῶν
3248 1407 3591 1477 γραμμάτων
3625 1407 3727 1459 οὐκ

2135 1500 2426 1571 ἐργάζεται
2453 1501 2513 1554 τὸ
2540 1500 2741 1570 ἑαυτῆς
2774 1499 2952 1570 ἔργον.
2995 1500 3207 1570 Ὥσπερ
3230 1497 3286 1550 δὲ
3309 1497 3528 1552 ἐπὶτῶν
3568 1498 3727 1568 βοτα-

2137 1592 2243 1645 νῶν
2274 1592 2480 1664 ἑκάστη
2537 1593 2636 1664 μὲν
2678 1592 2790 1663 ἔχει
2827 1592 3056 1662 δύναμιν
3094 1593 3204 1644 είτε
3253 1593 3332 1656 είς
3383 1591 3482 1662 τὴν
3517 1592 3728 1660 ὑγίειαν

450 1712 552 1751 nec
588 1705 768 1752 tamen
796 1698 977 1752 sciunt
1020 1713 1212 1753 omnes
1256 1697 1342 1752 cui
1384 1714 1615 1767 qumque
1646 1701 1723 1752 rei
1764 1698 1931 1753 herba
1967 1699 2037 1754 sit

2143 1685 2433 1756 σωμάτιον,
2465 1684 2572 1738 εἴτε
2607 1685 2689 1748 εἰς
2721 1685 2748 1737 ὅ
2777 1701 2830 1737 τι
2861 1685 3060 1754 δήποτε
3083 1700 3097 1713 ⁸
3142 1683 3202 1736 ού
3234 1684 3450 1737 πάντων
3491 1684 3548 1737 δέ
3581 1685 3728 1737 ἐστιν

450 1785 622 1851 utilis,
665 1787 760 1841 sed
803 1788 894 1857 qui
934 1787 1159 1843 scientia
1203 1787 1294 1842 illa
1333 1788 1544 1860 prmditi
1594 1798 1753 1854 sunt,
1793 1799 1847 1844 et
1883 1790 1935 1843 in
1978 1806 2036 1845 re

2143 1775 2469 1831 ἐπίστασθαι
2504 1777 2631 1840 είςὸ
2664 1776 2870 1847 ἑκάστη
2889 1775 2996 1828 τῶν
3033 1775 3272 1846 βοτανῶν
3301 1777 3418 1828 ἐστι
3440 1777 3726 1848 χρήσιμος,
3817 1802 3832 1813 ο

451 1877 700 1932 herbaria
741 1887 1050 1945 versantur,
1101 1889 1159 1934 ut
1204 1859 1380 1936 sciant
1417 1882 1640 1950 quando
1686 1890 1939 1952 sumpta,
1982 1891 2036 1936 ct

2143 1868 2252 1922 ἀλλ’
2286 1868 2340 1921 εἴ
2363 1885 2507 1933 τινες
2539 1870 2852 1940 ἐπιστήμην
2881 1869 3192 1940 εἰλήφασιν,
3226 1863 3370 1922 οὗτοι
3393 1868 3443 1921 οί
3474 1869 3602 1938 περὶ
3629 1866 3728 1932 τὰς

451 1969 539 2022 cui
568 1969 706 2039 parti
736 1985 1028 2040 corporum
1063 1974 1332 2041 apposita,
1359 1984 1410 2028 et
1441 1975 1717 2044 quomodo
1753 1983 1942 2045 parata
1984 1985 2038 2030 et

451 2069 749 2130 temperata
793 2063 962 2116 utenti
989 2079 1148 2133 opem
1183 2062 1340 2120 ferat.
1382 2065 1456 2119 Ita
1489 2082 1588 2120 ceu
1634 2066 1942 2130 herbarius,
1978 2076 2038 2121 ut

452 2149 526 2203 ita
551 2150 752 2215 dicam,
787 2159 869 2206 est
900 2153 980 2205 vir
1009 2163 1234 2209 sanctus
1273 2165 1326 2210 et
1369 2155 1692 2225 spiritualis,
1737 2157 1970 2228 scligens
2009 2173 2040 2213 e

452 2242 628 2296 sacris
667 2241 969 2311 Seripturis
1012 2245 1292 2314 quodlibet
1341 2247 1479 2310 iuta,
1530 2257 1585 2302 et
1621 2248 1901 2318 quodlibet
1941 2252 2038 2305 ob-

455 2333 603 2386 vium
635 2334 986 2404 elementum,
1017 2346 1070 2391 et
1117 2338 1309 2394 litterae
1354 2342 1609 2396 virtutem
1663 2342 1945 2398 inveniens
1985 2351 2040 2397 ct

452 2439 616 2494 quem
661 2426 729 2480 ad
775 2443 933 2482 usum
982 2430 1388 2485 accommodari
1446 2433 1654 2502 possit,
1703 2442 1758 2487 et
1804 2433 1940 2487 nihil
1985 2433 2038 2487 in

456 2516 754 2588 Seripturis
779 2535 1244 2590 supervacaneum
1270 2538 1410 2579 csse.
1439 2524 1495 2578 Si
1521 2534 1575 2579 ct
1597 2525 1826 2580 alterum
1848 2525 2041 2580 audire

453 2607 538 2664 vis
587 2610 752 2680 hujus
799 2613 876 2666 rei
917 2614 1258 2684 exemplum,
1303 2615 1517 2687 singula
1568 2615 1816 2672 membra
1869 2617 2039 2672 nostri

455 2703 702 2771 corporis
743 2703 811 2758 ad
857 2720 997 2775 opus
1045 2707 1267 2778 aliquod
1313 2711 1383 2764 ab
1430 2710 1624 2780 Opillce
1660 2709 1772 2766 Deo
1819 2711 2040 2765 condita

454 2805 617 2862 sunt;
653 2798 746 2852 sed
792 2814 900 2852 non
953 2809 1038 2854 est
1079 2801 1326 2856 omnium
1365 2803 1506 2858 scire
1535 2821 1657 2875 quae
1695 2805 2039 2874 singulorum

455 2887 524 2940 ad
550 2887 983 2944 minutissimum
1014 2893 1270 2962 quodque
1297 2900 1538 2963 potestas
1570 2905 1624 2949 et
1645 2912 1785 2952 usus
1808 2896 1899 2950 sit.
1935 2895 2041 2962 Qui

455 2977 602 3032 cuitu
631 2980 684 3033 in
713 2982 1036 3050 corporibus
1067 2983 1406 3040 dissecandis
1434 2995 1776 3056 occupantur
1820 2988 2042 3055 medici,

456 3071 641 3127 dicere
681 3073 796 3128 haec
825 3074 1102 3145 sigillatim
1150 3086 1415 3146 possunt,
1465 3088 1519 3133 et
1562 3095 1725 3148 quem
1764 3080 1831 3134 ad
1881 3095 2040 3136 usum

457 3164 685 3218 minima
734 3181 862 3237 pars
912 3169 1163 3236 corporis
1216 3184 1247 3222 a
1299 3168 1644 3226 Providentia
1707 3171 1894 3228 cll'ecta
1946 3173 2038 3228 sit.

457 3256 757 3313 Considera
786 3259 970 3329 itaque
1008 3258 1319 3331 Scripturas
1352 3262 1419 3317 ad
1471 3263 1618 3318 hunc
1650 3264 1895 3328 modum,
1922 3275 2041 3320 tan-

458 3364 625 3417 quam
660 3365 852 3406 omnes
882 3351 1062 3406 herbae
1090 3353 1218 3417 sint,
1247 3364 1344 3408 aut
1379 3369 1546 3408 unum
1578 3354 1877 3424 perfectum
1914 3371 2043 3411 ora-

461 3438 630 3495 tionis
655 3455 885 3512 corpus;
919 3442 965 3496 si
994 3459 1122 3498 vero
1153 3460 1328 3516 neque
1367 3446 1653 3501 herbarius
1689 3462 1751 3502 es
1797 3447 2047 3518 Scriptu-

461 3549 670 3600 rarum,
698 3549 874 3605 neque
912 3535 1178 3591 dissector
1217 3539 1659 3608 propheticorum
1699 3555 2044 3610 sermonum,

463 3643 532 3681 ne
560 3627 764 3684 idcirco
795 3629 1048 3684 existima
1084 3630 1136 3683 in
1182 3630 1483 3702 Seripturis
1533 3633 1812 3703 quidpiam
1848 3635 2049 3690 redun-

462 3719 614 3793 dare,
642 3720 734 3776 scd
761 3730 812 3775 te
841 3721 1018 3790 ipsum
1048 3722 1248 3788 solum,
1279 3724 1462 3793 potius
1495 3739 1662 3795 quam
1703 3724 1913 3780 litteras
1956 3742 2048 3781 sa-

463 3825 588 3865 cras
620 3826 840 3874 accusa,
873 3829 996 3866 cum
1028 3815 1294 3868 rationem
1324 3829 1516 3869 corum
1545 3830 1668 3884 qua:
1690 3817 1892 3886 scripta
1920 3826 2052 3872 sunt

460 3918 574 3958 non
609 3902 842 3959 invenis.
888 3904 1002 3960 lloe
1047 3921 1075 3958 a
1128 3921 1215 3960 me
1253 3906 1306 3960 in
1359 3907 1674 3962 universum
1718 3909 2044 3978 prommium

462 3994 668 4050 dictum
695 4005 797 4062 est,
819 3997 965 4066 quod
1004 3998 1272 4054 universa:
1319 3999 1616 4069 Scriptura:
1643 4002 2048 4055 accommodari

465 4097 667 4158 potest,
702 4101 759 4145 ut
791 4101 1122 4146 moneantur
1150 4093 1244 4160 qui
1287 4093 1452 4162 hujus
1499 4092 1718 4147 lectioni
1753 4109 1812 4148 se
1853 4095 2052 4149 dedere

464 4182 729 4250 cogitant,
763 4181 966 4236 nullam
1011 4199 1116 4236 non
1155 4183 1463 4238 discussam
1504 4193 1560 4238 et
1602 4184 1889 4255 diligenter
1931 4201 2052 4256 per-

465 4274 786 4345 vcstigatam
823 4275 1058 4330 litteram
1087 4277 1516 4346 praetermittere.

2142 1960 2372 2031 βοτάνας
2402 1959 2793 2031 διατρίϐοντες,
2827 1960 2913 2013 ἵνα
2949 1959 3102 2014 ῐδωσι
3136 1960 3231 2013 καὶ
3270 1959 3398 2012 πότε
3439 1959 3731 2030 παραλαμ-

2139 2051 2436 2123 ϐανομένη,
2467 2051 2561 2105 καὶ
2587 2050 2690 2104 ποῦ
2706 2051 2815 2104 τῶν
2845 2051 3112 2122 σωμάτων
3139 2050 3461 2122 ἐπιθεμένη,
3486 2053 3580 2105 καὶ
3609 2052 3733 2106 τίνα

2139 2144 2341 2216 τρόπον
2387 2140 2762 2214 σκευαζομένη
2807 2143 3014 2215 ὀνίνησι
3052 2141 3145 2196 τὸν
3191 2143 3508 2216 χρώμενονο
3559 2144 3732 2208 οὕτως

2138 2234 2302 2289 οἱονεί
2331 2250 2418 2298 τις
2445 2233 2726 2304 βοτανικός
2753 2235 2903 2288 ἐστιν
2935 2235 2964 2287 ὁ
2999 2235 3156 2303 ἅγιος
3207 2236 3304 2288 καὶ
3343 2236 3731 2306 πνευματικὸς,

2141 2327 2542 2399 ἀναλεγόμενος
2584 2327 2692 2380 ἀπὸ
2732 2327 2842 2381 τῶν
2889 2328 3052 2399 ἱερῶν
3111 2328 3454 2399 γραμμάτων
3502 2328 3734 2382 ἕκαστον

2146 2420 2300 2484 ίῶτα,
2337 2419 2433 2472 καὶ
2457 2419 2691 2474 ἕκαστον
2720 2421 2782 2473 τὸ
2811 2421 2975 2490 τυχὸν
3004 2424 3291 2492 στοιχεῖον,
3325 2423 3420 2475 καὶ
3462 2422 3733 2493 εὑρίσκων

2142 2511 2240 2585 τὴν
2262 2513 2491 2583 δύναμιν
2518 2511 2614 2566 τοῦ
2640 2512 2988 2582 γράμματος,
3021 2513 3115 2566 καὶ
3141 2515 3220 2576 είς
3243 2515 3272 2566 ὅ
3302 2531 3355 2567 τι
3390 2515 3510 2567 ἐστὶ
3537 2515 3734 2585 χρήσι-

2147 2622 2267 2677 μον,
2291 2605 2385 2658 καὶ
2417 2606 2498 2658 ὅτι
2523 2605 2676 2658 οὐδὲν
2708 2604 2974 2676 παρέλκει
3006 2606 3114 2659 τῶν
3134 2607 3555 2677 γεγραμμένων.
3590 2606 3649 2658 Εί
3678 2605 3736 2658 δὲ

2146 2695 2325 2767 βούλει
2355 2697 2448 2750 καὶ
2468 2695 2722 2768 δευτέρου
2769 2696 3000 2750 ἀκοῦσαι
3034 2697 3118 2760 είς
3159 2696 3320 2750 τοῦτο
3353 2697 3733 2768 παραδείγμα-

2142 2804 2256 2850 τος,
2287 2786 2516 2840 ἕκαστον
2544 2786 2706 2857 μέλος
2737 2786 2830 2838 τοῦ
2868 2785 3120 2857 σώματος
3145 2786 3302 2857 ἡμῶν
3336 2787 3427 2838 έπί
3455 2803 3562 2838 τινι
3593 2785 3737 2856 ἔργῳ

2146 2879 2252 2932 ὑπὸ
2282 2878 2376 2931 τοῦ
2425 2879 2667 2949 τεχνίτου
2717 2878 2854 2932 Θεοῦ
2889 2879 3215 2949 γεγένηται·
3248 2878 3365 2933 ἀλλ’
3407 2879 3469 2931 ού
3521 2878 3739 2933 πάντων

2145 2970 2300 3025 ἐστὶν
2322 2973 2522 3026 εἰδέναι
2540 2972 2622 3036 τίς
2653 2975 2686 3044 ἠ
2715 2972 2946 3026 ἑκάστου
2976 2972 3083 3026 τῶν
3111 2972 3290 3044 μελῶν
3323 2973 3486 3045 μέχρι
3514 2973 3622 3027 τῶν
3646 2989 3740 3025 τυ-

2146 3063 2350 3133 χόντων
2373 3063 2602 3135 δύναμις
2623 3065 2718 3117 καὶ
2748 3063 2926 3134 χρεία.
2955 3065 3018 3117 Oi
3042 3063 3152 3135 γάρ
3176 3064 3305 3133 περῖ⁷
3335 3064 3433 3128 τὰς
3461 3065 3740 3135 ἀνατομὰς

2148 3154 2710 3225 πραγματευσάμενοι
2745 3155 2854 3214 τῶν
2879 3155 3079 3228 ἰατρῶν
3107 3155 3362 3209 δύνανται
3395 3155 3578 3224 λέγειν
3610 3155 3741 3209 ἕκα-

2149 3264 2273 3300 στον
2301 3247 2396 3300 καὶ
2423 3246 2484 3300 τὸ
2510 3247 2793 3318 ιλάχιστον
2821 3247 3007 3319 μόριον
3027 3249 3108 3310 είς
3138 3247 3191 3300 τί
3225 3249 3496 3318 χρήσιμον
3519 3246 3624 3300 ὑπὸ
3642 3246 3740 3318 τῆς

2145 3340 2408 3411 Προνοίας
2432 3339 2743 3411 γεγένηται.
2783 3340 2914 3393 Νόει
2949 3357 3041 3410 μοι
3065 3341 3244 3394 τοίνυν
3277 3341 3481 3404 καὶτὰς
3519 3341 3741 3412 Γραφὰς

2143 3432 2334 3486 τοῦτον
2361 3431 2454 3485 τὸν
2478 3430 2680 3502 τρόπον
2710 3431 2894 3496 πάσας
2925 3431 3176 3502 βοτάνας,
3215 3431 3247 3503 ἢ
3273 3431 3332 3484 ἐν
3354 3433 3557 3485 τέλειον
3579 3430 3738 3499 λόγου

2150 3522 2312 3593 σῶμα
2329 3539 2344 3554 ·
2371 3524 2420 3576 εί
2442 3522 2499 3575 δὲ
2534 3523 2598 3574 σὺ
2630 3523 2768 3594 μήτε
2792 3521 3076 3593 βοτανικδς
3091 3519 3144 3576 εἴ
3165 3525 3419 3595 Γραφῶν,
3449 3523 3584 3592 μήτε
3604 3524 3740 3576 ἀνα-

2147 3615 2351 3685 τομιὺς
2375 3612 2484 3666 τῶν
2514 3613 2872 3685 προφητικῶν
2903 3613 3098 3684 λόγων,
3126 3615 3202 3687 μὴ
3231 3613 3418 3685 νόμιζε
3449 3615 3744 3685 παρέλκειν

2149 3720 2204 3756 τι
2232 3703 2342 3757 τῶν
2371 3704 2800 3775 γεγραμμένων,
2831 3704 2968 3758 ἀλλὰ
2997 3706 3193 3759 σαυτὸν
3229 3707 3389 3778 μόνον
3428 3707 3462 3777 ἢ
3509 3704 3579 3758 τὰ
3620 3703 3742 3776 ἱερὰ

2152 3795 2458 3868 γράμματα
2487 3795 2665 3861 αἰτιῶ,
2688 3798 2778 3850 ὅτε
2811 3796 2888 3869 μὴ
2915 3796 3191 3867 εὑρίσκεις
3219 3797 3310 3850 τὸν
3340 3797 3497 3866 λόγον
3518 3797 3625 3850 τῶν
3653 3812 3744 3865 γε-

2153 3888 2511 3960 γραμμένων.
2537 3887 2710 3941 Τοῦτό
2741 3905 2830 3958 μοι
2856 3888 2915 3942 τὸ
2957 3888 3244 3960 προοίμιον
3275 3890 3491 3961 εἴρηται
3532 3887 3745 3942 καθολι-

2153 3980 2286 4043 κῶς,
2318 3981 2589 4052 χρήσιμον
2627 3976 2767 4034 εἶναι
2794 3980 3093 4052 δυνάμενον
3115 3983 3192 4046 είς
3216 3981 3349 4052 ὅλην
3375 3982 3474 4051 τὴν
3497 3981 3744 4052 Γραφὴν,

2155 4072 2246 4126 ἵνα
2272 4071 2661 4143 προτραπῶσιν
2676 4073 2727 4125 οί
2754 4071 3000 4136 θέλοντες
3024 4072 3311 4144 προσέχειν
3331 4076 3397 4144 τῇ
3419 4070 3744 4138 ἀναγνώσει,

2159 4164 2322 4235 μηδὲν
2354 4165 2824 4236 παραπέμπεσθαι
2869 4165 3223 4234 ἀνεξέταστον
3254 4168 3350 4221 καὶ
3391 4163 3748 4238 ἀνεξερεύνη-

2156 4275 2248 4311 τον
2276 4258 2534 4330 γράμμα.

469 4432 3689 4466 l——-_——-——-—-——————r———————-———————_—-_———-——

1240 4555 1468 4681 ΕΚ
1565 4555 1914 4682 ΤΩΝ
2013 4540 2960 4687 ΩΡΙΓΕΝΟΥΣ

1018 4768 1829 4867 ΔΙΕΞΗΓΗΤΙΚΑΙ
1891 4782 2040 4868 ΕΚ

2143 4781 2386 4868 ΟΓΑΙ
2444 4781 2618 4869 ΕΙΣ
2666 4780 3213 4870 ΙΕΡΕΜΙΑΝ.

1649 5062 1836 5178 EX
1967 5061 2596 5179 ORIGENE

1365 5298 1882 5390 SELECTA
1970 5299 2099 5388 IN
2219 5290 2885 5386 JEREMIAM.

1053 5564 1216 5634 237
1256 5561 1408 5618 CAP.
1454 5560 1496 5614 ι.

556 5665 610 5719 6.
648 5664 713 5717 Et
752 5661 862 5716 dixi
893 5659 985 5715 :0
1025 5658 1275 5710 exsistam
1314 5653 1614 5707 dominator
1660 5653 1910 5716 Domine;
1953 5668 2065 5706 ecce

491 5755 660 5808 nescio
693 5752 853 5822 loqui,
885 5751 1010 5820 quia
1039 5749 1223 5818 junior
1252 5761 1345 5816 ego
1372 5761 1508 5798 sum.
1542 5745 1593 5798 7.
1629 5743 1694 5797 Et
1725 5744 1856 5796 dixit
1891 5743 2067 5797 Domi-

2069 5479 2136 5494 ~1-

2834 5559 2990 5613 ΚΕΦ.
3031 5560 3111 5614 A‘.

2243 5653 2297 5706 6.
2335 5651 2447 5707 Καὶ
2476 5645 2617 5705 εἶπα
2636 5653 2728 5703 "0
2756 5648 2842 5703 ὢν
2871 5649 3142 5704 Δέσποτα
3185 5650 3362 5718 Κύριε
3385 5687 3401 5713 ,
3462 5647 3592 5704 ιδοὺ
3641 5647 3752 5702 οὐκ

2172 5744 2496 5811 ἐπίσταμαι
2519 5741 2770 5804 λαλεῖν,
2821 5741 2912 5794 ὅτι
2942 5739 3227 5809 νεώτερος
3276 5738 3390 5811 ἐγώ
3443 5742 3580 5808 εἰμι.
3645 5736 3759 5798 Καὶ

495 5861 588 5898 nus
614 5844 682 5896 ad
721 5818 801 5896 uie
827 5857 844 5895 :
877 5818 997 5895 Noli
1029 5839 1197 5892 dicere
1230 5838 1352 5908 quia
1376 5835 1561 5904 jnnior
1591 5851 1681 5905 ego
1710 5851 1846 5889 sum.
1880 5833 2040 5889 Justu

2175 5829 2304 5890 εἶπε
2333 5832 2547 5902 Κύριος
2571 5828 2720 5900 πρὸς
2741 5827 2818 5900 μέ
2839 5846 2851 5862 ο
2888 5827 2986 5897 Μὴ
3020 5827 3178 5896 λέγε,
3215 5827 3302 5882 ὅτι
3339 5825 3619 5896 νεώτερος
3641 5818 3755 5890 ἐγὼ
