4140 6448
282 361 389 418 διε

1503 343 1818 404 SELECTA
1855 339 1925 396 IN
1962 335 2332 395 JEREMIAM.

3459 326 3567 384 5&6

281 478 419 547 ιέμι.
471 475 533 528 '0
558 472 669 545 γὰρ
699 472 909 535 δίκαιος
933 469 1036 523 οὐκ
1063 467 1216 521 ἔστιν
1249 465 1308 518 ἐν
1338 465 1581 537 νεότητι,
1619 464 1742 518 ἐπεὶ
1781 478 1871 516 τε-

1991 456 2117 513 ξηίιιι
2148 455 2287 511 intra
2311 452 2654 525 iuventutem
2674 461 2785 504 non
2803 455 2908 513 est,
2929 445 3149 517 quando
3169 442 3562 518 perfectionem

283 565 528 630 λειωθεὶς
550 566 611 619 ὲν
632 564 829 634 ὀλίγῳ,
860 562 1149 634 ἐπλήρωσε
1188 558 1415 631 χρόνους
1467 556 1735 629 μακρούς.
1792 556 1881 619 Ὧς

284 661 420 734 πρὸς
444 660 520 731 μὴ
542 658 672 713 ὅντα
695 657 806 728 γὰρ
835 658 893 709 ὲν
918 654 1060 718 ὁδοῖς
1086 652 1317 723 ψεκταῖς
1343 652 1434 705 τό·
1464 650 1561 719 Μὴ
1595 650 1758 720 λέγε,
1788 648 1880 701 ὅτι

284 748 570 819 νεώτερός
609 751 754 819 ειμιο
805 748 990 809 ὁποῖος
1042 742 1282 815 Ῥοϐοάμ
1339 740 1725 811 ἐγκαταλιπὼν
1778 738 1879 811 τὴν

287 841 482 913 βουλὴν
513 840 622 893 τῶν
653 837 1064 910 πρεσϐυτέρων,
1088 835 1186 888 καὶ
1213 836 1334 900 ταῖς
1361 833 1472 890 τῶν
1497 832 1633 888 νέων
1656 829 1881 885 ἀκολου-

285 933 459 1006 θήσας
474 947 493 966 ⁶
520 931 601 987 διὸ
625 931 721 986 καὶ
746 931 846 1003 τὴν
868 928 1145 1000 βασιλείαν
1159 926 1260 981 ούκ
1278 926 1569 998 ἐτήρησεν,
1599 925 1718 977 οἵαν
1740 939 1880 994 παρ-

285 1025 497 1082 ἐλαϐεν.

360 1118 445 1173 l5.
487 1115 599 1171 Καὶ
620 1115 858 1185 ἐγένετο
880 1113 1065 1183 λόγος
1092 1110 1315 1180 Κυρίου
1334 1110 1402 1164 ἐκ
1419 1108 1704 1177 δευτέρου
1729 1106 1881 1176 πρὸς

285 1211 360 1281 μὲ
386 1212 581 1281 λέγων
601 1226 615 1240 ·
657 1208 720 1263 Τί
746 1207 829 1262 σὺ
863 1204 1041 1276 (5ρᾷςὶ
1073 1204 1177 1260 καὶ
1216 1201 1389 1259 εἶπαο
1448 1202 1683 1271 Λέϐητα
1730 1203 1879 1256 ὐπο-

287 1303 626 1372 καιόμενον,
659 1298 759 1353 καὶ
790 1298 855 1352 τὸ
888 1297 1214 1365 πρόσωπον
1245 1292 1434 1349 αὑτοῦ
1479 1292 1599 1348 ἀπὸ
1645 1288 1880 1360 προσώ-

288 1406 409 1448 που
434 1390 650 1461 uappa.
670 1388 831 1444 Κατά
859 1387 1092 1460 θεωρίαν
1110 1388 1140 1440 ό
1167 1386 1567 1458 ὑποκαιόμενος
1588 1384 1752 1457 λέϐης
1771 1382 1881 1438 ἀπὸ

292 1481 587 1555 προσώπου
617 1480 712 1535 τοῦ
745 1480 929 1553 Βορρᾶ
959 1477 1316 1532 ἀποκαίεται·
1350 1476 1545 1549 ἐχθρὸς
1580 1475 1690 1547 γὰρ
1724 1467 1882 1537 οὗτος

294 1577 413 1647 ἅμα
441 1574 535 1629 καὶ
562 1572 853 1644 ὲκδικητής
874 1574 1042 1625 ἐστιν.
1074 1569 1273 1640 Διόπερ
1314 1570 1344 1621 ό
1383 1567 1742 1640 ἁμαρτήσας,
1781 1563 1880 1618 εἰτ’

292 1670 353 1722 ὲν
380 1665 716 1738 βλασφημίᾳ,
751 1662 1105 1737 παραδίδόται
1143 1662 1224 1733 τῷ
1251 1661 1467 1730 Σατανᾷ
1500 1660 1588 1712 ἴνα
1615 1657 1877 1728 παιδευθῇ

295 1761 371 1832 μὴ
403 1760 740 1830 βλασφημεῖν
759 1773 774 1788 ’
810 1756 909 1810 εἴτ’
934 1757 992 1809 ἐν
1015 1753 1262 1827 πορνείᾳ,
1294 1750 1649 1824 παραδίδοται
1670 1749 1749 1820 τῷ
1776 1749 1883 1803 Σα-

1981 548 2208 618 adeptus
2254 544 2470 600 modico
2515 542 2726 614 spatio,
2781 539 2942 610 longa
2996 538 3242 608 implevit
3292 548 3560 606 tempora.

1987 638 2185 694 Verum
2213 636 2371 707 quasi
2397 634 2465 690 ad
2498 649 2608 689 non
2643 634 2980 690 incedentem
3010 632 3117 689 viis
3136 629 3418 701 ﬂagitiosis
3456 629 3565 684 hoc

1980 732 2182 787 dicitur
2207 748 2221 784 :
2250 728 2331 783 Ne
2359 729 2531 794 dicas,
2553 726 2750 782 Iunior
2773 744 2923 793 sum;
2946 726 3127 797 qualis
3156 724 3260 779 fuit
3295 723 3562 787 Roboam,

1979 821 2074 893 qui
2094 819 2422 891 posthabitis
2444 818 2695 873 consiliis
2722 820 3024 881 seniorum,
3046 815 3361 887 junioribus
3382 812 3564 868 adhae-

1980 911 2076 974 sit,
2103 925 2214 980 quo
2246 909 2452 963 factum
2485 914 2572 961 est
2601 914 2662 961 ut
2691 922 2801 962 non
2843 903 3107 965 retineret
3138 919 3367 975 regnum
3402 902 3567 973 quale

1979 1010 2286 1073 acceperat.
2739 991 2743 993 “

2051 1093 2141 1148 15.
2182 1091 2249 1146 Et
2280 1092 2485 1163 factum
2513 1100 2591 1147 est
2620 1092 2831 1146 verbum
2857 1089 3075 1143 Domini
3109 1089 3337 1144 secundo
3365 1088 3435 1142 ad
3482 1102 3565 1142 nte

1979 1185 2159 1239 dicens
2183 1199 2202 1238 :
2235 1183 2378 1248 Quid
2408 1192 2466 1237 tu
2498 1184 2643 1237 uides
2659 1184 2686 1237 .9
2709 1191 2760 1236 et
2787 1182 2902 1235 dixi
2930 1197 2949 1235 :
2978 1180 3155 1236 Ollam
3181 1196 3487 1236 succensum
3512 1189 3565 1235 et

1982 1275 2175 1344 faciem
2199 1274 2313 1344 ejus
2356 1291 2389 1328 a
2426 1274 2567 1344 facie
2598 1273 2899 1345 Aquilonis.
2935 1271 3246 1328 Secundum
3275 1271 3565 1338 tbeoriam,

1984 1365 2137 1421 lebes
2163 1380 2464 1420 succensus
2489 1380 2520 1420 a
2551 1363 2689 1421 facie
2718 1363 2993 1435 aquilonis
3039 1363 3421 1432 succenditur;
3458 1361 3568 1418 ini-

1981 1457 2159 1513 micus
2182 1456 2328 1511 enim
2360 1456 2449 1511 hic
2474 1456 2638 1512 simul
2668 1465 2724 1511 et
2745 1457 2943 1511 vindex
2969 1465 3074 1511 est.
3106 1454 3448 1526 Quapropter
3471 1454 3568 1525 qui

1981 1547 2244 1618 deliquit,
2293 1547 2408 1602 sive
2458 1547 2908 1617 blasphemando,
2953 1544 3171 1602 Satana:
3211 1545 3467 1614 traditur,
3508 1553 3571 1599 ut

1981 1644 2244 1699 doceatur
2266 1654 2374 1695 non
2404 1639 2818 1710 blasphemare;
2848 1638 2964 1694 sive
2989 1639 3304 1705 scortando,
3334 1637 3570 1694 traditur

1985 1731 2202 1788 Satanae
2235 1730 2290 1785 in
2339 1730 2621 1784 interitum
2652 1729 2858 1793 carnis,
2902 1739 2963 1782 ut
3005 1728 3229 1798 spiritus
3271 1728 3455 1783 salvus
3498 1728 3571 1783 sit

292 1817 427 1924 τανᾷ
451 1853 531 1915 εἰς
552 1817 776 1921 δλεθρον
807 1848 908 1918 τῆς
931 1817 1154 1918 σαρκός,
1188 1817 1277 1900 ἵνα
1304 1817 1617 1913 τὸνπνεῦμα
1648 1817 1795 1912 σωθῇ
1823 1840 1882 1893 ὲν

1991 1825 2038 1879 in
2062 1824 2148 1879 die
2173 1821 2412 1877 Domini.
2433 1820 2586 1889 Quos
2613 1829 2795 1876 autem
2826 1819 3148 1876 succendit?
3167 1817 3275 1874 Eos
3295 1818 3389 1888 qui
3410 1817 3570 1888 quasi

292 1942 360 2013 τῇ
383 1938 571 2012 ἡμέρᾳ
592 1938 686 1991 τοῦ
713 1936 940 2007 Κυρίου.
974 1936 1140 1999 Τίνας
1167 1935 1225 1989 δὲ
1254 1933 1508 1988 ύποκαίει
1530 1948 1545 1998 ;
1575 1931 1714 1994 Τοὺς
1745 1947 1881 1985 κατ-

292 2032 600 2094 οικοῦντας,
646 2029 761 2084 ἀλλ’
786 2028 848 2081 ού
872 2028 1001 2090 τοὺς
1033 2025 1433 2100 παροικοῦντας
1453 2025 1554 2096 τὴν
1590 2022 1716 2094 γῆν.
1742 2022 1880 2094 Βέλη

292 2124 406 2197 γάρ
437 2122 664 2176 ἀπολύει
713 2119 1087 2193 πεπυρωμένα
1118 2118 1212 2172 ἐπὶ
1229 2119 1356 2182 τοὺς
1389 2116 1463 2190 μὴ
1489 2117 1640 2191 πάσῃ
1667 2115 1881 2187 φυλακῇ

292 2215 597 2291 τηροῦντας
614 2214 714 2279 τάς
735 2212 942 2268 ἑαυτῶν
973 2211 1222 2285 καρδίας,
1255 2211 1331 2276 ὡς
1357 2210 1446 2280 ὑφ’
1470 2210 1588 2274 οἵας
1620 2206 1885 2280 δηποτοῦν

294 2305 575 2379 ἁμαρτίας
604 2303 927 2376 πυροῦσθαι.

953 2394 1112 2448 ΚΕΦ.
1153 2393 1230 2448 B’.

366 2490 429 2545 2|
443 2530 459 2545 .
499 2489 642 2561 Ἐγὼ
671 2488 741 2544 δὲ
764 2485 1075 2558 ἐφύτευσα
1095 2499 1169 2539 σε
1189 2483 1473 2555 ἄμπελον*
1500 2482 1887 2551 καρποφόρον

294 2579 507 2636 πᾶσαν
529 2578 831 2650 ἀληθινήν
848 2594 863 2610 ⁶
899 2574 1027 2642 πῶς
1051 2574 1360 2643 ἐστράφης
1385 2574 1474 2640 εὶς
1504 2571 1749 2641 πικρίαν
1778 2569 1886 2640 ἅμ’

293 2676 488 2740 38.10;-
514 2673 554 2743 ἠ
584 2668 877 2738 ἀλλοτρία
889 2683 909 2732 ;
934 2668 998 2720 El
1018 2667 1049 2719 ό
1079 2665 1214 2729 Θεὸς
1240 2664 1470 2719 θάνατον
1510 2663 1613 2717 οὐκ
1636 2661 1884 2734 ἐποίησε,

295 2765 482 2837 φθόνῳ
509 2765 568 2818 δὲ
602 2762 848 2818 διαϐόλου
882 2761 1112 2824 θάνατος
1134 2757 1382 2830 εἰσῆλθεν
1410 2758 1493 2822 είς
1520 2757 1613 2813 τὸν
1648 2757 1883 2829 κόσμονο

291 2857 352 2912 εί
385 2875 441 2911 τι
474 2855 603 2928 περὶ
624 2854 771 2926 ἡμᾶς
795 2853 1021 2929 ,ἄριστον
1045 2851 1344 2921 πεποίηκεν
1366 2852 1397 2904 ό
1414 2849 1570 2917 Θεὸς,
1596 2850 1758 2923 ἡμεῖς
1778 2850 1888 2923 ἀρα

292 2949 399 3020 τὴν
456 2947 658 3001 κακίαν
707 2944 1003 3016 ὲκτίσαμεν
1058 2944 1294 3007 ἑαυτοῖς.
1339 2941 1540 3015 Διόπερ
1597 2944 1884 3014 ὲπαπορεῖ,

292 3038 437 3104 Πῶς
457 3037 782 3108 ἐστράφης,
810 3038 912 3092 οὐκ
931 3035 1165 3106 ἀγνοῶν,
1196 3034 1312 3090 ἀλλ’
1344 3034 1720 3108 ἀνθρωπίνως.
1763 3032 1887 3090 Πᾶ-

290 3146 426 3185 car
443 3130 501 3184 δέ
528 3146 715 3202 φησιν,
741 3130 843 3185 οὐκ
861 3132 926 3183 ὲκ
951 3129 1171 3202 μέρους,
1193 3128 1271 3194 ὡς
1295 3128 1387 3182 τὸν
1417 3128 1515 3200 μὲν
1540 3126 1679 3184 εἶναι
1698 3126 1889 3199 ἀληθι-
1914 3169 1958 3229 C

291 3224 396 3294 νην
432 3222 698 3294 ἄμπελον,
722 3221 813 3276 τὸν
841 3221 900 3275 δὲ
925 3221 1116 3293 ψευδῆ.
1148 3220 1247 3274 Διά
1275 3219 1386 3293 γὰρ
1414 3219 1511 3274 τοῦ
1560 3218 1735 3291 ’Δδάμ
1762 3219 1886 3301 κατ’

290 3315 487 3369 εἰκόνα
518 3312 654 3368 Θεοῦ
675 3312 980 3386 γεγόναμεν
1010 3312 1269 3377 ἀπαντες.
1298 3310 1552 3366 Τοιοῦτον
1597 3311 1655 3366 δὲ
1700 3312 1795 3366 καὶ
1825 3311 1889 3366 τὸ

300 3407 534 3463 Ἦσαῖου
556 3424 569 3438 ·
611 3406 745 3473 Πῶς
764 3404 1002 3477 ἐγένετο
1020 3405 1200 3472 πόλις
1230 3405 1424 3474 πόρνη
1446 3402 1634 3474 πιστὴ
1660 3402 1850 3468 Enim;

362 3589 457 3645 '52.
504 3589 601 3658 Μὴ
631 3588 983 3659 ἐπιλήσεται
1008 3587 1211 3658 νύμφη
1254 3586 1363 3642 τὸν
1397 3588 1632 3657 κόσμον
1668 3585 1890 3656 αὺτῆς;

289 3681 394 3737 καί
437 3681 743 3751 παρθένος
779 3679 895 3750 τὴν
951 3677 1401 3748 στηθοδεσμίδα
1458 3676 1689 3748 αὺτῆς;
1737 3678 1792 3732 Ὁ
1822 3678 1893 3732 δὲ

287 3776 449 3841 λαός
481 3789 607 3845 μου
633 3770 961 3827 ἐπελάϐετό
989 3786 1111 3841 μου
1140 3768 1367 3839 ἡμέρας
1388 3808 1403 3834 ,
1436 3762 1527 3824 ὧν
1571 3770 1683 3824 οὐκ
1721 3769 1894 3824 ἐστιν

287 3866 570 3938 ἀριθμός.
602 3863 773 3937 Φησὶν
797 3858 891 3917 οὖν
918 3861 1286 3934 ὲντρεπτικῶς
1303 3877 1318 3892 ·
1370 3860 1465 3934 Μὴ
1503 3862 1617 3926 τοῖς
1653 3858 1895 3924 εἰδώλοις

288 3957 503 4030 ὁμοίως
555 3955 811 4028 ἀνόνητος
862 3954 1047 4018 αὐτοῖς
1092 3952 1323 4023 γέγονα,
1368 3943 1433 4006 οὖ
1488 3951 1554 4025 δὴ
1592 3952 1754 4024 χάριν
1795 3951 1896 4022 τὴν

285 4050 436 4123 ἐμὴν
458 4047 786 4121 ἀπέδρασαν
817 4043 1171 4111 δεσποτείανς
1204 4044 1396 4099 Καίτοι
1425 4044 1522 4100 καὶ
1559 4043 1897 4108 ἀποστάντες

288 4141 453 4215 ἐμοῦ,
515 4140 614 4195 καὶ
660 4139 817 4211 δόξης
852 4139 1080 4203 ἑαυτοὺς
1111 4137 1525 4210 ἀπεστέρησαν·
1576 4135 1738 4203 Δόξα
1784 4135 1895 4210 γὰρ

285 4234 545 4301 αἰώνιος
566 4231 722 4301 ὑπὲρ
750 4229 1027 4303 κεφαλῆς
1048 4229 1169 4285 τῶν
1199 4229 1466 4284 δικαίων.

965 4322 1122 4376 ΚΕΦ.
1164 4320 1238 4376 Γ’.

363 4417 420 4474 7.
462 4416 588 4474 Kal
631 4411 771 4470 εἶπα
793 4415 945 4486 μετὰ
975 4412 1043 4468 τὸ
1091 4412 1425 4483 πορνεῦσαι
1471 4409 1670 4481 αὐτὴν
1708 4408 1897 4465 ταῦτα

1987 1915 2201 1978 incolae,
2231 1929 2340 1969 non
2370 1913 2528 1984 quasi
2556 1912 2825 1985 peregrini
2871 1921 3072 1967 terram
3111 1910 3435 1965 inhabitant.
3469 1907 3571 1963 Sa-

1985 2007 2150 2079 gitlas
2178 2007 2325 2063 enim
2353 2008 2617 2063 adversus
2651 2022 2748 2063 eos
2799 2006 2894 2076 qui
2938 2019 3048 2061 non
3091 2013 3343 2061 accurate
3381 2011 3569 2059 custo-

1985 2097 2144 2152 diunt
2165 2113 2265 2153 sua
2296 2098 2461 2154 corda
2485 2098 2684 2154 emittit
2711 2096 2931 2170 ignitus,
2964 2110 3025 2154 ut
3047 2096 3416 2170 qualicunque
3442 2107 3566 2166 pec-

1987 2194 2112 2243 cato
2148 2186 2451 2260 ignescant.

2652 2369 2806 2427 CAP.
2845 2369 2909 2427 ll.

2056 2459 2148 2515 2|.
2190 2459 2305 2532 Ego
2329 2472 2509 2518 autem
2543 2463 2782 2535 plantavi
2822 2474 2871 2519 te
2907 2465 3063 2519 vitem
3102 2463 3444 2534 [rumiferant
3492 2472 3573 2516 to-

1991 2562 2101 2607 tam
2139 2569 2318 2608 uerant
2340 2569 2360 2608 :
2391 2555 2652 2625 quomodo
2687 2571 2937 2611 conversa
2976 2572 3031 2609 es
3060 2557 3117 2610 in
3159 2554 3574 2610 amaritudinem

1989 2645 2114 2700 vitis
2143 2644 2366 2700 aliena?
2412 2644 2470 2700 Si
2527 2655 2763 2703 mortem
2815 2645 2959 2702 Deus
3008 2660 3117 2701 non
3161 2644 3320 2711 fecit,
3367 2644 3574 2700 invidia

1988 2750 2125 2791 vero
2153 2735 2358 2792 diaboli
2397 2749 2547 2793 mors
2576 2737 2632 2791 in
2676 2735 2943 2791 mundum
2976 2735 3222 2808 ingressa
3259 2744 3372 2802 est,
3413 2734 3576 2805 quid-

1989 2826 2123 2898 quid
2154 2826 2211 2881 in
2237 2826 2396 2883 nobis
2418 2827 2710 2898 optimum,
2754 2826 2959 2883 creavit
2995 2826 3175 2895 Deus;
3213 2825 3374 2883 nobis
3408 2825 3576 2897 igitur

1991 2918 2226 2993 nosipsi
2251 2919 2553 2989 nequitiam
2587 2919 2916 2977 creavimus.
2942 2918 3284 2990 Quapropter
3313 2917 3576 2974 haesitans

1990 3012 2105 3068 ait:
2131 3011 2408 3078 Quomodo
2434 3027 2683 3068 conversa
2718 3014 2812 3070 es?
2848 3010 2969 3068 Non
3001 3012 3150 3084 quod
3193 3011 3433 3083 ignoret,
3477 3010 3575 3066 sed

1995 3104 2238 3160 humano
2286 3119 2461 3161 more.
2497 3103 2686 3159 Totam
2718 3112 2900 3162 autem
2935 3104 3133 3176 inquit,
3181 3118 3291 3159 non
3324 3102 3472 3173 quod
3503 3117 3574 3158 ex

1991 3206 2167 3266 parte,
2196 3203 2257 3251 ut
2276 3210 2407 3267 pars
2435 3195 2509 3251 sit
2540 3210 2670 3251 vera
2708 3195 2891 3261 vinea,
2917 3209 3046 3266 pars
3074 3192 3247 3262 falsa;
3282 3207 3380 3264 per
3399 3193 3575 3248 Adam

1989 3289 2137 3345 enim
2163 3289 2466 3347 secundum
2504 3287 2797 3361 imaginem
2825 3286 2922 3343 Dei
2965 3287 3093 3344 facti
3128 3302 3324 3343 sumus
3360 3300 3573 3342 omnes.

1993 3379 2185 3438 Simile
2214 3381 2347 3438 illud
2379 3380 2533 3438 Isaia:
2550 3381 2599 3413 τ’
2624 3398 2640 3437 :
2666 3378 2943 3446 Quomodo
2983 3379 3288 3435 adulterata
3342 3388 3419 3434 est
3448 3377 3576 3432 urbs

1993 3473 2167 3543 ﬁdelis
2197 3471 2327 3528 Sion
2347 3473 2374 3527 ?
2708 3532 2717 3537 ,

2065 3563 2157 3619 52.
2207 3562 2466 3636 Nunquid
2513 3565 2849 3621 obliviscetur
2892 3579 3088 3634 sponsa
3130 3560 3581 3621 ornamutisui?

1992 3663 2043 3709 et
2075 3655 2221 3726 virgo
2245 3655 2430 3725 [ascite
2452 3655 2735 3726 pectoralis
2760 3655 2914 3710 sure?
2943 3654 3183 3725 Populus
3219 3663 3399 3707 autem
3432 3666 3584 3705 meus

1996 3744 2193 3801 oblitus
2219 3755 2299 3801 est
2330 3748 2433 3802 mei
2453 3746 2637 3802 diebus
2669 3762 2894 3818 quorum
2920 3762 3024 3800 non
3050 3753 3127 3800 est
3158 3757 3430 3798 numerus.
3467 3738 3580 3795 Lo—

2000 3837 2188 3908 quitur
2210 3852 2346 3909 ergo
2376 3838 2444 3894 ad
2477 3838 2830 3908 injiciendum
2871 3838 3129 3894 ruborem
3166 3833 3486 3905 :Nunquid,
3520 3842 3581 3888 ut

1996 3930 2164 3995 idola,
2181 3928 2364 3987 factus
2380 3945 2503 3986 sum
2524 3930 2660 4001 ipsis
2685 3930 2918 3997 inutilis,
2941 3938 2996 3986 et
3016 3943 3081 3985 ea
3108 3929 3178 3985 de
3201 3940 3371 3985 causa
3394 3939 3579 3980 meum

1994 4022 2440 4079 detrectaverunt
2469 4022 2801 4093 imperium?
2840 4021 3167 4092 Quanquam
3204 4016 3522 4074 deﬁcientes
3547 4031 3578 4073 a

1996 4128 2105 4182 me,
2134 4111 2541 4186 pulchritudine
2565 4129 2632 4171 ac
2653 4114 2826 4186 gloria
2854 4130 2915 4171 se
2936 4115 3083 4185 ipsos
3110 4111 3426 4167 nudarunt:
3451 4107 3583 4167 (Ilo--

1998 4211 2081 4267 ria
2107 4210 2255 4269 enim
2287 4218 2488 4267 eterna
2512 4226 2671 4281 super
2695 4217 2856 4280 caput
2874 4207 3149 4278 justorum
3171 4203 3241 4259 τί.

2547 4302 2717 4374 233
2749 4298 2904 4356 CAP.
2945 4296 3032 4353 ιιι.

2074 4394 2126 4449 7.
2167 4392 2241 4448 Et
2275 4392 2415 4458 dixi,
2447 4399 2729 4462 postquam
2766 4389 3032 4460 fornicata
3065 4393 3181 4442 erat
3216 4384 3329 4440 haec
3366 4382 3576 4438 omnia.

287 4509 497 4567 πάντα
514 4527 535 4541 ο
549 4526 568 4560 ι
587 4507 745 4577 Πρὸς
754 4474 834 4578 με
846 4474 1252 4575 ἀνάστρεψιον,
1267 4522 1287 4557 s
1304 4503 1403 4559 καὶ
1416 4504 1530 4559 οὐκ
1540 4474 1892 4572 ἀκέστρεψε·

2008 4503 2028 4538 ι
2040 4485 2123 4541 Ad
2146 4502 2226 4542 me
2242 4494 2516 4552 reuertere,
2527 4502 2546 4536 s
2565 4494 2614 4539 et
2630 4499 2732 4538 non
2747 4492 2825 4537 est
2841 4496 3046 4537 reversa
3068 4495 3086 4535 :
3108 4487 3158 4535 et
3171 4477 3299 4533 uidit
3326 4474 3583 4548 praevari-

285 4603 389 4658 καὶ
442 4601 583 4657 εἶδε
634 4598 750 4668 τὴν
796 4597 1177 4653 ἀσυνθεσίαν
1229 4595 1422 4664 αὐτῆς
1474 4595 1514 4664 ἡ
1564 4593 1900 4660 ἀσύνθετος

298 4695 513 4750 Ἰούδα.
575 4692 700 4745 Ἐπὶ
721 4691 830 4745 πᾶν
848 4690 975 4763 ὅρος
1000 4688 1218 4760 ψεκτῶς
1241 4687 1592 4743 ἀναϐαίνουσι
1613 4687 1706 4740 καὶ
1719 4687 1769 4741 οἱ
1799 4683 1899 4758 τὴν

285 4785 691 4863 ὑπερηφανίαν
722 4784 1024 4847 νοσοῦντες,
1058 4783 1152 4837 καὶ
1176 4781 1415 4852 γίνονται
1445 4780 1552 4835 ὑπὸ
1581 4778 1782 4844 παντὸς
1808 4776 1900 4846 ξύ-

285 4881 383 4936 λου
426 4878 719 4942 ἀλσώδους
762 4877 824 4931 οὐ
877 4874 1181 4946 καρπίμου.
1238 4871 1327 4940 Ἐξ
1371 4872 1640 4945 ἀκάρπων
1684 4871 1793 4943 γάρ
1829 4869 1899 4925 τά

285 4974 431 5047 ἄλση
464 4971 734 5043 δένδρων,
767 4967 1010 5041 τέρψεως
1046 4967 1206 5040 χάριν
1231 4965 1636 5037 φυτευομένων,
1670 4962 1754 5029 οἷς
1785 4962 1897 5017 ἐοί-

288 5083 423 5121 κασι
455 5066 584 5120 τῶν
612 5060 935 5135 ἑτεροδόξων
965 5062 1015 5114 οί
1039 5059 1209 5129 λόγοι,
1251 5057 1448 5122 κάλλος
1480 5056 1697 5129 ἔχοντες
1734 5055 1899 5110 πιθα-

291 5155 550 5227 νότητος,
588 5152 652 5207 οὐ
675 5151 785 5207 τῶν
813 5150 1123 5207 ἀκουόντων
1152 5148 1508 5221 ἐπιστροφὴν,
1528 5142 1613 5213 οἷς
1631 5149 1661 5202 ό
1680 5147 1900 5212 ἐπιδοὺς

294 5243 498 5300 ἑαυτὸν
529 5242 798 5299 ὑποκάτω
832 5240 1124 5313 πορεύεται
1163 5239 1365 5304 παντὸς
1411 5238 1568 5307 ξύλου
1604 5239 1898 5305 ἀλσὼδους,

295 5335 367 5389 δι’
393 5330 459 5390 οὖ
485 5333 654 5405 δῆλον
681 5332 710 5386 δ
742 5348 905 5405 φησιν
934 5332 965 5385 ό
984 5329 1309 5404 νομοθέτηςσ
1334 5330 1418 5385 Οὐ
1438 5329 1759 5399 φυτεύσεις
1778 5326 1903 5385 πᾶν

2000 4580 2260 4635 sationem
2304 4579 2422 4649 ejus
2479 4576 2885 4649 praevaricatrix
2927 4573 3096 4629 Iuda.
3159 4572 3265 4640 Qui
3314 4569 3585 4641 superbiae

2000 4674 2197 4731 morbo
2226 4671 2497 4739 laborant,
2526 4685 2693 4741 super
2721 4682 2942 4724 omnem
2969 4673 3212 4722 montem
3243 4661 3587 4734 culpabilitcr

1999 4764 2323 4827 ascendunt,
2370 4771 2426 4818 et
2472 4763 2577 4819 sub
2622 4759 2775 4817 omni
2822 4759 2970 4830 ligno
3018 4768 3313 4813 nemoroso
3358 4753 3586 4809 minime

2001 4857 2288 4913 fructuosa
2315 4863 2624 4912 versantur.
2656 4851 2738 4907 Es
2782 4849 3072 4906 arboribus
3098 4846 3247 4904 enim
3275 4843 3585 4917 infructuo-

2002 4949 2081 5004 sis
2108 4961 2335 5003 nemora
2370 4952 2500 5002 sunt
2518 4957 2687 5001 unam
2715 4943 2782 4998 ad
2813 4944 3166 5012 voluptatem,
3193 4936 3395 5008 quibus
3418 4935 3585 4991 verba

2004 5054 2260 5112 perverse
2286 5039 2340 5094 in
2370 5037 2477 5093 ﬁde
2499 5035 2852 5092 sentientium
2896 5031 3295 5095 assimilantur,
3338 5028 3585 5100 pulchri-

2005 5132 2250 5188 tudinem
2282 5127 2705 5202 probabilitatis,
2744 5142 2852 5181 non
2896 5123 3235 5181 audientium
3269 5118 3583 5178 conversio-

2006 5241 2132 5283 nem
2164 5222 2444 5279 habentia.
2496 5218 2710 5288 Quibus
2757 5216 2853 5289 ιιιιί
2898 5229 2959 5273 se
3004 5215 3236 5281 dederit,
3283 5212 3387 5270 sub
3435 5209 3587 5266 omni

2005 5318 2154 5389 ligno
2178 5328 2470 5372 nemoroso
2492 5312 2830 5370 obambulat.
2868 5309 2948 5365 Ex
2988 5325 3101 5380 quo
3128 5309 3303 5379 lique:
3331 5304 3477 5376 quod
3511 5303 3590 5358 le-

2005 5409 2232 5481 gislator
2257 5407 2335 5462 ait
2355 5407 2433 5461 ἐς
2465 5404 2586 5460 Non
2612 5404 2881 5475 plautabis
2907 5420 3059 5458 omne
3079 5402 3278 5473 lignum
3300 5398 3398 5455 sub
3419 5397 3593 5451 altare

298 5424 504 5492 ξύλον
547 5422 672 5479 ὑπὸ
695 5423 778 5479 ιτὸ
821 5420 1256 5492 θυσιαστήριον
1316 5421 1539 5490 Κυρίου
1588 5419 1695 5475 τοῦ
1750 5419 1900 5475 Θεοῦ

298 5532 444 5584 σου,
480 5514 590 5571 καὶ
609 5516 682 5570 οὐ
702 5513 978 5583 ποιήσεις
999 5514 1212 5581 ἄλσος.

379 5607 495 5663 Τοῦ
535 5606 747 5661 αὑτοῦ.
786 5605 946 5672 Αὔξει
975 5605 1073 5677 τὴν
1099 5603 1434 5676 κατηγορίαν
1464 5602 1567 5675 τῆς
1609 5599 1780 5655 ’ἰούδα
1800 5617 1901 5670 φυ-

300 5696 424 5768 λῆς,
464 5698 556 5751 ὃτι
590 5694 723 5765 μηδὲ
750 5696 869 5758 ταῖς
885 5692 977 5748 τοῦ
1011 5692 1224 5765 Ἰσραὴλ
1249 5693 1554 5764 συμφοραῖς
1582 5686 1899 5758 ἐπαιδεύθη.

378 5814 427 5844 ’⁸
452 5813 564 5869 lsa.
605 5826 656 5878 ι,
699 5810 792 5866 21.
866 5809 910 5841 ‘”
948 5804 1094 5863 Eccl.
1123 5823 1280 5874 xxxi,
1306 5803 1394 5860 lo.
1469 5805 1515 5838 ’³
1549 5803 1707 5860 Deut.
1739 5768 1964 5872 smel.

2006 5500 2225 5557 Domini
2253 5497 2350 5554 Dei
2382 5497 2480 5561 tui,
2505 5505 2556 5552 et
2583 5513 2687 5552 non
2711 5496 2880 5567 {aries
2909 5510 3112 5551 nemus.

2080 5592 2274 5663 Ejusd.
2314 5587 2736 5645 Accusationem
2763 5587 2940 5642 tribus
2969 5583 3124 5640 Juda:
3161 5580 3410 5651 adauget,
3443 5579 3592 5650 quod

2011 5702 2106 5757 per
2133 5683 2296 5742 Israel
2329 5696 2604 5741 aerumnas
2631 5680 2844 5739 erudita
2874 5692 2982 5736 non
3012 5675 3196 5734 fuerit.
3229 5674 3402 5732 Porro
3432 5672 3594 5730 idolis
