4140 6434
539 345 643 402 547
1925 342 2008 396 EX
2053 342 2111 398 Ol

2225 343 2356 398 ENE
3687 359 3797 416 sta

540 467 883 524 addictorum
930 466 1296 535 stupidilatcm
1331 461 1657 527 ostendens,
1690 461 1834 534 ligna
1883 461 2111 532 lapides-

2222 462 2294 513 Τὸ
2319 461 2377 513 δέ
2410 461 2517 513 τῶν
2566 460 3091 534 εἱδωλολατρούντων
3130 463 3455 535 ἀναίσθητον
3494 468 3800 539 ἐμφαίνων,

540 574 648 629 que
694 568 850 613 vocat
897 559 1060 623 idola,
1109 557 1461 610 considerans
1511 555 1818 609 daemonum
1880 554 1934 607 in
1986 555 2111 622 ipsis

2222 553 2372 616 ξύλα,
2406 553 2498 605 καὶ
2530 553 2708 615 λίθους
2737 553 2893 606 καλεῖ
2917 554 2983 607 τὰ
3012 553 3239 615 εἴδωλα,
3279 559 3558 628 excussa;
3585 563 3711 624 τοὺς
3741 563 3803 616 ὲν

540 649 798 704 latebras.
831 647 897 701 Et
931 659 1108 702 tamen
1155 648 1338 717 potius
1384 646 1630 701 converti
1671 647 1933 700 debuerat
1976 645 2111 700 Juda

2218 645 2400 706 αὐτοῖς
2426 643 2838 713 ἐμφωλεύοντας
2872 645 3150 714 δαίμονας.
3203 646 3396 698 Καίτοι
3437 648 3636 716 μᾶλλον
3681 653 3792 705 ἐπι-

537 741 706 795 veluti
740 740 938 794 mulier
968 742 1127 794 ducta
1159 740 1229 793 ob
1249 738 1667 792 fornicationem
1692 739 1907 808 eiectat;
1938 740 2111 809 majus

2219 736 2471 806 στρέφειν
2519 735 2686 806 ἐχρῆν
2725 735 2817 788 τὸν
2873 735 3105 798 Ἰούδαν,
3143 735 3332 808 ὥσπερ
3380 740 3800 798 ἐπεισελθοῦσαν

537 831 683 886 enim
724 831 930 885 crimen
978 831 1022 884 si
1067 830 1183 899 ejus
1226 830 1466 883 imitetur
1500 827 1932 883 fornicationem.
1967 827 2111 882 Talis

2215 830 2448 894 γυναῖκα
2482 827 2578 894 τὴν
2600 826 2688 879 διὰ
2712 825 2967 897 πορνείαν
3003 825 3438 898 ἐκϐεϐλημένην·
3480 830 3662 900 μεῖζον
3689 832 3800 904 γὰρ

537 930 655 977 erat
685 920 993 976 Judaeorum
1041 922 1306 990 populus:
1339 937 1462 975 cum
1507 936 1635 974 vere
1676 920 1913 974 converti
1955 919 2115 973 debe-

542 1023 642 1077 ret,
695 1012 783 1066 ille
829 1012 1138 1076 simulabat=
1183 1009 1350 1064 Deum
1404 1010 1562 1064 labiis
1606 1009 1918 1063 honorans:
1952 1024 2110 1077 quem

537 1101 798 1172 populum
833 1101 1257 1169 incompositum
1288 1101 1544 1170 appellat,
1573 1109 1633 1153 ut
1661 1099 1753 1168 qui
1790 1099 1962 1168 pactis
1991 1116 2113 1168 quae

535 1209 659 1248 cum
701 1193 814 1248 Deo
860 1193 1073 1255 inierat.
1123 1209 1230 1246 non
1285 1190 1530 1256 steterit;
1583 1191 1731 1260 atqui
1781 1191 2111 1248 erudiendus

535 1285 717 1354 potius
745 1295 884 1348 erat,
916 1284 1058 1353 quod
1107 1292 1160 1336 et
1209 1283 1468 1350 templum
1497 1282 1744 1343 haberet,
1789 1289 1843 1334 et
1886 1296 2006 1350 qua:
2056 1283 2108 1335 in

539 1377 660 1444 ipso
690 1375 1107 1445 peragebantur.
1137 1374 1234 1427 Sic
1257 1383 1310 1427 et
1332 1373 1487 1426 nobis
1515 1371 1642 1425 illud
1675 1371 1974 1425 maximum
2009 1372 2110 1426 im-

541 1464 710 1518 minet
735 1465 1070 1533 periculum,
1106 1463 1150 1516 si
1198 1471 1321 1532 post
1353 1459 1555 1515 Christi
1598 1461 1888 1515 adventum
1925 1463 2110 1532 expia-

538 1554 740 1611 tionem
775 1565 1155 1626 peccatorum,
1203 1554 1545 1623 Spiritusquc
1593 1554 1764 1608 sancti
1811 1556 2104 1624 participa-

535 1648 736 1702 tionem
769 1663 1075 1717 peccemus,
1118 1647 1171 1700 iu
1200 1647 1500 1716 primisque
1529 1643 1837 1700 Judzeorum
1881 1647 2108 1716 eiectio-

536 1755 660 1792 nem
690 1755 798 1806 prae
821 1739 998 1793 oculis
1032 1739 1307 1792 habentes.
1343 1738 1552 1792 Etenim
1581 1738 1625 1791 si
1654 1738 1820 1792 ramis
1860 1739 1962 1792 sibi
2010 1755 2108 1792 na-

535 1839 656 1884 tura
705 1831 1009 1898 conjunctis
1061 1831 1202 1886 Deus
1244 1845 1354 1884 non
1403 1829 1664 1900 pepercit,
1718 1830 1889 1883 multo
1935 1831 2108 1900 magis
2141 1795 2181 1848 Β

534 1923 975 1992 delinquentibus
1001 1923 1159 1978 nobis
1188 1937 1296 1977 non
1320 1931 1525 1991 parcet.

1189 2011 1344 2066 CAP.
1391 2011 1448 2065 γ.

603 2103 656 2157 6.
699 2102 827 2156 Ideo
855 2105 1112 2172 percussit
1138 2120 1224 2157 eos
1253 2103 1354 2169 (eo,
1388 2113 1492 2158 etc.
1539 2101 1674 2156 Eum
1715 2103 1806 2171 qui
1844 2105 2112 2171 percussit

532 2211 650 2259 eos,
686 2205 846 2250 vocat
881 2197 1110 2259 leonem,
1154 2205 1207 2250 et
1242 2197 1426 2264 lupum
1465 2205 1518 2248 et
1561 2195 1808 2264 pardum.
1847 2193 2111 2250 Videntur

534 2296 714 2340 autem
744 2286 952 2340 insidia:
979 2285 1032 2339 in
1058 2287 1191 2356 ipsis
1215 2283 1522 2338 actionibus
1546 2285 1614 2337 ab
1643 2283 1727 2337 his
1761 2284 1853 2352 qui
1880 2283 2109 2352 ﬁgurate

535 2377 718 2432 leones
759 2385 1023 2429 vocantur
1068 2374 1251 2439 factze;
1305 2374 1358 2427 in
1403 2373 1676 2427 intellectu
1722 2373 1962 2432 vero,ab
2023 2373 2108 2427 his

533 2469 625 2537 qui
655 2467 790 2537 parti
826 2467 1014 2534 animi,
1046 2482 1154 2536 qua
1185 2480 1370 2521 verum
1406 2465 1751 2536 perspicitur,
1789 2480 1982 2520 nocere
2010 2481 2108 2520 vo-

531 2560 672 2616 lunt.
704 2561 912 2616 Pardus
942 2562 1084 2616 enim
1126 2562 1178 2616 in
1207 2562 1354 2631 ipsos
1389 2559 1579 2614 oculos
1618 2559 1827 2614 insilire
1868 2559 2103 2624 dicitur;

531 2653 617 2707 leo
641 2667 790 2717 vero,
821 2653 984 2709 sicuti
1021 2668 1087 2708 ex
1125 2653 1368 2708 historiis
1400 2653 1683 2713 habemus,
1717 2649 1997 2705 confectus
2021 2665 2109 2706 se-

532 2745 626 2799 nio
649 2745 792 2800 circa
838 2746 1002 2799 urbes
1044 2753 1316 2809 versatur,
1365 2743 1648 2797 hominum
1698 2744 1874 2812 praeda
1920 2743 2108 2797 volens

531 2837 714 2908 potiri.
755 2837 891 2890 Illud
941 2849 1198 2904 praeterea
1230 2834 1429 2900 fertur,
1465 2850 1531 2889 ex
1567 2835 1748 2902 ipsius
1782 2836 2024 2898 ossibus,
2059 2835 2108 2889 si

532 2928 878 2991 collidantur,
919 2935 1015 2980 aut
1048 2925 1366 2989 tuudautur,
1403 2925 1582 2994 ignem
1621 2925 1826 2978 excuti.
1862 2923 1929 2978 Et
1972 2923 2110 2979 forte

533 3035 655 3085 leo,
705 3019 1015 3088 pardusque
1061 3018 1166 3074 erit
1216 3015 1724 3070 Nabuchodonosor
1769 3016 1862 3084 qui
1917 3016 2107 3070 urbem

2215 918 2464 986 ἔγκλημα
2509 918 2608 986 τῆς
2641 916 2856 986 ἐκείνης
2895 917 2944 969 εί
2981 920 3197 986 μιμοῖτο
3238 918 3510 988 πορνείαν.
3558 921 3793 996 Τοιαύτη

2212 1007 2318 1058 τῶν
2362 1007 2628 1060 Ἰουδαίων
2663 1009 2696 1076 ἡ
2732 1007 2984 1060 κατοικία
3005 1025 3017 1036 ·
3046 1008 3164 1060 δέον
3195 1011 3545 1080 ἐπιστρέφειν
3574 1014 3633 1077 ἐξ
3666 1015 3795 1084 ἀλη-

2213 1095 2384 1160 θείας,
2437 1097 2560 1167 ήδέ
2596 1097 2807 1166 ψευδῶς
2851 1097 3222 1150 ύπεπλάττετο
3266 1099 3356 1152 τὸν
3401 1101 3533 1154 Θεὸν
3580 1104 3794 1172 τιμιῗσα

2210 1191 2323 1251 τοῖς
2351 1187 2602 1259 χείλεσιν,
2635 1191 2700 1259 ην
2727 1188 3016 1241 ἀσύνθετον
3037 1188 3210 1250 καλεῖ,
3241 1189 3316 1252 ὡς
3354 1190 3453 1253 τὰς
3495 1193 3628 1262 πρὸς
3660 1194 3793 1245 Θεὸν

2212 1283 2535 1352 παραδεῖσαν
2589 1281 2887 1351 συνθήκας·
2943 1283 3120 1335 καίτοι
3191 1283 3539 1336 παιδεύεσθαι
3594 1288 3791 1356 μᾶλλον

2209 1373 2396 1442 ἐχρῆν,
2426 1372 2518 1426 τὸν
2542 1372 2668 1425 ναὸν
2690 1372 2908 1441 ἔχουσα,
2943 1373 3039 1425 καὶ
3067 1371 3136 1424 τὰ
3166 1374 3222 1426 ἐν
3266 1372 3414 1442 αύτῴ
3446 1374 3588 1427 κατὰ
3625 1376 3790 1445 νόμον

2209 1463 2619 1533 ἐπιτελούμενα.
2650 1463 2805 1515 Οὕτω
2839 1464 2932 1515 καὶ
2973 1463 3105 1533 ἡμῖν
3139 1463 3396 1518 κινδύνων
3434 1466 3462 1517 ό
3513 1465 3788 1534 μέγιστος,

2207 1554 2301 1606 ἐὰν
2331 1555 2732 1626 ἁμαρτάνωμεν
2768 1554 2906 1623 μετὰ
2932 1554 3029 1624 τὴν
3061 1556 3298 1626 Χριστοῦ
3340 1557 3664 1628 παρουσίαν.
3699 1560 3791 1610 καὶ

2207 1645 2472 1716 λύτρωσιν
2516 1645 2832 1715 ἁμαρτιῶν,
2861 1647 2954 1699 καὶ
3007 1646 3222 1715 μέθεξιν
3259 1647 3413 1715 ἁγίου
3454 1648 3786 1718 Πνεύματος,

2209 1738 2305 1789 καὶ
2335 1737 2572 1806 μάλιστα
2593 1735 2689 1805 τὴν
2735 1735 2996 1788 Ἰουδαίων
3019 1734 3254 1806 ὁρῶντες
3283 1736 3580 1808 ἀτωϐολήν·
3606 1741 3653 1790 εί
3683 1739 3790 1809 γὰρ

2212 1827 2318 1880 τῶν
2359 1827 2498 1880 κατὰ
2528 1827 2687 1895 φύσιν
2713 1825 2918 1879 κλάδων
2949 1828 2976 1878 ό
3015 1825 3146 1890 Θεὸς
3171 1829 3270 1880 οὐκ
3304 1830 3580 1896 ἐφείσατο,
3611 1831 3788 1902 πολλῷ

2217 1919 2414 1990 μᾶλλον
2442 1921 2864 1990 ἁμαρτανόντων
2897 1917 3053 1986 ἡμῶν
3079 1919 3106 1970 ό
3138 1917 3269 1981 Θεὸς
3303 1920 3402 1972 οὑκ
3427 1919 3693 1984 ἀνέξεται.

2858 2013 3013 2064 ΚΕΦ.
3056 2013 3131 2064 E'.

2283 2102 2334 2155 G.
2377 2103 2479 2155 Διὰ
2506 2102 2681 2155 τοῦτο
2705 2103 2956 2156 ἔπαισεν
2983 2103 3202 2169 αὐτοὺς
3227 2103 3402 2164 λέων,
3432 2121 3484 2157 κ.
3514 2121 3565 2156 τ.
3605 2107 3650 2159 ἐ.
3684 2104 3789 2161 Τὸν

2212 2193 2613 2264 περιπαίσαντα
2660 2195 2855 2257 αὐτοὺς
2899 2195 3046 2262 λέγει
3096 2194 3306 2259 λέοντα,
3362 2197 3456 2248 καὶ
3481 2195 3642 2248 λύκον
3692 2196 3788 2250 καὶ

2211 2284 2495 2355 πάρδαλιν.
2529 2288 2684 2338 Δοκεῖ
2702 2285 2756 2338 δὲ
2787 2287 2820 2354 ὴ
2858 2287 2954 2356 μὲν
2989 2286 3127 2338 κατὰ
3151 2286 3249 2349 τὰς
3277 2285 3500 2356 πράξεις
3530 2287 3786 2348 ἐπιϐουλὴ

2211 2378 2316 2430 ὑπὸ
2348 2378 2454 2430 τῶν
2478 2378 2753 2449 τροπικῶς
2783 2378 3090 2448 λεγομένων
3123 2377 3351 2432 λεόντων
3377 2380 3619 2448 γίνεσθαι
3637 2396 3650 2409 ’
3676 2382 3708 2450 ή
3731 2381 3786 2432 δὲ

2211 2470 2351 2524 κατὰ
2375 2469 2470 2540 τὴν
2486 2469 2686 2537 γνῶσιν
2703 2471 2807 2522 ὑπὸ
2829 2471 2935 2523 τῶν
2959 2470 3155 2539 βλάψαι
3178 2471 3238 2522 τὸ
3257 2470 3559 2540 διορατικὸν
3578 2473 3674 2542 τῆς
3688 2471 3786 2541 ψυ-

2210 2560 2310 2631 χῆς
2341 2559 2694 2630 βουλομένων.
2739 2560 2802 2612 Ἢ
2835 2559 2944 2632 γὰρ
2975 2559 3238 2630 πάρδαλις
3260 2562 3530 2632 ἐπιπηδᾷν
3551 2562 3785 2632 μάλιστα

2209 2649 2427 2718 λέγεται
2451 2654 2561 2713 τοῖς
2583 2650 2877 2722 ὀφθαλμοῖς
2895 2669 2906 2680 ·
2934 2653 2962 2704 ό
2984 2651 3040 2704 δέ
3061 2652 3216 2715 λέων,
3245 2651 3320 2714 ὡς
3352 2653 3661 2723 ἱστορεῖται,
3687 2670 3786 2723 γη-

2211 2743 2381 2814 ράσας
2412 2745 2536 2816 περὶ
2569 2745 2668 2807 τὰς
2694 2744 2872 2807 πόλεις
2901 2745 3121 2814 νέμεται
3141 2783 3156 2805 ,
3206 2743 3460 2817 θηρεύειν
3487 2745 3654 2799 θέλων
3687 2747 3782 2798 ἀν-

2211 2833 2481 2906 θρώπους.
2531 2837 2763 2904 Λέγεται
2811 2836 2899 2902 δὲ,
2939 2837 3020 2890 ὃτι
3057 2837 3152 2890 καὶ
3194 2839 3258 2891 ἐκ
3285 2838 3394 2894 τῶν
3422 2837 3592 2892 ὀστῶν
3620 2837 3786 2892 αὑτοῦ

2211 2929 2559 2998 κοπτομένων
2592 2929 2624 3000 ἢ
2655 2928 3032 2998 πτισσομένων
3058 2929 3169 2998 πῦρ
3197 2929 3494 3000 ἐξέρχεται.
3517 2930 3628 2984 Καὶ
3660 2929 3787 2992 ἴσως

2211 3018 2347 3073 λέων
2378 3019 2442 3072 ἂν
2477 3018 2562 3088 εἴη
2597 3020 2689 3072 καὶ
2717 3017 2980 3090 πάρδαλις
2999 3019 3028 3070 ό
3068 3019 3534 3091 Ναϐουχοδονόσορ
3563 3020 3660 3091 τὴν
3690 3020 3787 3075 πό-

531 3111 776 3182 diripuit,
808 3122 862 3165 et
895 3110 1061 3164 veluti
1109 3109 1313 3180 pardus
1357 3108 1477 3178 ejus
1517 3108 1728 3173 oculos,
1769 3123 1948 3178 regem
1977 3123 2102 3163 cum

2213 3108 2291 3160 λιν
2318 3107 2486 3172 ἐλὼν,
2527 3107 2622 3161 καὶ
2668 3107 2744 3170 ὡς
2790 3106 3053 3176 πάρδαλις
3099 3110 3224 3171 τοὺς
3257 3109 3568 3180 ὀφθαλμοὺς
3618 3109 3786 3178 αὐτῆς

532 3203 854 3272 primatibus
885 3200 1090 3265 ellodit,
1127 3217 1190 3255 ac
1227 3201 1440 3254 tandem
1471 3198 1752 3253 Sedeciam
1787 3199 1960 3254 oculis
1993 3200 2106 3268 pri-

532 3293 696 3348 vavit.
724 3292 859 3347 Ossa
894 3305 1076 3346 autem
1109 3293 1229 3361 ejus
1263 3290 1486 3361 mtelligi
1529 3300 1786 3360 poterunt
1823 3289 2104 3345 Nabuzar—

532 3385 662 3449 dan,
695 3385 786 3454 qui
814 3383 1000 3438 urbem
1035 3385 1312 3438 cremavit.

1058 3475 1224 3545 239
1273 3473 1424 3530 CAP.
1471 3472 1576 3527 vn.

601 3565 690 3620 21.
736 3565 1177 3618 Holocautomala
1217 3575 1386 3619 vestra
1430 3575 1754 3636 congregata.
1787 3566 1945 3620 Clare
1985 3581 2108 3636 per-

531 3659 749 3728 quirere
775 3658 954 3721 docet,
993 3673 1114 3726 que
1141 3657 1536 3712 sacriﬁciorum
1574 3657 1732 3711 ratio.
1769 3658 1947 3712 Ansas
1978 3673 2108 3711 vero

531 3751 662 3803 dant
692 3748 852 3803 verba
873 3747 1167 3818 Scriptum
1189 3749 1274 3803 "z
1309 3748 1650 3818 Sasriﬁcium
1699 3749 1804 3802 Deo
1848 3765 1940 3802 cor
1983 3765 2109 3805 con-

533 3844 747 3904 tritum,
799 3852 851 3894 et
871 3841 957 3894 ’δε
994 3841 1304 3909 Sacri/ictuc
1352 3841 1674 3910 sacriﬁcium
1706 3842 1955 3910 justititt.
2000 3841 2110 3897 Eos

531 3947 662 3986 vero
704 3933 798 4002 qui
833 3933 990 3987 aliter
1024 3946 1084 3996 se
1132 3933 1364 3998 habent,
1406 3942 1462 3987 et
1501 3934 1781 4002 corporeis
1823 3935 2109 3988 sacrificiis

533 4023 693 4092 plane
724 4021 892 4076 dediti
918 4030 1067 4087 sunt,
1099 4021 1404 4092 corrigebat
1437 4020 1688 4076 Salvator
1715 4019 1904 4075 dicens
1923 4021 1968 4052 "'
1999 4038 2010 4072 :
2048 4019 2109 4073 Si

532 4115 736 4168 sciretis
763 4114 888 4184 quid
913 4121 1014 4178 est,
1057 4111 1484 4174 Misericordia":
1523 4111 1637 4165 uolo
1672 4119 1722 4164 et
1762 4127 1864 4165 non
1899 4112 2111 4180 sacriﬁ—

531 4208 694 4271 cium,
741 4220 1011 4274 nusquam
1060 4204 1312 4259 innoxios
1352 4202 1892 4258 condemuavissetis.
1949 4201 2108 4268 Quod

532 4307 712 4351 autem
758 4297 825 4350 ad
878 4296 1106 4365 mystica
1157 4303 1362 4364 spectet
1410 4295 1524 4350 haec
1573 4295 1875 4363 legislatio,
1924 4296 2111 4350 docuit

531 4385 733 4441 Paulus
759 4386 950 4441 dicens
967 4386 1016 4419 ⁷⁸
1045 4403 1060 4439 :
1091 4385 1194 4450 Qui
1227 4385 1466 4455 exemplo
1487 4396 1535 4440 et
1567 4388 1753 4440 unsbra
1792 4385 1970 4439 colunt
2008 4403 2111 4440 ca:-

532 4477 704 4532 Iastia.

1149 4569 1301 4623 CAP.
1341 4568 1474 4626 VIII.

2213 3197 2462 3270 ἐξαίρων,
2493 3198 2584 3250 τὸν
2617 3197 2841 3268 βασιλέα
2877 3200 2972 3251 σὺν
3015 3201 3126 3262 τοῖς
3169 3198 3439 3270 πρώτοις,
3481 3199 3703 3270 ὕστερον
3732 3199 3789 3253 δλ

2211 3291 2459 3345 Σεδεκίου
2498 3293 2624 3353 τοὺς
2669 3290 2977 3360 ὀφθαλμοὺς
3016 3290 3275 3360 ἐκκόψας.
3325 3291 3489 3345 ὐστᾶ
3523 3291 3580 3345 δέ
3624 3291 3788 3346 αὐτοῦ

2212 3382 2429 3453 νοηθείη
2452 3381 2841 3454 Ναϐουζαρδὰν
2871 3382 2967 3452 τὴν
2997 3383 3151 3436 πόλιν
3179 3384 3489 3453 ἐμπρήσας.

2870 3473 3025 3525 ΚΕΦ.
3068 3475 3142 3527 Z'.

2283 3564 2371 3619 21.
2423 3566 2496 3619 Τὰ
2525 3566 2985 3634 ὁλοκαυτώματα
3029 3564 3197 3634 ὑμῶν
3243 3566 3552 3636 συνάγετε.
3596 3566 3787 3635 Σαφῶς

2213 3655 2484 3722 ἐξετάζειν
2511 3657 2750 3712 διδάσκει
2787 3656 2920 3720 τίςὸ
2957 3657 3085 3726 περὶ
3126 3655 3324 3716 θυσιῶν
3360 3657 3534 3725 λόγος.
3598 3658 3789 3727 ’Δίφορ-

2216 3752 2322 3821 μὰς
2352 3767 2412 3803 τε
2453 3750 2522 3803 τὰ
2563 3749 2719 3818 λόγια
2757 3749 2940 3802 δίδωσι
2973 3749 3232 3816 λέγοντα’
3291 3751 3482 3804 Θυσία
3535 3748 3614 3814 τῷ
3666 3749 3787 3814 Θεῷ

2213 3843 2448 3912 πνεῦμα
2477 3843 3012 3912 συντετριμμένον
3041 3845 3158 3907 καὶ,
3197 3844 3428 3898 Θύσατε
3455 3845 3672 3898 θυσίαν
3702 3843 3787 3894 δι-

2213 3935 2560 4001 καιοσύνης.
2587 3934 2726 3997 Τοὺς
2759 3934 2818 3987 δὲ
2847 3934 2924 4005 μὴ
2946 3933 3118 4000 οὕτως
3150 3935 3394 4005 ἔχοντας,
3445 3934 3573 4004 περὶ
3604 3933 3659 3984 δέ
3695 3932 3788 3986 θυ-

2215 4026 2334 4090 σίας
2392 4026 2762 4098 ἐπτοημένους
2799 4027 3118 4097 σωματικῆς
3173 4027 3504 4098 ἐπέστρεφεν
3543 4029 3572 4080 ό
3599 4025 3789 4098 Σωτὴρ

2215 4116 2412 4186 λέγων’
2441 4120 2510 4174 Εἰ
2540 4115 2608 4170 δὲ
2625 4116 2936 4187 ἐγνώκειτε
2962 4117 3019 4170 τι
3039 4117 3229 4182 ἐστιν,
3259 4119 3469 4171 Ἐλεον
3490 4117 3661 4179 θέλω,
3691 4116 3789 4170 καὶ

2213 4208 2284 4259 οὐ
2313 4207 2561 4269 θυσίαν,
2611 4205 2714 4270 οὐκ
2759 4204 2826 4259 ἂν
2881 4205 3273 4262 κατεδικάσατε
3322 4207 3448 4266 τοὺς
3492 4207 3784 4268 ἀναιτίους.

2217 4297 2334 4348 ’Ὁτι
2367 4297 2423 4348 δέ
2459 4296 2585 4368 περὶ
2614 4291 2942 4370 μυστικῶνῇ
2967 4297 3188 4367 τοιαύτη
3216 4297 3538 4367 νομοθ;σία,
3578 4296 3788 4361 Παῦλος

2215 4385 2419 4452 ἐδίδαξε
2452 4387 2623 4455 λέγων
2645 4404 2658 4417 °
2705 4389 2931 4454 Οῖτινες
2963 4389 3346 4458 ὑποδείγματι
3379 4389 3477 4443 καὶ
3509 4387 3651 4456 σκιᾷ
3677 4394 3786 4452 ..ια-

2216 4482 2493 4547 τρεύουσι
2517 4481 2635 4534 τῶν
2663 4483 3052 4551 ἐπουρανίων.

2860 4577 3017 4628 ΚΕΦ.
3073 4577 3151 4628 H'.

608 4657 657 4714 7.
697 4658 741 4713 Τ
741 4669 897 4713 urtur
920 4669 969 4713 et
1005 4661 1233 4712 hirundo
1271 4661 1386 4729 agri
1413 4676 1668 4729 passeres.
1708 4659 1911 4715 Turtur
1941 4670 1996 4716 et
2027 4661 2109 4716 hi-

2285 4663 2338 4715 7.
2384 4662 2620 4730 T1:er
2650 4663 2746 4716 καὶ
2783 4663 3038 4731 χελιδὼν
3070 4664 3253 4734 ἀγροῦ
3283 4665 3589 4733 στρουθία.
3643 4663 3780 4734 Τρυ-

534 4753 711 4806 rundo
745 4753 877 4821 pulli
910 4754 1055 4820 agri;
1102 4751 1395 4822 prudentes
1444 4751 1722 4808 auditores
1764 4761 1819 4807 et
1856 4754 1924 4808 ad
1967 4754 2110 4808 bona

533 4860 763 4914 quaeque
789 4843 1109 4913 explicanda
1140 4843 1317 4898 idonei
1357 4845 1732 4900 custodierunt
1761 4851 1976 4913 tempus
2008 4859 2109 4913 op-

534 4943 829 5004 portunum
869 4933 1136 4988 adventus
1170 4934 1288 4997 sui,
1323 4943 1381 4987 ut
1412 4933 1617 4988 dictum
1645 4942 1852 5004 pungat
1879 4935 2111 4989 audieu»

534 5037 636 5092 tes,
663 5027 898 5084 adventu
928 5025 1158 5081 turturis
1205 5041 1329 5080 cum
1366 5026 1601 5079 adventu
1636 5025 1946 5083 hirundinis
1983 5042 2115 5081 con-

533 5129 809 5174 currente.

1192 5212 1276 5265 (1A
1287 5212 1341 5264 Ρ.
1383 5209 1454 5262 Χ.

608 5302 695 5359 I3.
725 5300 793 5356 Et
820 5303 1152 5372 congregavit
1184 5302 1342 5354 nubes
1371 5301 1434 5354 ab
1461 5309 1694 5355 extremo
1721 5310 1894 5356 terra.
1928 5300 2118 5355 Elerat

535 5405 718 5450 autem
767 5402 819 5448 et
865 5394 1038 5449 nubes
1091 5393 1160 5449 ab
1200 5401 1446 5447 extremo
1493 5400 1684 5456 terrae,
1733 5393 1902 5446 maris
1943 5407 2114 5460 aquas

536 5486 837 5552 advocans,
879 5499 1082 5554 easque
1129 5499 1292 5553 super
1350 5493 1505 5540 terra:
1564 5483 1754 5540 faciem
1809 5481 2113 5538 eﬂ‘undens.

536 5579 656 5633 Alio
694 5594 857 5633 sensu
899 5580 1063 5633 etiam
1111 5589 1328 5634 sanctos
1369 5575 1654 5646 Scriptura
1697 5573 1869 5629 nubes
1918 5583 2107 5637 vocat,

609 5757 653 5788 "
678 5758 820 5812 Psal.
863 5762 1028 5824 1.,19.
1105 5762 1152 5793 “
1195 5760 1333 5814 l’sal.
1365 5776 1437 5824 Iv,
1469 5760 1521 5812 6.
1562 5760 1607 5791 ⁷⁵
1638 5757 1824 5811 Matth.
1877 5771 1975 5821 XII,
2020 5757 2069 5810 7.

2215 4754 2327 4824 γὼν
2344 4756 2436 4809 καὶ
2456 4755 2674 4824 χελιδὼν
2701 4755 2872 4826 ἀγροῦ
2899 4755 3150 4827 στρουθία
3166 4773 3179 4787 ·
3211 4757 3260 4810 οἱ
3287 4757 3493 4810 συνετοὶ
3524 4757 3790 4824 ἀκροαταὶ

2215 4845 2309 4898 καὶ
2342 4847 2391 4897 οἱ
2421 4848 2501 4908 είς
2535 4846 2595 4898 τὸ
2621 4845 2800 4914 λέγειν
2821 4845 2890 4898 τὰ
2918 4847 3201 4918 κρείττονα
3231 4847 3406 4902 ἱκανοὶ
3432 4845 3700 4914 ἐφύλαξαν
3731 4846 3788 4896 ἐν

2219 4935 2396 5007 καιρῷ
2435 4936 2702 4989 ποιεῖσθαι
2727 4937 2825 5000 τὰς
2859 4936 2995 5000 ίδίας
3018 4938 3255 5002 εἰσόδους
3277 4977 3292 5002 ,
3317 4936 3456 4990 ὥστε
3478 4934 3538 4988 τὸ
3563 4933 3790 5004 λεγόμε-

2218 5044 2308 5080 νον
2334 5026 2706 5080 καθικνεῖσθαι
2736 5026 2845 5080 τῶν
2881 5027 3219 5095 ἀκουόντων,
3265 5026 3662 5098 συντρεχούσης
3691 5026 3790 5096 τῆς

2221 5119 2426 5172 είσόδου
2462 5117 2560 5186 τῆς
2591 5116 2851 5187 χελιδόνος
2877 5120 2943 5188 τῇ
2974 5117 3162 5190 εἰσόδῳ
3187 5118 3286 5188 τῆς
3309 5117 3587 5188 τρυγόνος.

2876 5210 3032 5263 ΚΕΦ.
3075 5211 3129 5264 l'.

2289 5300 2397 5356 Καὶ
2425 5299 2685 5370 ἀνήγαγε
2711 5287 2969 5371 νεφέλας
2987 5299 3054 5364 ἐξ
3074 5297 3335 5369 ἐσχάτου
3354 5299 3464 5366 τῆς
3478 5297 3609 5368 γῆς.
3643 5295 3790 5352 ’Δνά-

2220 5410 2307 5461 γει
2336 5393 2392 5446 δὲ
2421 5393 2515 5446 καὶ
2538 5392 2764 5462 νεφέλας
2793 5391 2854 5455 ἐξ
2883 5391 3109 5461 ἐσχάτου
3139 5393 3236 5462 τῆς
3279 5390 3402 5461 γῆς,
3453 5386 3791 5460 προσκαλού-

2225 5500 2381 5553 μενος
2399 5483 2460 5535 τὸ
2496 5481 2639 5553 ὕδωρ
2685 5482 2783 5552 τῆς
2823 5481 3088 5551 θαλάττης
3133 5482 3226 5536 καὶ
3274 5480 3480 5552 ἐκχέων
3520 5478 3652 5533 αὐτὸ
3699 5475 3790 5529 ἐπὶ

2221 5575 2510 5645 πρόσωπον
2532 5573 2628 5645 τῆς
2644 5574 2766 5643 γῆς.
2791 5573 2899 5626 Καὶ
2921 5572 3093 5636 ἄλλως
3120 5573 3175 5625 δὲ
3195 5575 3318 5636 τοὺς
3337 5573 3524 5634 ἁγίους
3549 5573 3584 5642 ή
3602 5563 3791 5641 Γραφὴ

2146 5756 2191 5787 ⁷⁶
2233 5754 2391 5810 Hebr.
2449 5773 2566 5818 Vin.
2603 5757 2657 5812 5.
