4140 6440
326 378 428 434 549
472 338 481 343 ’

1536 372 1847 431 SELECTA
1887 373 1954 428 lN
1992 374 2366 432 JEREMIAM.

3506 376 3622 432 550

313 490 547 565 νιφόλας
602 491 780 556 καλεῖ,
827 493 915 561 ἐφ’
940 490 1009 557 ἃς
1066 491 1328 560 ἀνάγεται
1380 492 1441 545 τὸ
1489 491 1590 562 τῆς
1654 489 1905 560 ἀληθείας

2021 492 2088 546 ad
2133 509 2271 562 quas
2310 492 2558 548 veritatis
2608 509 2750 563 aqua
2800 508 3021 549 sursum
3068 492 3278 548 tollitur
3324 507 3501 565 usque
3554 497 3625 550 ad

318 583 461 658 ὕδωρ
482 583 585 648 ἕως
618 584 725 638 τῶν
754 583 1014 653 νεφελῶν.
1045 580 1171 645 Πῶς
1197 581 1308 652 γὰρ
1330 580 1397 635 ἂν
1419 582 1512 634 ἐπὶ
1544 581 1643 643 τὰς
1667 580 1915 651 ἀψύχους

316 674 609 746 ἁνάγοιτο;
658 674 796 727 Ἀλλ’
817 675 909 727 ἐπὶ
939 674 1065 738 τοὺς
1099 673 1396 736 ἀκούοντας
1436 672 1534 743 τῆς
1564 671 1785 743 ἐντολῆς
1816 670 1911 726 τοῦ

317 764 473 822 Θεοῦ.

389 856 476 913 15.
530 857 862 924 Ἀστραπὰς
908 857 997 921 εὶς
1055 853 1235 910 ὑετὸν
1277 855 1587 925 ἐποίησεν.
1647 855 1914 924 Λέγουσιν

313 953 364 1005 οἱ
386 952 514 1023 περὶ
538 948 713 1004 ταῦτα
736 948 924 1011 δεινοὶ,
950 947 1128 1017 νεφῶν
1148 946 1400 1018 ἀλλήλοις
1434 947 1910 1019 συγκρουομένων,

313 1042 389 1107 ὡς
417 1041 509 1094 ἐπὶ
538 1040 703 1094 λίθων
726 1039 1067 1110 πυρογόνων,
1092 1033 1225 1109 ἦχόν
1258 1056 1318 1091 τε
1358 1038 1611 1108 γενέσθαι
1659 1038 1909 1110 βροντῆςν

316 1132 412 1186 καὶ
432 1130 549 1203 φῶς
583 1131 893 1204 ἀστραπῆς.
1216 1142 1226 1150 ·

389 1224 477 1279 15.
518 1220 909 1293 Καί-ἐξήγαγε
931 1219 1059 1291 φῶς
1088 1220 1158 1274 ἐκ
1178 1220 1501 1289 θησαυρῶν
1515 1220 1724 1275 αὐτοῦ.
1755 1220 1912 1275 Κατά

317 1314 416 1385 μὲν
446 1314 510 1367 τὸ
556 1314 869 1385 πρόχειρον,
910 1311 1186 1383 θησαυρὸν
1224 1311 1306 1364 δεῖ
1344 1311 1525 1381 λέγειν
1561 1312 1622 1365 τὸ
1663 1312 1913 1384 βούλημα

312 1405 410 1459 τοῦ
441 1403 600 1458 Θεοῦ.
654 1404 849 1470 Αὐτὸς
879 1402 989 1475 γὰρ
1022 1400 1173 1468 εἶπε,
1192 1402 1293 1457 καὶ
1312 1402 1702 1473 ἐγενήθησαν·
1729 1401 1912 1468 αὐτὸς

312 1494 656 1548 ἐνετείλατο
685 1495 784 1549 καὶ
812 1494 1209 1564 ἐκτίσθησαν.
1267 1494 1459 1559 Εἷποις
1488 1494 1545 1548 δὲ
1570 1493 1664 1548 καὶ
1693 1494 1910 1564 ἀνέμων

315 1581 458 1639 εἶναι.
487 1585 811 1658 θησαυροὺς,
845 1586 1095 1640 τουτέστι
1138 1586 1491 1655 πνευμάτων.
1535 1585 1762 1656 Πνεῦμα
1800 1584 1912 1656 γὰρ

316 1677 509 1745 σοφίας
556 1679 650 1731 καὶ
702 1678 994 1742 συνέσεως,
1042 1676 1263 1746 πνεῦμα
1318 1677 1514 1748 βουλῆς
1568 1677 1664 1730 καὶ
1703 1676 1909 1747 ἰσχύος,

316 1767 536 1839 πνεῦμα
561 1769 817 1838 γνώσεως
846 1770 942 1824 καὶ
980 1768 1285 1833 εὐσεϐείας,
1304 1767 1524 1839 πνεῦμα
1542 1767 1721 1838 ,φόϐου
1749 1766 1907 1830 Θεοῦ,

312 1858 532 1930 πνεῦμα
562 1860 844 1932 δυνάμεως
882 1860 1107 1931 ἀγάπης
1138 1877 1197 1912 τε
1230 1860 1325 1914 καὶ
1381 1858 1796 1931 σωφρονισμοῦ,
1834 1852 1911 1913 ὧν

311 1951 365 2002 ei
393 1950 659 2024 θησαυροὶ
695 1951 963 2023 Χριστὸς,
998 1952 1057 2003 ἐν
1079 1943 1123 2019 ᾧ
1167 1951 1217 2004 oi
1270 1950 1536 2023 θησαυροὶ
1575 1951 1679 2022 τῆς
1717 1951 1911 2020 σοφίας

312 2042 660 2115 ἀπόκρυφον
709 2042 918 2099 ἐκεῖθεν
954 2038 1047 2097 οῦν
1090 2042 1472 2115 χορηγοῦνται.
1510 2043 1605 2114 Τῷ
1658 2043 1758 2114 μὲν
1802 2042 1913 2113 γὰρ

309 2132 515 2189 δίδοται
543 2132 700 2202 λόγος
740 2132 952 2204 σοφίας,
980 2134 1125 2204 ἄλλῳ
1150 2134 1207 2188 δὲ
1232 2134 1451 2206 πνεῦμα
1482 2135 1739 2205 γνώσεως
1766 2133 1913 2188 κατὰ

310 2226 377 2279 τδ
403 2226 534 2280 αὐτὸ
563 2226 811 2298 Πνεῦμα,
843 2226 1024 2281 καὶτὰ
1046 2227 1195 2296 ἑξῆς.

380 2399 468 2455 16.
522 2400 576 2454 Ὁ
618 2400 863 2469 πλάσας
904 2401 978 2457 τὰ
1033 2400 1263 2467 πάντα,
1316 2404 1502 2470 αὐτὸς
1536 2405 1911 2474 κληρονομία

306 2490 517 2547 αὑτοῦ.
573 2491 800 2557 Ἀκύλας
823 2493 921 2547 καὶ
954 2492 1248 2547 Θεοδοτίων
1271 2493 1565 2561 ἐξέδωκαν,
1604 2496 1688 2550 ὅτι
1715 2497 1745 2549 ὁ
1768 2496 1908 2550 πλά-

310 2598 413 2646 σας
439 2582 509 2636 τὰ
531 2582 708 2637 πάντα
736 2584 902 2647 αὐτός
935 2586 1074 2648 ἐστι,
1110 2585 1206 2637 καὶ
1246 2585 1465 2655 Ἰσραὴλ
1490 2585 1685 2657 ῥάϐδος
1711 2586 1908 2659 κληρο-

305 2673 504 2744 νομίας
532 2674 721 2727 αὑτοῦ.
748 2673 924 2745 (Εἶπε
962 2675 1019 2728 δὲ
1067 2674 1284 2747 Ἰσραὴλ
1314 2675 1509 2747 ῥάϐδος
1544 2677 1911 2752 κληρονομίας

303 2765 521 2835 αὐτοῦ.)
551 2765 760 2836 Εἶληφε
788 2767 846 2820 δὲ
876 2768 970 2821 καὶ
993 2768 1059 2821 τὰ
1075 2767 1214 2837 ἔθνη
1243 2766 1633 2840 κληρονομίαν,
1655 2771 1798 2827 κατὰ
1821 2772 1904 2828 τό·

228 2851 232 2856 ’
299 2856 562 2923 Δττησαι
584 2857 720 2923 παρ’
745 2857 915 2926 ἐμοῦ,
957 2859 1055 2913 καὶ
1085 2858 1258 2913 δώσω
1287 2874 1387 2914 σοι
1418 2861 1565 2929 ἔθνη
1606 2861 1721 2931 τὴν
1756 2867 1911 2934 κλη-

299 2947 603 3016 ρονομίαν
634 2962 771 3004 σου.
808 2950 1003 3004 Ἔσται
1035 2950 1226 3006 καὶτὰ
1254 2950 1382 3023 ἔθνη
1420 2952 1659 3026 Ἰσραήλ.

950 3038 1109 3093 ΚΕΦ.
1153 3040 1254 3092 IA'.

2016 581 2208 637 nubes.
2243 581 2531 648 Quomodo
2561 583 2707 638 enim
2750 583 2816 638 ad
2853 599 2943 639 res
2981 599 3148 639 sensu
3184 592 3438 640 carentes
3461 586 3621 642 evehi

2015 672 2229 742 possit?
2263 671 2368 726 Sed
2403 674 2467 727 ad
2497 690 2592 728 eos
2621 675 2713 743 qui
2753 672 2848 728 Dei
2886 676 3169 744 przeceptis
3211 676 3613 747 obtemperant.

2092 857 2180 912 15.
2214 854 2455 925 Fulgura
2488 860 2540 910 in
2569 856 2805 925 pluviam
2833 858 2979 932 fecit.
3005 859 3174 912 Aiunt
3205 859 3398 913 barum
3433 874 3614 913 rerum

2016 949 2209 1019 periti,
2259 948 2544 1003 collisione
2589 948 2853 1016 nubium,
2899 951 3065 1005 veluti
3114 950 3357 1021 lapidum
3419 951 3628 1022 quibus

2016 1040 2292 1097 excutitur
2316 1039 2481 1110 ignis,
2506 1047 2561 1093 et
2584 1040 2787 1094 tonitru
2824 1042 3068 1097 sonitum
3100 1057 3411 1113 erumpere,
3440 1042 3634 1114 fulgu-

2014 1132 2202 1202 risque
2233 1131 2603 1201 splendorem.

2091 1221 2180 1275 15.
2217 1218 2286 1274 Ει
2318 1219 2501 1274 eduxit
2538 1219 2714 1277 lumen
2734 1236 2800 1276 ea:
2830 1220 3093 1275 thesauris
3125 1222 3260 1278 suis.
3299 1222 3615 1279 Secundum

2016 1313 2072 1368 id
2105 1311 2253 1382 quod
2292 1311 2347 1366 in
2383 1323 2639 1382 promptu
2672 1322 2778 1379 est,
2816 1314 3137 1368 thesaurum
3184 1313 3357 1384 ipsam
3393 1313 3488 1370 Dei
3524 1330 3621 1370 vo—

2015 1405 2282 1460 luntatem
2332 1402 2513 1459 dicere
2545 1413 2778 1474 oportet.
2825 1402 2949 1472 Ipse
2990 1404 3137 1459 enim
3179 1404 3321 1457 dixit
3367 1413 3418 1459 et
3467 1404 3617 1474 facta

2018 1505 2175 1564 sunt,
2210 1497 2320 1566 ipse
2349 1496 2626 1552 mandavit
2647 1537 2662 1560 ,
2692 1507 2744 1552 et
2766 1506 2948 1552 creata
2973 1507 3097 1551 sunt
3124 1496 3192 1551 7".
3234 1483 3301 1548 Et
3330 1504 3621 1551 ventorum

2017 1590 2307 1649 thesauros
2350 1603 2473 1643 esse
2507 1603 2617 1643 non
2645 1589 2946 1660 incongrue
2977 1588 3207 1653 dixeris,
3242 1587 3349 1643 hoc
3389 1596 3474 1642 est
3503 1588 3621 1658 spi-

2017 1679 2246 1735 rituum.
2286 1676 2524 1748 Spiritus
2552 1679 2697 1733 enim
2742 1679 3026 1745 sapientia:
3067 1688 3119 1734 et
3151 1678 3479 1749 prudentiae,
3509 1678 3621 1747 spi-

2015 1771 2155 1826 ritus
2197 1769 2411 1825 consilii
2453 1778 2509 1825 ct
2551 1769 2926 1837 fortitudinis,
2964 1772 3191 1841 spiritus
3231 1770 3542 1825 intellectus
3567 1780 3624 1824 et

2015 1861 2273 1932 pietatis,
2318 1860 2547 1930 spiritus
2589 1860 2808 1916 timoris
2852 1858 2981 1923 Dei,
3030 1860 3260 1929 spiritus
3310 1860 3517 1915 amoris
3565 1866 3645 1943 et.

2014 1952 2452 2025 redargutionis,
2489 1967 2725 2022 quorum
2779 1952 3017 2009 thesauri
3073 1952 3363 2016 Christus,
3408 1950 3463 2005 in
3503 1965 3616 2019 quo

2014 2043 2255 2100 thesauri
2291 2042 2573 2112 sapientiae
2609 2041 2912 2097 abscondit’
2941 2041 2987 2073 ⁷³
3028 2059 3041 2094 :
3078 2041 3203 2096 inde
3251 2040 3416 2110 igitur
3459 2052 3615 2092 ema-

2014 2141 2152 2187 nant
2182 2148 2247 2187 ac
2285 2132 2709 2188 distribuuntur.
2746 2130 2886 2187 Huic
2928 2129 3149 2201 quidem
3182 2129 3322 2183 ratio
3348 2127 3615 2181 tribuitur

2014 2224 2318 2294 sapientiae,
2354 2224 2511 2279 alteri
2545 2239 2676 2280 vero
2715 2224 2873 2294 juxta
2906 2221 3157 2279 eumdem
3196 2219 3460 2292 Spiritum
3500 2218 3618 2289 spi-

2012 2319 2152 2373 ritus
2188 2316 2544 2388 cognitionis,
2560 2324 2668 2371 etc.

2087 2407 2176 2461 16.
2223 2407 2327 2473 Qui
2360 2408 2609 2477 formavit
2649 2406 2847 2469 omnia,
2881 2406 2992 2475 ipse
3033 2412 3112 2458 est
3155 2402 3438 2460 [Hereditas
3473 2402 3613 2472 ejus.

2014 2500 2212 2570 Aquila
2244 2509 2300 2555 et
2332 2499 2640 2569 Theodotio
2682 2497 3023 2568 interpretati
3061 2504 3230 2551 sunt:
3264 2495 3360 2563 qui
3397 2493 3606 2549 forma-

2012 2590 2091 2643 vit
2115 2589 2322 2649 omnia.
2357 2589 2473 2658 ipse
2502 2594 2609 2652 est,
2645 2597 2699 2640 ct
2725 2584 2891 2639 Israel
2928 2585 3075 2652 virga
3103 2582 3434 2637 hzereditatis
3464 2582 3610 2650 ejus.

2012 2679 2164 2734 Dixit
2192 2691 2400 2744 autem,
2432 2679 2599 2735 lsrael
2634 2677 2783 2746 virga
2821 2674 3156 2730 luercditatis
3188 2674 3326 2742 ejus.
3362 2670 3609 2728 Heredi-

2012 2778 2176 2826 tatem
2211 2784 2432 2840 quoque
2463 2775 2652 2837 gentes
2685 2765 2789 2820 sibi
2822 2763 3158 2834 assumpsit,
3186 2761 3344 2833 juxta
3372 2760 3505 2816 illud
3529 2761 3615 2815 ἰε

2009 2859 2239 2914 Pastula
2265 2876 2297 2913 a
2326 2875 2426 2924 me,
2450 2868 2500 2912 et
2529 2856 2670 2911 dabo
2703 2854 2801 2910 tibi
2832 2863 3010 2927 gentes
3048 2852 3414 2909 hwrrditatent
3442 2860 3613 2906 tuam.

2011 2951 2190 3009 Erunt
2220 2957 2274 3005 et
2303 2958 2490 3020 gentes
2521 2947 2707 3003 Israel.

2566 3039 2731 3111 290
2768 3037 2922 3096 CAP.
2963 3037 3056 3095 x1.

375 3126 582 3219 tua:
615 3126 834 3219 ἔσεσθέ
852 3145 954 3197 μοι
995 3131 1285 3195 ειςλαόν.
1319 3133 1621 3206 Τοιγαροῦν
1666 3136 1696 3188 ὁ
1728 3135 1905 3205 ἑπαγσ

2036 3184 2043 3190 .
2080 3136 2136 3191 4.
2179 3135 2225 3168 ⁸ο
2249 3133 2496 3191 Eteritis
2527 3092 2742 3191 uti};
2767 3092 3054 3205 pupulum.
3092 3131 3278 3201 Itaque
3303 3131 3397 3200 qui
3432 3142 3609 3198 pupu-

303 3217 629 3289 γειλάμενος
652 3216 791 3273 εἶναι
818 3219 947 3283 λαὸς
976 3219 1203 3290 γέγονεν
1232 3225 1294 3279 οὐ
1319 3224 1470 3289 λαὸς,
1495 3226 1591 3281 καὶ
1617 3228 1666 3280 οἱ
1684 3226 1745 3280 οὐ
1778 3228 1909 3301 πρὶν

303 3311 435 3377 λαὸς
462 3312 774 3382 γεγόναμεν
798 3312 927 3378 λαός
943 3330 956 3344 ·
993 3316 1410 3387 παραζηλωθεὶς
1430 3317 1539 3391 γὰρ
1563 3319 1651 3372 ἐπ’
1675 3320 1736 3374 οὐ
1763 3319 1905 3391 Θεῷ,

302 3402 705 3476 παρεξήλωσεν
743 3406 942 3470 αὐτοὺς
987 3407 1075 3463 ἐπ’
1107 3407 1210 3462 οὐκ
1255 3407 1438 3475 ἔθνει,
1468 3411 1564 3465 καὶ
1610 3411 1834 3481 γέγονεν
1872 3413 1907 3483 ἡ

301 3496 624 3568 δικαιοσύνη
658 3497 774 3568 λαῷ
798 3498 878 3569 τῷ
896 3498 1305 3572 τεχθησομένῳ,
1328 3501 1387 3556 ὃν
1416 3502 1710 3576 εὐλόγησεν
1741 3507 1771 3559 ό
1793 3504 1908 3558 Κύ-

306 3603 437 3658 ριος,
477 3590 613 3659 περὶ
638 3583 701 3644 οῦ
731 3589 897 3659 φησὶν
944 3586 1201 3655 Ἡσαΐας·
1243 3594 1312 3647 Ἢ
1338 3594 1550 3665 ἐτέχθη
1579 3597 1752 3663 ἔθνος
1782 3600 1906 3653 εἱσ-

306 3676 469 3747 ἀπαξ
496 3696 509 3710 ⁸
537 3680 735 3753 ἐτέχθη
775 3681 835 3735 δὲ
869 3683 960 3735 ὅτε
988 3682 1314 3738 ἐπίστευσαν
1344 3687 1403 3739 ἐν
1427 3687 1526 3758 μιᾷ
1552 3688 1735 3760 ἡμέρᾳ
1774 3706 1905 3745 πεν-

299 3771 658 3843 τακισχίλιοι.
688 3770 899 3835 Μισθὸς
925 3771 981 3825 δὲ
1009 3770 1104 3825 τοῦ
1135 3772 1360 3827 ἔσεσθαι
1388 3774 1537 3846 αὐτῷ
1564 3777 1644 3840 εἰς
1672 3776 1801 3830 λαὸν
1841 3777 1905 3832 τὸ

297 3860 532 3918 ἔσεσθαι
562 3864 693 3933 ἡμῖν
725 3864 806 3926 εἰς
828 3862 980 3917 Θεόν.
1019 3863 1152 3929 Θεὸς
1177 3865 1287 3937 γὰρ
1313 3866 1388 3921 ὢν
1425 3868 1567 3922 κατὰ
1608 3869 1769 3939 φύσιν
1788 3910 1802 3934 ,
1840 3871 1904 3925 οὐ

298 3954 531 4010 πάντων
555 3955 672 4008 ἐστὶ
702 3957 825 4009 κατ’
849 3955 1007 4020 ἀξίαν
1033 3956 1187 4023 Θεὸς,
1218 3958 1354 4013 ἀλλὰ
1381 3963 1494 4025 τοῖς
1516 3963 1659 4016 κατὰ
1682 3962 1775 4016 τὸν
1801 3981 1907 4017 πα-

293 4047 607 4120 τριάρχηνο
637 4045 734 4112 ὡς,
765 4046 940 4121 Εἴπερ
973 4049 1085 4118 ἐγὼ
1113 4050 1246 4114 Θεός
1278 4068 1396 4116 σου,
1436 4054 1564 4125 περὶ
1607 4047 1681 4109 ὧν
1716 4068 1902 4126 φησιν⁸

300 4139 567 4209 Ἕσοιιαι
625 4137 826 4194 αὐτῶν
886 4139 1052 4206 Θεὸς,
1080 4140 1214 4211 ἐγὼ,
1250 4141 1345 4197 καί
1393 4159 1590 4215 φησιν·
1653 4145 1706 4199 '0
1760 4147 1906 4214 Θεὸς

306 4230 579 4300 Ἀὔρααὰμ
607 4231 706 4285 καὶ
734 4233 768 4285 ὀ
803 4230 947 4298 Θεὸς
998 4233 1197 4288 Ἰσαὰκ
1230 4234 1327 4288 καὶ
1359 4237 1393 4289 ὀ
1419 4235 1564 4303 Θεὸς
1602 4237 1822 4303 Ἰακὼϐ,
1858 4233 1905 4307 ᾧ

297 4322 614 4393 ἐπήνεγκεν
640 4322 670 4373 ὁ
724 4322 994 4394 Χριστόςο
1033 4324 1179 4392 Θεὸς
1203 4324 1273 4378 δὲ
1324 4328 1436 4381 οὐκ
1482 4327 1616 4382 ἔστι
1652 4331 1900 4399 νεκρῶν,

299 4412 465 4468 ma
486 4410 743 4473 ζώντων.
786 4413 998 4484 Νεκρὸς
1022 4414 1081 4468 δὲ
1113 4417 1221 4481 πᾶς
1252 4418 1578 4490 ἁμαρτωλὸς
1620 4421 1721 4475 οὐκ
1762 4420 1903 4494 ἔχων

304 4502 396 4559 τὸν
420 4505 650 4558 εἰπόντα
668 4521 681 4533 ·
721 4504 861 4574 Ἐγώ
885 4507 999 4574 ειμι
1027 4508 1066 4575 ἡ
1097 4505 1228 4574 ζωή.

2011 3226 2100 3283 lus
2130 3241 2256 3282 esse
2295 3225 2576 3297 pollicitus
2601 3223 2799 3291 fuerat,
2823 3239 2930 3281 non
2969 3220 3207 3299 populus
3236 3219 3463 3275 eﬂ‘ecttzs
3495 3227 3612 3283 est;

2010 3335 2112 3379 nos
2147 3320 2243 3391 qui
2292 3321 2446 3390 prius
2488 3333 2597 3372 non
2645 3331 2868 3375 eramus
2912 3314 3189 3393 populus,
3233 3310 3361 3366 iacti
3416 3325 3613 3365 sumus

2009 3412 2269 3483 populus.
2305 3409 2642 3465 Provocatus
2677 3409 2824 3463 enim
2865 3408 2932 3461 ad
2964 3407 3103 3461 iram
3148 3405 3202 3459 in
3250 3418 3316 3457 eo
3350 3404 3444 3472 qui
3489 3415 3599 3457 non

2009 3513 2129 3561 erat
2174 3503 2340 3568 Deus,
2389 3501 2706 3571 provocavit
2747 3509 2800 3553 et
2841 3500 2957 3570 ipse
3001 3499 3054 3552 in
3092 3513 3158 3553 eo
3200 3496 3293 3567 qui
3330 3510 3439 3550 non
3492 3500 3614 3548 erat

2010 3611 2176 3668 gens;
2204 3594 2343 3653 facta
2370 3602 2455 3649 est
2484 3592 2697 3663 justitia
2728 3591 2931 3661 populo
2963 3590 3269 3652 nescituro,
3301 3585 3390 3643 cui
3422 3583 3608 3639 Domi-

2008 3704 2116 3745 nus
2152 3685 2465 3750 benedixit,
2497 3682 2565 3738 de
2599 3698 2712 3753 quo
2756 3682 2928 3738 Isaias
2963 3681 3183 3736 aiebat:
3214 3677 3317 3733 Nae
3356 3684 3483 3731 nata
3525 3684 3604 3732 est

2007 3796 2131 3852 gem
2164 3777 2414 3836 tandem;
2446 3783 2576 3828 nata
2603 3781 2689 3828 est
2724 3781 2911 3828 autem
2944 3785 3070 3826 cum
3108 3783 3220 3825 uno
3244 3767 3335 3823 die
3362 3765 3609 3835 quinque

2007 3873 2178 3929 millia
2209 3867 2579 3925 crediderunt.
2611 3863 2821 3918 Merces
2862 3868 3045 3916 autem
3084 3858 3231 3929 quod
3276 3856 3497 3913 futurus
3527 3855 3603 3910 sit

2006 3962 2111 4033 ipsi
2143 3958 2398 4031 populus,
2444 3952 2590 4023 quod
2636 3951 2856 4006 futurus
2901 3948 2993 4004 ille
3021 3949 3095 4005 sit
3124 3946 3282 4003 nobis
3315 3945 3370 4000 in
3405 3942 3600 3999 Deum.

2006 4052 2143 4109 Cum
2176 4048 2323 4104 enim
2359 4053 2555 4101 natura
2580 4042 2727 4103 Deus
2757 4041 2853 4107 sit,
2884 4055 2997 4096 non
3029 4047 3213 4095 tamen
3249 4036 3499 4092 omnium
3518 4043 3611 4089 est

2006 4140 2313 4199 secundum
2351 4137 2670 4209 dignitatem
2698 4116 2871 4211 Deus,
2896 4131 2989 4187 sed
3026 4130 3114 4186 his
3145 4127 3239 4199 qui
3276 4124 3608 4199 patriarcha:

2007 4235 2216 4292 similes
2252 4238 2403 4287 sunt.
2430 4227 2587 4283 Sicut
2615 4225 2768 4290 illud,
2803 4222 2861 4279 Si
2887 4237 2989 4294 ego
3020 4222 3166 4277 Deus
3191 4228 3340 4305 tuus,
3365 4217 3434 4274 de
3475 4214 3604 4286 qui-

2006 4328 2109 4383 bus
2150 4325 2229 4381 ait
2266 4325 2351 4377 ":
2397 4319 2502 4374 Ero
2542 4320 2777 4388 ipsorum
2818 4315 2992 4379 Deus,
3023 4322 3097 4377 et,
3129 4310 3275 4384 Ego,
3324 4308 3501 4378 inquit
3530 4307 3602 4373 ⁸⁸,

2007 4419 2148 4473 Deus
2182 4413 2474 4478 Abraham,
2509 4420 2560 4465 et
2603 4408 2744 4463 Deus
2787 4406 2969 4468 Isaac,
3005 4416 3055 4460 et
3110 4404 3247 4459 Deus
3277 4401 3481 4465 Iacob;
3521 4398 3609 4453 cui

1934 4511 1980 4565 D
2011 4507 2297 4580 subiunxit
2325 4502 2582 4563 Christus
2607 4501 2653 4532 ⁸³
2686 4519 2700 4555 :
2733 4500 3070 4555 Mortuorum
3104 4509 3282 4552 autem
3324 4495 3464 4550 Deus
3496 4509 3602 4551 non

305 4604 404 4661 est,
431 4598 521 4651 sed
548 4595 851 4651 viventium.
903 4595 1148 4669 Quisque
1173 4615 1305 4655 vero
1345 4610 1601 4670 peccator
1644 4612 1898 4663 mortuus
1937 4614 2041 4672 est,
2071 4615 2198 4659 eum
2235 4599 2291 4657 in
2331 4611 2393 4653 se
2435 4609 2563 4651 eum
2597 4592 2692 4664 qui
2733 4593 2874 4646 dixit
2897 4591 2963 4657 ⁸³,
2999 4589 3113 4661 Ego
3155 4606 3270 4644 sum
3305 4589 3441 4654 vita,
3496 4588 3609 4642 mi-

305 4687 454 4742 nime
477 4686 780 4743 contineat.

376 4776 429 4833 5.
475 4779 678 4844 Ὅπως
707 4776 921 4844 στήσω
946 4776 1054 4833 τὸν
1077 4779 1260 4846 ὅρκον
1286 4798 1407 4850 μου
1439 4780 1514 4835 ὃν
1538 4781 1747 4851 ὤμοσα
1772 4784 1895 4853 τοῖς

308 4868 611 4938 πατράσιν
647 4865 836 4936 ὑμῶν,
861 4867 968 4923 τοῦ
1000 4868 1208 4923 δοῦναι
1234 4868 1441 4935 αὐτοῖς
1481 4868 1600 4940 γῆν
1625 4870 1897 4940 ῥέουσαν

307 4956 464 5027 γάλα
499 4956 600 5013 καὶ
617 4955 782 5026 μέλι.
815 4956 938 5011 Τῶν
967 4956 1078 5029 γὰρ
1100 4956 1382 5026 ἀπογόνων
1423 4956 1810 5028 λαμϐανόντων
1843 4961 1894 5014 οἱ

308 5049 543 5120 πατέρες
577 5047 786 5103 ἔλαϐον·
823 5047 967 5104 οὕτω
992 5050 1088 5103 καὶ
1114 5047 1271 5121 ἡμῶν
1294 5049 1714 5119 βασιλευόντων,
1760 5052 1895 5123 Χρι-

309 5137 432 5202 στδς
459 5136 756 5206 βασιλεύει.
789 5138 1149 5210 Σημειοῦνται
1201 5140 1260 5193 δέ
1288 5157 1469 5205 τινες,
1499 5141 1580 5194 ὅτι
1605 5182 1618 5205 ,
1656 5141 1895 5210 Στήσω,

308 5222 451 5296 λέγει
476 5227 552 5291 ὡς
586 5228 814 5299 μηδέπω
839 5227 1088 5293 δεδωκώς
1109 5247 1123 5260 ·
1160 5230 1221 5283 οὐ
1257 5229 1365 5302 γὰρ
1399 5231 1528 5301 περὶ
1560 5231 1659 5303 τῆς
1706 5231 1898 5304 αἰσθη-

307 5315 426 5388 τῆς,
463 5316 599 5371 ἀλλὰ
654 5318 783 5390 περὶ
822 5313 891 5392 ἧς
937 5336 1102 5390 φησιν
1154 5321 1183 5374 ό
1241 5320 1463 5392 Σωτήρ’
1504 5320 1796 5389 Μακάριοι
1842 5325 1898 5376 oi

308 5408 535 5475 πραεῖς,
564 5408 653 5464 ὅτι
684 5410 856 5464 αὐτοὶ
880 5409 1414 5482 κληρονομήσουσι
1444 5411 1561 5480 τὴν
1593 5410 1725 5482 γῆν.

376 5497 428 5551 6.
485 5499 800 5568 Ἀνάγνωθι
850 5502 995 5568 τοὺς
1033 5505 1256 5572 λόγους
1280 5505 1599 5570 τούτους...
1635 5505 1733 5559 καὶ
1783 5507 1895 5560 οὐκ

307 5585 625 5657 ἐποίησαν.
671 5591 1159 5665 Ἀναγινώσκωμεν
1187 5594 1418 5660 καὶτοῖς
1458 5591 1562 5659 ἔξω
1589 5596 1716 5659 τοὺς
1754 5595 1890 5650 Θεοῦ

376 5697 422 5771 ff
447 5696 596 5771 Psal.
620 5714 795 5769 xxxii,
826 5703 879 5759 9.
957 5703 1002 5735 ⁷⁸
1027 5702 1130 5760 lsa.
1161 5721 1239 5769 ιι,
1271 5706 1326 5762 2.
1405 5708 1451 5741 ’³
1499 5705 1647 5764 Psal.
1688 5724 1752 5771 lt,
1781 5708 1835 5763 8.

1942 5707 1988 5740 ⁸ο
2020 5706 2305 5764 Homel.9.
2382 5705 2427 5738 ⁸⁸
2459 5703 2658 5761 Jeretn.
2707 5717 2862 5769 xxxi,
2897 5700 2986 5756 53.

2075 4782 2128 4838 5.
2175 4777 2243 4834 Ut
2290 4785 2527 4832 statuam
2574 4774 2942 4843 iui-amentum
2988 4786 3196 4836 meum,
3241 4768 3382 4840 quod
3414 4768 3599 4837 jurat-i

2001 4868 2242 4942 patribus
2292 4866 2479 4921 vestris
2535 4863 2793 4920 daturum
2838 4877 2921 4917 me
2970 4862 3044 4916 eis
3092 4869 3291 4914 terram
3346 4858 3598 4927 ﬂuentem

2001 4961 2139 5017 tacte
2166 4969 2216 5014 et
2245 4957 2417 5012 melle.
2455 4955 2695 5013 Posteris
2723 4955 2869 5013 enim
2911 4951 3328 5022 recipientibus,
3374 4963 3597 5018 recepe-

2002 5060 2131 5106 runt.
2161 5060 2365 5121 patres,
2396 5049 2476 5102 sic
2512 5056 2569 5101 et
2595 5045 2851 5107 Christus
2892 5050 3104 5112 regnat,
3147 5039 3308 5095 nobis
3354 5053 3595 5109 regnan-

1998 5143 2163 5199 tibus.
2217 5139 2450 5207 Quidam
2504 5147 2688 5193 autem
2740 5144 2934 5191 notant
2995 5133 3143 5204 quod
3196 5140 3435 5186 statuam
3479 5127 3594 5195 ait,

1998 5228 2154 5299 quasi
2195 5227 2439 5282 nondum
2487 5222 2718 5281 dederit.
2753 5220 2872 5276 Non
2911 5220 3058 5276 enim
3112 5216 3361 5295 intelligit
3398 5227 3596 5282 corpo-

2001 5338 2149 5378 ream
2182 5324 2345 5385 hauc,
2376 5318 2472 5376 sed
2503 5317 2571 5372 de
2595 5331 2703 5387 qua
2731 5314 2983 5374 Salvator
3008 5311 3145 5368 dixit
3164 5309 3211 5343 ⁸⁵
3237 5328 3249 5363 :
3289 5305 3444 5362 Beati
3485 5304 3591 5358 mi-

2000 5422 2097 5475 tes,
2133 5410 2383 5481 quoniam
2410 5408 2512 5478 ipsi
2538 5405 2925 5459 Ita'reditabunt
2957 5412 3173 5456 terram.

2071 5504 2124 5559 6.
2166 5504 2213 5536 ⁸⁸
2238 5501 2375 5573 Lege
2401 5501 2557 5555 verba
2586 5498 2718 5565 hac,
2747 5507 2876 5560 etc.,
2926 5507 2975 5550 et
3025 5511 3129 5548 non
3170 5493 3426 5562 fecerunt.
3463 5487 3589 5544 Ser-

2001 5611 2191 5653 mones
2227 5594 2319 5649 Dei
2365 5593 2660 5652 recitemus
2700 5601 2754 5645 et
2795 5598 2949 5644 extra
2984 5586 3285 5659 Ecclesiam
3320 5580 3592 5638 constitu-

3098 5699 3144 5731 ⁸³
3178 5696 3353 5754 Exod.
3399 5709 3498 5764 tu,
3529 5695 3585 5755 6.

310 5759 560 5823 “Matth.
605 5786 744 5838 xx",
782 5759 876 5827 '32.
954 5772 1001 5804 δι
1024 5759 1328 5846 hamati},
1356 5778 1411 5832 6.
1489 5759 1905 5846 armarat.

2008 5759 2235 5835 ιυῖῑίόπὶἰζ
2257 5759 2315 5835 9.
