4140 6440
525 319 620 375 551

1906 314 1995 368 EX
2035 312 2332 371 ODICENF.

3655 332 3759 388 55?.

518 437 625 502 tis,
672 439 739 494 ad
793 441 1021 495 salutem
1060 454 1155 494 eos
1195 439 1575 504 cohortantes;
1625 435 1769 505 quod
1821 436 1866 490 si
1917 436 2078 490 verba

2187 433 2412 504 λόγους,
2463 434 2541 499 είς
2595 436 2866 509 σωτηρίαν
2915 437 3110 502 αὐτοὺς
3168 436 3630 508 προτρεπόμενοι·
3689 439 3764 511 μὴ

523 530 851 584 'l‘estamenti
888 544 995 583 non
1030 529 1470 598 adimpleverint,
1491 530 1567 582 ait
1605 527 1766 592 Deus,
1794 527 2084 582 adiuventa

517 629 602 677 est
642 620 916 692 colligatio
965 622 1018 673 in
1054 621 1184 674 viris
1213 618 1374 684 Juda,
1417 629 1470 674 et
1502 619 1557 672 in
1600 618 1969 672 habitantibus
1998 616 2084 671 Je-

517 714 772 770 rusalem.

585 806 640 862 9.
683 807 902 862 Inventa
930 816 1006 859 est
1055 805 1346 876 colligatio.
1380 803 1590 859 Etenim
1634 803 1948 858 hominibus
1988 802 2088 855 Ec-

513 895 694 952 clesia:
721 904 807 951 est
841 897 1116 950 vinculum
1163 904 1544 964 peccatorum,
1593 894 1802 947 catenis
1841 893 2088 961 proprio-

512 1001 636 1041 rum
677 986 944 1041 scelerum
987 985 1275 1056 colligatis,
1315 993 1368 1038 et
1405 992 1620 1053 oportet
1668 982 1878 1036 solvere
1926 996 2088 1035 omne

512 1068 791 1144 iniustitiae
839 1073 1161 1139 vinculum,
1210 1072 1680 1140 viulentorumque
1717 1071 1888 1124 nodos
1933 1085 2086 1125 com-

511 1162 868 1230 merciorum,
903 1162 1060 1231 juxta
1094 1161 1243 1232 quod
1278 1160 1541 1230 scriptum
1594 1168 1697 1214 est.
1735 1157 1869 1213 Vide
1905 1167 2087 1213 autem

511 1263 570 1307 ut
603 1252 850 1307 futurum
902 1261 1287 1306 testamentum
1333 1251 1479 1306 aliud
1531 1249 1866 1319 significans,
1918 1259 2089 1306 testa-

511 1345 678 1399 menti
716 1343 1044 1399 mentionem
1073 1341 1299 1410 faciens,
1331 1357 1546 1412 semper
1578 1342 1783 1396 addidit
1814 1341 1992 1411 hujus.

583 1434 672 1487 {0.
715 1434 760 1465 ⁸⁷
785 1433 997 1488 Reverti
1042 1443 1162 1485 sunt
1190 1433 1259 1485 ad
1287 1433 1590 1502 iniquitates
1631 1441 1843 1500 patrum
1872 1448 2090 1484 suorum

509 1525 730 1593 priores.
788 1523 1041 1594 anlices
1099 1533 1152 1578 et
1226 1525 1368 1592 apud
1425 1537 1525 1576 nos
1585 1531 1785 1591 patres.
1853 1520 2087 1588 Quidam

509 1616 655 1671 enim
699 1625 865 1678 ante,
896 1615 1116 1685 quidam
1159 1622 1281 1684 post
1331 1613 1511 1666 fidem.
1560 1611 1701 1666 Dicit
1749 1625 1879 1665 vero
1925 1610 2090 1667 Chri-

511 1713 628 1756 stus
667 1702 762 1755 ⁸³ε
812 1700 908 1755 Vos
952 1720 984 1754 a
1017 1712 1167 1770 patre
1214 1699 1425 1753 diabolo
1474 1700 1634 1763 estis;
1685 1699 1827 1754 sicut
1886 1709 1942 1755 et
1989 1715 2090 1755 nos

2186 524 2525 594 ποιησάντων
2571 523 2627 579 δὲ
2657 527 2781 590 τοὺς
2820 526 3010 596 λόγους
3044 527 3144 597 τῆς
3183 527 3492 598 Διαθήκης,
3529 526 3695 599 φησὶν
3738 531 3766 582 ό

2187 613 2338 677 Θεὸς,
2370 613 2568 686 εὑρέθη
2599 615 2892 688 σύνδεσμος
2926 619 2984 669 ὲν
3016 617 3272 689 ἀνδράσιν
3320 615 3489 670 Ἰούδα
3509 656 3524 680 ,
3559 618 3654 670 καὶ
3707 619 3766 674 ἐν

2185 706 2298 767 τοῖς
2325 703 2671 760 κατοικοῦσιν
2712 705 3086 778 ⁹ῖερουσαλήμ.

2258 796 2310 850 9.
2353 795 2580 864 Εὑρέθη
2622 796 2984 867 σύνδεσμος.
3035 799 3154 853 Κᾶν
3201 799 3310 871 γὰρ
3349 801 3463 864 τοῖς
3509 799 3618 853 ἀπὸ
3663 799 3763 870 τῆς

2201 885 2524 958 Ἐκκλησίας
2549 887 2694 940 ἐστὶν
2723 888 3135 958 ἁμαρτημάτων
3158 889 3376 960 δεσμὸς,
3420 894 3627 961 σειραῖς
3655 890 3764 943 τῶν

2193 974 2334 1027 ίδίων
2357 976 2640 1048 ἁμαρτιῶν
2673 979 3076 1049 σφιγγομένοις.
3127 981 3238 1033 Καὶ
3263 981 3344 1034 δεῖ
3379 981 3535 1035 λῦσαι
3584 985 3763 1037 πάντα

2191 1061 2482 1134 σύνδεσμον
2519 1065 2751 1128 ἀδικίας,
2795 1065 3030 1120 διαλύειν
3070 1065 3127 1118 δὲ
3168 1067 3534 1138 στραγγαλιὰς
3575 1070 3762 1140 βιαίων

2191 1154 2773 1225 συνανταλλαγμάτων,
2806 1141 2945 1210 κατὰ
2971 1157 3032 1210 τὸ
3065 1157 3467 1229 γεγραμμένον.
3496 1161 3636 1232 Ὅρα
3679 1163 3760 1228 δὲ,

2190 1246 2306 1308 πῶς
2331 1246 2406 1309 ὼς
2435 1247 2565 1317 περὶ
2605 1246 2903 1318 μελλούσης
2940 1247 3131 1317 ἐτέρας
3168 1248 3430 1321 διαθήκης
3462 1252 3759 1323 ἐπισημαι-

2190 1333 2428 1405 νόμενος,
2446 1335 2733 1404 διαθήκης
2751 1338 2942 1407 λέγων,
2967 1339 3053 1392 ἀεὶ
3077 1338 3137 1391 τὸ
3159 1341 3380 1407 ταύτης
3405 1335 3758 1411 προσέθηκεν.

2263 1427 2348 1482 10.
2403 1429 2896 1498 Ἐπεστράφησαν
2925 1431 3024 1484 ἐπὶ
3057 1431 3156 1493 τὰς
3175 1430 3411 1497 ἀδικίας
3435 1431 3553 1485 τῶν
3583 1434 3760 1486 πιιτέ-

2184 1531 2310 1582 ρων
2331 1515 2531 1569 αὐτῶν
2553 1517 2673 1571 τῶν
2693 1519 3014 1587 προτέρων.
3048 1521 3156 1573 Καὶ
3185 1520 3269 1588 ἐφ’
3307 1521 3466 1592 ἡμῶν
3502 1522 3558 1574 δὲ
3595 1523 3764 1576 διττοὶ

2191 1605 2456 1676 πατέρες·
2497 1609 2546 1660 ot
2576 1609 2675 1678 μὲν
2710 1609 2819 1681 γὰρ
2865 1609 2972 1682 πρὸ
3003 1609 3102 1680 τῆς
3137 1611 3401 1678 πίστεως,
3441 1613 3491 1664 οἱ
3524 1613 3581 1665 δὲ
3625 1614 3762 1683 μετὰ

2191 1695 2413 1766 ταύτην.
2448 1699 2584 1768 the!
2610 1699 2668 1752 δὲ
2692 1703 2721 1752 ό
2752 1701 3017 1771 Χριστός’
3057 1702 3242 1770 Ὑμεῖς
3289 1703 3357 1755 ἐκ
3400 1702 3506 1756 τοῦ
3539 1703 3763 1770 πατρὸς

508 1793 638 1846 olim
702 1808 963 1857 eramus,
1023 1807 1114 1862 per
1179 1792 1337 1846 ﬁdem
1402 1805 1530 1845 vero
1574 1791 1700 1846 facti
1746 1807 1935 1848 sumus
1994 1792 2085 1847 lilii

2190 1762 2360 1854 ὑμῶν
2382 1786 2488 1840 τοῦ
2515 1762 2820 1842 ’διαϐόλου
2869 1762 3040 1842 ἐστέ·
3085 1762 3275 1860 ὧσπερ
3325 1786 3419 1841 οὖν
3459 1789 3554 1842 καὶ
3601 1762 3762 1860 ἡμεῖς

505 1880 744 1948 Christi;
807 1891 861 1937 et
920 1883 972 1936 in
1035 1880 1457 1952 quadragesimo
1509 1889 1707 1951 quarto
1760 1883 1972 1951 psalmo
2006 1881 2093 1937 di-

505 1974 648 2028 citur
669 1975 714 2006 ⁸³
750 1993 764 2028 :
811 1974 954 2028 Audi
997 1975 1155 2044 ﬁlia;
1218 1973 1369 2028 vides
1408 1987 1597 2026 vocem
1649 1974 1840 2042 patris.
1878 1971 2090 2039 Quibus

507 2063 659 2118 addit
681 2064 728 2095 ’°
758 2089 773 2120 -.
817 2063 886 2118 Et
923 2065 1060 2130 vide,
1101 2075 1151 2118 et
1191 2064 1390 2118 inclina
1437 2079 1618 2116 aurem
1658 2073 1825 2129 tuam,
1864 2073 1918 2118 et
1949 2063 2088 2117 obli-

506 2155 700 2208 viscere
746 2156 997 2224 populum
1035 2165 1184 2209 tuum
1228 2165 1278 2208 et
1317 2155 1535 2208 domum
1576 2155 1744 2223 patris
1778 2155 1876 2207 tui.
1929 2151 2090 2207 Pater

509 2243 692 2301 bonus
723 2246 789 2300 de
817 2254 971 2314 patre
1005 2245 1420 2316 repreiierisibili
1453 2244 1714 2314 loquitur.
1745 2244 1833 2298 Ait
1870 2257 2088 2314 quoque

505 2333 744 2390 Joannes
779 2336 832 2390 in
874 2335 1153 2390 Catholica
1175 2337 1218 2367 "
1250 2355 1262 2390 :
1304 2335 1487 2390 Omnis
1513 2337 1602 2406 qui
1629 2352 1791 2405 prava
1817 2345 2086 2404 operatur,

504 2441 572 2482 επ
619 2425 829 2480 diabolo
880 2435 1036 2481 natus
1081 2437 1177 2480 est.
1240 2425 1680 2498 Quotiescunque
1713 2426 1870 2496 291
1926 2427 2090 2495 igitur

504 2516 908 2587 delinquimus,
960 2534 1026 2573 ex
1074 2517 1292 2572 diabolo
1338 2520 1651 2584 nascimur;
1686 2534 1753 2573 ex
1786 2516 1897 2572 Deo
1932 2530 2086 2584 vero,

504 2623 631 2665 cuiu
667 2611 930 2665 virtutum
967 2625 1105 2681 opus
1138 2609 1572 2680 praestiterimus.

575 2791 661 2845 11.
705 2788 773 2843 Ει
807 2791 1110 2844 clamabunt
1161 2792 1229 2845 ad
1277 2807 1378 2857 me,
1421 2803 1471 2846 et
1517 2807 1620 2845 non
1668 2808 1760 2862 ego
1797 2793 2083 2847 exaudiam

500 2894 610 2934 eos.
641 2879 786 2934 Deus
812 2881 1032 2950 quidem
1059 2881 1207 2950 juste
1241 2895 1336 2937 eos
1385 2883 1478 2950 qui
1521 2883 1698 2950 ipsum
1745 2896 1852 2935 non
1895 2879 2081 2936 audie-

2188 1869 2351 1945 ἦμεν,
2389 1876 2774 1940 πιστεύσαντες
2800 1877 2857 1931 δὲ
2881 1879 3182 1950 γεγόναμεν
3211 1879 3315 1932 υἱοὶ
3351 1877 3587 1950 Χριστοῦ
3609 1895 3622 1908 ·
3671 1880 3762 1932 καὶ

2189 1963 2248 2015 ὲν
2291 1957 2490 2034 ψαλμῷ
2521 1964 2578 2017 δὲ
2641 1964 2854 2033 λέγεται
2917 1966 3034 2038 pb"
3088 1969 3426 2031 ΙἌκουσον,
3478 1969 3759 2037 θύγατερ·

2187 2052 2319 2123 ὁρᾷς
2345 2053 2420 2116 ὼς
2462 2054 2666 2125 πατρὸς
2699 2057 2731 2126 η
2762 2057 2932 2127 φωνή.
2970 2053 3102 2111 Εἶτα
3137 2057 3315 2126 λέγει·
3355 2057 3466 2111 Καὶ
3503 2057 3597 2110 ιδε
3618 2097 3634 2118 ,
3665 2057 3764 2111 καί

2188 2142 2403 2196 κλῖνον
2433 2143 2500 2197 τὸ
2527 2140 2636 2210 οὖς
2674 2161 2811 2212 σου,
2840 2148 2939 2201 καί
2968 2147 3259 2202 ἐπιλάθου
3291 2149 3398 2202 τοῦ
3432 2149 3587 2203 λαοῦ
3623 2164 3760 2212 σου,

2188 2234 2287 2288 καί
2315 2234 2422 2288 τοῦ
2442 2233 2614 2289 οἴκου
2638 2235 2744 2289 τοῦ
2781 2239 3006 2305 πατρός
3036 2255 3170 2292 σου.
3208 2240 3397 2314 Πατὴρ
3417 2239 3619 2308 ἀγαθὸς
3635 2240 3764 2312 περὶ

2186 2325 2393 2396 πατρὸς
2421 2325 2567 2395 λέγει
2596 2326 2818 2397 ψεκτοῦ.
2859 2329 3023 2398 Λέγει
3069 2330 3126 2382 δὲ
3165 2331 3258 2382 καὶ
3308 2330 3560 2402 Ἰωάννης
3607 2334 3664 2384 ἐν
3692 2335 3770 2403 τῇ·

2187 2415 2493 2487 Καθολικῇ’
2534 2417 2660 2484 Πᾶς
2689 2417 2927 2472 ὀποιῶν
2972 2419 3036 2472 τὸ
3076 2421 3345 2488 πονηρὸν
3383 2421 3451 2474 ἐκ
3500 2421 3608 2474 τοῦ
3638 2423 3752 2474 δια-

2185 2507 2367 2560 ϐόλου
2396 2508 2723 2578 γεγένηται.
2765 2509 2982 2572 Ὁσάκις
3017 2504 3110 2562 οὖν
3137 2509 3543 2581 ἁμαρτάνομεν,
3584 2511 3648 2562 ἐκ
3669 2509 3764 2562 τοῦ

2183 2597 2428 2652 διαϐόλου
2452 2599 2801 2670 γεννώμεθα·
2829 2602 2893 2653 ἐκ
2923 2601 3021 2654 τοῦ
3063 2598 3199 2653 Θεοῦ
3243 2601 3300 2654 δὲ
3337 2602 3531 2666 πάλιν,
3574 2602 3761 2666 ὁσάκις

2185 2689 2386 2761 ἀρετὴν
2408 2690 2738 2766 κατορθώσω
2745 2709 2864 2762 μεν.

2256 2781 2344 2836 ii.
2383 2783 2494 2836 Καὶ
2536 2783 2920 2851 κεκράξονται
2962 2785 3111 2851 πρός
3157 2801 3254 2853 με,
3302 2783 3400 2837 καί
3444 2786 3554 2838 οὐκ
3599 2787 3761 2839 εἱσα-

2183 2873 2477 2943 κούσομαι
2519 2873 2736 2928 αὐτῶν.
2798 2875 2858 2928 Ὀ
2895 2875 2993 2945 μὲν
3019 2875 3152 2938 Θεὸς
3188 2875 3409 2938 δικαίως
3442 2877 3540 2928 οὐκ
3576 2876 3762 2930 ἀκούει

518 2979 656 3035 ωηι,
686 2984 794 3024 non
831 2972 1004 3026 audit.
1055 2971 1341 3028 Daemones
1385 2980 1566 3025 autem
1623 2971 1949 3042 suﬂ'umigiis
1987 2985 2082 3024 eos

2187 2965 2289 3019 τῶν
2321 2965 2398 3036 μὴ
2425 2967 2771 3020 ἀκουσάντων
2805 2967 2988 3020 αὑτοῦ·
3019 2969 3068 3019 οἱ
3106 2967 3163 3019 δὲ
3195 2966 3449 3038 δαίμονες
3471 2967 3532 3020 τὸ
3559 2968 3764 3022 δίκαιον

505 3061 883 3115 venerantium
923 3062 1048 3131 jura
1092 3063 1396 3131 nequibunt
1427 3062 1737 3128 defendere,
1779 3077 1903 3118 cum
1947 3071 2085 3116 tem-

2187 3054 2358 3109 σῶσαι
2391 3057 2503 3118 τοῖς
2543 3055 2869 3125 θυμιάσασιν
2894 3055 3074 3119 αὐτοῖς
3099 3053 3164 3107 οὐ
3202 3053 3539 3126 δυνήσονται,
3575 3056 3702 3109 ὅταν
3734 3059 3763 3108 ό

507 3163 608 3218 pus
636 3150 1005 3205 calamitatum
1033 3155 1262 3206 venerit.
1295 3151 1434 3207 Cum
1460 3166 1589 3222 ergo
1619 3150 1759 3206 Deus
1788 3168 1894 3206 non
1924 3166 2088 3206 exau—

505 3239 686 3304 dierit,
710 3242 1076 3310 perniciosum
1112 3251 1196 3297 est
1227 3258 1258 3296 a
1289 3242 1629 3297 daemonibus
1650 3257 1808 3312 opem
1839 3258 2084 3312 poscere,

506 3332 599 3388 sed
630 3331 866 3401 pendere
896 3349 925 3386 a
966 3331 1075 3387 Deo
1108 3343 1319 3403 oportet
1369 3333 1464 3402 qui
1512 3343 1733 3402 propter
1772 3333 2087 3403 iniquitates

507 3437 734 3476 aversus
759 3431 862 3488 est,
885 3431 938 3477 et
971 3423 1064 3493 qui
1099 3423 1328 3478 multum
1357 3433 1781 3495 constanterque
1809 3425 1875 3478 ad
1908 3425 2085 3494 ipsum

506 3512 880 3582 confugientes
920 3529 1028 3568 non
1054 3515 1302 3585 despicit.

515 3606 520 3612 “
577 3605 664 3658 14.
705 3604 844 3670 Quia
901 3623 1004 3660 non
1048 3608 1348 3662 exaudiam.
1389 3605 1505 3662 Non
1551 3608 1707 3674 dixit,
1747 3606 1870 3662 Non
1916 3623 2087 3662 exau—

505 3695 646 3750 diam
679 3705 756 3764 te,
795 3697 911 3764 sed,
941 3697 1057 3753 Non
1107 3701 1394 3754 exaudiam
1430 3717 1537 3767 eos,
1573 3700 1888 3770 signiﬁcans
1937 3700 2084 3770 quod

505 3789 550 3842 si
592 3803 687 3844 eos
733 3789 1050 3859 paenituerit
1101 3801 1154 3846 et
1199 3807 1298 3862 pro
1359 3792 1494 3863 ipsis
1565 3807 1757 3863 preces
1798 3791 2082 3857 ell‘undas,

506 3880 812 3935 exaudiam.

1137 3974 1291 4031 CAP.
1333 3975 1444 4032 ΧΠ.

576 4063 630 4118 5.
669 4064 715 4096 ⁹¹
744 4062 978 4134 Puriﬁca
1020 4081 1106 4119 eos
1150 4069 1205 4120 in
1246 4068 1386 4121 diem
1430 4069 1729 4123 occisionis.
1770 4069 1874 4125 Per
1906 4071 2079 4140 ipsam

505 4171 602 4210 eos
631 4156 856 4225 puriﬁca
895 4159 1268 4214 occisionem:
1310 4155 1476 4223 Quem
1513 4161 1652 4213 enim
1684 4160 1866 4230 diligit
1911 4161 2074 4228 Deus,

505 4249 731 4318 castigat
760 4247 828 4303 ”.
1841 4309 1850 4318 ,

575 4337 629 4391 4.
672 4339 716 4370 ’δ
743 4337 1016 4410 Usquequo
1045 4340 1239 4410 lugebit
1279 4349 1439 4394 terra.
1466 4338 1522 4394 Si
1549 4341 1733 4412 lugere
1763 4350 1847 4397 est
1873 4343 2082 4397 ratione

2187 3148 2376 3220 καιρὸς
2409 3148 2517 3201 τῶν
2558 3147 2744 3202 κακῶν
2778 3146 3000 3219 ἐπέλθῃ.
3051 3147 3218 3200 Ὅταν
3242 3143 3335 3200 οὖν
3367 3148 3442 3219 μὴ
3483 3146 3764 3218 ἐπακούσῃ

2185 3239 2338 3304 Θεὸς,
2358 3239 2528 3293 δεινὸν
2552 3239 2614 3291 τὸ
2632 3238 2810 3310 ζητεῖν
2839 3237 3278 3309 παράδαιμόνων
3313 3237 3582 3309 βοήθειαν.
3623 3236 3762 3289 Ἀλλ’
3783 3241 3792 3248 ’

2185 3330 2466 3401 ἐξέχεσθαι
2514 3330 2594 3382 δεῖ
2633 3329 2790 3393 Θεοῦ,
2824 3328 2912 3382 διὰ
2948 3327 3017 3381 τά
3045 3329 3408 3400 ἡμαρτημένα
3444 3330 3762 3398 ἀπεστραμ-

2190 3422 2372 3494 μένου,
2405 3421 2503 3494 τὴν
2525 3421 2583 3474 δέ
2609 3419 2810 3492 πολλὴν
2837 3421 2925 3473 ἐπ’
2963 3421 3125 3474 αὐτὸν
3169 3421 3264 3474 καὶ
3295 3419 3550 3491 ἐπίμονον
3592 3436 3762 3472 κατα-

2187 3513 2364 3586 φυγὴν
2395 3514 2495 3584 οὐχ
2523 3511 2920 3584 ὑπερορῶντος.

2259 3606 2347 3660 14.
2390 3606 2517 3658 Ὃτι
2583 3607 2695 3658 οὐκ
2751 3603 3199 3672 εὶσακούσομαι.
3261 3603 3375 3656 Οὐκ
3413 3597 3600 3664 εἶπεν,
3649 3601 3763 3653 Οὐκ

2184 3696 2573 3768 εἰσακούσομαί
2599 3712 2712 3759 σου,
2739 3695 2851 3747 ἀλλ’
2877 3693 3094 3760 αὐτῶν,
3133 3693 3366 3757 δεικνὺς,
3403 3695 3484 3746 ὅτι
3519 3693 3610 3746 καὶ
3640 3692 3762 3745 τότε
3789 3721 3796 3728 -

2186 3786 2606 3860 μετανοούντων,
2635 3785 2730 3838 ἐὰν
2760 3787 2986 3856 αἰτήσῃς
3027 3783 3168 3854 ὑπὲρ
3208 3783 3407 3848 αὐτῶν,
3445 3780 3759 3835 εἰσακούσο-

2187 3897 2303 3952 μαι.

2817 3968 2972 4021 ΚΕΦ.
3013 3967 3114 4021 IB'.

2253 4085 2308 4141 5.
2351 4084 2630 4151 Ἅγνισον
2646 4078 2868 4146 αὐτοὺς
2894 4081 2981 4145 είς
3011 4077 3242 4148 ἡμέραν
3275 4075 3534 4147 σφαγῆς.
3566 4076 3642 4127 Δι’
3665 4075 3762 4128 αὒ-

2180 4175 2283 4246 τῆς
2325 4174 2519 4236 αὐτοὺς
2565 4173 2784 4240 ἅγνισον
2831 4169 2930 4240 τῆς
2985 4169 3217 4239 σφαγῆς·
3263 4170 3365 4220 Ὃν
3403 4170 3513 4236 γὰρ
3560 4163 3761 4235 ἀγαπᾷ

2181 4267 2416 4333 Κύριος,
2445 4263 2728 4318 παιδεύει.

2251 4355 2304 4408 4.
2349 4357 2503 4420 Ἕως
2535 4353 2678 4406 πότε
2711 4354 2994 4418 πενθήσει
3019 4353 3056 4420 ἡ
3086 4351 3162 4420 γῆ
3181 4369 3197 4414 ;
3215 4353 3278 4405 El
3305 4349 3524 4420 λογικοῦ
3548 4349 3608 4402 τὺ
3634 4349 3762 4403 πέν-

506 4429 728 4496 utentis,
755 4430 1002 4500 angelum
1035 4431 1496 4484 administrationi
1543 4441 1699 4485 terra:
1728 4432 2078 4500 prtepositum

2187 4445 2298 4509 θος,
2333 4444 2423 4497 τὸν
2453 4441 2680 4511 ἄγγελον
2701 4441 3005 4512 ὁμωνύμως
3035 4441 3187 4510 δηλοῖ
3212 4443 3301 4493 τὸν
3331 4440 3664 4510 ἐφεστηκότα
3691 4441 3758 4509 τῇ

506 4518 730 4573 nomine
757 4519 850 4572 illo
876 4520 1164 4590 signiﬁcat.
1201 4521 1324 4576 Haec
1349 4531 1529 4576 autem
1564 4531 1705 4576 terra
1744 4523 1828 4576 vel
1867 4523 1937 4576 ob
1966 4539 2082 4578 ma-

507 4609 680 4664 litiam
735 4609 1152 4666 inhabitantium
1199 4615 1363 4683 luget,
1399 4614 1482 4668 vel
1519 4615 1590 4668 ob
1632 4630 1819 4669 eorum
1855 4616 2081 4671 virtutes

507 4700 730 4756 ell'ertur
761 4703 982 4772 gaudio.

581 4794 666 4847 ll.
691 4795 737 4826 "
764 4794 989 4865 Propter
1005 4814 1083 4851 me
1108 4798 1446 4867 dissipatione
1474 4800 1731 4869 dissipata
1746 4811 1821 4853 est
1840 4801 2080 4856 universa

513 4893 672 4939 terra.
709 4885 976 4941 Subtilius
1030 4895 1212 4943 autem
1265 4888 1418 4956 illud,
1477 4907 1567 4960 per
1616 4908 1693 4945 me
1727 4893 1894 4945 omnis
1940 4905 2084 4948 terra

507 4975 748 5030 desolata
770 4986 866 5044 est,
897 4979 1217 5048 explicabis.
1249 4979 1386 5036 Nam
1412 4982 1630 5037 Christo
1664 4982 2003 5049 adveniente,
2030 4992 2085 5039 et

508 5085 605 5139 per
645 5071 764 5140 ejus
812 5072 1116 5130 doctrinam
1172 5076 1430 5131 membris
1475 5077 1679 5131 nostris
1725 5077 2083 5142 mortilicatis,

509 5170 652 5217 terra
684 5179 807 5234 qua:
837 5165 889 5219 in
921 5168 1079 5223 nobis
1111 5176 1195 5223 est
1223 5159 1465 5224 desolata
1500 5176 1602 5234 est,
1628 5182 1792 5223 carne
1822 5167 1936 5238 jam
1965 5169 2081 5224 suis

507 5267 616 5309 non
653 5253 907 5326 fungente
942 5258 1151 5314 ofﬁciis.

580 5345 672 5402 12.
709 5348 756 5379 ⁸⁸
779 5347 919 5414 Quia
949 5351 1160 5422 gladius
1209 5351 1420 5406 Domini
1450 5354 1739 5410 devorabit.
1784 5353 1888 5421 Qui
1933 5354 2080 5409 enim

504 5439 656 5495 venit
698 5441 912 5497 mittere
958 5442 1227 5513 gladium,
1276 5444 1540 5515 disjunxit
1581 5448 1649 5501 ab
1688 5447 1917 5501 invicem
1961 5461 2083 5516 qtae

2187 4539 2258 4608 γῇ
2301 4536 2440 4607 πρὸς
2475 4534 2735 4601 διάταξιν.
2800 4533 2863 4584 Ἦ
2895 4533 2952 4586 δὲ
2988 4532 3209 4602 τοιαύτη
3244 4534 3316 4603 γῆ
3360 4533 3393 4604 ἢ
3431 4532 3616 4585 πενθεῖ
3656 4529 3762 4583 ἀπὸ

2186 4629 2384 4692 κακίας
2435 4626 2543 4680 τῶν
2585 4623 2978 4679 κατοικούντων
3015 4626 3073 4678 ἐν
3137 4625 3294 4695 αὐτῇ,
3339 4623 3373 4694 ἢ
3416 4621 3760 4692 εὐφραίνεται

2186 4719 2295 4774 άπὸ
2327 4717 2426 4788 τῆς
2457 4714 2636 4769 αὐτῶν
2673 4713 2892 4784 ἀρετῆς.
3381 4710 3384 4714 ’

2256 4808 2343 4861 11.
2395 4805 2475 4858 Δι’
2522 4802 2628 4873 ἐμὲ
2666 4799 2984 4871 ἀφανισμῷ
3024 4801 3328 4868 ἠφανίσθη
3376 4797 3542 4854 πᾶσα
3580 4800 3617 4867 ἠ

2184 4900 2372 4960 Εῐποις
2394 4896 2438 4948 δ’
2463 4896 2528 4948 ἂν
2553 4893 2880 4964 ὑψηλότερον
2907 4891 2987 4955 τὸ,
3016 4891 3089 4944 δι’
3123 4891 3227 4960 ἐμὲ
3257 4891 3560 4958 ἠφανίσθη
3596 4887 3762 4942 πᾶσα

2184 4993 2223 5059 ἡ
2261 4987 2357 5058 γῆ·
2395 4984 2629 5057 Χριστοῦ
2654 4984 2762 5054 γὰρ
2793 4983 3036 5046 ἐλθόντος
3071 4983 3163 5035 καὶ
3182 4981 3270 5034 διὰ
3295 4983 3393 5053 τῆς
3425 4981 3588 5035 αὑτοῦ
3617 4981 3762 5035 διδα-

2189 5079 2414 5141 σκαλίας
2459 5075 2843 5146 νεκρωθέντων
2885 5074 3040 5145 ἡμῶν
3069 5073 3179 5127 τῶν
3213 5073 3410 5144 μελῶν,
3463 5075 3496 5143 ή
3544 5076 3599 5126 ὲν
3631 5076 3761 5144 ἡμῖν

2186 5169 2482 5240 ἠφάνισται
2509 5167 2602 5236 γῆ,
2633 5166 2733 5236 τῆς
2769 5165 2968 5236 σαρκὸς
3001 5165 3196 5236 μηκέτι
3233 5163 3490 5235 ποιούσης
3519 5163 3588 5218 τά
3637 5166 3761 5218 ἐαυ-

2185 5279 2305 5332 της.

2259 5353 2344 5405 12.
2373 5353 2499 5404 Ὅτι
2527 5350 2787 5420 μάχαιρα
2827 5349 3048 5416 Κυρίου
3097 5347 3512 5416 καταφιίτετιιι.
3557 5345 3620 5400 ὐ
3656 5344 3765 5418 γάρ

2187 5443 2356 5498 ἐλθὼν
2383 5441 2565 5513 βαλεῖν
2603 5441 2894 5512 μάχαιραν,
2938 5439 3183 5509 διέτεμεν
3205 5439 3445 5509 ἀλλήλων
3479 5438 3546 5491 τὰ
3569 5439 3764 5508 πρότε-

577 5637 620 5669 ⁸⁷
654 5638 809 5695 llom.
845 5642 897 5696 9.
972 5642 1016 5673 ⁸⁸
1038 5639 1196 5696 Joan.
1236 5657 1356 5707 vni,
1383 5642 1474 5696 Ut.
1552 5641 1596 5672 ”
1622 5639 1765 5694 Psal.
1793 5657 1934 5706 xuv,
1967 5640 2054 5697 ll.
2132 5641 2176 5676 ’⁸
2206 5625 2336 5684 ibid-
2405 5639 2447 5670 '"
2473 5636 2661 5694 IJoan.
2694 5650 2776 5704 ιιι,
2801 5638 2853 5691 8.
2929 5639 2972 5669 ⁹¹
3006 5633 3164 5692 Hom.
3197 5637 3281 5691 10.
3322 5637 3368 5670 ”
3392 5635 3555 5692 llebr.
3583 5649 3680 5700 xu,
3705 5629 3762 5688 6.

504 5706 553 5738 “
583 5707 742 5764 llom.
771 5712 858 5764 10.
934 5713 980 5744 ’⁵
1017 5711 1175 5766 Hom.
1202 5713 1289 5767 10.
1346 5706 1410 5745 ⁷9⁸
1448 5710 1606 5763 ΙΙοιιι.
1656 5712 1743 5763 ill.
