4140 6444
349 412 459 472 555

1564 403 1878 459 SELECTA
1919 402 1984 458 IN
2023 401 2390 459 JEREMIAM.

3517 404 3622 460 555

354 549 447 604 ρον
471 527 815 600 εἰρηνεύοντα
843 524 1027 589 κακῶς
1070 525 1282 595 πνεῦμα
1323 524 1416 577 καὶ
1448 524 1644 594 σάρκα·
1683 520 1804 573 τότε
1839 519 1950 591 γὰρ

2055 518 2205 586 prius
2242 504 2434 589 iniqua
2464 519 2762 573 utebantur
2790 534 2940 588 pace,
2979 517 3230 588 spiritum
3277 531 3331 576 et
3381 537 3606 576 carnem

351 623 455 676 οὐκ
485 620 795 691 ἐπεθύμουν
831 620 949 672 κατ’
989 617 1256 688 ἀλλήλων.
1295 615 1356 668 ὐ
1392 615 1450 668 δὲ
1477 612 1694 679 διδάξας
1723 614 1792 667 τά
1817 614 1951 666 ἑκα-

353 710 513 782 τέρου
561 708 698 781 ἔργα
732 707 960 779 βέὸληκε
999 707 1275 778 μάχαιραν
1304 707 1362 758 ὲν
1394 707 1525 775 ἡμῖν
1556 703 1647 756 τὸν
1687 702 1816 755 ἴδιον
1866 701 1954 755 λό-

353 816 471 869 γον·
508 801 601 855 καὶ
631 800 730 871 τὴν
765 797 1001 872 Χριστοῦ
1030 797 1299 870 νέκρωσιν
1328 799 1387 850 ἐν
1413 798 1627 859 ἑαυτοῖς
1655 794 1949 867 περιφέρο-

355 912 480 970 pm,
506 895 599 947 καὶ
625 893 692 965 ζῇ
727 893 789 946 τὸ
817 892 1057 963 πνεῦμα,
1098 890 1368 961 θανούσης
1413 892 1544 962 ἡμῖν
1578 890 1679 959 τῆς
1724 889 1947 960 σαρκός·

354 985 415 1041 ὲν
447 986 640 1057 ἐκείνῳ
669 985 799 1056 γάρ,
827 986 929 1038 οὐκ
958 986 1016 1037 ὲν
1042 982 1215 1055 ταύτῃ
1246 983 1561 1053 σπείρομεν,
1589 981 1676 1035 ἵνα
1710 981 1782 1052 μὴ
1814 980 1953 1050 θερί-

359 1097 539 1153 σωμεν
567 1078 795 1152 φθοράν,
825 1076 960 1131 ἀλλά
991 1075 1138 1147 ζωὴν
1167 1074 1406 1129 αἰώνιον.

431 1262 519 1317 15.
560 1258 848 1327 Σπείρατε
892 1258 1141 1327 πυρούς.
1194 1255 1483 1327 Σπείρουσι
1506 1253 1564 1306 δὲ
1594 1253 1807 1325 πυροὺς
1855 1252 1951 1306 καὶ

358 1352 667 1425 θερίζουσιν
705 1349 949 1413 ἀκάνθας
973 1351 1022 1402 οἱ
1042 1350 1153 1412 τοῖς
1181 1348 1278 1419 μὲν
1307 1346 1486 1414 λόγοις
1507 1344 1821 1415 ὁμιλοῦντες
1856 1343 1951 1397 τοῦ

354 1440 517 1505 θεοῦ,
556 1440 630 1514 μὴ
674 1439 875 1504 ζῶντες
917 1439 973 1493 δὲ
1012 1440 1135 1493 κατ’
1185 1437 1343 1503 αὐτὰ,
1395 1437 1430 1508 ἥ
1488 1435 1833 1497 πιστεύοντες
1879 1435 1954 1497 ὼς

362 1533 555 1597 παῖδες
587 1531 900 1605 αἱρετικῶν.

435 1624 521 1677 l5.
563 1622 673 1676 Kal
717 1620 930 1690 κλῆροι
975 1620 1174 1675 αὐτῶν
1214 1622 1326 1674 οὐκ
1375 1616 1808 1689 ὠφελήσουσιν
1845 1615 1952 1670 αὐ-

354 1714 514 1779 τούς.
554 1713 750 1781 Λέγοις
782 1711 827 1764 δ’
864 1710 931 1765 ἂν
967 1710 1102 1782 μηδὲ
1124 1712 1251 1776 τοὺς
1279 1710 1501 1782 ἔχοντας
1527 1708 1723 1780 κλῆρον
1750 1706 1952 1776 ἐκκλη-

361 1805 640 1859 σιαστικὸν
668 1802 903 1873 ὀφείλειν
928 1803 1021 1855 ἐπὶ
1049 1801 1225 1874 τούτῳ
1251 1803 1500 1875 θαρρεῖν,
1530 1800 1608 1864 ὡς
1648 1799 1842 1864 σώζειν
1862 1798 1954 1852 δυ-

2059 619 2194 664 tunc
2213 610 2358 664 enim
2387 625 2494 663 non
2517 611 2977 680 concupiscebam
3002 611 3264 668 adversus
3298 629 3356 668 se
3387 614 3641 669 invicem.

2055 699 2161 766 Qui
2193 712 2374 754 autem
2400 701 2689 771 utriusque
2716 717 2881 771 opera
2912 702 3119 765 docuit,
3146 704 3297 759 misit
3321 705 3374 758 in
3408 721 3509 760 nos
3533 708 3646 774 gla-

2055 792 2229 858 dium,
2265 807 2571 847 sermonem
2618 794 2936 863 proprinm;
2996 805 3049 847 et
3099 795 3300 851 Christi
3347 797 3647 853 mortiﬁca-

2058 883 2259 937 tionem
2294 883 2346 936 in
2382 883 2538 937 nobis
2572 882 3035 943 circumfer-imus.
3081 901 3357 957 carueque
3397 889 3450 942 in
3490 890 3645 943 nobis

2054 983 2324 1040 emortua,
2372 974 2599 1043 spiritus
2652 974 2811 1039 vivit;
2856 972 2910 1027 in
2943 974 3037 1028 illo
3070 976 3252 1041 enim,
3294 993 3404 1030 non
3452 978 3503 1030 in
3545 977 3647 1031 hac

2056 1065 2414 1127 seminamus,
2445 1081 2511 1119 nc
2553 1065 2981 1133 corruptionem,
3033 1065 3124 1119 sed
3172 1066 3337 1120 vitam
3385 1077 3643 1121 aeternam

2058 1168 2350 1212 metamus.

2133 1250 2217 1304 l5.
2260 1248 2530 1304 Sentinate
2553 1248 2822 1317 frumenta
2848 1250 2915 1302 ’7.
2946 1247 3229 1304 Seminant
3258 1266 3384 1304 vero
3405 1250 3650 1306 lrnmeno

2059 1350 2196 1403 tum,
2228 1357 2293 1396 ac
2325 1342 2513 1412 spinas
2538 1341 2821 1395 demetunt
2854 1342 2947 1410 qui
2978 1341 3141 1395 verba
3172 1340 3267 1396 Dei
3301 1342 3520 1399 assidue
3544 1354 3651 1398 tra-

2056 1444 2227 1498 ctant,
2258 1437 2353 1490 sed
2376 1450 2484 1489 non
2510 1434 2702 1487 vivunt
2732 1442 2790 1487 ut
2822 1434 2911 1487 illa
2939 1434 3283 1504 praecipiunt,
3304 1434 3388 1488 vel
3417 1436 3651 1490 credunt

2057 1534 2117 1578 ut
2151 1525 2411 1581 haeretici.

2131 1616 2218 1670 13.
2261 1615 2404 1671 Cleri
2443 1635 2626 1673 eorum
2651 1634 2753 1672 non
2780 1616 3066 1686 proderunt
3099 1617 3174 1671 eis
3198 1617 3263 1671 ⁸⁸.
3295 1616 3455 1673 Dicas
3481 1616 3647 1673 etiam

2055 1716 2109 1762 et
2130 1708 2279 1763 clero
2318 1710 2698 1766 ecclesiastico
2725 1709 2997 1778 ascriptus
3020 1724 3128 1763 non
3157 1709 3353 1765 debere
3379 1709 3454 1763 illi
3482 1710 3648 1766 ﬁdere

2057 1799 2216 1869 quasi
2261 1800 2438 1869 possit
2494 1801 2585 1855 ille
2634 1815 2827 1856 omnes
2874 1801 3085 1856 salvare
3129 1800 3182 1853 in
3238 1799 3440 1870 quibus
3484 1801 3652 1856 inest.

357 1898 579 1969 ναμένῳ
607 1898 816 1961 πάντας
857 1899 988 1961 τοὺς
1028 1895 1269 1968 ἔχοντας.
1307 1896 1472 1949 Πόσοι
1524 1893 1634 1965 γὰρ
1671 1893 1740 1946 δι’
1778 1892 1954 1964 ἔργων

2056 1887 2207 1955 Quot
2243 1890 2388 1944 enim
2428 1889 2587 1946 factis
2631 1891 2764 1961 ipsis
2796 1891 3094 1946 miserrimi
3137 1890 3351 1946 eti‘ecti?
3411 1890 3452 1943 Ε
3495 1892 3651 1947 laicis

369 1988 647 2059 μγόνασιν
698 1988 908 2054 ἀθλιοις
963 1990 1029 2043 ὲκ
1075 1987 1280 2043 λαῖκῶν
1334 1987 1392 2041 δὲ
1443 1986 1601 2040 πόσοι
1655 1985 1952 2056 μακάριοις

358 2080 508 2151 Πλὴν
563 2081 785 2136 δυνατοὶ
835 2079 1078 2143 δυνατῶς
1139 2078 1555 2150 ἑτασθήσονται.
1625 2075 1789 2130 Καθά
1846 2075 1956 2147 γὰρ

360 2173 575 2237 Παῦλός
599 2190 750 2244 φησι·
800 2173 1068 2241 Ζητεῖται
1098 2170 1168 2225 δὲ
1201 2171 1269 2226 ἐν
1294 2171 1420 2238 τοῖς
1465 2171 1821 2238 οἰκονιηιοις,
1857 2169 1958 2221 ἵνα

358 2265 579 2331 πιστός
605 2282 696 2330 τις
721 2262 958 2333 εὑρεθῆ.

432 2358 522 2412 15.
561 2357 942 2426 Αίσχύνθητε
981 2356 1098 2411 ἀπὸ
1129 2354 1487 2426 καυχήσεως
1510 2353 1697 2424 ὑμῶν.
1733 2352 1956 2425 Καῦχη-

358 2467 445 2506 σιν
465 2448 772 2520 όνειδισμοῦ
806 2449 903 2503 καὶ
931 2449 1193 2521 αἰσχύνης
1219 2449 1353 2519 φησὶ
1373 2446 1472 2519 τὴν
1498 2448 1590 2500 ἐπὶ
1622 2445 1840 2517 πλούτῳ
1861 2445 1958 2499 καὶ

359 2541 520 2615 ῥώμῃ
552 2541 645 2596 καὶ
687 2540 873 2595 κάλλει
910 2543 1005 2596 καὶ
1044 2540 1155 2594 τῶν
1201 2539 1403 2611 ὁμοίων
1438 2538 1789 2610 σωματικῶν.
1828 2536 1948 2590 Κᾶν

358 2629 492 2705 ἔχῃς
513 2631 572 2686 δέ
602 2649 655 2684 τι
692 2631 1014 2704 προτέρημα
1053 2630 1302 2701 ψυχικὸν,
1333 2629 1396 2683 οὐ
1432 2629 1686 2701 καυχήσῃ
1711 2625 1959 2701 πειθόμε-

354 2734 450 2781 νος
496 2717 576 2789 τῷ
609 2717 840 2787 λέγοντι·
885 2717 983 2786 Μὴ
1030 2716 1357 2787 καυχάσθω
1401 2719 1434 2772 ό
1474 2717 1762 2787 φρόνιμος
1784 2716 1856 2771 ἐν
1882 2714 1958 2787 τῇ

291 2819 302 2831 ’
354 2807 654 2878 φρονήσει
679 2807 889 2873 αὐτοῦ,
918 2810 1092 2879 ίσχύτ
1120 2826 1183 2862 τε
1231 2809 1330 2862 καὶ
1361 2810 1623 2875 πλούτῳ,
1660 2807 1757 2862 ἀλλ
1789 2811 1847 2864 έν
1879 2810 1959 2882 τῷ

359 2899 602 2953 συνιέναι
629 2900 724 2953 καὶ
747 2899 1038 2969 γινώσκειν
1068 2899 1158 2951 τὸν
1198 2898 1426 2971 Κύριον,
1459 2898 1656 2967 λέγων·
1708 2898 1861 2968 Ἐμοί
1889 2899 1960 2953 δὲ

357 2990 446 3061 μὴ
473 2988 703 3061 γένοιτο
733 2990 1071 3061 καυχᾶσθαι
1109 2994 1163 3045 εὶ
1197 2991 1284 3060 μὴ
1339 2991 1410 3043 ἐν
1449 2989 1529 3056 τῷ
1570 2989 1813 3060 σταυρῷ
1849 2992 1958 3047 τοῦ

365 3082 588 3150 Κυρίου
614 3080 783 3153 ἡμῶν
828 3083 1021 3152 Ἰησοῦ
1064 3083 1343 3152 Χριστοῦ·
1389 3084 1484 3136 καὶ
1516 3083 1697 3137 πάλιν·
1739 3084 1960 3153 ἣδιστα

364 3173 746 3245 καυχήσομαι
782 3175 853 3229 ἐν
882 3175 1011 3243 ταῖς
1039 3176 1380 3242 ἀσθενείαις
1404 3192 1545 3245 μου,
1578 3176 1680 3230 ἵνα
1709 3177 1964 3247 ἐπισκη-
1985 3223 2026 3279 c

436 3452 524 3507 12.
564 3451 691 3520 Πᾶς
735 3452 928 3521 ἀσκὸς
973 3456 1434 3525 πληρωθήσεται
1472 3461 1663 3515 οἴνου.
1711 3457 1958 3530 Δευτέρῳ

358 3543 560 3616 χρῆται
613 3545 1011 3616 παραδείγματι
1055 3547 1165 3601 τῶν
1202 3548 1386 3604 ἀσκῶν
1406 3590 1420 3615 ,
1481 3553 1563 3604 ὅτι
1624 3552 1730 3614 πᾶς
1791 3548 1958 3613 ἀσκὸς

363 3635 783 3710 πληρωθήσεται
830 3639 996 3703 οίνου,
1041 3640 1216 3696 καίτοι
1291 3645 1386 3697 καὶ
1438 3644 1618 3698 ἐλαίου
1658 3644 1752 3698 καὶ
1779 3642 1958 3696 ἄλλων

361 3727 566 3800 ὑγρῶν·
611 3729 756 3795 τινὲς
806 3729 864 3783 δὲ
899 3732 993 3785 καὶ
1023 3733 1244 3802 μένουσι
1284 3735 1451 3800 κενοὶ,
1482 3735 1576 3791 ὲάν
1608 3735 1825 3806 γνῶμεν
1859 3733 1958 3798 τάς

360 3821 476 3875 τῶν
505 3822 662 3877 οίνων
698 3822 985 3896 διαφορὰς,
1021 3827 1116 3879 καὶ
1153 3826 1216 3880 τὸ
1244 3828 1420 3898 παρὸν
1453 3826 1652 3899 ἀληθὲς
1678 3825 1959 3898 δειχθήσε-

358 3929 473 3966 Ιιαι.
533 3914 722 3969 Ἔστιν
748 3910 841 3969 οὖν
887 3912 1030 3980 οἶνος
1063 3917 1234 3988 θυμὸς
1284 3918 1593 3990 δρακόντων
1629 3920 1693 3973 ὲκ
1734 3917 1957 3988 βότρυος

360 4004 618 4075 πικρίας,
653 4004 747 4059 καὶ
775 4006 1026 4078 ἀμπέλου
1058 4007 1329 4079 Σοδόμων,
1358 4009 1436 4072 ὡς
1463 4008 1793 4080 γέγραπται·
1841 4009 1956 4063 ἔστι

356 4098 455 4150 καὶ
486 4095 731 4166 ἄμπελος
763 4098 1079 4168 Αἰγυπτίων
1107 4099 1175 4171 ἧν
1210 4100 1479 4155 πατάσσει
1517 4103 1546 4154 ό
1584 4099 1717 4165 Θεὸς
1754 4101 1813 4155 ἐν
1860 4118 1957 4172 χα-

356 4185 521 4260 λάζῃ·
554 4188 785 4244 ἐστικαὶ
812 4193 1072 4265 ποτήριον
1096 4192 1304 4265 Κυρίου
1341 4191 1633 4264 μεθύσκον,
1656 4193 1732 4258 ὡς
1751 4193 1959 4267 γέγρσρ

355 4296 518 4342 πται,
549 4281 862 4351 κράτιστον·
895 4284 987 4338 καὶ
1022 4285 1057 4354 ή
1092 4285 1255 4355 σοφία
1282 4284 1543 4355 συγκαλεῖ
1577 4285 1670 4339 ἐπὶ
1697 4282 1790 4339 τὸν
1830 4287 1959 4339 ἑαυ-

352 4373 459 4444 -ςῆς
494 4373 765 4445 κρατῆρα,
798 4374 983 4442 Δεῦτε,
1025 4377 1282 4447 λέγουσα,
1321 4380 1526 4450 φάγετε
1550 4379 1658 4433 τῶν
1683 4377 1830 4450 ἐμῶν
1857 4378 1956 4451 ἄρ-

353 4480 492 4527 των,
534 4468 630 4521 καὶ
670 4467 824 4521 πίετε
859 4464 1003 4525 οἶνον
1026 4471 1103 4526 δν
1147 4472 1426 4544 κεκέρακα
1451 4473 1605 4544 ὑμῖν·
1642 4472 1735 4527 καὶ
1768 4471 1952 4527 πάλιν·

2058 1993 2189 2033 vero
2219 1989 2357 2050 quot
2388 1980 2783 2036 beatitudinem
2814 1980 3090 2035 assecuti?
3115 1980 3383 2034 Caeterum
3415 1989 3650 2050 potentes
3754 2012 3757 2015 -

2057 2076 2295 2136 potenter
2334 2069 2790 2123 nominabuntur
2830 2071 2897 2122 ”.
2934 2068 3021 2144 .Ut
3058 2070 3202 2124 enim
3250 2068 3453 2125 Paulus
3486 2069 3563 2123 ait
3586 2069 3649 2123 ιε

2061 2158 2335 2224 ρυίενὶιυν
2348 2162 2490 2215 inter
2505 2162 2895 2231 dispensatores
2918 2172 2977 2215 ut
2998 2161 3173 2230 ﬁdelis
3189 2163 3308 2232 quis
3330 2163 3649 2215 inveniatur.

2128 2343 2293 2415 292
2320 2344 2406 2398 15.
2441 2343 2847 2414 Confundimini
2874 2361 2907 2397 a
2938 2343 3254 2415 gloriatione
3287 2354 3457 2398 vestra
3483 2345 3525 2397 ’.
3564 2345 3656 2399 la-

2059 2435 2318 2489 ctantiam
2350 2434 2536 2504 probri
2572 2444 2628 2490 et
2648 2434 2992 2490 verecundia:
3015 2435 3112 2499 ait,
3141 2451 3263 2504 quae
3299 2434 3527 2498 divitiis.
3558 2451 3651 2491 ro-

2032 2525 2224 2590 .bore,
2279 2525 2714 2595 pulchritudine,
2769 2525 3091 2594 caeterisque
3134 2527 3382 2596 corporis
3430 2525 3653 2582 dotibus

2060 2618 2330 2675 innititur.
2363 2616 2521 2684 Quod
2563 2618 2609 2673 si
2652 2618 2782 2672 dote
2823 2617 3011 2686 aliqua
3054 2617 3225 2671 animi
3259 2627 3509 2687 praestas,
3543 2634 3651 2673 non

2059 2709 2404 2779 gloriaberis,
2457 2710 2844 2779 obtemperans
2894 2709 3183 2764 dicenti':
3233 2708 3359 2763 Non
3397 2710 3655 2782 glorietur

2057 2802 2287 2871 prudens
2317 2803 2372 2855 in
2398 2801 2684 2871 prudentia
2710 2818 2833 2869 sua,
2879 2801 3069 2857 robore
3098 2810 3149 2856 et
3184 2801 3410 2868 divitiis,
3454 2803 3551 2858 sed
3598 2806 3651 2858 in

2034 2894 2374 2965 cognitione
2416 2909 2481 2949 ac
2525 2896 2874 2965 perceptione
2914 2893 3167 2960 Domini,
3207 2896 3480 2951 dieens‘:
3514 2895 3654 2951 Mitti

2032 2997 2237 3040 autem
2275 2986 2413 3042 absit
2443 2987 2704 3058 gloriari,
2764 2989 2869 3041 nisi
2919 2987 2975 3041 in
3023 3004 3175 3042 cruce
3226 2987 3441 3043 Domini
3483 2989 3653 3044 nostri

2057 3077 2188 3133 Iesu
2217 3078 2454 3143 Christi;
2481 3088 2538 3135 et
2569 3080 2767 3135 iterum
2794 3080 2815 3111 ⁵
2845 3097 2858 3135 :
2891 3078 3178 3134 Gloriabor
3216 3082 3274 3135 in
3311 3081 3653 3151 inﬁrmitati-

2062 3171 2159 3223 bus
2188 3170 2342 3236 meis,
2374 3178 2433 3222 ut
2462 3171 2721 3223 inhabitet
2748 3171 2805 3223 in
2830 3187 2911 3224 me
2937 3171 3102 3223 virtus
3123 3170 3341 3225 Christi.

2685 3373 2840 3429 CAP.
2882 3363 3024 3427 Xlll.

2133 3466 2220 3520 l2.
2265 3463 2453 3520 Omnis
2496 3474 2613 3518 ater
2644 3464 2956 3534 implebitar
3000 3466 3119 3519 vino
3155 3466 3198 3522 ⁸.
3244 3465 3497 3521 Secundo
3550 3467 3653 3522 hoc

2061 3559 2235 3614 utitur
2264 3557 2469 3613 utrium
2505 3559 2942 3629 exemploﬂluod
2988 3560 3167 3614 utnnis
3210 3566 3336 3614 uter
3377 3561 3506 3614 vino
3547 3562 3652 3613 im-

2061 3649 2318 3720 plebitur.
2352 3648 2460 3705 Sed
2500 3651 2547 3706 si
2581 3652 2836 3705 vinorum
2885 3650 3220 3706 diﬂ'ereutias
3265 3638 3648 3721 percipiamus,

2058 3748 2113 3794 et
2141 3741 2247 3795 hoc
2279 3739 2493 3795 veritati
2535 3740 2787 3795 innixum
2823 3741 3365 3798 commonstrabitur.
3406 3741 3502 3795 Est
3546 3743 3650 3811 igi-

2061 3840 2151 3885 tur
2173 3831 2361 3885 vinum
2406 3831 2560 3886 l‘nror
2601 3830 2904 3887 draconum
2942 3846 3009 3888 ex
3046 3832 3206 3887 botro
3245 3834 3649 3899 amaritudinis.

2058 3930 2114 3975 et
2146 3922 2301 3976 vinea
2341 3920 2732 3989 Sodomorum,
2763 3930 2822 3976 ut
2849 3923 3113 3994 scriptum
3135 3924 3155 3955 ⁷
3181 3923 3448 3995 legimus;
3483 3933 3569 3981 est
3595 3936 3652 3981 et

2060 4013 2441 4086 Egyptiorum
2473 4015 2621 4082 vitis,
2666 4030 2833 4085 quam
2869 4015 3181 4072 diverberat
3211 4016 3356 4073 Dens
3392 4019 3445 4073 in
3485 4034 3652 4089 gran-

2058 4106 2185 4160 dine
2206 4105 2249 4173 ⁸;
2290 4114 2376 4161 est
2415 4114 2471 4161 et
2506 4106 2647 4162 calix
2681 4105 2902 4162 Domini
2940 4107 3242 4171 inebrians,
3282 4118 3338 4162 ut
3382 4110 3648 4179 scriptum

2058 4204 2166 4261 est,
2195 4198 2731 4266 prmelarissimus’:
2773 4206 2829 4252 et
2859 4198 3129 4268 sapientia
3171 4208 3331 4253 vocat
3374 4201 3440 4254 ad
3482 4217 3646 4255 suum

2058 4291 2340 4359 poculum,
2380 4291 2463 4345 eia
2505 4292 2671 4363 agite,
2704 4292 2802 4356 ait,
2849 4290 3119 4346 comedite
3154 4307 3185 4345 θ
3216 4293 3354 4348 meis
3390 4295 3647 4363 panibus,

2056 4391 2112 4437 et
2163 4383 2331 4438 bibite
2369 4384 2559 4439 vinum
2596 4384 2745 4454 quod
2795 4382 3119 4438 commiscui
3168 4385 3327 4439 vobis
3350 4386 3414 4452 ‘°;
3446 4396 3498 4441 et
3542 4387 3648 4441 ite-

2059 4490 2226 4529 rum:
2268 4476 2512 4530 vinetum
2565 4475 2770 4531 factum
2821 4482 2908 4529 est
2952 4473 3220 4530 dilecti“.
3272 4476 3367 4533 Est
3413 4486 3467 4532 ct
3520 4479 3648 4535 vitis

364 4556 661 4628 Ἀμπελὼν
686 4559 923 4632 ἐγενήθη
941 4561 1020 4634 τῷ
1038 4564 1401 4636 ⁴Ιχγαπτιμένῳ·
1433 4563 1548 4619 ἔστι
1587 4564 1683 4618 καὶ
1711 4564 1956 4635 ἄμπελος

2060 4566 2229 4623 Sorec
2263 4568 2433 4623 electa
2472 4569 2537 4621 “.
2579 4565 2773 4624 Omnis
2813 4568 3000 4641 itaque
3040 4570 3206 4625 homo
3252 4570 3479 4640 ﬁgurate
3518 4588 3647 4627 cum

350 4648 559 4723 Σωρὴκ
582 4650 832 4725 ὲκλεκτή.
862 4653 977 4718 Πᾶς
997 4649 1090 4710 οὖν
1117 4654 1404 4728 ἄνθρωπος
1428 4655 1706 4729 τροπικῶς
1737 4672 1842 4729 χρη
1851 4673 1955 4727 μα-

349 4743 527 4810 τίζων
556 4743 722 4809 ἀσκὸς
753 4746 898 4800 οἴνου
939 4748 1245 4820 χωρητικός
1267 4749 1382 4803 ἐστι
1413 4749 1741 4821 κρείττονος,
1772 4748 1806 4820 ἢ
1841 4748 1955 4820 χεί-

354 4849 538 4906 ρονος,
569 4834 602 4906 ἢ
635 4835 837 4908 ἀναμὶξ
862 4838 1211 4910 ἀμφοτέρων,
1232 4840 1381 4911 καὶῆ
1412 4841 1628 4910 ἐπίσης,
1658 4840 1691 4912 ἦ
1727 4840 1948 4911 μᾶλλον,

2055 4659 2127 4713 sit
2156 4667 2298 4721 uter,
2340 4672 2515 4728 capax
2563 4666 2646 4713 est
2690 4657 2803 4712 vini
2840 4658 3105 4724 melioris,
3139 4666 3237 4712 aut
3277 4658 3504 4728 pejoris,
3549 4671 3649 4714 aut

2056 4752 2260 4806 mistim
2309 4750 2637 4821 utriusque,
2675 4759 2753 4833 et_
2780 4751 2866 4806 vel
2914 4750 3199 4822 aequaliter
3242 4750 3328 4805 vel
3375 4752 3549 4821 magis
3588 4763 3648 4809 et

2054 4843 2238 4899 minus
2289 4843 2551 4908 alterius;
2599 4857 2769 4914 pravo
2815 4843 3037 4913 quidem
3073 4858 3138 4897 ex
3185 4850 3420 4913 utroque
3456 4842 3644 4896 vinum

262 4932 281 4975 κ’
351 4929 450 4983 καὶ
488 4924 656 5000 ἦττον
706 4929 959 5003 θατέρου·
996 4931 1092 4986 τοῦ
1123 4932 1223 5004 μὲν
1260 4933 1466 5003 φαύλου
1488 4932 1779 5006 δεχομένου
1802 4932 1864 4986 τὺ
1891 4932 1952 4998 ἐξ

2055 4929 2302 4998 capiente
2330 4927 2697 4984 Sodomorum
2724 4929 2977 4985 videlicet
2988 4936 3044 4984 et
3057 4926 3461 5001 Egyptiorum,
3479 4927 3645 4986 Israel

251 5005 263 5023 ’
352 5017 719 5092 ἀμφοτέρων,
757 5021 1009 5093 Σοδόμων
1058 5023 1153 5077 καὶ
1206 5024 1545 5093 Αἰγυπτίων,
1588 5023 1698 5077 τῶν
1739 5022 1951 5095 ἐχθρῶν

2056 5019 2331 5087 hostium;
2361 5021 2506 5075 bono
2530 5036 2660 5076 vero
2683 5020 2874 5075 vinum
2910 5035 2943 5075 e
2975 5020 3144 5076 calice
3173 5019 3389 5075 Domini
3417 5029 3473 5076 et
3513 5036 3607 5077 cra
3626 5046 3646 5063 ε

367 5108 611 5183 Ἰσραὴλ,
646 5111 742 5165 τοῦ
778 5112 836 5166 δὲ
861 5112 1071 5183 ἀγαθοῦ
1107 5114 1198 5168 τὸν
1226 5115 1291 5168 ὲκ
1322 5115 1584 5185 ποτηρίου
1622 5113 1827 5185 Κυρίου
1854 5113 1953 5166 καὶ

2055 5121 2168 5167 tere
2195 5112 2476 5182 sapientiae
2502 5134 2514 5169 :
2544 5122 2599 5168 et
2629 5113 2776 5168 hunc
2805 5112 3026 5183 quidem
3048 5113 3404 5183 consequitur
3429 5110 3643 5183 punitio

357 5202 614 5273 κρατῆρα
645 5203 747 5274 τῆς
784 5205 994 5273 σοφίας·
1022 5205 1117 5260 καί⁵
1137 5204 1217 5277 τῷ
1243 5206 1341 5277 μὲν
1377 5206 1679 5277 παρέπεται
1708 5208 1949 5280 τιμωρία

2055 5205 2207 5274 iuxta
2244 5206 2377 5262 illud
2401 5206 2447 5238 ³³
2474 5224 2487 5260 :
2514 5206 2706 5275 Accipe
2736 5204 2986 5276 poculum
3028 5206 3137 5260 uiui
3179 5214 3229 5260 et
3273 5207 3401 5260 meri
3444 5204 3640 5275 hujus;

358 5291 508 5344 κατὰ
528 5293 607 5357 τδ,
628 5295 786 5351 Λάϐε
803 5295 869 5351 τὸ
898 5296 1189 5366 ποτήριον
1210 5296 1318 5351 τοῦ
1334 5298 1524 5361 οἴνου,
1557 5299 1655 5352 καί
1682 5298 1947 5376 ἀκράτου

2055 5310 2099 5353 et
2130 5297 2283 5353 dabis
2322 5307 2567 5368 palatum
2608 5296 2849 5351 omnibus
2886 5297 3125 5368 gentibus
3166 5299 3236 5351 ad
3279 5314 3411 5368 quas
3452 5313 3544 5366 ego
3590 5307 3640 5350 te

357 5385 603 5452 τούτου,
619 5390 719 5442 καὶ
741 5391 965 5459 ποτιεῒς
977 5391 1179 5447 πάντα
1191 5391 1265 5447 τὰ
1278 5390 1446 5459 ἔθνη,
1479 5391 1629 5460 πρὸς
1640 5390 1679 5445 ἄ
1691 5390 1808 5460 ἐγὼ
1818 5392 1948 5446 ἐπι-

356 5474 603 5532 στέλλω
621 5495 693 5537 σε
715 5480 865 5549 πρὸς
892 5484 1137 5549 αὐτοὺς,
1166 5481 1244 5553 τῷ
1285 5482 1524 5553 Ἱερεμίᾳ
1553 5482 1736 5552 φησίν·
1829 5483 1949 5536 ὲπι-

2052 5393 2226 5458 miuo,
2259 5389 2512 5447 Ieremia:
2560 5391 2655 5455 ait,
2705 5391 2907 5460 quibus
2953 5390 3212 5454 adnectit,
3260 5400 3309 5444 et
3353 5390 3550 5453 bibent,
3586 5398 3640 5442 et

2051 5491 2305 5546 evomant,
2335 5489 2384 5536 et
2414 5482 2649 5548 uerient,
2675 5491 2724 5535 et
2762 5480 3057 5534 concident.
3105 5479 3450 5536 Punitionem
3488 5482 3639 5538 enim

431 5707 479 5741 "
500 5706 664 5766 Hom.
707 5709 794 5765 1ο.
872 5711 920 5744 ’⁸
961 5711 1118 5767 Hom.
1161 5713 1247 5769 11.
1325 5715 1371 5748 ⁹⁹
1401 5711 1530 5777 Sap.
1559 5727 1632 5774 vr,
1661 5711 1715 5764 7.
1795 5707 1956 5766 ‘lCo

2055 5725 2115 5773 ιν,
2143 5709 2196 5763 2.
2268 5705 2288 5735 ’
2326 5705 2485 5777 Hom.
2518 5706 2604 5760 11.
2690 5702 2944 5777 '_{crem.
2990 5721 3064 5777 Ix,
3096 5705 3187 5762 23.
3264 5705 3285 5737 ⁸
3317 5707 3437 5764 Gal.
3488 5725 3566 5777 vr,

360 5776 453 5831 ﬂ.
532 5781 554 5811 ³
580 5778 626 5835 ll
651 5777 780 5836 Cor.
808 5796 907 5845 xu,
936 5781 990 5836 9.
1065 5784 1086 5815 ⁶
1126 5783 1284 5838 Hom.
1317 5784 1405 5839 12.

1522 5772 1735 5835 Denter.
1761 5795 1937 5847 xxxii,
1967 5780 2059 5843 3‘3,
2093 5780 2182 5833 53.
2233 5780 2256 5813 ⁸
2299 5776 2445 5831 Psal.
2473 5790 2678 5841 Lxxvu,
2702 5772 2791 5829 47.

2867 5779 2889 5807 ¹’
2913 5772 3056 5841 Psal.
3103 5793 3235 5836 xxtt.
3262 5780 3315 5834 5.
3395 5779 3439 5811 ’⁸
3466 5772 3631 5840 Prov.

362 5861 440 5912 IX,
473 5848 527 5904 5.
607 5850 648 5883 ¹¹
670 5849 776 5906 lsa.
805 5867 858 5916 ν,
884 5868 922 5905 ι.
1003 5852 1043 5884 ¹²
1066 5852 1266 5908 iorem.
1301 5869 1362 5917 ιι,
1391 5853 1485 5908 2|.
1563 5852 1605 5882 ¹³
1631 5850 1832 5906 Jerem.
1866 5866 1993 5919 xxv,
2020 5850 2109 5917 l5,
2136 5850 2221 5903 16.

690 5949 960 6010 Iuram.
1005 5948 1121 6009 Gn.
1156 5948 1329 6010 χιιι.

3243 5942 3317 6002 18
