4140 6434
436 432 539 488 559

1858 416 1946 477 EX
1985 420 2286 477 ORIGENE

3586 423 3699 477 ’ὄῦυ

435 566 562 606 vero
591 547 709 614 hos,
751 566 817 604 ne
849 550 1119 602 debitores
1170 546 1319 610 liam,
1349 560 1453 597 non
1500 543 1826 611 acceperint,
1873 540 2006 594 nihil

2130 538 2337 600 ἔκαστος
2362 530 2435 589 ὧν
2467 538 2697 606 ηκουσεν
2733 535 3036 604 ὀφειλέτης,
3088 538 3213 601 τοὺς
3244 536 3353 590 τῶν
3396 537 3701 609 εἰρημένων

433 642 542 696 illis
569 641 710 695 ultra
735 641 977 694 debetur.
1011 638 1093 689 Fit
1121 636 1267 689 enim
1299 634 1679 702 unusquisque
1702 646 1893 686 eorum
1922 630 2016 683 ile-

434 734 578 788 bitor
618 747 740 802 qua:
787 730 1073 793 audiverit,
1107 738 1162 782 et
1199 728 1493 798 exiguntur
1535 727 1604 780 ab
1635 741 1701 780 eo
1742 725 2011 778 dictorum

434 838 635 879 usum.
668 821 787 877 lluc
822 822 1056 892 pertinet
1093 830 1146 874 et
1188 819 1490 873 Salvator-is
1526 817 1730 871 dictum
1766 813 1832 869 atl
1866 815 2013 866 iner-

433 928 542 970 tem
575 916 914 984 magistrum,
951 911 1096 981 quod
1128 926 1296 964 meum
1333 918 1606 980 argentum
1633 904 1794 975 295
1823 918 2012 973 ponere

2117 626 2514 697 ἀπαιτούμενος
2544 628 2756 691 τόκους.
2805 628 3056 681 Τοιοῦτον
3099 630 3194 682 καὶ
3221 629 3281 681 τὸ
3321 628 3415 682 τοῦ
3450 629 3699 702 Σωτῆρος

2119 722 2256 793 πρὸς
2287 723 2377 776 τὸν
2410 723 2640 793 ὀκνηρὸν
2666 722 3005 787 διδάσκαλον,
3034 721 3116 775 ὅτι
3140 721 3261 776 ἔδει
3285 738 3360 776 σε
3380 723 3605 788 ,βαλεῖν
3632 723 3701 778 τὸ

2118 813 2404 882 ἀργύριόν
2439 833 2558 884 μου
2604 815 2729 880 τοῖς
2787 815 3175 881 τραπεζίταις,
3220 816 3315 870 καὶ
3358 814 3473 886 ἐγὼ
3508 814 3701 871 ἐλθὼν

2117 904 2405 975 ἀπῄτησα
2434 904 2511 958 ἂν
2536 905 2684 959 αὐτὸ
2717 905 2839 959 σὺν
2879 909 3050 974 τόκῳ.

432 1010 655 1065 debebas
689 1008 829 1076 apud
856 1003 1261 1067 nummularios,
1285 1014 1333 1055 et
1359 1018 1452 1070 ego
1473 1000 1679 1054 veniens
1703 1012 1819 1050 cum
1857 1007 2021 1049 usura
2050 996 2333 1064 exegissem
2368 997 2504 1051 illud
2532 1000 2596 1051 ³³.

504 1103 594 1159 11.
638 1100 788 1165 Fiat,
819 1099 1058 1162 Domine,
1094 1097 1449 1166 dirigentibus
1487 1093 1616 1148 illis.
1651 1089 1794 1156 Quid
1832 1095 1916 1143 est
1958 1084 2011 1139 id

430 1195 576 1267 quod
604 1195 721 1248 Iieri
752 1191 944 1263 optat?
972 1191 1143 1244 robur
1170 1204 1364 1257 nempe
1393 1186 1539 1256 quod
1566 1183 1751 1238 deﬁcit
1775 1182 1829 1235 in
1860 1193 2013 1233 exse-

432 1287 745 1348 erantibus,
783 1283 1006 1353 quando
1051 1290 1175 1350 post
1234 1276 1654 1347 imprecationes
1694 1268 2010 1343 pinniteutia

432 1380 583 1437 ducti
631 1380 773 1433 riam
818 1384 1023 1430 rectam
1075 1373 1457 1442 ingrediuntur
1505 1378 1559 1423 et
1605 1364 2007 1437 perambulant.

434 1471 571 1527 Nam
604 1470 746 1525 tleeti
783 1467 851 1522 ad
888 1465 1286 1537 paenitentiam.
1331 1462 1495 1521 robur
1536 1458 1879 1528 iinpietatum
1917 1453 2013 1509 de-

434 1576 647 1622 struere
671 1572 774 1619 est.

508 1657 595 1711 12.
639 1652 864 1708 Ferrum
908 1660 958 1706 et
994 1645 1371 1720 operimentum
1402 1657 1605 1699 evneum
1647 1636 1807 1692 robur
1838 1649 2011 1690 mum.

436 1750 562 1807 Ilaec
603 1749 679 1804 ait
704 1746 850 1802 Deus
891 1745 956 1799 ad
985 1741 1247 1813 populum
1285 1738 1422 1793 diris
1457 1734 1779 1805 proiihetam
1823 1742 2015 1799 prose-

434 1854 622 1901 cutum
647 1860 661 1908 ;
696 1841 900 1911 quippe
922 1838 1019 1908 qui
1047 1842 1232 1890 essent
1259 1831 1444 1888 animo
1470 1828 1524 1882 in
1551 1826 1710 1881 malis
1738 1822 2017 1878 obstinato

434 1936 733 2005 lethalique
757 1945 970 1988 veneno
994 1928 1236 1999 oppleto.

509 2028 595 2083 15.
623 2004 692 2080 Et
723 2026 1000 2079 thesauros
1031 2030 1148 2073 tuos
1179 2020 1234 2071 in
1261 2015 1603 2085 direptionem
1630 2008 1787 2063 dabo.
1812 2006 1859 2039 ³⁸
1878 2004 2017 2059 The-

436 2118 587 2175 sauri
629 2116 776 2170 enim
806 2114 1025 2174 illorum
1061 2124 1169 2163 non
1212 2108 1265 2160 in
1290 2106 1448 2161 cmlis
1473 2111 1650 2165 erant,
1679 2100 1771 2155 sed
1814 2099 1869 2152 in
1908 2105 2019 2151 ter-

434 2210 535 2265 ris.
581 2205 694 2262 llos
718 2215 774 2260 et
810 2205 866 2259 in
910 2200 1272 2270 direptionem
1305 2197 1399 2252 dat
1428 2195 1590 2249 Deus.
1621 2190 1812 2244 Dii-ere
1852 2188 2018 2243 etiam

438 2298 648 2370 pateris
682 2305 736 2351 et
772 2295 1015 2367 pctiores
1052 2290 1235 2361 populi
1275 2288 1422 2342 illius
1461 2286 1753 2340 thesauros
1795 2279 1847 2333 in
1878 2278 2022 2333 dire-

436 2395 680 2467 ptionem
719 2393 900 2447 datos.
956 2387 1170 2444 Etenim
1225 2384 1517 2439 thesauros
1562 2378 1805 2448 Moysem
1853 2373 2019 2429 babe-

440 2465 577 2542 bant
609 2493 659 2539 et
685 2481 1006 2552 prophetas,
1021 2492 1170 2547 quos
1195 2475 1265 2530 ab
1314 2473 1422 2527 illis
1458 2468 1685 2525 abstulit
1734 2465 2018 2529 Christus;

435 2578 533 2649 qui
561 2578 725 2631 etiam
756 2572 889 2629 dicit
912 2570 957 2602 ³¹
981 2588 994 2624 :
1023 2568 1310 2638 Auferetur
1340 2583 1371 2617 a
1402 2562 1544 2617 vobis
1579 2576 1797 2631 regnum
1821 2556 1942 2621 Dei,
1969 2562 2021 2609 et

436 2645 656 2723 dubitur
684 2665 825 2736 genti
851 2660 1071 2733 facienti
1096 2659 1303 2727 [ructus
1326 2656 1465 2719 ejus.
1492 2650 1692 2706 Primis
1716 2650 1860 2704 enim
1890 2645 2019 2707 illis,

440 2760 637 2816 deinde
690 2757 851 2813 nobis
897 2753 1066 2809 verba
1118 2750 1213 2805 Dei
1259 2747 1574 2805 concredita
1625 2751 1773 2797 sunt.
1827 2740 2023 2794 Ablata

441 2853 597 2909 liuere
628 2850 699 2904 ab
732 2850 904 2920 ipsis;
950 2855 1005 2901 et
1040 2858 1187 2899 nunc
1223 2840 1460 2896 inaniter
1489 2836 1804 2906 Seripturas
1848 2831 2025 2903 possi-

441 2945 593 3006 dent,
637 2941 782 3011 quod
825 2940 1045 2993 illorum
1095 2947 1320 2989 sensum
1367 2946 1473 2984 non
1504 2927 1830 2999 percipiant.
1886 2920 2023 2975 Nam

441 3034 799 3104 adimpletum
849 3041 933 3086 est
986 3027 1119 3083 illud
1174 3035 1298 3096 post
1343 3021 1551 3078 Christi
1604 3020 1897 3074 adventum
1945 3015 2020 3067 ³¹ε

444 3128 646 3183 Audita
682 3123 934 3188 audietis,
964 3131 1014 3175 et
1057 3134 1161 3173 non
1185 3115 1511 3187 percipiatis,
1540 3121 1590 3165 et
1624 3110 1855 3164 videntes
1884 3105 2028 3161 ride-

2190 1088 2277 1144 11.
2314 1090 2581 1154 Γένοιτο,
2616 1092 2909 1155 Δέσποτα,
2966 1094 3454 1147 κατευθυνόντων
3482 1092 3700 1148 αὐτῶνι

2119 1177 2183 1230 Τί
2218 1177 2460 1246 γένοιτος
2490 1182 2731 1253 δηλονότι
2786 1184 2821 1253 ἡ
2878 1185 3086 1254 ἱσχὺςὴ
3120 1182 3448 1237 ἐκλείπουσα
3491 1184 3549 1238 ἐν
3587 1186 3705 1249 τοῖς

2117 1269 2550 1339 καταρωμένοις,
2582 1272 2692 1336 ὅτε,
2722 1271 2858 1342 μετὰ
2909 1274 3009 1344 τὴν
3061 1274 3306 1343 κατάραν
3339 1274 3705 1343 μετανοήσαν-

2119 1378 2231 1424 τες,
2256 1364 2506 1435 τραπῶσι
2561 1365 2659 1436 τὴν
2688 1366 2900 1419 εὐθεῖαν
2933 1366 3027 1419 καὶ
3076 1364 3244 1436 αὐτὴν
3279 1364 3588 1418 ὁδεύσωσιν.
3634 1365 3704 1421 Ἡ

2117 1453 2227 1525 γὰρ
2251 1456 2387 1526 πρὸς
2438 1459 2726 1526 μετάνοιαν
2783 1458 2925 1530 ῥοπὴ
2985 1457 3303 1528 καθαίρεσις
3353 1458 3467 1509 ἐστι
3518 1455 3617 1526 τῆς
3646 1458 3705 1509 ὲν

2125 1547 2408 1611 ἀσεϐείαις
2442 1548 2644 1618 ἰσχύος.

2192 1640 2277 1694 12.
2315 1640 2571 1709 Σίδηρον
2599 1642 2699 1695 καὶ
2734 1644 3119 1712 περιϐόλαιον
3158 1639 3430 1709 χαλκοῦν
3455 1641 3494 1707 ἡ
3525 1639 3708 1707 ίσχύς

2118 1749 2254 1787 σου.
2289 1733 2475 1787 Ταῦτὰ
2502 1751 2664 1803 φησιν
2686 1736 2715 1787 6
2743 1734 2875 1798 Θεὸς
2912 1734 3050 1806 πρὸς
3072 1734 3164 1787 τὸν
3197 1732 3606 1803 ἐναρασάμενον
3627 1730 3708 1801 τῷ

2120 1826 2375 1898 προφήτῃ
2410 1825 2558 1889 λαὸν,
2592 1825 2669 1889 ὡς
2692 1826 2791 1895 τῆς
2815 1825 2996 1896 ψυχῆς
3020 1824 3200 1879 αὐτῶν
3238 1824 3296 1875 ἐν
3329 1825 3518 1885 κακοῖς
3547 1822 3707 1876 ἀνεν-

2052 1896 2093 1953 B
2120 1915 2273 1969 δότου
2304 1896 2494 1988 οῦσης,
2524 1917 2619 1970 καὶ
2646 1917 2883 1988 πλήρους
2907 1917 2988 1971 ἰοῦ
3014 1915 3335 1988 φθαρτικοῦ.

2194 2007 2281 2060 15.
2321 2008 2429 2060 Καὶ
2505 2008 2644 2073 τοὺς
2698 2009 3041 2076 θησαυρούς
3089 2025 3206 2061 σου
3258 2009 3346 2071 είς
3395 2004 3708 2074 προνομὴν

2119 2094 2309 2151 δώσω.
2339 2099 2401 2151 υἱ
2427 2097 2692 2168 θησαυροὶ
2719 2098 2829 2168 γὰρ
2861 2098 3042 2151 αὐτῶν
3066 2099 3167 2152 οὐκ
3193 2100 3251 2151 ὲν
3266 2098 3513 2169 οὐρανοῖς
3542 2092 3705 2167 ἦσαν,

2121 2188 2237 2243 ἀλλ’
2272 2191 2365 2243 ἐπὶ
2410 2192 2533 2262 γῆς.
2573 2190 2807 2254 Τούτους
2839 2190 2933 2245 καὶ
2980 2189 3195 2244 δίδωσιν
3226 2191 3305 2254 εἰς
3348 2191 3628 2261 προνομὴν
3675 2191 3707 2244 6

2120 2280 2273 2346 Θεὸς.
2299 2284 2484 2346 Είποις
2509 2283 2553 2334 δ’
2586 2282 2652 2337 ἂν
2686 2283 2779 2336 καὶ
2832 2282 3147 2353 κρείττονας
3178 2280 3273 2335 τοῦ
3334 2280 3463 2334 λαοῦ
3495 2280 3707 2334 ἑκείνου

2123 2374 2430 2447 θησαυροὺς
2464 2376 2543 2437 εἰς
2574 2374 2853 2446 προνομὴν
2879 2372 3198 2428 ἐκδίδοσθαι.
3246 2372 3567 2445 Θησαυροῦς
3596 2374 3710 2443 γὰρ

2123 2462 2268 2537 εἶχον
2296 2466 2533 2534 Μωῦσῆν
2588 2468 2681 2520 καὶ
2732 2468 2858 2530 τοὺς
2905 2467 3214 2536 προφήτας,
3267 2464 3361 2529 οῦς
3390 2464 3580 2518 ἔλαϐεν
3610 2468 3707 2519 ἀπ’

2124 2560 2304 2613 αὐτῶν
2337 2561 2365 2612 6
2423 2558 2676 2631 Χριστὸς,
2736 2558 2765 2612 ὃ
2824 2558 2916 2611 καί
2978 2574 3162 2628 φησιν·
3230 2555 3575 2625 Ἀρθήσεται
3607 2558 3707 2626 ἀφ’

2124 2652 2291 2723 ὑμῶν
2324 2654 2361 2720 ’ἡ
2390 2652 2683 2716 ,Βασιλεία
2706 2650 2811 2704 τοῦ
2863 2649 3033 2713 Θεοῦ,
3078 2649 3176 2704 καὶ
3206 2647 3525 2715 δοθήσεται
3551 2649 3710 2702 ἔθνει

2126 2745 2398 2800 ποιοῦντι
2432 2744 2574 2810 τοὺς
2624 2743 2893 2810 καρποὺς
2919 2741 3129 2810 αὐτῆς.
3178 2740 3391 2812 Πρῶτοι
3429 2741 3539 2811 γὰρ
3567 2741 3713 2794 ὲκεί-

2128 2855 2207 2891 νοι
2242 2836 2640 2907 ἐπιστεύθησαν
2672 2834 2743 2889 τὰ
2770 2835 2926 2903 λόγια
2956 2834 3051 2887 τοῦ
3076 2832 3234 2897 Θεοῦ,
3279 2834 3372 2886 καὶ
3422 2834 3537 2903 μετ’
3566 2831 3713 2886 ἐκεί-ο

2128 2946 2252 2993 νους
2279 2930 2462 3000 inuia
2498 2925 2677 2998 Ἤρθη
2708 2925 2765 2979 δὲ
2793 2928 2886 2982 ἀπ’
2910 2924 3109 2978 αὐτῶν·
3145 2927 3238 2978 καὶ
3258 2923 3351 2977 νῦν
3377 2923 3593 2993 ἔχουσιν
3619 2922 3715 2976 αὖ·

2129 3018 2236 3072 τῶν
2276 3017 2373 3080 τὰς
2407 3017 2445 3069 Γ
2451 3016 2629 3089 ραιρὰς
2665 3015 2728 3069 τὸ
2759 3016 2835 3086 μὴ
2871 3014 3096 3086 θεωρεῖν
3148 3015 3238 3067 τὸν
3267 3016 3325 3066 ἐν
3357 3014 3537 3076 αὐτοῖς
3565 3012 3710 3067 νοῦν.

2131 3110 2495 3182 Πεπλήρωται
2523 3108 2632 3179 γὰρ
2663 3107 2802 3179 μετὰ
2832 3106 2929 3178 τὴν
2967 3105 3143 3177 Ἰησοῦ
3182 3105 3492 3176 ἐπιδημίαν·
3534 3103 3714 3172 Ἀκοῇ

445 3222 593 3285 bitis,
626 3227 679 3272 et
716 3233 818 3269 non
853 3210 1217 3284 perspiciatis;
1252 3224 1343 3262 cor
1382 3206 1521 3260 enim
1556 3201 1738 3273 populi
1764 3198 1920 3269 hujus
1953 3198 2024 3250 in-

2131 3203 2449 3267 ἀκούσετε,
2503 3201 2602 3256 καὶ
2655 3204 2727 3255 οὐ
2769 3201 2855 3270 μὴ
2907 3197 3155 3266 συνῆτε,
3230 3200 3325 3252 καὶ
3375 3196 3708 3264 ,ϐλέποντες

442 3320 750 3369 εταεεαιωη
779 3317 882 3363 881.

519 3491 608 3545 14.
664 3485 729 3540 Et
779 3484 970 3539 servire
1022 3489 1071 3535 te
1124 3477 1321 3548 {ariam
1369 3476 1425 3534 in
1476 3471 1717 3527 omnibus
1766 3467 2026 3538 gentibus.

446 3582 505 3638 1n
543 3581 861 3638 servitutem
900 3573 1153 3627 redactus
1182 3580 1268 3624 est
1305 3564 1540 3636 pepulus
1574 3563 1662 3617 ille
1690 3561 1949 3626 hostium,
1979 3566 2031 3610 et

443 3676 716 3731 abductus
743 3671 796 3723 in
826 3678 1026 3722 terram
1052 3677 1217 3733 quam
1249 3659 1543 3714 nesciebat.

522 3766 610 3822 lli.
647 3763 895 3822 Domine,
942 3756 1219 3812 recordare
1263 3753 1385 3806 mei.
1428 3750 1472 3781 ³³
1500 3747 1627 3804 Haec
1651 3749 1727 3802 ait
1766 3742 2033 3816 propheta

449 3877 510 3916 se
554 3860 734 3930 ipsum
779 3854 972 3911 videns
1034 3846 1172 3904 nihil
1215 3846 1627 3917 proﬁcientem,
1673 3849 1726 3895 et
1769 3838 2030 3909 agitatum

449 3953 656 4009 frustra
698 3945 941 4006 insidiis,
989 3958 1128 4013 quas
1171 3939 1248 3993 illi
1294 3937 1490 3991 crebro
1534 3931 1831 3987 machinati
1881 3935 2030 3984 sunt.

451 4043 651 4097 Factus
706 4048 789 4093 est
829 4036 977 4091 enim
1031 4030 1292 4087 inimicus
1342 4025 1716 4088 audientibus,
1758 4022 1887 4076 dum
1927 4018 2035 4073 illis

451 4150 578 4190 vera
626 4131 849 4185 indicat.
904 4121 1263 4193 Longanimis
1309 4119 1487 4173 factus
1536 4132 1618 4180 es,
1646 4114 1847 4184 inquit,
1871 4125 2035 4180 super

451 4224 651 4296 populo
701 4234 806 4290 pro
872 4214 1144 4286 peccatis;
1182 4211 1237 4265 in
1304 4208 1391 4262 bis
1445 4221 1567 4277 quas
1638 4206 1903 4259 adversus
1949 4216 2036 4256 me

453 4316 574 4373 ausi
597 4321 729 4370 sunt
754 4328 820 4365 ne
850 4310 928 4364 sis
954 4301 1303 4375 longanimis.
1340 4298 1446 4366 Qui
1471 4298 1617 4353 enim
1655 4296 1897 4353 sermoni
1925 4309 2032 4348 non

452 4411 853 4477 obtemperant,
879 4400 985 4453 illis
1014 4399 1092 4453 ira
1118 4406 1209 4450 tua
1234 4400 1485 4462 superest
1506 4392 1573 4445 ad
1597 4387 2034 4459 expurgandum.

455 4501 496 4556 F
501 4507 659 4555 aveat
696 4510 827 4565 ergo
868 4491 1002 4547 mihi
1042 4502 1133 4544 tua
1170 4485 1561 4556 longanimitas
1590 4499 1690 4553 pro
1728 4479 2037 4551 opprobriis

455 4606 580 4664 quas
604 4597 824 4661 pr0pter
851 4595 903 4638 te
919 4582 1188 4638 sustinui.

527 4685 617 4740 15.
660 4681 986 4738 Consumma
1028 4691 1137 4729 eos.
1184 4674 1229 4705 ”
1260 4669 1678 4727 Consummatio
1731 4665 1889 4720 riualis
1929 4672 2034 4731 est,

455 4774 714 4843 nequitiae
742 4770 903 4824 linem
941 4765 1170 4835 imponi,
1196 4771 1250 4819 et
1276 4761 1607 4817 sensibiliter
1634 4757 2037 4812 conisuinmatio

455 4866 562 4920 l'uit
585 4864 694 4920 illis
719 4857 942 4930 quando
980 4854 1208 4911 insidias
1234 4853 1287 4907 in
1315 4850 1652 4906 Salvatorem
1683 4848 1851 4901 moliti
1883 4854 2030 4901 sunt.

456 4959 575 5014 Non
615 4954 758 5010 enim
802 4947 1039 5019 amplius
1064 4944 1366 5001 Jerusalem
1392 4940 1594 4997 Judaaie
1644 4942 1787 5011 regia
1831 4951 2032 4995 metro-

458 5053 620 5126 petis,
653 5064 753 5104 uec
775 5042 940 5100 Israel
965 5041 1060 5096 Dei
1088 5038 1324 5109 populus
1353 5037 1673 5106 appellatur.

532 5228 619 5284 16.
665 5225 732 5280 Et
763 5226 862 5279 erit
893 5221 1018 5275 mihi
1055 5217 1265 5273 uerbum
1297 5224 1440 5268 tuum
1478 5213 1533 5267 in
1556 5211 1822 5267 laetitiam.
1845 5212 1887 5244 ³⁵
1905 5212 2037 5269 Nam

458 5323 564 5379 etsi
598 5321 653 5375 in
682 5315 969 5389 praesentia
1003 5311 1232 5366 verbum
1259 5317 1413 5363 tuum
1440 5307 1506 5360 ad
1533 5306 1768 5369 vincula,
1796 5305 1861 5359 ad
1894 5306 2037 5371 lites,

462 5412 529 5467 ad
557 5408 911 5469 vexationes,
944 5400 1011 5455 ad
1040 5397 1492 5469 vituperationes,
1522 5395 1593 5450 ad
1624 5393 1878 5463 dolores;
1918 5396 2042 5452 linis

2125 3295 2416 3365 βλέψετε,
2442 3295 2542 3349 καὶ
2575 3296 2647 3349 οὐ
2667 3294 2755 3363 μὴ
2788 3292 2975 3361 ἴδητε·
3013 3292 3325 3361 ἐπαχύνθη
3360 3289 3469 3360 τὰρ
3508 3290 3547 3358 ἡ
3583 3307 3719 3358 καρ-

2130 3387 2231 3441 δία
2252 3387 2359 3441 τοῦ
2390 3386 2541 3442 λαοῦ
2566 3387 2801 3440 τούτου.

2204 3477 2290 3531 11.
2321 3476 2431 3530 Kal
2453 3474 2893 3531 καταδουλώσει)
2925 3488 3000 3527 σε
3037 3474 3108 3526 ἐν
3135 3470 3284 3526 πᾶσι
3314 3470 3438 3536 τοῖς
3457 3470 3714 3539 ἐχθροῖς.

2131 3566 2612 3621 Καταδεδούλωται
2654 3567 2684 3619 6
2735 3565 2862 3628 λαὸς
2892 3565 3101 3627 ἐκεῖνος
3138 3564 3196 3616 ἐν
3223 3563 3335 3625 τοῖς
3357 3560 3591 3633 ὲχθροίς,
3624 3561 3718 3614 καὶ

2133 3659 2356 3728 γέγονεν
2387 3662 2445 3712 ὲν
2474 3660 2539 3729 τῇ
2573 3660 2643 3728 γῇ
2678 3660 2744 3729 ἣν
2772 3658 2871 3711 οὐκ
2904 3656 3039 3728 ᾔδει.

2209 3752 2297 3806 15.
2332 3752 2530 3819 Κύριε,
2555 3750 2862 3821 μνήσθητί
2911 3766 3053 3818 μου.
3107 3747 3292 3801 Ταῦτα
3341 3747 3371 3798 6
3431 3745 3721 3816 προφήτης

2135 3845 2301 3915 φησὶν
2334 3842 2475 3913 ὀρῶν
2501 3842 2694 3895 ἑαυτὸν
2733 3839 2900 3911 μηδὲν
2928 3838 3247 3909 ὠφελοῦντα
3287 3839 3381 3892 καὶ
3417 3837 3589 3908 μάτην
3621 3852 3720 3887 το.-

2137 3933 2587 4007 λαιπωρούμενον
2615 3934 2734 3994 ταῖς
2763 3929 2823 3994 ἐξ
2872 3928 3050 3983 αὐτῶν
3103 3929 3459 3999 πυκνοτέροις
3497 3924 3718 3979 ἐπιὸου-

2137 4026 2278 4090 λαῖς.
2329 4023 2555 4094 Ἐχθρὸς
2586 4020 2695 4095 γὰρ
2724 4020 2914 4089 γέγονε
2949 4021 3061 4083 τοῖς
3105 4017 3411 4079 ἁκούουσιν,
3442 4012 3722 4085 ἀληθεύων

2138 4118 2342 4180 αὐτοῖς.
2380 4112 2878 4187 Ἐμακροθύμησας
2899 4112 2978 4175 δὲ,
3007 4110 3194 4181 φησὶν,
3225 4109 3320 4162 ἐπὶ
3343 4108 3433 4162 τὸν
3461 4107 3588 4161 λαὸν
3626 4105 3724 4159 ἐπὶ

2136 4210 2249 4271 τοῖς
2274 4207 2685 4277 ἁμαρτήμασιν·
2721 4203 2814 4256 ἐπὶ
2845 4202 2904 4256 δὲ
2926 4204 3039 4264 τοῖς
3071 4200 3191 4255 κατ’
3224 4199 3358 4270 ἐμοῦ
3384 4196 3726 4268 τετολμημέ-

2140 4316 2249 4363 νοις
2280 4298 2356 4370 μὴ
2392 4294 2845 4367 μακροθυμήσῃς·
2877 4295 2991 4356 τοῖς
3023 4293 3131 4362 γὰρ
3187 4290 3330 4344 οὕτω
3361 4289 3434 4361 μὴ
3465 4287 3722 4358 πειθομέ-

2138 4407 2249 4455 νοις
2277 4392 2306 4443 6
2339 4387 2433 4453 σὸς
2456 4387 2628 4458 θυμὸς
2657 4389 2737 4450 εἰς
2762 4385 3026 4456 κάθαρσιν
3073 4383 3450 4436 ὑπολείπεται.
3487 4380 3724 4450 Τῦχοιμι

2139 4481 2319 4536 τοίνυν
2344 4479 2461 4534 ἀνθ’
2490 4472 2565 4533 ὧν
2593 4475 2906 4546 ὼνειδίσθην
2947 4476 3088 4547 ὑπὲρ
3117 4473 3211 4527 σοῦ
3245 4473 3345 4542 τῆς
3379 4472 3477 4543 σῆς
3516 4487 3728 4541 μακρο-

2069 4567 2116 4626 D
2143 4573 2345 4644 θυμίας
2369 4572 2381 4625 l

2216 4664 2303 4719 15.
2351 4661 2733 4718 Συντέλεσον
2779 4659 3023 4725 αὐτούς.
3088 4655 3373 4711 Συντέλεια
3437 4654 3627 4716 κακοῖς
3665 4650 3731 4705 τὸ

2145 4756 2320 4828 πέρας
2349 4754 2449 4826 τὴν
2481 4756 2677 4809 κακίαν
2710 4752 2916 4808 λαϐεῖν.
2975 4753 3084 4806 Καὶ
3142 4748 3417 4821 αἰσθητῶς
3468 4747 3525 4800 δὲ
3576 4761 3732 4799 συνε-

2145 4848 2477 4919 τελέσθησαν
2539 4846 2636 4900 ἐπὶ
2682 4848 2747 4915 τῇ
2805 4844 2948 4898 κατὰ
3004 4842 3097 4896 τοῦ
3151 4842 3402 4912 Σωτῆρος
3442 4837 3725 4907 ἐπιϐουλῇ·

2145 4942 2343 4997 Οὐκέτι
2412 4940 2522 5013 γὰρ
2592 4938 2950 5012 Ἰερουσαλὴμ
3026 4935 3359 5008 μητρόπολις
3420 4934 3521 5004 τῆς
3595 4933 3731 4985 Ἰου-

2145 5034 2302 5097 δαίας
2377 5029 2668 5103 βασιλικὴ,
2718 5031 2839 5084 οὐδὲ.
2927 5028 3144 5099 Ἰσραὴλ
3196 5026 3334 5080 Θεοῦ
3399 5022 3733 5097 χρηματίζει

2147 5125 2295 5190 λαός.
3333 5128 3340 5135 ”

2223 5216 2306 5269 16.
2341 5217 2449 5269 Kal
2499 5213 2672 5268 ἔσται
2701 5215 2733 5267 ό
2761 5212 2943 5280 λόγος
2975 5226 3091 5263 σου
3138 5207 3268 5278 ἐμοὶ
3313 5209 3401 5273 είς
3436 5205 3735 5275 εὐφροσὺ-

2147 5326 2283 5376 νην.
2319 5308 2383 5361 Εἰ
2424 5305 2533 5379 γὰρ
2559 5308 2652 5360 καὶ
2678 5306 2772 5360 ἐπὶ
2800 5304 2896 5358 τοῦ
2946 5303 3212 5373 παρόντος
3259 5304 3288 5354 6
3320 5300 3477 5369 λόγος
3516 5313 3610 5349 σου
3653 5298 3735 5359 εἰς

2146 5400 2344 5471 δεσμὰ,
2380 5401 2460 5462 είς
2489 5399 2668 5463 δίκας,
2702 5400 2781 5461 εὶς
2817 5397 3143 5467 πράγματα,
3185 5396 3264 5458 είς
3291 5389 3620 5462 δυσφημίας,
3655 5389 3735 5449 εἰς

462 5514 647 5559 tamen
680 5501 877 5555 horum
922 5495 1027 5549 erit
1071 5491 1124 5546 in
1172 5489 1416 5545 laetitiam
1468 5505 1479 5539 :
1527 5487 1672 5559 quod
1714 5486 2024 5542 Christiani:

2154 5493 2369 5555 πόνους,
2406 5490 2541 5545 ἀλλὰ
2574 5490 2636 5543 τὸ
2662 5489 2815 5553 τέλος
2839 5487 3043 5541 τούτων
3076 5488 3157 5549 εἰς
3190 5481 3527 5554 εὐφροσύνην
3557 5480 3731 5533 ἔσται·

465 5593 719 5663 congruit
776 5587 918 5644 male
956 5583 1158 5639 habitis
1205 5591 1259 5635 et
1303 5580 1525 5651 praemia
1573 5581 2042 5650 exspectantibus,

535 5801 582 5833 "
620 5798 753 5853 Luc.
789 5814 906 5853 xu.
937 5796 1029 5850 ‘23.
1121 5795 1164 5826 ³⁸
1208 5795 1357 5849 hom.
1398 5795 1483 5848 M.

477 5866 518 5898 "'
548 5868 740 5928 'bomil.
775 5868 863 5923 ﬂ.

2152 5585 2290 5653 ὅπερ
2348 5582 2609 5654 ἁρμόττει
2644 5581 2993 5651 Χριστιανοῖς
3050 5573 3589 5648 ταλαιπωρουμένοις
3642 5566 3741 5622 καὶ

1579 5792 1619 5823 ³³
1661 5790 1852 5846 Matth.
1883 5808 1971 5849 χιι
1993 5832 2011 5858 ,

2130 5832 2137 5847 .
2215 5793 2258 5827 ³³
2299 5790 2489 5848 Matth.
2520 5806 2655 5857 xm,
2694 5789 2782 5845 15.
2862 5788 2908 5822 ⁸³
2946 5788 3134 5844 homil.
3175 5786 3264 5843 14.
3343 5784 3387 5816 ³⁸
3430 5780 3620 5840 homil.
3647 5779 3740 5839 M.
