4140 6448
451 395 558 453 589

1662 384 1970 442 semen
2008 382 2073 436 lN
2112 381 2481 438 JEItEMIAM.
2534 344 2551 357 ’

3629 382 3731 437 570

452 506 643 572 Εἴποις
676 508 720 559 δ’
763 505 827 561 ἂν
855 506 950 562 καί⁵
980 506 1108 578 περὶ
1150 504 1259 558 τῶν
1287 500 1791 573 ψευδῶῶεσκάλων
1820 499 2040 555 ἀκολού-

2147 499 2353 553 dixeris
2399 508 2453 553 et
2486 498 2554 553 de
2597 497 3083 568 pseudomagislris
3126 513 3280 569 teque
3323 513 3389 554 ac
3425 496 3491 551 de
3533 495 3735 567 priori-

454 601 565 665 θως
592 604 705 665 τοῖς
734 600 968 671 πρόσθεν
1026 597 1296 669 εἰρῆσθαι.
1346 597 1431 660 Ὡς
1460 596 1568 667 γάρ
1619 612 1781 665 φησιν
1818 595 1848 646 ό
1892 593 2047 647 Σολο-

461 696 596 768 μῶν·
645 698 743 762 Ὃς
767 694 1002 765 ἐνεργεῖ
1030 694 1490 761 θησαυρίσματα
1537 691 1787 762 γλώσσῃ
1814 688 2044 760 ψευδεῖ,

452 789 677 859 μάταια
723 787 937 852 διώκει,
995 786 1093 840 καί
1126 786 1437 840 ἐλεύσεται
1484 786 1572 850 εἰς
1606 783 1829 853 παγίδα
1869 781 2047 837 θανά-

455 894 584 935 του.
619 880 680 933 Ol
710 879 819 950 γὰρ
848 876 1080 930 τοιοῦτοι
1135 874 1509 946 οἰκοδομοῦσιν
1543 874 1752 938 ἑαυτοῖς
1786 873 1963 936 οἰκίας
1987 873 2045 924 ὀ-

458 969 653 1041 νόματι
699 967 1048 1039 Ἐκκλησίαν,
1076 967 1199 1038 ἣτις
1232 966 1351 1020 ἐστὶ
1399 965 1872 1038 πονηρευομένων,
1909 965 2047 1037 πρὸς

459 1061 550 1123 οὓς
578 1060 797 1129 λέγεται
833 1060 974 1131 μετὰ
1019 1058 1327 1130 εἰρωνείας
1374 1058 1785 1129 ’ῼκοδόμησας
1810 1055 2046 1122 σεαυτῷ

455 1150 625 1210 οἷκον
651 1154 1018 1223 σύμμετρον,
1046 1153 1287 1221 ὑπερῷα
1324 1151 1596 1222 ῥιπιστά·
1637 1154 1696 1206 ὲν
1742 1145 1824 1214 οἷς
1864 1149 2046 1221 ᾠήθηο

454 1263 556 1301 σαν
580 1244 865 1315 ἀναψυχὴν
888 1244 1318 1317 ᾠκοδομηκέναι.
1348 1244 1446 1297 Διὰ
1477 1242 1531 1297 δὲ
1554 1244 1663 1296 τῶν
1691 1242 1922 1314 θυρίδων
1943 1241 2043 1295 οῐει

455 1338 824 1406 πεφωτικέναι
881 1337 1020 1405 φωτὶ
1072 1335 1327 1406 γνώσεως
1373 1335 1443 1389 τὰ
1476 1334 1888 1407 οἰκοδομήματά
1922 1351 2039 1395 σου,

452 1428 548 1482 καὶ
578 1429 846 1499 ἁσήπτοις
903 1426 1081 1492 ξύλοις
1138 1429 1219 1492 εἰς
1259 1427 1359 1498 τὴν
1391 1426 1681 1498 οἰκοδομὴν
1740 1426 1838 1498 τῆς
1866 1425 2042 1489 οἰκίας

453 1518 775 1590 κεχρῆσθαι,
811 1519 905 1572 καὶ
930 1518 1105 1589 χρίεις
1132 1518 1220 1572 διὰ
1253 1520 1439 1589 μίλτου
1470 1519 1805 1590 μιμούμενος
1822 1518 1884 1570 τὸ
1904 1512 2045 1588 αἷμα

454 1610 714 1683 Χριστοῦ.

530 1700 615 1756 15.
648 1701 745 1769 Μὴ
767 1702 1187 1769 βασιλεύσεις,
1216 1702 1302 1755 ὅτι
1333 1703 1413 1756 σὺ
1448 1702 1783 1771 παροξυνεῖ.
1826 1701 1962 1755 Ἀλλ’
1981 1702 2040 1756 ού

454 1793 780 1864 βασιλεύεις,
821 1795 868 1847 εἰ
896 1795 990 1848 καὶ
1042 1793 1401 1865 παρωξύνθης
1434 1795 1488 1847 ἐν
1523 1796 1699 1867 κέδρῳ
1717 1793 1810 1848 τοῦ
1838 1795 2043 1866 πατρός

2149 591 2271 646 bus.
2304 590 2375 646 Ut
2401 591 2546 645 enim
2573 591 2648 644 ait
2676 590 2933 645 Salomon
2958 591 3003 623 ⁷⁹
3023 633 3037 657 ,
3067 592 3161 660 qui
3180 601 3428 659 operatur
3457 590 3732 645 thesauros

2148 683 2333 751 lingua
2374 680 2637 745 mendaci,
2681 682 2867 734 inania
2903 691 3157 747 sectatur,
3190 692 3238 735 et
3263 681 3523 750 perveniet
3554 680 3611 734 iu
3648 679 3736 733 la-

2146 787 2336 840 queum
2370 772 2575 823 mortis.
2611 769 2675 822 lli
2709 771 2912 823 etenim
2942 770 3214 823 aediﬁcant
3243 769 3347 823 sibi
3376 769 3593 832 domos.
3631 781 3733 821 no-

2150 860 2297 915 mine
2340 860 2640 915 Eeclesiam
2682 876 2808 929 qum
2856 873 2941 915 est
2984 859 3421 930 malignantium,
3472 859 3540 913 ad
3588 871 3734 928 quos

2148 967 2273 1006 eum
2321 952 2498 1005 ironia
2550 951 2791 1006 dicitur:
2819 951 3135 1019 Ediﬁcasti
3189 952 3286 1005 tibi
3328 951 3543 1004 domum
3587 965 3732 1003 com-

2151 1053 2538 1108 rneusuratam,
2582 1043 2851 1097 clunacula
2882 1044 3209 1113 per/Iatilia,
3245 1044 3298 1097 in
3336 1043 3537 1114 quibus
3568 1040 3730 1096 refri-

2149 1138 2487 1207 gerationem
2542 1136 2813 1190 struxisse
2856 1136 3061 1203 opinati
3115 1147 3273 1199 sunt;
3323 1150 3421 1203 per
3460 1134 3733 1188 fenestras

2147 1247 2279 1285 vero
2310 1240 2398 1285 tua
2427 1230 2651 1284 tediticia
2700 1229 2904 1282 lumine
2934 1228 3265 1297 cognitionis
3294 1229 3599 1283 illustrasse
3632 1241 3733 1294 pu~

2146 1332 2232 1377 tas
2275 1331 2331 1377 et
2379 1323 2542 1393 lignis
2586 1320 3016 1393 imputrihilihus
3058 1320 3124 1375 ad
3159 1330 3488 1375 structuram
3534 1321 3732 1375 domus

2147 1426 2199 1471 te
2240 1431 2406 1471 usum
2441 1431 2584 1481 esse,
2626 1426 2681 1470 et
2721 1415 2901 1485 pmgis
2952 1415 3121 1469 minio
3170 1412 3495 1484 sanguinem
3521 1410 3732 1467 Christi

2147 1509 2459 1564 aemulatus.

2218 1695 2306 1750 15.
2356 1692 2615 1765 Nunquid
2659 1702 2717 1745 tu
2763 1694 3024 1765 regnabis,
3057 1693 3185 1762 quia
3215 1702 3271 1746 tu
3294 1689 3595 1754 contendes,
3620 1697 3730 1746 etc.

2151 1785 2256 1841 Sed
2306 1800 2413 1840 non
2460 1784 2735 1856 regnabis,
2771 1784 2873 1839 etsi
2910 1783 3205 1838 contendes
3253 1783 3308 1836 in
3348 1783 3512 1836 cedro
3562 1780 3734 1851 patris

456 1901 574 1938 σου.
625 1884 835 1955 Κέδρος
866 1887 894 1938 ὁ
929 1885 1112 1956 πατὴρ
1168 1885 1261 1938 τοῦ
1320 1885 1669 1956 ἁμαρτωλοῦ,
1713 1885 1928 1957 δένδρον
1991 1902 2040 1937 τι

2148 1879 2245 1935 tui.
2303 1877 2517 1933 Cedrus
2565 1876 2868 1946 peccatoris
2911 1886 3085 1945 pater,
3132 1874 3293 1928 arbor
3342 1873 3591 1944 quaedam
3635 1888 3734 1928 ex-

458 1972 682 2042 ὐψηλόν,
719 1974 1083 2044 ὑπερήφανον,
1116 1975 1514 2044 ἀντικείμενον,
1549 1975 1578 2027 ό
1622 1974 1886 2038 διάϐολος,
1928 1974 1962 2045 ἢ
2016 1976 2044 2026 ό

457 2063 634 2132 λόγων
670 2063 955 2134 μοχθηρῶν
978 2065 1180 2135 ἄρχων.
1219 2068 1282 2118 θί
1314 2066 1369 2119 δὲ
1399 2066 1622 2121 τοιαῦτα
1653 2066 2043 2138 οἰκοδομήσαν-

458 2172 551 2217 τες
608 2153 751 2226 λιμῷ
807 2155 1156 2212 ἀπολοῦνται.
1217 2160 1299 2212 Οὐ
1352 2159 1461 2228 γὰρ
1525 2157 1851 2229 φάγονται,
1902 2157 2045 2212 οὐδὲ

455 2247 713 2309 attonat,
796 2245 913 2299 ἀλλ’
963 2245 1109 2300 οὐδὲ
1163 2249 1563 2316 δικαιοσύνην
1614 2250 1911 2318 ἔγνωσαν,
1967 2248 2041 2320 μὴ

460 2337 755 2406 ἐγνωκότες
787 2339 1047 2410 Χριστόν·
1077 2338 1137 2391 τὸ
1157 2340 1213 2393 δὲ
1245 2339 1313 2393 τὰ
1365 2339 1549 2393 δίκαια
1594 2341 1857 2412 πράττειν
1891 2340 2039 2403 ἴδιον,

453 2428 609 2499 φησὶ,
645 2429 753 2482 τῶν
781 2430 1156 2499 γινωσκόντων
1188 2431 1279 2485 τὸν
1316 2432 1467 2485 Θεόν.
1503 2432 1623 2486 Τῶν
1652 2433 1708 2486 δὲ
1761 2432 1835 2504 μὴ
1867 2432 2044 2485 τοιού-

449 2536 561 2574 των
581 2519 705 2574 οὔτε
730 2524 779 2575 οἱ
804 2521 1072 2593 ὀφθαλμοὶ
1100 2522 1275 2585 καλοὶ,
1307 2524 1384 2595 μή
1416 2524 1704 2594 βλέποντες
1746 2527 1848 2597 τὴν
1907 2526 2041 2596 ἀλή-

452 2611 625 2674 θειαν,
657 2611 781 2666 οὔτε
816 2617 848 2685 ή
900 2615 1117 2686 καρδία,
1152 2614 1364 2685 ψευδῶν
1406 2617 1814 2689 πεπληρωμένη
1838 2617 2044 2690 δογμά-

449 2720 582 2764 των,
620 2703 689 2758 δι’
722 2697 796 2759 ὧν
842 2706 1168 2771 σφάλλοντες
1228 2707 1466 2777 ἑτέρους,
1518 2711 1832 2776 φονεύουσιν
1862 2711 2041 2765 αὐτῶν

449 2793 552 2859 τὰς
585 2795 784 2865 ψυχὰς,
815 2793 955 2866 αἷμα
986 2796 1162 2849 ἀθῶον
1194 2798 1480 2868 ἐκχέοντες
1511 2801 1575 2869 τῇ
1599 2799 1813 2874 γλώττῃ
1855 2800 2043 2871 ψευδεῖ

453 2887 548 2938 καὶ
592 2886 761 2959 δολία·
798 2886 957 2940 τοῦτο
1006 2888 1062 2941 δὲ
1091 2888 1189 2959 τῆς
1228 2888 1317 2941 διά
1361 2890 1626 2961 τριφυοΰς
1673 2895 1859 2964 χεῖρον
1905 2910 2044 2963 σφα-

452 2973 579 3045 γῆςο
1081 3048 1090 3057 ,

526 3064 616 3121 24.
647 3067 790 3120 Ἐὰν
808 3068 1130 3137 γενόμενος
1155 3067 1393 3139 γένηται
1426 3071 1712 3141 Ἰεχονίας
1736 3073 1868 3142 υίὸς
1902 3075 2045 3130 Ἰωακ-

456 3157 607 3226 rce/tt.
643 3158 750 3213 Τὸν
784 3161 1041 3232 ’ῐωακείμ
1070 3146 1258 3216 τοῦτον
1303 3163 1556 3234 Ἰεχονίαν
1622 3167 1891 3240 Ἱερεμίας
1941 3187 2040 3224 κα-

451 3248 550 3303 λεῖ·
590 3251 680 3304 τὸν
711 3252 768 3306 δὲ
789 3252 979 3305 τούτου
1001 3254 1214 3325 πατέρα
1245 3254 1529 3327 Ἐλιακεὶμ
1559 3260 2039 3333 προσαγορευόμε-

451 3354 544 3392 νον
575 3340 835 3411 Ἰωακεὶμ
866 3341 1092 3396 ὲκάλεσε
1151 3343 1351 3415 Νεχαὼ
1409 3345 1642 3417 Φαραὼ,
1691 3347 1751 3401 ὃν
1782 3348 1988 3402 ἀνελὼν
2012 3353 2041 3404 ό

452 3434 798 3499 Βαϐυλώνιος
836 3436 943 3507 πρὸ
976 3437 1079 3507 τῆς
1127 3437 1303 3509 πύλης
1334 3439 1662 3511 ἀπέρριψεν,
1693 3441 1768 3504 ὡς
1800 3443 1829 3495 ό
1850 3441 2041 3514 παρὼν

450 3526 739 3598 προφήτης
800 3526 971 3594 λέγει,
1032 3528 1126 3580 καὶ
1183 3526 1445 3600 Ἰώσηπος
1480 3531 1537 3582 ἐν
1578 3533 1644 3601 τῇ
1686 3530 1888 3605 δεκάτῃ
1938 3532 2041 3603 τῆς

460 3619 922 3687 Ἀρχαιολοτίας.
984 3619 1058 3672 Τὸ
1106 3618 1162 3672 δὲ
1193 3620 1627 3693 ἀποσφράγισμα
1659 3625 1895 3693 σφραγὶς
1919 3624 2039 3691 ἑξέ-

450 3709 637 3762 δωκαν
685 3712 734 3763 οἰ
786 3709 979 3764 λοιποί·
1018 3712 1254 3782 σφραγὶς
1305 3711 1364 3765 δὲ
1410 3713 1528 3785 ’ήτοι
1592 3714 1847 3786 σφενδόνη
1883 3718 1942 3769 ὲν
1970 3720 2036 3789 τῇ

449 3796 604 3871 kin;
621 3799 716 3853 τοῦ
750 3798 884 3853 θεοῦ
917 3802 1127 3870 γίνεται
1155 3818 1273 3864 πως
1303 3803 1331 3854 ό
1363 3802 1423 3854 τὸ
1452 3806 1572 3855 κατ’
1599 3804 1897 3869 εἰκόνα-διὰ
1944 3823 2041 3875 με-

448 3892 672 3954 τανοίας
708 3892 1168 3964 ἀναλαμπρύνων·
1207 3894 1342 3966 ἔργα
1384 3894 1493 3965 γὰρ
1518 3894 1701 3964 ἀγαθά
1725 3900 1928 3951 νοεῖται
1971 3897 2040 3951 τὰ

446 3980 603 4047 δεξιά
629 3982 724 4036 τοῦ
747 3983 906 4046 Θεοῦ,
935 3983 1027 4037 τοῦ
1061 3985 1130 4038 τὰ
1152 3984 1404 4055 πρόϐατα
1438 3986 1695 4051 ἰστῶντος
1742 3990 1807 4042 ἐκ
1829 3987 2034 4053 δεξιῶν.

456 4076 563 4130 Ἦν
588 4075 646 4130 δὲ
679 4076 950 4149 σφραγῖδα
981 4074 1058 4146 τῷ
1106 4076 1303 4149 ἀσώτῳ
1356 4077 1458 4149 υἰῷ
1504 4078 1735 4133 δέδωκεν
1782 4081 1811 4133 ὁ
1858 4083 2039 4157 πατὴρ

451 4165 866 4237 ἐπιστρέψαντι.
929 4165 1107 4237 Ὅπερ
1139 4168 1188 4219 εἰ
1245 4165 1467 4234 γέγονεν
1530 4166 1806 4238 Ἰεχονίας,
1867 4168 2039 4235 τύπος

448 4261 564 4322 τοῖς
596 4257 861 4327 ὑπηκόοις
908 4256 1187 4320 εὐσεϐείας
1218 4256 1451 4326 ἐγένετο.
1522 4258 1660 4311 Ἀλλ’
1712 4260 1774 4314 οὐ
1822 4260 2034 4330 γέγονε.

448 4349 598 4421 Πλὴν
630 4349 776 4417 ἔδοξε
814 4347 893 4420 τῷ
933 4349 1188 4422 προφήτῃ
1237 4348 1521 4404 πείθεσθαι
1558 4352 1812 4421 φήσαντι·
1853 4353 1907 4406 Ὁ
1944 4355 2041 4407 ἐκ·

447 4442 855 4511 πορευόμενος
882 4441 1032 4510 πρὸς
1081 4439 1150 4494 τὸ
1188 4439 1460 4509 χωρῆσαι
1511 4442 1662 4510 πρὸς
1711 4443 1854 4510 τοὺς
1886 4447 2040 4500 Χαλ-

447 4532 658 4600 du/ovc
717 4532 861 4599 τοὺς
914 4533 1424 4603 συγκεκλεικότας
1494 4531 1652 4602 ὑμᾶς
1679 4574 1694 4598 9

463 4624 684 4695 Ἐξῆλθε
715 4623 826 4697 γὰρ
860 4624 1200 4696 ἐπαγόμενος
1232 4624 1328 4677 καί
1357 4623 1473 4694 τῆν’
1516 4627 1728 4697 μητέρα
1785 4631 1880 4683 καὶ
1910 4631 2036 4695 τοὺς

445 4717 706 4781 δυνατοὺς
737 4717 1119 4788 αὐτομολήσας
1164 4719 1300 4789 πρὸς
1350 4718 1477 4784 τοὺς
1524 4718 1919 4786 Βαϐυλωνίους.
1972 4723 2035 4777 Εἰ

447 4806 505 4860 δὲ
531 4807 641 4880 γὰρ
669 4807 902 4872 τελείαν,
961 4810 1148 4879 φησὶν,
1207 4810 1520 4875 ἐπεδείξατο
1569 4812 1667 4884 τὴν
1720 4813 2034 4883 μετάνοιαν,

448 4897 592 4952 ὥστε
627 4901 723 4955 καὶ
755 4900 1029 4971 σφραγῖδα
1084 4901 1339 4971 γενέσθαι
1371 4902 1472 4972 τῆς
1531 4906 1590 4958 ὲν
1647 4909 1916 4978 περιτομῇ
1961 4906 2037 4961 δι-

450 4991 740 5064 καιοσύνης
769 4992 910 5049 κατὰ
936 4991 1026 5046 τὸν
1055 4992 1199 5047 θεῖον
1233 4994 1573 5062 Ἀπόστολον,
1610 4997 1686 5061 ὼς
1707 4999 1851 5054 κατά
1878 4998 2036 5054 τοῦτο

449 5078 627 5135 δοκεῖν
656 5084 714 5135 ὲν
758 5083 910 5155 δεξιᾷ
955 5083 1051 5138 τοῦ
1091 5083 1248 5149 Θεοῦ,
1289 5085 1505 5150 πάντως
1536 5087 1603 5141 ἃν
1636 5089 1905 5163 παρεδόθη
1958 5091 2036 5145 δί-

454 5186 558 5242 κην
581 5172 794 5243 ὑφέξων
838 5175 947 5230 τῶν
988 5175 1179 5248 πρώην
1224 5179 1652 5251 ἡμαρτημένων,
1706 5185 1754 5236 εἰ
1807 5183 1899 5237 καὶ
1934 5201 2033 5254 με-

450 5265 773 5339 τριωτέραν.
855 5269 944 5322 Ἑν
1004 5268 1284 5323 Βαϐυλῶνι
1346 5271 1455 5343 γὰρ
1530 5272 1928 5344 σωφρονισθείς
1979 5277 2039 5331 ὲν

446 5355 639 5427 εἰρκτῇ
663 5358 757 5410 καὶ
790 5357 1013 5428 δεσμοῖς
1045 5357 1208 5411 πάλιν
1256 5358 1455 5413 Εύῖλάδ
1497 5361 1769 5433 Μερωδάχ
1801 5364 2034 5437 μετέστη

446 5446 587 5519 πρὸς
661 5449 847 5503 ἄνεσιν
870 5491 885 5514 ,
959 5451 1269 5522 ὁμοδίαιτος
1351 5452 1643 5524 γενόμενος
1725 5454 1803 5525 τῷ
1884 5457 2038 5528 βασι-

450 5537 552 5590 λεῖ-
578 5537 677 5592 καὶ
701 5536 874 5603 οὕτως
899 5540 956 5592 ὲν
986 5540 1243 5613 ἀλλοτρίᾳ
1274 5540 1584 5606 καταλύσας
1611 5543 1703 5596 τὸν
1743 5544 1877 5613 βίον.

549 5834 592 5868 "
616 5835 780 5894 Prov.
813 5853 928 5907 xxi,
950 5840 1002 5894 6.
1120 5842 1163 5874 ⁸ο
1185 5841 1384 5902 Jercm.
1430 5862 1563 5915 ιλιι,
1593 5848 1673 5903 13.

1787 5850 1827 5881 “
1850 5849 2050 5908 Jcrcm.
2087 5869 2201 5923 xxt,
2228 5850 2279 5908 9.

2144 1973 2310 2038 celsa,
2365 1968 2621 2039 superba,
2675 1968 3010 2033 adversaria,
3051 1966 3302 2021 diabolus
3348 1975 3452 2032 est,
3490 1965 3571 2019 vel
3600 1978 3732 2035 pra-

2144 2079 2339 2118 vorum
2390 2070 2583 2116 auctor
2624 2074 2966 2114 sermonum.
3022 2057 3126 2124 Qui
3172 2073 3303 2112 vero
3350 2059 3465 2112 haec
3494 2056 3734 2111 aediﬁca-

2146 2160 2296 2216 runt,
2345 2150 2487 2206 fame
2535 2148 2812 2219 peribunt.
2862 2147 2997 2202 Nam
3049 2163 3153 2201 non
3195 2147 3487 2211 comedent,
3535 2156 3585 2201 et
3626 2163 3732 2200 non

2148 2244 2352 2308 bibent,
2380 2243 2473 2298 sed
2529 2249 2584 2296 et
2619 2240 2897 2310 justitiam
2946 2255 3049 2293 non
3089 2246 3441 2307 cognouerunt
3480 2238 3550 2302 3°,
3601 2252 3730 2292 cum

2143 2334 2422 2390 Christum
2491 2348 2600 2387 non
2659 2332 3051 2401 cognoverint;
3117 2331 3269 2401 juste
3316 2331 3462 2385 enim
3529 2330 3728 2395 facere,

2144 2440 2357 2491 eorum,
2411 2425 2611 2495 inquit,
2660 2423 2756 2492 qui
2806 2422 2977 2477 Deum
3028 2431 3406 2493 cognoscunt,
3446 2426 3729 2494 proprium

2143 2529 2248 2574 est.
2283 2518 2387 2585 Qui
2418 2534 2550 2573 vero
2588 2519 2724 2573 tales
2754 2532 2864 2569 non
2900 2527 3051 2583 sunt,
3084 2532 3263 2587 neque
3309 2517 3501 2572 oculos
3527 2515 3731 2571 habent

2144 2611 2341 2675 bonos,
2373 2626 2498 2664 cum
2528 2625 2636 2664 non
2675 2612 2896 2666 videant
2923 2611 3232 2673 veritatem,
3274 2624 3452 2677 neque
3478 2623 3598 2673 cor,
3628 2606 3731 2661 {alo

2144 2717 2332 2758 Surum
2377 2702 2695 2771 dogmatum
2743 2702 2989 2770 plenum,
3021 2715 3119 2770 per
3151 2715 3274 2769 quae
3305 2699 3444 2753 alios
3486 2698 3541 2753 in
3575 2712 3732 2753 erro-

2144 2808 2258 2847 rem
2305 2793 2588 2847 trahentes
2632 2794 2845 2846 animas
2884 2806 3075 2846 eorum
3137 2799 3353 2852 necent,
3406 2790 3730 2860 sanguinem

2144 2888 2497 2942 innocentem
2544 2886 2836 2940 inridentes
2893 2886 3079 2956 lingua
3108 2885 3358 2939 mendaci
3408 2892 3462 2938 et
3505 2884 3729 2952 dolosa;

2143 2979 2288 3049 quod
2315 2978 2473 3047 pejus
2496 2987 2583 3033 est
2604 2993 2768 3047 quam
2805 2977 3004 3046 triplici
3039 2976 3220 3046 gladio
3241 2975 3515 3047 jugulare.

2211 3068 2306 3125 Μ.
2325 3068 2386 3125 δι
2400 3070 2575 3140 facta:
2599 3070 2761 3138 fuerit
2785 3066 3070 3123 Jecltanias
3088 3067 3236 3138 ﬁlius
3259 3065 3491 3121 Joacim.
3512 3062 3728 3122 Joacim

2145 3164 2618 3221 huncJechoniam
2641 3173 2923 3235 nuncupat
2933 3163 3219 3230 Jeremias;
3235 3175 3446 3231 patrem
3464 3176 3593 3217 vero
3606 3159 3730 3231 ejus

2143 3262 2365 3317 nomine
2391 3259 2620 3314 Eliaeim
2644 3256 2854 3313 Joacim
2883 3257 3175 3326 appellavit
3214 3253 3435 3311 Ncehao
3478 3253 3726 3320 Pharao,

2143 3367 2306 3424 quem
2365 3366 2490 3407 eum
2526 3344 2893 3405 interfecisset
2933 3348 3289 3417 Babylonius.
3336 3357 3466 3402 ante
3513 3354 3726 3417 portam

2144 3443 2393 3515 proiecit,
2428 3452 2487 3497 ut
2527 3443 2793 3512 propheta
2828 3441 2916 3496 hic
2945 3440 3041 3504 ait,
3074 3450 3130 3495 et
3159 3441 3302 3496 libro
3329 3439 3730 3510 Autiquitatant

2140 3534 2500 3588 Iudaicarum
2540 3533 2758 3588 decimo
2788 3531 3065 3601 Iosephus
3103 3533 3321 3587 asserit.
3366 3530 3728 3601 Signaeulum

2144 3643 2298 3693 vero,
2354 3626 2536 3681 centeri
2593 3626 2833 3696 sigillum
2887 3626 3227 3692 interpretati
3274 3634 3424 3680 sunt.
3476 3624 3730 3695 Sigillum

2149 3733 2279 3772 vero
2315 3718 2396 3771 vel
2429 3717 2550 3787 pala
2585 3717 2640 3770 in
2668 3731 2831 3770 manu
2858 3714 2951 3770 Dei
2984 3715 3043 3769 ﬁt
3065 3716 3472 3784 quodammodo
3505 3715 3599 3786 qui
3632 3714 3729 3770 Dei

2145 3807 2440 3876 imaginem
2470 3821 2565 3874 per
2595 3806 2976 3875 paenitentiam
3011 3806 3244 3875 pristino
3272 3804 3511 3860 restituit
3538 3804 3728 3871 nitori;

2144 3908 2240 3962 per
2269 3893 2411 3947 bona
2442 3893 2591 3948 enim
2622 3908 2790 3963 opera
2829 3894 3151 3963 intelligitur
3191 3895 3414 3949 dextera
3447 3894 3543 3949 Dei
3575 3911 3726 3965 pars,

2143 3984 2238 4054 qui
2292 3997 2422 4038 oves
2470 3983 2703 4038 collocat
2751 3984 2819 4038 ad
2873 3984 3174 4038 dexteram.
3234 3982 3406 4051 Quem
3462 3985 3727 4040 annulum

2146 4075 2257 4130 lilio
2288 4076 2518 4146 prodigo
2561 4077 2852 4131 revertenti
2894 4075 3044 4130 dedit
3075 4076 3437 4145 ναίει-..ριιοιί
3473 4077 3521 4132 si
3552 4076 3729 4133 factus

2142 4176 2291 4224 esset
2311 4166 2622 4233 Jcclionias,
2651 4169 2841 4237 utique
2868 4168 3101 4223 subditis
3124 4167 3284 4238 30],
3313 4168 3529 4237 pietatis
3550 4183 3731 4224 exem-

2142 4262 2264 4333 plar
2298 4260 2517 4315 fuisset.
2566 4257 2675 4314 Sed
2706 4274 2816 4313 non
2846 4258 3071 4314 ell'ectus
3095 4271 3199 4315 est.
3235 4260 3619 4315 Verumtamen
3646 4260 3731 4314 vi-

2144 4369 2266 4409 sum
2296 4362 2380 4409 est
2404 4352 2685 4422 prophetae
2710 4351 2933 4406 obedire
2957 4353 3159 4407 dicenti
3181 4354 3225 4386 ⁸¹
3252 4372 3266 4408 :
3297 4354 3401 4419 Qui
3430 4355 3731 4425 egredietur

2143 4458 2201 4499 ut
2230 4445 2300 4499 ad
2329 4443 2611 4499 Chaldaeos
2643 4444 3005 4513 transeat,qui
3031 4445 3396 4501 concluseruut
3424 4463 3537 4516 vos,
3571 4448 3723 4503 uiuet.

1777 4535 2036 4603 ζήσεται.

2144 4536 2412 4607 Egressus
2443 4537 2588 4590 enim
2614 4548 2719 4596 εει.
2750 4545 2979 4589 matrem
3003 4546 3365 4609 potentesque
3395 4555 3502 4593 una
3538 4554 3727 4596 secum

2145 4630 2430 4685 adducens
2472 4628 2759 4699 transfuga
2800 4633 2867 4683 ad
2892 4629 3246 4702 Babylonios.
3293 4631 3451 4700 Quod
3479 4634 3527 4688 si
3552 4630 3731 4703 perfe-

2144 4730 2314 4787 ctam,
2348 4721 2545 4790 inquit,
2597 4721 2980 4791 ptenitentiam
3033 4723 3389 4790 ostendisset,
3444 4732 3506 4778 ut
3532 4738 3730 4779 secun-

2143 4812 2275 4867 dum
2307 4812 2554 4866 divinum
2581 4813 2902 4883 Apostolum
2955 4813 3298 4883 signaculum
3338 4814 3484 4870 illius
3511 4830 3634 4886 quae
3669 4814 3728 4870 in

2144 4905 2569 4960 circumcisione
2609 4913 2714 4972 est,
2745 4905 2971 4975 iustitiae
3007 4907 3185 4963 factus
3216 4916 3381 4974 esset,
3412 4915 3473 4961 ut
3509 4906 3563 4961 in
3589 4906 3729 4962 dex-

2145 5003 2259 5049 tera
2291 4992 2383 5047 Dei
2417 4994 2628 5064 positus
2654 4994 2962 5050 secundum
2993 4996 3101 5051 hoc
3128 4995 3427 5061 videretur,
3455 5011 3591 5052 sane
3621 5005 3731 5052 tra-

2142 5086 2288 5141 ditus
2333 5086 2529 5141 fuisset
2572 5087 2818 5157 priorum
2868 5089 3220 5158 iniquitatium
3266 5105 3490 5144 suarum
3533 5103 3728 5159 pinnas

2144 5176 2397 5245 daturus,
2447 5179 2552 5234 etsi
2604 5180 3024 5235 moderatiores.
3094 5179 3232 5235 Nam
3283 5197 3407 5236 eum
3451 5180 3727 5252 Babylone

2143 5269 2198 5322 in
2251 5285 2474 5325 carcere
2520 5286 2587 5326 ac
2622 5270 2855 5327 vinculis
2902 5267 3118 5342 penitus
3159 5273 3502 5342 resipuisset,
3528 5287 3726 5328 rursus

2141 5359 2331 5417 Evilad
2368 5363 2658 5419 Merodach
2722 5364 3000 5418 relaxatus
3036 5372 3156 5429 est,
3208 5363 3385 5419 factus
3429 5364 3542 5434 regi
3587 5379 3724 5420 con-

2144 5454 2483 5522 tubernalis;
2535 5471 2600 5511 ex
2627 5471 2742 5525 quo
2780 5454 2834 5510 in
2880 5456 3058 5510 aliena
3102 5463 3247 5511 terra
3275 5455 3417 5510 diem
3444 5455 3583 5512 obiit
3625 5471 3725 5513 ex-

2141 5554 2398 5600 ttemum.
