4140 6436
453 373 558 429 5¹ἷ5

1895 359 1983 415 EX
2023 358 2333 417 ORIGENE

3620 349 3734 401 51-71.?

455 506 577 548 sum
608 501 659 545 et
688 499 1008 552 aestuosum,
1039 489 1053 541 i
1081 509 1092 540 ι
1125 502 1234 556 quo
1260 493 1343 540 rst
1381 483 1579 546 draco,
1614 494 1778 550 quem
1814 477 2010 530 fut-ina-

2140 473 2334 543 πλήρη,
2372 470 2602 540 ἔχουσαν
2632 468 2924 541 δράκοντα,
2960 465 3019 517 ὃν
3052 463 3286 518 ἔπλασεν
3312 464 3340 516 ὁ
3369 461 3499 525 θεὸς
3531 462 3729 531 ἐμπαί-

454 569 534 636 vit
562 580 706 636 Deus
735 580 800 633 ad
836 576 1171 633 illudendutn
1203 576 1275 628 ei.
1337 573 1401 626 Et
1440 569 1791 641 peculiariter
1813 581 2035 635 compc-

455 672 565 726 t'ics
598 673 742 725 hunc
774 671 980 733 solem,
1016 668 1166 721 illum
1198 682 1325 721 vero
1358 666 1563 719 dictum
1593 664 1777 715 lunam
1801 700 1814 723 ,
1857 676 1921 712 ac
1955 658 2034 712 si-

453 763 607 825 dera,
664 760 1101 831 quau-.loquidem
1134 759 1212 811 ita
1235 759 1335 811 erit
1367 767 1416 809 et
1443 754 1756 809 resurrectio
1799 760 2037 804 mortuo-

457 870 576 906 rum
603 854 671 904 ".
731 851 823 922 [Et
864 863 987 919 post
1031 848 1251 921 pauca].
1294 847 1453 901 Nunc
1480 862 1611 899 vero
1640 846 1790 899 illum
1818 844 1893 897 ait
1921 843 2035 897 haec

456 943 755 997 similitudo
785 942 950 995 ticum
981 956 1103 994 esse
1132 940 1288 993 valde
1319 940 1541 992 malum.
1583 936 1804 990 Dulccm
1838 935 2037 1004 quippe

457 1033 607 1098 illum
638 1034 952 1087 maturitate
985 1032 1160 1085 virtus
1187 1029 1383 1095 edicit,
1432 1029 1505 1082 ita
1528 1037 1589 1081 ut
1618 1035 1766 1081 totus
1797 1029 2034 1093 animus,

453 1134 510 1178 et
552 1123 817 1193 spiritus,
871 1131 926 1177 et
949 1138 1149 1191 corpus
1173 1121 1331 1174 dulce
1364 1120 1437 1174 sit
1476 1120 1739 1172 virtutum
1780 1116 2038 1185 qualitate

453 1211 562 1266 illis
594 1211 935 1266 adveniente.
999 1209 1252 1268 Pravitas
1280 1217 1463 1262 autem
1498 1208 1677 1277 ipsum
1708 1206 1883 1261 reddit
1918 1221 2026 1259 tua-

455 1304 568 1359 lum
591 1345 606 1369 ,
652 1321 754 1359 nec
781 1305 898 1359 esui
932 1304 1213 1358 idoneutn.
1271 1300 1472 1356 Verum
1503 1302 1548 1357 si
1576 1301 1702 1371 quis
1727 1306 1940 1370 quaerat
1970 1300 2028 1354 li-

456 1411 557 1452 cus
605 1412 712 1450 uon
761 1397 914 1450 valde
960 1397 1169 1459 bonas,
1224 1396 1420 1465 quan-it
1467 1393 1587 1448 illas
1635 1402 1789 1449 extra
1819 1393 2037 1464 pietatis

461 1488 743 1557 mysteria,
776 1488 1148 1556 templumque
1179 1486 1303 1551 Dei,
1342 1486 1485 1540 sicut
1512 1497 1565 1539 et
1596 1502 1704 1540 non
1733 1486 1889 1539 valde
1921 1502 2038 1539 ma-

462 1577 564 1631 las.
630 1575 761 1631 Nam
792 1578 837 1631 si
868 1577 1260 1630 instituendum
1290 1592 1349 1630 se
1374 1575 1658 1630 tradiderit
1682 1584 1809 1629 ante
1840 1574 2035 1630 faciem

2137 563 2249 625 ζειν
2281 562 2450 632 αὐτῷ.
2478 562 2589 616 Καὶ
2618 561 2760 614 κατά
2789 561 2954 631 μέρος
2987 558 3240 629 εὑρήσεις
3278 554 3368 609 τὸν
3404 554 3505 626 μὲν
3550 553 3730 625 ἥλιον·ν

2136 654 2225 707 τὸν
2252 654 2309 705 δὲ
2335 653 2565 724 σελήνην
2597 651 2890 721 λεγόμενον
2918 649 3013 702 καὶ
3041 646 3299 718 ἀστέρας,
3323 643 3446 698 ἐπεὶ
3464 644 3655 711 οὕτως
3682 649 3721 716 τι

2138 744 2477 809 ἀνάστασις
2503 743 2621 797 τῶν
2679 740 2927 809 νεκρῶν.
2964 739 3074 792 Καὶ
3126 737 3242 808 μετ’
3286 736 3466 805 όλίγα.
3499 735 3616 788 Νῦν
3671 740 3729 793 δὲ

2139 851 2303 905 φησιν
2331 834 2491 888 αὑτὸν
2518 836 2550 904 ἡ
2584 831 2870 903 παραϐολὴ
2911 829 3075 882 σῦκον
3122 825 3257 880 εἶναι
3315 824 3549 897 πονηρὸν
3581 824 3723 879 λίαν·

2140 926 2398 994 γλοκάζει
2439 926 2537 995 μὲν
2571 924 2679 995 γὰρ
2708 922 2871 977 αὐτὸν
2894 922 2981 974 διὰ
3019 920 3341 981 πεπάνσεως
3369 918 3402 986 ὴ
3443 915 3727 988 ἀρετὴ,ὼς

2138 1014 2276 1071 εἶναι
2310 1017 2489 1087 ψυχὴν
2523 1016 2672 1086 ὃλην,
2711 1016 2806 1069 καὶ
2843 1012 3059 1083 πνεῦμα
3101 1012 3191 1065 καὶ
3223 1010 3381 1079 σῶμα
3423 1008 3594 1078 γλυκὺ
3625 1008 3727 1077 τῆς

2140 1108 2200 1172 ἐξ
2229 1107 2441 1179 ἀρετῶν
2468 1108 2753 1176 ποιότητος
2808 1102 3156 1173 ὲντιθεμένης
3207 1100 3375 1169 αὐτῷ·
3411 1101 3444 1171 ἡ
3474 1099 3531 1152 δὲ
3559 1116 3727 1169 πονη-

2145 1197 2232 1266 ρία
2264 1197 2433 1249 κακὸν
2468 1195 2630 1249 αὑτὸν
2681 1195 2777 1247 καὶ
2837 1193 3081 1260 ἄϐρωτον
3132 1189 3523 1261 ἀπεργάζεται.
3582 1188 3722 1241 Ἀλλ’

2140 1287 2234 1341 ἐὰν
2267 1289 2363 1358 μὲν
2391 1287 2533 1341 σῦκα
2583 1284 2721 1357 ζητῇ
2768 1302 2852 1348 τις
2911 1283 2986 1355 μὴ
3018 1283 3139 1338 λίαν
3156 1281 3390 1354 χρηστά,
3442 1281 3545 1348 ἔξω
3572 1281 3724 1352 ζητεί

2140 1380 2312 1434 ταῦτα
2342 1379 2450 1433 τῶν
2492 1380 2591 1451 τῆς
2620 1378 2930 1441 θεοσεϐείας
2964 1376 3299 1447 μυστηρίων,
3351 1373 3444 1427 καὶ
3469 1373 3563 1426 τοῦ
3592 1371 3723 1427 ναοῦ

2138 1472 2232 1525 τοῦ
2265 1471 2423 1533 Θεοῦ,
2455 1469 2741 1542 ὡσπεροῦν
2775 1471 2869 1523 καὶ
2908 1469 2975 1523 τά
3025 1469 3099 1539 μὴ
3154 1467 3274 1519 λίαν
3309 1465 3542 1538 πονηρά.
3596 1464 3725 1518 Ἐάν

2138 1560 2249 1631 γὰρ
2279 1560 2406 1631 ἔλθη
2437 1562 2529 1613 ἐπὶ
2559 1560 2649 1612 τὸν
2687 1558 2935 1629 μαθητὴν
2964 1556 3069 1628 πρὸ
3122 1556 3411 1627 προσώπου
3456 1554 3550 1608 τοῦ
3594 1552 3725 1607 ναοῦ

459 1668 649 1735 templi
678 1666 915 1734 Domini,
946 1676 1073 1723 sunt
1097 1668 1233 1722 licus
1265 1666 1415 1720 valde
1444 1667 1619 1731 boote,
1654 1666 1844 1736 quales
1885 1667 2037 1721 novit

2141 1652 2369 1724 Κυρίου,
2406 1652 2520 1705 ἔστι
2555 1651 2695 1705 σῦκα
2719 1649 2933 1722 χρηστὰ
2968 1649 3111 1716 λίαν,
3141 1644 3231 1701 οἷα
3262 1650 3434 1699 ποιεῖν
3464 1643 3572 1699 οἶδε
3594 1646 3727 1717 Χρι-

458 1754 643 1809 facere
683 1756 970 1821 Christus,
1006 1765 1099 1811 aut
1124 1757 1296 1812 malae.
1350 1755 1538 1827 Neque
1570 1763 1715 1811 enim
1752 1773 1875 1827 qua;
1900 1758 2036 1813 foris

2142 1743 2283 1806 στος,
2342 1745 2375 1813 ἢ
2415 1742 2647 1814 πονηρά.
2702 1742 2838 1795 Οὐδὲ
2866 1742 2975 1812 γάρ
3024 1742 3086 1794 τὸ
3142 1740 3248 1807 ἔξω
3284 1741 3518 1812 πονηῷν
3564 1739 3733 1795 σῦκον

454 1855 540 1903 est
568 1847 703 1902 ﬂens
731 1849 895 1913 mala,
933 1850 1141 1918 expulit
1166 1865 1452 1905 sermones
1484 1850 1576 1904 Dei
1602 1850 1669 1904 ad
1701 1851 2029 1920 posteriora.

2144 1835 2365 1898 ὲξέῦαλε
2391 1836 2516 1897 τοὺς
2543 1833 2734 1902 λόγους
2765 1832 2862 1886 τοῦ
2898 1832 3033 1885 Θεοῦ
3068 1835 3147 1896 εἰς
3167 1832 3236 1884 τὰ
3261 1831 3454 1884 ὀπίσω.
3486 1830 3622 1904 Περὶ
3637 1832 3730 1884 τὸν

457 1936 631 2009 igitur
659 1941 804 1997 circa
834 1942 1090 2009 templum
1126 1940 1255 2005 Dei,
1304 1942 1597 2013 divinaque
1644 1942 1895 2013 dogmata
1923 1941 2035 1998 duo

456 2031 653 2084 calathi
683 2029 887 2101 jaceat.
933 2029 1049 2086 Scit
1072 2046 1202 2086 vero
1230 2031 1324 2102 qui
1346 2033 1520 2103 eligit,
1559 2033 1650 2087 ubi
1678 2034 1923 2103 singulos
1957 2048 2037 2088 re-

456 2122 629 2190 ponit.
660 2136 766 2175 non
800 2120 981 2178 ferens
1007 2122 1140 2178 licus
1167 2124 1323 2179 valde
1352 2124 1508 2179 mala:
1531 2126 1852 2195 qualitatem
1877 2125 2037 2182 valde

459 2216 618 2269 bonis
668 2214 975 2271 immiscere
1020 2235 1034 2271 :
1083 2216 1352 2272 Modicum
1381 2219 1571 2289 quippe
1611 2218 1925 2289 fermentum
1953 2229 2032 2273 to-

459 2316 567 2360 tam
598 2306 881 2371 fermentat
908 2311 1188 2363 mistnram
1209 2310 1290 2373 ἐς
1350 2310 1433 2365 sin
1459 2312 1637 2374 aliter,
1673 2312 2031 2366 contrarium.

457 2396 525 2451 Et
560 2397 791 2454 fortasse
825 2400 1076 2455 calathus
1106 2400 1307 2455 licuum
1339 2402 1630 2467 malarum,
1673 2402 1918 2472 geltenna
1952 2409 2037 2456 est

458 2488 598 2555 ignis
626 2492 972 2561 sempiterni;
1012 2494 1277 2548 bonarum
1308 2508 1459 2558 vero,
1490 2509 1720 2563 regnum
1747 2493 2033 2549 caelorum.

457 2574 527 2631 Et
554 2578 740 2646 paucis
772 2580 1062 2646 interjectis
1098 2596 1117 2634 :
1151 2581 1462 2652 Atquaudo
1491 2582 1739 2637 calathos
1771 2583 2032 2654 propheta

460 2668 630 2723 vidit?
664 2668 794 2725 Post
815 2673 1205 2741 captivitatem,
1236 2674 1431 2744 inquit.
1492 2671 1625 2729 Nam
1658 2675 1702 2729 si
1729 2676 2036 2745 respexeris

460 2759 767 2817 Salvatoris
794 2761 1086 2818 adventum
1117 2804 1131 2827 ,
1168 2767 1464 2836 populique
1497 2766 1865 2836 captivitatem
1888 2806 1903 2831 ,
1936 2781 2037 2821 nec

459 2863 565 2901 non
589 2859 642 2903 et
674 2866 772 2903 nos
799 2859 991 2905 natura
1015 2852 1247 2918 alienos,
1268 2862 1320 2908 et
1343 2864 1498 2910 extra
1521 2852 1845 2921 Jerusalem,
1875 2852 2039 2928 30‘

461 2956 608 2994 nunc
651 2950 832 2995 autem
864 2944 933 2997 ob
966 2943 1123 2999 ﬁdem
1160 2946 1211 2999 in
1243 2943 1412 3001 Deum
1449 2948 1805 3016 veritatisque
1845 2946 2035 3002 dulce-

456 3030 641 3084 dim-nt
696 3031 937 3088 redditos
966 3035 1101 3089 licus
1130 3036 1324 3101 bonas,
1373 3038 1586 3093 videbis
1628 3038 1833 3094 ticuum
1859 3038 2035 3093 bona-

459 3137 581 3175 rum
631 3125 940 3183 calathum:
994 3128 1041 3183 si
1090 3145 1218 3184 vcro
1250 3146 1346 3186 eos
1374 3131 1469 3202 qui
1517 3146 1584 3187 ex
1613 3132 2036 3189 circumcisione
2064 3170 2109 3231 Ο

2144 1927 2271 1980 ναὸν
2300 1927 2479 1980 τοίνυν
2504 1925 2597 1979 τοῦ
2643 1925 2779 1979 Θεοῦ
2834 1926 2929 1979 καὶ
2962 1925 3031 1979 τὰ
3091 1925 3209 1978 θεῖα
3239 1925 3486 1994 δόγματα
3514 1924 3606 1978 δύο
3631 1925 3731 1978 κά-

2142 2019 2294 2072 λαθοι
2324 2023 2548 2073 κεῖνται·
2585 2018 2680 2071 καὶ
2702 2015 2843 2072 οἶδεν
2877 2018 2905 2070 ὁ
2938 2017 3299 2087 ἐκλεγόμενος
3353 2017 3470 2081 πῶς
3501 2018 3733 2071 ’ἑκαστον

2142 2113 2499 2176 κατατάσσει,
2539 2112 2612 2183 μὴ
2645 2113 2969 2182 ἀνεχόμενος
3003 2111 3240 2181 πονηροῦ
3272 2110 3437 2165 σύκου
3471 2113 3733 2181 ποιότητα

2141 2207 2256 2268 τοῖς
2318 2206 2439 2258 λίαν
2483 2203 2850 2274 ὲγκαταμίξαι
2905 2206 3182 2275 χρηστοῖς.
3219 2203 3411 2271 Μικρὰ
3449 2203 3559 2274 γὰρ
3587 2201 3739 2272 ζύμη

2143 2296 2292 2351 ὅλον
2322 2297 2389 2350 τὸ
2414 2297 2656 2366 φύραμα
2692 2294 2877 2365 ζυμοῖ·
2931 2297 2980 2348 εί
3026 2295 3083 2349 δὲ
3124 2295 3220 2365 μὴ,
3257 2295 3586 2351 τούναντίον.
3623 2297 3735 2350 Καὶ

2143 2388 2286 2458 τάχα
2313 2389 2340 2440 ὁ
2374 2387 2611 2451 κάλαθος
2638 2387 2748 2440 τῶν
2777 2385 2960 2440 σύκων
3021 2386 3131 2439 τῶν
3174 2385 3429 2458 πονηρῶν
3470 2388 3503 2457 ἡ
3540 2386 3741 2455 γέεννά

2143 2480 2263 2533 ἐστι
2285 2479 2379 2533 τοῦ
2410 2478 2629 2533 αἰωνίου
2649 2478 2839 2550 πυρός·
2873 2480 2903 2532 ό
2927 2478 2985 2532 δὲ
3009 2477 3119 2531 τῶν
3141 2478 3394 2549 χρηστῶν
3423 2479 3457 2548 ἠ
3492 2477 3737 2547 βασιλεία

2141 2571 2251 2624 τῶν
2278 2571 2552 2644 οὐρανῶν.
2595 2571 2705 2625 Καὶ
2723 2571 2852 2639 μετ’
2887 2570 3083 2637 ὀλίγα·
3143 2567 3304 2622 Ἀλλὰ
3332 2569 3464 2623 πότε
3485 2570 3610 2633 τοὺς
3635 2585 3734 2623 κα·-

2143 2660 2342 2725 λάθους
2384 2665 2414 2715 ό
2471 2661 2758 2733 προφήτης
2820 2659 3069 2731 ὲώρακες
3129 2660 3284 2714 Μετὰ
3320 2660 3421 2732 τὴν
3457 2661 3733 2732 αἰχμαλω-

2146 2750 2287 2815 σίαν,
2315 2752 2502 2822 φησίν.
2549 2751 2676 2805 Ἐὰν
2703 2752 2811 2823 γὰρ
2838 2751 2953 2824 ἴδῃς
2980 2750 3078 2821 τὴν
3104 2750 3398 2822 ἐπιδημίαν
3424 2751 3520 2806 τοῦ
3560 2753 3735 2822 Σωτῆ-

2148 2855 2239 2910 ρος
2271 2841 2487 2895 καὶτοῦ
2529 2841 2661 2895 λαοῦ
2699 2843 2797 2912 τὴν
2851 2840 3231 2912 αίχμαλωσίαν
3283 2844 3378 2897 καὶ
3435 2845 3582 2915 ἡμᾶς
3608 2846 3741 2910 τοὺς

2143 2930 2458 3003 ἀλλοτρίους
2500 2933 2780 3003 φύσεικαὶ
2812 2932 2919 2998 ἔξω
2969 2934 3069 3004 τῆς
3109 2933 3481 3006 Ἰερουσαλὴμ,
3528 2935 3623 2990 νῦν
3676 2936 3738 2990 δὲ

2143 3020 2232 3074 διὰ
2254 3022 2355 3092 τὴν
2386 3024 2572 3076 πίστιν
2604 3025 2703 3094 τὴν
2725 3025 2805 3087 εἰς
2834 3024 2968 3077 Θεὸν
3002 3025 3095 3077 καὶ
3126 3024 3441 3095 γλυκύτητα
3471 3026 3572 3096 τῆς
3602 3027 3739 3097 ἀλησι

2144 3111 2293 3177 θείας
2316 3116 2640 3186 γενομένους
2670 3115 2807 3171 σῦκα
2831 3116 3066 3188 χρηστὰ,
3088 3116 3210 3185 ὕψει
3225 3116 3335 3170 τῶν
3360 3117 3615 3189 χρηστῶν
3643 3116 3765 3183 σῦι,

456 3223 607 3278 Sunt,
658 3226 782 3285 post
830 3220 971 3274 hanc
1001 3221 1367 3290 captivitatem
1404 3226 1771 3295 perspexeris,
1826 3225 2037 3282 videbis

2141 3222 2250 3259 κων
2277 3206 2368 3260 τὸν
2401 3208 2657 3262 κάλαθον·
2689 3207 2786 3262 ὲάν
2816 3209 2875 3262 δὲ
2905 3210 3030 3272 τοὺς
3056 3211 3120 3263 ὲκ
3147 3209 3451 3280 περιτομῆς
3477 3210 3618 3281 μετά
3634 3211 3740 3282 τὴν

456 3306 727 3360 malarum
750 3350 764 3373 ,
816 3318 872 3366 et
900 3328 1023 3380 qua:
1051 3315 1260 3369 comedi
1297 3331 1403 3369 non
1434 3326 1702 3386 possunt,
1733 3318 2034 3373 calathum.

455 3392 568 3452 Nec
608 3400 743 3455 satis
787 3412 872 3457 est
908 3403 1043 3459 licus
1082 3420 1204 3461 esse
1247 3407 1404 3464 valde
1433 3408 1641 3473 bonas,
1690 3410 1785 3464 sed
1816 3419 1871 3465 et
1900 3410 2038 3465 licu-

457 3487 561 3543 bus
606 3491 765 3559 primi
825 3497 1085 3564 temporis
1143 3498 1353 3555 similes
1408 3515 1533 3555 esse
1585 3508 1820 3570 oportet.
1874 3501 2040 3557 Sero-

458 3579 570 3633 tina
608 3582 809 3653 quippe
846 3584 980 3641 licus
1014 3603 1123 3642 non
1171 3599 1276 3655 est,
1323 3592 1415 3646 cui
1463 3591 1760 3647 salvandus
1810 3608 2039 3664 compa-

346 3736 353 3739 ν
460 3681 630 3725 ratur.

525 3764 577 3816 6.
626 3763 690 3818 Et
726 3767 1058 3837 τιτι-ὤρεσὺο
1084 3787 1192 3827 eos.
1231 3772 1486 3829 Christus
1512 3774 1813 3831 aediﬁcator
1853 3785 1905 3832 et
1949 3792 2041 3832 ar-

454 3853 723 3911 chitectus
741 3869 845 3921 est,
893 3860 961 3914 de
999 3876 1109 3931 quo
1161 3864 1214 3917 in
1258 3866 1543 3936 prophetis
1588 3866 1793 3923 dictum
1825 3879 1911 3924 est
1942 3869 1988 3902 ”
2021 3885 2036 3925 ’.

458 3943 561 3998 Hic
589 3946 881 4014 aedi/icabit
921 3952 1186 4008 civitatem
1217 3971 1409 4024 nteant,
1457 3967 1508 4011 et
1549 3960 1908 4027 captivitatem
1946 3976 2042 4029 po-

454 4038 568 4106 puli
608 4042 708 4093 mei
734 4053 1043 4099 convertet.
1084 4047 1171 4101 Ait
1197 4048 1380 4120 itaque
1411 4050 1679 4109 Dominus
1710 4055 1725 4085 ¹
1759 4072 1773 4109 :
1813 4053 1883 4108 Et
1907 4055 2041 4111 edi-

455 4129 625 4196 ]icabo
651 4148 760 4200 eos,
788 4145 836 4187 et
869 4151 971 4189 non
1004 4136 1297 4195 destruam.
1368 4140 1556 4196 Bonus
1587 4143 1788 4198 etenim
1815 4158 1939 4199 cum
1969 4146 2041 4201 sit

454 4216 625 4289 Deus,
662 4224 889 4280 aedilicia
914 4227 1162 4296 quaedam
1188 4230 1455 4296 destruit;
1492 4242 1707 4302 oportet
1734 4235 1880 4290 enim
1904 4236 2039 4291 cedi-

452 4308 636 4367 ﬂcium
671 4315 723 4367 in
755 4318 913 4372 nobis
943 4319 1350 4376 immundorum
1382 4324 1676 4393 spirituum
1707 4327 1899 4393 everti,
1930 4328 2040 4383 sic-

453 4415 562 4469 que
589 4405 848 4472 templum
888 4405 998 4461 Deo
1024 4410 1162 4478 erigi
1191 4426 1254 4464 ex
1285 4412 1580 4468 virtutibus
1627 4415 1905 4483 rectisque
1943 4418 2042 4472 do-

455 4495 757 4561 gmatibus,
785 4507 842 4549 ut
866 4509 1126 4568 appareat
1153 4500 1206 4555 in
1239 4503 1333 4557 illo
1368 4504 1541 4573 gloria
1567 4506 1707 4576 ejus.
1780 4506 1876 4562 Est
1906 4524 2037 4578 prae-

2145 4532 2270 4584 ναὸν
2305 4495 2631 4603 οίκοδομηθῆ

457 4593 602 4637 terea
637 4594 691 4638 et
720 4586 961 4655 agricola
988 4588 1264 4659 plantans,
1296 4602 1352 4648 et
1375 4593 1617 4651 inferens
1641 4598 1857 4667 eosqui
1880 4599 2033 4670 digni

455 4681 617 4734 sunt,
679 4676 939 4742 quoniam
997 4677 1245 4736 Salvator
1301 4681 1484 4739 ferens
1554 4693 1816 4757 tanquam
1881 4689 2034 4744 radix

454 4777 646 4818 omnes
674 4766 945 4834 palmites,
983 4770 1060 4824 ait
1091 4773 1153 4825 ἐ
1190 4772 1302 4844 Ego
1338 4792 1453 4829 sum
1482 4776 1603 4831 vitis
1633 4794 1774 4844 vera,
1814 4797 1901 4835 ros
1937 4796 2035 4835 au-

453 4866 555 4908 tem
583 4857 862 4924 palmites;
890 4860 1058 4916 Pater
1083 4880 1202 4918 vero
1223 4882 1369 4920 meus
1398 4870 1635 4938 agricola
1659 4882 1758 4925 est.
1806 4871 2030 4926 Omnem

450 4944 724 5014 palmitem
760 4950 811 5002 in
849 4967 929 5005 me
970 4965 1266 5010 manentem
1309 4968 1359 5011 et
1387 4959 1579 5012 bonum
1618 4961 1852 5028 fructum
1903 4963 2033 5032 a/Teo

452 5044 648 5088 rentem
685 5036 852 5092 Pater
884 5057 1027 5095 meus
1057 5054 1273 5115 purgat,
1304 5056 1364 5101 ut
1393 5048 1628 5117 fructum
1652 5052 1774 5120 plus
1804 5054 2033 5121 afferat;

449 5142 654 5181 onmem
694 5147 811 5185 vero
843 5133 1119 5201 palmitem
1155 5138 1210 5191 in
1258 5155 1338 5193 me
1383 5150 1679 5196 manentem
1721 5153 1770 5197 et
1801 5140 2059 5214 fructum"

449 5234 552 5273 non
579 5221 830 5290 ferentem
866 5224 1031 5280 Pater
1058 5245 1202 5283 meus
1235 5232 1455 5300 excidit,
1488 5234 1617 5287 etin
1642 5235 1813 5306 ignem
1842 5240 2031 5293 mittit.

449 5308 570 5365 Non
602 5313 657 5367 in
694 5315 1012 5384 gentilibus,
1045 5320 1138 5374 sed
1172 5321 1227 5374 in
1257 5322 1508 5379 ﬁdelibus
1540 5327 1853 5382 veritlcatur
1876 5329 2031 5394 illud,

448 5403 501 5456 in
530 5420 596 5459 eo
626 5422 856 5463 manens
883 5421 937 5464 et
964 5425 1073 5465 non
1110 5410 1292 5467 ferens
1321 5414 1559 5471 fructum
1578 5458 1592 5482 ,
1620 5420 1798 5487 qualis
1828 5422 2028 5490 estqui

449 5496 657 5552 ﬁdelem
688 5514 747 5554 se
776 5499 929 5565 dicit,
946 5509 1002 5555 et
1030 5501 1254 5557 licenter
1270 5503 1568 5575 delinquit;
1599 5508 1693 5577 qui
1722 5510 1917 5565 merito
1939 5527 2033 5566 ex-

448 5588 679 5661 ciditur;
717 5606 911 5669 purgat
936 5614 1067 5654 vero
1093 5599 1372 5670 palmitem
1402 5602 1639 5659 fructum
1667 5604 1950 5674 ferentem,
1976 5617 2035 5663 ut

531 5800 568 5833 "
614 5802 780 5861 lCor.
814 5822 900 5862 xv.
934 5810 1022 5864 .ίὲ.
1112 5812 1156 5843 ’⁸
1191 5810 1359 5869 lCor.
1389 5831 1441 5877 ν,
1473 5816 1526 5870 8.
1606 5818 1650 5848 ”
1686 5816 1787 5873 lsa.
1819 5834 1941 5887 xt.v,
1982 5820 2069 5875 15.

2138 3298 2518 3367 αἰχμαλωσίαν
2547 3299 2753 3371 ταύτην
2777 3301 3010 3365 θεάσοιο,
3044 3300 3153 3355 τῶν
3211 3301 3464 3373 πονηρῶν
3492 3302 3615 3373 ὄψει
3637 3306 3737 3359 καὶ

2138 3388 2403 3461 ἀϐρώτων
2445 3391 2625 3445 σύκων
2654 3392 2747 3446 τὸν
2780 3392 3037 3447 κάλαθον.
3087 3394 3203 3447 Οὐκ
3231 3395 3394 3465 ἀρκεῖ
3422 3394 3479 3448 δὲ
3515 3398 3730 3469 χρηστά

2138 3480 2260 3535 λίαν
2286 3477 2426 3536 εἶναι
2455 3483 2525 3537 τὰ
2553 3482 2714 3549 σῦκα,
2744 3483 2881 3538 ἀλλὰ
2929 3485 3025 3539 καὶ
3053 3488 3167 3550 τοῖς
3197 3486 3469 3556 πρωΐμοις
3495 3486 3733 3557 ὡμοιοῦ-

2142 3571 2267 3627 σθαι
2303 3577 2588 3647 προσήκει·
2619 3576 2817 3647 ὕψιμον
2846 3576 2955 3650 γὰρ
2981 3575 3146 3631 σῦκον
3172 3577 3273 3632 οὐκ
3305 3576 3454 3631 ἐστιν
3475 3570 3522 3647 ᾧ
3549 3596 3733 3652 παρα-

2140 3663 2396 3719 δάλλεται
2429 3669 2457 3720 ὁ
2483 3667 2807 3739 σωζόμενος.

2209 3798 2262 3855 6.
2291 3802 2401 3855 Καὶ
2437 3801 2893 3872 ἀνοικοδομήσω
2926 3803 3168 3870 αὐτούς.
3214 3803 3273 3857 '0
3315 3804 3551 3877 Χριστὸς
3580 3804 3732 3858 obto-

2138 3891 2305 3963 δόμος
2354 3894 2450 3947 καὶ⁸
2500 3894 2840 3966 ἀρχιτέκτων
2895 3895 3024 3965 περὶ
3079 3890 3141 3948 οὒ
3182 3896 3241 3947 ἐν
3304 3898 3608 3969 προφήταις
3643 3895 3733 3949 λέ-

2139 3982 2352 4036 λεκται·
2387 3980 2578 4051 Οὗτος
2629 3984 3014 4056 οἰκοδομήσει
3052 3984 3167 4055 τὴν
3216 3988 3397 4041 πόλιν
3430 4004 3571 4058 μου,
3626 3987 3730 4040 καὶ

2141 4074 2256 4144 τὴν
2282 4079 2703 4147 αἰχμαλωσίαν
2733 4078 2839 4133 τοῦ
2872 4078 3027 4133 λαοῦ
3059 4096 3180 4148 μου
3227 4079 3597 4149 ἐπιστρέψει.
3627 4081 3737 4150 Φη-

2142 4168 2228 4221 σὶν
2253 4164 2347 4222 οὖν
2370 4171 2397 4222 ό
2421 4169 2647 4240 Κύριος·
2679 4168 2791 4223 Καὶ
2820 4169 3199 4239 οἰκοδομήσω
3225 4170 3470 4238 αὐτοὺς,
3512 4172 3611 4226 καὶ
3660 4174 3736 4226 οὐ

2134 4256 2222 4326 μὴ
2267 4256 2519 4311 καθελῶ·
2549 4258 2752 4326 ἀγαθὸς
2802 4256 2913 4329 γὰρ
2958 4255 3034 4310 ὣν
3071 4259 3099 4312 ὁ
3141 4257 3275 4322 Θεὸς
3322 4260 3736 4332 οἰκοδομήματα

2142 4365 2268 4401 τινα
2296 4349 2567 4421 καθαιρεῖ·
2601 4349 2682 4402 δεῖ
2706 4348 2817 4419 γὰρ
2860 4349 2959 4418 τὴν
3004 4348 3062 4401 ὲν
3095 4349 3226 4418 ἡμῖν
3282 4349 3571 4421 οἰκοδομὴν
3622 4349 3735 4404 τῶν

2144 4439 2472 4510 ἀκαθάρτων
2521 4441 2850 4512 πνευμάτων
2900 4442 3296 4511 καταλυθῆναι,
3344 4443 3437 4495 καὶ
3464 4441 3608 4497 οὕτω
3642 4442 3734 4497 τὸν

2636 4550 2721 4585 ναι
2766 4532 2886 4603 Θεῷ
2917 4533 2976 4597 ἐξ
3003 4533 3214 4604 ἀρετῶν
3238 4551 3298 4586 τε
3323 4533 3418 4587 καὶ
3447 4533 3733 4605 δογμάτων

2143 4623 2343 4694 ὀρθῶν,
2378 4622 2467 4677 ἵνα
2494 4624 2632 4696 ὀφθῇ
2689 4626 2723 4696 ἠ
2770 4623 2898 4689 δόξα
2944 4625 3109 4679 αὐτοῦ
3161 4627 3220 4679 ἐν
3269 4624 3435 4697 αὐτῷ.
3497 4625 3734 4679 Ἔστιδὲ

2141 4713 2237 4765 καὶ
2290 4712 2534 4784 γεωργὸς
2590 4714 3003 4782 καταφυτεῦων,
3052 4715 3149 4768 καὶ
3209 4713 3593 4787 ὲγκεντρίζων,
3637 4714 3736 4780 οὓς

2143 4805 2479 4877 ἄξιον.Φησὶ
2515 4807 2624 4878 γὰρ
2664 4810 2692 4861 ό
2723 4808 2941 4880 Σωτὴρ,
2994 4808 3069 4872 ὼς
3132 4807 3256 4880 ῥίζα
3315 4809 3443 4874 τοὺς
3505 4808 3733 4872 κλάδους

2141 4897 2350 4962 πάντας
2384 4897 2612 4968 ἀνέχων·
2663 4896 2804 4967 Ἐγώ
2827 4900 2943 4966 ειμι
2976 4898 3029 4965 ἡ,
3067 4898 3336 4968 ἄμπελος
3376 4900 3412 4965 ἡ
3446 4897 3727 4965 ἀληθινὴ,

2137 4988 2307 5058 ὑμεῖς
2331 4988 2404 5042 τὰ
2436 4987 2730 5059 κλήματα·
2774 4991 2808 5042 ὀ
2856 4988 2925 5041 δὲ
2982 4989 3185 5057 Πατήρ
3229 5007 3348 5058 μου
3390 4991 3421 5043 ό
3474 4990 3731 5058 γεωργός

2133 5080 2289 5134 ἐστι.
2325 5077 2455 5134 Πᾶν
2488 5078 2689 5149 κλῆμα
2720 5080 2791 5133 ἐν
2819 5079 2952 5149 ἐμοὶ
2985 5080 3190 5149 μένον,
3219 5079 3318 5133 καὶ
3346 5079 3564 5133 ποιοῦν
3596 5095 3732 5147 καρ-

2139 5169 2259 5223 πὸν
2284 5169 2477 5224 καλὸν
2508 5173 2542 5225 ό
2586 5170 2788 5238 Πατήρ
2823 5188 2943 5240 μου
2972 5171 3258 5239 καθαίρει,
3309 5172 3412 5225 ἵνα
3474 5170 3736 5224 πλείονα-

2138 5262 2373 5331 καρπὸν
2402 5261 2573 5332 φέρῃ·
2601 5260 2725 5316 πᾶν
2754 5259 2823 5314 δὲ
2850 5259 3055 5330 κλῆμα
3109 5262 3180 5316 ἐν
3211 5260 3340 5330 ἐμοὶ
3387 5260 3598 5331 μένον,
3638 5260 3726 5330 μὴ

2138 5354 2325 5425 φέρον
2351 5353 2421 5407 δὲ
2452 5353 2706 5422 καρπὸν,
2744 5356 2777 5407 ὀ
2808 5353 3013 5420 Πατήρ
3039 5369 3159 5421 μου
3183 5352 3482 5417 ἐκκόπτει,
3515 5352 3613 5407 καί
3641 5355 3728 5420 εἰς

2137 5446 2257 5513 πῦρ
2286 5445 2429 5500 αὐτὸ
2447 5445 2689 5510 βάλλει.
2708 5444 2822 5497 Οὐκ
2838 5445 2895 5497 ὲν
2918 5443 3169 5508 ἐθνικοῖς,
3184 5442 3296 5495 ἀλλ’
3313 5443 3494 5507 ἐντοῖς
3517 5443 3726 5507 πιστοτς

2139 5537 2256 5590 ἐστι
2293 5537 2374 5598 τὸ,
2424 5537 2512 5589 Ἑν
2544 5534 2692 5606 αὐτῷ
2724 5535 2883 5605 μένον
2906 5534 3001 5589 καὶ
3030 5534 3105 5605 μὴ
3159 5533 3326 5605 φέρον
3351 5533 3585 5605 καρπὸν,
3615 5530 3727 5596 οἷός

2141 5631 2291 5683 ἐστιν
2316 5630 2344 5685 ὁ
2362 5627 2535 5695 λέγων
2564 5622 2699 5679 εἶναι
2725 5627 2913 5687 πιστὸς
2942 5626 3035 5680 καὶ
3057 5623 3390 5697 πλημμελῶν
3417 5625 3503 5681 ἐπ’
3519 5623 3721 5688 ἀδείας·

2153 5821 2165 5849 ¹
2208 5818 2407 5874 Jcrcnt.
2444 5835 2590 5885 xxiv,
2624 5821 2674 5873 ti.
2753 5821 2774 5851 ’
2809 5818 2968 5874 Joan.
3006 5834 3094 5885 sv,
3135 5817 3183 5884 l,
3213 5818 3268 5883 ‘2,
3305 5817 3358 5879 5,
3382 5815 3451 5871 6.-
