4140 6462
412 368 518 423 δεῖ(

1826 367 1921 425 EX
1960 367 2125 426 OllIG
2141 374 2272 429 ΕΝΕ
3577 384 3674 438 εει

412 488 470 544 in
499 486 605 542 ltoc
635 490 894 560 templum
932 488 1023 543 Dei
1057 498 1159 552 est,
1193 498 1245 542 et
1282 487 1481 543 Sancta
1509 498 1846 556 sanctorum,
1884 492 1996 545 uni-

2102 503 2309 556 γματα,
2341 489 2401 540 έν
2442 489 2618 561 τούτῳ
2652 492 2779 555 ναός
2826 492 2947 545 ἐστι
2974 490 3068 545 τοῦ
3098 492 3260 554 Θεοῦ,
3291 494 3388 547 καὶ
3413 493 3484 547 τὸ.
3512 495 3675 564 Ἀγιο

413 596 694 650 versaeque
717 580 916 635 Judzrte
941 580 1255 649 metropolis
1287 580 1375 633 ille
1409 590 1516 636 est.

482 761 574 818 54.
618 759 688 815 Et
720 777 814 830 ego
837 776 938 814 non
972 760 1260 830 reprobabo
1307 777 1466 830 genus
1516 759 1710 816 Israel.
1773 758 2002 816 Videtur

411 854 543 908 illud
568 897 582 921 ,
623 870 731 907 non
775 852 1066 922 reprobabo
1099 851 1293 919 Israel,
1344 853 1658 922 oppositum
1692 853 1896 908 dicenti
1932 854 1999 907 ad

413 946 584 1015 ipsos,
618 957 669 1001 et
698 961 859 1015 genus
888 942 1059 997 Israel
1091 944 1298 1012 deﬁciet
1328 945 1393 996 ".
1455 942 1705 998 Forsitan
1740 961 1868 998 vero
1901 945 2003 999 hoc

412 1036 631 1106 quidem
663 1035 962 1091 de.lsraele
1008 1036 1215 1089 carnali
1258 1035 1464 1090 dictum
1497 1043 1617 1099 est,
1653 1035 1785 1089 illttd
1819 1045 1998 1089 autent

409 1127 797 1199 despirituali.
858 1127 1128 1182 Caeterum
1185 1128 1404 1197 negatio
1446 1144 1549 1180 non
1599 1126 1848 1195 apposita
1880 1127 2000 1181 voci

412 1220 869 1289 reprobabo,apttd
889 1229 1115 1273 caeteros
1139 1234 1245 1273 non
1264 1219 1484 1288 legitur,
1502 1218 1595 1272 sed
1616 1219 1760 1287 apud
1781 1218 2004 1285 Septua-

412 1310 582 1382 ginta.
642 1310 808 1380 308
840 1308 1055 1363 Poteris
1085 1325 1214 1362 vero
1244 1317 1298 1362 et
1339 1310 1442 1362 hoc
1467 1318 1625 1377 pacto
1659 1302 1998 1374 intelligere.-

413 1416 566 1455 nunc
613 1403 832 1470 quidem
869 1399 1205 1468 reprobabo;
1238 1399 1385 1468 quod
1429 1400 1475 1453 si
1506 1399 1776 1453 elevatum
1811 1397 1996 1461 fuerit,

413 1508 523 1549 non
553 1493 882 1562 reprobabo.

991 1583 1147 1638 CAP.
1208 1582 1424 1637 XXXII.

481 1671 537 1729 8.
581 1673 647 1727 Et
678 1674 821 1727 venit
864 1674 934 1726 ad
962 1690 1042 1726 nte
1074 1673 1325 1727 Anameel
1352 1672 1498 1739 ﬁlius
1531 1672 1736 1727 Salom.
1798 1672 2001 1728 Omnes

414 1764 470 1821 itt
504 1767 808 1821 custodiam
852 1765 961 1818 dati
996 1780 1220 1829 sumus,
1263 1775 1315 1818 et
1361 1766 1627 1835 praecipue
1658 1781 1782 1819 cum
1828 1775 2003 1820 tenta-

2095 579 2207 631 τῶν
2256 579 2450 648 ἁγίων,
2509 583 2603 634 καὶ
2645 583 2776 655 ὅλης
2826 576 2984 648 οὗτος
3024 587 3127 655 τῆς
3174 585 3439 651 Ἰουδαίας
3475 590 3682 658 μητρό-

2096 673 2275 736 πολις.

2162 763 2252 817 54.
2280 760 2393 816 Kal
2421 761 2536 830 ἐγὼ
2564 761 2677 815 οὐκ
2705 758 3051 829 ἁποδοκιμῶ
3079 759 3145 813 τὸ
3179 759 3355 830 γένος
3402 759 3674 827 Ἰσραήλ.

2095 856 2250 907 Δοκεῖ
2270 854 2352 921 τὸ,
2382 856 2505 908 οὐκ
2523 851 2872 921 ἀποδοκιμῶ
2892 852 3001 906 τὸν
3037 851 3308 919 Ἰσραὴλ.
3335 851 3578 904 ἐναντίον
3600 851 3678 921 τῷ

2095 946 2232 1012 πρὸς
2265 946 2466 1008 αὐτοὺς
2498 945 2711 1013 λέγοντι
2735 961 2748 973 ·
2778 944 2885 999 Kal
2925 944 2990 998 τὸ
3021 944 3193 1012 γένος
3235 943 3483 1012 Ἰσραὴλ
3524 943 3677 997 παύ-

2095 1053 2286 1091 σεται.
2315 1039 2546 1107 Μήποτε
2569 1036 2752 1091 τοίνυν
2782 1036 2844 1089 τὸ
2879 1036 2980 1106 μὲν
3011 1036 3140 1106 περὶ
3173 1033 3267 1087 τοῦ
3296 1032 3562 1102 σαρκικοῦ
3588 1031 3678 1085 λέ-

2095 1140 2307 1190 λεκται,
2340 1128 2401 1180 τὸ
2430 1128 2488 1180 δὲ
2517 1127 2649 1197 περὶ
2677 1126 2773 1180 τοῦ
2805 1123 3179 1195 πνευματικοῦ
3231 1122 3473 1194 Ἰσραήλ.
3529 1122 3678 1188 Πλὴν

2098 1222 2154 1287 ή,
2176 1223 2313 1284 οὐκ,
2335 1221 2613 1287 ἀπόφασις
2634 1219 3014 1289 προσκειμένῃ
3032 1217 3132 1288 τῷ,
3160 1213 3503 1283 ἀποδοκιμῶ
3524 1211 3676 1282 παρὰ

2105 1315 2219 1375 τοῖς
2249 1313 2457 1374 λοιποῖς
2491 1300 2857 1382 ἑρμηνευταῖς
2882 1309 2983 1362 οὐκ
3020 1307 3190 1369 ἔστιν,
3224 1304 3362 1359 ἀλλὰ
3393 1302 3545 1376 παρὰ
3573 1304 3689 1368 τοῖς

2123 1402 2541 1473 Ἑϐδομήκοντα.
2590 1402 2820 1472 Νοήσεις
2862 1400 2920 1453 δὲ
2950 1399 3044 1455 καὶ
3093 1397 3288 1461 οὕτως,
3339 1397 3421 1449 ὅτι
3448 1394 3541 1449 νῦν
3596 1394 3691 1465 μὲν

2106 1491 2446 1564 ἀποδοκιμῶ,
2473 1492 2568 1546 ἐὰν
2593 1491 2649 1544 δὲ
2674 1490 2886 1561 ὑψωθῇ,
2917 1490 3019 1542 οὐκ
3044 1485 3381 1556 ἀποδοκιμῶ.

2735 1584 2893 1638 ΚΕΦ.
2934 1583 3057 1636 AB'.

2176 1675 2230 1729 8.
2261 1674 2372 1730 Kal
2399 1671 2547 1745 ἦλθε
2570 1674 2721 1743 πρὸς
2737 1674 2820 1742 μὰ
2855 1671 3147 1742 Ἀθη-ιιμεὴλ
3169 1668 3298 1736 υίὸς
3323 1666 3558 1736 Σαλώμ.
3611 1668 3695 1721 Ἑν

2108 1766 2322 1837 φυλακῇ
2368 1766 2569 1828 πάντες
2613 1764 2802 1834 ἐσμὲν,
2844 1764 2939 1816 καὶ
2993 1761 3230 1833 μάλιστα
3274 1758 3692 1830 πειραζόμενοι’

413 1877 558 1924 mur,
596 1870 726 1915 tunc
751 1858 1022 1929 quispiam
1054 1873 1246 1928 agrum
1281 1859 1538 1927 acquirit,
1573 1860 1667 1914 sed
1702 1874 1811 1913 non
1835 1875 1866 1915 e
1897 1875 1996 1914 cu-

2102 1858 2221 1912 τότε
2251 1856 2447 1910 κτᾶταί
2469 1874 2551 1920 τις
2580 1854 2772 1926 ἀγρὸν,
2795 1854 2908 1907 ἀλλ’
2934 1854 2995 1915 ού
3020 1852 3119 1923 τῆς
3146 1850 3394 1922 φυλακῆς
3426 1848 3692 1916 ἐξελθώνο

413 1949 589 2007 stodia
615 1965 888 2019 egressus.
948 1947 1235 2003 Pessessio
1270 1962 1398 2001 vero
1427 1946 1538 2002 Deo
1574 1948 1787 2002 volente
1812 1948 1995 2001 obtin-

412 2038 490 2107 git
522 2039 605 2093 his
641 2039 733 2109 qui
768 2038 984 2093 fortiter
1016 2039 1319 2093 decertant.
1388 2036 1604 2094 Fratres
1628 2051 1810 2092 autem
1838 2048 1999 2093 erant

410 2129 695 2192 Chelcias,
751 2128 1000 2184 Jeretnia:
1036 2138 1221 2198 pater,
1269 2138 1320 2182 et
1354 2130 1652 2194 Anatneel,
1705 2131 1867 2183 ambo
1902 2130 1995 2183 ﬁlii

412 2217 619 2275 Salom.
651 2219 883 2275 Sorores
912 2223 1112 2291 quippe
1155 2230 1283 2275 sunt
1308 2237 1409 2290 par
1435 2231 1485 2276 et
1514 2237 1638 2290 pars
1676 2221 1792 2277 Dei.
1832 2221 1996 2276 Chel-

413 2309 529 2366 cias
562 2326 797 2380 namque
828 2312 1002 2380 portio
1037 2312 1133 2365 Dei
1165 2312 1575 2380 interpretatur,
1600 2329 1706 2382 pax
1734 2330 1863 2367 vero
1894 2312 1996 2366 Sa-

411 2403 544 2458 lom.
575 2402 851 2473 Portionis
884 2415 1063 2459 autem
1086 2403 1179 2460 Dei
1202 2405 1415 2461 fruetus
1436 2414 1520 2460 est
1545 2406 1847 2460 sublimitas
1876 2406 1993 2470 Dei,

411 2490 560 2561 quod
594 2490 867 2561 signiﬁcat
887 2490 1139 2548 Jeremiae
1167 2509 1389 2548 nomen.
1421 2492 1578 2550 Pacis
1602 2510 1732 2551 vero
1760 2495 1994 2559 fructus,

412 2583 587 2654 gratia
620 2582 733 2647 Dei,
770 2583 915 2654 quod
949 2585 1226 2655 Signiﬁcat
1270 2586 1550 2642 Anamcel.
1599 2587 1783 2642 Gratia
1812 2589 1997 2658 itaque

410 2672 506 2728 Dei
543 2675 610 2729 de
643 2690 779 2744 pace
807 2685 1069 2745 prognata
1117 2675 1275 2729 oﬂ‘ert
1302 2674 1395 2731 Dei
1425 2678 1683 2732 mandato
1719 2659 1998 2749 propheta:

410 2764 469 2823 in
499 2782 771 2821 carcerem
806 2768 1054 2837 conjecto
1077 2768 1358 2838 proprium
1388 2784 1599 2839 agrum.

494 2943 578 2998 10.
629 2942 694 2995 Et
722 2944 912 3012 scripsi
941 2943 996 2995 in
1023 2942 1222 3010 libello,
1259 2953 1308 2997 et
1333 2944 1586 3014 sigillavi.
1645 2943 1745 3000 llic
1777 2946 1998 3002 coniicit

415 3033 781 3105 possessionis
830 3033 1104 3099 libellum,
1154 3035 1247 3103 qui
1285 3032 1519 3089 fortasse
1555 3046 1683 3091 sunt
1712 3038 1998 3106 cogitatio-

414 3142 514 3181 nes
534 3167 549 3191 ,
584 3125 864 3180 memoriae
883 3166 897 3190 ,
925 3125 1212 3195 dogmata,
1242 3141 1338 3194 per
1373 3141 1495 3195 quae
1523 3142 1715 3197 agrum
1744 3129 1993 3198 posside-

2104 1948 2138 2019 ή
2177 1946 2235 2000 δὲ
2261 1945 2455 2015 κτῆσις
2490 1943 2788 2015 βουλήματι
2820 1940 2958 1996 Θεοῦ
2999 1944 3112 2005 τοῖς
3147 1937 3697 2019 καλῶςάγωνιζομέ-

2103 2055 2236 2102 νοις.
2277 2037 2522 2106 Ἀδελφοὶ
2543 2036 2599 2089 δὲ
2624 2036 2860 2099 Χελκίας
2892 2035 2920 2087 ὁ
2949 2034 3041 2088 τοῦ
3085 2033 3351 2105 Ἱερεμίου
3386 2031 3568 2103 πατὴρ
3600 2031 3696 2085 καὶ

2116 2128 2406 2201 ’Δναμεὴλ,
2433 2130 2601 2200 ἄμφω
2634 2129 2824 2192 παῖδες
2854 2127 3007 2191 ὄντες
3037 2124 3256 2197 Σαλώμ.
3302 2123 3557 2193 Ἀδελφαὶ
3586 2122 3698 2196 γὰρ

2104 2219 2200 2272 καὶ
2226 2220 2418 2291 είρήνη
2459 2218 2555 2273 καὶ
2592 2218 2752 2291 μερὶς
2793 2216 2950 2271 Θεοῦ.
2996 2217 3232 2280 Χελκίας
3262 2215 3370 2288 γὰρ
3403 2213 3697 2286 ἑρμηνεύε-

2103 2327 2193 2363 ται
2259 2312 2433 2380 μερὶς
2481 2309 2669 2377 Θεοῦ,
2728 2308 2929 2381 Σαλὼμ
2973 2310 3031 2363 δὲ
3073 2306 3302 2376 εἰρήνη.
3360 2306 3588 2378 Καρπὸς
3633 2305 3692 2358 δὲ

2103 2400 2206 2470 τῆς
2241 2403 2457 2472 μερίδος
2485 2401 2580 2454 τοῦ
2610 2400 2745 2455 Θεοῦ
2773 2402 3180 2471 μετεωρισμὸς
3210 2398 3357 2453 Θεοῦ
3378 2416 3389 2427 ⁸
3422 2397 3565 2452 οὕτω
3584 2396 3695 2469 γὰρ

2114 2491 2385 2564 Ἱερεμίας
2429 2493 2811 2566 ἑρμηνεύεται.
2846 2494 3075 2565 Καρπὸς
3106 2492 3163 2544 δὲ
3195 2492 3293 2562 τῆς
3324 2491 3548 2561 είρήνης
3590 2487 3697 2558 χά»-

2096 2602 2198 2654 ρις
2234 2585 2416 2640 Θεοῦ·
2453 2585 2613 2638 τοῦτο
2656 2585 2766 2657 γὰρ
2797 2578 2948 2655 δηλοί
2990 2587 3050 2637 τὸ
3090 2582 3382 2655 Ἀναμεήλ.
3420 2580 3628 2635 Οὐκοῦν
3655 2581 3691 2652 ή

2104 2676 2264 2749 χάρις
2289 2675 2382 2730 τοῦ
2411 2675 2568 2741 Θεοῦ,
2600 2677 2823 2749 εἰρήνης
2850 2676 3098 2747 γέννημα
3127 2675 3498 2746 τυγχάνουσα,
3527 2688 3695 2744 προσ-

2106 2768 2261 2843 φέρει
2293 2768 2372 2840 τῷ
2404 2769 2462 2823 ὲν
2498 2768 2710 2840 φυλακῇ
2746 2770 3003 2841 προφήτῃ
3052 2765 3143 2822 τὸν
3177 2766 3307 2819 ἴδιον
3351 2766 3522 2840 λιγρὸν
3551 2764 3697 2819 κατὰ

2108 2863 2438 2936 πρόσταγμα
2465 2860 2558 2915 τοῦ
2589 2859 2744 2915 Θεοῦ.

2183 2954 2263 3008 10.
2314 2953 2426 3007 Kal
2471 2953 2707 3024 ἔγραψα
2756 2955 2844 3019 είς
2885 2952 3163 3017 βιϐλίον,
3211 2948 3691 3020 ἐσφραγισάμην.

2107 3037 2274 3107 Οὗτος
2328 3046 2472 3096 ποιεῖ
2521 3042 2722 3113 βιϐλίον
2773 3044 3058 3116 κτήσεως,
3105 3043 3247 3114 ὅπερ
3294 3039 3422 3104 ἴσως
3460 3041 3610 3094 ἐστὶν
3635 3042 3695 3095 αἱ

2105 3138 2339 3208 νοήσεις,
2388 3137 2443 3188 αἱ
2483 3136 2719 3207 μνῆμαι,
2749 3135 2818 3189 τὰ
2864 3135 3133 3206 δόγματα,
3165 3133 3231 3187 δι’
3261 3126 3336 3188 ὧν
3373 3132 3692 3205 κεκτήμεθα

415 3233 560 3282 mus,
594 3217 700 3270 hoc
730 3226 831 3282 est,
870 3216 1085 3271 labores
1115 3216 1238 3271 vitm
1264 3217 1400 3272 bene
1434 3218 1717 3275 instituta.
1775 3220 1996 3290 Oportet

2102 3207 2197 3281 τὸν
2229 3228 2418 3297 ἀγρὸν,
2453 3226 2700 3280 τουτέστι
2738 3228 2837 3298 τῆς
2871 3226 3147 3289 πολιτείας
3179 3226 3305 3289 τοὺς
3338 3225 3555 3288 πόνους.
3598 3227 3689 3279 Δεῖ

413 3309 559 3366 enim
591 3308 740 3379 justa
782 3316 1133 3377 operatttrum
1182 3323 1460 3379 praenosse
1503 3326 1567 3365 ea
1612 3327 1735 3382 qua?
1770 3311 2000 3381 iustitia:

415 3410 565 3465 sunt,
594 3400 739 3469 quod
768 3408 822 3454 et
850 3400 917 3454 de
943 3399 1166 3469 reliquis
1195 3401 1487 3457 virtutibus
1513 3403 1718 3458 dictum
1753 3405 1895 3458 volo.
1941 3403 1999 3459 In

415 3507 512 3546 vas
560 3501 743 3546 autem
788 3490 1034 3545 libellum
1088 3492 1235 3562 injici
1284 3492 1425 3549 Deus
1468 3503 1652 3562 curat,
1706 3506 1765 3551 ut
1794 3497 1999 3552 diutius

414 3592 805 3650 conservetur;
831 3583 1081 3637 habemus
1107 3584 1306 3654 quippe
1334 3587 1639 3640 thesaurum
1666 3594 1805 3641 hunc
1832 3588 1885 3640 in
1917 3605 2001 3642 va-

412 3673 491 3730 sis
520 3674 776 3744 ﬁctilibus
807 3672 874 3739 ¹¹⁶,
908 3674 992 3728 vel
1027 3677 1232 3730 nostris
1263 3677 1515 3743 vasculis,
1549 3678 1631 3732 vel
1657 3678 2000 3749 scripturalis

415 3766 670 3820 dictionis
699 3767 939 3821 exilitate
966 3784 981 3829 ;
1021 3769 1163 3820 unde
1189 3767 1443 3837 princeps
1492 3770 1653 3839 hujus
1689 3771 1877 3825 mundi
1906 3773 1994 3827 do-

421 3867 610 3926 ceptus
639 3866 754 3921 est,
786 3865 1099 3926 contempto
1145 3858 1364 3927 pietatts
1394 3875 1680 3926 sermone,
1722 3864 1850 3931 quia
1888 3878 1996 3917 non

422 3948 602 4004 aureis
627 3948 774 4001 rasis
798 3947 1126 4002 conderetur
1146 3989 1161 4014 ,
1210 3949 1449 4004 dictione
1496 3953 1706 4007 ornatis
1733 3963 1786 4006 et
1812 3953 1998 4008 elocu-

420 4040 571 4093 tione
617 4039 683 4092 ad
731 4038 1168 4107 persuadendum
1216 4043 1660 4110 accommodata;
1711 4045 1914 4100 idcirco
1944 4054 1999 4100 et

417 4130 612 4185 diebus
668 4130 856 4184 multis
908 4131 1209 4200 permansit
1259 4134 1403 4201 quod
1456 4134 1720 4204 scriptum
1762 4146 1867 4192 est.
1928 4136 1997 4189 Et

417 4224 732 4293 ρνιετιὲειιιὶο
763 4239 901 4290 mea,
940 4224 1115 4294 inquit
1157 4226 1249 4294 qui
1283 4225 1525 4280 libellum
1571 4227 1733 4282 habet
1779 4244 2002 4299 posscs-

413 4314 589 4374 sionis
610 4314 680 4383 ”,
707 4332 807 4369 non
844 4315 899 4368 in
934 4316 1370 4384 persuasibilibtts
1395 4319 1673 4387 sapientia:
1690 4321 1879 4385 verbis,
1906 4321 1996 4375 sed

418 4406 473 4459 in
501 4405 950 4459 demonstratione
981 4405 1156 4474 potius
1178 4407 1398 4474 spiritus
1423 4417 1470 4460 et
1499 4412 1765 4476 potentias.
1807 4408 1875 4465 Ut
1897 4411 1999 4464 im-

421 4495 585 4565 plevit
615 4506 795 4549 autem
829 4492 1093 4551 Jeremias
1120 4509 1469 4568 praeceptum,
1490 4497 1603 4555 Deo
1630 4501 1836 4571 gratias
1860 4503 1992 4571 agit.

420 4583 525 4639 Sed
573 4585 694 4639 vide
739 4586 1015 4655 prophetae
1060 4587 1421 4643 obedientiam
1475 4600 1601 4645 ante
1647 4603 1993 4661 apparentem

421 4673 729 4738 utilitatem,
766 4688 930 4743 quam
961 4673 1144 4740 infert,
1179 4686 1335 4731 terra:
1367 4682 1835 4747 recuperationem
1867 4694 1999 4750 prae-

418 4765 626 4821 dicens.
684 4766 976 4836 Prophetia
1023 4769 1167 4823 enim
1218 4785 1338 4839 qua:
1371 4771 1537 4825 rebus
1570 4771 1703 4841 ipsis
1738 4773 1816 4838 tit,
1848 4774 1992 4843 quod

417 4857 605 4914 auditu
656 4860 1066 4930 percipiendum
1114 4870 1264 4928 erat,
1320 4863 1497 4918 oculis
1546 4864 1797 4933 subjicit,
1845 4865 1994 4921 futu-

418 4965 651 5022 rumque
685 4951 814 5006 facit
851 4953 1008 5022 quasi
1050 4968 1314 5024 praesens,
1340 4967 1406 5007 ex
1435 4963 1589 5024 parte
1616 4964 1789 5010 totum
1819 4956 1991 5026 signi-

417 5041 609 5099 ilcans.

490 5134 579 5191 l7.
620 5132 745 5189 Non
774 5134 1130 5190 abscondetur
1160 5153 1193 5189 a
1220 5146 1269 5191 te
1296 5138 1610 5208 quidquam.
1650 5135 1872 5193 Minime
1894 5154 1988 5194 ve-

418 5226 642 5281 risimile
670 5234 755 5282 est
794 5227 1113 5298 prophetam
1164 5235 1343 5283 tantas
1386 5229 1588 5299 gratias
1614 5243 1775 5300 agere
1801 5271 1817 5295 ,
1847 5229 1991 5300 quod

415 5317 601 5374 decem
638 5326 693 5373 et
717 5331 921 5389 septem
967 5319 1117 5376 siclis
1145 5334 1335 5389 agrum
1360 5321 1583 5386 emerit,
1612 5320 1706 5392 qui
1733 5337 1800 5375 ex
1835 5322 1992 5376 vulva

417 5410 609 5465 matris
642 5409 1017 5465 sanctiﬁcatus
1052 5410 1370 5480 Spiritnque
1406 5422 1597 5467 sancto
1632 5412 1824 5483 plenus
1851 5422 1990 5467 erat.

417 5496 523 5553 Sed
570 5501 858 5556 considera
907 5516 1195 5556 numerum
1242 5502 1504 5569 Sabbati,
1539 5503 1737 5573 quietis
1769 5504 1992 5575 symbo-

416 5588 569 5658 lum;
603 5599 660 5648 et
684 5592 967 5648 denarium
998 5592 1293 5664 perfectum
1331 5597 1720 5667 propriumque
1754 5595 1845 5651 Dei
1878 5596 1993 5665 (de-

504 5776 549 5808 "
583 5775 784 5834 Jerem.
816 5797 966 5848 aut,
992 5780 1081 5837 56.

2102 3317 2212 3390 γὰρ
2252 3318 2343 3372 τὸν
2388 3319 2664 3391 πράξοντα
2711 3318 3061 3390 δικαιοσύνην
3103 3317 3409 3391 προειδέναι
3457 3318 3587 3390 περὶ
3615 3318 3694 3373 δι·-

2102 3410 2421 3482 καιοσύνης·
2453 3412 2594 3482 ὅπερ
2624 3410 2865 3478 λεγέσθω
2894 3412 2989 3463 καὶ
3033 3411 3161 3479 περὶ
3191 3410 3299 3463 τῶν
3330 3407 3537 3465 λοιπῶν
3566 3409 3696 3480 ἀρε-

2100 3502 2230 3557 τῶν.
2265 3501 2547 3575 Φροντίζει
2579 3502 2637 3556 δὲ
2662 3503 2795 3567 Θεὸς
2824 3506 2881 3557 έν
2912 3504 3122 3573 ἀγγείῳ
3153 3503 3214 3557 τὸ
3246 3502 3452 3573 βιϐλίον
3493 3502 3697 3574 βληθῆ-

2102 3610 2191 3648 ναι
2220 3593 2357 3665 πρὸς
2387 3594 2651 3666 διαμονὴν
2697 3593 2950 3648 πλείονασ
2989 3595 3184 3665 ἔχομεν
3228 3594 3337 3666 γὰρ
3369 3594 3460 3647 τὸν
3492 3594 3696 3665 θησαυ-

2103 3684 2198 3756 ρὸν
2228 3682 2417 3737 τοῦτον
2444 3687 2502 3738 ὲν
2532 3684 2872 3756 ὀστρακίνοις
2907 3685 3156 3739 σκεύεσιν
3190 3685 3224 3756 ἢ
3259 3687 3376 3747 τοῖς
3403 3684 3693 3755 ἡμετέροις

2103 3775 2345 3845 ἀγγείοις
2373 3775 2407 3847 ἢ
2441 3775 2518 3846 τῷ
2546 3775 2756 3828 εὐτελεῖ
2787 3777 2885 3847 τῆς
2913 3777 3191 3848 γραφικῆς
3220 3775 3439 3840 λέξεως.
3474 3774 3636 3827 Ὅθεν
3661 3777 3691 3828 ὁ

2102 3867 2286 3940 ἄρχων
2327 3869 2606 3940 ήπάτηται
2636 3869 2730 3923 τοῦ
2764 3870 2971 3941 κόσμου
3011 3872 3225 3932 τούτου,
3275 3868 3689 3940 καταφρονήσας

2101 3960 2195 4012 τοῦ
2249 3960 2410 4029 λόγου
2458 3963 2559 4031 τῆς
2598 3960 2931 4025 θεοσεϐείας,
2982 3962 3109 4015 ἐπεὶ
3144 3963 3219 4034 μὴ
3260 3958 3328 4034 ἦν
3369 3965 3426 4016 ὲν
3468 3963 3690 4033 χρυσοῖς

2104 4053 2322 4106 σκεύεσι
2350 4052 2892 4124 κεκαλλωπισμένοις
2914 4053 3057 4121 λέξει
3083 4055 3178 4108 καὶ
3215 4054 3529 4126 πιθανότητι
3551 4056 3692 4127 φρά-

2102 4160 2266 4208 σεωςο
2302 4145 2383 4198 διὸ
2416 4145 2510 4199 καὶ
2533 4145 2755 4211 πλείους
2782 4147 2993 4219 ἡμέρας
3012 4147 3281 4218 διέμεινεν
3307 4147 3337 4199 δ
3369 4146 3546 4217 λόγος.
3577 4148 3685 4202 Kal

2099 4233 2166 4287 τὸ
2197 4233 2471 4305 κήρυγμά
2488 4253 2629 4304 μου,
2662 4236 2827 4307 φησὶν
2859 4238 2886 4288 ὁ
2918 4235 3058 4307 ἔχων
3097 4237 3157 4290 τὸ
3192 4236 3394 4307 βιϐλίον
3436 4238 3537 4308 τῆς
3558 4239 3692 4308 κτή-

2101 4342 2259 4390 σεως,
2292 4328 2404 4380 οὐκ
2437 4326 2508 4380 ἐν
2541 4327 2765 4393 πειθοῖς
2815 4329 3039 4398 σοφίας
3080 4329 3313 4399 λόγοις,
3346 4329 3416 4384 ἐν
3450 4329 3689 4385 ἀποδεί-

2100 4418 2190 4482 ξει
2229 4417 2298 4472 δὲ
2322 4418 2566 4489 μᾶλλον
2597 4420 2936 4489 πνεύματος
2965 4422 3063 4475 καὶ
3111 4419 3422 4490 δυνάμεως
3468 4438 3483 4453 ο
3513 4422 3573 4475 τὸ
3603 4423 3687 4476 έν-

2099 4509 2293 4565 ταλθὲν
2342 4507 2400 4560 δὲ
2444 4509 2676 4579 ποιήσας
2737 4509 3025 4581 Ἱερεμίας,
3065 4511 3378 4582 εὐχαριστεῖ
3419 4509 3499 4581 τῷ
3545 4509 3685 4582 Θεῷ.

2105 4601 2250 4673 Ὅρα
2277 4599 2335 4652 δὲ
2366 4599 2466 4671 τήν
2509 4599 2756 4671 ὑπακοὴν
2793 4600 2887 4654 τοῦ
2920 4602 3198 4673 προφήτου
3229 4600 3335 4672 πρὸ
3372 4600 3465 4654 τοῦ
3501 4618 3677 4671 φαινο-

2114 4695 2276 4766 μένου
2319 4691 2711 4764 συμφέροντος,
2745 4692 2883 4765 ὃπερ
2918 4692 3134 4761 ἐπάγει,
3167 4689 3549 4763 προθεσπίζων
3586 4694 3686 4766 τῆς

2101 4786 2207 4855 γῆς
2238 4784 2339 4856 τὴν
2379 4784 2696 4856 ἀνάκτησιν.
2745 4783 2810 4836 Ἦ
2838 4782 2946 4854 γὰρ
2984 4783 3051 4837 δι’
3081 4783 3240 4855 ἔργον
3277 4784 3585 4856 προφητεία
3625 4785 3687 4840 τὸ

2102 4874 2365 4928 ἀκουστὸν
2414 4872 2735 4944 καθίστησιν
2783 4872 2995 4945 ὁρατὸν,
3049 4874 3233 4927 καὶτὸ
3280 4875 3473 4946 μέλλον
3520 4873 3687 4931 οίονεὶ

2101 4965 2296 5039 παρὸν,
2326 4966 2383 5017 ὲν
2415 4963 2493 5035 τῷ
2529 4965 2684 5037 μέρει
2708 4963 2941 5035 δηλοῦσα
2964 4964 3026 5018 τὸ
3048 4966 3188 5022 ὅλον.

2175 5140 2262 5195 17.
2299 5142 2382 5195 Οὐ
2410 5138 2496 5208 μὴ
2539 5138 2854 5209 ἀποκρυϐῇ
2879 5140 2996 5195 ἀπὸ
3030 5142 3146 5195 σοῦ
3167 5139 3369 5198 οὐδέν.
3406 5140 3481 5194 Οὐ
3522 5142 3685 5195 πιθα-

2101 5233 2192 5288 νὸν
2236 5232 2329 5287 τὸν
2363 5233 2649 5303 προφήτην
2692 5230 2960 5301 τοσαύτην
2998 5232 3348 5304 εὐχαριστίαν
3385 5233 3685 5304 προσάγειν

2101 5327 2196 5380 ἐπὶ
2221 5322 2300 5392 τῷ
2331 5322 2461 5376 δέκα
2495 5322 2589 5376 καὶ
2629 5321 2769 5375 ἑπτὰ
2802 5320 2999 5376 σίκλων
3049 5322 3322 5393 ἐωνῆσθαι
3360 5323 3420 5376 τὸ
3460 5325 3684 5396 χωρίον,

2101 5415 2194 5469 τὸν
2222 5417 2286 5469 ὲκ
2304 5409 2516 5486 μήτρας
2528 5413 2856 5482 ἀγιασθέντα
2886 5414 2982 5468 καὶ
3006 5414 3151 5469 θείου
3170 5414 3487 5487 Πνεύματος
3512 5416 3688 5492 ὑπάρ-

2102 5522 2264 5577 χοντα
2289 5504 2493 5578 πλήρη.
2530 5503 2690 5559 Ἀλλὰ
2719 5505 2820 5577 δρα
2846 5505 2937 5559 τὸν
2973 5507 3311 5562 Σαϐϐατικὸν
3338 5507 3591 5580 αριθμὸν,
3621 5506 3685 5565 τὸ

2100 5599 2200 5669 τῆς
2237 5595 2596 5661 ἀναπαύσεως
2623 5596 2888 5669 σύμϐολον
2902 5639 2916 5664 ,
2962 5598 3057 5654 καὶ
3089 5601 3184 5653 τὸν
3217 5599 3440 5656 δέκατον
3478 5600 3683 5655 τέλειον

1179 5784 1224 5818 ⁸⁸
1264 5782 1307 5836 ll
1343 5784 1469 5841 Cor.
1504 5801 1575 5850 tv,
1613 5784 1664 5839 7.
1760 5787 1806 5819 ¹⁹
1845 5784 2020 5841 lCor.
2046 5801 2107 5854 tt.
2134 5788 2185 5841 4.
