4140 6464
420 322 526 377 585

1642 316 1948 373 SELEC’I‘A
1988 313 2055 369 IN
2093 314 2455 372 JEREMIAM.

3562 324 3669 379 586

413 436 547 492 ὄντα
568 434 663 488 καὶ
685 434 885 488 οἰκεῖον
916 431 1050 487 Θεοῦ
1092 431 1333 506 (δεκάται
1360 433 1470 506 γάρ
1498 434 1553 488 ἐν
1584 435 1647 505 τῇ
1671 434 1871 507 δεκάτῃ
1889 434 1978 487 τῶς

2100 432 2257 489 cimae
2287 432 2433 487 enim
2458 432 2514 488 in
2539 430 2746 489 decima
2783 433 3226 505 propitiationum
3260 438 3581 509 offeruntur,
3613 452 3669 498 et

417 525 665 597 ἱλασμῶν
702 525 1086 595 ἀναφέρονται,
1122 524 1216 577 καὶ
1256 524 1559 592 Δεκάλογος
1592 526 1650 577 ὲν
1677 526 1753 596 ξτῇ
1802 524 1993 596 πρώτῃ

2097 519 2397 595 Decalogus
2421 525 2476 579 in
2498 525 2673 596 prima
2700 526 3057 601 legislatione)
3078 550 3094 599 ;
3118 540 3172 586 et
3189 548 3452 602 agnosces
3474 550 3665 605 agrum

413 616 747 689 νομοθεσίᾳ).
780 616 890 670 Καὶ
920 615 1106 690 γνώσῃ
1152 616 1243 671 τὸν
1287 615 1477 686 ἀγρὸν,
1516 616 1609 670 τὸν
1639 616 1825 688 πλήρη
1868 632 1978 688 καρ

2097 612 2365 671 fructibus
2393 616 2611 685 plenum
2641 618 2734 689 qui
2759 619 2963 675 sanctis
2992 625 3337 680 conveniant.
3370 625 3518 682 Talis
3542 637 3664 682 erat

414 708 534 762 πῶν
574 707 897 779 πρεπόντων
929 709 1042 771 τοῖς
1072 705 1269 776 ἁγίοις.
1303 706 1555 772 Τοιοῦτος
1586 703 1655 779 ἦν
1688 708 1857 780 ἀγρὸς
1897 710 1995 762 Ἰα-

413 800 551 865 κὼϐ,
584 800 751 872 ὅνπερ
779 797 1106 869 όσφρανθεὶς
1150 799 1354 863 Ἰσαὰκ,
1400 799 1575 864 Ἰδοὺ,
1612 800 1795 872 φησὶν,
1830 798 1991 870 ὀσμὴ

411 892 520 946 τοῦ
548 891 685 946 υίοῦ
722 909 844 960 μου
873 890 954 956 ὡς
981 888 1141 959 ὀσμὴ
1169 890 1357 961 ἀγροῦ
1388 890 1680 960 πλήρους,
1713 892 1784 946 ὃν
1825 892 1993 946 εὐλό-

412 998 603 1057 γησεν
633 986 666 1038 ό
693 984 910 1051 Κύριος
931 1023 944 1035 .
992 982 1204 1048 Ὀποϊός
1228 986 1376 1037 ἐστιν
1399 984 1457 1048 ὃς
1482 985 1729 1055 καρποὺς
1758 983 1872 1055 ἔχει
1895 984 1988 1038 τοῦ

416 1075 742 1147 πνεύματος,
767 1076 856 1129 ἵνα
877 1074 1078 1149 σπείρῃ
1102 1076 1173 1130 τὰ
1193 1074 1289 1129 τοῦ
1315 1075 1647 1148 πνεύματος,
1673 1076 1768 1130 καὶ
1795 1076 1986 1148 θερίσῃ

413 1165 556 1238 ζωὴν
583 1165 819 1221 αἰώνιον.
854 1166 1048 1220 Ἔπνει
1069 1166 1178 1239 γὰρ
1215 1166 1405 1220 Ἰακὼϐ
1430 1167 1530 1220 οὑκ
1561 1165 1820 1237 ἀμπέλων
1843 1166 1988 1238 ὀσμή

416 1259 445 1330 ἢ
483 1258 685 1322 σύκων,
734 1258 850 1312 ἀλλ’
876 1258 1119 1328 ἀγάπης,
1166 1259 1362 1330 χαρᾶς,
1412 1260 1655 1332 εἰρήνης,
1714 1260 1990 1331 μακροθυ-

416 1349 562 1420 μίας,
584 1346 1349 1421 χρηστότητος,άγαθωσύνης,
1366 1350 1620 1415 πίστεως,
1639 1351 1985 1423 ἐγκρατείας.

425 1441 546 1493 Ἐπὶ
584 1440 811 1512 τοιούτῳ
838 1441 1017 1494 τοίνυν
1044 1439 1201 1513 ἀγρῷ
1241 1441 1512 1513 Ἱερεμίας
1544 1443 1856 1516 εὐχαριστεῖ
1896 1442 1985 1497 λέ-

410 1547 550 1599 γων·
598 1530 661 1583 '0
688 1529 794 1594 ὢν,
820 1531 1017 1599 Κύριε.
1057 1532 1309 1586 Ἐσκόπει
1343 1532 1450 1603 γὰρ
1490 1532 1584 1587 τὸν
1623 1533 1792 1597 ὅντως
1820 1533 1984 1600 ὄντα,

414 1620 488 1691 μή
519 1619 734 1673 σκοπῶν
758 1619 827 1672 τὰ
858 1620 1183 1692 βλεπόμενα,
1213 1620 1349 1675 ἀλλὰ
1376 1622 1445 1676 τὰ
1475 1622 1551 1694 μή
1584 1621 1910 1695 βλεπόμενα.

1043 1712 1200 1766 ΚΕΦ.
1242 1713 1371 1767 AH’.

2092 703 2290 772 Iacob,
2346 723 2507 777 quem
2561 725 2684 764 cum
2742 710 3000 768 odoratus
3047 711 3240 769 fuisset
3290 715 3472 784 Isaac,
3527 737 3662 783 ecce,

2092 795 2257 867 309
2288 798 2465 868 inquit
2489 799 2559 865 ³⁰,
2607 800 2739 854 odor
2766 802 2871 870 lilii
2900 804 3022 868 mei,
3054 806 3190 860 sicut
3220 808 3351 860 odor
3380 811 3495 879 agri
3523 811 3666 881 pleni

2093 889 2181 941 cui
2211 887 2475 942 benedixit
2504 889 2797 956 Dominus;
2827 893 3008 962 qualis
3038 904 3122 950 est
3141 898 3232 967 qui
3257 898 3419 953 habet
3453 900 3664 957 fructus

2092 978 2340 1048 spiritus,
2371 988 2431 1033 ut
2457 980 2688 1035 seminet
2715 995 2780 1034 ea
2803 997 2925 1051 qua:
2952 984 3177 1054 spiritus
3203 994 3362 1055 sunt,
3391 998 3664 1061 metatque

2092 1070 2258 1125 vitam
2289 1079 2570 1126 :eternam.
2607 1073 2756 1129 Odor
2784 1076 2929 1131 enim
2954 1075 3158 1133 Jacobo
3186 1077 3501 1146 amabatur,
3551 1098 3660 1138 non

2091 1160 2283 1216 vitium
2313 1170 2408 1217 aut
2433 1162 2635 1219 ﬁeuum
2655 1204 2671 1229 ,
2702 1166 2794 1221 sed
2824 1168 3059 1233 amoris,
3087 1169 3318 1235 laetitiae,
3346 1172 3517 1240 pacis,
3544 1173 3662 1226 Ion-

2092 1250 2459 1321 ganimitatis,
2494 1255 2817 1323 probitatis,
2853 1258 3149 1324 bonitatis,
3183 1257 3342 1324 fidei,
3372 1263 3660 1318 continen-

2089 1342 2196 1396 tia.
2255 1339 2332 1397 De
2364 1343 2469 1399 hoc
2505 1345 2688 1415 itaque
2715 1362 2848 1417 agro
2883 1347 3148 1403 Jeremias
3173 1349 3376 1420 gratias
3404 1351 3535 1422 agit,
3568 1352 3654 1406 di-

2089 1448 2221 1488 cens
2250 1433 2292 1465 "
2319 1451 2334 1488 :
2372 1433 2417 1489 0
2441 1436 2533 1505 qui
2555 1454 2632 1503 es,
2662 1437 2904 1494 Domine.
2942 1438 3340 1495 Considerabat
3366 1442 3510 1495 enim
3533 1458 3660 1496 eum

2089 1525 2185 1595 qui
2214 1539 2343 1581 vere
2385 1535 2501 1590 est,
2554 1543 2663 1584 non
2690 1530 2759 1584 ad
2794 1545 2859 1585 ea
2889 1546 3011 1600 qua:
3037 1532 3323 1597 videntur,
3371 1534 3467 1588 sed
3500 1534 3566 1589 ad
3597 1550 3661 1589 ca

2088 1631 2212 1687 qua;
2235 1630 2345 1671 non
2370 1616 2643 1684 videntur,
2677 1630 2951 1690 spectans.

2622 1708 2775 1765 CAP.
2828 1710 3114 1768 XXXVIII.

484 1804 537 1856 5.
587 1803 812 1872 Παραδι
829 1803 1030 1873 “opem
1056 1803 1532 1872 παραδοθήσεται
1552 1807 1591 1875 ἠ
1613 1807 1790 1873 πόλις
1808 1807 1978 1876 αὕτη.

2154 1795 2208 1853 3.
2254 1794 2532 1851 Tradendo
2580 1803 2822 1854 tradetur
2867 1802 3050 1856 civitas
3098 1805 3231 1857 hanc.
3284 1803 3400 1858 Non
3446 1814 3657 1860 tantum

412 1897 486 1947 Οὑ
523 1895 682 1965 μόνον
707 1895 1038 1968 προφητείας
1055 1896 1323 1967 Ἱερεμίας
1354 1897 1681 1971 ἀνέγραψεν,
1720 1898 1856 1953 ἀλλὰ
1887 1901 1983 1955 καὶ

415 1986 523 2039 ῐδια
570 1986 740 2058 πάθη,
772 1988 896 2051 τοὺς
947 1988 1046 2059 μὲν
1096 1988 1365 2043 διδάσκων
1418 1989 1692 2061 βασιλείας
1738 1990 1983 2061 οὐρανῶν

418 2078 714 2149 μυστήρια,
736 2078 859 2142 τοὺς
881 2079 935 2133 δὲ
958 2078 1220 2135 διδάσκων
1241 2080 1515 2153 ὑπομονῆς
1539 2080 1979 2154 παραδείγματα,

414 2167 523 2220 τῶν
543 2168 997 2241 ψευδοπροφητῶν
1021 2171 1259 2225 τοιοῦτον
1281 2172 1430 2228 οὐδὲν
1457 2174 1546 2227 διὰ
1568 2174 1668 2246 τὴν
1693 2174 1982 2228 κολακείαν

414 2260 746 2329 πασχόντων.
808 2263 1257 2336 Ἐτοιμασώμεθα
1312 2266 1492 2320 τοίνυν
1533 2267 1592 2319 ὲν
1635 2266 1811 2338 καιρῷ
1858 2266 1981 2322 διω-

410 2352 549 2421 γμοῦ
580 2353 717 2422 μετὰ
749 2354 1012 2427 Ἰερεμίου
1033 2355 1288 2428 τετάχθαι
1312 2358 1517 2412 καὶτοῦ
1543 2358 1790 2423 εἰπόντος
1828 2359 1983 2412 Ἀπο-

410 2441 591 2495 στόλου
610 2460 626 2474 ·
682 2445 778 2497 Ἑν
813 2446 1113 2514 φυλακαῖς
1154 2448 1468 2516 πολλάκις.
1501 2450 1575 2503 To
1602 2451 1680 2516 δὲ,
1717 2452 1822 2517 ὅτι,
1852 2452 1979 2506 Οὐκ

404 2534 666 2600 ἠδύνατο
699 2536 734 2587 ό
756 2535 1077 2602 βασιλεὺς,
1122 2536 1636 2610 φιλανθρωποτέραν
1668 2537 1834 2593 αὑτοῦ
1880 2539 1980 2610 τὴν

405 2626 722 2697 προαίρεσιν
758 2629 1057 2698 μεμήνυκε.
1094 2629 1204 2682 Καὶ
1234 2629 1319 2683 δεῖ
1342 2629 1432 2682 τὸν
1463 2629 1622 2701 ὀρθὸν
1654 2631 1879 2701 βασιλέα
1903 2632 1979 2704 μὴ

401 2716 514 2777 τοῖς
554 2716 682 2788 περὶ
716 2716 879 2770 αὑτὸν
911 2720 1168 2788 πονηροῖς
1204 2717 1652 2787 συναλλαγὼθαι.
1694 2720 1979 2792 Χρήσιμον

400 2802 459 2858 δὲ
492 2804 752 2868 πολλάκις
783 2805 932 2876 καὶή
964 2807 1114 2879 παρὰ
1133 2810 1249 2872 τοῖς
1272 2806 1533 2880 κρατοῦσι
1564 2809 1887 2882 προστασία,
1911 2811 1978 2867 δι’

398 2887 468 2965 ἧς
496 2894 757 2956 πολλάκις
784 2893 1062 2965 εὐεργετεῖ
1087 2896 1116 2948 ό
1141 2896 1290 2961 Θεός.

474 2984 561 3038 19.
609 2981 751 3052 Ἐγὼ
778 2984 965 3054 λόγον
991 2986 1112 3055 ἔχω
1140 2986 1261 3041 τῶν
1297 2988 1600 3045 Ἰουδαίων
1620 2990 1739 3046 τῶν
1766 3008 1980 3063 πεφευ-

2084 1885 2339 1941 vatieinia
2369 1887 2591 1957 scripsit
2620 1886 2905 1953 Jeremias,
2933 1891 3025 1946 sed
3058 1899 3113 1945 et
3142 1892 3277 1946 mala
3311 1909 3432 1962 qua:
3465 1910 3660 1964 passus

2082 1981 2184 2037 est,
2215 1971 2318 2027 hos
2345 1972 2565 2043 quidem
2593 1976 2797 2032 docens
2825 1979 2974 2047 regni
3005 1980 3266 2034 malorum
3292 1995 3515 2046 arcana,
3538 1983 3661 2037 illos

2084 2076 2213 2118 vero
2243 2066 2488 2136 exempla
2523 2067 2844 2135 tolerantiae,
2880 2069 3368 2140 pseudoprophetis
3397 2072 3530 2125 nihil
3555 2074 3659 2127 tale

2083 2153 2155 2208 ob
2186 2157 2608 2213 assentationem
2641 2160 2932 2230 perpessis.
3011 2160 3197 2217 Simus
3222 2163 3386 2232 igitur
3413 2175 3656 2233 tempore

2084 2250 2481 2316 persecutionis
2508 2252 2683 2321 parati
2717 2268 2823 2307 una
2859 2268 2982 2307 cum
3013 2252 3249 2309 Ieremia
3273 2257 3561 2319 collocari,
3602 2267 3659 2313 et

2083 2353 2208 2393 cum
2243 2338 2497 2409 Apostolo
2519 2342 2729 2398 dicente
2762 2344 2806 2374 ³²
2836 2361 2851 2398 :
2915 2342 2978 2397 In
3014 2345 3313 2400 carceribus
3341 2364 3496 2417 smpe.
3522 2347 3654 2403 Illud

2084 2443 2263 2487 autem
2297 2451 2310 2486 :
2345 2432 2469 2487 Non
2492 2444 2701 2504 poterat
2729 2450 2819 2488 rea:
2852 2436 3102 2491 adversus
3135 2454 3242 2505 eos,
3278 2438 3652 2493 humaniorem

2082 2523 2202 2593 ejus
2251 2523 2494 2580 animum
2541 2525 2821 2582 indicavit.
2880 2527 2947 2581 Et
2973 2530 3181 2598 justum
3214 2544 3393 2599 regem
3447 2540 3657 2600 oportet

2082 2630 2193 2671 non
2228 2616 2520 2671 connivere
2545 2617 2610 2670 ad
2647 2632 2710 2672 ea
2738 2633 2859 2686 quae
2895 2629 3193 2690 suggerunt
3236 2621 3383 2689 pravi
3417 2620 3653 2675 familia-

2082 2723 2190 2763 res.
2251 2705 2402 2776 Saepe
2433 2721 2562 2762 vero
2596 2709 2728 2763 utile
2774 2717 2858 2763 est
2898 2712 3040 2780 apud
3083 2711 3379 2782 principem
3413 2728 3533 2767 esse
3559 2713 3654 2782 qui

2081 2799 2351 2855 defendat.
2389 2797 2466 2854 Ita
2489 2799 2635 2855 enim
2661 2800 2802 2856 Deus
2828 2816 2970 2872 sape
2994 2801 3254 2857 beneﬁcia
3283 2813 3521 2872 praestat.

2152 2978 2240 3036 19.
2282 2977 2397 3050 Ego
2425 2979 2684 3034 rationem
2727 2978 2890 3033 habeo
2917 2977 3229 3034 Judaaorum
3258 2981 3348 3051 qui
3381 2981 3651 3053 fugerunt.

399 3073 607 3141 τότων.
641 3072 815 3136 Δέδια,
852 3074 1003 3144 φησὶ,
1042 3078 1116 3148 μὴ
1159 3080 1272 3141 τοῖς
1316 3078 1634 3149 αὐτομόλοις
1676 3083 1978 3151 καταγέλα-

2082 3069 2293 3137 Timeo,
2328 3071 2530 3141 inquit,
2560 3087 2628 3126 ne
2655 3071 2956 3143 transfugis
2987 3072 3040 3126 in
3075 3072 3318 3126 derisum
3351 3076 3499 3129 tiam.
3538 3074 3653 3133 Hoc

403 3180 526 3228 στος
552 3166 814 3236 γένωμαι.
839 3166 1042 3222 Τούτου
1066 3169 1174 3242 γὰρ
1196 3169 1355 3239 λόγον
1384 3171 1477 3224 καὶ
1500 3173 1755 3243 φροντίδα
1785 3173 1973 3228 ποιοῦ-

400 3270 521 3325 μαι.
566 3255 653 3318 Ὠς
676 3256 732 3308 δὲ
764 3256 831 3309 δι’
859 3256 1132 3328 ἁμαρτίας
1186 3258 1541 3332 Ἰερουσαλήμ
1578 3262 1970 3333 παραδέδοται,

395 3344 542 3399 οὕτω
574 3347 667 3400 καὶ
696 3349 730 3418 ή
767 3347 1081 3420 Ἐκκλησία.
1114 3350 1224 3403 Καὶ
1254 3351 1304 3402 εί
1335 3351 1434 3421 μέν
1461 3368 1546 3415 τις
1566 3352 1686 3406 κατ’
1725 3352 1973 3424 Ἐζεχίαν

398 3436 568 3507 αὑτῆς
600 3436 763 3510 ἄρχῃ,
803 3435 1067 3501 σώζεταιο
1102 3440 1151 3492 εἰ
1187 3439 1246 3493 δὲ
1293 3439 1435 3494 κατὰ
1467 3440 1738 3507 Σεδεκίαν,
1784 3443 1974 3516 ἀφορι-

399 3527 624 3599 ζόμενος
659 3528 757 3598 μὲν
799 3528 980 3594 σώζει,
1014 3530 1189 3602 μένων
1228 3531 1286 3585 δὲ
1315 3532 1519 3604 ταύτην
1553 3533 1863 3588 ἀπόλλυσιν.
1907 3535 1978 3589 Ei’

392 3635 477 3682 τις
509 3613 602 3672 οὑν
639 3618 879 3689 μολύνων
909 3620 1009 3692 τὴν
1054 3620 1382 3692 Ἐκκλησίαν
1429 3622 1657 3691 ἐξέλθοι,
1707 3628 1880 3698 αὑτήν
1911 3645 1970 3681 τε
2010 3674 2013 3677 ,

396 3708 560 3773 σώζει
589 3711 685 3765 καὶ
710 3711 809 3782 τὴν
841 3710 1018 3783 ψυχὴν
1054 3711 1218 3766 αὑτοῦ
1237 3730 1252 3743 ο
1286 3713 1382 3768 ὲὰν
1413 3714 1470 3770 δὲ
1506 3716 1673 3788 μέλλῃ
1705 3718 1848 3773 κατὰ
1879 3718 1971 3773 τὸν

393 3800 650 3856 Σεδεκίαν
674 3801 812 3873 πρὸς
840 3800 1037 3871 ἔξοδον,
1052 3805 1239 3874 μικρὰ
1267 3804 1435 3876 ζύμη,
1463 3807 1612 3864 ὅλον
1639 3808 1706 3863 τὸ
1730 3810 1973 3880 φύραμα

393 3890 580 3960 ζυμοῖ.

465 3976 557 4032 22.
590 3977 702 4031 Καὶ
748 3978 879 4033 ίδοὺ
917 3979 1107 4036 πᾶσαι
1149 3982 1428 4053 γυναῖκες
1457 3986 1519 4039 αἱ
1562 3987 1970 4057 καταλειφθεῖ-

391 4082 517 4123 σαι.
565 4071 702 4141 Φησὶ
735 4071 872 4144 πρὸς
905 4074 1067 4128 αὑτὸν
1114 4075 1380 4147 Ἱερεμίας
1413 4078 1490 4142 ὡς
1525 4077 1737 4149 ἐροῦσιν
1781 4080 1839 4134 αἱ
1870 4096 1969 4149 γυ-

394 4154 581 4225 ναῖκες
611 4164 691 4227 είς
734 4165 995 4219 ἀποικίαν
1039 4167 1335 4239 ἀγόμεναι⁶
1408 4169 1752 4240 Ἠπάτησάν
1800 4186 1875 4225 σε
1916 4174 1972 4226 οἱ
2020 4214 2023 4218 ι

391 4254 543 4321 πρὸς
570 4254 646 4308 σὲ
688 4256 1003 4332 φήσαντες,
1024 4260 1356 4329 εἰρηνικῶς,
1390 4262 1465 4327 ὡς
1495 4264 1557 4318 οὑ
1590 4262 1970 4337 παραδώσουσι

391 4345 469 4416 τῷ
511 4345 855 4419 Βαϐυλωνίῳ.
891 4350 1253 4422 Συστήσονται
1290 4354 1348 4407 δὲ
1383 4355 1522 4425 μετὰ
1555 4354 1676 4421 σοῦ,
1706 4356 1780 4420 ὼς
1806 4355 1969 4411 αἴτιοι

2077 3163 2277 3232 quippe
2307 3177 2395 3216 me
2425 3162 2717 3217 sollicitum
2748 3163 2931 3219 habet.
2998 3156 3171 3218 Siculi
3210 3174 3388 3221 autem
3434 3179 3653 3238 propter

2073 3260 2295 3323 peccata
2318 3249 2619 3308 Jerusalem
2646 3253 2840 3309 tradita
2869 3262 2972 3318 est,
3002 3253 3082 3308 sic
3104 3262 3159 3308 et
3182 3253 3447 3312 Ecclesia.
3506 3258 3571 3314 Et
3603 3262 3648 3316 si

2073 3342 2198 3413 quis
2226 3343 2301 3397 illi
2331 3346 2514 3413 prasit
2538 3344 2733 3399 similis
2767 3343 3046 3409 Ezechiae,
3097 3347 3246 3403 salva
3272 3358 3386 3417 est;
3432 3352 3477 3404 si
3521 3367 3651 3406 vero

2073 3435 2269 3491 similis
2298 3434 2557 3499 Sedeciaa,
2593 3434 2895 3492 subductus
2923 3438 3145 3508 quidem
3174 3447 3373 3506 servat,
3423 3456 3651 3498 manens

2073 3541 2206 3582 vero
2234 3525 2432 3597 perdit.
2461 3524 2518 3581 Si
2553 3528 2678 3598 quis
2699 3543 2828 3598 ergo
2860 3530 3144 3585 maculans
3178 3529 3475 3587 Ecelesiam
3503 3535 3650 3588 cxie-

2070 3619 2162 3682 rit,
2193 3629 2246 3673 et
2271 3619 2419 3673 illam
2446 3628 2648 3685 servat,
2678 3627 2731 3673 et
2760 3619 2996 3675 animam
3023 3635 3215 3687 suam;
3252 3632 3308 3676 at
3330 3622 3378 3678 si
3400 3626 3649 3694 exemplo

2074 3707 2317 3765 Sedeciat
2349 3708 2524 3762 tardet
2553 3709 2621 3763 ad
2668 3709 3012 3775 exeundum,
3064 3726 3281 3779 paruum
3333 3715 3647 3780 fermentum

2072 3798 2352 3852 misturam
2379 3813 2583 3851 omnem
2609 3797 2890 3866 fermentut
2918 3798 2983 3852 ³³.

2139 3980 2233 4036 22.
2273 3978 2343 4033 Et
2378 3994 2494 4032 ecce
2517 3993 2693 4032 omnes
2719 3975 2962 4032 mulieres
2983 3995 3100 4049 qua:
3125 3994 3509 4051 remanserunt,
3538 3994 3643 4041 etc.

2069 4071 2159 4126 Ait
2185 4071 2252 4127 ad
2279 4072 2458 4141 ipsum
2490 4069 2755 4128 Jeremias
2787 4074 2931 4145 quod
2968 4073 3221 4129 mulieres
3273 4074 3329 4129 in
3364 4077 3646 4146 captivita-

2073 4172 2180 4219 tem
2228 4165 2492 4221 ducenda:
2535 4164 2716 4220 dicent
2747 4166 2794 4198 ³⁸
2825 4186 2839 4221 :
2873 4166 3207 4222 Seduaterunt
3257 4176 3335 4234 te,
3376 4169 3466 4235 qui
3494 4170 3565 4222 ad
3598 4180 3647 4224 te

2070 4258 2321 4312 dixerunt
2367 4258 2585 4328 paciﬁca
2636 4266 2688 4313 te
2725 4259 2792 4314 ab
2842 4260 2920 4315 eis
2949 4259 3250 4330 Babylonio
3286 4275 3392 4313 non
3426 4261 3645 4316 traden—

2070 4349 2223 4405 dum.
2265 4347 2437 4403 Erunt
2472 4364 2635 4418 porro
2669 4349 2763 4403 tibi
2796 4351 3043 4417 comites,
3080 4358 3321 4405 utcasus
3363 4352 3437 4405 tui
3465 4361 3646 4406 auclo-

390 4438 673 4509 γενόμενοι
698 4437 986 4505 πτώσεωςο
1030 4442 1247 4509 πάντως
1278 4445 1386 4517 γὰρ
1409 4444 1682 4519 ληφθήσῃ.
1724 4446 1878 4518 Τάχα
1908 4447 1965 4501 δὲ

2078 4455 2176 4496 res.
2244 4438 2481 4494 Omnino
2516 4439 2660 4494 enim
2692 4440 2944 4509 capieris.
3012 4439 3268 4497 Fortasse
3306 4457 3437 4496 vero
3477 4444 3639 4497 etiam

350 4578 355 4586 ,
390 4527 635 4591 καὶτοὺς
661 4527 1110 4603 ψευδοπροφήτας
1143 4535 1403 4601 αἰτιᾶται,
1438 4534 1580 4608 λόγῳ
1617 4537 1717 4608 τὴν
1741 4539 1963 4610 εἰρήνην

2078 4529 2569 4600 pseudoprophctas
2597 4539 2839 4593 accusat,
2875 4530 2968 4600 qui
2996 4546 3183 4601 pacem
3209 4531 3389 4587 verbis
3420 4534 3644 4602 pollen-

389 4617 870 4690 ὑπισχνουμένους.
917 4621 974 4675 'O
1003 4622 1060 4676 δὲ
1093 4626 1378 4697 προφήτης
1416 4626 1807 4699 φιλανθρώπως
1837 4628 1967 4683 ἀπέ-

387 4709 563 4778 κρυψε
595 4713 708 4777 τοῖς
732 4711 961 4783 ἄρχουσι
982 4713 1081 4786 τὴν
1103 4714 1381 4787 ἀλήθειαν,
1399 4716 1492 4770 τοῦ
1516 4716 1779 4787 βασιλέως
1807 4719 1965 4790 κηδό-

394 4816 571 4872 μενος.
617 4804 690 4856 Οὐ
732 4803 841 4875 γὰρ
884 4804 1140 4872 ἔϐλαπτε,
1189 4806 1392 4879 ταύτην
1441 4808 1536 4863 νῦν
1585 4809 1827 4875 σιωπῶν,
1860 4809 1991 4883 ήδη.

382 4893 512 4958 τοὺς
539 4893 704 4949 αὑτοῦ
732 4894 922 4964 λόγους
947 4896 1212 4965 ἀναγνοὺς
1241 4899 1300 4952 ὲν
1332 4899 1513 4972 κοινῷ.

1033 4988 1189 5041 ΚΕΦ.
1232 4990 1318 5044 Μ’.

457 5072 512 5128 ι.
548 5075 619 5128 El
645 5074 835 5131 καλὸν
867 5075 1150 5133 ἐναντίον
1167 5093 1285 5134 σου
1314 5081 1512 5136 ἐλθεῖν
1537 5082 1664 5153 μετ’
1689 5081 1855 5154 ἐμοῦ.
1897 5082 1956 5137 ’0

375 5166 687 5236 προφήτης,
712 5167 923 5239 αἵρεσιν
945 5168 1125 5224 λαϐὼν
1144 5169 1274 5227 ἔνθα
1288 5171 1536 5242 βούλεται
1560 5172 1681 5245 ζῇν,
1711 5175 1955 5248 ὑπερορᾷ

376 5255 483 5328 μὶν
515 5256 853 5323 Βαϐυλῶνος,
897 5263 1132 5334 αἱρεῖται
1164 5263 1224 5318 δὲ
1267 5264 1367 5335 τὴν
1413 5265 1692 5330 Ἰουδαίαν,
1737 5266 1954 5336 φεύγων

370 5346 479 5417 τὴν
518 5349 584 5402 ὲκ
614 5349 887 5418 βασιλείας
916 5354 1102 5424 τιμὴν,
1137 5355 1231 5409 καὶ
1267 5355 1356 5410 διὰ
1389 5358 1513 5421 τοὺς
1542 5359 1791 5429 πτωχοὺς
1828 5359 1956 5423 τοὺς

373 5435 516 5508 πρὸς
563 5440 835 5512 γεωργίαν
887 5444 1288 5514 ἐμμείναντας,
1334 5447 1410 5511 ὡς
1457 5448 1523 5501 ἂν
1572 5450 1669 5503 καὶ
1712 5449 1811 5522 τῆς
1851 5450 1953 5521 γῆς

370 5528 705 5599 ἐπιμελῆται
736 5532 825 5585 διὰ
853 5533 980 5599 τοὺς
1022 5536 1259 5606 πένητας
1304 5538 1400 5591 καὶ
1445 5538 1544 5603 τὰς
1586 5538 1791 5594 τούτων
1831 5542 1953 5603 ταῖς

453 5711 500 5743 ³⁸
538 5713 733 5769 Genus.
772 5731 943 5781 XXVII,
973 5719 1062 5774 27.
1154 5712 1211 5755 ’⁸⁸
1250 5721 1449 5779 Jerem.
1491 5740 1637 5787 xxxi,
1687 5724 1771 5776 I7.

654 5809 926 5868 I‘nnor.
959 5811 1077 5870 Gn.
1116 5814 1289 5875 XIII.

1874 5722 1918 5752 ³²
1958 5719 1999 5774 ll
2032 5721 2160 5775 Cor.
2196 5732 2271 5782 st,
2301 5719 2390 5773 9.3.

2065 4621 2287 4676 bantur.
2326 4620 2398 4675 At
2416 4622 2676 4691 propheta
2702 4620 3042 4692 principibus
3070 4622 3352 4677 veritatem
3380 4624 3642 4681 benevole

2064 4711 2286 4777 celavit,
2315 4711 2624 4766 consultum
2656 4712 2768 4782 regi
2799 4712 3008 4767 volens.
3040 4710 3185 4767 Nulli
3212 4716 3356 4769 enim
3386 4718 3635 4782 nocebat,

2068 4802 2217 4856 illam
2248 4816 2395 4857 nunc
2417 4801 2634 4858 silentio
2661 4802 2981 4872 obvolvens,
3027 4806 3373 4862 sermonibus
3398 4809 3513 4862 suis
3538 4822 3639 4877 pu-

2066 4892 2206 4948 blice
2226 4904 2383 4948 antea
2410 4893 2681 4963 perlectis.
2826 4950 2829 4953 .

2697 4980 2850 5038 CAP.
2889 4980 3004 5038 XL.

2134 5076 2189 5130 4.
2233 5074 2292 5130 Si
2333 5075 2523 5129 bonum
2563 5089 2743 5128 coram
2785 5084 2835 5128 te
2871 5075 3047 5129 venire
3098 5088 3317 5130 mecum.
3360 5073 3638 5133 Potestate

2062 5170 2208 5228 facta
2233 5172 2509 5242 prophetae
2534 5178 2595 5224 ut
2620 5168 2837 5239 degeret
2869 5168 2961 5223 ubi
2989 5169 3168 5236 vellet,
3194 5169 3466 5240 Babylone
3494 5178 3638 5239 post-

2066 5263 2273 5328 habita,
2306 5260 2548 5318 Iudaeam
2577 5259 2772 5332 elegit,
2802 5260 2985 5330 regios
3017 5261 3264 5316 devitans
3292 5261 3550 5326 honores,
3580 5270 3638 5316 et

2062 5363 2285 5425 prepter
2308 5367 2596 5424 pauperes,
2626 5351 2718 5423 qui
2748 5351 2816 5407 ad
2845 5350 3105 5408 colendos
3146 5365 3308 5422 agros
3352 5364 3635 5406 remansc~

2060 5456 2216 5509 rant,
2240 5442 2405 5517 310
2437 5454 2495 5500 ut
2519 5451 2574 5500 et
2600 5453 2759 5499 terrae
2784 5456 2974 5498 curam
3003 5452 3215 5514 gereret
3246 5450 3467 5513 propter
3492 5457 3633 5511 pau-

2059 5553 2218 5606 peres
2238 5550 2536 5607 eorumque
2568 5536 2780 5592 animas
2820 5537 3197 5607 prophetando
3220 5536 3508 5592 excoleret.
3542 5536 3640 5593 Et.

2468 5719 2515 5750 ³³
2554 5718 2729 5774 Galat.
2765 5735 2816 5784 ν,
2848 5720 2901 5774 9.
2983 5718 3027 5750 Μ
3051 5718 3251 5772 .Iercm.
3286 5735 3512 5778 xxxvm.
3538 5722 3632 5777 2‘2.

3323 5814 3396 5869 19
