4140 6444
405 307 506 361 £87

1809 292 1915 350 ’ΚΧ
1953 289 2254 348 ΟΒΙΟΕΝΕ

3580 286 3686 340 583

377 426 554 480 -enim
588 419 886 477 diviserant
909 417 1186 489 propheta!
1217 414 1367 480 loca;
1416 411 1505 467 hic
1535 410 1752 481 quidem
1776 409 1992 464 habens

2100 404 2481 494 προφητείαιςᾷ
2499 402 2816 473 γεωργήσαι
2853 398 3050 468 ψυχάς.
3102 397 3457 469 Ἐμερίσαντο
3491 400 3601 472 γὰρ
3637 406 3689 458 οι

385 515 673 581 Judaeam,
705 510 890 566 Daniel
921 525 1049 565 vero
1074 518 1128 564 et
1158 516 1270 562 tres
1305 505 1457 575 pueri
1493 502 1849 574 Babylonem.

1021 685 1176 742 CAP.
1233 683 1374 738 XLI.

478 789 533 841 2.
580 784 646 840 Et
677 783 909 839 surrexit
938 780 1138 834 Ismael
1158 821 1172 845 ,
1219 789 1266 832 et
1292 777 1467 830 decem
1497 773 1620 828 viri.
1659 770 1875 826 Probus
1905 767 1993 824 vir

408 882 680 936 neminem
717 877 790 930 ita
821 874 1026 930 malum
1066 871 1416 940 suspicatur,
1463 877 1524 922 ut
1555 865 1771 920 occidat
1817 877 1915 917 eos
1959 875 1990 914 ιι

408 973 607 1041 quibus
639 983 812 1023 caesus
840 981 947 1019 non
983 972 1087 1020 est.
1129 962 1268 1016 'Cur
1294 967 1474 1014 autem
1503 957 1647 1011 Deus
1679 951 1995 1024 penniserit

407 1063 691 1118 Godoliam
727 1058 1002 1123 interimi,
1039 1054 1265 1109 alterius
1293 1060 1378 1107 est
1407 1045 1868 1106 considerationis
1889 1084 1906 1110 ,
1938 1051 1994 1098 et

410 1153 847 1212 iuserutabilium
875 1150 988 1206 Dei.
995 1148 1354 1221 judiciorum.

485 1329 757 1399 Ejusdem.
818 1327 1010 1382 Virum
1045 1323 1278 1397 probum
1327 1331 1382 1377 et
1409 1321 1628 1385 mitem,
1681 1325 1735 1371 et
1776 1313 1996 1370 Judteos

402 1428 559 1474 tanta
591 1415 909 1471 defensione
937 1422 1376 1484 persequentem,
1425 1426 1552 1466 cum
1583 1418 1638 1463 et
1667 1407 1825 1462 multi
1857 1419 1996 1474 prae-

408 1511 697 1572 dixisseut,
729 1507 1120 1562 interflciemus
1141 1519 1265 1558 eum
1291 1513 1375 1558 :at
1404 1503 1504 1556 iste
1531 1513 1639 1555 non
1659 1507 1752 1554 est
1773 1512 1994 1568 passus,

408 1603 505 1657 sed
537 1601 754 1656 occisus
782 1606 886 1654 est.
948 1595 1149 1652 Verum
1183 1597 1287 1650 boc
1320 1609 1424 1649 non
1455 1592 1558 1647 fuit
1577 1606 1754 1647 causa
1784 1604 1996 1660 regres-

411 1711 507 1751 sus
560 1693 908 1754 Judaeorum,
960 1690 1054 1745 sed
1113 1688 1320 1743 malitia
1368 1687 1588 1756 propria
1650 1668 2008 1738 exsulabantﬁ

2095 498 2390 570 προφῆται,
2423 489 2578 558 οὗτος
2611 495 2710 566 μὲν
2735 494 2834 564 τὴν
2873 489 3153 555 Ἰουδαίαν,
3180 491 3279 560 τὴν
3307 490 3364 544 δὲ
3391 491 3689 551 Βαδυλῶνα

2095 589 2314 660 Δανιὴλ,
2351 587 2446 642 καὶ
2475 588 2526 640 oi
2558 587 2707 657 τρεῖς
2737 583 2945 646 παῖδες.

2719 675 2878 729 ΚΕΦ.
2919 672 3058 727 MA’.

2167 773 2222 827 2.
2259 771 2367 826 Καὶ
2401 769 2630 835 ἀνέστη
2669 765 2914 835 Ἰσμαὴά
2942 761 3042 817 καί
3085 763 3138 815 ot
3167 760 3316 815 δέκα
3345 759 3582 829 ἄνδρες.
3631 761 3690 815 '0

2096 862 2335 934 χρηστὸς
2385 861 2672 931 ἄνθρωπος
2724 855 2918 912 οὐδένα
2983 851 3282 907 ὑποπτεύει
3325 851 3499 915 οὕτως
3550 848 3692 906 εἶναι

2097 953 2355 1025 πονηρὸν,
2402 951 2479 1015 ὼς
2511 951 2604 1004 καὶ
2636 947 2763 1010 τοὺς
2797 945 2963 1017 μηδὲν
3007 943 3375 1014 ἀδικήσαντας
3421 941 3687 1010 φονεύειν.

2097 1047 2196 1101 Διὰ
2227 1048 2281 1100 τί
2311 1047 2368 1100 δέ
2401 1042 2782 1115 συνεχώρησεν
2807 1043 2838 1096 ὁ
2859 1040 2990 1103 Θεὸς
3024 1037 3375 1109 ἀναιρεθῆναι
3407 1036 3498 1089 τὸν
3530 1036 3568 1088 Γ
3571 1035 3690 1088 οδο-

2097 1141 2239 1203 λίαν,
2283 1138 2473 1210 ἐτέρου
2510 1137 2577 1191 ἂν
2613 1134 2702 1205 είη
2743 1134 2903 1202 λόγου
2936 1131 3034 1186 καὶ
3064 1129 3175 1184 τῶν
3217 1129 3523 1198 ἁνεφίκτων
3565 1146 3689 1200 κρι-

2102 1235 2291 1304 μάτων
2315 1230 2412 1285 τοῦ
2442 1229 2602 1283 Θεοῦ.

2174 1323 2286 1380 Τοῦ
2318 1321 2527 1378 αὐτοῦ.
2571 1320 2677 1374 Τδν
2715 1318 3004 1390 ἄνθρωπον
3043 1317 3174 1372 ὄντα
3205 1315 3300 1369 καὶ
3329 1313 3548 1383 ἐπιεικῆ
3589 1313 3686 1366 καὶ

2097 1419 2366 1489 τοσαύτης
2411 1415 2685 1478 Ἰουδαίοις
2717 1412 3054 1484 προστασίας
3092 1408 3458 1481 μεταδιδόντα.
3493 1406 3688 1459 Καίτοι

2103 1515 2361 1584 προεῖπον
2390 1507 2596 1571 πολλοὶ,
2631 1507 2735 1570 ὅτι,
2780 1502 3178 1573 Ἀναιρὴσομεν
3216 1500 3400 1553 αὐτόν.
3442 1493 3610 1559 Οὗτος
3630 1497 3687 1548 δὲ

2097 1605 2199 1658 οὐκ
2233 1601 2514 1672 ὴνέσχετο,
2552 1596 2666 1650 ἀλλ’
2698 1593 2964 1650 ἀπώλετο.
3013 1590 3152 1645 Ἀλλ’
3182 1591 3244 1642 οὐ
3277 1587 3436 1641 τοῦτο
3465 1587 3690 1655 γέγονεν

2099 1694 2270 1749 αίτιον
2299 1693 2400 1762 τῆς
2433 1689 2658 1744 καθόδου
2693 1690 2805 1750 τοῖς
2850 1684 3148 1747 Ἰουδαίοις,
3176 1680 3288 1736 ἀλλ’
3317 1680 3498 1733 οἰκεία
3521 1695 3688 1748 πονη·

406 1786 626 1840 Etenim
673 1785 716 1839 si
750 1783 952 1838 dicenti
982 1783 1026 1813 ³⁸
1055 1801 1067 1836 :
1105 1779 1188 1834 Ne
1224 1779 1459 1834 timeatis
1493 1797 1524 1831 ιι
1548 1777 1690 1847 facie
1714 1773 1997 1828 Chaldae-

2100 1785 2209 1858 ρία.
2258 1784 2322 1838 Ei
2371 1782 2483 1854 γὰρ
2531 1779 2725 1850 ἐκείνῳ
2776 1778 3011 1846 λέγοντι,
3064 1774 3162 1842 Μὴ
3211 1770 3516 1842 φοϐηθῆτε
3566 1770 3687 1823 ἀπὸ

410 1895 562 1942 rum,
610 1875 772 1930 ﬁdem
825 1873 1230 1945 praestiterunt,
1287 1868 1399 1925 Deo
1452 1867 1767 1939 praedicenti
1818 1864 1998 1919 multo

408 1970 608 2041 magis.
671 1968 752 2023 An
805 1981 938 2022 vero
988 1964 1154 2021 homo
1209 1963 1314 2018 fide
1366 1961 1589 2032 dignus,
1646 1975 1754 2015 non
1815 1965 1998 2014 autem

410 2060 596 2116 Deus?

1012 2146 1167 2203 CAP.
1215 2143 1400 2201 XLIV.

482 2245 574 2299 Ἥ.
638 2243 828 2298 Nonne
878 2242 1081 2296 incensi
1145 2239 1284 2312 quod
1339 2235 1655 2291 adolebatis.
1726 2231 2001 2288 Construe

411 2337 569 2400 illud,
599 2344 768 2389 nmine
795 2335 1027 2400 incensi,
1063 2347 1188 2387 cum
1219 2330 1314 2384 illo
1332 2371 1347 2396 ,
1374 2328 1684 2383 recordatus
1713 2333 1788 2380 est
1816 2323 2002 2377 Domi-

415 2445 535 2482 nus.
581 2425 927 2480 Manifestum
981 2438 1146 2494 porro
1185 2431 1268 2477 est
1318 2420 1386 2475 de
1413 2419 1480 2474 iis
1512 2431 1822 2473 sermonem
1857 2429 1999 2482 esse,

417 2521 511 2590 qui
546 2520 707 2574 idolis
734 2517 1046 2572 adolebant.
1101 2513 1194 2570 Eis
1213 2515 1361 2570 enim
1398 2513 1503 2566 hoc
1533 2509 1854 2571 fatentibus,
1885 2508 2002 2563 haec

415 2614 748 2668 inferuntur.
807 2610 1074 2664 Craterum
1105 2607 1504 2670 examinemus,
1559 2619 1625 2658 an
1658 2602 1704 2657 si
1730 2601 1855 2672 quis
1891 2600 2003 2654 Deo

415 2704 685 2761 adolendo
714 2718 820 2756 non
860 2710 920 2756 ut
949 2699 1235 2763 convenit,
1282 2710 1448 2751 eausa
1483 2695 1555 2750 sit
1587 2701 1648 2747 ut
1676 2702 1820 2746 terra
1853 2689 2000 2744 invia

413 2799 527 2854 ﬁat.
566 2796 730 2867 Igitur
757 2796 801 2850 si
828 2803 878 2848 et
899 2792 1158 2848 sensibile
1183 2790 1468 2844 incensum
1499 2783 1813 2839 Judaeorum
1849 2796 2003 2836 more

417 2889 604 2950 offers,
633 2888 889 2940 Virtutem
915 2885 1044 2936 dum
1075 2881 1378 2952 possideas,
1411 2875 1575 2932 offers
1595 2876 1833 2939 bonum,
1865 2889 2002 2928 con-

413 2979 733 3034 cordantem
770 2974 976 3028 habens
1003 2972 1277 3024 internum
1307 2969 1562 3032 odorem;
1609 2979 1732 3020 cum
1759 2961 2001 3032 nequitia

415 3085 546 3124 vero
583 3070 627 3123 si
660 3066 857 3121 oﬂ‘eras
888 3063 1043 3133 quasi
1078 3070 1132 3116 et
1165 3070 1451 3115 externum
1483 3056 1707 3112 odorem
1738 3055 2003 3110 contami-

2102 1875 2428 1946 προσώπου
2452 1872 2572 1928 τῶν
2602 1870 2939 1933 Χαλδαίων,
2971 1865 3328 1936 ἐπείσθησαν,
3355 1861 3538 1932 πολλῷ
3561 1861 3691 1932 pax.

2099 1971 2189 2023 λον
2233 1968 2314 2040 τῷ
2345 1966 2465 2038 Θεῷ
2514 1965 2852 2038 προλέγοντι.
2885 1958 2965 2017 Ἦ
3012 1957 3296 2031 ἄνθρωπος
3348 1957 3444 2026 μὲν
3476 1954 3689 2020 ἀξιόπισ-

2103 2079 2226 2126 στος
2259 2057 2348 2133 ὴν,
2377 2063 2406 2114 ὁ
2435 2059 2493 2114 δὲ
2525 2058 2658 2122 Θεὸς
2688 2057 2909 2121 οὐκέτις

2729 2147 2888 2202 κει.
2929 2145 3060 2200 MA'.
3422 2211 3426 2215 ι

2169 2246 2260 2303 Si.
2297 2244 2445 2314 οὐχί
2473 2241 2580 2296 τοῦ
2608 2237 2995 2309 θυμιάματος,
3031 2230 3103 2291 οὗ
3139 2231 3515 2301 ὲθυμιὰσατε.
3548 2227 3686 2280 Σύν-

2101 2338 2259 2406 ταξον
2281 2338 2366 2401 τὸ,
2395 2333 2533 2403 οὐχὶ
2551 2331 2658 2387 τοῦ
2701 2328 3086 2400 θυμιάματος,
3128 2324 3265 2396 πρὸς
3302 2323 3384 2386 τὸ,
3414 2319 3685 2390 ἐμνήσθη

2102 2431 2340 2499 Κύριος,
2374 2426 2543 2498 Δῆλον
2579 2423 2676 2495 μὲν
2707 2417 2800 2476 οὖν
2828 2422 2998 2484 ἐστιν,
3042 2417 3118 2481 ὡς
3150 2415 3281 2486 περὶ
3317 2413 3425 2467 τῶν
3455 2413 3567 2473 τοῖς
3606 2411 3683 2462 εί-

2100 2521 2287 2585 δώλοις
2321 2516 2642 2588 θυμιώντων
2677 2513 2831 2586 φησί.
2865 2511 3036 2565 Τοῦτο
3072 2508 3181 2580 γὰρ
3213 2505 3391 2562 αὐτῶν
3421 2501 3688 2573 ὁμολογη-

2104 2612 2334 2674 σάντων,
2377 2608 2643 2677 ἐπάγεται
2673 2605 2744 2658 τὰ
2781 2603 3138 2676 προκείμενα.
3167 2597 3312 2668 Πλὴν
3341 2594 3690 2664 ἐξετάσωμεν

2103 2706 2151 2758 εί
2184 2703 2276 2756 καὶ
2301 2699 2422 2771 Θεῷ
2452 2715 2538 2762 τις
2565 2695 2798 2767 θυμιῶν,
2829 2695 2904 2756 ὠς
2935 2692 2993 2745 οὐ
3032 2691 3132 2755 δεῖ,
3167 2687 3260 2742 τοῦ
3294 2687 3495 2742 ἄϐατον
3534 2682 3688 2751 γενέ-

2104 2795 2227 2850 σθαι
2270 2794 2377 2865 γῆν
2407 2795 2582 2854 αἴτιος
2625 2790 2854 2858 γίνεται.
2889 2787 3000 2840 Καὶ⁸
3035 2784 3097 2838 τὸ
3125 2780 3380 2852 αἰσθητὸν
3427 2776 3606 2832 τοίνυν
3637 2774 3690 2827 εί

2104 2887 2400 2958 προσάγεις
2451 2882 2593 2937 κατὰ
2644 2881 2771 2944 τοὺς
2840 2877 3129 2940 Ἰουδαίους
3182 2873 3434 2944 θυμίαμα
3483 2867 3688 2942 ἀρετὴν

2107 2956 2206 3049 μέν
2243 2975 2404 3045 ἔχων,
2438 2969 2738 3042 προσάγεις
2772 2966 2936 3020 καλὸν
2975 2964 3264 3036 σύμφωνον
3294 2959 3432 3031 ἔχων
3458 2959 3558 3029 τὴν
3603 2956 3694 3009 ἐν·

2103 3066 2256 3123 δοθεν
2295 3063 2542 3126 εὐωδίαν,
2581 3059 2719 3133 μετὰ
2751 3057 2947 3121 κακίας
2980 3053 3330 3128 προσφέρων,
3364 3050 3524 3105 οίονεί
3570 3067 3689 3111 πως

417 3177 578 3226 unus,
608 3159 673 3214 ad
701 3155 1124 3230 graveolentiam
1158 3151 1456 3218 transfers,
1481 3149 1701 3220 quando
1731 3147 1862 3202 illud
1892 3147 1997 3201 dici

2106 3160 2200 3215 καὶ
2233 3159 2332 3229 τὴν
2365 3155 2593 3210 εὐωδίαν
2635 3154 2736 3224 τὴν
2769 3150 2874 3217 ἔξω
2915 3146 3208 3220 χρωννύων
3249 3143 3385 3214 πρὸς
3421 3141 3694 3195 δυσωδίαν

418 3270 526 3307 non
558 3259 737 3322 potest
763 3250 806 3281 ³⁸
837 3268 850 3302 :
885 3247 1153 3301 Oderatus
1177 3254 1252 3299 est
1287 3244 1543 3297 Dominus
1580 3241 1792 3295 odorem
1822 3239 2000 3292 suavi-

420 3345 570 3409 tatis,
617 3342 711 3397 sed
758 3339 1118 3395 contrarium.
1173 3336 1322 3393 Odor
1363 3352 1492 3391 vero
1544 3333 1830 3391 suavitatis
1857 3331 1999 3403 apud

419 3434 613 3497 Deum,
649 3447 756 3486 non
782 3432 1104 3485 animalium
1132 3447 1161 3485 ιι
1193 3428 1308 3484 Noe
1336 3429 1668 3493 oblaturum,
1705 3440 1828 3496 qua:
1862 3437 1998 3494 pura

419 3530 609 3578 vocata
641 3532 789 3587 sunt,
822 3523 915 3576 sed
944 3521 1172 3592 justitiae.
1197 3521 1361 3587 illius,
1386 3518 1848 3592 perfectionisque
1875 3531 2000 3586 quae

2106 3251 2453 3325 μεταποιεῖς·
2484 3248 2574 3300 ὅτε
2599 3244 2700 3299 οὐκ
2735 3241 2802 3296 ἂν
2831 3239 3050 3311 λεχθείη
3086 3237 3168 3300 τὸ,
3206 3233 3545 3304 Ὠσφράνθη
3569 3234 3687 3288 Κύ-

2093 3323 2229 3414 ριος
2275 3339 2476 3410 ὀσμὴν
2524 3335 2798 3400 εὐωδίας,
2849 3331 2982 3386 ἀλλὰ
3030 3327 3362 3384 τούναντίον.
3403 3323 3580 3396 Ὀσμὴ
3622 3323 3688 3394 δὴ

2101 3435 2328 3496 εὐωδίας
2383 3430 2536 3503 παρὰ
2581 3428 2704 3500 Θεῷ
2751 3428 2813 3481 οὐ
2864 3424 2972 3478 τῶν
3014 3419 3486 3496 προσενεχθέντων
3537 3415 3687 3486 παρὰ

2100 3527 2224 3581 Νῶε
2259 3524 2416 3590 ζώων
2445 3520 2707 3593 καθαρῶν
2733 3516 3059 3589 εἰρημένων,
3101 3512 3238 3568 ἀλλὰ
3279 3511 3380 3582 τῆς
3411 3505 3689 3562 δικαιοσύ-

416 3624 534 3671 erat
577 3615 680 3686 ipsi
725 3615 777 3668 in
809 3615 1159 3685 generatione
1200 3629 1331 3680 sua;
1371 3612 1514 3668 Deus
1543 3610 1688 3666 enim
1734 3609 1997 3681 sanguine

2101 3637 2200 3692 νης
2229 3616 2390 3671 αὐτοῦ
2419 3615 2516 3669 καὶ
2541 3614 2641 3684 τῆς
2665 3611 3024 3681 τελειότητος,
3061 3607 3204 3677 ἅπερ
3231 3600 3300 3676 ἦν
3337 3602 3501 3664 αὐτὸς
3524 3603 3583 3654 ἐν
3620 3601 3691 3669 τῇ

419 3707 718 3776 nidoreque
763 3721 872 3760 non
923 3705 1140 3776 gaudet,
1175 3705 1332 3760 sicuti
1365 3705 1666 3759 daemones.
1727 3701 1996 3757 Caeterum

2100 3691 2270 3782 γενεᾴ
2301 3706 2489 3762 αὐτοῦ.
2521 3705 2656 3768 Θεὸς
2693 3703 2803 3775 γὰρ
2833 3701 3028 3771 αἵματι
3064 3698 3158 3752 καὶ
3189 3695 3436 3757 κνίσσαις
3463 3694 3525 3746 οὐ
3563 3691 3693 3762 τέρ-

415 3800 664 3870 quicum
697 3797 916 3853 Christo
958 3798 1391 3863 resurreximus,
1442 3813 1564 3868 quae
1607 3810 1827 3851 sursum
1870 3804 1997 3848 sunt

2101 3821 2283 3862 πεται,
2315 3800 2566 3870 καθάπερ
2595 3798 2645 3850 οἱ
2670 3795 2942 3865 δαίμονες.
2976 3789 3124 3862 Πλὴν
3154 3790 3230 3852 ὡς
3273 3783 3690 3855 συνεγερθὲντες

415 3906 751 3962 qumramus,
804 3888 936 3943 illud
986 3888 1172 3943 animo
1215 3888 1519 3958 cogitantes
1548 3887 1590 3918 "
1621 3905 1634 3940 :
1665 3884 1794 3939 Fiat
1823 3886 1997 3938 oratio

2100 3893 2342 3966 Χριστῷ,
2380 3891 2449 3944 τὰ
2477 3891 2588 3945 ἄνω
2628 3887 2974 3958 ζητήσωμεν,
3014 3884 3095 3945 είς
3128 3880 3254 3936 νοῦν
3288 3876 3565 3948 εἰληφότες
3599 3872 3685 3924 τόδ

417 3998 534 4034 mea
579 3981 716 4034 sicut
747 3979 1019 4032 incensum
1064 3979 1118 4032 in
1149 3985 1430 4047 conspectu
1473 3987 1584 4031 tuo.
1645 3975 1817 4031 Sicuti
1853 3974 1995 4031 enim

2100 3964 2420 4054 Γενηθήτω
2445 3985 2484 4052 ἡ
2520 3976 2830 4050 προσευχὴ
2863 3993 2981 4048 μου
3025 3975 3107 4041 ὡς
3143 3972 3405 4042 θυμίαμα
3431 3964 3690 4021 ἐνώπιόν

415 4069 656 4126 Joannes
679 4069 732 4122 in
755 4067 1076 4139 Apocalypsi
1102 4067 1180 4121 ait
1203 4067 1249 4099 ³⁸
1281 4086 1292 4121 :
1328 4065 1553 4120 Incensa
1580 4077 1702 4120 sunt
1731 4066 1996 4120 orationes

2100 4095 2246 4134 σου·
2291 4077 2434 4132 καθὰ
2495 4074 2604 4146 γὰρ
2661 4071 2917 4140 Ἰωάννης
2972 4068 3031 4120 ἐν
3088 4061 3455 4131 Ἀποκαλύψει
3518 4057 3682 4129 φησί·

417 4173 744 4216 sanctorum.
808 4162 911 4214 Sed
956 4160 1002 4216 si
1043 4158 1470 4231 cogitationibus
1503 4157 1649 4212 illam
1682 4157 1864 4227 pravis
1895 4155 1997 4212 fte—

2101 4167 2447 4242 Θυμιὰματά
2476 4171 2634 4221 εἰσιν
2661 4167 2720 4218 αἱ
2751 4158 3087 4231 ,προσευχαί
3121 4155 3240 4210 τῶν
3278 4154 3483 4224 ἁγίων.
3547 4149 3672 4204 ’Δλλ

413 4257 628 4325 demus,
663 4257 931 4328 contingit
957 4256 1089 4311 illud
1121 4256 1166 4288 ³⁹
1199 4273 1212 4310 :
1253 4253 1444 4310 Oratio
1473 4268 1654 4308 eorum
1683 4252 1781 4323 ﬁat
1802 4253 1859 4306 in
1879 4267 1997 4321 pec-

2100 4270 2148 4321 εί
2189 4267 2286 4338 μὲν
2326 4264 2612 4334 λογισμοῖς
2639 4257 2847 4328 ταύτην
2883 4254 3200 4326 μολύνωμεν
3237 4249 3514 4318 πονηροῖς,
3550 4261 3692 4315 συμ-

413 4359 626 4413 catum;
663 4351 746 4404 vel
775 4349 1103 4416 econtrario,
1127 4348 1171 4402 si
1202 4363 1269 4402 ex
1293 4346 1504 4418 justitia
1533 4346 1874 4402 oraverimus
1897 4357 1996 4414 pro

2100 4336 2273 4412 ϐαίνει
2305 4357 2382 4409 τό·
2438 4354 2500 4408 Ἠ
2522 4347 2837 4421 προσευχὴ
2862 4343 3063 4400 αὐτῶν
3093 4340 3355 4412 γενέσθω
3383 4339 3470 4403 εὶς
3497 4336 3687 4406 ἁμαρ-

416 4443 486 4497 iis
512 4443 605 4510 qui
648 4440 720 4496 ob
750 4449 972 4511 peccata
1010 4440 1200 4494 dicunt
1225 4439 1273 4474 ⁸ο
1307 4457 1320 4492 :
1352 4435 1681 4491 Pati-uerunt
1720 4445 1770 4491 et
1812 4449 1997 4489 corru-

2100 4453 2235 4506 τίαν
2255 4492 2271 4517 ,
2309 4449 2344 4520 ἢ
2372 4449 2451 4509 είς
2477 4445 2539 4498 τὸ
2561 4442 2822 4504 ἐναντίον,
2859 4437 2955 4492 ἐὰν
2991 4436 3100 4491 ἀπὸ
3131 4430 3478 4500 δικαιοσύνης
3519 4427 3689 4494 εὐξώ-

413 4544 519 4604 pta:
549 4541 671 4586 sunt
699 4531 973 4586 cicatrices
1006 4547 1134 4584 mete
1161 4547 1193 4583 a
1229 4530 1365 4600 {acie
1400 4529 1721 4599 insipientia:
1751 4544 1900 4594 meai,
1937 4526 1997 4581 fit

2105 4537 2246 4610 μεθα
2290 4518 2383 4589 ἐπὶ
2410 4532 2518 4587 τῶν
2553 4532 2621 4584 δι’
2657 4527 2933 4602 ἁμαρτίας
2968 4525 3260 4594 λεγόντων·
3291 4518 3689 4590 Προσώζτδσαν

416 4629 700 4682 incensum
730 4623 925 4680 fetens.
962 4621 1304 4693 Quapropter
1324 4621 1496 4678 Isaias
1526 4621 1733 4676 dixit“
1773 4638 1786 4675 :
1826 4619 1888 4675 Si
1914 4629 1998 4672 tu-

413 4707 582 4772 leritis
602 4717 759 4789 311
778 4715 1153 4786 similaginem,
1187 4730 1570 4785 supervacuum
1593 4714 1867 4767 incensum
1891 4721 1994 4775 est,

415 4808 829 4863 abominandum
855 4809 984 4862 mihi
1013 4821 1112 4864 est.
1133 4807 1306 4864 Porro
1330 4807 1608 4879 quomodo
1632 4808 1704 4863 sit
1722 4805 1990 4862 orandum

413 4903 600 4958 docuit
631 4902 947 4973 Apostolus,
989 4902 1178 4958 dicens
1230 4899 1276 4933 δ’
1329 4920 1343 4956 :
1402 4898 1530 4955 Volo
1563 4899 1800 4954 homines
1838 4913 1993 4952 orare

412 4997 555 5051 omni
585 4996 720 5062 loco,
746 4996 1002 5066 erigentes
1027 5005 1240 5048 sanctas
1275 5007 1492 5062 manus,
1537 4992 1651 5046 sine
1689 4992 1773 5046 ira
1801 5001 1851 5044 et
1874 5006 1994 5059 per-

411 5091 575 5155 versis
605 5088 1031 5161 cogitationibus.
1073 5085 1401 5157 Huiusmodi
1433 5099 1630 5139 manus
1664 5099 1788 5140 cum
1817 5085 1992 5154 erige-

412 5193 600 5239 rentur
631 5182 869 5254 Moysis,
906 5181 1072 5237 Israel
1103 5181 1386 5248 vincebat;
1424 5195 1547 5235 cum
1593 5193 1724 5233 vero
1768 5186 1994 5232 contra-

414 5277 694 5340 herentur,
730 5273 980 5329 vincebat
1021 5273 1261 5330 Amalec.
1326 5271 1430 5338 Qui
1462 5272 1542 5327 sic
1576 5278 1731 5333 orat,
1763 5283 1869 5324 non
1900 5281 1995 5337 spe

413 5367 729 5432 frustratur,
779 5381 906 5422 cum
931 5381 1119 5421 verum
1153 5367 1224 5422 sit
1258 5364 1462 5421 dictum
1499 5363 1634 5419 illud
1661 5361 1707 5393 "
1739 5379 1753 5416 :
1807 5363 1994 5417 Adhuc

411 5470 462 5514 te
498 5457 740 5529 loquente
771 5457 907 5515 dicet
933 5471 954 5509 :
989 5455 1120 5509 Ecce
1143 5456 1351 5512 adsum.
1386 5453 1685 5509 Pravorum
1717 5452 1881 5524 igitur
1911 5453 1994 5506 in-

413 5564 636 5604 censum
657 5589 674 5616 ,
703 5549 900 5619 inquit,
926 5564 1034 5604 non
1061 5557 1270 5618 poterat
1299 5547 1564 5603 Dominus
1595 5547 1850 5609 tolerare,
1885 5543 1992 5599 sic-

443 5668 450 5675 '
483 5665 529 5698 "
551 5664 751 5720 Jerem.
785 5684 874 5731 xu,
916 5667 968 5721 9.
1086 5665 1132 5696 ³⁸
1158 5663 1354 5719 Cenes.
1394 5680 1513 5727 vm,
1547 5662 1636 5717 2|.

415 5750 620 5801 xxxv",
676 5738 729 5789 ti.
809 5741 850 5770 ἰ
896 5736 1000 5792 isa.
1031 5753 1069 5802 ι,
1103 5736 1184 5790 l5.

1746 5662 1788 5693 ³⁷
1831 5659 1974 5714 Psal.
2005 5674 2128 5720 CXL,
2157 5657 2212 5712 2.

1296 5736 1339 5765 “
1375 5733 1390 5786 Ι
1421 5733 1563 5788 Tim.
1604 5750 1662 5800 II,
1695 5732 1747 5786 8.
1841 5730 1886 5761 “
1917 5730 2018 5784 Isa.
2057 5744 2212 5796 mn,
2245 5727 2300 5783 9.

2101 4609 2200 4682 καί
2243 4627 2567 4692 ἐσάπησαν
2609 4626 2664 4676 oi
2703 4618 2996 4692 μώλωπές
3026 4633 3147 4687 μου
3197 4611 3316 4668 ἀπὸ
3359 4609 3689 4681 προσώπου

2101 4716 2212 4785 τῆς
2246 4716 2599 4785 ἀφροσύνης
2647 4729 2798 4783 μου,
2857 4709 3067 4780 γίνεται
3126 4707 3188 4760 τὸ
3245 4703 3496 4776 θυμίαμα
3557 4699 3686 4752 δυσ-

2102 4806 2254 4870 ῶδες.
2324 4805 2524 4876 Διόπερ
2581 4802 2806 4864 Ἡσαΐας
2864 4794 3054 4853 εἶπεν·
3113 4797 3256 4851 Ἐὰν
3308 4793 3528 4864 φέρητε
3579 4806 3684 4845 σε·

2096 4903 2376 4971 μίδαλιν,
2415 4898 2672 4969 μάταιον
2703 4895 2986 4966 θυμίαμα,
3029 4887 3349 4960 ,βδέλυγμα
3377 4905 3479 4958 μοι
3529 4884 3686 4940 ἐστι.

2101 4995 2235 5049 Τίνα
2265 4993 2322 5046 δὲ
2345 4992 2546 5066 τρόπον
2585 4989 2827 5052 εὐκτέον,
2862 4985 3098 5051 ἐδίδαξεν
3141 4984 3169 5035 ό
3221 4977 3544 5040 Ἀπόστολος
3594 4974 3685 5027 λέ-

2097 5106 2240 5158 γων’
2299 5089 2602 5156 Βούλομαι
2655 5083 2798 5149 τοὺς
2849 5079 3075 5148 ἄνδρας
3119 5072 3570 5144 προσεύχεσθαι
3611 5067 3686 5121 ἐν

2103 5179 2284 5233 παντὶ
2306 5181 2488 5244 τόπῳ,
2515 5177 2873 5245 ἐπαίροντας
2897 5172 3110 5235 ὁσίους
3141 5166 3334 5236 χεῖρας
3366 5163 3547 5235 χωρίς
3583 5160 3682 5228 ὀρ-

2104 5270 2215 5342 γῆς
2258 5266 2354 5324 καί
2395 5265 2819 5336 διαλογισμῶν.
2845 5263 3112 5316 Τοιούτων
3147 5257 3347 5330 χειρῶν
3389 5249 3690 5324 ἐπαιρομέ-

2101 5341 2207 5416 νων
2232 5359 2326 5414 τοῢ
2359 5359 2658 5422 Μωῢσέως,
2690 5356 2846 5410 ἐνίκα
2890 5353 3124 5425 Ἰσραήλ·
3154 5345 3598 5419 καταιρουμένων
3627 5341 3686 5395 δὲ

2101 5452 2256 5505 ἐνίκα
2307 5451 2336 5504 ὁ
2378 5448 2650 5520 Ἀμαλήκ.
2688 5447 2746 5500 Ὀ
2781 5443 2953 5508 οὕτως
2985 5441 3277 5512 εὐχόμενος
3305 5437 3406 5491 οὐκ
3437 5435 3684 5498 ἀποτυγ-

2101 5544 2273 5616 χάνει,
2317 5541 2669 5614 ἀληθεύοντος
2698 5537 2794 5594 τοῦ
2831 5536 3014 5609 ρητοῦο
3051 5536 3184 5590 Ἔτι
3216 5528 3543 5592 λαλοῦντός
3566 5538 3685 5578 σου

3448 5644 3496 5676 δ’
3533 5635 3682 5694 Psal.

2311 5658 2355 5689 ³⁸
2380 5657 2551 5727 Apoc.
2580 5671 2634 5721 v,
2662 5654 2716 5709 8.
2831 5653 2877 5686 "
2917 5651 3062 5708 Psal.
3095 5663 3252 5712 cvm,
3288 5646 3340 5700 7.
