  <div class='ocr_page' id='page_1' title='image "/cluster/home/n/w/nwhite01/storage/ocr_20150623/13:no.3/coo.31924054872910/302.png"; bbox 0 0 4140 6490; ppageno 0'>
   <div class='ocr_carea' id='block_1_1' title="bbox 529 339 632 399">
    <p class='ocr_par' dir='ltr' id='par_1_1' title="bbox 529 339 632 399">
     <span class='ocr_line' id='line_1_1' title="bbox 529 339 632 399; baseline 0 -9"><span class='ocrx_word' id='word_1_1' title='bbox 529 339 632 399; x_wconf 71' lang='grc'><strong>58⁷1</strong></span> 
     </span>
    </p>
   </div>
   <div class='ocr_carea' id='block_1_2' title="bbox 1767 332 2590 393">
    <p class='ocr_par' dir='ltr' id='par_1_2' title="bbox 1767 332 2590 393">
     <span class='ocr_line' id='line_1_2' title="bbox 1767 332 2590 393; baseline -0.001 -1"><span class='ocrx_word' id='word_1_2' title='bbox 1767 333 2080 393; x_wconf 78' lang='lat' dir='ltr'><strong>SELECTA</strong></span> <span class='ocrx_word' id='word_1_3' title='bbox 2118 332 2186 390; x_wconf 84' lang='lat' dir='ltr'><strong>IN</strong></span> <span class='ocrx_word' id='word_1_4' title='bbox 2221 332 2442 390; x_wconf 76' lang='lat' dir='ltr'><strong>IEREM</strong></span> <span class='ocrx_word' id='word_1_5' title='bbox 2451 334 2590 391; x_wconf 82' lang='lat' dir='ltr'><strong>IAM.</strong></span> 
     </span>
    </p>
   </div>
   <div class='ocr_carea' id='block_1_3' title="bbox 3679 344 3784 400">
    <p class='ocr_par' dir='ltr' id='par_1_3' title="bbox 3679 344 3784 400">
     <span class='ocr_line' id='line_1_3' title="bbox 3679 344 3784 400; baseline 0.019 -2"><span class='ocrx_word' id='word_1_6' title='bbox 3679 344 3784 400; x_wconf 76' lang='lat'><strong>590</strong></span> 
     </span>
    </p>
   </div>
   <div class='ocr_carea' id='block_1_4' title="bbox 525 446 2085 528">
    <p class='ocr_par' dir='ltr' id='par_1_4' title="bbox 525 446 2081 526">
     <span class='ocr_line' id='line_1_4' title="bbox 525 446 2081 526; baseline -0.003 -14"><span class='ocrx_word' id='word_1_7' title='bbox 525 455 677 526; x_wconf 72' lang='grc' dir='ltr'>ἐρεῖο</span> <span class='ocrx_word' id='word_1_8' title='bbox 717 455 863 510; x_wconf 83' lang='grc' dir='ltr'>Ἰδοὺ</span> <span class='ocrx_word' id='word_1_9' title='bbox 889 453 1148 525; x_wconf 80' lang='grc' dir='ltr'>πάρειμι.</span> <span class='ocrx_word' id='word_1_10' title='bbox 1184 455 1304 510; x_wconf 91' lang='grc' dir='ltr'><strong>Τῶν</strong></span> <span class='ocrx_word' id='word_1_11' title='bbox 1326 446 1420 509; x_wconf 77' lang='grc' dir='ltr'><strong>οὖν</strong></span> <span class='ocrx_word' id='word_1_12' title='bbox 1456 452 1706 526; x_wconf 85' lang='grc' dir='ltr'><strong>πονηρῶν</strong></span> <span class='ocrx_word' id='word_1_13' title='bbox 1744 453 1808 507; x_wconf 82' lang='grc' dir='ltr'><strong>τὸ</strong></span> <span class='ocrx_word' id='word_1_14' title='bbox 1832 453 2081 524; x_wconf 86' lang='grc' dir='ltr'>θυμίαμα</span> 
     </span>
    </p>
   </div>
   <div class='ocr_carea' id='block_1_5' title="bbox 2185 446 3788 528">
    <p class='ocr_par' dir='ltr' id='par_1_5' title="bbox 2209 452 3788 528">
     <span class='ocr_line' id='line_1_5' title="bbox 2209 452 3788 528; baseline 0.004 -17"><span class='ocrx_word' id='word_1_15' title='bbox 2209 459 2270 511; x_wconf 87' lang='lat' dir='ltr'><strong>ut</strong></span> <span class='ocrx_word' id='word_1_16' title='bbox 2315 462 2369 508; x_wconf 93' lang='lat' dir='ltr'><strong>et</strong></span> <span class='ocrx_word' id='word_1_17' title='bbox 2413 468 2514 509; x_wconf 90' lang='lat' dir='ltr'><strong>nos</strong></span> <span class='ocrx_word' id='word_1_18' title='bbox 2548 452 2674 508; x_wconf 86' lang='lat' dir='ltr'><strong>licet</strong></span> <span class='ocrx_word' id='word_1_19' title='bbox 2721 452 2945 508; x_wconf 79' lang='lat' dir='ltr'><strong>fetorem</strong></span> <span class='ocrx_word' id='word_1_20' title='bbox 3002 452 3237 524; x_wconf 80' lang='lat' dir='ltr'><strong>aliquem</strong></span> <span class='ocrx_word' id='word_1_21' title='bbox 3281 457 3621 528; x_wconf 71' lang='lat' dir='ltr'><strong>ttilcremus,</strong></span> <span class='ocrx_word' id='word_1_22' title='bbox 3663 476 3788 517; x_wconf 81' lang='lat' dir='ltr'><strong>ere-</strong></span> 
     </span>
    </p>
   </div>
   <div class='ocr_carea' id='block_1_6' title="bbox 529 543 2110 618">
    <p class='ocr_par' dir='ltr' id='par_1_6' title="bbox 529 543 2110 618">
     <span class='ocr_line' id='line_1_6' title="bbox 529 543 2110 618; baseline -0.003 -18"><span class='ocrx_word' id='word_1_23' title='bbox 529 548 728 617; x_wconf 73' lang='grc' dir='ltr'>φησὶν,</span> <span class='ocrx_word' id='word_1_24' title='bbox 778 547 879 600; x_wconf 83' lang='grc' dir='ltr'><strong>οὐκ</strong></span> <span class='ocrx_word' id='word_1_25' title='bbox 925 547 1155 616; x_wconf 74' lang='grc' dir='ltr'>ἠδύνατο</span> <span class='ocrx_word' id='word_1_26' title='bbox 1212 545 1412 618; x_wconf 80' lang='grc' dir='ltr'>Κύριος</span> <span class='ocrx_word' id='word_1_27' title='bbox 1461 545 1541 598; x_wconf 77' lang='grc' dir='ltr'>ἔτι</span> <span class='ocrx_word' id='word_1_28' title='bbox 1597 543 1804 616; x_wconf 78' lang='grc' dir='ltr'>φέρειν,</span> <span class='ocrx_word' id='word_1_29' title='bbox 1859 545 2110 617; x_wconf 85' lang='grc' dir='ltr'>καθάπερ</span> 
     </span>
    </p>
   </div>
   <div class='ocr_carea' id='block_1_7' title="bbox 529 632 2109 710">
    <p class='ocr_par' dir='ltr' id='par_1_7' title="bbox 529 632 2109 710">
     <span class='ocr_line' id='line_1_7' title="bbox 529 632 2109 710; baseline -0.001 -20"><span class='ocrx_word' id='word_1_30' title='bbox 529 639 722 710; x_wconf 81' lang='grc' dir='ltr'><strong>ἡμεῖς,</strong></span> <span class='ocrx_word' id='word_1_31' title='bbox 754 638 858 693; x_wconf 72' lang='grc' dir='ltr'>κᾶν</span> <span class='ocrx_word' id='word_1_32' title='bbox 902 637 1289 709; x_wconf 81' lang='grc' dir='ltr'>ὑπομείνωμέν</span> <span class='ocrx_word' id='word_1_33' title='bbox 1323 655 1445 690; x_wconf 90' lang='grc' dir='ltr'>τινα</span> <span class='ocrx_word' id='word_1_34' title='bbox 1485 636 1772 701; x_wconf 80' lang='grc' dir='ltr'><strong>δυσωδίαν,</strong></span> <span class='ocrx_word' id='word_1_35' title='bbox 1802 635 1918 690; x_wconf 81' lang='grc' dir='ltr'>ἀλλ’</span> <span class='ocrx_word' id='word_1_36' title='bbox 1945 632 2109 690; x_wconf 77' lang='grc' dir='ltr'>οὖσαν</span> 
     </span>
    </p>
   </div>
   <div class='ocr_carea' id='block_1_8' title="bbox 527 722 2108 800">
    <p class='ocr_par' dir='ltr' id='par_1_8' title="bbox 527 722 2108 800">
     <span class='ocr_line' id='line_1_8' title="bbox 527 722 2108 800; baseline 0.006 -19"><span class='ocrx_word' id='word_1_37' title='bbox 527 730 748 784; x_wconf 79' lang='grc' dir='ltr'>πλείονα</span> <span class='ocrx_word' id='word_1_38' title='bbox 795 728 1090 800; x_wconf 81' lang='grc' dir='ltr'>φεύγομεν.</span> <span class='ocrx_word' id='word_1_39' title='bbox 1127 730 1236 782; x_wconf 80' lang='grc' dir='ltr'>Καὶ</span> <span class='ocrx_word' id='word_1_40' title='bbox 1265 730 1293 782; x_wconf 99' lang='lat'><strong>6</strong></span> <span class='ocrx_word' id='word_1_41' title='bbox 1334 728 1466 792; x_wconf 79' lang='grc' dir='ltr'>Θεὸς</span> <span class='ocrx_word' id='word_1_42' title='bbox 1509 722 1624 793; x_wconf 78' lang='grc' dir='ltr'>οὖν,</span> <span class='ocrx_word' id='word_1_43' title='bbox 1675 727 1872 799; x_wconf 83' lang='grc' dir='ltr'>μέτρον</span> <span class='ocrx_word' id='word_1_44' title='bbox 1909 728 2108 797; x_wconf 84' lang='grc' dir='ltr'><strong>ἀνοχῆς</strong></span> 
     </span>
    </p>
   </div>
   <div class='ocr_carea' id='block_1_9' title="bbox 525 817 2106 892">
    <p class='ocr_par' dir='ltr' id='par_1_9' title="bbox 525 817 2106 892">
     <span class='ocr_line' id='line_1_9' title="bbox 525 817 2106 892; baseline -0.003 -19"><span class='ocrx_word' id='word_1_45' title='bbox 525 821 684 892; x_wconf 76' lang='grc' dir='ltr'>ἔχων,</span> <span class='ocrx_word' id='word_1_46' title='bbox 720 820 794 892; x_wconf 84' lang='grc' dir='ltr'>μὴ</span> <span class='ocrx_word' id='word_1_47' title='bbox 838 819 1228 892; x_wconf 81' lang='grc' dir='ltr'>μετανοοῦντας</span> <span class='ocrx_word' id='word_1_48' title='bbox 1269 819 1616 890; x_wconf 79' lang='grc' dir='ltr'>μετέρχεται’</span> <span class='ocrx_word' id='word_1_49' title='bbox 1659 818 1794 888; x_wconf 82' lang='grc' dir='ltr'>ὅπερ</span> <span class='ocrx_word' id='word_1_50' title='bbox 1836 818 1930 869; x_wconf 75' lang='grc' dir='ltr'>ἐπὶ</span> <span class='ocrx_word' id='word_1_51' title='bbox 1982 817 2106 869; x_wconf 79' lang='grc' dir='ltr'>Νῶε</span> 
     </span>
    </p>
   </div>
   <div class='ocr_carea' id='block_1_10' title="bbox 525 906 2106 982">
    <p class='ocr_par' dir='ltr' id='par_1_10' title="bbox 525 906 2106 982">
     <span class='ocr_line' id='line_1_10' title="bbox 525 906 2106 982; baseline -0.004 -18"><span class='ocrx_word' id='word_1_52' title='bbox 525 911 791 982; x_wconf 85' lang='grc' dir='ltr'>πεποίηκε</span> <span class='ocrx_word' id='word_1_53' title='bbox 813 949 829 974; x_wconf 94' lang='grc'><strong>,</strong></span> <span class='ocrx_word' id='word_1_54' title='bbox 870 909 979 962; x_wconf 89' lang='grc' dir='ltr'><strong>τῶν</strong></span> <span class='ocrx_word' id='word_1_55' title='bbox 1021 909 1141 963; x_wconf 89' lang='grc' dir='ltr'>τότε</span> <span class='ocrx_word' id='word_1_56' title='bbox 1185 906 1649 980; x_wconf 80' lang='grc' dir='ltr'>πλημμελούντων</span> <span class='ocrx_word' id='word_1_57' title='bbox 1705 907 1802 978; x_wconf 84' lang='grc' dir='ltr'>τὴν</span> <span class='ocrx_word' id='word_1_58' title='bbox 1845 906 2106 960; x_wconf 80' lang='grc' dir='ltr'>δυσωδίαν</span> 
     </span>
    </p>
   </div>
   <div class='ocr_carea' id='block_1_11' title="bbox 528 997 2100 1074">
    <p class='ocr_par' dir='ltr' id='par_1_11' title="bbox 528 997 2100 1074">
     <span class='ocr_line' id='line_1_11' title="bbox 528 997 2100 1074; baseline -0.005 -18"><span class='ocrx_word' id='word_1_59' title='bbox 528 1002 720 1073; x_wconf 82' lang='grc' dir='ltr'><strong>μηκέτι</strong></span> <span class='ocrx_word' id='word_1_60' title='bbox 768 1002 954 1074; x_wconf 83' lang='grc' dir='ltr'>φέρειν</span> <span class='ocrx_word' id='word_1_61' title='bbox 987 1000 1308 1072; x_wconf 87' lang='grc' dir='ltr'>δυνάμενος.</span> <span class='ocrx_word' id='word_1_62' title='bbox 1341 997 1433 1052; x_wconf 91' lang='grc' dir='ltr'>Διό</span> <span class='ocrx_word' id='word_1_63' title='bbox 1476 1015 1641 1070; x_wconf 84' lang='grc' dir='ltr'>φησιν</span> <span class='ocrx_word' id='word_1_64' title='bbox 1673 998 1731 1050; x_wconf 77' lang='grc' dir='ltr'><strong>ὲν</strong></span> <span class='ocrx_word' id='word_1_65' title='bbox 1763 997 2100 1069; x_wconf 80' lang='grc' dir='ltr'>προφήταις·</span> 
     </span>
    </p>
   </div>
   <div class='ocr_carea' id='block_1_12' title="bbox 537 1087 1689 1162">
    <p class='ocr_par' dir='ltr' id='par_1_12' title="bbox 537 1087 1689 1162">
     <span class='ocr_line' id='line_1_12' title="bbox 537 1087 1689 1162; baseline -0.003 -18"><span class='ocrx_word' id='word_1_66' title='bbox 537 1091 894 1161; x_wconf 83' lang='grc' dir='ltr'>Ἐσιώπησα,</span> <span class='ocrx_word' id='word_1_67' title='bbox 918 1091 1004 1162; x_wconf 85' lang='grc' dir='ltr'>μὴ</span> <span class='ocrx_word' id='word_1_68' title='bbox 1026 1091 1125 1146; x_wconf 76' lang='grc' dir='ltr'><strong>καί</strong></span> <span class='ocrx_word' id='word_1_69' title='bbox 1145 1091 1236 1147; x_wconf 77' lang='grc' dir='ltr'>ἀεὶ</span> <span class='ocrx_word' id='word_1_70' title='bbox 1266 1087 1689 1160; x_wconf 79' lang='grc' dir='ltr'>σιωπήσομαι;</span> 
     </span>
    </p>
   </div>
   <div class='ocr_carea' id='block_1_13' title="bbox 591 1179 2103 1255">
    <p class='ocr_par' dir='ltr' id='par_1_13' title="bbox 591 1179 2103 1255">
     <span class='ocr_line' id='line_1_13' title="bbox 591 1179 2103 1255; baseline -0.004 -18"><span class='ocrx_word' id='word_1_71' title='bbox 591 1183 682 1237; x_wconf 73' lang='grc'><strong>21.</strong></span> <span class='ocrx_word' id='word_1_72' title='bbox 714 1184 826 1238; x_wconf 78' lang='grc' dir='ltr'><strong>Καὶ</strong></span> <span class='ocrx_word' id='word_1_73' title='bbox 857 1183 1112 1255; x_wconf 79' lang='grc' dir='ltr'>ἐγενήθη</span> <span class='ocrx_word' id='word_1_74' title='bbox 1143 1185 1180 1252; x_wconf 76' lang='grc' dir='ltr'>ἡ</span> <span class='ocrx_word' id='word_1_75' title='bbox 1219 1182 1296 1253; x_wconf 75' lang='grc' dir='ltr'>γῆ</span> <span class='ocrx_word' id='word_1_76' title='bbox 1328 1181 1495 1252; x_wconf 83' lang='grc' dir='ltr'>ὑμῶν</span> <span class='ocrx_word' id='word_1_77' title='bbox 1534 1183 1621 1248; x_wconf 77' lang='grc' dir='ltr'>εἰς</span> <span class='ocrx_word' id='word_1_78' title='bbox 1649 1180 1968 1251; x_wconf 83' lang='grc' dir='ltr'>ἐρήμωσιν.</span> <span class='ocrx_word' id='word_1_79' title='bbox 2015 1179 2103 1244; x_wconf 85' lang='grc' dir='ltr'>Ὧς</span> 
     </span>
    </p>
   </div>
   <div class='ocr_carea' id='block_1_14' title="bbox 531 1270 2102 1348">
    <p class='ocr_par' dir='ltr' id='par_1_14' title="bbox 531 1270 2102 1348">
     <span class='ocr_line' id='line_1_14' title="bbox 531 1270 2102 1348; baseline -0.003 -20"><span class='ocrx_word' id='word_1_80' title='bbox 531 1275 630 1347; x_wconf 77' lang='grc' dir='ltr'><strong>γάρ</strong></span> <span class='ocrx_word' id='word_1_81' title='bbox 661 1276 931 1348; x_wconf 89' lang='grc' dir='ltr'>σωμάτων</span> <span class='ocrx_word' id='word_1_82' title='bbox 975 1275 1291 1347; x_wconf 86' lang='grc' dir='ltr'>σεσηπότων</span> <span class='ocrx_word' id='word_1_83' title='bbox 1317 1274 1346 1327; x_wconf 91' lang='lat'><strong>6</strong></span> <span class='ocrx_word' id='word_1_84' title='bbox 1380 1273 1785 1346; x_wconf 86' lang='grc' dir='ltr'>παρακείμενος</span> <span class='ocrx_word' id='word_1_85' title='bbox 1810 1270 2102 1343; x_wconf 83' lang='grc' dir='ltr'>παραλαμ-</span> 
     </span>
    </p>
   </div>
   <div class='ocr_carea' id='block_1_15' title="bbox 523 1362 2102 1438">
    <p class='ocr_par' dir='ltr' id='par_1_15' title="bbox 523 1362 2102 1438">
     <span class='ocr_line' id='line_1_15' title="bbox 523 1362 2102 1438; baseline -0.001 -21"><span class='ocrx_word' id='word_1_86' title='bbox 523 1363 701 1418; x_wconf 73' lang='grc' dir='ltr'>ϐάνων</span> <span class='ocrx_word' id='word_1_87' title='bbox 741 1367 854 1438; x_wconf 84' lang='grc' dir='ltr'><strong>ἀὴρ</strong></span> <span class='ocrx_word' id='word_1_88' title='bbox 891 1365 986 1419; x_wconf 77' lang='grc' dir='ltr'>καὶ</span> <span class='ocrx_word' id='word_1_89' title='bbox 1019 1365 1374 1436; x_wconf 82' lang='grc' dir='ltr'>φθειρόμενος</span> <span class='ocrx_word' id='word_1_90' title='bbox 1404 1363 1646 1436; x_wconf 79' lang='grc' dir='ltr'>λυπηρὸν</span> <span class='ocrx_word' id='word_1_91' title='bbox 1679 1363 1825 1416; x_wconf 87' lang='grc' dir='ltr'>ποιεῖ</span> <span class='ocrx_word' id='word_1_92' title='bbox 1855 1365 1970 1425; x_wconf 90' lang='grc' dir='ltr'>τοῖς</span> <span class='ocrx_word' id='word_1_93' title='bbox 2015 1362 2102 1416; x_wconf 80' lang='grc' dir='ltr'><strong>ἐν·</strong></span> 
     </span>
    </p>
   </div>
   <div class='ocr_carea' id='block_1_16' title="bbox 517 1451 2101 1530">
    <p class='ocr_par' dir='ltr' id='par_1_16' title="bbox 517 1451 2101 1530">
     <span class='ocr_line' id='line_1_16' title="bbox 517 1451 2101 1530; baseline -0.003 -21"><span class='ocrx_word' id='word_1_94' title='bbox 517 1458 842 1527; x_wconf 76' lang='grc' dir='ltr'>τυγχάνουσι</span> <span class='ocrx_word' id='word_1_95' title='bbox 862 1495 876 1522; x_wconf 91' lang='grc'><strong>,</strong></span> <span class='ocrx_word' id='word_1_96' title='bbox 908 1458 1002 1511; x_wconf 80' lang='grc' dir='ltr'><strong>καὶ</strong></span> <span class='ocrx_word' id='word_1_97' title='bbox 1024 1457 1086 1510; x_wconf 82' lang='grc' dir='ltr'>τὺ</span> <span class='ocrx_word' id='word_1_98' title='bbox 1118 1456 1315 1530; x_wconf 78' lang='grc' dir='ltr'>χωρίον</span> <span class='ocrx_word' id='word_1_99' title='bbox 1339 1455 1537 1511; x_wconf 75' lang='grc' dir='ltr'>ἄϐατον</span> <span class='ocrx_word' id='word_1_100' title='bbox 1565 1455 1794 1525; x_wconf 89' lang='grc' dir='ltr'>γίνεται,</span> <span class='ocrx_word' id='word_1_101' title='bbox 1821 1451 1962 1506; x_wconf 80' lang='grc' dir='ltr'>οὕτω</span> <span class='ocrx_word' id='word_1_102' title='bbox 1989 1451 2101 1505; x_wconf 90' lang='grc' dir='ltr'>λοι-</span> 
     </span>
    </p>
   </div>
   <div class='ocr_carea' id='block_1_17' title="bbox 517 1546 1695 1622">
    <p class='ocr_par' dir='ltr' id='par_1_17' title="bbox 517 1546 1695 1622">
     <span class='ocr_line' id='line_1_17' title="bbox 517 1546 1695 1622; baseline -0.001 -23"><span class='ocrx_word' id='word_1_103' title='bbox 517 1546 620 1602; x_wconf 84' lang='grc' dir='ltr'><strong>πὸν</strong></span> <span class='ocrx_word' id='word_1_104' title='bbox 646 1547 738 1602; x_wconf 75' lang='grc' dir='ltr'><strong>καὶ</strong></span> <span class='ocrx_word' id='word_1_105' title='bbox 759 1547 964 1620; x_wconf 77' lang='grc' dir='ltr'>ψυχῶν,</span> <span class='ocrx_word' id='word_1_106' title='bbox 978 1548 1241 1622; x_wconf 86' lang='grc' dir='ltr'>ἁμαρτίαι</span> <span class='ocrx_word' id='word_1_107' title='bbox 1268 1546 1695 1618; x_wconf 78' lang='grc' dir='ltr'>ἀπεργάζονται.</span> 
     </span>
    </p>
   </div>
   <div class='ocr_carea' id='block_1_18' title="bbox 1149 1637 1460 1692">
    <p class='ocr_par' dir='ltr' id='par_1_18' title="bbox 1149 1637 1460 1692">
     <span class='ocr_line' id='line_1_18' title="bbox 1149 1637 1460 1692; baseline -0.006 -1"><span class='ocrx_word' id='word_1_108' title='bbox 1149 1639 1307 1692; x_wconf 74' lang='grc' dir='ltr'>ΚΕΦ.</span> <span class='ocrx_word' id='word_1_109' title='bbox 1324 1637 1460 1692; x_wconf 85' lang='lat' dir='ltr'><strong>ME&#39;.</strong></span> 
     </span>
    </p>
   </div>
   <div class='ocr_carea' id='block_1_19' title="bbox 580 1725 2097 1799">
    <p class='ocr_par' dir='ltr' id='par_1_19' title="bbox 580 1725 2097 1799">
     <span class='ocr_line' id='line_1_19' title="bbox 580 1725 2097 1799; baseline -0.002 -16"><span class='ocrx_word' id='word_1_110' title='bbox 580 1727 636 1784; x_wconf 77' lang='lat'><strong>5.</strong></span> <span class='ocrx_word' id='word_1_111' title='bbox 672 1725 1020 1796; x_wconf 81' lang='grc' dir='ltr'>’⁸οτιεῖπας·</span> <span class='ocrx_word' id='word_1_112' title='bbox 1054 1728 1452 1799; x_wconf 78' lang='grc' dir='ltr'>οῖμοι,οῖμοι.¹</span> <span class='ocrx_word' id='word_1_113' title='bbox 1492 1727 1582 1799; x_wconf 83' lang='grc' dir='ltr'><strong>Τῷ</strong></span> <span class='ocrx_word' id='word_1_114' title='bbox 1613 1725 1729 1799; x_wconf 86' lang='grc' dir='ltr'>λαῷ</span> <span class='ocrx_word' id='word_1_115' title='bbox 1757 1727 2097 1799; x_wconf 85' lang='grc' dir='ltr'>συμπάσχων</span> 
     </span>
    </p>
   </div>
   <div class='ocr_carea' id='block_1_20' title="bbox 2212 543 3790 619">
    <p class='ocr_par' dir='ltr' id='par_1_20' title="bbox 2212 543 3790 619">
     <span class='ocr_line' id='line_1_20' title="bbox 2212 543 3790 619; baseline 0.005 -17"><span class='ocrx_word' id='word_1_116' title='bbox 2212 553 2453 602; x_wconf 87' lang='lat' dir='ltr'><strong>scentem</strong></span> <span class='ocrx_word' id='word_1_117' title='bbox 2490 553 2669 600; x_wconf 88' lang='lat' dir='ltr'><strong>tamen</strong></span> <span class='ocrx_word' id='word_1_118' title='bbox 2704 543 2962 616; x_wconf 78' lang='lat' dir='ltr'><strong>fugimus.</strong></span> <span class='ocrx_word' id='word_1_119' title='bbox 3021 544 3085 601; x_wconf 86' lang='lat' dir='ltr'><strong>Et</strong></span> <span class='ocrx_word' id='word_1_120' title='bbox 3134 546 3277 604; x_wconf 82' lang='lat' dir='ltr'><strong>Deus</strong></span> <span class='ocrx_word' id='word_1_121' title='bbox 3321 564 3454 619; x_wconf 79' lang='lat' dir='ltr'><strong>ergo</strong></span> <span class='ocrx_word' id='word_1_122' title='bbox 3489 553 3790 610; x_wconf 70' lang='lat' dir='ltr'><strong>tolerantiae</strong></span> 
     </span>
    </p>
   </div>
   <div class='ocr_carea' id='block_1_21' title="bbox 2211 635 3792 707">
    <p class='ocr_par' dir='ltr' id='par_1_21' title="bbox 2211 635 3792 707">
     <span class='ocr_line' id='line_1_21' title="bbox 2211 635 3792 707; baseline 0.005 -17"><span class='ocrx_word' id='word_1_123' title='bbox 2211 636 2432 690; x_wconf 88' lang='lat' dir='ltr'><strong>modum</strong></span> <span class='ocrx_word' id='word_1_124' title='bbox 2482 636 2689 692; x_wconf 84' lang='lat' dir='ltr'><strong>habens</strong></span> <span class='ocrx_word' id='word_1_125' title='bbox 2731 635 3109 706; x_wconf 71' lang='lat' dir='ltr'><strong>paenitentiam</strong></span> <span class='ocrx_word' id='word_1_126' title='bbox 3141 651 3250 692; x_wconf 86' lang='lat' dir='ltr'><strong>non</strong></span> <span class='ocrx_word' id='word_1_127' title='bbox 3295 649 3516 707; x_wconf 76' lang='lat' dir='ltr'><strong>agentes</strong></span> <span class='ocrx_word' id='word_1_128' title='bbox 3568 641 3792 698; x_wconf 68' lang='lat' dir='ltr'><strong>ulcisci-</strong></span> 
     </span>
    </p>
   </div>
   <div class='ocr_carea' id='block_1_22' title="bbox 2209 725 3790 798">
    <p class='ocr_par' dir='ltr' id='par_1_22' title="bbox 2209 725 3790 798">
     <span class='ocr_line' id='line_1_22' title="bbox 2209 725 3790 798; baseline 0.008 -19"><span class='ocrx_word' id='word_1_129' title='bbox 2209 733 2330 791; x_wconf 91' lang='lat' dir='ltr'><strong>tur;</strong></span> <span class='ocrx_word' id='word_1_130' title='bbox 2365 725 2512 795; x_wconf 90' lang='lat' dir='ltr'><strong>quod</strong></span> <span class='ocrx_word' id='word_1_131' title='bbox 2541 733 2786 797; x_wconf 89' lang='lat' dir='ltr'><strong>tempore</strong></span> <span class='ocrx_word' id='word_1_132' title='bbox 2811 725 2926 783; x_wconf 88' lang='lat' dir='ltr'><strong>Noe</strong></span> <span class='ocrx_word' id='word_1_133' title='bbox 2951 727 3100 796; x_wconf 76' lang='lat' dir='ltr'><strong>fecit,</strong></span> <span class='ocrx_word' id='word_1_134' title='bbox 3134 743 3324 783; x_wconf 80' lang='lat' dir='ltr'><strong>eorum</strong></span> <span class='ocrx_word' id='word_1_135' title='bbox 3349 731 3446 798; x_wconf 85' lang='lat' dir='ltr'><strong>qui</strong></span> <span class='ocrx_word' id='word_1_136' title='bbox 3485 741 3616 788; x_wconf 88' lang='lat' dir='ltr'><strong>tunc</strong></span> <span class='ocrx_word' id='word_1_137' title='bbox 3645 742 3790 790; x_wconf 78' lang='lat' dir='ltr'><strong>tem-</strong></span> 
     </span>
    </p>
   </div>
   <div class='ocr_carea' id='block_1_23' title="bbox 2213 817 3790 887">
    <p class='ocr_par' dir='ltr' id='par_1_23' title="bbox 2213 817 3790 887">
     <span class='ocr_line' id='line_1_23' title="bbox 2213 817 3790 887; baseline 0.004 -15"><span class='ocrx_word' id='word_1_138' title='bbox 2213 818 2362 887; x_wconf 89' lang='lat' dir='ltr'><strong>poris</strong></span> <span class='ocrx_word' id='word_1_139' title='bbox 2406 817 2796 887; x_wconf 86' lang='lat' dir='ltr'><strong>delinqucbant</strong></span> <span class='ocrx_word' id='word_1_140' title='bbox 2835 818 3040 872; x_wconf 89' lang='lat' dir='ltr'><strong>malum</strong></span> <span class='ocrx_word' id='word_1_141' title='bbox 3086 819 3308 872; x_wconf 87' lang='lat' dir='ltr'><strong>odorem</strong></span> <span class='ocrx_word' id='word_1_142' title='bbox 3343 818 3487 874; x_wconf 79' lang='lat' dir='ltr'><strong>ferre</strong></span> <span class='ocrx_word' id='word_1_143' title='bbox 3519 836 3623 876; x_wconf 90' lang='lat' dir='ltr'><strong>non</strong></span> <span class='ocrx_word' id='word_1_144' title='bbox 3669 839 3790 878; x_wconf 76' lang='lat' dir='ltr'><strong>am-</strong></span> 
     </span>
    </p>
   </div>
   <div class='ocr_carea' id='block_1_24' title="bbox 2207 909 3784 983">
    <p class='ocr_par' dir='ltr' id='par_1_24' title="bbox 2207 909 3784 983">
     <span class='ocr_line' id='line_1_24' title="bbox 2207 909 3784 983; baseline 0.004 -20"><span class='ocrx_word' id='word_1_145' title='bbox 2207 910 2349 979; x_wconf 91' lang='lat' dir='ltr'><strong>plius</strong></span> <span class='ocrx_word' id='word_1_146' title='bbox 2381 910 2588 965; x_wconf 87' lang='lat' dir='ltr'><strong>valens.</strong></span> <span class='ocrx_word' id='word_1_147' title='bbox 2617 909 2796 975; x_wconf 82' lang='lat' dir='ltr'><strong>Quare</strong></span> <span class='ocrx_word' id='word_1_148' title='bbox 2818 910 2896 965; x_wconf 89' lang='lat' dir='ltr'><strong>ait</strong></span> <span class='ocrx_word' id='word_1_149' title='bbox 2923 910 2979 964; x_wconf 88' lang='lat' dir='ltr'><strong>in</strong></span> <span class='ocrx_word' id='word_1_150' title='bbox 3007 910 3288 980; x_wconf 74' lang='lat' dir='ltr'><strong>prophetis</strong></span> <span class='ocrx_word' id='word_1_151' title='bbox 3312 927 3326 962; x_wconf 89' lang='lat'><strong>:</strong></span> <span class='ocrx_word' id='word_1_152' title='bbox 3356 909 3517 977; x_wconf 84' lang='lat' dir='ltr'><strong>Silui,</strong></span> <span class='ocrx_word' id='word_1_153' title='bbox 3547 917 3784 983; x_wconf 80' lang='lat' dir='ltr'><strong>nunquid</strong></span> 
     </span>
    </p>
   </div>
   <div class='ocr_carea' id='block_1_25' title="bbox 2205 1000 2724 1068">
    <p class='ocr_par' dir='ltr' id='par_1_25' title="bbox 2205 1000 2724 1068">
     <span class='ocr_line' id='line_1_25' title="bbox 2205 1000 2724 1068; baseline 0.008 -16"><span class='ocrx_word' id='word_1_154' title='bbox 2205 1008 2255 1053; x_wconf 85' lang='lat' dir='ltr'><strong>et</strong></span> <span class='ocrx_word' id='word_1_155' title='bbox 2285 1015 2486 1068; x_wconf 81' lang='lat' dir='ltr'><strong>semper</strong></span> <span class='ocrx_word' id='word_1_156' title='bbox 2507 1000 2684 1054; x_wconf 84' lang='lat' dir='ltr'><strong>tacebo</strong></span> <span class='ocrx_word' id='word_1_157' title='bbox 2697 1003 2724 1056; x_wconf 70' lang='lat'><strong>.9</strong></span> 
     </span>
    </p>
   </div>
   <div class='ocr_carea' id='block_1_26' title="bbox 2273 1169 3782 1240">
    <p class='ocr_par' dir='ltr' id='par_1_26' title="bbox 2273 1169 3782 1240">
     <span class='ocr_line' id='line_1_26' title="bbox 2273 1169 3782 1240; baseline 0.004 -16"><span class='ocrx_word' id='word_1_158' title='bbox 2273 1170 2362 1225; x_wconf 76' lang='lat' dir='ltr'><strong>2i.</strong></span> <span class='ocrx_word' id='word_1_159' title='bbox 2405 1169 2476 1224; x_wconf 86' lang='lat' dir='ltr'><strong>Et</strong></span> <span class='ocrx_word' id='word_1_160' title='bbox 2516 1171 2660 1240; x_wconf 80' lang='lat' dir='ltr'><strong>facta</strong></span> <span class='ocrx_word' id='word_1_161' title='bbox 2691 1182 2767 1226; x_wconf 84' lang='lat' dir='ltr'><strong>est</strong></span> <span class='ocrx_word' id='word_1_162' title='bbox 2790 1184 2932 1227; x_wconf 84' lang='lat' dir='ltr'><strong>terra</strong></span> <span class='ocrx_word' id='word_1_163' title='bbox 2960 1183 3131 1228; x_wconf 82' lang='lat' dir='ltr'><strong>vestra</strong></span> <span class='ocrx_word' id='word_1_164' title='bbox 3161 1173 3217 1228; x_wconf 83' lang='lat' dir='ltr'><strong>in</strong></span> <span class='ocrx_word' id='word_1_165' title='bbox 3253 1173 3654 1228; x_wconf 73' lang='lat' dir='ltr'><strong>desolationem.</strong></span> <span class='ocrx_word' id='word_1_166' title='bbox 3680 1175 3782 1232; x_wconf 75' lang='lat' dir='ltr'><strong>Vel</strong></span> 
     </span>
    </p>
   </div>
   <div class='ocr_carea' id='block_1_27' title="bbox 2204 1262 3782 1334">
    <p class='ocr_par' dir='ltr' id='par_1_27' title="bbox 2204 1262 3782 1334">
     <span class='ocr_line' id='line_1_27' title="bbox 2204 1262 3782 1334; baseline 0.003 -18"><span class='ocrx_word' id='word_1_167' title='bbox 2204 1262 2282 1318; x_wconf 88' lang='lat' dir='ltr'><strong>uti</strong></span> <span class='ocrx_word' id='word_1_168' title='bbox 2314 1263 2460 1318; x_wconf 88' lang='lat' dir='ltr'><strong>enim</strong></span> <span class='ocrx_word' id='word_1_169' title='bbox 2495 1278 2527 1318; x_wconf 91' lang='lat' dir='ltr'><strong>e</strong></span> <span class='ocrx_word' id='word_1_170' title='bbox 2561 1264 2883 1334; x_wconf 81' lang='lat' dir='ltr'><strong>corporibus</strong></span> <span class='ocrx_word' id='word_1_171' title='bbox 2916 1263 3233 1334; x_wconf 83' lang='lat' dir='ltr'><strong>putrefactis</strong></span> <span class='ocrx_word' id='word_1_172' title='bbox 3267 1263 3499 1320; x_wconf 76' lang='lat' dir='ltr'><strong>iniectus</strong></span> <span class='ocrx_word' id='word_1_173' title='bbox 3531 1265 3653 1320; x_wconf 88' lang='lat' dir='ltr'><strong>inde</strong></span> <span class='ocrx_word' id='word_1_174' title='bbox 3700 1267 3782 1321; x_wconf 80' lang='lat' dir='ltr'><strong>vi-</strong></span> 
     </span>
    </p>
   </div>
   <div class='ocr_carea' id='block_1_28' title="bbox 2203 1353 3796 1424">
    <p class='ocr_par' dir='ltr' id='par_1_28' title="bbox 2203 1353 3796 1424">
     <span class='ocr_line' id='line_1_28' title="bbox 2203 1353 3796 1424; baseline -0.002 -15"><span class='ocrx_word' id='word_1_175' title='bbox 2203 1353 2360 1409; x_wconf 84' lang='lat' dir='ltr'><strong>ciuus</strong></span> <span class='ocrx_word' id='word_1_176' title='bbox 2387 1368 2482 1408; x_wconf 87' lang='lat' dir='ltr'><strong>aer</strong></span> <span class='ocrx_word' id='word_1_177' title='bbox 2521 1355 2700 1424; x_wconf 76' lang='lat' dir='ltr'><strong>gravis</strong></span> <span class='ocrx_word' id='word_1_178' title='bbox 2738 1365 2823 1410; x_wconf 90' lang='lat' dir='ltr'><strong>est</strong></span> <span class='ocrx_word' id='word_1_179' title='bbox 2855 1356 3286 1422; x_wconf 85' lang='lat' dir='ltr'><strong>transeuntibus,</strong></span> <span class='ocrx_word' id='word_1_180' title='bbox 3319 1366 3373 1412; x_wconf 92' lang='lat' dir='ltr'><strong>et</strong></span> <span class='ocrx_word' id='word_1_181' title='bbox 3414 1358 3564 1412; x_wconf 93' lang='lat' dir='ltr'><strong>locus</strong></span> <span class='ocrx_word' id='word_1_182' title='bbox 3603 1357 3662 1412; x_wconf 83' lang='lat' dir='ltr'><strong>lit</strong></span> <span class='ocrx_word' id='word_1_183' title='bbox 3690 1359 3796 1412; x_wconf 78' lang='lat' dir='ltr'><strong>in-;_</strong></span> 
     </span>
    </p>
   </div>
   <div class='ocr_carea' id='block_1_29' title="bbox 2201 1447 3781 1521">
    <p class='ocr_par' dir='ltr' id='par_1_29' title="bbox 2201 1447 3781 1521">
     <span class='ocr_line' id='line_1_29' title="bbox 2201 1447 3781 1521; baseline 0.004 -21"><span class='ocrx_word' id='word_1_184' title='bbox 2201 1460 2478 1511; x_wconf 79' lang='lat' dir='ltr'><strong>accessus,</strong></span> <span class='ocrx_word' id='word_1_185' title='bbox 2516 1447 2589 1500; x_wconf 88' lang='lat' dir='ltr'><strong>ita</strong></span> <span class='ocrx_word' id='word_1_186' title='bbox 2618 1448 2775 1516; x_wconf 88' lang='lat' dir='ltr'><strong>plane</strong></span> <span class='ocrx_word' id='word_1_187' title='bbox 2806 1455 2860 1503; x_wconf 89' lang='lat' dir='ltr'><strong>et</strong></span> <span class='ocrx_word' id='word_1_188' title='bbox 2895 1449 3202 1504; x_wconf 87' lang='lat' dir='ltr'><strong>animarum</strong></span> <span class='ocrx_word' id='word_1_189' title='bbox 3251 1458 3469 1519; x_wconf 83' lang='lat' dir='ltr'><strong>peccata</strong></span> <span class='ocrx_word' id='word_1_190' title='bbox 3511 1449 3614 1505; x_wconf 91' lang='lat' dir='ltr'><strong>hoc</strong></span> <span class='ocrx_word' id='word_1_191' title='bbox 3642 1465 3781 1521; x_wconf 71' lang='lat' dir='ltr'><strong>pm-</strong></span> 
     </span>
    </p>
   </div>
   <div class='ocr_carea' id='block_1_30' title="bbox 2199 1546 2368 1594">
    <p class='ocr_par' dir='ltr' id='par_1_30' title="bbox 2199 1546 2368 1594">
     <span class='ocr_line' id='line_1_30' title="bbox 2199 1546 2368 1594; baseline 0 -2"><span class='ocrx_word' id='word_1_192' title='bbox 2199 1546 2368 1594; x_wconf 84' lang='lat' dir='ltr'><strong>stant.</strong></span> 
     </span>
    </p>
   </div>
   <div class='ocr_carea' id='block_1_31' title="bbox 2803 1630 3158 1688">
    <p class='ocr_par' dir='ltr' id='par_1_31' title="bbox 2803 1630 3158 1688">
     <span class='ocr_line' id='line_1_31' title="bbox 2803 1630 3158 1688; baseline 0 -2"><span class='ocrx_word' id='word_1_193' title='bbox 2803 1630 2954 1687; x_wconf 83' lang='lat' dir='ltr'><strong>CAP.</strong></span> <span class='ocrx_word' id='word_1_194' title='bbox 2995 1631 3158 1688; x_wconf 83' lang='lat' dir='ltr'><strong>XLV.</strong></span> 
     </span>
    </p>
   </div>
   <div class='ocr_carea' id='block_1_32' title="bbox 2265 1719 3779 1795">
    <p class='ocr_par' dir='ltr' id='par_1_32' title="bbox 2265 1719 3779 1795">
     <span class='ocr_line' id='line_1_32' title="bbox 2265 1719 3779 1795; baseline 0.003 -19"><span class='ocrx_word' id='word_1_195' title='bbox 2265 1721 2323 1776; x_wconf 74' lang='lat'><strong>5.</strong></span> <span class='ocrx_word' id='word_1_196' title='bbox 2357 1719 2498 1785; x_wconf 82' lang='lat' dir='ltr'><strong>Quia</strong></span> <span class='ocrx_word' id='word_1_197' title='bbox 2521 1721 2714 1776; x_wconf 72' lang='lat' dir='ltr'><strong>dixisti</strong></span> <span class='ocrx_word' id='word_1_198' title='bbox 2739 1737 2757 1775; x_wconf 91' lang='lat'><strong><em>:</em></strong></span> <span class='ocrx_word' id='word_1_199' title='bbox 2787 1721 2906 1776; x_wconf 82' lang='lat' dir='ltr'><strong>Heu</strong></span> <span class='ocrx_word' id='word_1_200' title='bbox 2937 1724 3218 1779; x_wconf 76' lang='lat' dir='ltr'><strong>mihtheu</strong></span> <span class='ocrx_word' id='word_1_201' title='bbox 3247 1724 3395 1778; x_wconf 83' lang='lat' dir='ltr'><strong>mihi.</strong></span> <span class='ocrx_word' id='word_1_202' title='bbox 3423 1723 3633 1795; x_wconf 83' lang='lat' dir='ltr'><strong>Populo</strong></span> <span class='ocrx_word' id='word_1_203' title='bbox 3652 1740 3779 1780; x_wconf 89' lang='lat' dir='ltr'><strong>con-</strong></span> 
     </span>
    </p>
   </div>
   <div class='ocr_carea' id='block_1_33' title="bbox 510 1805 2085 1892">
    <p class='ocr_par' dir='ltr' id='par_1_33' title="bbox 510 1817 2085 1892">
     <span class='ocr_line' id='line_1_33' title="bbox 510 1817 2085 1892; baseline -0.001 -21"><span class='ocrx_word' id='word_1_204' title='bbox 510 1819 726 1890; x_wconf 82' lang='grc' dir='ltr'>Βαροὺχ</span> <span class='ocrx_word' id='word_1_205' title='bbox 756 1819 1096 1891; x_wconf 81' lang='grc' dir='ltr'>ἀπωδύρετο,</span> <span class='ocrx_word' id='word_1_206' title='bbox 1131 1819 1227 1872; x_wconf 72' lang='grc' dir='ltr'><strong>καὶ</strong></span> <span class='ocrx_word' id='word_1_207' title='bbox 1257 1818 1402 1892; x_wconf 69' lang='grc' dir='ltr'>ἀξιοῖ</span> <span class='ocrx_word' id='word_1_208' title='bbox 1441 1818 1572 1891; x_wconf 76' lang='grc' dir='ltr'>περὶ</span> <span class='ocrx_word' id='word_1_209' title='bbox 1603 1817 1784 1872; x_wconf 78' lang='grc' dir='ltr'>αὐτῶν</span> <span class='ocrx_word' id='word_1_210' title='bbox 1814 1817 1906 1872; x_wconf 83' lang='grc' dir='ltr'><strong>τὸν</strong></span> <span class='ocrx_word' id='word_1_211' title='bbox 1939 1817 2085 1871; x_wconf 88' lang='grc' dir='ltr'>Θεόν.</span> 
     </span>
    </p>
   </div>
   <div class='ocr_carea' id='block_1_34' title="bbox 2185 1805 3771 1892">
    <p class='ocr_par' dir='ltr' id='par_1_34' title="bbox 2197 1810 3771 1886">
     <span class='ocr_line' id='line_1_34' title="bbox 2197 1810 3771 1886; baseline 0.003 -18"><span class='ocrx_word' id='word_1_212' title='bbox 2197 1811 2389 1868; x_wconf 83' lang='lat' dir='ltr'><strong>dolens</strong></span> <span class='ocrx_word' id='word_1_213' title='bbox 2414 1810 2627 1868; x_wconf 88' lang='lat' dir='ltr'><strong>Baruch</strong></span> <span class='ocrx_word' id='word_1_214' title='bbox 2658 1813 2998 1882; x_wconf 88' lang='lat' dir='ltr'><strong>deplorabat,</strong></span> <span class='ocrx_word' id='word_1_215' title='bbox 3035 1812 3313 1884; x_wconf 86' lang='lat' dir='ltr'><strong>Deumque</strong></span> <span class='ocrx_word' id='word_1_216' title='bbox 3338 1830 3435 1884; x_wconf 91' lang='lat' dir='ltr'><strong>pro</strong></span> <span class='ocrx_word' id='word_1_217' title='bbox 3464 1815 3570 1870; x_wconf 89' lang='lat' dir='ltr'><strong>illis</strong></span> <span class='ocrx_word' id='word_1_218' title='bbox 3599 1827 3771 1886; x_wconf 82' lang='lat' dir='ltr'><strong>rogat.</strong></span> 
     </span>
    </p>
   </div>
   <div class='ocr_carea' id='block_1_35' title="bbox 510 1907 2096 1980">
    <p class='ocr_par' dir='ltr' id='par_1_35' title="bbox 510 1907 2096 1980">
     <span class='ocr_line' id='line_1_35' title="bbox 510 1907 2096 1980; baseline 0.001 -19"><span class='ocrx_word' id='word_1_219' title='bbox 510 1910 600 1962; x_wconf 87' lang='grc' dir='ltr'><strong>Διὺ</strong></span> <span class='ocrx_word' id='word_1_220' title='bbox 629 1909 897 1980; x_wconf 80' lang='grc' dir='ltr'>λαμϐάνει</span> <span class='ocrx_word' id='word_1_221' title='bbox 919 1909 1020 1979; x_wconf 85' lang='grc' dir='ltr'>τῆς</span> <span class='ocrx_word' id='word_1_222' title='bbox 1049 1909 1108 1963; x_wconf 81' lang='grc' dir='ltr'>ὲν</span> <span class='ocrx_word' id='word_1_223' title='bbox 1137 1911 1328 1972; x_wconf 89' lang='grc' dir='ltr'>κακοῖς</span> <span class='ocrx_word' id='word_1_224' title='bbox 1355 1908 1610 1980; x_wconf 82' lang='grc' dir='ltr'>βοηθείας</span> <span class='ocrx_word' id='word_1_225' title='bbox 1639 1907 1982 1977; x_wconf 86' lang='grc' dir='ltr'>ἀπαγγελίαν</span> <span class='ocrx_word' id='word_1_226' title='bbox 2009 1908 2096 1963; x_wconf 86' lang='grc' dir='ltr'><strong>λέ-</strong></span> 
     </span>
    </p>
   </div>
   <div class='ocr_carea' id='block_1_36' title="bbox 451 1987 2094 2069">
    <p class='ocr_par' dir='ltr' id='par_1_36' title="bbox 451 1987 2094 2069">
     <span class='ocr_line' id='line_1_36' title="bbox 451 1987 2094 2069; baseline 0.002 -16"><span class='ocrx_word' id='word_1_227' title='bbox 451 2007 456 2010; x_wconf 85' lang='grc'><em>’</em></span> <span class='ocrx_word' id='word_1_228' title='bbox 513 2017 700 2068; x_wconf 87' lang='grc' dir='ltr'>γοντος</span> <span class='ocrx_word' id='word_1_229' title='bbox 729 2000 871 2054; x_wconf 78' lang='grc' dir='ltr'>οὕτω</span> <span class='ocrx_word' id='word_1_230' title='bbox 907 2000 1002 2054; x_wconf 85' lang='grc' dir='ltr'><strong>τοῦ</strong></span> <span class='ocrx_word' id='word_1_231' title='bbox 1041 2001 1175 2055; x_wconf 90' lang='grc' dir='ltr'>Θεοῦ</span> <span class='ocrx_word' id='word_1_232' title='bbox 1196 2017 1209 2032; x_wconf 80' lang='grc'><strong>’</strong></span> <span class='ocrx_word' id='word_1_233' title='bbox 1248 2001 1367 2068; x_wconf 86' lang='grc' dir='ltr'><strong>Οὓς</strong></span> <span class='ocrx_word' id='word_1_234' title='bbox 1407 2001 1686 2069; x_wconf 77' lang='grc' dir='ltr'>καθαιρεῖ),</span> <span class='ocrx_word' id='word_1_235' title='bbox 1726 1987 1914 2054; x_wconf 51' lang='lat' dir='ltr'><strong>adluv-</strong></span> <span class='ocrx_word' id='word_1_236' title='bbox 1938 2002 2094 2056; x_wconf 80' lang='grc' dir='ltr'>οίκο·</span> 
     </span>
    </p>
   </div>
   <div class='ocr_carea' id='block_1_37' title="bbox 512 2090 2095 2166">
    <p class='ocr_par' dir='ltr' id='par_1_37' title="bbox 512 2090 2095 2166">
     <span class='ocr_line' id='line_1_37' title="bbox 512 2090 2095 2166; baseline 0.003 -23"><span class='ocrx_word' id='word_1_237' title='bbox 512 2090 775 2160; x_wconf 81' lang='grc' dir='ltr'>δομήσω.</span> <span class='ocrx_word' id='word_1_238' title='bbox 809 2090 1036 2164; x_wconf 89' lang='grc' dir='ltr'>Πρῶτον</span> <span class='ocrx_word' id='word_1_239' title='bbox 1074 2092 1184 2166; x_wconf 85' lang='grc' dir='ltr'>γὰρ</span> <span class='ocrx_word' id='word_1_240' title='bbox 1215 2092 1400 2162; x_wconf 79' lang='grc' dir='ltr'>ἀλγεῖν</span> <span class='ocrx_word' id='word_1_241' title='bbox 1435 2095 1606 2157; x_wconf 89' lang='grc' dir='ltr'>ποιεῖ,</span> <span class='ocrx_word' id='word_1_242' title='bbox 1646 2092 1742 2146; x_wconf 79' lang='grc' dir='ltr'>καὶ</span> <span class='ocrx_word' id='word_1_243' title='bbox 1773 2091 1935 2146; x_wconf 85' lang='grc' dir='ltr'>πάλιν</span> <span class='ocrx_word' id='word_1_244' title='bbox 1965 2093 2095 2147; x_wconf 88' lang='grc' dir='ltr'>ἀπο-</span> 
     </span>
    </p>
   </div>
   <div class='ocr_carea' id='block_1_38' title="bbox 513 2181 2092 2254">
    <p class='ocr_par' dir='ltr' id='par_1_38' title="bbox 513 2181 2092 2254">
     <span class='ocr_line' id='line_1_38' title="bbox 513 2181 2092 2254; baseline 0.002 -18"><span class='ocrx_word' id='word_1_245' title='bbox 513 2182 828 2254; x_wconf 82' lang='grc' dir='ltr'>καθίστησι,</span> <span class='ocrx_word' id='word_1_246' title='bbox 886 2183 980 2237; x_wconf 69' lang='lat' dir='ltr'><strong>stati.</strong></span> <span class='ocrx_word' id='word_1_247' title='bbox 1024 2183 1094 2237; x_wconf 84' lang='grc' dir='ltr'>τὰ</span> <span class='ocrx_word' id='word_1_248' title='bbox 1138 2183 1231 2236; x_wconf 79' lang='grc' dir='ltr'><strong>ἐπὶ</strong></span> <span class='ocrx_word' id='word_1_249' title='bbox 1272 2182 1502 2247; x_wconf 80' lang='grc' dir='ltr'>τούτοις.</span> <span class='ocrx_word' id='word_1_250' title='bbox 1559 2181 1634 2238; x_wconf 84' lang='grc' dir='ltr'><strong>Οὐ</strong></span> <span class='ocrx_word' id='word_1_251' title='bbox 1680 2182 1790 2254; x_wconf 86' lang='grc' dir='ltr'>γὰρ</span> <span class='ocrx_word' id='word_1_252' title='bbox 1825 2183 1991 2238; x_wconf 88' lang='grc' dir='ltr'>δεκτά</span> <span class='ocrx_word' id='word_1_253' title='bbox 2022 2183 2092 2239; x_wconf 89' lang='grc' dir='ltr'><strong>τά</strong></span> 
     </span>
    </p>
   </div>
   <div class='ocr_carea' id='block_1_39' title="bbox 511 2271 2092 2348">
    <p class='ocr_par' dir='ltr' id='par_1_39' title="bbox 511 2271 2092 2348">
     <span class='ocr_line' id='line_1_39' title="bbox 511 2271 2092 2348; baseline 0.002 -23"><span class='ocrx_word' id='word_1_254' title='bbox 511 2272 723 2343; x_wconf 85' lang='grc' dir='ltr'>χρηστὰ</span> <span class='ocrx_word' id='word_1_255' title='bbox 759 2271 832 2344; x_wconf 80' lang='grc' dir='ltr'>μὴ</span> <span class='ocrx_word' id='word_1_256' title='bbox 867 2272 976 2326; x_wconf 87' lang='grc' dir='ltr'><strong>τῶν</strong></span> <span class='ocrx_word' id='word_1_257' title='bbox 1001 2272 1184 2328; x_wconf 85' lang='grc' dir='ltr'>κακῶν</span> <span class='ocrx_word' id='word_1_258' title='bbox 1210 2273 1694 2348; x_wconf 83' lang='grc' dir='ltr'>προανῃρημένων.</span> <span class='ocrx_word' id='word_1_259' title='bbox 1720 2273 1852 2328; x_wconf 88' lang='grc' dir='ltr'>Λύει</span> <span class='ocrx_word' id='word_1_260' title='bbox 1871 2273 1980 2346; x_wconf 87' lang='grc' dir='ltr'><strong>γάρ</strong></span> <span class='ocrx_word' id='word_1_261' title='bbox 1996 2275 2092 2328; x_wconf 79' lang='grc' dir='ltr'>καὶ</span> 
     </span>
    </p>
   </div>
   <div class='ocr_carea' id='block_1_40' title="bbox 505 2362 2090 2438">
    <p class='ocr_par' dir='ltr' id='par_1_40' title="bbox 505 2362 2090 2438">
     <span class='ocr_line' id='line_1_40' title="bbox 505 2362 2090 2438; baseline 0.003 -23"><span class='ocrx_word' id='word_1_262' title='bbox 505 2362 607 2426; x_wconf 81' lang='grc' dir='ltr'>τὰς</span> <span class='ocrx_word' id='word_1_263' title='bbox 630 2362 906 2435; x_wconf 82' lang='grc' dir='ltr'>μοχθηρὰς</span> <span class='ocrx_word' id='word_1_264' title='bbox 936 2363 1046 2419; x_wconf 88' lang='grc' dir='ltr'><strong>τῶν</strong></span> <span class='ocrx_word' id='word_1_265' title='bbox 1066 2365 1310 2419; x_wconf 86' lang='grc' dir='ltr'>ἀπίστων</span> <span class='ocrx_word' id='word_1_266' title='bbox 1342 2364 1631 2437; x_wconf 75' lang='grc' dir='ltr'>οἰκοδομὰς</span> <span class='ocrx_word' id='word_1_267' title='bbox 1654 2365 1730 2430; x_wconf 86' lang='grc' dir='ltr'>ὡς</span> <span class='ocrx_word' id='word_1_268' title='bbox 1753 2366 2090 2438; x_wconf 84' lang='grc' dir='ltr'>ἀρχιτέκτων</span> 
     </span>
    </p>
   </div>
   <div class='ocr_carea' id='block_1_41' title="bbox 501 2453 2089 2530">
    <p class='ocr_par' dir='ltr' id='par_1_41' title="bbox 501 2453 2089 2530">
     <span class='ocr_line' id='line_1_41' title="bbox 501 2453 2089 2530; baseline 0.005 -24"><span class='ocrx_word' id='word_1_269' title='bbox 501 2453 600 2523; x_wconf 80' lang='grc' dir='ltr'>τῆς</span> <span class='ocrx_word' id='word_1_270' title='bbox 626 2455 831 2527; x_wconf 82' lang='grc' dir='ltr'>σκηνῆς</span> <span class='ocrx_word' id='word_1_271' title='bbox 876 2456 978 2527; x_wconf 82' lang='grc' dir='ltr'>τῆς</span> <span class='ocrx_word' id='word_1_272' title='bbox 1009 2456 1290 2530; x_wconf 81' lang='grc' dir='ltr'>ἀληθινῆς,</span> <span class='ocrx_word' id='word_1_273' title='bbox 1339 2457 1406 2530; x_wconf 83' lang='grc' dir='ltr'>ἢν</span> <span class='ocrx_word' id='word_1_274' title='bbox 1437 2457 1639 2530; x_wconf 75' lang='grc' dir='ltr'>ἔπηξεν</span> <span class='ocrx_word' id='word_1_275' title='bbox 1673 2459 1836 2522; x_wconf 81' lang='grc' dir='ltr'>αὐτὸς</span> <span class='ocrx_word' id='word_1_276' title='bbox 1866 2461 1958 2513; x_wconf 72' lang='grc' dir='ltr'><strong>καὶ</strong></span> <span class='ocrx_word' id='word_1_277' title='bbox 1988 2461 2089 2514; x_wconf 82' lang='grc' dir='ltr'><strong>οὐκ</strong></span> 
     </span>
    </p>
   </div>
   <div class='ocr_carea' id='block_1_42' title="bbox 504 2541 2086 2622">
    <p class='ocr_par' dir='ltr' id='par_1_42' title="bbox 504 2541 2086 2622">
     <span class='ocr_line' id='line_1_42' title="bbox 504 2541 2086 2622; baseline 0.003 -22"><span class='ocrx_word' id='word_1_278' title='bbox 504 2543 810 2616; x_wconf 78' lang='grc' dir='ltr'>ἄνθρωπος·</span> <span class='ocrx_word' id='word_1_279' title='bbox 834 2551 962 2621; x_wconf 73' lang='grc' dir='ltr'>περὶ</span> <span class='ocrx_word' id='word_1_280' title='bbox 989 2541 1059 2620; x_wconf 77' lang='grc' dir='ltr'>ἧς</span> <span class='ocrx_word' id='word_1_281' title='bbox 1083 2565 1248 2622; x_wconf 83' lang='grc' dir='ltr'>φησιν</span> <span class='ocrx_word' id='word_1_282' title='bbox 1278 2553 1306 2603; x_wconf 91' lang='lat'><strong>6</strong></span> <span class='ocrx_word' id='word_1_283' title='bbox 1335 2548 1549 2614; x_wconf 81' lang='grc' dir='ltr'>Παῦλος</span> <span class='ocrx_word' id='word_1_284' title='bbox 1568 2566 1582 2581; x_wconf 81' lang='lat'><strong><em>°</em></strong></span> <span class='ocrx_word' id='word_1_285' title='bbox 1622 2550 1770 2606; x_wconf 84' lang='grc' dir='ltr'>Θεοῦ</span> <span class='ocrx_word' id='word_1_286' title='bbox 1804 2550 2086 2621; x_wconf 68' lang='grc' dir='ltr'>οἰκοδομή</span> 
     </span>
    </p>
   </div>
   <div class='ocr_carea' id='block_1_43' title="bbox 502 2636 2089 2714">
    <p class='ocr_par' dir='ltr' id='par_1_43' title="bbox 502 2636 2089 2714">
     <span class='ocr_line' id='line_1_43' title="bbox 502 2636 2089 2714; baseline 0.004 -26"><span class='ocrx_word' id='word_1_287' title='bbox 502 2636 642 2691; x_wconf 81' lang='grc' dir='ltr'>ἐστε</span> <span class='ocrx_word' id='word_1_288' title='bbox 667 2653 680 2668; x_wconf 86' lang='lat'><strong>&#39;</strong></span> <span class='ocrx_word' id='word_1_289' title='bbox 737 2638 832 2692; x_wconf 78' lang='grc' dir='ltr'><strong>καὶ</strong></span> <span class='ocrx_word' id='word_1_290' title='bbox 865 2639 941 2703; x_wconf 87' lang='grc' dir='ltr'>ὼς</span> <span class='ocrx_word' id='word_1_291' title='bbox 975 2641 1219 2712; x_wconf 84' lang='grc' dir='ltr'>γεωργὸς</span> <span class='ocrx_word' id='word_1_292' title='bbox 1247 2640 1466 2706; x_wconf 81' lang='grc' dir='ltr'>ὲκτίλας</span> <span class='ocrx_word' id='word_1_293' title='bbox 1497 2640 1560 2694; x_wconf 82' lang='grc' dir='ltr'>τὸ</span> <span class='ocrx_word' id='word_1_294' title='bbox 1604 2641 1679 2712; x_wconf 83' lang='grc' dir='ltr'>μὴ</span> <span class='ocrx_word' id='word_1_295' title='bbox 1725 2641 1915 2696; x_wconf 87' lang='grc' dir='ltr'>ποιοῦν</span> <span class='ocrx_word' id='word_1_296' title='bbox 1954 2659 2089 2714; x_wconf 88' lang='grc' dir='ltr'>καρ-</span> 
     </span>
    </p>
   </div>
   <div class='ocr_carea' id='block_1_44' title="bbox 505 2728 2086 2803">
    <p class='ocr_par' dir='ltr' id='par_1_44' title="bbox 505 2728 2086 2803">
     <span class='ocr_line' id='line_1_44' title="bbox 505 2728 2086 2803; baseline 0.003 -21"><span class='ocrx_word' id='word_1_297' title='bbox 505 2728 604 2782; x_wconf 85' lang='grc' dir='ltr'><strong>πόν</strong></span> <span class='ocrx_word' id='word_1_298' title='bbox 622 2747 634 2759; x_wconf 87' lang='grc'><strong>·</strong></span> <span class='ocrx_word' id='word_1_299' title='bbox 670 2730 866 2801; x_wconf 85' lang='grc' dir='ltr'>(Πᾶσα</span> <span class='ocrx_word' id='word_1_300' title='bbox 896 2730 1004 2803; x_wconf 82' lang='grc' dir='ltr'>γὰρ</span> <span class='ocrx_word' id='word_1_301' title='bbox 1037 2733 1267 2801; x_wconf 74' lang='grc' dir='ltr'>φυτεία,</span> <span class='ocrx_word' id='word_1_302' title='bbox 1298 2730 1380 2802; x_wconf 77' lang='grc' dir='ltr'>ἢν</span> <span class='ocrx_word' id='word_1_303' title='bbox 1408 2734 1520 2786; x_wconf 83' lang='grc' dir='ltr'>οὐκ</span> <span class='ocrx_word' id='word_1_304' title='bbox 1547 2732 1881 2802; x_wconf 72' lang='grc' dir='ltr'>ἐφύτευσεν</span> <span class='ocrx_word' id='word_1_305' title='bbox 1908 2735 1941 2786; x_wconf 84' lang='grc' dir='ltr'><em>ὁ</em></span> <span class='ocrx_word' id='word_1_306' title='bbox 1965 2735 2086 2786; x_wconf 87' lang='grc' dir='ltr'><strong>Πα-</strong></span> 
     </span>
    </p>
   </div>
   <div class='ocr_carea' id='block_1_45' title="bbox 502 2819 2088 2894">
    <p class='ocr_par' dir='ltr' id='par_1_45' title="bbox 502 2819 2088 2894">
     <span class='ocr_line' id='line_1_45' title="bbox 502 2819 2088 2894; baseline 0 -18"><span class='ocrx_word' id='word_1_307' title='bbox 502 2819 612 2889; x_wconf 78' lang='grc' dir='ltr'>τήρ</span> <span class='ocrx_word' id='word_1_308' title='bbox 640 2838 762 2890; x_wconf 79' lang='grc' dir='ltr'>μου</span> <span class='ocrx_word' id='word_1_309' title='bbox 796 2824 829 2875; x_wconf 89' lang='grc' dir='ltr'><strong>ό</strong></span> <span class='ocrx_word' id='word_1_310' title='bbox 859 2821 932 2874; x_wconf 82' lang='grc' dir='ltr'>ἐν</span> <span class='ocrx_word' id='word_1_311' title='bbox 957 2823 1254 2891; x_wconf 83' lang='grc' dir='ltr'>οὐρανοῖς,</span> <span class='ocrx_word' id='word_1_312' title='bbox 1302 2821 1754 2893; x_wconf 74' lang='grc' dir='ltr'>ἐκριζωθήσεται</span> <span class='ocrx_word' id='word_1_313' title='bbox 1776 2823 1814 2894; x_wconf 92' lang='grc'><strong>·)</strong></span> <span class='ocrx_word' id='word_1_314' title='bbox 1850 2841 2088 2893; x_wconf 74' lang='grc' dir='ltr'>καταφυ-</span> 
     </span>
    </p>
   </div>
   <div class='ocr_carea' id='block_1_46' title="bbox 504 2913 2086 2988">
    <p class='ocr_par' dir='ltr' id='par_1_46' title="bbox 504 2913 2086 2988">
     <span class='ocr_line' id='line_1_46' title="bbox 504 2913 2086 2988; baseline 0.003 -22"><span class='ocrx_word' id='word_1_315' title='bbox 504 2913 648 2966; x_wconf 88' lang='grc' dir='ltr'>τεύει</span> <span class='ocrx_word' id='word_1_316' title='bbox 702 2914 945 2984; x_wconf 79' lang='grc' dir='ltr'>ἄμπελον</span> <span class='ocrx_word' id='word_1_317' title='bbox 996 2916 1378 2988; x_wconf 83' lang='grc' dir='ltr'>καρποφόρον,</span> <span class='ocrx_word' id='word_1_318' title='bbox 1423 2917 1484 2969; x_wconf 86' lang='grc' dir='ltr'><strong>ού</strong></span> <span class='ocrx_word' id='word_1_319' title='bbox 1530 2915 1672 2970; x_wconf 89' lang='grc' dir='ltr'><strong>κατά</strong></span> <span class='ocrx_word' id='word_1_320' title='bbox 1713 2917 1812 2988; x_wconf 84' lang='grc' dir='ltr'>τὴν</span> <span class='ocrx_word' id='word_1_321' title='bbox 1867 2917 1948 2980; x_wconf 85' lang='grc' dir='ltr'><strong>είς</strong></span> <span class='ocrx_word' id='word_1_322' title='bbox 1997 2933 2086 2970; x_wconf 89' lang='grc' dir='ltr'>πι-</span> 
     </span>
    </p>
   </div>
   <div class='ocr_carea' id='block_1_47' title="bbox 504 3003 2080 3079">
    <p class='ocr_par' dir='ltr' id='par_1_47' title="bbox 504 3003 2080 3079">
     <span class='ocr_line' id='line_1_47' title="bbox 504 3003 2080 3079; baseline 0.003 -23"><span class='ocrx_word' id='word_1_323' title='bbox 504 3003 663 3076; x_wconf 87' lang='grc' dir='ltr'>κρίαν</span> <span class='ocrx_word' id='word_1_324' title='bbox 698 3009 1174 3077; x_wconf 83' lang='grc' dir='ltr'>μεταστραφεῖσαν</span> <span class='ocrx_word' id='word_1_325' title='bbox 1213 3006 1305 3059; x_wconf 71' lang='grc' dir='ltr'><strong>καὶ</strong></span> <span class='ocrx_word' id='word_1_326' title='bbox 1337 3005 1587 3079; x_wconf 85' lang='grc' dir='ltr'>ἄκαρπον</span> <span class='ocrx_word' id='word_1_327' title='bbox 1613 3048 1628 3073; x_wconf 92' lang='grc'><strong>,</strong></span> <span class='ocrx_word' id='word_1_328' title='bbox 1675 3007 1744 3079; x_wconf 77' lang='grc' dir='ltr'>ἢν</span> <span class='ocrx_word' id='word_1_329' title='bbox 1783 3008 2036 3061; x_wconf 76' lang='grc' dir='ltr'>ἐκκόπτει</span> <span class='ocrx_word' id='word_1_330' title='bbox 2064 3047 2080 3071; x_wconf 97' lang='grc'><strong>,</strong></span> 
     </span>
    </p>
   </div>
   <div class='ocr_carea' id='block_1_48' title="bbox 504 3095 2151 3203">
    <p class='ocr_par' dir='ltr' id='par_1_48' title="bbox 504 3095 2151 3203">
     <span class='ocr_line' id='line_1_48' title="bbox 504 3095 2151 3203; baseline 0.004 -56"><span class='ocrx_word' id='word_1_331' title='bbox 504 3095 595 3198; x_wconf 65' lang='grc' dir='ltr'><strong>ἵνα</strong></span> <span class='ocrx_word' id='word_1_332' title='bbox 635 3095 795 3151; x_wconf 78' lang='grc' dir='ltr'>πάλιν</span> <span class='ocrx_word' id='word_1_333' title='bbox 845 3097 1012 3201; x_wconf 60' lang='grc' dir='ltr'>αύτὴν</span> <span class='ocrx_word' id='word_1_334' title='bbox 1061 3097 1321 3203; x_wconf 46' lang='grc' dir='ltr'>ἀληθινὴν</span> <span class='ocrx_word' id='word_1_335' title='bbox 1369 3099 1752 3170; x_wconf 82' lang='grc' dir='ltr'>ἀπεργάσηται</span> <span class='ocrx_word' id='word_1_336' title='bbox 1806 3100 1901 3153; x_wconf 78' lang='grc' dir='ltr'>καὶ</span> <span class='ocrx_word' id='word_1_337' title='bbox 1946 3098 2081 3154; x_wconf 89' lang='grc' dir='ltr'>Θεοῦ</span> <span class='ocrx_word' id='word_1_338' title='bbox 2108 3147 2151 3203; x_wconf 75' lang='lat' dir='ltr'>C</span> 
     </span>
    </p>
   </div>
   <div class='ocr_carea' id='block_1_49' title="bbox 499 3181 2081 3261">
    <p class='ocr_par' dir='ltr' id='par_1_49' title="bbox 499 3181 2081 3261">
     <span class='ocr_line' id='line_1_49' title="bbox 499 3181 2081 3261; baseline 0.004 -26"><span class='ocrx_word' id='word_1_339' title='bbox 499 3181 784 3254; x_wconf 82' lang='grc' dir='ltr'>γεώργιον.</span> <span class='ocrx_word' id='word_1_340' title='bbox 833 3184 990 3238; x_wconf 79' lang='grc' dir='ltr'>Οὕτω</span> <span class='ocrx_word' id='word_1_341' title='bbox 1023 3187 1123 3255; x_wconf 81' lang='grc' dir='ltr'><strong>τῆς</strong></span> <span class='ocrx_word' id='word_1_342' title='bbox 1157 3185 1216 3252; x_wconf 79' lang='grc' dir='ltr'><strong>ἐξ</strong></span> <span class='ocrx_word' id='word_1_343' title='bbox 1243 3187 1518 3254; x_wconf 77' lang='grc' dir='ltr'>Αἰγύπτου</span> <span class='ocrx_word' id='word_1_344' title='bbox 1552 3186 1768 3241; x_wconf 82' lang='grc' dir='ltr'>καθεῖλε</span> <span class='ocrx_word' id='word_1_345' title='bbox 1793 3187 1882 3242; x_wconf 83' lang='grc' dir='ltr'><strong>τὸν</strong></span> <span class='ocrx_word' id='word_1_346' title='bbox 1942 3205 2081 3261; x_wconf 81' lang='grc' dir='ltr'>φρα-</span> 
     </span>
    </p>
   </div>
   <div class='ocr_carea' id='block_1_50' title="bbox 498 3271 2081 3347">
    <p class='ocr_par' dir='ltr' id='par_1_50' title="bbox 498 3271 2081 3347">
     <span class='ocr_line' id='line_1_50' title="bbox 498 3271 2081 3347; baseline 0.005 -22"><span class='ocrx_word' id='word_1_347' title='bbox 498 3273 660 3343; x_wconf 82' lang='grc' dir='ltr'>γμὸν,</span> <span class='ocrx_word' id='word_1_348' title='bbox 698 3274 837 3346; x_wconf 87' lang='grc' dir='ltr'>ὑπὲρ</span> <span class='ocrx_word' id='word_1_349' title='bbox 863 3271 932 3345; x_wconf 81' lang='grc' dir='ltr'>ἧς</span> <span class='ocrx_word' id='word_1_350' title='bbox 958 3274 1175 3345; x_wconf 76' lang='grc' dir='ltr'>εὔχεται</span> <span class='ocrx_word' id='word_1_351' title='bbox 1204 3277 1342 3330; x_wconf 85' lang='grc' dir='ltr'>κατὰ</span> <span class='ocrx_word' id='word_1_352' title='bbox 1366 3277 1458 3330; x_wconf 83' lang='grc' dir='ltr'><strong>τὸν</strong></span> <span class='ocrx_word' id='word_1_353' title='bbox 1482 3276 1648 3331; x_wconf 81' lang='grc' dir='ltr'><strong>Δαυῖδ</strong></span> <span class='ocrx_word' id='word_1_354' title='bbox 1666 3293 1682 3308; x_wconf 89' lang='grc'><strong>·</strong></span> <span class='ocrx_word' id='word_1_355' title='bbox 1714 3275 2081 3347; x_wconf 66' lang='grc' dir='ltr'>Ἐπίϐλεψον</span> 
     </span>
    </p>
   </div>
   <div class='ocr_carea' id='block_1_51' title="bbox 494 3363 2074 3438">
    <p class='ocr_par' dir='ltr' id='par_1_51' title="bbox 494 3363 2074 3438">
     <span class='ocr_line' id='line_1_51' title="bbox 494 3363 2074 3438; baseline 0.004 -22"><span class='ocrx_word' id='word_1_356' title='bbox 494 3363 564 3428; x_wconf 81' lang='grc' dir='ltr'><strong>ἐξ</strong></span> <span class='ocrx_word' id='word_1_357' title='bbox 598 3365 878 3433; x_wconf 84' lang='grc' dir='ltr'>οὐρανοῦ,</span> <span class='ocrx_word' id='word_1_358' title='bbox 907 3367 1007 3420; x_wconf 79' lang='grc' dir='ltr'>καὶ</span> <span class='ocrx_word' id='word_1_359' title='bbox 1033 3367 1347 3436; x_wconf 78' lang='grc' dir='ltr'>ἐπίτρεψαι</span> <span class='ocrx_word' id='word_1_360' title='bbox 1379 3365 1496 3436; x_wconf 82' lang='grc' dir='ltr'><strong>τὴν</strong></span> <span class='ocrx_word' id='word_1_361' title='bbox 1527 3366 1802 3436; x_wconf 74' lang='grc' dir='ltr'>ἄμπελον</span> <span class='ocrx_word' id='word_1_362' title='bbox 1828 3369 2074 3438; x_wconf 81' lang='grc' dir='ltr'>ταύτην.</span> 
     </span>
    </p>
   </div>
   <div class='ocr_carea' id='block_1_52' title="bbox 495 3451 2080 3529">
    <p class='ocr_par' dir='ltr' id='par_1_52' title="bbox 495 3451 2080 3529">
     <span class='ocr_line' id='line_1_52' title="bbox 495 3451 2080 3529; baseline 0.003 -21"><span class='ocrx_word' id='word_1_363' title='bbox 495 3455 604 3508; x_wconf 70' lang='grc' dir='ltr'>Καὶ</span> <span class='ocrx_word' id='word_1_364' title='bbox 629 3451 769 3512; x_wconf 76' lang='grc' dir='ltr'>οὗτοι</span> <span class='ocrx_word' id='word_1_365' title='bbox 791 3456 971 3510; x_wconf 89' lang='grc' dir='ltr'>τοίνυν</span> <span class='ocrx_word' id='word_1_366' title='bbox 1001 3458 1087 3512; x_wconf 81' lang='grc' dir='ltr'><strong>ἐπ’</strong></span> <span class='ocrx_word' id='word_1_367' title='bbox 1112 3457 1383 3528; x_wconf 81' lang='grc' dir='ltr'>ὠφελείας</span> <span class='ocrx_word' id='word_1_368' title='bbox 1413 3458 1757 3513; x_wconf 88' lang='grc' dir='ltr'>παιδεύονται</span> <span class='ocrx_word' id='word_1_369' title='bbox 1781 3475 1795 3490; x_wconf 87' lang='grc'><strong>·</strong></span> <span class='ocrx_word' id='word_1_370' title='bbox 1838 3462 1942 3512; x_wconf 86' lang='grc' dir='ltr'>Ὃν</span> <span class='ocrx_word' id='word_1_371' title='bbox 1969 3460 2080 3529; x_wconf 75' lang='grc' dir='ltr'>γὰρ</span> 
     </span>
    </p>
   </div>
   <div class='ocr_carea' id='block_1_53' title="bbox 493 3545 2079 3619">
    <p class='ocr_par' dir='ltr' id='par_1_53' title="bbox 493 3545 2079 3619">
     <span class='ocr_line' id='line_1_53' title="bbox 493 3545 2079 3619; baseline 0.003 -19"><span class='ocrx_word' id='word_1_372' title='bbox 493 3545 694 3615; x_wconf 65' lang='grc' dir='ltr'>ἀγαπᾷ</span> <span class='ocrx_word' id='word_1_373' title='bbox 719 3547 953 3615; x_wconf 84' lang='grc' dir='ltr'>Κύριος,</span> <span class='ocrx_word' id='word_1_374' title='bbox 987 3547 1271 3602; x_wconf 82' lang='grc' dir='ltr'>παιδεύει.</span> <span class='ocrx_word' id='word_1_375' title='bbox 1309 3549 1406 3614; x_wconf 84' lang='grc' dir='ltr'>Τίς</span> <span class='ocrx_word' id='word_1_376' title='bbox 1435 3547 1545 3619; x_wconf 75' lang='grc' dir='ltr'><strong>γάρ</strong></span> <span class='ocrx_word' id='word_1_377' title='bbox 1564 3549 1738 3604; x_wconf 85' lang='grc' dir='ltr'>ἐστιν</span> <span class='ocrx_word' id='word_1_378' title='bbox 1775 3551 1808 3604; x_wconf 86' lang='grc' dir='ltr'><strong>ό</strong></span> <span class='ocrx_word' id='word_1_379' title='bbox 1836 3551 2079 3619; x_wconf 61' lang='grc' dir='ltr'>εὐφραί-</span> 
     </span>
    </p>
   </div>
   <div class='ocr_carea' id='block_1_54' title="bbox 494 3637 2081 3710">
    <p class='ocr_par' dir='ltr' id='par_1_54' title="bbox 494 3637 2081 3710">
     <span class='ocr_line' id='line_1_54' title="bbox 494 3637 2081 3710; baseline 0.004 -21"><span class='ocrx_word' id='word_1_380' title='bbox 494 3653 616 3690; x_wconf 77' lang='grc' dir='ltr'><strong>νων</strong></span> <span class='ocrx_word' id='word_1_381' title='bbox 631 3654 709 3706; x_wconf 82' lang='grc' dir='ltr'><strong>με</strong></span> <span class='ocrx_word' id='word_1_382' title='bbox 737 3639 790 3691; x_wconf 81' lang='grc' dir='ltr'>εὶ</span> <span class='ocrx_word' id='word_1_383' title='bbox 810 3637 898 3707; x_wconf 75' lang='grc' dir='ltr'>μὴ</span> <span class='ocrx_word' id='word_1_384' title='bbox 921 3639 953 3692; x_wconf 88' lang='grc' dir='ltr'><em>ὀ</em></span> <span class='ocrx_word' id='word_1_385' title='bbox 979 3640 1361 3710; x_wconf 75' lang='grc' dir='ltr'>λυπούμενος</span> <span class='ocrx_word' id='word_1_386' title='bbox 1388 3639 1458 3704; x_wconf 82' lang='grc' dir='ltr'><strong>ἐξ</strong></span> <span class='ocrx_word' id='word_1_387' title='bbox 1482 3640 1667 3710; x_wconf 83' lang='grc' dir='ltr'>ἐμοῦ;</span> <span class='ocrx_word' id='word_1_388' title='bbox 1708 3641 1767 3696; x_wconf 84' lang='grc' dir='ltr'><strong>Ἠ</strong></span> <span class='ocrx_word' id='word_1_389' title='bbox 1787 3643 1897 3710; x_wconf 77' lang='grc' dir='ltr'>γὰρ</span> <span class='ocrx_word' id='word_1_390' title='bbox 1930 3641 2081 3696; x_wconf 83' lang='grc' dir='ltr'>κατὰ</span> 
     </span>
    </p>
   </div>
   <div class='ocr_carea' id='block_1_55' title="bbox 496 3727 2080 3802">
    <p class='ocr_par' dir='ltr' id='par_1_55' title="bbox 496 3727 2080 3802">
     <span class='ocr_line' id='line_1_55' title="bbox 496 3727 2080 3802; baseline 0.003 -21"><span class='ocrx_word' id='word_1_391' title='bbox 496 3727 643 3782; x_wconf 79' lang='grc' dir='ltr'>Θεὸν</span> <span class='ocrx_word' id='word_1_392' title='bbox 667 3730 838 3798; x_wconf 78' lang='grc' dir='ltr'>λύπη</span> <span class='ocrx_word' id='word_1_393' title='bbox 868 3729 1190 3799; x_wconf 82' lang='grc' dir='ltr'>μετάνοιαν</span> <span class='ocrx_word' id='word_1_394' title='bbox 1217 3731 1630 3802; x_wconf 75' lang='grc' dir='ltr'>ἀμετάϐλητον</span> <span class='ocrx_word' id='word_1_395' title='bbox 1654 3735 1742 3799; x_wconf 85' lang='grc' dir='ltr'>εις</span> <span class='ocrx_word' id='word_1_396' title='bbox 1778 3733 2080 3800; x_wconf 81' lang='grc' dir='ltr'>σωτηρίαν</span> 
     </span>
    </p>
   </div>
   <div class='ocr_carea' id='block_1_56' title="bbox 492 3819 2078 3895">
    <p class='ocr_par' dir='ltr' id='par_1_56' title="bbox 492 3819 2078 3895">
     <span class='ocr_line' id='line_1_56' title="bbox 492 3819 2078 3895; baseline 0.002 -22"><span class='ocrx_word' id='word_1_397' title='bbox 492 3819 918 3890; x_wconf 78' lang='grc' dir='ltr'>κατεργάζεται.</span> <span class='ocrx_word' id='word_1_398' title='bbox 947 3821 1047 3874; x_wconf 83' lang='grc' dir='ltr'><strong>Διὰ</strong></span> <span class='ocrx_word' id='word_1_399' title='bbox 1074 3821 1234 3876; x_wconf 88' lang='grc' dir='ltr'>τοῦτο</span> <span class='ocrx_word' id='word_1_400' title='bbox 1262 3822 1372 3895; x_wconf 85' lang='grc' dir='ltr'>γὰρ</span> <span class='ocrx_word' id='word_1_401' title='bbox 1393 3823 1584 3893; x_wconf 80' lang='grc' dir='ltr'>ἐπάγω</span> <span class='ocrx_word' id='word_1_402' title='bbox 1613 3823 1874 3877; x_wconf 71' lang='grc' dir='ltr'>κακὰ-ἐπὶ</span> <span class='ocrx_word' id='word_1_403' title='bbox 1897 3824 2078 3878; x_wconf 83' lang='grc' dir='ltr'>πᾶσαν</span> 
     </span>
    </p>
   </div>
   <div class='ocr_carea' id='block_1_57' title="bbox 494 3908 1515 3982">
    <p class='ocr_par' dir='ltr' id='par_1_57' title="bbox 494 3908 1515 3982">
     <span class='ocr_line' id='line_1_57' title="bbox 494 3908 1515 3982; baseline 0.003 -21"><span class='ocrx_word' id='word_1_404' title='bbox 494 3908 694 3979; x_wconf 86' lang='grc' dir='ltr'>σάρκα,</span> <span class='ocrx_word' id='word_1_405' title='bbox 725 3910 851 3973; x_wconf 85' lang='grc' dir='ltr'>τοὺς</span> <span class='ocrx_word' id='word_1_406' title='bbox 868 3908 1196 3982; x_wconf 85' lang='grc' dir='ltr'>φρονοῦντας</span> <span class='ocrx_word' id='word_1_407' title='bbox 1225 3911 1294 3964; x_wconf 82' lang='grc' dir='ltr'>τὰ</span> <span class='ocrx_word' id='word_1_408' title='bbox 1327 3912 1515 3982; x_wconf 83' lang='grc' dir='ltr'>γήϊνα.</span> 
     </span>
    </p>
   </div>
   <div class='ocr_carea' id='block_1_58' title="bbox 563 3999 2076 4075">
    <p class='ocr_par' dir='ltr' id='par_1_58' title="bbox 563 3999 2076 4075">
     <span class='ocr_line' id='line_1_58' title="bbox 563 3999 2076 4075; baseline 0.001 -21"><span class='ocrx_word' id='word_1_409' title='bbox 563 4001 617 4055; x_wconf 84' lang='grc'>5.</span> <span class='ocrx_word' id='word_1_410' title='bbox 668 3999 778 4055; x_wconf 77' lang='lat' dir='ltr'><strong>Kal</strong></span> <span class='ocrx_word' id='word_1_411' title='bbox 811 3999 984 4054; x_wconf 83' lang='grc' dir='ltr'>δώσω</span> <span class='ocrx_word' id='word_1_412' title='bbox 1010 4000 1126 4070; x_wconf 83' lang='grc' dir='ltr'>τὴν</span> <span class='ocrx_word' id='word_1_413' title='bbox 1154 4001 1367 4071; x_wconf 69' lang='grc' dir='ltr'><strong><em>ψυχήν</em></strong></span> <span class='ocrx_word' id='word_1_414' title='bbox 1391 4015 1528 4058; x_wconf 86' lang='grc' dir='ltr'>σου.</span> <span class='ocrx_word' id='word_1_415' title='bbox 1549 4002 1810 4074; x_wconf 83' lang='grc' dir='ltr'>Εὑρίσκει</span> <span class='ocrx_word' id='word_1_416' title='bbox 1837 4001 1947 4075; x_wconf 84' lang='grc' dir='ltr'><strong>γὰρ</strong></span> <span class='ocrx_word' id='word_1_417' title='bbox 1978 4001 2076 4066; x_wconf 82' lang='grc' dir='ltr'><strong>τὰς</strong></span> 
     </span>
    </p>
   </div>
   <div class='ocr_carea' id='block_1_59' title="bbox 490 4091 2076 4166">
    <p class='ocr_par' dir='ltr' id='par_1_59' title="bbox 490 4091 2076 4166">
     <span class='ocr_line' id='line_1_59' title="bbox 490 4091 2076 4166; baseline 0.002 -23"><span class='ocrx_word' id='word_1_418' title='bbox 490 4091 670 4162; x_wconf 75' lang='grc' dir='ltr'>ψυχὰς</span> <span class='ocrx_word' id='word_1_419' title='bbox 707 4091 813 4145; x_wconf 90' lang='grc' dir='ltr'><strong>τῶν</strong></span> <span class='ocrx_word' id='word_1_420' title='bbox 851 4092 1075 4146; x_wconf 90' lang='grc' dir='ltr'>δικαίων</span> <span class='ocrx_word' id='word_1_421' title='bbox 1111 4094 1141 4145; x_wconf 90' lang='lat'><strong>6</strong></span> <span class='ocrx_word' id='word_1_422' title='bbox 1176 4093 1306 4158; x_wconf 89' lang='grc' dir='ltr'>Θεός</span> <span class='ocrx_word' id='word_1_423' title='bbox 1328 4110 1342 4125; x_wconf 88' lang='grc'><strong>·</strong></span> <span class='ocrx_word' id='word_1_424' title='bbox 1380 4093 1573 4164; x_wconf 69' lang='grc' dir='ltr'>ψυχαί</span> <span class='ocrx_word' id='word_1_425' title='bbox 1597 4095 1705 4166; x_wconf 86' lang='grc' dir='ltr'>γὰρ</span> <span class='ocrx_word' id='word_1_426' title='bbox 1730 4092 1976 4148; x_wconf 78' lang='grc' dir='ltr'>δικαίων</span> <span class='ocrx_word' id='word_1_427' title='bbox 2005 4093 2076 4146; x_wconf 84' lang='grc' dir='ltr'>ἐν</span> 
     </span>
    </p>
   </div>
   <div class='ocr_carea' id='block_1_60' title="bbox 492 4178 2074 4256">
    <p class='ocr_par' dir='ltr' id='par_1_60' title="bbox 492 4178 2074 4256">
     <span class='ocr_line' id='line_1_60' title="bbox 492 4178 2074 4256; baseline 0.004 -24"><span class='ocrx_word' id='word_1_428' title='bbox 492 4181 641 4249; x_wconf 78' lang='grc' dir='ltr'>χειρί</span> <span class='ocrx_word' id='word_1_429' title='bbox 686 4181 866 4236; x_wconf 86' lang='grc' dir='ltr'>Θεοῦ·</span> <span class='ocrx_word' id='word_1_430' title='bbox 918 4183 974 4236; x_wconf 79' lang='grc' dir='ltr'>αἱ</span> <span class='ocrx_word' id='word_1_431' title='bbox 1016 4182 1073 4235; x_wconf 82' lang='grc' dir='ltr'>δὲ</span> <span class='ocrx_word' id='word_1_432' title='bbox 1119 4182 1227 4237; x_wconf 88' lang='grc' dir='ltr'><strong>τῶν</strong></span> <span class='ocrx_word' id='word_1_433' title='bbox 1263 4183 1604 4256; x_wconf 82' lang='grc' dir='ltr'>ἁμαρτωλῶν</span> <span class='ocrx_word' id='word_1_434' title='bbox 1635 4183 1711 4247; x_wconf 84' lang='grc' dir='ltr'>ὡς</span> <span class='ocrx_word' id='word_1_435' title='bbox 1747 4183 1882 4255; x_wconf 86' lang='grc' dir='ltr'>μηδὲ</span> <span class='ocrx_word' id='word_1_436' title='bbox 1918 4178 2074 4238; x_wconf 82' lang='grc' dir='ltr'>οὖσαι</span> 
     </span>
    </p>
   </div>
   <div class='ocr_carea' id='block_1_61' title="bbox 491 4271 812 4340">
    <p class='ocr_par' dir='ltr' id='par_1_61' title="bbox 491 4271 812 4340">
     <span class='ocr_line' id='line_1_61' title="bbox 491 4271 812 4340; baseline 0 -16"><span class='ocrx_word' id='word_1_437' title='bbox 491 4271 812 4340; x_wconf 76' lang='grc' dir='ltr'>λογίζονται.</span> 
     </span>
    </p>
   </div>
   <div class='ocr_carea' id='block_1_62' title="bbox 1119 4363 1436 4418">
    <p class='ocr_par' dir='ltr' id='par_1_62' title="bbox 1119 4363 1436 4418">
     <span class='ocr_line' id='line_1_62' title="bbox 1119 4363 1436 4418; baseline 0.006 -2"><span class='ocrx_word' id='word_1_438' title='bbox 1119 4363 1276 4416; x_wconf 82' lang='grc' dir='ltr'><strong>ΚΕΦ.</strong></span> <span class='ocrx_word' id='word_1_439' title='bbox 1295 4365 1436 4418; x_wconf 70' lang='grc' dir='ltr'>Μιιν.</span> 
     </span>
    </p>
   </div>
   <div class='ocr_carea' id='block_1_63' title="bbox 2197 1901 3774 1974">
    <p class='ocr_par' dir='ltr' id='par_1_63' title="bbox 2197 1901 3774 1974">
     <span class='ocr_line' id='line_1_63' title="bbox 2197 1901 3774 1974; baseline 0.001 -16"><span class='ocrx_word' id='word_1_440' title='bbox 2197 1901 2565 1968; x_wconf 82' lang='lat' dir='ltr'><strong>Quamobrem</strong></span> <span class='ocrx_word' id='word_1_441' title='bbox 2595 1902 2784 1958; x_wconf 77' lang='lat' dir='ltr'><strong>auxilii</strong></span> <span class='ocrx_word' id='word_1_442' title='bbox 2818 1903 2870 1957; x_wconf 91' lang='lat' dir='ltr'><strong>in</strong></span> <span class='ocrx_word' id='word_1_443' title='bbox 2904 1903 3061 1958; x_wconf 89' lang='lat' dir='ltr'><strong>malis</strong></span> <span class='ocrx_word' id='word_1_444' title='bbox 3092 1918 3416 1973; x_wconf 87' lang='lat' dir='ltr'><strong>responsum</strong></span> <span class='ocrx_word' id='word_1_445' title='bbox 3442 1907 3659 1974; x_wconf 79' lang='lat' dir='ltr'><strong>accipit,</strong></span> <span class='ocrx_word' id='word_1_446' title='bbox 3687 1906 3774 1960; x_wconf 87' lang='lat' dir='ltr'><strong>di-</strong></span> 
     </span>
    </p>
   </div>
   <div class='ocr_carea' id='block_1_64' title="bbox 2194 1992 3771 2066">
    <p class='ocr_par' dir='ltr' id='par_1_64' title="bbox 2194 1992 3771 2066">
     <span class='ocr_line' id='line_1_64' title="bbox 2194 1992 3771 2066; baseline 0.002 -18"><span class='ocrx_word' id='word_1_447' title='bbox 2194 2001 2352 2050; x_wconf 77' lang='lat' dir='ltr'><strong>cente</strong></span> <span class='ocrx_word' id='word_1_448' title='bbox 2400 1994 2479 2050; x_wconf 84' lang='lat' dir='ltr'><strong>sic</strong></span> <span class='ocrx_word' id='word_1_449' title='bbox 2523 1993 2634 2050; x_wconf 86' lang='lat' dir='ltr'><strong>Deo</strong></span> <span class='ocrx_word' id='word_1_450' title='bbox 2662 1993 2751 2047; x_wconf 56' lang='grc' dir='ltr'><strong>διε</strong></span> <span class='ocrx_word' id='word_1_451' title='bbox 2794 1992 2937 2059; x_wconf 83' lang='lat' dir='ltr'><strong>Quos</strong></span> <span class='ocrx_word' id='word_1_452' title='bbox 2980 1994 3215 2064; x_wconf 79' lang='lat' dir='ltr'><strong>destrua,</strong></span> <span class='ocrx_word' id='word_1_453' title='bbox 3239 2011 3424 2049; x_wconf 83' lang='lat' dir='ltr'><strong>rursus</strong></span> <span class='ocrx_word' id='word_1_454' title='bbox 3473 1997 3771 2066; x_wconf 76' lang='lat' dir='ltr'><strong>tediﬁcabo.</strong></span> 
     </span>
    </p>
   </div>
   <div class='ocr_carea' id='block_1_65' title="bbox 2193 2083 3775 2155">
    <p class='ocr_par' dir='ltr' id='par_1_65' title="bbox 2193 2083 3775 2155">
     <span class='ocr_line' id='line_1_65' title="bbox 2193 2083 3775 2155; baseline 0.004 -16"><span class='ocrx_word' id='word_1_455' title='bbox 2193 2083 2438 2141; x_wconf 87' lang='lat' dir='ltr'><strong>Primum</strong></span> <span class='ocrx_word' id='word_1_456' title='bbox 2465 2087 2611 2142; x_wconf 90' lang='lat' dir='ltr'><strong>enim</strong></span> <span class='ocrx_word' id='word_1_457' title='bbox 2635 2085 2878 2142; x_wconf 85' lang='lat' dir='ltr'><strong>dolorem</strong></span> <span class='ocrx_word' id='word_1_458' title='bbox 2915 2086 3179 2154; x_wconf 86' lang='lat' dir='ltr'><strong>immittit,</strong></span> <span class='ocrx_word' id='word_1_459' title='bbox 3212 2085 3408 2142; x_wconf 87' lang='lat' dir='ltr'><strong>deinde</strong></span> <span class='ocrx_word' id='word_1_460' title='bbox 3442 2088 3699 2155; x_wconf 82' lang='lat' dir='ltr'><strong>restituit,</strong></span> <span class='ocrx_word' id='word_1_461' title='bbox 3721 2099 3775 2145; x_wconf 92' lang='lat' dir='ltr'><strong>ct</strong></span> 
     </span>
    </p>
   </div>
   <div class='ocr_carea' id='block_1_66' title="bbox 2193 2175 3773 2249">
    <p class='ocr_par' dir='ltr' id='par_1_66' title="bbox 2193 2175 3773 2249">
     <span class='ocr_line' id='line_1_66' title="bbox 2193 2175 3773 2249; baseline 0.003 -17"><span class='ocrx_word' id='word_1_462' title='bbox 2193 2192 2318 2248; x_wconf 72' lang='lat' dir='ltr'><strong>qua:</strong></span> <span class='ocrx_word' id='word_1_463' title='bbox 2363 2188 2688 2249; x_wconf 85' lang='lat' dir='ltr'><strong>sequuntur.</strong></span> <span class='ocrx_word' id='word_1_464' title='bbox 2731 2175 2853 2232; x_wconf 85' lang='lat' dir='ltr'><strong>Non</strong></span> <span class='ocrx_word' id='word_1_465' title='bbox 2897 2178 3042 2232; x_wconf 88' lang='lat' dir='ltr'><strong>enim</strong></span> <span class='ocrx_word' id='word_1_466' title='bbox 3089 2177 3392 2248; x_wconf 82' lang='lat' dir='ltr'><strong>probantur</strong></span> <span class='ocrx_word' id='word_1_467' title='bbox 3442 2178 3608 2244; x_wconf 87' lang='lat' dir='ltr'><strong>bona,</strong></span> <span class='ocrx_word' id='word_1_468' title='bbox 3666 2179 3773 2246; x_wconf 83' lang='lat' dir='ltr'><strong>nisi</strong></span> 
     </span>
    </p>
   </div>
   <div class='ocr_carea' id='block_1_67' title="bbox 2193 2267 3770 2340">
    <p class='ocr_par' dir='ltr' id='par_1_67' title="bbox 2193 2267 3770 2340">
     <span class='ocr_line' id='line_1_67' title="bbox 2193 2267 3770 2340; baseline 0.003 -19"><span class='ocrx_word' id='word_1_469' title='bbox 2193 2267 2421 2324; x_wconf 83' lang='lat' dir='ltr'><strong>sublatis</strong></span> <span class='ocrx_word' id='word_1_470' title='bbox 2453 2283 2484 2324; x_wconf 92' lang='lat' dir='ltr'><strong>e</strong></span> <span class='ocrx_word' id='word_1_471' title='bbox 2515 2269 2696 2325; x_wconf 89' lang='lat' dir='ltr'><strong>medio</strong></span> <span class='ocrx_word' id='word_1_472' title='bbox 2734 2269 2915 2324; x_wconf 90' lang='lat' dir='ltr'><strong>malis.</strong></span> <span class='ocrx_word' id='word_1_473' title='bbox 2948 2267 3121 2324; x_wconf 87' lang='lat' dir='ltr'><strong>Solvit</strong></span> <span class='ocrx_word' id='word_1_474' title='bbox 3150 2271 3294 2324; x_wconf 90' lang='lat' dir='ltr'><strong>enim</strong></span> <span class='ocrx_word' id='word_1_475' title='bbox 3333 2279 3387 2325; x_wconf 91' lang='lat' dir='ltr'><strong>et</strong></span> <span class='ocrx_word' id='word_1_476' title='bbox 3423 2286 3619 2340; x_wconf 80' lang='lat' dir='ltr'><strong>pravas</strong></span> <span class='ocrx_word' id='word_1_477' title='bbox 3646 2271 3770 2326; x_wconf 50' lang='lat' dir='ltr'><strong>inti-</strong></span> 
     </span>
    </p>
   </div>
   <div class='ocr_carea' id='block_1_68' title="bbox 2191 2359 3772 2431">
    <p class='ocr_par' dir='ltr' id='par_1_68' title="bbox 2191 2359 3772 2431">
     <span class='ocr_line' id='line_1_68' title="bbox 2191 2359 3772 2431; baseline 0.003 -17"><span class='ocrx_word' id='word_1_478' title='bbox 2191 2359 2392 2415; x_wconf 91' lang='lat' dir='ltr'><strong>delium</strong></span> <span class='ocrx_word' id='word_1_479' title='bbox 2428 2369 2753 2427; x_wconf 85' lang='lat' dir='ltr'><strong>structuras,</strong></span> <span class='ocrx_word' id='word_1_480' title='bbox 2804 2369 3066 2431; x_wconf 85' lang='lat' dir='ltr'><strong>tauquam</strong></span> <span class='ocrx_word' id='word_1_481' title='bbox 3092 2362 3205 2416; x_wconf 88' lang='lat' dir='ltr'><strong>veri</strong></span> <span class='ocrx_word' id='word_1_482' title='bbox 3230 2361 3564 2418; x_wconf 83' lang='lat' dir='ltr'><strong>tabernaculi</strong></span> <span class='ocrx_word' id='word_1_483' title='bbox 3591 2365 3772 2420; x_wconf 83' lang='lat' dir='ltr'><strong>archi-</strong></span> 
     </span>
    </p>
   </div>
   <div class='ocr_carea' id='block_1_69' title="bbox 2192 2451 3772 2525">
    <p class='ocr_par' dir='ltr' id='par_1_69' title="bbox 2192 2451 3772 2525">
     <span class='ocr_line' id='line_1_69' title="bbox 2192 2451 3772 2525; baseline 0.003 -20"><span class='ocrx_word' id='word_1_484' title='bbox 2192 2459 2388 2518; x_wconf 88' lang='lat' dir='ltr'><strong>tectus,</strong></span> <span class='ocrx_word' id='word_1_485' title='bbox 2435 2453 2581 2523; x_wconf 87' lang='lat' dir='ltr'><strong>quod</strong></span> <span class='ocrx_word' id='word_1_486' title='bbox 2626 2453 2760 2523; x_wconf 88' lang='lat' dir='ltr'><strong>ipse,</strong></span> <span class='ocrx_word' id='word_1_487' title='bbox 2813 2462 2866 2508; x_wconf 90' lang='lat' dir='ltr'><strong>et</strong></span> <span class='ocrx_word' id='word_1_488' title='bbox 2919 2467 3030 2506; x_wconf 93' lang='lat' dir='ltr'><strong>non</strong></span> <span class='ocrx_word' id='word_1_489' title='bbox 3080 2452 3246 2507; x_wconf 88' lang='lat' dir='ltr'><strong>homo</strong></span> <span class='ocrx_word' id='word_1_490' title='bbox 3276 2451 3430 2508; x_wconf 75' lang='lat' dir='ltr'><strong>ﬁxit:</strong></span> <span class='ocrx_word' id='word_1_491' title='bbox 3463 2453 3530 2509; x_wconf 90' lang='lat' dir='ltr'><strong>dc</strong></span> <span class='ocrx_word' id='word_1_492' title='bbox 3562 2469 3670 2525; x_wconf 86' lang='lat' dir='ltr'><strong>quo</strong></span> <span class='ocrx_word' id='word_1_493' title='bbox 3695 2456 3772 2511; x_wconf 84' lang='lat' dir='ltr'><strong>ait</strong></span> 
     </span>
    </p>
   </div>
   <div class='ocr_carea' id='block_1_70' title="bbox 2189 2541 3767 2617">
    <p class='ocr_par' dir='ltr' id='par_1_70' title="bbox 2189 2541 3767 2617">
     <span class='ocr_line' id='line_1_70' title="bbox 2189 2541 3767 2617; baseline 0.003 -21"><span class='ocrx_word' id='word_1_494' title='bbox 2189 2541 2460 2600; x_wconf 77' lang='lat' dir='ltr'><strong>Paulus“</strong></span> <span class='ocrx_word' id='word_1_495' title='bbox 2487 2565 2501 2600; x_wconf 89' lang='lat'><strong>:</strong></span> <span class='ocrx_word' id='word_1_496' title='bbox 2532 2545 2627 2600; x_wconf 85' lang='lat' dir='ltr'><strong>Dei</strong></span> <span class='ocrx_word' id='word_1_497' title='bbox 2646 2545 2933 2616; x_wconf 63' lang='lat' dir='ltr'><strong>redi/icium</strong></span> <span class='ocrx_word' id='word_1_498' title='bbox 2953 2545 3114 2610; x_wconf 83' lang='lat' dir='ltr'><strong>estis;</strong></span> <span class='ocrx_word' id='word_1_499' title='bbox 3144 2553 3199 2600; x_wconf 92' lang='lat' dir='ltr'><strong>et</strong></span> <span class='ocrx_word' id='word_1_500' title='bbox 3220 2553 3477 2615; x_wconf 88' lang='lat' dir='ltr'><strong>tanquam</strong></span> <span class='ocrx_word' id='word_1_501' title='bbox 3508 2547 3767 2617; x_wconf 77' lang='lat' dir='ltr'><strong>agricola.</strong></span> 
     </span>
    </p>
   </div>
   <div class='ocr_carea' id='block_1_71' title="bbox 2187 2635 3768 2708">
    <p class='ocr_par' dir='ltr' id='par_1_71' title="bbox 2187 2635 3768 2708">
     <span class='ocr_line' id='line_1_71' title="bbox 2187 2635 3768 2708; baseline 0.001 -18"><span class='ocrx_word' id='word_1_502' title='bbox 2187 2636 2378 2693; x_wconf 85' lang='lat' dir='ltr'><strong>evulso</strong></span> <span class='ocrx_word' id='word_1_503' title='bbox 2394 2637 2538 2708; x_wconf 89' lang='lat' dir='ltr'><strong>quod</strong></span> <span class='ocrx_word' id='word_1_504' title='bbox 2570 2635 2970 2692; x_wconf 78' lang='lat' dir='ltr'><strong>infructuosum</strong></span> <span class='ocrx_word' id='word_1_505' title='bbox 2998 2643 3118 2690; x_wconf 88' lang='lat' dir='ltr'><strong>erat</strong></span> <span class='ocrx_word' id='word_1_506' title='bbox 3145 2635 3337 2704; x_wconf 82' lang='lat' dir='ltr'><strong>(omnis</strong></span> <span class='ocrx_word' id='word_1_507' title='bbox 3375 2639 3518 2691; x_wconf 89' lang='lat' dir='ltr'><strong>enim</strong></span> <span class='ocrx_word' id='word_1_508' title='bbox 3551 2638 3768 2708; x_wconf 83' lang='lat' dir='ltr'><strong>planta-</strong></span> 
     </span>
    </p>
   </div>
   <div class='ocr_carea' id='block_1_72' title="bbox 2190 2725 3766 2799">
    <p class='ocr_par' dir='ltr' id='par_1_72' title="bbox 2190 2725 3766 2799">
     <span class='ocr_line' id='line_1_72' title="bbox 2190 2725 3766 2799; baseline 0.001 -19"><span class='ocrx_word' id='word_1_509' title='bbox 2190 2727 2286 2792; x_wconf 86' lang='lat' dir='ltr'><strong>tio,</strong></span> <span class='ocrx_word' id='word_1_510' title='bbox 2316 2743 2478 2799; x_wconf 84' lang='lat' dir='ltr'><strong>quam</strong></span> <span class='ocrx_word' id='word_1_511' title='bbox 2510 2744 2614 2782; x_wconf 86' lang='lat' dir='ltr'><strong>non</strong></span> <span class='ocrx_word' id='word_1_512' title='bbox 2652 2727 2914 2798; x_wconf 78' lang='lat' dir='ltr'><strong>plantavit</strong></span> <span class='ocrx_word' id='word_1_513' title='bbox 2951 2725 3118 2781; x_wconf 89' lang='lat' dir='ltr'><strong>Pater</strong></span> <span class='ocrx_word' id='word_1_514' title='bbox 3143 2743 3286 2782; x_wconf 85' lang='lat' dir='ltr'><strong>meus</strong></span> <span class='ocrx_word' id='word_1_515' title='bbox 3309 2727 3556 2791; x_wconf 69' lang='lat' dir='ltr'><strong>caelestis,</strong></span> <span class='ocrx_word' id='word_1_516' title='bbox 3589 2731 3766 2783; x_wconf 84' lang='lat' dir='ltr'><strong>cradi-</strong></span> 
     </span>
    </p>
   </div>
   <div class='ocr_carea' id='block_1_73' title="bbox 2187 2815 3767 2891">
    <p class='ocr_par' dir='ltr' id='par_1_73' title="bbox 2187 2815 3767 2891">
     <span class='ocr_line' id='line_1_73' title="bbox 2187 2815 3767 2891; baseline 0.003 -19"><span class='ocrx_word' id='word_1_517' title='bbox 2187 2819 2395 2873; x_wconf 83' lang='lat' dir='ltr'><strong>cabitur</strong></span> <span class='ocrx_word' id='word_1_518' title='bbox 2420 2818 2519 2891; x_wconf 75' lang='lat'><strong>“);</strong></span> <span class='ocrx_word' id='word_1_519' title='bbox 2563 2819 2771 2888; x_wconf 88' lang='lat' dir='ltr'><strong>plantat</strong></span> <span class='ocrx_word' id='word_1_520' title='bbox 2811 2815 3172 2883; x_wconf 77' lang='lat' dir='ltr'><strong>iructiferam,</strong></span> <span class='ocrx_word' id='word_1_521' title='bbox 3215 2833 3324 2873; x_wconf 92' lang='lat' dir='ltr'><strong>non</strong></span> <span class='ocrx_word' id='word_1_522' title='bbox 3367 2833 3429 2874; x_wconf 89' lang='lat' dir='ltr'><strong>ut</strong></span> <span class='ocrx_word' id='word_1_523' title='bbox 3466 2819 3611 2874; x_wconf 77' lang='lat' dir='ltr'><strong>illaut</strong></span> <span class='ocrx_word' id='word_1_524' title='bbox 3644 2835 3767 2890; x_wconf 86' lang='lat' dir='ltr'><strong>quae</strong></span> 
     </span>
    </p>
   </div>
   <div class='ocr_carea' id='block_1_74' title="bbox 2187 2908 3761 2981">
    <p class='ocr_par' dir='ltr' id='par_1_74' title="bbox 2187 2908 3761 2981">
     <span class='ocr_line' id='line_1_74' title="bbox 2187 2908 3761 2981; baseline 0.003 -18"><span class='ocrx_word' id='word_1_525' title='bbox 2187 2925 2342 2966; x_wconf 83' lang='lat' dir='ltr'><strong>versa</strong></span> <span class='ocrx_word' id='word_1_526' title='bbox 2369 2919 2454 2965; x_wconf 91' lang='lat' dir='ltr'><strong>est</strong></span> <span class='ocrx_word' id='word_1_527' title='bbox 2496 2909 2550 2964; x_wconf 90' lang='lat' dir='ltr'><strong>in</strong></span> <span class='ocrx_word' id='word_1_528' title='bbox 2603 2909 3046 2974; x_wconf 88' lang='lat' dir='ltr'><strong>amaritudinem,</strong></span> <span class='ocrx_word' id='word_1_529' title='bbox 3081 2917 3136 2965; x_wconf 91' lang='lat' dir='ltr'><strong>et</strong></span> <span class='ocrx_word' id='word_1_530' title='bbox 3162 2908 3560 2965; x_wconf 83' lang='lat' dir='ltr'><strong>infructuosam</strong></span> <span class='ocrx_word' id='word_1_531' title='bbox 3592 2927 3761 2981; x_wconf 86' lang='lat' dir='ltr'><strong>quam</strong></span> 
     </span>
    </p>
   </div>
   <div class='ocr_carea' id='block_1_75' title="bbox 2184 3001 3762 3068">
    <p class='ocr_par' dir='ltr' id='par_1_75' title="bbox 2184 3001 3762 3068">
     <span class='ocr_line' id='line_1_75' title="bbox 2184 3001 3762 3068; baseline 0.001 -10"><span class='ocrx_word' id='word_1_532' title='bbox 2184 3002 2405 3068; x_wconf 82' lang='lat' dir='ltr'><strong>excidit,</strong></span> <span class='ocrx_word' id='word_1_533' title='bbox 2432 3008 2493 3057; x_wconf 86' lang='lat' dir='ltr'><strong>ut</strong></span> <span class='ocrx_word' id='word_1_534' title='bbox 2515 3017 2708 3057; x_wconf 87' lang='lat' dir='ltr'><strong>rursus</strong></span> <span class='ocrx_word' id='word_1_535' title='bbox 2729 3016 2851 3056; x_wconf 88' lang='lat' dir='ltr'><strong>eam</strong></span> <span class='ocrx_word' id='word_1_536' title='bbox 2871 3016 3056 3057; x_wconf 83' lang='lat' dir='ltr'><strong>veram</strong></span> <span class='ocrx_word' id='word_1_537' title='bbox 3077 3001 3270 3057; x_wconf 84' lang='lat' dir='ltr'><strong>elliciat</strong></span> <span class='ocrx_word' id='word_1_538' title='bbox 3283 3010 3336 3058; x_wconf 88' lang='lat' dir='ltr'><strong>et</strong></span> <span class='ocrx_word' id='word_1_539' title='bbox 3355 3003 3444 3058; x_wconf 88' lang='lat' dir='ltr'><strong>Dci</strong></span> <span class='ocrx_word' id='word_1_540' title='bbox 3462 3005 3762 3068; x_wconf 78' lang='lat' dir='ltr'><strong>culturam:</strong></span> 
     </span>
    </p>
   </div>
   <div class='ocr_carea' id='block_1_76' title="bbox 2186 3092 3763 3164">
    <p class='ocr_par' dir='ltr' id='par_1_76' title="bbox 2186 3092 3763 3164">
     <span class='ocr_line' id='line_1_76' title="bbox 2186 3092 3763 3164; baseline 0.002 -14"><span class='ocrx_word' id='word_1_541' title='bbox 2186 3096 2267 3150; x_wconf 90' lang='lat' dir='ltr'><strong>sic</strong></span> <span class='ocrx_word' id='word_1_542' title='bbox 2304 3094 2452 3149; x_wconf 88' lang='lat' dir='ltr'><strong>illius</strong></span> <span class='ocrx_word' id='word_1_543' title='bbox 2477 3107 2600 3164; x_wconf 67' lang='lat' dir='ltr'><strong>qua!</strong></span> <span class='ocrx_word' id='word_1_544' title='bbox 2640 3108 2709 3149; x_wconf 78' lang='lat' dir='ltr'><strong>ex</strong></span> <span class='ocrx_word' id='word_1_545' title='bbox 2746 3092 2981 3164; x_wconf 66' lang='lat' dir='ltr'><strong>Egypto</strong></span> <span class='ocrx_word' id='word_1_546' title='bbox 3013 3093 3190 3160; x_wconf 80' lang='lat' dir='ltr'><strong>venit,</strong></span> <span class='ocrx_word' id='word_1_547' title='bbox 3231 3109 3414 3164; x_wconf 87' lang='lat' dir='ltr'><strong>sepem</strong></span> <span class='ocrx_word' id='word_1_548' title='bbox 3452 3096 3763 3161; x_wconf 76' lang='lat' dir='ltr'><strong>destruxit;</strong></span> 
     </span>
    </p>
   </div>
   <div class='ocr_carea' id='block_1_77' title="bbox 2183 3183 3763 3257">
    <p class='ocr_par' dir='ltr' id='par_1_77' title="bbox 2183 3183 3763 3257">
     <span class='ocr_line' id='line_1_77' title="bbox 2183 3183 3763 3257; baseline 0.004 -19"><span class='ocrx_word' id='word_1_549' title='bbox 2183 3201 2283 3256; x_wconf 91' lang='lat' dir='ltr'><strong>pro</strong></span> <span class='ocrx_word' id='word_1_550' title='bbox 2328 3200 2436 3254; x_wconf 83' lang='lat' dir='ltr'><strong>qua</strong></span> <span class='ocrx_word' id='word_1_551' title='bbox 2484 3184 2782 3239; x_wconf 86' lang='lat' dir='ltr'><strong>secundum</strong></span> <span class='ocrx_word' id='word_1_552' title='bbox 2831 3183 2998 3240; x_wconf 87' lang='lat' dir='ltr'><strong>David</strong></span> <span class='ocrx_word' id='word_1_553' title='bbox 3027 3193 3282 3254; x_wconf 85' lang='lat' dir='ltr'><strong>precatur</strong></span> <span class='ocrx_word' id='word_1_554' title='bbox 3314 3186 3400 3241; x_wconf 68' lang='lat'><strong>‘7:</strong></span> <span class='ocrx_word' id='word_1_555' title='bbox 3449 3185 3663 3257; x_wconf 82' lang='lat' dir='ltr'><strong>Respice</strong></span> <span class='ocrx_word' id='word_1_556' title='bbox 3697 3190 3763 3244; x_wconf 82' lang='lat' dir='ltr'><strong>de</strong></span> 
     </span>
    </p>
   </div>
   <div class='ocr_carea' id='block_1_78' title="bbox 2182 3274 3764 3346">
    <p class='ocr_par' dir='ltr' id='par_1_78' title="bbox 2182 3274 3764 3346">
     <span class='ocr_line' id='line_1_78' title="bbox 2182 3274 3764 3346; baseline 0.001 -16"><span class='ocrx_word' id='word_1_557' title='bbox 2182 3275 2331 3343; x_wconf 69' lang='lat' dir='ltr'><strong>caelo,</strong></span> <span class='ocrx_word' id='word_1_558' title='bbox 2367 3284 2420 3330; x_wconf 87' lang='lat' dir='ltr'><strong>et</strong></span> <span class='ocrx_word' id='word_1_559' title='bbox 2441 3285 2652 3346; x_wconf 84' lang='lat' dir='ltr'><strong>protegc</strong></span> <span class='ocrx_word' id='word_1_560' title='bbox 2684 3275 2840 3329; x_wconf 75' lang='lat' dir='ltr'><strong>uitem</strong></span> <span class='ocrx_word' id='word_1_561' title='bbox 2860 3275 3016 3329; x_wconf 83' lang='lat' dir='ltr'><strong>hanc.</strong></span> <span class='ocrx_word' id='word_1_562' title='bbox 3051 3274 3117 3330; x_wconf 85' lang='lat' dir='ltr'><strong>Et</strong></span> <span class='ocrx_word' id='word_1_563' title='bbox 3142 3275 3198 3330; x_wconf 85' lang='grc' dir='ltr'><strong>1ιί</strong></span> <span class='ocrx_word' id='word_1_564' title='bbox 3233 3276 3398 3346; x_wconf 75' lang='lat' dir='ltr'><strong>igitur</strong></span> <span class='ocrx_word' id='word_1_565' title='bbox 3421 3292 3536 3333; x_wconf 77' lang='lat' dir='ltr'><strong>sum</strong></span> <span class='ocrx_word' id='word_1_566' title='bbox 3559 3278 3764 3334; x_wconf 55' lang='lat' dir='ltr'><strong>utilite-</strong></span> 
     </span>
    </p>
   </div>
   <div class='ocr_carea' id='block_1_79' title="bbox 2183 3363 3762 3435">
    <p class='ocr_par' dir='ltr' id='par_1_79' title="bbox 2183 3363 3762 3435">
     <span class='ocr_line' id='line_1_79' title="bbox 2183 3363 3762 3435; baseline -0.001 -14"><span class='ocrx_word' id='word_1_567' title='bbox 2183 3367 2252 3422; x_wconf 91' lang='lat' dir='ltr'><strong>tis</strong></span> <span class='ocrx_word' id='word_1_568' title='bbox 2284 3379 2454 3421; x_wconf 83' lang='lat' dir='ltr'><strong>causa</strong></span> <span class='ocrx_word' id='word_1_569' title='bbox 2474 3364 2841 3431; x_wconf 88' lang='lat' dir='ltr'><strong>erudiuntur_:</strong></span> <span class='ocrx_word' id='word_1_570' title='bbox 2883 3364 3051 3429; x_wconf 78' lang='lat' dir='ltr'><strong>Quem</strong></span> <span class='ocrx_word' id='word_1_571' title='bbox 3087 3364 3228 3418; x_wconf 82' lang='lat' dir='ltr'><strong>enim</strong></span> <span class='ocrx_word' id='word_1_572' title='bbox 3258 3363 3432 3435; x_wconf 79' lang='lat' dir='ltr'><strong>diligit</strong></span> <span class='ocrx_word' id='word_1_573' title='bbox 3469 3365 3632 3431; x_wconf 80' lang='lat' dir='ltr'><strong>Deus,</strong></span> <span class='ocrx_word' id='word_1_574' title='bbox 3666 3384 3762 3420; x_wconf 69' lang='lat' dir='ltr'><strong>ci:-</strong></span> 
     </span>
    </p>
   </div>
   <div class='ocr_carea' id='block_1_80' title="bbox 2180 3455 3758 3528">
    <p class='ocr_par' dir='ltr' id='par_1_80' title="bbox 2180 3455 3758 3528">
     <span class='ocr_line' id='line_1_80' title="bbox 2180 3455 3758 3528; baseline 0.001 -17"><span class='ocrx_word' id='word_1_575' title='bbox 2180 3459 2342 3528; x_wconf 85' lang='lat' dir='ltr'><strong>stigat</strong></span> <span class='ocrx_word' id='word_1_576' title='bbox 2369 3457 2414 3489; x_wconf 68' lang='grc'><strong>⁵³</strong></span> <span class='ocrx_word' id='word_1_577' title='bbox 2442 3475 2454 3509; x_wconf 93' lang='lat'>:</span> <span class='ocrx_word' id='word_1_578' title='bbox 2484 3455 2616 3522; x_wconf 80' lang='lat' dir='ltr'><strong>Quis</strong></span> <span class='ocrx_word' id='word_1_579' title='bbox 2646 3455 2788 3510; x_wconf 85' lang='lat' dir='ltr'><strong>enim</strong></span> <span class='ocrx_word' id='word_1_580' title='bbox 2813 3464 2890 3508; x_wconf 81' lang='lat' dir='ltr'><strong>est</strong></span> <span class='ocrx_word' id='word_1_581' title='bbox 2919 3455 3011 3526; x_wconf 81' lang='lat' dir='ltr'><strong>qui</strong></span> <span class='ocrx_word' id='word_1_582' title='bbox 3043 3471 3145 3511; x_wconf 85' lang='lat' dir='ltr'><strong>non</strong></span> <span class='ocrx_word' id='word_1_583' title='bbox 3179 3455 3506 3520; x_wconf 79' lang='lat' dir='ltr'><strong>consolatur,</strong></span> <span class='ocrx_word' id='word_1_584' title='bbox 3535 3459 3639 3511; x_wconf 84' lang='lat' dir='ltr'><strong>nisi</strong></span> <span class='ocrx_word' id='word_1_585' title='bbox 3665 3475 3758 3520; x_wconf 74' lang='lat' dir='ltr'><strong>qui</strong></span> 
     </span>
    </p>
   </div>
   <div class='ocr_carea' id='block_1_81' title="bbox 2181 3545 3760 3648">
    <p class='ocr_par' dir='ltr' id='par_1_81' title="bbox 2181 3545 3760 3648">
     <span class='ocr_line' id='line_1_81' title="bbox 2181 3545 3760 3648; baseline -0.001 -46"><span class='ocrx_word' id='word_1_586' title='bbox 2181 3566 2215 3603; x_wconf 90' lang='lat' dir='ltr'><strong>a</strong></span> <span class='ocrx_word' id='word_1_587' title='bbox 2242 3565 2322 3602; x_wconf 86' lang='lat' dir='ltr'><strong>me</strong></span> <span class='ocrx_word' id='word_1_588' title='bbox 2343 3563 2561 3602; x_wconf 66' lang='lat' dir='ltr'><strong>maerore</strong></span> <span class='ocrx_word' id='word_1_589' title='bbox 2589 3548 2831 3617; x_wconf 80' lang='lat' dir='ltr'><strong>afﬁcitur</strong></span> <span class='ocrx_word' id='word_1_590' title='bbox 2853 3547 2938 3600; x_wconf 70' lang='lat'><strong>&quot;2</strong></span> <span class='ocrx_word' id='word_1_591' title='bbox 2965 3545 3211 3648; x_wconf 40' lang='lat' dir='ltr'><strong>aristitia</strong></span> <span class='ocrx_word' id='word_1_592' title='bbox 3235 3548 3424 3617; x_wconf 82' lang='lat' dir='ltr'><strong>quippe</strong></span> <span class='ocrx_word' id='word_1_593' title='bbox 3445 3563 3560 3617; x_wconf 79' lang='lat' dir='ltr'><strong>qua:</strong></span> <span class='ocrx_word' id='word_1_594' title='bbox 3591 3565 3624 3601; x_wconf 83' lang='grc' dir='ltr'><strong>α</strong></span> <span class='ocrx_word' id='word_1_595' title='bbox 3654 3548 3760 3602; x_wconf 75' lang='lat' dir='ltr'><strong>Deo</strong></span> 
     </span>
    </p>
   </div>
   <div class='ocr_carea' id='block_1_82' title="bbox 2179 3639 3766 3708">
    <p class='ocr_par' dir='ltr' id='par_1_82' title="bbox 2179 3639 3766 3708">
     <span class='ocr_line' id='line_1_82' title="bbox 2179 3639 3766 3708; baseline 0 -15"><span class='ocrx_word' id='word_1_596' title='bbox 2179 3641 2506 3707; x_wconf 71' lang='lat' dir='ltr'><strong>immittitur,</strong></span> <span class='ocrx_word' id='word_1_597' title='bbox 2537 3640 2900 3708; x_wconf 68' lang='lat' dir='ltr'><strong>penitentiam</strong></span> <span class='ocrx_word' id='word_1_598' title='bbox 2927 3639 3046 3707; x_wconf 65' lang='lat' dir='ltr'><strong>quae</strong></span> <span class='ocrx_word' id='word_1_599' title='bbox 3075 3639 3391 3692; x_wconf 77' lang='lat' dir='ltr'><strong>commutari</strong></span> <span class='ocrx_word' id='word_1_600' title='bbox 3424 3654 3527 3691; x_wconf 83' lang='lat' dir='ltr'><strong>non</strong></span> <span class='ocrx_word' id='word_1_601' title='bbox 3565 3649 3766 3706; x_wconf 66' lang='lat' dir='ltr'><strong>potest,</strong></span> 
     </span>
    </p>
   </div>
   <div class='ocr_carea' id='block_1_83' title="bbox 2179 3714 3758 3798">
    <p class='ocr_par' dir='ltr' id='par_1_83' title="bbox 2179 3714 3758 3798">
     <span class='ocr_line' id='line_1_83' title="bbox 2179 3714 3758 3798; baseline -0.001 -13"><span class='ocrx_word' id='word_1_602' title='bbox 2179 3731 2249 3785; x_wconf 86' lang='lat' dir='ltr'><strong>ad</strong></span> <span class='ocrx_word' id='word_1_603' title='bbox 2296 3730 2526 3783; x_wconf 83' lang='lat' dir='ltr'><strong>salutem</strong></span> <span class='ocrx_word' id='word_1_604' title='bbox 2569 3728 2903 3798; x_wconf 75' lang='lat' dir='ltr'><strong>operatur&quot;.</strong></span> <span class='ocrx_word' id='word_1_605' title='bbox 2949 3726 3156 3783; x_wconf 88' lang='lat' dir='ltr'><strong>Idcirco</strong></span> <span class='ocrx_word' id='word_1_606' title='bbox 3202 3727 3349 3782; x_wconf 84' lang='lat' dir='ltr'><strong>enim</strong></span> <span class='ocrx_word' id='word_1_607' title='bbox 3377 3727 3577 3782; x_wconf 83' lang='lat' dir='ltr'><strong>induco</strong></span> <span class='ocrx_word' id='word_1_608' title='bbox 3615 3714 3758 3783; x_wconf 71' lang='lat' dir='ltr'><strong>mala</strong></span> 
     </span>
    </p>
   </div>
   <div class='ocr_carea' id='block_1_84' title="bbox 2179 3816 3756 3888">
    <p class='ocr_par' dir='ltr' id='par_1_84' title="bbox 2179 3816 3756 3888">
     <span class='ocr_line' id='line_1_84' title="bbox 2179 3816 3756 3888; baseline 0.001 -16"><span class='ocrx_word' id='word_1_609' title='bbox 2179 3833 2342 3888; x_wconf 86' lang='lat' dir='ltr'><strong>super</strong></span> <span class='ocrx_word' id='word_1_610' title='bbox 2371 3833 2594 3874; x_wconf 89' lang='lat' dir='ltr'><strong>omnem</strong></span> <span class='ocrx_word' id='word_1_611' title='bbox 2625 3833 2872 3883; x_wconf 87' lang='lat' dir='ltr'><strong>carnem,</strong></span> <span class='ocrx_word' id='word_1_612' title='bbox 2903 3831 3000 3873; x_wconf 83' lang='lat' dir='ltr'><strong>eos</strong></span> <span class='ocrx_word' id='word_1_613' title='bbox 3030 3816 3276 3888; x_wconf 78' lang='lat' dir='ltr'><strong>profecto</strong></span> <span class='ocrx_word' id='word_1_614' title='bbox 3302 3817 3397 3888; x_wconf 90' lang='lat' dir='ltr'><strong>qui</strong></span> <span class='ocrx_word' id='word_1_615' title='bbox 3428 3826 3639 3872; x_wconf 78' lang='lat' dir='ltr'><strong>terrena</strong></span> <span class='ocrx_word' id='word_1_616' title='bbox 3666 3834 3756 3874; x_wconf 87' lang='lat' dir='ltr'><strong>sa-</strong></span> 
     </span>
    </p>
   </div>
   <div class='ocr_carea' id='block_1_85' title="bbox 2175 3909 2350 3979">
    <p class='ocr_par' dir='ltr' id='par_1_85' title="bbox 2175 3909 2350 3979">
     <span class='ocr_line' id='line_1_85' title="bbox 2175 3909 2350 3979; baseline -0.006 -15"><span class='ocrx_word' id='word_1_617' title='bbox 2175 3909 2350 3979; x_wconf 87' lang='lat' dir='ltr'><strong>piunt.</strong></span> 
     </span>
    </p>
   </div>
   <div class='ocr_carea' id='block_1_86' title="bbox 2246 3999 3754 4060">
    <p class='ocr_par' dir='ltr' id='par_1_86' title="bbox 2246 3999 3754 4060">
     <span class='ocr_line' id='line_1_86' title="bbox 2246 3999 3754 4060; baseline 0.003 -6"><span class='ocrx_word' id='word_1_618' title='bbox 2246 4003 2300 4060; x_wconf 87' lang='lat'><strong>5.</strong></span> <span class='ocrx_word' id='word_1_619' title='bbox 2342 3999 2412 4054; x_wconf 85' lang='lat' dir='ltr'><strong>Et</strong></span> <span class='ocrx_word' id='word_1_620' title='bbox 2456 4001 2594 4055; x_wconf 77' lang='lat' dir='ltr'><strong>dabo</strong></span> <span class='ocrx_word' id='word_1_621' title='bbox 2646 4001 2885 4056; x_wconf 80' lang='lat' dir='ltr'><strong>animam</strong></span> <span class='ocrx_word' id='word_1_622' title='bbox 2928 4007 3098 4056; x_wconf 67' lang='lat' dir='ltr'><strong>tuam.</strong></span> <span class='ocrx_word' id='word_1_623' title='bbox 3131 3999 3342 4056; x_wconf 78' lang='lat' dir='ltr'><strong>Invenit</strong></span> <span class='ocrx_word' id='word_1_624' title='bbox 3365 3999 3508 4056; x_wconf 86' lang='lat' dir='ltr'><strong>enim</strong></span> <span class='ocrx_word' id='word_1_625' title='bbox 3541 4000 3754 4058; x_wconf 76' lang='lat' dir='ltr'><strong>animas</strong></span> 
     </span>
    </p>
   </div>
   <div class='ocr_carea' id='block_1_87' title="bbox 2169 4090 3754 4165">
    <p class='ocr_par' dir='ltr' id='par_1_87' title="bbox 2169 4090 3754 4165">
     <span class='ocr_line' id='line_1_87' title="bbox 2169 4090 3754 4165; baseline -0.001 -17"><span class='ocrx_word' id='word_1_626' title='bbox 2169 4094 2445 4165; x_wconf 86' lang='lat' dir='ltr'><strong>justorum</strong></span> <span class='ocrx_word' id='word_1_627' title='bbox 2481 4090 2664 4161; x_wconf 85' lang='lat' dir='ltr'><strong>Deus;</strong></span> <span class='ocrx_word' id='word_1_628' title='bbox 2696 4107 2822 4147; x_wconf 82' lang='lat' dir='ltr'><strong>nam</strong></span> <span class='ocrx_word' id='word_1_629' title='bbox 2865 4092 3138 4162; x_wconf 79' lang='lat' dir='ltr'><strong>justorum</strong></span> <span class='ocrx_word' id='word_1_630' title='bbox 3166 4093 3359 4147; x_wconf 67' lang='lat' dir='ltr'><strong>animm</strong></span> <span class='ocrx_word' id='word_1_631' title='bbox 3379 4093 3436 4146; x_wconf 86' lang='lat' dir='ltr'><strong>in</strong></span> <span class='ocrx_word' id='word_1_632' title='bbox 3464 4109 3624 4146; x_wconf 84' lang='lat' dir='ltr'><strong>manu</strong></span> <span class='ocrx_word' id='word_1_633' title='bbox 3660 4091 3754 4146; x_wconf 81' lang='lat' dir='ltr'><strong>Dei</strong></span> 
     </span>
    </p>
   </div>
   <div class='ocr_carea' id='block_1_88' title="bbox 2173 4183 3752 4255">
    <p class='ocr_par' dir='ltr' id='par_1_88' title="bbox 2173 4183 3752 4255">
     <span class='ocr_line' id='line_1_88' title="bbox 2173 4183 3752 4255; baseline -0.001 -15"><span class='ocrx_word' id='word_1_634' title='bbox 2173 4195 2295 4240; x_wconf 80' lang='lat' dir='ltr'><strong>sunt</strong></span> <span class='ocrx_word' id='word_1_635' title='bbox 2317 4187 2384 4239; x_wconf 79' lang='grc'>⁸⁸.</span> <span class='ocrx_word' id='word_1_636' title='bbox 2410 4185 2480 4240; x_wconf 83' lang='lat' dir='ltr'><strong>At</strong></span> <span class='ocrx_word' id='word_1_637' title='bbox 2497 4184 2816 4255; x_wconf 78' lang='lat' dir='ltr'><strong>impiorum,</strong></span> <span class='ocrx_word' id='word_1_638' title='bbox 2844 4199 2909 4240; x_wconf 82' lang='lat' dir='ltr'><strong>ac</strong></span> <span class='ocrx_word' id='word_1_639' title='bbox 2938 4184 2987 4241; x_wconf 91' lang='lat' dir='ltr'><strong>si</strong></span> <span class='ocrx_word' id='word_1_640' title='bbox 3010 4199 3119 4240; x_wconf 90' lang='lat' dir='ltr'><strong>non</strong></span> <span class='ocrx_word' id='word_1_641' title='bbox 3143 4191 3350 4250; x_wconf 88' lang='lat' dir='ltr'><strong>essent,</strong></span> <span class='ocrx_word' id='word_1_642' title='bbox 3379 4183 3528 4239; x_wconf 87' lang='lat' dir='ltr'><strong>nullo</strong></span> <span class='ocrx_word' id='word_1_643' title='bbox 3548 4183 3752 4240; x_wconf 85' lang='lat' dir='ltr'><strong>haben-</strong></span> 
     </span>
    </p>
   </div>
   <div class='ocr_carea' id='block_1_89' title="bbox 2175 4275 2569 4347">
    <p class='ocr_par' dir='ltr' id='par_1_89' title="bbox 2175 4275 2569 4347">
     <span class='ocr_line' id='line_1_89' title="bbox 2175 4275 2569 4347; baseline 0 -16"><span class='ocrx_word' id='word_1_644' title='bbox 2175 4286 2263 4332; x_wconf 86' lang='lat' dir='ltr'><strong>tur</strong></span> <span class='ocrx_word' id='word_1_645' title='bbox 2292 4277 2345 4331; x_wconf 84' lang='lat' dir='ltr'><strong>in</strong></span> <span class='ocrx_word' id='word_1_646' title='bbox 2376 4275 2569 4347; x_wconf 82' lang='lat' dir='ltr'><strong>pretio.</strong></span> 
     </span>
    </p>
   </div>
   <div class='ocr_carea' id='block_1_90' title="bbox 2639 4365 3274 4438">
    <p class='ocr_par' dir='ltr' id='par_1_90' title="bbox 2639 4365 3274 4438">
     <span class='ocr_line' id='line_1_90' title="bbox 2639 4365 3274 4438; baseline 0.003 -16"><span class='ocrx_word' id='word_1_647' title='bbox 2639 4367 2804 4438; x_wconf 68' lang='grc' dir='ltr'><strong>θη</strong></span> <span class='ocrx_word' id='word_1_648' title='bbox 2845 4366 3002 4423; x_wconf 82' lang='lat' dir='ltr'><strong>CAP.</strong></span> <span class='ocrx_word' id='word_1_649' title='bbox 3039 4365 3274 4424; x_wconf 81' lang='lat' dir='ltr'><strong>XLVIII.</strong></span> 
     </span>
    </p>
   </div>
   <div class='ocr_carea' id='block_1_91' title="bbox 560 4453 2085 4542">
    <p class='ocr_par' dir='ltr' id='par_1_91' title="bbox 560 4453 2067 4527">
     <span class='ocr_line' id='line_1_91' title="bbox 560 4453 2067 4527; baseline 0.002 -18"><span class='ocrx_word' id='word_1_650' title='bbox 560 4454 646 4509; x_wconf 71' lang='grc'><strong>12.</strong></span> <span class='ocrx_word' id='word_1_651' title='bbox 684 4454 795 4508; x_wconf 76' lang='lat' dir='ltr'><strong>Kal</strong></span> <span class='ocrx_word' id='word_1_652' title='bbox 828 4453 928 4509; x_wconf 81' lang='grc' dir='ltr'>διὰ</span> <span class='ocrx_word' id='word_1_653' title='bbox 958 4454 1134 4510; x_wconf 85' lang='grc' dir='ltr'>τοῦτο</span> <span class='ocrx_word' id='word_1_654' title='bbox 1181 4455 1310 4510; x_wconf 71' lang='grc' dir='ltr'>ἰδοὺ</span> <span class='ocrx_word' id='word_1_655' title='bbox 1366 4456 1576 4527; x_wconf 78' lang='grc' dir='ltr'>ἡμέραι</span> <span class='ocrx_word' id='word_1_656' title='bbox 1633 4456 1820 4512; x_wconf 84' lang='grc' dir='ltr'>αὐτοῦ</span> <span class='ocrx_word' id='word_1_657' title='bbox 1858 4458 2067 4527; x_wconf 76' lang='grc' dir='ltr'>ἔρχον-</span> 
     </span>
    </p>
   </div>
   <div class='ocr_carea' id='block_1_92' title="bbox 2185 4453 3746 4542">
    <p class='ocr_par' dir='ltr' id='par_1_92' title="bbox 2243 4459 3746 4532">
     <span class='ocr_line' id='line_1_92' title="bbox 2243 4459 3746 4532; baseline 0 -16"><span class='ocrx_word' id='word_1_658' title='bbox 2243 4461 2333 4516; x_wconf 75' lang='lat' dir='ltr'><strong>I2.</strong></span> <span class='ocrx_word' id='word_1_659' title='bbox 2374 4459 2444 4516; x_wconf 87' lang='lat' dir='ltr'><strong>Et</strong></span> <span class='ocrx_word' id='word_1_660' title='bbox 2463 4471 2736 4532; x_wconf 78' lang='lat' dir='ltr'><strong>propterea</strong></span> <span class='ocrx_word' id='word_1_661' title='bbox 2761 4476 2876 4515; x_wconf 79' lang='lat' dir='ltr'><strong>ecce</strong></span> <span class='ocrx_word' id='word_1_662' title='bbox 2899 4459 3014 4514; x_wconf 86' lang='lat' dir='ltr'><strong>dies</strong></span> <span class='ocrx_word' id='word_1_663' title='bbox 3041 4459 3155 4530; x_wconf 83' lang='lat' dir='ltr'><strong>ejus</strong></span> <span class='ocrx_word' id='word_1_664' title='bbox 3178 4461 3410 4527; x_wconf 80' lang='lat' dir='ltr'><strong>veniunt,</strong></span> <span class='ocrx_word' id='word_1_665' title='bbox 3435 4470 3540 4517; x_wconf 86' lang='lat' dir='ltr'><strong>etc.</strong></span> <span class='ocrx_word' id='word_1_666' title='bbox 3566 4460 3634 4515; x_wconf 85' lang='lat' dir='ltr'><strong>Et</strong></span> <span class='ocrx_word' id='word_1_667' title='bbox 3665 4463 3746 4516; x_wconf 81' lang='lat' dir='ltr'><strong>in—</strong></span> 
     </span>
    </p>
   </div>
   <div class='ocr_carea' id='block_1_93' title="bbox 488 4546 2066 4619">
    <p class='ocr_par' dir='ltr' id='par_1_93' title="bbox 488 4546 2066 4619">
     <span class='ocr_line' id='line_1_93' title="bbox 488 4546 2066 4619; baseline 0.003 -18"><span class='ocrx_word' id='word_1_668' title='bbox 488 4563 604 4601; x_wconf 80' lang='grc' dir='ltr'>ται.</span> <span class='ocrx_word' id='word_1_669' title='bbox 657 4547 758 4610; x_wconf 88' lang='lat' dir='ltr'><strong>T6,</strong></span> <span class='ocrx_word' id='word_1_670' title='bbox 798 4546 1127 4602; x_wconf 72' lang='grc' dir='ltr'>Κλινοῦσιν</span> <span class='ocrx_word' id='word_1_671' title='bbox 1166 4547 1352 4603; x_wconf 82' lang='grc' dir='ltr'>αὐτὸν</span> <span class='ocrx_word' id='word_1_672' title='bbox 1381 4550 1478 4604; x_wconf 82' lang='grc' dir='ltr'>καὶ</span> <span class='ocrx_word' id='word_1_673' title='bbox 1511 4549 1584 4604; x_wconf 85' lang='grc' dir='ltr'>τὰ</span> <span class='ocrx_word' id='word_1_674' title='bbox 1625 4551 1817 4619; x_wconf 83' lang='grc' dir='ltr'>σκεύη</span> <span class='ocrx_word' id='word_1_675' title='bbox 1877 4551 2066 4605; x_wconf 86' lang='grc' dir='ltr'>αὐτοῦ</span> 
     </span>
    </p>
   </div>
   <div class='ocr_carea' id='block_1_94' title="bbox 491 4638 2062 4712">
    <p class='ocr_par' dir='ltr' id='par_1_94' title="bbox 491 4638 2062 4712">
     <span class='ocr_line' id='line_1_94' title="bbox 491 4638 2062 4712; baseline 0 -16"><span class='ocrx_word' id='word_1_676' title='bbox 491 4638 878 4696; x_wconf 66' lang='grc' dir='ltr'>λεπτυνοῦσι.</span> <span class='ocrx_word' id='word_1_677' title='bbox 894 4639 1185 4712; x_wconf 85' lang='grc' dir='ltr'>Σύμμαχος</span> <span class='ocrx_word' id='word_1_678' title='bbox 1201 4641 1324 4712; x_wconf 68' lang='grc' dir='ltr'><strong>ἔφη*</strong></span> <span class='ocrx_word' id='word_1_679' title='bbox 1341 4641 1450 4697; x_wconf 79' lang='lat' dir='ltr'><strong>Kal</strong></span> <span class='ocrx_word' id='word_1_680' title='bbox 1463 4641 1844 4710; x_wconf 86' lang='grc' dir='ltr'>στρώσουσιν</span> <span class='ocrx_word' id='word_1_681' title='bbox 1855 4642 2062 4709; x_wconf 84' lang='grc' dir='ltr'>αὐτὸν,</span> 
     </span>
    </p>
   </div>
   <div class='ocr_carea' id='block_1_95' title="bbox 490 4732 2061 4807">
    <p class='ocr_par' dir='ltr' id='par_1_95' title="bbox 490 4732 2061 4807">
     <span class='ocr_line' id='line_1_95' title="bbox 490 4732 2061 4807; baseline 0.001 -20"><span class='ocrx_word' id='word_1_682' title='bbox 490 4732 680 4788; x_wconf 78' lang='grc' dir='ltr'>καὶτὰ</span> <span class='ocrx_word' id='word_1_683' title='bbox 701 4733 888 4800; x_wconf 84' lang='grc' dir='ltr'>σκεύη</span> <span class='ocrx_word' id='word_1_684' title='bbox 911 4733 1098 4788; x_wconf 82' lang='grc' dir='ltr'><strong>αὐτοῦ</strong></span> <span class='ocrx_word' id='word_1_685' title='bbox 1117 4733 1582 4789; x_wconf 82' lang='grc' dir='ltr'>ἐκκενώσουσιν·</span> <span class='ocrx_word' id='word_1_686' title='bbox 1605 4734 1846 4805; x_wconf 77' lang='grc' dir='ltr'>ἐνέμεινε</span> <span class='ocrx_word' id='word_1_687' title='bbox 1867 4734 1974 4806; x_wconf 84' lang='grc' dir='ltr'><strong>γὰρ</strong></span> <span class='ocrx_word' id='word_1_688' title='bbox 1995 4737 2061 4807; x_wconf 75' lang='grc' dir='ltr'>τῇ</span> 
     </span>
    </p>
   </div>
   <div class='ocr_carea' id='block_1_96' title="bbox 490 4821 2060 4897">
    <p class='ocr_par' dir='ltr' id='par_1_96' title="bbox 490 4821 2060 4897">
     <span class='ocr_line' id='line_1_96' title="bbox 490 4821 2060 4897; baseline 0.004 -23"><span class='ocrx_word' id='word_1_689' title='bbox 490 4824 662 4893; x_wconf 75' lang='grc' dir='ltr'>τροπῇ</span> <span class='ocrx_word' id='word_1_690' title='bbox 687 4821 779 4876; x_wconf 88' lang='grc' dir='ltr'><strong>τοῦ</strong></span> <span class='ocrx_word' id='word_1_691' title='bbox 803 4824 967 4891; x_wconf 85' lang='grc' dir='ltr'>οῖνου,</span> <span class='ocrx_word' id='word_1_692' title='bbox 1000 4824 1174 4896; x_wconf 86' lang='grc' dir='ltr'>δηλῶν</span> <span class='ocrx_word' id='word_1_693' title='bbox 1196 4825 1273 4890; x_wconf 86' lang='grc' dir='ltr'>ὼς</span> <span class='ocrx_word' id='word_1_694' title='bbox 1299 4823 1407 4879; x_wconf 92' lang='grc' dir='ltr'><strong>τῶν</strong></span> <span class='ocrx_word' id='word_1_695' title='bbox 1425 4824 1644 4894; x_wconf 89' lang='grc' dir='ltr'>ἀγαθῶν</span> <span class='ocrx_word' id='word_1_696' title='bbox 1671 4826 2060 4897; x_wconf 83' lang='grc' dir='ltr'>κενωθήσεται.</span> 
     </span>
    </p>
   </div>
   <div class='ocr_carea' id='block_1_97' title="bbox 490 4909 2065 4985">
    <p class='ocr_par' dir='ltr' id='par_1_97' title="bbox 490 4909 2065 4985">
     <span class='ocr_line' id='line_1_97' title="bbox 490 4909 2065 4985; baseline 0.003 -21"><span class='ocrx_word' id='word_1_697' title='bbox 490 4909 605 4964; x_wconf 85' lang='grc' dir='ltr'>Ούκ</span> <span class='ocrx_word' id='word_1_698' title='bbox 638 4911 837 4980; x_wconf 80' lang='grc' dir='ltr'>ἀγαθὸν</span> <span class='ocrx_word' id='word_1_699' title='bbox 877 4912 1055 4966; x_wconf 87' lang='grc' dir='ltr'>τοίνυν</span> <span class='ocrx_word' id='word_1_700' title='bbox 1093 4913 1188 4967; x_wconf 78' lang='grc' dir='ltr'>καὶ</span> <span class='ocrx_word' id='word_1_701' title='bbox 1218 4914 1251 4985; x_wconf 78' lang='grc' dir='ltr'><strong>ἡ</strong></span> <span class='ocrx_word' id='word_1_702' title='bbox 1289 4913 1513 4985; x_wconf 81' lang='grc' dir='ltr'>εύθηνία</span> <span class='ocrx_word' id='word_1_703' title='bbox 1538 4917 1650 4979; x_wconf 86' lang='grc' dir='ltr'>τοῖς</span> <span class='ocrx_word' id='word_1_704' title='bbox 1683 4914 1957 4982; x_wconf 77' lang='grc' dir='ltr'>ἀλαζόσιν,</span> <span class='ocrx_word' id='word_1_705' title='bbox 1988 4916 2065 4980; x_wconf 82' lang='grc' dir='ltr'>ὡς</span> 
     </span>
    </p>
   </div>
   <div class='ocr_carea' id='block_1_98' title="bbox 497 4999 2064 5074">
    <p class='ocr_par' dir='ltr' id='par_1_98' title="bbox 497 4999 2064 5074">
     <span class='ocr_line' id='line_1_98' title="bbox 497 4999 2064 5074; baseline 0 -18"><span class='ocrx_word' id='word_1_706' title='bbox 497 5001 584 5056; x_wconf 75' lang='grc' dir='ltr'>καὶ</span> <span class='ocrx_word' id='word_1_707' title='bbox 615 4999 694 5072; x_wconf 77' lang='grc' dir='ltr'>τῷ</span> <span class='ocrx_word' id='word_1_708' title='bbox 717 5002 776 5054; x_wconf 82' lang='grc' dir='ltr'>ἐν</span> <span class='ocrx_word' id='word_1_709' title='bbox 801 5000 902 5074; x_wconf 70' lang='grc' dir='ltr'>ᾄδῃ</span> <span class='ocrx_word' id='word_1_710' title='bbox 935 5001 1206 5073; x_wconf 85' lang='grc' dir='ltr'>πλουσίῳ,</span> <span class='ocrx_word' id='word_1_711' title='bbox 1244 5003 1312 5057; x_wconf 86' lang='grc' dir='ltr'>δι’</span> <span class='ocrx_word' id='word_1_712' title='bbox 1328 5003 1394 5074; x_wconf 78' lang='grc' dir='ltr'>ἠν</span> <span class='ocrx_word' id='word_1_713' title='bbox 1427 5003 1735 5069; x_wconf 75' lang='grc' dir='ltr'>ἐκολάζετο.</span> <span class='ocrx_word' id='word_1_714' title='bbox 1769 5003 1850 5058; x_wconf 92' lang='grc' dir='ltr'><strong>Τά</strong></span> <span class='ocrx_word' id='word_1_715' title='bbox 1881 5003 1938 5056; x_wconf 81' lang='grc' dir='ltr'>δὲ</span> <span class='ocrx_word' id='word_1_716' title='bbox 1970 5020 2064 5057; x_wconf 87' lang='grc' dir='ltr'>κε-</span> 
     </span>
    </p>
   </div>
   <div class='ocr_carea' id='block_1_99' title="bbox 494 5092 2066 5167">
    <p class='ocr_par' dir='ltr' id='par_1_99' title="bbox 494 5092 2066 5167">
     <span class='ocr_line' id='line_1_99' title="bbox 494 5092 2066 5167; baseline 0.002 -21"><span class='ocrx_word' id='word_1_717' title='bbox 494 5092 766 5167; x_wconf 70' lang='grc' dir='ltr'>ράσματα,</span> <span class='ocrx_word' id='word_1_718' title='bbox 805 5093 882 5156; x_wconf 85' lang='grc' dir='ltr'>ὡς</span> <span class='ocrx_word' id='word_1_719' title='bbox 928 5095 1021 5147; x_wconf 75' lang='grc' dir='ltr'><strong>ἐπὶ</strong></span> <span class='ocrx_word' id='word_1_720' title='bbox 1054 5092 1198 5146; x_wconf 74' lang='grc' dir='ltr'>οἴνου</span> <span class='ocrx_word' id='word_1_721' title='bbox 1234 5093 1501 5164; x_wconf 81' lang='grc' dir='ltr'>ρηθέντα,</span> <span class='ocrx_word' id='word_1_722' title='bbox 1559 5095 1795 5159; x_wconf 85' lang='grc' dir='ltr'>Ἀκύλας</span> <span class='ocrx_word' id='word_1_723' title='bbox 1837 5093 2066 5162; x_wconf 80' lang='grc' dir='ltr'>ἐξέδωκε</span> 
     </span>
    </p>
   </div>
   <div class='ocr_carea' id='block_1_100' title="bbox 488 5181 2068 5258">
    <p class='ocr_par' dir='ltr' id='par_1_100' title="bbox 488 5181 2068 5258">
     <span class='ocr_line' id='line_1_100' title="bbox 488 5181 2068 5258; baseline 0.003 -21"><span class='ocrx_word' id='word_1_724' title='bbox 488 5182 724 5254; x_wconf 70' lang='grc' dir='ltr'>κέρατα,</span> <span class='ocrx_word' id='word_1_725' title='bbox 751 5187 888 5254; x_wconf 78' lang='grc' dir='ltr'>ὅπερ</span> <span class='ocrx_word' id='word_1_726' title='bbox 920 5187 1143 5257; x_wconf 87' lang='grc' dir='ltr'>ἀρχαῖον</span> <span class='ocrx_word' id='word_1_727' title='bbox 1176 5185 1435 5258; x_wconf 89' lang='grc' dir='ltr'>ποτηρίου</span> <span class='ocrx_word' id='word_1_728' title='bbox 1462 5185 1756 5258; x_wconf 77' lang='grc' dir='ltr'>ἐτύγχανεν</span> <span class='ocrx_word' id='word_1_729' title='bbox 1779 5181 1917 5252; x_wconf 76' lang='grc' dir='ltr'>εῒδος</span> <span class='ocrx_word' id='word_1_730' title='bbox 1933 5205 1946 5218; x_wconf 88' lang='grc'><strong>·</strong></span> <span class='ocrx_word' id='word_1_731' title='bbox 1975 5187 2068 5241; x_wconf 61' lang='grc' dir='ltr'>κέτ</span> 
     </span>
    </p>
   </div>
   <div class='ocr_carea' id='block_1_101' title="bbox 491 5275 2062 5351">
    <p class='ocr_par' dir='ltr' id='par_1_101' title="bbox 491 5275 2062 5351">
     <span class='ocr_line' id='line_1_101' title="bbox 491 5275 2062 5351; baseline 0.003 -23"><span class='ocrx_word' id='word_1_732' title='bbox 491 5291 616 5348; x_wconf 88' lang='grc' dir='ltr'>ρασι</span> <span class='ocrx_word' id='word_1_733' title='bbox 648 5277 758 5348; x_wconf 89' lang='grc' dir='ltr'><strong>γάρ</strong></span> <span class='ocrx_word' id='word_1_734' title='bbox 785 5275 965 5331; x_wconf 79' lang='grc' dir='ltr'>ἔπινον</span> <span class='ocrx_word' id='word_1_735' title='bbox 985 5292 1001 5307; x_wconf 82' lang='grc'><em>’</em></span> <span class='ocrx_word' id='word_1_736' title='bbox 1036 5275 1158 5330; x_wconf 83' lang='grc' dir='ltr'>ὅθεν</span> <span class='ocrx_word' id='word_1_737' title='bbox 1199 5277 1295 5332; x_wconf 76' lang='grc' dir='ltr'>καὶ</span> <span class='ocrx_word' id='word_1_738' title='bbox 1326 5278 1386 5331; x_wconf 81' lang='grc' dir='ltr'>τὺ</span> <span class='ocrx_word' id='word_1_739' title='bbox 1417 5280 1648 5350; x_wconf 88' lang='grc' dir='ltr'>κεράσαι</span> <span class='ocrx_word' id='word_1_740' title='bbox 1681 5279 1860 5348; x_wconf 76' lang='grc' dir='ltr'>λέγειν</span> <span class='ocrx_word' id='word_1_741' title='bbox 1893 5281 2062 5351; x_wconf 80' lang='grc' dir='ltr'>παρὲο</span> 
     </span>
    </p>
   </div>
   <div class='ocr_carea' id='block_1_102' title="bbox 491 5364 2062 5443">
    <p class='ocr_par' dir='ltr' id='par_1_102' title="bbox 491 5364 2062 5443">
     <span class='ocr_line' id='line_1_102' title="bbox 491 5364 2062 5443; baseline 0.003 -24"><span class='ocrx_word' id='word_1_742' title='bbox 491 5382 688 5438; x_wconf 80' lang='grc' dir='ltr'>μεινεν.</span> <span class='ocrx_word' id='word_1_743' title='bbox 727 5368 947 5436; x_wconf 78' lang='grc' dir='ltr'>Ἀγγεῖα</span> <span class='ocrx_word' id='word_1_744' title='bbox 969 5367 1070 5438; x_wconf 85' lang='grc' dir='ltr'><strong>μὲν</strong></span> <span class='ocrx_word' id='word_1_745' title='bbox 1089 5364 1181 5421; x_wconf 75' lang='grc' dir='ltr'><strong>οὖν</strong></span> <span class='ocrx_word' id='word_1_746' title='bbox 1203 5369 1259 5422; x_wconf 81' lang='grc' dir='ltr'><strong>αἱ</strong></span> <span class='ocrx_word' id='word_1_747' title='bbox 1284 5369 1488 5434; x_wconf 79' lang='grc' dir='ltr'>πόλεις,</span> <span class='ocrx_word' id='word_1_748' title='bbox 1509 5368 1577 5423; x_wconf 88' lang='grc' dir='ltr'><strong>τά</strong></span> <span class='ocrx_word' id='word_1_749' title='bbox 1600 5369 1657 5423; x_wconf 78' lang='grc' dir='ltr'><strong>δὲ</strong></span> <span class='ocrx_word' id='word_1_750' title='bbox 1684 5369 1832 5424; x_wconf 74' lang='grc' dir='ltr'>ἔνδον</span> <span class='ocrx_word' id='word_1_751' title='bbox 1852 5369 2062 5443; x_wconf 76' lang='grc' dir='ltr'>ἀνθρω-</span> 
     </span>
    </p>
   </div>
   <div class='ocr_carea' id='block_1_103' title="bbox 487 5457 2062 5532">
    <p class='ocr_par' dir='ltr' id='par_1_103' title="bbox 487 5457 2062 5532">
     <span class='ocr_line' id='line_1_103' title="bbox 487 5457 2062 5532; baseline 0.002 -20"><span class='ocrx_word' id='word_1_752' title='bbox 487 5457 578 5512; x_wconf 84' lang='grc' dir='ltr'><strong>ποί</strong></span> <span class='ocrx_word' id='word_1_753' title='bbox 613 5475 666 5512; x_wconf 80' lang='grc' dir='ltr'><strong>τε</strong></span> <span class='ocrx_word' id='word_1_754' title='bbox 705 5459 798 5512; x_wconf 78' lang='grc' dir='ltr'><strong>καὶ</strong></span> <span class='ocrx_word' id='word_1_755' title='bbox 836 5457 1094 5522; x_wconf 87' lang='grc' dir='ltr'>πλοῦτος·</span> <span class='ocrx_word' id='word_1_756' title='bbox 1130 5460 1206 5524; x_wconf 84' lang='grc' dir='ltr'>ὡς</span> <span class='ocrx_word' id='word_1_757' title='bbox 1232 5461 1357 5525; x_wconf 82' lang='grc' dir='ltr'>τοὺς</span> <span class='ocrx_word' id='word_1_758' title='bbox 1397 5461 1494 5531; x_wconf 81' lang='grc' dir='ltr'><strong>μὲν</strong></span> <span class='ocrx_word' id='word_1_759' title='bbox 1528 5461 1843 5532; x_wconf 84' lang='grc' dir='ltr'>ἀπήγαγον,</span> <span class='ocrx_word' id='word_1_760' title='bbox 1877 5461 1970 5514; x_wconf 84' lang='grc' dir='ltr'><strong>τὸν</strong></span> <span class='ocrx_word' id='word_1_761' title='bbox 2005 5461 2062 5515; x_wconf 74' lang='grc' dir='ltr'>δὲ</span> 
     </span>
    </p>
   </div>
   <div class='ocr_carea' id='block_1_104' title="bbox 2171 4552 3750 4626">
    <p class='ocr_par' dir='ltr' id='par_1_104' title="bbox 2171 4552 3750 4626">
     <span class='ocr_line' id='line_1_104' title="bbox 2171 4552 3750 4626; baseline 0.002 -18"><span class='ocrx_word' id='word_1_762' title='bbox 2171 4554 2445 4608; x_wconf 73' lang='grc' dir='ltr'>σίίιιαῡιιιιι</span> <span class='ocrx_word' id='word_1_763' title='bbox 2467 4569 2609 4620; x_wconf 76' lang='lat' dir='ltr'><strong>eunt,</strong></span> <span class='ocrx_word' id='word_1_764' title='bbox 2629 4562 2681 4609; x_wconf 87' lang='lat' dir='ltr'><strong>et</strong></span> <span class='ocrx_word' id='word_1_765' title='bbox 2700 4554 2958 4623; x_wconf 77' lang='lat' dir='ltr'><strong>uasacjus</strong></span> <span class='ocrx_word' id='word_1_766' title='bbox 2978 4555 3352 4611; x_wconf 74' lang='lat' dir='ltr'><strong>comminuent.</strong></span> <span class='ocrx_word' id='word_1_767' title='bbox 3388 4552 3750 4626; x_wconf 77' lang='lat' dir='ltr'><strong>Symmachus</strong></span> 
     </span>
    </p>
   </div>
   <div class='ocr_carea' id='block_1_105' title="bbox 2171 4643 3746 4714">
    <p class='ocr_par' dir='ltr' id='par_1_105' title="bbox 2171 4643 3746 4714">
     <span class='ocr_line' id='line_1_105' title="bbox 2171 4643 3746 4714; baseline 0.001 -14"><span class='ocrx_word' id='word_1_768' title='bbox 2171 4645 2339 4700; x_wconf 82' lang='lat' dir='ltr'><strong>edidit</strong></span> <span class='ocrx_word' id='word_1_769' title='bbox 2371 4661 2386 4699; x_wconf 89' lang='lat'><strong>:</strong></span> <span class='ocrx_word' id='word_1_770' title='bbox 2423 4643 2492 4700; x_wconf 80' lang='lat' dir='ltr'><strong>Et</strong></span> <span class='ocrx_word' id='word_1_771' title='bbox 2523 4653 2752 4700; x_wconf 73' lang='lat' dir='ltr'><strong>uernent</strong></span> <span class='ocrx_word' id='word_1_772' title='bbox 2778 4661 2918 4711; x_wconf 83' lang='lat' dir='ltr'><strong>eum,</strong></span> <span class='ocrx_word' id='word_1_773' title='bbox 2943 4653 2994 4698; x_wconf 89' lang='lat' dir='ltr'><strong>et</strong></span> <span class='ocrx_word' id='word_1_774' title='bbox 3021 4661 3148 4699; x_wconf 77' lang='lat' dir='ltr'><strong>uasa</strong></span> <span class='ocrx_word' id='word_1_775' title='bbox 3172 4647 3285 4714; x_wconf 80' lang='lat' dir='ltr'><strong>ejus</strong></span> <span class='ocrx_word' id='word_1_776' title='bbox 3314 4646 3652 4700; x_wconf 73' lang='lat' dir='ltr'><strong>exhauriunt.</strong></span> <span class='ocrx_word' id='word_1_777' title='bbox 3686 4646 3746 4701; x_wconf 90' lang='lat' dir='ltr'><strong>In</strong></span> 
     </span>
    </p>
   </div>
   <div class='ocr_carea' id='block_1_106' title="bbox 2171 4736 3746 4806">
    <p class='ocr_par' dir='ltr' id='par_1_106' title="bbox 2171 4736 3746 4806">
     <span class='ocr_line' id='line_1_106' title="bbox 2171 4736 3746 4806; baseline 0 -16"><span class='ocrx_word' id='word_1_778' title='bbox 2171 4737 2488 4806; x_wconf 82' lang='lat' dir='ltr'><strong>metaphora</strong></span> <span class='ocrx_word' id='word_1_779' title='bbox 2516 4736 2662 4792; x_wconf 87' lang='lat' dir='ltr'><strong>enim</strong></span> <span class='ocrx_word' id='word_1_780' title='bbox 2692 4737 2803 4791; x_wconf 85' lang='lat' dir='ltr'><strong>vini</strong></span> <span class='ocrx_word' id='word_1_781' title='bbox 2837 4736 3093 4806; x_wconf 85' lang='lat' dir='ltr'><strong>perstitit,</strong></span> <span class='ocrx_word' id='word_1_782' title='bbox 3123 4737 3283 4792; x_wconf 83' lang='lat' dir='ltr'><strong>bonis</strong></span> <span class='ocrx_word' id='word_1_783' title='bbox 3317 4751 3441 4793; x_wconf 88' lang='lat' dir='ltr'><strong>esse</strong></span> <span class='ocrx_word' id='word_1_784' title='bbox 3475 4751 3746 4792; x_wconf 82' lang='lat' dir='ltr'><strong>evacuan-</strong></span> 
     </span>
    </p>
   </div>
   <div class='ocr_carea' id='block_1_107' title="bbox 2171 4825 3747 4896">
    <p class='ocr_par' dir='ltr' id='par_1_107' title="bbox 2171 4825 3747 4896">
     <span class='ocr_line' id='line_1_107' title="bbox 2171 4825 3747 4896; baseline -0.001 -14"><span class='ocrx_word' id='word_1_785' title='bbox 2171 4826 2272 4882; x_wconf 87' lang='lat' dir='ltr'><strong>dos</strong></span> <span class='ocrx_word' id='word_1_786' title='bbox 2303 4841 2400 4882; x_wconf 89' lang='lat' dir='ltr'><strong>eos</strong></span> <span class='ocrx_word' id='word_1_787' title='bbox 2433 4827 2720 4882; x_wconf 83' lang='lat' dir='ltr'><strong>denotans.</strong></span> <span class='ocrx_word' id='word_1_788' title='bbox 2747 4825 2868 4881; x_wconf 88' lang='lat' dir='ltr'><strong>Non</strong></span> <span class='ocrx_word' id='word_1_789' title='bbox 2896 4835 2982 4882; x_wconf 83' lang='lat' dir='ltr'><strong>est</strong></span> <span class='ocrx_word' id='word_1_790' title='bbox 3009 4827 3193 4896; x_wconf 81' lang='lat' dir='ltr'><strong>itaque</strong></span> <span class='ocrx_word' id='word_1_791' title='bbox 3227 4825 3356 4882; x_wconf 84' lang='lat' dir='ltr'><strong>utile</strong></span> <span class='ocrx_word' id='word_1_792' title='bbox 3385 4827 3635 4896; x_wconf 77' lang='lat' dir='ltr'><strong>superi-is</strong></span> <span class='ocrx_word' id='word_1_793' title='bbox 3657 4841 3747 4881; x_wconf 86' lang='lat' dir='ltr'><strong>re-</strong></span> 
     </span>
    </p>
   </div>
   <div class='ocr_carea' id='block_1_108' title="bbox 2165 4915 3742 4988">
    <p class='ocr_par' dir='ltr' id='par_1_108' title="bbox 2165 4915 3742 4988">
     <span class='ocr_line' id='line_1_108' title="bbox 2165 4915 3742 4988; baseline -0.001 -17"><span class='ocrx_word' id='word_1_794' title='bbox 2165 4932 2287 4972; x_wconf 84' lang='lat' dir='ltr'><strong>rum</strong></span> <span class='ocrx_word' id='word_1_795' title='bbox 2311 4917 2468 4988; x_wconf 84' lang='lat' dir='ltr'><strong>copia</strong></span> <span class='ocrx_word' id='word_1_796' title='bbox 2495 4917 2734 4984; x_wconf 68' lang='lat' dir='ltr'><strong>aﬂuere,</strong></span> <span class='ocrx_word' id='word_1_797' title='bbox 2755 4916 2896 4973; x_wconf 88' lang='lat' dir='ltr'><strong>sicut</strong></span> <span class='ocrx_word' id='word_1_798' title='bbox 2917 4925 2972 4972; x_wconf 91' lang='lat' dir='ltr'><strong>ct</strong></span> <span class='ocrx_word' id='word_1_799' title='bbox 2993 4917 3147 4972; x_wconf 90' lang='lat' dir='ltr'><strong>diviti</strong></span> <span class='ocrx_word' id='word_1_800' title='bbox 3172 4917 3225 4970; x_wconf 91' lang='lat' dir='ltr'><strong>in</strong></span> <span class='ocrx_word' id='word_1_801' title='bbox 3255 4915 3491 4983; x_wconf 83' lang='lat' dir='ltr'><strong>inferno,</strong></span> <span class='ocrx_word' id='word_1_802' title='bbox 3522 4924 3742 4985; x_wconf 85' lang='lat' dir='ltr'><strong>propter</strong></span> 
     </span>
    </p>
   </div>
   <div class='ocr_carea' id='block_1_109' title="bbox 2167 4999 3742 5078">
    <p class='ocr_par' dir='ltr' id='par_1_109' title="bbox 2167 4999 3742 5078">
     <span class='ocr_line' id='line_1_109' title="bbox 2167 4999 3742 5078; baseline -0.002 -15"><span class='ocrx_word' id='word_1_803' title='bbox 2167 5007 2312 5076; x_wconf 88' lang='lat' dir='ltr'><strong>quod</strong></span> <span class='ocrx_word' id='word_1_804' title='bbox 2346 4999 2648 5064; x_wconf 80' lang='lat' dir='ltr'><strong>sustinebat</strong></span> <span class='ocrx_word' id='word_1_805' title='bbox 2685 5023 2895 5078; x_wconf 68' lang='grc' dir='ltr'>ρωπος.</span> <span class='ocrx_word' id='word_1_806' title='bbox 2946 5006 3202 5064; x_wconf 83' lang='lat' dir='ltr'><strong>Misturas</strong></span> <span class='ocrx_word' id='word_1_807' title='bbox 3247 5015 3452 5074; x_wconf 87' lang='lat' dir='ltr'><strong>autem,</strong></span> <span class='ocrx_word' id='word_1_808' title='bbox 3479 5005 3638 5077; x_wconf 87' lang='lat' dir='ltr'><strong>quasi</strong></span> <span class='ocrx_word' id='word_1_809' title='bbox 3672 5008 3742 5060; x_wconf 89' lang='lat' dir='ltr'><strong>de</strong></span> 
     </span>
    </p>
   </div>
   <div class='ocr_carea' id='block_1_110' title="bbox 2166 5098 3745 5170">
    <p class='ocr_par' dir='ltr' id='par_1_110' title="bbox 2166 5098 3745 5170">
     <span class='ocr_line' id='line_1_110' title="bbox 2166 5098 3745 5170; baseline -0.004 -18"><span class='ocrx_word' id='word_1_810' title='bbox 2166 5099 2296 5154; x_wconf 88' lang='lat' dir='ltr'><strong>vino</strong></span> <span class='ocrx_word' id='word_1_811' title='bbox 2333 5099 2529 5166; x_wconf 81' lang='lat' dir='ltr'><strong>dictas,</strong></span> <span class='ocrx_word' id='word_1_812' title='bbox 2571 5099 2772 5170; x_wconf 79' lang='lat' dir='ltr'><strong>Aquila</strong></span> <span class='ocrx_word' id='word_1_813' title='bbox 2800 5099 3052 5168; x_wconf 84' lang='lat' dir='ltr'><strong>exposuit</strong></span> <span class='ocrx_word' id='word_1_814' title='bbox 3080 5114 3301 5164; x_wconf 77' lang='lat' dir='ltr'><strong>cornua,</strong></span> <span class='ocrx_word' id='word_1_815' title='bbox 3334 5112 3454 5166; x_wconf 73' lang='lat' dir='ltr'><strong>qua:</strong></span> <span class='ocrx_word' id='word_1_816' title='bbox 3482 5098 3610 5152; x_wconf 86' lang='lat' dir='ltr'><strong>olim</strong></span> <span class='ocrx_word' id='word_1_817' title='bbox 3640 5111 3745 5166; x_wconf 83' lang='lat' dir='ltr'><strong>pn-</strong></span> 
     </span>
    </p>
   </div>
   <div class='ocr_carea' id='block_1_111' title="bbox 2167 5188 3742 5262">
    <p class='ocr_par' dir='ltr' id='par_1_111' title="bbox 2167 5188 3742 5262">
     <span class='ocr_line' id='line_1_111' title="bbox 2167 5188 3742 5262; baseline -0.003 -18"><span class='ocrx_word' id='word_1_818' title='bbox 2167 5191 2276 5245; x_wconf 85' lang='lat' dir='ltr'><strong>euli</strong></span> <span class='ocrx_word' id='word_1_819' title='bbox 2301 5205 2474 5262; x_wconf 80' lang='lat' dir='ltr'><strong>genus</strong></span> <span class='ocrx_word' id='word_1_820' title='bbox 2504 5201 2694 5258; x_wconf 79' lang='lat' dir='ltr'><strong>erant;</strong></span> <span class='ocrx_word' id='word_1_821' title='bbox 2728 5191 2992 5246; x_wconf 82' lang='lat' dir='ltr'><strong>cornibus</strong></span> <span class='ocrx_word' id='word_1_822' title='bbox 3019 5189 3163 5244; x_wconf 90' lang='lat' dir='ltr'><strong>enim</strong></span> <span class='ocrx_word' id='word_1_823' title='bbox 3208 5189 3484 5250; x_wconf 87' lang='lat' dir='ltr'><strong>bibebant,</strong></span> <span class='ocrx_word' id='word_1_824' title='bbox 3516 5188 3659 5240; x_wconf 83' lang='lat' dir='ltr'><strong>unde</strong></span> <span class='ocrx_word' id='word_1_825' title='bbox 3684 5193 3742 5240; x_wconf 88' lang='lat' dir='ltr'><strong>ct</strong></span> 
     </span>
    </p>
   </div>
   <div class='ocr_carea' id='block_1_112' title="bbox 2168 5276 3738 5352">
    <p class='ocr_par' dir='ltr' id='par_1_112' title="bbox 2168 5276 3738 5352">
     <span class='ocr_line' id='line_1_112' title="bbox 2168 5276 3738 5352; baseline -0.001 -19"><span class='ocrx_word' id='word_1_826' title='bbox 2168 5281 2400 5352; x_wconf 82' lang='grc' dir='ltr'>κεράσαι</span> <span class='ocrx_word' id='word_1_827' title='bbox 2437 5295 2562 5348; x_wconf 78' lang='lat' dir='ltr'><strong>vox,</strong></span> <span class='ocrx_word' id='word_1_828' title='bbox 2593 5283 2696 5336; x_wconf 85' lang='lat' dir='ltr'><strong>hoc</strong></span> <span class='ocrx_word' id='word_1_829' title='bbox 2720 5290 2804 5336; x_wconf 87' lang='lat' dir='ltr'><strong>est</strong></span> <span class='ocrx_word' id='word_1_830' title='bbox 2832 5289 3144 5350; x_wconf 82' lang='lat' dir='ltr'><strong>temperare,</strong></span> <span class='ocrx_word' id='word_1_831' title='bbox 3169 5279 3429 5334; x_wconf 79' lang='lat' dir='ltr'><strong>manavit.</strong></span> <span class='ocrx_word' id='word_1_832' title='bbox 3465 5277 3606 5332; x_wconf 83' lang='lat' dir='ltr'><strong>Vasa</strong></span> <span class='ocrx_word' id='word_1_833' title='bbox 3630 5276 3738 5331; x_wconf 82' lang='lat' dir='ltr'><strong>ita-</strong></span> 
     </span>
    </p>
   </div>
   <div class='ocr_carea' id='block_1_113' title="bbox 2169 5369 3743 5440">
    <p class='ocr_par' dir='ltr' id='par_1_113' title="bbox 2169 5369 3743 5440">
     <span class='ocr_line' id='line_1_113' title="bbox 2169 5369 3743 5440; baseline -0.001 -16"><span class='ocrx_word' id='word_1_834' title='bbox 2169 5379 2278 5440; x_wconf 85' lang='lat' dir='ltr'><strong>que</strong></span> <span class='ocrx_word' id='word_1_835' title='bbox 2323 5381 2452 5426; x_wconf 89' lang='lat' dir='ltr'><strong>sunt</strong></span> <span class='ocrx_word' id='word_1_836' title='bbox 2495 5371 2695 5438; x_wconf 84' lang='lat' dir='ltr'><strong>urbes;</strong></span> <span class='ocrx_word' id='word_1_837' title='bbox 2739 5385 2863 5440; x_wconf 68' lang='lat' dir='ltr'><strong>qua:</strong></span> <span class='ocrx_word' id='word_1_838' title='bbox 2895 5384 3023 5425; x_wconf 89' lang='lat' dir='ltr'><strong>vero</strong></span> <span class='ocrx_word' id='word_1_839' title='bbox 3047 5369 3215 5433; x_wconf 91' lang='lat' dir='ltr'><strong>intus,</strong></span> <span class='ocrx_word' id='word_1_840' title='bbox 3249 5369 3498 5423; x_wconf 86' lang='lat' dir='ltr'><strong>homines</strong></span> <span class='ocrx_word' id='word_1_841' title='bbox 3531 5374 3661 5422; x_wconf 89' lang='lat' dir='ltr'><strong>sunt</strong></span> <span class='ocrx_word' id='word_1_842' title='bbox 3685 5374 3743 5422; x_wconf 90' lang='lat' dir='ltr'><strong>et</strong></span> 
     </span>
    </p>
   </div>
   <div class='ocr_carea' id='block_1_114' title="bbox 2168 5455 3740 5531">
    <p class='ocr_par' dir='ltr' id='par_1_114' title="bbox 2168 5455 3740 5531">
     <span class='ocr_line' id='line_1_114' title="bbox 2168 5455 3740 5531; baseline -0.003 -15"><span class='ocrx_word' id='word_1_843' title='bbox 2168 5461 2390 5516; x_wconf 65' lang='lat' dir='ltr'><strong>divitiae.</strong></span> <span class='ocrx_word' id='word_1_844' title='bbox 2421 5464 2502 5516; x_wconf 80' lang='lat' dir='ltr'><strong>Ita</strong></span> <span class='ocrx_word' id='word_1_845' title='bbox 2544 5461 2665 5520; x_wconf 85' lang='lat' dir='ltr'><strong>illus</strong></span> <span class='ocrx_word' id='word_1_846' title='bbox 2697 5461 2916 5531; x_wconf 83' lang='lat' dir='ltr'><strong>quidem</strong></span> <span class='ocrx_word' id='word_1_847' title='bbox 2949 5460 3311 5524; x_wconf 75' lang='lat' dir='ltr'><strong>abduxerunt,</strong></span> <span class='ocrx_word' id='word_1_848' title='bbox 3349 5459 3448 5514; x_wconf 84' lang='lat' dir='ltr'><strong>has</strong></span> <span class='ocrx_word' id='word_1_849' title='bbox 3475 5471 3604 5513; x_wconf 89' lang='lat' dir='ltr'><strong>vero</strong></span> <span class='ocrx_word' id='word_1_850' title='bbox 3627 5455 3740 5527; x_wconf 73' lang='lat' dir='ltr'><strong>igni</strong></span> 
     </span>
    </p>
   </div>
   <div class='ocr_carea' id='block_1_115' title="bbox 560 5657 2085 5739">
    <p class='ocr_par' dir='ltr' id='par_1_115' title="bbox 560 5657 2054 5739">
     <span class='ocr_line' id='line_1_115' title="bbox 560 5657 2054 5739; baseline 0.001 -28"><span class='ocrx_word' id='word_1_851' title='bbox 560 5657 828 5739; x_wconf 25' lang='lat' dir='ltr'><strong>“nigram.</strong></span> <span class='ocrx_word' id='word_1_852' title='bbox 867 5679 988 5725; x_wconf 72' lang='lat' dir='ltr'><strong>xu,</strong></span> <span class='ocrx_word' id='word_1_853' title='bbox 1014 5663 1082 5739; x_wconf 43' lang='lat' dir='ltr'><strong>At;</strong></span> <span class='ocrx_word' id='word_1_854' title='bbox 1218 5659 1387 5739; x_wconf 87' lang='lat' dir='ltr'><strong>Cor.</strong></span> <span class='ocrx_word' id='word_1_855' title='bbox 1420 5677 1510 5739; x_wconf 81' lang='lat' dir='ltr'><strong>m:_</strong></span> <span class='ocrx_word' id='word_1_856' title='bbox 1535 5661 1588 5716; x_wconf 85' lang='lat'><strong>9.</strong></span> <span class='ocrx_word' id='word_1_857' title='bbox 1666 5661 1713 5695; x_wconf 76' lang='lat'><strong>“</strong></span> <span class='ocrx_word' id='word_1_858' title='bbox 1738 5659 1922 5739; x_wconf 73' lang='lat' dir='ltr'><strong>Matth.</strong></span> <span class='ocrx_word' id='word_1_859' title='bbox 1966 5676 2054 5729; x_wconf 78' lang='lat' dir='ltr'><strong>xv,</strong></span> 
     </span>
    </p>
   </div>
   <div class='ocr_carea' id='block_1_116' title="bbox 2185 5657 3738 5739">
    <p class='ocr_par' dir='ltr' id='par_1_116' title="bbox 2259 5662 3738 5732">
     <span class='ocr_line' id='line_1_116' title="bbox 2259 5662 3738 5732; baseline 0.001 -16"><span class='ocrx_word' id='word_1_860' title='bbox 2259 5663 2302 5695; x_wconf 74' lang='grc'><strong>’⁵⁷</strong></span> <span class='ocrx_word' id='word_1_861' title='bbox 2332 5662 2476 5718; x_wconf 72' lang='lat' dir='ltr'><strong>I’sal.</strong></span> <span class='ocrx_word' id='word_1_862' title='bbox 2511 5679 2698 5732; x_wconf 75' lang='lat' dir='ltr'><strong>Lutx,</strong></span> <span class='ocrx_word' id='word_1_863' title='bbox 2728 5663 2818 5717; x_wconf 81' lang='grc'><strong>15.</strong></span> <span class='ocrx_word' id='word_1_864' title='bbox 2878 5664 2924 5697; x_wconf 71' lang='grc'><strong>⁸⁸</strong></span> <span class='ocrx_word' id='word_1_865' title='bbox 2953 5663 3113 5719; x_wconf 88' lang='lat' dir='ltr'><strong>llebr.</strong></span> <span class='ocrx_word' id='word_1_866' title='bbox 3155 5663 3312 5731; x_wconf 83' lang='lat' dir='ltr'><strong>xn,6.</strong></span> <span class='ocrx_word' id='word_1_867' title='bbox 3377 5665 3420 5696; x_wconf 65' lang='grc' dir='ltr'><strong>δ’</strong></span> <span class='ocrx_word' id='word_1_868' title='bbox 3447 5662 3490 5718; x_wconf 95' lang='grc'><strong>11</strong></span> <span class='ocrx_word' id='word_1_869' title='bbox 3515 5663 3643 5721; x_wconf 82' lang='lat' dir='ltr'><strong>Cor.</strong></span> <span class='ocrx_word' id='word_1_870' title='bbox 3671 5679 3738 5732; x_wconf 80' lang='lat' dir='ltr'><strong>tt,</strong></span> 
     </span>
    </p>
   </div>
   <div class='ocr_carea' id='block_1_117' title="bbox 489 5729 1541 5801">
    <p class='ocr_par' dir='ltr' id='par_1_117' title="bbox 489 5729 1541 5801">
     <span class='ocr_line' id='line_1_117' title="bbox 489 5729 1541 5801; baseline -0.004 -13"><span class='ocrx_word' id='word_1_871' title='bbox 489 5730 520 5788; x_wconf 64' lang='grc' dir='ltr'><strong>ἱ</strong></span> <span class='ocrx_word' id='word_1_872' title='bbox 591 5730 636 5762; x_wconf 81' lang='grc'><strong>³⁸</strong></span> <span class='ocrx_word' id='word_1_873' title='bbox 669 5729 708 5783; x_wconf 92' lang='lat' dir='ltr'><strong>ll</strong></span> <span class='ocrx_word' id='word_1_874' title='bbox 734 5733 861 5786; x_wconf 79' lang='lat' dir='ltr'><strong>Cor.</strong></span> <span class='ocrx_word' id='word_1_875' title='bbox 893 5749 986 5793; x_wconf 82' lang='lat' dir='ltr'><strong>vn,</strong></span> <span class='ocrx_word' id='word_1_876' title='bbox 1021 5732 1106 5785; x_wconf 88' lang='grc'><strong>10.</strong></span> <span class='ocrx_word' id='word_1_877' title='bbox 1146 5732 1188 5763; x_wconf 83' lang='grc'><strong>⁸³</strong></span> <span class='ocrx_word' id='word_1_878' title='bbox 1215 5731 1341 5801; x_wconf 85' lang='lat' dir='ltr'><strong>Sap.</strong></span> <span class='ocrx_word' id='word_1_879' title='bbox 1376 5747 1456 5796; x_wconf 89' lang='grc' dir='ltr'>ιιι,</span> <span class='ocrx_word' id='word_1_880' title='bbox 1489 5732 1541 5784; x_wconf 84' lang='grc'><strong>1.</strong></span> 
     </span>
    </p>
   </div>
  </div>
