4140 6458
2394 139 2431 148 ν’

378 234 501 313 εει
1789 251 1881 308 εχ
1919 257 1928 302 4

2027 250 2221 309 [BENE
3533 257 3640 317 592

371 370 735 428 tradiderunt.
759 369 1056 427 Calamitas
1082 383 1248 441 porro
1265 366 1554 427 confundit
1580 382 1732 439 spem
1761 367 1816 422 in
1839 366 1922 422 da:

2055 364 2384 436 ἐνέπρησαν.
2410 360 2777 433 Καταισχύνει
2806 360 2863 416 δὲ
2890 361 2989 426 τὰς
3019 362 3112 416 ἐπὶ
3142 362 3391 436 δαίμοσιν
3416 366 3644 437 ἱλπίδας

372 462 634 520 monibus
659 463 916 528 positam,
947 476 1063 531 spes
1094 468 1274 514 autem
1308 460 1365 513 in
1395 457 1563 514 Deum
1592 474 1696 512 non
1724 458 1928 528 confiat

2057 457 2090 527 η
2121 454 2406 527 συμφορά·
2436 456 2475 524 ὴ
2507 453 2575 509 δὲ
2597 454 2697 508 ἐπὶ
2740 454 2889 508 Θεὸν
2905 455 3083 523 ἐλπὶς
3114 458 3187 510 οὐ
3222 462 3641 530 καταισχύνει.

370 557 452 611 dit
479 555 546 609 ⁸⁸.
576 553 635 610 in
675 554 863 610 Betbel
905 561 1085 608 autem
1123 550 1299 608 erexit
1337 548 1627 607 Jeroboam
1657 550 1859 605 vitulos
1898 550 1928 605 ii

2067 548 2156 602 Ἐν
2197 548 2254 602 δὲ
2292 551 2359 621 τῇ
2390 546 2593 620 Βαιθὴλ
2627 547 2824 618 ἔστησε
2848 547 2948 613 τὰς
2981 548 3244 620 δαμάλεις
3283 551 3313 603 ὁ
3361 552 3639 627 Ἱεροϐοὰμ

372 648 642 703 Samaria.
678 645 797 702 Non
824 653 1007 701 autem
1030 644 1126 714 qui
1150 642 1283 699 dicit
1302 656 1363 699 se
1383 640 1577 697 fortem
1597 656 1740 707 esse,
1767 642 1928 697 salva:

2053 642 2112 696 ἐν
2136 642 2205 713 τῇ
2240 639 2543 712 Σαμαρείᾳ.
2574 641 2686 713 Ούχ
2717 642 2747 693 ὁ
2774 639 2951 712 λέγων
2978 642 3035 695 δὲ
3056 642 3273 715 ἰσχυρὸς
3299 637 3442 699 εἶναι
3474 645 3642 711 σώζει

368 744 448 798 tit.
494 739 620 794 Non
653 743 804 796 enim
848 736 1088 792 salvetur
1131 750 1225 791 rea:
1263 744 1477 806 propter
1520 732 1742 788 multam
1773 734 1953 788 uirtu-

369 831 558 887 tem".
590 831 717 886 Dies
764 838 948 885 autem
993 827 1186 896 Moab,
1231 838 1444 898 tempus
1483 835 1570 882 est
1617 825 1946 895 punitionis;

366 923 573 979 malitia
625 937 779 989 vero,
823 921 1042 977 dolores
1089 935 1230 990 quos
1285 919 1374 975 ille
1430 920 1696 990 patietur;
1748 919 1951 975 excitat

377 1033 507 1073 vero
540 1031 732 1071 omnes
760 1014 855 1085 qui
885 1014 939 1069 in
981 1014 1214 1069 circuitu
1245 1020 1394 1077 sunt,
1436 1020 1497 1066 ut
1521 1011 1801 1066 insultent.
1832 1008 1948 1066 Hoc

363 1108 509 1164 enim
537 1107 639 1162 sibi
674 1107 789 1162 vult
813 1106 968 1170 illud,
1001 1115 1196 1159 movete
1219 1104 1290 1167 ",
1316 1104 1421 1159 hoc
1451 1111 1536 1159 est
1565 1104 1633 1157 ad
1658 1101 1943 1159 confusio-

363 1215 509 1264 nem,
541 1208 595 1253 et
622 1198 890 1263 dolorem,
935 1205 990 1252 et
1023 1196 1321 1253 tristitiam.
1360 1195 1501 1249 Nam
1529 1194 1672 1249 Deus
1702 1192 1943 1263 superbis

362 1290 560 1345 resistit
584 1289 653 1343 ³⁸.

429 1403 521 1457 25.
570 1400 638 1456 Ει
672 1402 943 1455 brachium
973 1398 1087 1469 ejus
1131 1399 1462 1466 confractum
1511 1407 1612 1452 est.
1650 1395 1942 1451 Brachium

362 1495 448 1551 vel
499 1502 777 1562 sceptrum
825 1491 1118 1561 signiﬁcat,
1151 1490 1237 1545 vel
1267 1489 1537 1555 subditos,
1577 1487 1662 1542 vel
1693 1486 1944 1543 mercede

360 1585 680 1641 conductos.
718 1582 1000 1653 Ἐπίχειρα
1027 1583 1173 1636 enim
1204 1593 1412 1634 merces
1440 1587 1541 1633 est.

430 1675 522 1730 26.
567 1673 635 1727 Et
665 1675 899 1744 pulsabit
935 1671 1095 1726 Moab
1126 1672 1181 1726 in
1214 1688 1375 1724 manu
1407 1687 1527 1724 sua.
1566 1669 1797 1725 Plaudet
1823 1670 1942 1726 ma-

359 1768 523 1826 nibus
546 1740 747 1837 quibus
773 1766 1029 1819 deridens
1064 1764 1228 1818 Israel
1256 1769 1311 1818 ct
1346 1763 1400 1816 in
1430 1762 1599 1817 Deum
1633 1762 1941 1832 petulanter
1968 1740 2014 1796 Β

358 1876 419 1916 se
436 1875 630 1930 gerens
649 1856 959 1929 plaudebat.
996 1857 1098 1922 Qui
1125 1872 1253 1911 vero
1279 1854 1669 1910 munitioribus
1701 1853 1971 1908 lidebant-

359 1952 607 2017 urbibus,
643 1949 847 2004 relictis
874 1948 1004 2011 illis,
1038 1948 1092 2002 iu
1125 1947 1293 2017 petris
1325 1946 1645 2000 habitabant
1677 1941 1746 1998 ad
1773 1942 1940 1998 vallea

356 2042 571 2113 positis,
625 2039 863 2095 azmulati
906 2038 1190 2094 columbas
1220 2038 1274 2090 iu
1313 2035 1538 2091 libidine
1576 2044 1630 2089 et
1664 2032 1935 2088 fatuitate.

356 2134 696 2202 Quandoque
729 2131 875 2186 enim
921 2131 973 2184 in
1011 2130 1148 2184 locis
1184 2127 1486 2190 nidiﬁcant,
1523 2126 1668 2182 unde
1696 2125 1939 2181 volentes

355 2225 516 2281 laciie
559 2225 737 2294 pullos
774 2224 991 2277 tollunt.
1040 2219 1201 2276 Salax
1250 2235 1380 2276 vero
1418 2227 1504 2276 est
1543 2234 1607 2274 ac
1635 2218 1857 2284 stultus,
1883 2223 1940 2272 et

354 2317 448 2385 qui
486 2316 816 2387 Beelphcgor
842 2315 1110 2380 initiatur,
1135 2313 1391 2367 inanibus
1414 2321 1473 2366 et
1498 2309 1787 2365 inutilibus
1820 2309 1937 2363 ido-

353 2411 422 2465 lis
453 2409 705 2465 addictus
732 2417 835 2474 est,
872 2407 1051 2478 qualis
1081 2417 1200 2462 erat
1221 2404 1418 2460 Moab:
1453 2403 1600 2457 Dixit
1632 2402 1780 2458 enim
1804 2402 1938 2455 iusi-

349 2501 497 2573 pieus
534 2501 589 2554 in
628 2500 782 2554 corde
830 2514 967 2553 suo:
996 2498 1119 2552 Non
1165 2508 1241 2552 est
1299 2497 1535 2564 Deus“;
1590 2495 1676 2550 vel
1722 2494 1957 2550 nullum.

349 2593 575 2646 omnino
595 2608 716 2647 esse
747 2589 917 2645 Deum
949 2598 1168 2660 putans,
1194 2588 1281 2643 vel
1309 2586 1477 2642 Deum
1501 2602 1689 2645 verum
1716 2586 1936 2656 penitus

349 2682 604 2757 ignorare
635 2683 903 2751 cogitans.

950 2928 1103 2984 CAP.
1146 2928 1334 2985 XLIX.

418 3022 510 3077 54.
554 3020 889 3090 ραιειιιιιιμιε
930 3021 1258 3090 prophetarit
1307 3020 1593 3076 Jeremias.
1648 3016 1926 3073 Visionem

2052 749 2159 785 ται.
2184 733 2267 785 Οὐ
2290 730 2397 804 γὰρ
2411 729 2651 792 σώζεται
2665 732 2965 798 βασιλεὺς
2980 731 3077 786 διὰ
3095 731 3342 803 πολλὴν
3359 733 3641 806 δύναμιν.

2063 821 2280 895 Ἡμέρα
2312 822 2367 877 δὲ
2408 821 2582 878 Μωάϐ
2620 823 2719 894 τῆς
2755 823 3032 889 κολάσεως
3060 826 3089 879 ὀ
3129 826 3356 898 καιρόςο
3401 829 3642 901 πονηρία

2050 913 2107 968 δὲ
2149 915 2218 969 τά
2247 914 2667 988 καταληψόμενα
2706 915 2895 971 τοῦτον
2922 916 3175 972 ἐπίπονα.
3220 916 3387 983 Ἀξιοῐ
3420 919 3479 974 δὲ
3512 921 3642 988 τοὺς

2050 1006 2235 1078 κύκλῳ
2255 1007 2463 1072 πάντας
2485 1007 2834 1080 ἐπεμϐαίνειν
2865 1008 3012 1080 αύτῷ
3031 1026 3045 1039 “
3058 1008 3216 1064 τοῦτο
3233 1009 3343 1083 γὰρ
3370 1011 3454 1079 τὸ,
3471 1013 3641 1083 κινή-

2047 1110 2216 1162 σατε,
2249 1097 2493 1168 δηλονότι
2516 1098 2653 1171 πρὸς
2673 1099 2936 1172 αἰσχύνην
2956 1100 3049 1154 καὶ
3064 1098 3261 1172 λύπην.
3303 1103 3638 1176 Ύπερηεοά-

2045 1203 2175 1254 νοις
2212 1188 2320 1260 γὰρ
2353 1191 2386 1243 ό
2418 1188 2563 1257 Θεὸς
2585 1189 3028 1247 ἀντιτάσσεται.

2115 1358 2205 1415 25.
2247 1360 2359 1415 Kal
2396 1361 2462 1417 τὸ
2502 1363 2808 1436 ἐπίχειρον
2839 1366 3030 1421 αὑτοῦ
3075 1372 3419 1440 συνετρίϐη.
3481 1371 3639 1430 Ἐπί-

2046 1450 2280 1522 χειρονῆ
2325 1449 2385 1503 τδ
2426 1452 2706 1525 σκῆπτρον
2746 1454 3099 1527 παρίστησιν,
3152 1457 3186 1530 ἢ
3224 1460 3354 1525 τοὺς
3397 1461 3502 1516 ύπὺ
3531 1463 3637 1537 τὴν

2044 1538 2240 1611 ἀρχὴν,
2288 1541 2322 1613 ἢ
2366 1543 2494 1608 τοὺς
2535 1544 2861 1615 μισθωτούς.
2908 1548 3193 1623 Ἐπίχειρα
3218 1551 3381 1625 γάρὸ
3413 1554 3629 1624 μισθός.

2117 1632 2207 1687 26.
2268 1635 2381 1689 Καὶ
2448 1636 2797 1707 ἐπικρούσει
2851 1639 3034 1694 Μωὰϐ
3084 1641 3155 1695 ἐν
3204 1644 3354 1712 χειρὶ
3416 1646 3629 1705 αὑτοῦ.

2054 1726 2439 1800 Ἐπικροτήσει
2462 1731 2578 1793 ταῖς
2597 1728 2806 1802 χερσὶν,
2832 1718 2921 1794 αἷς
2957 1730 3260 1805 ὲπιχαίρων
3286 1732 3365 1805 τῷ
3412 1736 3628 1809 Ἰσραὴλ

2040 1812 2137 1867 καὶ
2168 1813 2311 1868 κατὰ
2341 1813 2476 1869 Θεοῦ
2520 1815 2918 1889 θρασυνόμενος
2962 1821 3273 1892 ἐπεκρότει.
3309 1825 3373 1877 Οἱ
3418 1825 3474 1878 δὲ
3514 1829 3631 1891 τοῖς

2039 1901 2360 1975 ὀχυρώμασι
2393 1905 2717 1970 πεποιθότες
2737 1906 2848 1961 τῶν
2877 1908 3106 1975 πόλεων,
3142 1910 3347 1977 ταύτας
3376 1914 3630 1984 ἀφέντες,

2040 1999 2099 2051 ὲν
2158 1997 2389 2070 πέτραις
2433 1998 2610 2071 ᾤκουν
2662 2001 3099 2073 παρακειμέναις
3158 2006 3280 2069 ταῖς
3334 2007 3634 2080 φάραγξιν,

2042 2088 2368 2162 μιμούμενοι
2402 2092 2731 2165 περιστεράς
2762 2091 2905 2147 κατά
2930 2094 3028 2167 τὴν
3054 2095 3340 2167 ἀσέλγειαν
3364 2101 3457 2153 καὶ
3484 2102 3629 2156 κατὰ

2037 2181 2137 2252 τὴν
2184 2182 2393 2238 ἄνοιαν.
2444 2184 2855 2258 Ἐμφωλεύουσι
2892 2185 3004 2259 γὰρ
3045 2186 3157 2242 ἔσθ’
3183 2189 3272 2245 ὅτε
3312 2191 3517 2259 τόποις,
3565 2198 3628 2266 ἐξ

2037 2267 2113 2327 ὧν
2146 2276 2194 2329 oi
2235 2274 2548 2349 βουλόμενοι
2577 2279 2779 2351 ῥᾳδίως
2807 2280 3168 2355 ἀφαιροῦνται
3201 2286 3327 2349 τοὺς
3356 2287 3624 2355 νεοττούς.

2050 2365 2310 2441 Ἀσελγὴς
2357 2369 2415 2423 δὲ
2466 2370 2561 2424 καὶ
2610 2373 2639 2425 ὁ
2678 2372 3005 2446 τελούμενος
3050 2377 3127 2448 τῷ
3168 2377 3496 2453 Βεελφεγὸρ,
3529 2384 3627 2437 καὶ

2035 2456 2196 2522 ἄνους
2243 2461 2338 2513 καὶ⁵
2382 2463 2494 2525 τοῖς
2548 2463 2800 2534 ματαίοις
2851 2467 2947 2521 καὶ
3006 2468 3339 2539 ἀνωφελέσιν
3388 2470 3629 2538 είδὼλοις

2036 2550 2433 2622 προσκείμενος
2454 2570 2468 2583 ·
2503 2555 2688 2619 ὁποῖος
2711 2551 2779 2628 ἦν
2808 2558 2836 2611 ό
2875 2558 3069 2614 Μωάϐ.
3104 2555 3254 2614 Εἷπε
3282 2560 3391 2633 γὰρ
3420 2563 3628 2633 ἄφρων

2032 2640 2104 2693 ἐν
2129 2642 2346 2712 καρδίᾳ
2375 2645 2564 2700 αὐτοῦ
2584 2662 2597 2676 ·
2631 2648 2754 2702 Οὐκ
2784 2648 2917 2703 ἔστι
2952 2651 3118 2718 Θεὸς,
3148 2652 3180 2724 ἢ
3211 2654 3437 2707 καθόλου
3467 2655 3629 2721 ἄθεος

2032 2730 2130 2815 t'ov,
2169 2733 2202 2804 ἢ
2239 2733 2330 2787 τὸν
2359 2733 2529 2800 ὄντως
2550 2736 2680 2791 ὄντα
2707 2738 2842 2795 Θεὸν
2882 2742 2958 2814 μὴ
2993 2743 3189 2798 είδέναι
3223 2745 3505 2811 παντελῶς
3538 2748 3625 2803 λο-

2032 2822 2337 2897 γιζόμενος.

2633 2925 2788 2979 ΚΕΦ.
2816 2926 2960 2982 ΜΘ.⁸

2100 3009 2190 3066 54.
2247 3012 2305 3067 Ἃ
2365 3014 2820 3086 προεφήτευσεν
2889 3020 3193 3090 Ἱερεμίας.
3257 3022 3493 3095 Ταύτην,
3544 3041 3624 3090 ως

346 3113 510 3179 banc,
546 3121 607 3166 ut
646 3110 916 3176 dicebam,
968 3109 1320 3180 Septuaginta
1359 3110 1580 3180 quidem
1620 3108 1928 3164 visionibus

2031 3099 2237 3171 ἔλεγον,
2282 3104 2331 3157 oi
2372 3105 2473 3176 μὲν
2534 3108 2940 3181 Ἐϐδομήκοντα
2985 3110 3098 3165 τῶν
3130 3110 3273 3166 κατά
3317 3093 3621 3169 τῶννὲθνῶν

344 3212 537 3258 contra
600 3211 787 3272 gentes
842 3216 1225 3272 praeposuere;
1287 3203 1468 3258 caeteri
1528 3217 1657 3259 vero
1711 3210 1923 3258 contra.

346 3293 527 3350 Ailam
556 3308 690 3365 gens
716 3293 954 3350 Arabica
983 3304 1067 3349 est
1100 3294 1399 3366 itubroque
1430 3295 1568 3352 mari
1605 3296 1840 3367 adjacet.

413 3472 501 3528 55.
542 3471 818 3528 Contritus
848 3481 927 3528 est
967 3487 1124 3527 arcus
1157 3471 1363 3528 Elam.
1414 3474 1664 3530 Arcubus
1691 3475 1837 3530 enim
1871 3482 1926 3530 et

342 3564 635 3635 sagittandi
664 3564 857 3635 peritia
881 3563 1292 3636 superbiebant,
1319 3565 1448 3635 quia
1477 3582 1585 3621 non
1614 3565 1926 3621 didicerunt

340 3671 568 3725 canere;
605 3673 712 3712 non
750 3657 896 3713 enim
938 3660 996 3712 in
1037 3673 1167 3713 arcu
1212 3674 1325 3713 meo
1362 3661 1604 3727 sperabo,
1636 3669 1687 3714 et
1717 3659 1923 3728 [ramea

339 3763 455 3801 mea
481 3764 585 3802 non
607 3748 833 3803 salvabit
856 3765 937 3803 me
969 3750 1038 3804 ⁸⁷.
1068 3748 1271 3805 Gentes
1315 3765 1447 3805 vero
1482 3750 1725 3807 minatur
1769 3766 1828 3806 se
1862 3751 1918 3807 in

337 3850 464 3890 eum
494 3838 708 3893 cunctis
740 3852 771 3893 ο
796 3839 1044 3907 partibus
1074 3840 1463 3895 excitaturum.
1494 3838 1839 3912 Quapropter
1865 3850 1921 3897 et

338 3937 534 3985 ventos
564 3938 747 3998 partes
775 3934 868 3985 eas
897 3930 1051 3985 unde
1068 3931 1340 3998 venirent,
1374 3932 1632 4001 appellat.

408 4020 570 4092 313
615 4021 888 4091 Ejusdem.
915 4021 1307 4093 Unusquisque
1335 4033 1584 4079 nostrum
1604 4024 1761 4096 juxta
1778 4040 1917 4083 con-

334 4114 595 4171 ditionem
640 4131 795 4171 suam
836 4116 915 4171 vel
957 4115 1216 4172 IEIamita
1242 4124 1346 4180 est,
1378 4116 1466 4173 vel
1499 4115 1791 4185 Idumaeas,
1819 4102 1939 4174 .vel‘

333 4205 591 4273 Moabita,
625 4211 705 4263 vel
737 4209 1048 4281 Egyptius,
1081 4209 1164 4264 vel
1189 4206 1453 4264 lsraelita.
1485 4207 1634 4264 Fieri
1656 4224 1791 4265 vero
1814 4224 1916 4280 po-

333 4305 437 4351 test
463 4307 520 4353 ut
541 4298 664 4368 quis
688 4298 755 4354 de
777 4296 884 4368 alia
910 4308 1067 4369 gente
1094 4307 1336 4354 transeat
1366 4298 1421 4354 in
1443 4298 1607 4355 aliam
1629 4298 1911 4355 meliorem

330 4386 413 4441 vel
446 4386 717 4457 peiorem;
752 4402 940 4460 gentes
982 4390 1151 4456 enim,
1196 4391 1343 4460 quod
1374 4390 1444 4446 ad
1476 4391 1716 4446 animam
1742 4391 1912 4462 perti-

329 4488 443 4545 net,
474 4480 641 4534 altera
679 4480 732 4534 in
779 4482 1003 4535 alteram
1050 4483 1267 4553 migrat.
1302 4482 1574 4539 Caeterum
1606 4466 1908 4555 unusquis-

326 4584 435 4640 que
468 4581 740 4637 nostrum,
770 4587 871 4641 pro
909 4587 976 4627 eo
1016 4574 1162 4643 quod
1208 4573 1314 4630 sibi
1360 4574 1772 4642 tbesaurizavit,
1815 4575 1912 4634 ira

328 4653 544 4711 Domini
576 4659 802 4714 calicem
829 4659 993 4727 bibet,
1020 4676 1192 4732 parte,
1223 4664 1308 4719 vel
1335 4671 1668 4734 temperatae.
1701 4662 1909 4725 Omnes

325 4746 473 4802 enim
498 4749 843 4817 peccavimus
869 4750 991 4819 plus
1015 4754 1098 4808 vel
1124 4754 1328 4821 minus,
1363 4763 1418 4810 et
1443 4756 1907 4824 quemadmodum

324 4837 491 4892 Israel
533 4855 732 4897 nomen
770 4844 933 4899 traxit
966 4845 1035 4901 ab
1063 4861 1130 4902 eo
1156 4847 1304 4917 quod
1344 4845 1497 4914 fecit,
1529 4863 1658 4904 eum
1695 4864 1906 4921 praeva-

324 4928 519 4985 luisset
546 4932 884 4989 luctandoin
922 4935 1110 5004 Deum,
1137 4938 1217 4994 sic
1247 4938 1475 5009 projecti
1500 4940 1725 5011 quidam
1753 4949 1904 5008 sunt,

323 5022 690 5090 rituperabiles
744 5025 1055 5096 Elamitw;
1113 5030 1193 5086 sic
1250 5031 1399 5086 enim
1457 5031 1902 5101 interpretantur.

323 5112 533 5170 Dantur
567 5128 746 5173 autem
796 5120 831 5174 ii
878 5122 945 5177 de
987 5123 1188 5192 quibus
1226 5123 1316 5178 hic
1348 5137 1550 5187 sermo,
1582 5124 1740 5194 juxta
1779 5123 1903 5181 illos

323 5218 463 5271 quos
497 5209 799 5265 secundant
847 5211 1237 5281 Apostolum"
1281 5212 1423 5268 Deus
1464 5214 1687 5268 tradidit
1726 5214 1784 5268 in
1814 5230 1899 5268 re—

320 5293 540 5362 probum
563 5315 795 5364 sensum,
824 5302 879 5354 in
909 5304 1180 5371 passiones
1214 5304 1540 5375 ignomiuiw,
1568 5304 1778 5372 ventis;
1806 5321 1903 5362 eos

321 5397 452 5438 vero
479 5384 682 5445 Paulus
713 5393 994 5461 apostolus
1028 5394 1290 5450 describit
1317 5396 1572 5466 inquiens
1592 5398 1661 5465 ”,
1693 5414 1757 5453 ne
1788 5414 1904 5453 am-

321 5474 461 5541 plius
507 5479 822 5545 ﬂuctuemus
862 5494 912 5537 et
944 5488 1389 5556 circumferamur
1427 5492 1571 5545 annui
1621 5501 1770 5546 vento
1808 5493 1905 5544 do-

2029 3189 2275 3262 ὁράσεων
2334 3193 2681 3267 προῦταξαν*
2736 3199 2787 3252 οἱ
2839 3200 2895 3252 δὲ
2937 3199 3115 3254 λοιποὶ
3151 3202 3487 3259 τούναντίον.
3530 3208 3623 3263 Αί-

2030 3280 2141 3353 λάμ
2169 3283 2225 3336 δὲ
2261 3283 2412 3349 ἔθνος
2454 3286 2740 3357 Ἀραϐικὸν
2781 3289 2918 3361 πρὸς
2960 3293 3027 3362 τῇ
3084 3292 3321 3367 Ἐρυθρᾷ
3364 3280 3623 3369 κείμενον

2030 3373 2293 3451 θαλάσσῃ.

2098 3465 2187 3521 '55.
2226 3469 2550 3538 Συνετρίϐη
2587 3470 2655 3524 τὸ
2691 3472 2870 3537 τόξον
2917 3476 3129 3545 Aucta.
3184 3478 3475 3548 Ἑφρόνουν
3509 3481 3618 3555 γὰρ

2026 3556 2118 3610 ἐπὶ
2138 3556 2321 3631 τοξείᾳ
2350 3559 2424 3632 μὴ
2460 3559 2726 3632 μαθόντες
2749 3562 2991 3634 ψάλλειν.
3044 3569 3127 3629 Οὐ
3159 3567 3268 3640 γὰρ
3301 3569 3400 3625 ἐπὶ
3432 3571 3495 3626 τὸ
3521 3573 3615 3627 τό·

2024 3649 2138 3716 εον
2158 3669 2279 3721 μου
2318 3651 2526 3718 ἐλπιῶ,
2563 3654 2661 3708 καὶ
2693 3655 2731 3724 ἠ
2756 3657 3017 3726 ῥομφαία
3042 3675 3162 3728 μου
3198 3661 3271 3714 οὐ
3299 3659 3486 3716 σώσει
3512 3679 3614 3732 με.

2027 3741 2199 3813 Ἕθνη
2225 3742 2281 3795 δὲ
2313 3743 2650 3815 πανταχόθεν
2682 3746 2896 3800 ἀπειλεῖ
2927 3754 3096 3805 κινεῖν
3130 3752 3217 3806 ἐπ’
3240 3753 3419 3808 αὐτόν.
3448 3754 3611 3809 Ὅθεν

2022 3831 2259 3903 ἀνέμους
2286 3833 2351 3887 ὲκ
2383 3833 2491 3887 τῶν
2519 3834 2641 3891 ὅθεν
2672 3836 2939 3909 ὡρμῶντο
2977 3841 3151 3895 καλεῖ.

2098 4005 2209 4062 Τοῦ
2241 4008 2448 4063 αὐτοῦ.
2497 4008 2765 4075 Ἕκαστος
2801 4011 2965 4083 ἡμῶν·
2993 4013 3279 4085 ἀναλόγως
3321 4019 3386 4089 τῇ
3432 4033 3608 4072 κατα-

2020 4097 2209 4155 στάσει
2246 4100 2280 4172 ἧ
2321 4101 2627 4175 Αἱλαμίτης
2673 4102 2965 4176 ὁμώνυμός
3012 4108 3241 4180 ὲστιν,ἢ
3288 4109 3607 4183 Ἰδουμαῖος,

2016 4188 2051 4260 ἦ
2083 4188 2418 4263 Μωαϐίτης,
2460 4195 2494 4264 ἢ
2538 4194 2853 4263 Αἰγύπτιος,
2901 4196 2934 4269 ἢ
2978 4197 3340 4271 Ἰσραηλίτης.
3372 4203 3609 4259 Δυνατὸν

2015 4282 2073 4336 δὲ
2104 4283 2459 4355 μεταϐάλλειν
2491 4285 2550 4352 ἐξ
2582 4288 2772 4358 ἑτέρου
2806 4288 2992 4355 ἔθνους
3023 4292 3104 4355 είς
3142 4291 3328 4363 ἕτερον
3361 4298 3608 4366 κρεῖττον

2016 4373 2049 4444 ἦ
2084 4377 2265 4447 χεῖρον
2283 4392 2297 4407 ο
2336 4376 2406 4430 τὰ
2434 4376 2641 4449 ψυχικά
2674 4379 2782 4449 γὰρ
2809 4378 2937 4451 ἔθνη
2970 4381 3332 4452 μεταπίπτειν
3358 4383 3498 4438 οἶδεν
3525 4388 3606 4450 εἰς

1939 4436 1992 4498 D
2016 4436 2241 4536 άλληλα.
2274 4466 2421 4539 Πλὴν
2436 4436 2665 4532 iugero;
2729 4436 2844 4540 μῶν
2871 4436 3148 4541 ἀναλόγως
3170 4470 3251 4537 οἷς
3273 4436 3605 4547 sancitum};

2017 4558 2202 4612 πίεται
2255 4557 2317 4612 τὸ
2363 4560 2464 4631 τῆς
2512 4559 2682 4633 ὀργῆς
2728 4561 2934 4633 Κυρίου
2983 4565 3241 4636 ποτήριον
3283 4564 3523 4639 ἀκράτου
3566 4568 3602 4640 ἦ

2014 4651 2449 4724 κεκερασμένης.
2478 4653 2689 4717 Πάντες
2713 4653 2822 4725 γὰρ
2847 4654 3166 4728 ἡμάρτομεν
3196 4655 3354 4710 πλέον
3386 4657 3418 4728 ἢ
3449 4657 3605 4713 ἐλατ-

2013 4758 2126 4795 τον.
2174 4742 2262 4805 Ὧς
2295 4742 2351 4795 δὲ
2398 4743 2615 4816 Ἰσραὴλ
2639 4744 2925 4817 ἐπώνυμος
2956 4748 3179 4818 γέγονεν
3205 4741 3248 4815 ᾧ
3279 4750 3599 4823 πεποίηκεν,

2016 4832 2242 4906 ἰσχύσας
2267 4833 2405 4907 πρὸς
2431 4835 2521 4889 τὸν
2569 4835 2703 4889 Θεὸν
2746 4837 2802 4890 ὲν
2837 4840 2903 4908 τῇ
2940 4838 3108 4910 πάλῃ,
3150 4837 3293 4892 οὕτω
3324 4840 3469 4904 τινές
3496 4844 3601 4896 εἰσι

2012 4926 2489 5001 περιϐεϐλημένοι,
2525 4929 2739 4999 ψεκτοὶ
2775 4930 3084 5003 Δίλαμῖται·
3121 4930 3264 4985 οὕτω
3290 4932 3400 5005 γὰρ
3427 4934 3604 5006 ἑρμη-

2011 5022 2279 5078 νεύονται.
2313 5022 2759 5095 Παραϐάλλονται
2787 5023 2841 5077 δὲ
2864 5024 2958 5089 οὒς
2982 5024 3122 5080 κατά
3149 5025 3240 5079 τὸν
3285 5026 3599 5080 Ἀπόστολον

2010 5112 2358 5184 παρέδωκεν
2370 5117 2403 5169 ό
2429 5116 2574 5183 Θεὸς
2597 5118 2685 5183 εὶς
2703 5115 2994 5188 ἀδόκιμον
3009 5117 3180 5183 νοῦν,
3199 5120 3285 5184 είς
3300 5116 3458 5185 πάθη
3477 5119 3602 5173 dro-

2003 5207 2169 5277 μίας,
2199 5206 2451 5278 ἀνέμοις·
2490 5207 2639 5278 δῆλοι
2663 5207 2720 5261 δὲ
2751 5209 2894 5273 τίνες
2910 5210 2960 5262 οἱ
2990 5209 3117 5280 περὶ
3134 5202 3209 5263 ὧν
3238 5209 3436 5277 ὁλόγος
3450 5207 3599 5263 Παύ-

2009 5301 2100 5367 λος
2137 5300 2310 5356 εἰπών
2329 5319 2342 5332 ·
2373 5302 2507 5357 Ἵνα
2531 5300 2745 5373 μηκέτι
2781 5295 2939 5371 ὦμεν
2964 5300 3454 5371 κλυδωνιζόμενοι
3496 5301 3592 5355 κοί

2009 5396 2459 5465 περιφερόμενοι
2511 5394 2689 5449 παντί
2744 5394 2941 5464 ἀνέμῳ
2988 5394 3385 5459 διδασκαλίας
3418 5393 3488 5445 ἐν
3521 5390 3593 5461 τῇ

2011 5488 2223 5556 κυϐειᾳ
2290 5486 2411 5542 τῶν
2477 5486 2803 5557 ἀνθρώπων
2829 5525 2844 5551 ,
2902 5488 2972 5542 ἐν
3023 5485 3100 5556 τῇ
3156 5483 3437 5556 μεθοδείᾳ
3487 5480 3596 5538 τοῦ

392 5589 439 5673 ξς
474 5588 629 5649 Rom.
662 5612 724 5673 ν,
750 5597 803 5649 ες.
826 5599 888 5673 Ῐ³
910 5597 1067 5673 fsnl.
1104 5617 1276 5668 xxxu,
1313 5604 1398 5660 l6.
1487 5605 1534 5638 ’δ
1562 5605 1764 5663 Jerem.
1794 5621 1928 5673 xui,

2029 5642 2044 5659 .
2120 5604 2164 5636 ⁸⁸
2193 5601 2310 5659 Jac.
2337 5619 2410 5668 Iv,
2438 5602 2492 5659 6.
2546 5604 2594 5637 “
2618 5603 2761 5659 Psal.
2795 5618 2915 5670 xm,
2950 5600 3002 5658 l.
3079 5602 3121 5634 ⁸⁷
3154 5600 3303 5657 Psal.
3339 5611 3501 5667 xmt,
3526 5593 3589 5657 ’1ο
3630 5618 3631 5621 ‘

322 5656 368 5690 "‘
400 5656 555 5714 Rom.
593 5681 628 5731 ι,
660 5667 748 5721 ‘28.
823 5668 868 5701 ⁸³
908 5668 1105 5740 Epltcs.
1144 5689 1217 5739 tv,
1254 5656 1336 5728 ίιί.
