4140 6428
507 478 613 533 5‘55

1750 472 2059 531 SELECTA
2100 475 2165 530 IN
2201 476 2568 534 JEREMIAM.

3673 497 3787 555 ενι

498 594 799 660 πλάνους.
832 591 1191 664 Περιφέρεται
1210 589 1269 644 δὲ
1292 590 1453 645 παντὶ
1480 589 1667 662 ἀνέμῳ
1694 592 1723 646 6
1747 589 2088 663 παραϐεϐλη-

2203 598 2411 656 ctrina.
2443 597 2495 650 in
2527 595 2654 649 ludo
2682 596 2953 651 hominum
2994 609 3045 653 et
3088 602 3375 674 disciplina
3400 610 3619 665 erroris.
3651 611 3782 666 Cir-

500 688 668 760 ιιένος
696 687 807 741 εἴτε
844 684 1212 751 διδασκαλίας,
1264 682 1374 739 εἴτε
1408 683 1604 755 θυμοῦ,
1648 683 1760 741 εἴτε
1795 682 2088 755 ἐπιθυμίας

500 778 710 850 ἀνέμῳ.
747 778 969 847 Ἀνεμοι
995 775 1052 841 δὲ
1078 775 1339 847 τέσσαρες
1370 776 1578 844 γενικοὶ
1608 776 1974 848 ταράσσοντες
1988 773 2089 846 τὴν

499 871 790 944 ἀνθρώπου
812 869 1010 942 ψυχὴν,
1042 868 1349 941 ἐπιθυμίαι
1369 868 1553 938 φόϐος,
1583 869 1767 941 ἡδονὴ,
1805 867 1974 941 λύπη,
2008 862 2091 932 οἷς

500 963 829 1035 Αίλαιμίτης
876 964 942 1017 ὲκ
981 960 1074 1016 τοῦ
1116 960 1253 1016 Θεοῦ
1293 960 1679 1031 καταλειφθεὶς
1708 960 2087 1030 παραδέδοται.

515 1054 677 1109 Ἀλλὰ
701 1055 753 1109 τί
777 1055 836 1108 τὸ
857 1054 1011 1121 τόξον
1038 1052 1242 1126 Δίλὰμ,
1267 1055 1325 1108 ὲν
1347 1045 1393 1121 ᾧ
1414 1054 1448 1126 ἡ
1466 1051 1611 1124 ἀρχὴ
1629 1052 1728 1125 τῆς
1748 1051 2087 1117 δυναστείας,

497 1147 664 1212 αὐτὸς
704 1148 810 1219 ἔφη
844 1146 1097 1218 μελῳδῶν
1135 1146 1164 1199 6
1196 1145 1363 1202 Δαυΐό
1382 1163 1397 1176 ·
1453 1144 1610 1200 Ἰδοὺ
1654 1147 1707 1200 ol
1753 1143 2089 1215 ἁμαρτωλοὶ

496 1240 807 1297 ἐνέτειναν
822 1241 1023 1306 τόξον,
1038 1241 1379 1312 ἡτοίμασαν
1393 1237 1553 1307 ,βέλη
1569 1240 1656 1307 εἰς
1671 1238 1974 1309 φαρέτραν
1984 1236 2090 1293 τοῦ

466 1378 471 1383 .
499 1332 937 1398 κατατοξεῦσαι
958 1331 1030 1386 ἐν
1056 1331 1409 1402 σκοτομήνῃ
1441 1329 1585 1397 τοὺς
1611 1328 1809 1395 εὐθεῖς
1844 1327 1919 1398 τῇ
1952 1344 2093 1397 καρ-

496 1422 620 1489 δίᾳ.
657 1424 767 1477 Καὶ
802 1421 925 1495 μετ’
946 1422 1124 1492 ὀλίγαο
1170 1423 1309 1477 Ἀλλ’
1331 1423 1362 1476 ὁ
1388 1421 1581 1494 Σωτὴρ
1598 1421 1943 1495 ἐπιδημήσας
1964 1422 2092 1484 τοὺς

499 1516 774 1590 τέσσαρας
789 1518 1023 1590 ἀνέμους
1043 1517 1136 1571 ἐπὶ
1158 1519 1286 1583 τοὺς
1306 1517 1609 1590 Αίλαμίτας
1631 1517 1809 1588 ἐπῆγε
1833 1514 2094 1571 κυκλοῦν-

499 1623 601 1670 τας
637 1608 812 1679 ἡμᾶς,
848 1608 934 1663 ἵνα
963 1607 1191 1672 τούτους
1219 1606 1647 1679 διασκορπίσειε.
1699 1605 2091 1678 Παραδίδονται

498 1697 610 1770 γὰρ
641 1699 902 1771 δυνάμεις
947 1698 1322 1770 ἁντικείμεναι
1350 1697 1645 1769 δυνάμεσιν
1683 1697 1902 1769 ἑτέραις
1936 1697 2078 1750 ἀντι-

498 1790 781 1860 κειμέναις
811 1791 891 1852 είς
916 1789 1160 1852 κόλασιν,
1187 1787 1265 1852 ὡς
1293 1791 1322 1843 6
1343 1787 1544 1861 Φαραὼ
1577 1786 1656 1859 τῷ
1689 1787 2090 1860 Ναϐουχοδονό-

499 1896 628 1951 σορο
682 1880 779 1934 καὶ
830 1880 982 1948 δφεις
1024 1879 1133 1951 γὰρ
1168 1878 1408 1944 ίοϐόλους
1438 1881 1488 1934 εί
1529 1880 1928 1946 κατακλείσεις,
1970 1880 2090 1950 ὕψει

2195 684 2499 742 cumfertur
2524 700 2652 740 vero
2681 686 2835 741 omni
2861 696 3042 754 vento,
3076 691 3168 761 qui
3202 703 3299 749 aut
3324 707 3488 752 vento
3512 698 3778 755 doctrina:

2191 777 2426 833 traditus
2459 785 2563 841 est,
2596 786 2691 833 aut
2724 778 2838 844 iras,
2863 789 2956 833 aut
2980 783 3456 852 concupiscentiae.
3490 786 3654 844 Venti
3677 805 3780 845 au-

2192 876 2299 922 tem
2339 876 2579 938 quatuor
2597 877 2743 925 .sunt
2795 870 3077 941 praecipui,
3131 872 3225 943 qui
3264 874 3504 934 hominis
3531 880 3772 935 animam

2193 957 2442 1021 turbant,
2478 959 2946 1029 concupiscentia,
2983 961 3173 1026 timor,
3200 964 3477 1036 voluptas,
3527 969 3776 1037 tristitia,

2191 1049 2393 1120 quibus
2424 1049 2717 1107 derelictus
2746 1069 2776 1108 a
2804 1053 2916 1110 Deo
2943 1054 3206 1112 Elamita
3234 1058 3488 1117 traditur.
3524 1059 3631 1117 Sed
3653 1063 3789 1133 quis-

2193 1141 2264 1197 sit
2292 1157 2455 1198 arcus
2490 1141 2694 1211 Elam,
2728 1145 2783 1200 in
2822 1161 2934 1216 quo
2967 1162 3183 1204 summa
3213 1147 3573 1219 fortitudinis,
3605 1150 3779 1210 David

2191 1232 2441 1288 canendo
2489 1233 2568 1287 ait
2592 1233 2636 1266 ⁸⁸
2669 1252 2682 1286 :
2710 1233 2847 1289 Ecce
2876 1246 3175 1306 peccatores
3200 1237 3541 1292 intenderunt
3566 1256 3775 1306 meum,

2189 1330 2512 1390 parauerunt
2554 1323 2780 1392 sagittas
2815 1324 2869 1377 in
2896 1323 3171 1393 pharetra,
3212 1333 3273 1379 ut
3311 1325 3564 1396 sagittent
3598 1326 3654 1381 in
3683 1342 3774 1380 oc-

2189 1414 2334 1468 culto
2362 1424 2529 1468 rectos
2559 1416 2734 1470 corde.
2779 1412 2848 1470 Et
2896 1425 3021 1486 post
3071 1431 3241 1487 pauca
3279 1436 3295 1472 :
3346 1415 3471 1473 Sed’
3482 1417 3799 1474 adveniens.

2192 1505 2445 1583 Salvator
2488 1515 2729 1577 quatuor
2755 1516 2949 1565 ventos
2990 1508 3045 1563 in
3092 1508 3382 1567 IElamitas
3416 1509 3644 1574 invexit.
3679 1510 3777 1581 qui

2191 1611 2294 1650 nos
2335 1597 2782 1663 circumdabant,
2824 1604 2884 1652 ut
2927 1612 3021 1655 eos
3054 1598 3411 1671 dispergeret.
3462 1597 3779 1655 Traduntur

2191 1686 2391 1756 quippe
2427 1686 2658 1742 virtutes
2706 1686 2971 1756 oppositae
3017 1689 3310 1745 virtutibus
3350 1688 3475 1745 aliis
3512 1688 3777 1761 oppositis

2190 1778 2259 1833 ad
2288 1779 2622 1849 puniendum
2654 1779 2797 1835 sicut
2822 1779 3036 1836 Pharao
3063 1779 3611 1838 Nabuchodonosori.
3634 1779 3774 1837 Nam

2191 1877 2246 1924 et
2276 1879 2555 1941 serpentes
2582 1886 2890 1927 venenosos
2912 1872 2958 1927 si
2989 1871 3261 1938 includas,
3286 1873 3497 1929 videbis
3523 1873 3774 1929 imbecil-

497 1970 629 2034 τοὺς
649 1970 901 2035 ἀσθενεῖς
928 1971 1034 2025 ὑπὸ
1063 1971 1173 2025 τῶν
1199 1972 1589 2046 δυνατωτέρων
1614 1972 1722 2027 ἀπὸ
1743 1972 1903 2046 λιμοῦ
1925 1991 2088 2028 κατε-

2193 1960 2358 2017 liores
2400 1976 2431 2016 a
2479 1960 2802 2018 fortioribus
2848 1977 2960 2032 prae
2992 1961 3136 2019 fame
3167 1963 3407 2030 absumi,
3449 1964 3626 2021 donec
3654 1979 3776 2021 om-

501 2061 840 2133 σθιομένους,
868 2063 974 2129 ἓως
1003 2054 1064 2117 οῦ
1081 2065 1112 2117 6
1136 2063 1356 2119 πάντων
1382 2065 1755 2136 ἰσχυρότατος,
1779 2064 2089 2138 πληρωθεὶς

501 2152 611 2207 ὑπὸ
640 2152 749 2208 τῶν
778 2154 955 2224 ὄφεων
983 2155 1078 2222 οὓς
1110 2156 1425 2228 κατέδηδεν,
1449 2158 1479 2211 6
1508 2156 1843 2229 καλούμενος
1866 2157 2088 2230 γένηται

502 2245 835 2315 βασιλίσκος,
868 2246 946 2302 ιδν
973 2247 1114 2318 έχων
1140 2249 1208 2303 ἐκ
1230 2247 1400 2321 μόνης
1427 2247 1558 2314 θέας
1591 2248 1942 2322 καρποφόρον
1970 2248 2088 2304 δέν-

496 2334 624 2407 δρον
650 2334 992 2408 ξηραίνοντα.
1028 2336 1215 2403 Οὕτως
1233 2338 1290 2395 αἱ
1314 2341 1552 2412 πονηραὶ
1582 2340 1846 2412 δυνάμεις
1873 2341 1967 2395 ὑπ’
1990 2340 2087 2394 ἀλ-

495 2426 675 2496 λήλων
719 2427 1062 2497 κολάζονται,
1122 2428 1286 2502 μέχρι
1342 2429 1680 2503 καταλειφθῇ
1721 2430 2030 2486 τελευταῖον
2060 2434 2091 2488 6

496 2516 692 2589 ἐχθρὸς
728 2518 937 2591 Κυρίου
980 2518 1232 2586 θάνατος,
1273 2520 1614 2592 βασιλίσκος,
1642 2517 1855 2592 περὶοῦ
1888 2540 2083 2595 φησιν·

503 2608 641 2665 Ἐπὶ
668 2610 900 2666 ἀσπίδα
946 2612 1049 2667 καί
1082 2613 1463 2677 ,βασιλίσκω-
1508 2613 1795 2684 ὲπιϐήσῃ.
1863 2615 1922 2670 '0
1982 2616 2091 2689 γὰρ

499 2701 755 2774 Χριστὸς,
790 2704 1140 2776 ἰσχυρότερος
1168 2704 1246 2761 ὣν
1272 2706 1369 2761 τοῦ
1403 2707 1741 2779 βασιλίσκου,
1762 2708 2091 2781 ἐπιϐέϐηκεν

498 2793 671 2865 αὐτῷ,
690 2795 790 2848 καὶ
804 2795 1035 2852 δέδωκεν
1060 2799 1191 2871 ἡμῖν
1213 2797 1462 2864 ἐξουσίαν
1493 2797 1683 2855 πατεῖν
1704 2798 1892 2855 ἐπάνω
1913 2799 2091 2871 ὄφεων

490 2884 596 2939 καὶ
622 2887 924 2958 σκορπίων.

1157 2985 1317 3039 ΚΕΦ.
1351 2985 1434 3040 N'.

574 3068 662 3123 16.
725 3070 1277 3141 Ἐξολοθρεύσασθε
1317 3074 1557 3146 σπέρμα
1602 3076 1670 3131 ἐκ
1709 3078 2087 3145 Βαϐυλῶνος.

500 3155 659 3212 Ἐστι
690 3177 775 3224 τις
805 3161 945 3235 ἀνὴρ
986 3164 1342 3232 Βαϐυλώνιος,
1385 3166 1480 3221 καὶ
1507 3168 1698 3239 νήπιον
1712 3169 2052 3225 Βαϐυλώνιον
2073 3189 2088 3203 ο

2190 2052 2342 2131 nium
2376 2053 2797 2110 robustissimus
2840 2055 3082 2124 repletus
3123 2055 3396 2126 anguibus
3432 2068 3572 2127 quos
3605 2055 3775 2114 devo-

2188 2145 2349 2208 ravit,
2386 2144 2481 2200 fiat
2506 2146 2600 2216 qui
2622 2155 2848 2201 vocatur
2872 2146 3187 2212 basiliscus,
3222 2149 3373 2205 virus
3395 2148 3602 2205 habens
3628 2149 3774 2220 quod

2189 2236 2307 2291 solo
2336 2247 2558 2307 aspectu
2584 2237 2925 2295 fructuosam
2959 2240 3213 2295 arborem
3241 2240 3524 2297 arelaciat.
3550 2239 3629 2296 Ita
3644 2257 3774 2297 ina-

2190 2328 2350 2401 ligna:
2379 2329 2611 2386 virtutes
2644 2346 2676 2386 a
2709 2346 2769 2386 se
2800 2331 3035 2387 invicem
3074 2332 3252 2401 pannis
3284 2331 3634 2403 afﬂiguntur,
3676 2334 3789 2389 do-

2190 2436 2292 2477 nec
2329 2430 2665 2492 postremum
2702 2422 3044 2492 relinquatur
3075 2421 3331 2477 inimicus
3363 2421 3569 2478 Christi
3598 2406 3792 2488 mors.‘

2184 2492 2507 2581 basiliscos,
2555 2515 2624 2570 de
2667 2528 2779 2585 quo
2812 2514 2889 2569 ait
2914 2514 2957 2546 ⁶¹
2987 2533 3001 2568 :
3035 2512 3203 2583 Super
3233 2514 3471 2585 aspidem
3506 2523 3569 2568 et
3586 2512 3777 2569 basili-

2190 2621 2338 2660 scum
2364 2604 2683 2661 ambulabis.
2713 2603 2970 2661 Christus
2991 2604 3137 2660 enim
3164 2604 3284 2675 ipso
3306 2604 3565 2660 basilisca
3580 2602 3779 2663 fortior

2191 2715 2357 2771 super
2384 2715 2510 2755 eum
2560 2698 2880 2765 ambulavit,
2928 2699 3195 2770 nobisque
3243 2698 3393 2755 dedit
3448 2706 3788 2769 potestatem

2191 2791 2551 2848 conculcandi
2581 2801 2862 2861 serpentes
2887 2798 2941 2847 et
2970 2790 3307 2862 scorpiones.

2857 2967 3010 3026 CAP.
3053 2969 3119 3024 L.

2156 3045 2162 3050 ’
2266 3063 2355 3119 16.
2396 3062 2696 3135 Disperdite
2717 3079 2889 3119 semen
2917 3063 2982 3118 de
3012 3062 3304 3134 Babylone.
3336 3062 3434 3121 Est
3459 3063 3619 3120 etvii'
3646 3065 3773 3135 qut"-

2192 3155 2318 3211 dam
2359 3155 2711 3227 Babylonius,
2745 3164 2800 3211 et
2846 3156 3110 3226 parvulus
3164 3155 3516 3228 Babylonius,
3557 3163 3770 3211 etcum

496 3251 593 3306 καὶ
612 3252 694 3306 δεῖ
709 3253 844 3324 πρὸς
859 3254 1066 3320 τούτοις
1080 3257 1461 3327 ἀγωνίζεσθαι,
1477 3259 1751 3314 τουτέστιν
1771 3260 1805 3332 ἢ
1830 3262 1966 3333 πρὸς
1992 3279 2088 3332 με-

2194 3246 2282 3303 his
2314 3246 2634 3303 certandum
2665 3254 2770 3314 est,
2807 3247 2911 3303 hoc
2944 3257 3049 3314 est,
3078 3246 3161 3302 vel
3184 3256 3372 3301 contra
3405 3244 3669 3319 grandes,
3687 3244 3777 3301 vel

2196 3354 2323 3359 ---μ
2364 3338 2953 3359 __---_._-_---,__-_
3230 3347 3403 3359 .-μη
3468 3339 3549 3359 ---ε
3587 3337 3774 3359 .--ηιμ

494 3342 686 3413 γὼλαῆ
714 3344 851 3415 πρὸς
868 3345 965 3399 νῦν
990 3348 1267 3419 ἀρχόμενα
1300 3350 1468 3422 πάθη.
1500 3349 1666 3423 Πλὴν,
1691 3350 1990 3419 Μακάριος
2018 3350 2086 3418 ὃς

2194 3354 2340 3394 nunc
2362 3347 2648 3394 nascentes
2668 3338 2976 3409 passiones.
3009 3337 3206 3393 Beatus
3230 3347 3432 3404 tamen,
3458 3339 3549 3409 qui
3582 3337 3774 3392 tenebit

493 3432 573 3487 ἂν
590 3433 899 3503 κρατήσας
940 3437 1203 3508 ἐδαφίσῃ
1244 3439 1395 3508 πρὸς
1423 3439 1539 3509 τὴν·
1567 3441 1812 3510 πέτραν,
1832 3441 1925 3496 τὸν
1950 3443 2085 3514 Χρι-

496 3525 641 3591 στὸν,
672 3528 745 3582 τὰ
776 3528 964 3596 νήπια
995 3530 1346 3596 Βαϐυλῶνος,
1382 3534 1510 3604 πρὶν
1543 3535 1624 3605 είς
1656 3533 1856 3605 ἄνδρας
1889 3533 2086 3605 προέλ-
2156 3594 2161 3599 ,

494 3616 679 3672 θωσιν.
726 3621 846 3674 Ἔτι
879 3622 937 3675 δὲ
971 3622 1388 3695 μακαριώτερον
1429 3621 1812 3696 ἐξολοθρεῦσαι
1842 3625 2088 3681 Βαϐυλώ-

494 3727 607 3764 νιον
647 3711 903 3785 σπέρμα,
944 3713 1202 3786 λογισμὸν
1233 3715 1474 3787 δηλονότι
1510 3716 1853 3787 συγχυτικόν.
1898 3717 2085 3770 Ἐναν-

492 3804 606 3874 τίον
632 3806 691 3860 δὲ
726 3804 902 3878 τούτῳ
951 3808 1176 3879 σπέρμα
1213 3809 1344 3881 περὶ
1373 3803 1435 3864 οὗ
1467 3808 1751 3864 λέλεκται·
1783 3807 2088 3877 Μακάριος
2158 3864 2162 3871 _

495 3894 565 3963 ὃς
593 3898 718 3967 ἔχει
747 3895 987 3967 σπέρμα
1015 3897 1085 3953 ἐν
1111 3897 1265 3953 Σιών
1282 3915 1297 3930 ·
1334 3898 1430 3953 καὶ
1450 3942 1463 3964 ,
1506 3896 1798 3967 Μακάριοι
1831 3901 1885 3952 oi
1910 3897 2085 3954 σπεί-

489 4005 702 4058 ροντες
745 3989 847 4043 ἐπὶ
877 3987 1002 4045 πᾶν
1036 3989 1221 4059 ὕδωρ,
1255 3985 1330 4047 οὗ
1373 3991 1534 4057 ,ϐοῦς
1570 3989 1673 4045 καὶ
1709 3989 1851 4056 ὄνος
1891 3988 2082 4043 πατεῖ.

495 4081 571 4134 Οὐ
610 4080 770 4151 μόνον
801 4080 972 4154 ἄνδρα
1000 4079 1125 4135 τινὰ
1146 4120 1162 4146 ,
1201 4080 1323 4134 οὐδὲ
1357 4080 1592 4145 παιδίον,
1639 4080 1777 4135 ἀλλὰ
1802 4082 1896 4135 καὶ
1927 4079 2086 4152 μόνον

496 4170 752 4243 σπέρμαο
800 4171 1021 4227 δύναται
1071 4172 1181 4245 γὰρ
1229 4174 1604 4245 καρποφορεῖν
1647 4170 2080 4246 γεωργούμενον.

495 4261 656 4316 Ποῖον
687 4263 747 4317 δὲ
786 4264 849 4317 τὸ
883 4261 1050 4336 ὕδωρ,
1079 4265 1165 4334 ἐφ’
1194 4263 1228 4317 δ
1251 4264 1497 4339 σπείρειν
1525 4264 1605 4318 δεῖ
1632 4265 1694 4318 τὸ
1721 4263 1886 4318 καλὸν
1915 4261 2087 4336 σπέρ-

499 4371 612 4425 μα;
645 4355 707 4408 τὺ
747 4356 846 4427 τῆς
884 4356 1305 4426 παλιγγενεσίας
1334 4355 1578 4429 λουτρόν.
1632 4356 1782 4409 Ἐκεῖ
1824 4352 1951 4425 βοῦς
1990 4353 2084 4408 καὶ

494 4446 615 4511 δνος
650 4450 845 4511 πατεῖ,
881 4446 1008 4519 βοῦς
1045 4450 1074 4503 6
1107 4447 1348 4521 καθαρὸς
1375 4447 1468 4503 καὶ
1506 4446 1881 4519 Ἰσραηλίτης,
1910 4444 2030 4510 ὄνος
2052 4447 2081 4498 ὁ

460 4541 563 4592 ρέκ
606 4538 800 4609 γένους
853 4539 1164 4611 ἀκάθαρτος
1204 4556 1266 4593 τε
1305 4540 1398 4594 καὶ
1440 4538 1670 4602 ὲθνικός.
1726 4536 1979 4608 Σύμϐολα
2023 4534 2083 4588 δὲ

2188 3428 2447 3485 etallidet
2476 3429 2547 3482 ad
2579 3440 2787 3500 petram
2808 3429 2875 3496 δ’,
2910 3430 2963 3485 id
2988 3440 3075 3486 est
3103 3430 3269 3502 315
3308 3429 3611 3496 Christum,
3646 3444 3776 3500 par.

2188 3521 2335 3575 vulos
2362 3519 2712 3592 Babylonios,
2740 3530 3032 3591 antequam
3064 3523 3131 3577 ad
3164 3522 3376 3577 virilem
3405 3531 3619 3577 aetatem
3645 3535 3775 3590 per-

2189 3608 2429 3668 veniant.
2468 3612 2574 3668 Sed
2616 3614 2793 3683 magis
2841 3612 3007 3667 etiam
3060 3612 3283 3667 beatum
3330 3622 3413 3668 est
3459 3612 3775 3681 disperdere

2188 3720 2375 3760 semen
2412 3703 2797 3774 Babyionium,
2845 3701 2897 3757 id
2939 3710 3026 3757 est
3061 3702 3446 3772 cogitationem
3486 3700 3772 3755 turbulen-

2188 3809 2322 3851 tam.
2354 3797 2551 3850 Semen
2572 3810 2702 3849 vero
2727 3794 2855 3849 huic
2873 3795 3185 3866 oppositum
3208 3802 3312 3859 est,
3339 3795 3407 3850 de
3431 3809 3541 3864 quo
3563 3794 3793 3849 dictum

2186 3896 2274 3943 est
2292 3886 2337 3918 ⁵³
2360 3906 2379 3941 :
2400 3885 2598 3940 Beatus
2619 3885 2711 3956 qui
2733 3885 2887 3939 habet
2910 3901 3086 3941 semen
3108 3884 3164 3939 in
3190 3880 3354 3951 Sion;
3377 3893 3433 3941 et
3458 3903 3475 3939 :
3501 3884 3658 3939 Beati
3680 3886 3795 3956 qui.

2187 3980 2448 4034 seminant
2485 3993 2642 4047 super
2686 3993 2890 4032 omnem
2933 3994 3124 4047 aquam
3150 4018 3165 4047 ,
3217 3977 3307 4031 ubi
3361 3977 3450 4032 bos
3499 3986 3550 4031 et
3587 3977 3772 4033 asinus

2154 4066 2159 4069 λ
2187 4071 2415 4126 calcant.
2447 4067 2566 4124 Non
2592 4069 2769 4126 solum
2793 4068 2974 4125 virum
3005 4069 3338 4140 quempiam,
3365 4079 3460 4126 aut
3481 4070 3770 4137 infantem,

2187 4161 2284 4217 sed
2318 4170 2374 4216 et
2408 4161 2587 4232 ipsum
2619 4175 2845 4228 semen;
2882 4167 3061 4230 potest
3089 4159 3235 4214 enim
3276 4158 3418 4215 ferre
3450 4158 3689 4215 fructum
3721 4161 3773 4218 si

2186 4253 2488 4308 excolatur.
2521 4248 2657 4317 Quae
2686 4262 2853 4320 porro
2885 4255 2970 4302 est
3000 4262 3143 4317 aqua
3173 4246 3339 4318 super
3378 4263 3544 4317 quam
3583 4261 3769 4305 semen

2186 4346 2393 4402 bonum
2425 4341 2807 4399 seminandum
2840 4339 2960 4396 est?
2993 4340 3274 4395 lavacrum
3316 4339 3767 4410 regenerationis.

2185 4437 2265 4494 lbi
2300 4439 2401 4494 bos
2435 4445 2491 4492 et
2536 4435 2727 4491 asinus
2774 4432 3011 4500 calcant,
3052 4432 3152 4488 bos
3182 4446 3355 4505 purus
3397 4430 3769 4495 etlsraelita;

2186 4529 2377 4586 asinus
2403 4527 2498 4599 qui
2529 4541 2730 4595 genere
2758 4525 3011 4595 impurus
3041 4531 3128 4579 est
3153 4529 3208 4578 et
3231 4522 3471 4594 gentilis.
3496 4521 3771 4578 Animalia

489 4626 671 4683 ταῦτα
692 4628 760 4682 τὰ
780 4627 894 4709 ζῶα
907 4629 998 4682 τοῦ
1017 4628 1521 4700 καταγγελλομένου
1542 4627 1701 4697 λόγου
1722 4630 1835 4691 τοῖς
1870 4628 2084 4699 Ἰσραη-

2187 4636 2317 4676 vero
2346 4621 2463 4676 haec
2495 4617 2741 4691 symbola
2771 4625 2904 4673 sunt
2929 4614 3225 4681 sermonis,
3249 4614 3344 4684 qui
3369 4614 3772 4685 praenuntiatus

494 4718 672 4785 λίταις
699 4722 794 4775 καὶ
823 4719 917 4776 τοῦ
947 4720 1361 4793 κεκηρυγμένου
1394 4722 1507 4785 τοῖς
1532 4718 1758 4773 ἔθνεσιν.

568 4812 655 4868 16.
694 4811 1040 4883 Κατέχοντα
1075 4812 1376 4881 δρέπανον
1424 4812 1495 4866 ἐν
1533 4809 1718 4880 καιρῷ
1768 4810 2074 4880 θερισμοῦ.

494 4903 734 4973 Κατέχει
769 4902 827 4956 δὲ
863 4902 1130 4973 δρέπανον
1175 4904 1204 4956 ὁ
1241 4900 1579 4967 Βαϐυλώνιος
1604 4901 1705 4955 οὐκ
1737 4901 1830 4955 ἐπὶ
1859 4900 1937 4972 τῷ
1973 4899 2079 4954 σῶ-

495 5008 609 5058 σαι,
643 4992 758 5046 ἀλλ’
792 4993 887 5046 ἐπὶ
912 4990 989 5062 τῷ
1013 4992 1263 5063 ἐκτεμεῖν
1295 4992 1394 5062 τῆς
1417 4991 1520 5061 γῆς
1551 4990 1649 5062 τῆς
1680 4989 1842 5059 ἁγίας
1868 4988 1963 5043 καὶ
1987 4988 2077 5042 θε-

498 5086 647 5160 ρίσαι
688 5085 1016 5158 Ἐκκλησίας
1037 5101 1050 5115 ·
1100 5084 1190 5150 δν,
1235 5085 1366 5156 πρὶν
1393 5072 1554 5138 τοῦτο
1574 5082 1798 5147 παθεῖν,
1829 5081 2080 5153 ὀλοθρεύ-

495 5193 707 5250 σωμεν,
741 5178 868 5242 τοὺς
907 5176 1016 5231 τῶν
1061 5173 1353 5246 αίρετικῶν
1387 5173 1811 5244 ὲξαφανίσαντες
1845 5172 2037 5242 λόγους
2060 5189 2075 5204 ·

493 5264 606 5333 οἷος
631 5264 699 5342 ἦν
741 5271 770 5323 ὁ
809 5268 1021 5332 Παῦλος
1068 5268 1242 5337 λέγων
1261 5283 1274 5297 ·
1332 5267 1612 5336 Ἑτοίμως
1643 5265 1891 5335 ἔχοντες
1923 5263 2078 5318 ἐκδι-

494 5361 681 5431 κῆσαι
730 5360 938 5416 πᾶσαν
982 5358 1297 5428 παρακοήν
1317 5375 1330 5390 ·
1379 5361 1408 5412 ό
1444 5357 1618 5427 λέγων
1638 5375 1650 5388 ⁸
1697 5355 1828 5412 Πᾶν
1862 5358 2080 5427 ὕψωμα

493 5454 890 5524 ἐπαιρόμενον
936 5451 1086 5507 κατὰ
1128 5450 1239 5519 τῆς
1300 5451 1577 5521 γνώσεως
1631 5449 2075 5519 καθαιροῦντες.

494 5541 630 5602 Εἶτα
657 5548 921 5619 μαρτυρεῖ
939 5544 1017 5615 τῷ
1046 5543 1339 5615 Έλληνικῷ
1364 5543 1507 5614 λόγῳ
1525 5542 1773 5614 δύναμιν,
1799 5543 1877 5607 ὡς
1900 5542 2080 5596 πάντα

455 5674 465 5681 .
498 5635 568 5690 τὰ
595 5634 725 5706 ἔθνη
762 5632 939 5705 τούτῳ
967 5635 1318 5706 παραχωρεῖν
1342 5671 1358 5698 ,
1392 5631 1756 5704 ἁποδεικτικῷ
1791 5648 1909 5696 πως
1936 5626 2079 5685 εἶναι

499 5725 764 5781 δοκοῦντι.
2046 5735 2049 5738 ·

2187 4712 2455 4770 lsraelitis
2486 4710 2813 4781 praedicatus
2837 4717 2923 4765 est
2953 4706 3228 4780 gentibus.

2260 4806 2348 4860 i6.
2393 4803 2674 4859 Tenentem
2724 4801 2915 4872 falcem
2959 4799 3016 4853 in
3067 4807 3296 4867 tempore
3346 4797 3550 4851 messis.
3598 4795 3770 4852 Tenet

2157 4891 2381 4954 falcem
2435 4890 2768 4967 Babylonius
2818 4908 2930 4949 non
2977 4900 3039 4946 ut
3087 4888 3282 4955 salvet,
3332 4888 3427 4943 sed
3465 4898 3525 4943 ut
3566 4898 3768 4944 terram

2186 4997 2432 5045 sanetam
2464 4986 2725 5058 praecidat
2748 4992 2803 5041 et
2834 4989 3005 5039 metat
3031 4979 3354 5038 Ecclesium.
3402 4978 3578 5043 llunc,
3617 4988 3772 5033 ante-

2186 5096 2351 5151 quam
2395 5081 2512 5135 haee
2543 5080 2838 5150 patiamur,
2888 5074 3342 5139 exterminemus,
3388 5073 3766 5128 haereticorum

2156 5172 2382 5245 .deletis
2423 5171 2805 5241 sermonibus;
2858 5166 3039 5238 qualis
3083 5172 3202 5237 erat
3240 5163 3445 5219 Paulus
3469 5164 3766 5220 dicens“:

2186 5263 2389 5317 Parati
2411 5264 2601 5316 ulcisci
2633 5278 2838 5318 omnem
2868 5258 3069 5314 malum
3103 5256 3369 5323 auditum,
3409 5272 3615 5309 omnem
3641 5256 3786 5310 alti-—

2188 5355 2436 5410 tudinem.
2464 5370 2584 5424 quae
2625 5369 2738 5408 sese
2783 5350 2991 5406 extollit
3043 5351 3292 5406 adversus
3343 5349 3619 5417 scientiam
3670 5348 3779 5402 ἀει

2154 5457 2467 5503 .struentes.
2506 5444 2716 5501 Deinde
2749 5452 2981 5500 testatur
3017 5442 3188 5497 robur
3215 5440 3396 5496 inesse
3426 5438 3615 5495 Graeco
3648 5452 3769 5500 ser-

2187 5537 2361 5600 moni,
2397 5537 2472 5591 ita
2520 5544 2581 5591 ut
2630 5544 2819 5606 gentes
2864 5552 3057 5592 omnes
3090 5536 3170 5592 illi
3195 5536 3411 5601 cedant,
3438 5534 3640 5604 quippe
3669 5531 3784 5605 qui.

2188 5629 2436 5686 videatur
2467 5641 2591 5683 esse
2625 5626 3029 5692 quodammodo
3067 5627 3553 5686 demonstrativae.
3740 5648 3743 5651 λ

576 5910 623 5941 ⁶⁶
646 5909 793 5967 Psal.
826 5924 880 5975 ι,
913 5909 964 5964 5.
1043 5908 1085 5940 ⁵⁸
1122 5904 1268 5964 Psal.
1299 5923 1388 5976 xc,
1418 5907 1504 5965 15.
1580 5909 1624 5941 ⁸³
1660 5908 1803 5966 Psal.
1839 5924 2079 5978 cxxxvrr

2229 5907 2275 5941 οι
2296 5905 2403 5963 lsa.
2442 5919 2616 5974 xxxii,
2645 5903 2735 5960 ευ.
2777 5903 2821 5938 σι
2844 5874 2894 5960 ἰι
2920 5904 3048 5963 Cor.
3083 5923 3139 5976 ι,
3167 5905 3225 5973 ιε,
3246 5905 3307 5964 5..
