4140 6458
383 417 490 478 895

383 629 666 678 verterunt
711 621 984 674 columbae.
1037 618 1248 673 Rursus
1282 633 1413 672 vero
1446 617 1538 688 qui
1565 617 1827 672 adversus
1856 615 1960 668 Ba-

385 711 638 783 bylonios
687 711 960 781 praavalet,
1019 710 1270 764 columba
1325 709 1545 775 dicitur,
1597 709 1738 764 sicut
1786 715 1840 762 et
1886 707 1964 761 illi

387 813 570 857 antea.
607 801 930 872 Quicunque
969 801 1111 854 enim
1142 799 1326 854 divino
1363 799 1571 868 judicio
1613 797 1965 869 coniungitur

387 893 454 946 ad
481 892 844 946 ministerium
868 891 1110 962 aliquod,
1141 891 1188 947 is
1216 891 1440 960 pulcher
1467 891 1598 946 etin
1625 895 1829 946 honore
1850 898 1961 955 est;

386 982 494 1037 nisi
521 983 660 1036 forte
688 983 758 1037 ob
781 983 874 1052 jus
903 983 1118 1038 dicendi
1145 983 1292 1054 quod
1319 983 1388 1038 ob
1417 982 1774 1038 reverentiam
1805 981 1967 1037 habe-

384 1077 517 1131 bant
539 1073 842 1145 Babylonii,
867 1075 969 1129 hoc
991 1075 1254 1129 transfert
1282 1075 1334 1128 in
1363 1075 1550 1131 hostes
1569 1089 1779 1139 eorum,
1808 1072 1966 1141 quasi

382 1168 576 1223 ordine
604 1174 658 1222 et
686 1177 956 1238 potestate
985 1178 1345 1224 commutata.

455 1353 543 1407 17.
590 1355 712 1409 Ovis
766 1369 953 1407 errans
1013 1350 1206 1420 Israel,
1236 1351 1408 1405 leones
1457 1353 1770 1421 expulerunt
1825 1370 1962 1407 eum.

383 1443 550 1500 Ovem
583 1446 735 1510 dicit,
769 1455 1028 1516 tanquam
1065 1459 1172 1498 una
1200 1454 1436 1500 errante.
1471 1443 1608 1499 Nam
1635 1445 1763 1500 etin
1792 1443 1967 1501 Evan-

384 1537 526 1607 gelio
550 1538 626 1592 ait
648 1539 692 1570 "
722 1555 734 1592 :
772 1536 947 1591 Filius
975 1535 1200 1591 hominis
1235 1537 1370 1590 venit
1404 1553 1635 1607 φασι-ενι
1671 1549 1718 1592 et
1761 1539 1966 1592 salvum

385 1629 559 1697 facere
597 1630 737 1699 quod
773 1629 1022 1699 perierat.
1076 1628 1141 1682 Et
1176 1630 1229 1682 in
1275 1629 1551 1699 parabolis
1607 1647 1714 1685 una
1753 1639 1964 1686 tantum

383 1735 415 1773 c
448 1729 664 1774 centum
690 1721 869 1789 periit,
914 1735 1075 1790 quam
1115 1728 1173 1774 ut
1205 1719 1487 1784 inveniret,
1523 1721 1742 1776 advenit
1781 1731 1967 1792 pastor

382 1825 606 1880 peregre
629 1809 923 1880 profectus,
949 1819 1002 1864 et
1030 1824 1191 1879 super
1221 1809 1479 1864 humeros
1512 1810 1777 1866 sublatam
1810 1812 1967 1866 resti-

1790 406 1881 462 ΕΧ
1921 403 2225 462 ORIGENE
2997 455 3014 463 _

461 533 547 588 16.
591 532 635 586 Α
670 531 808 602 {acie
853 529 1021 600 gladii
1068 528 1260 584 (ἐνίει-ί.
1313 524 1470 592 Illud,
1523 522 1716 590 Grazci,
1763 521 1960 593 reliqui

2072 522 2111 556 ³⁷
2137 520 2223 576 l6.
2269 522 2411 577 Ἀπὸ
2442 520 2768 591 προσώπου
2785 519 3089 588 μαχαίρας
3130 515 3521 584 Ἑλληνικῆς.
3553 515 3656 587 Τδ,

3545 395 3654 453 590

2079 610 2463 680 Ἑλληνικῆς,
2497 613 2546 664 οί
2575 610 2754 664 λοιποὶ
2786 605 3139 676 περιστερᾶς
3171 604 3462 671 ἐξέδωκαν.
3490 607 3659 664 Πάλιν

2066 700 2122 754 δὲ
2165 704 2193 755 6
2221 703 2364 757 κατὰ
2397 701 2754 756 Βαϐυλωνίων
2793 702 2991 770 ίσχύων
3028 697 3326 770 περιστερὰ
3373 699 3658 772 κέκληται,

2064 793 2142 857 ὡς
2204 797 2402 847 ἐκεῖνοι
2461 794 2746 866 πρότερον.
2807 793 2866 844 Ὁ
2915 793 3023 861 γάρ
3085 791 3172 843 ἀεὶ
3227 791 3659 863 συντασσόμενος

2066 890 2134 958 τῇ
2189 885 2312 958 θείᾳ
2363 886 2543 958 κρίσει
2599 884 2736 956 πρὸς
2792 882 3130 951 ὑποζυγίαν,
3171 876 3326 945 οὗτος
3367 881 3426 936 ἐν
3472 883 3661 940 κάλλει

2067 979 2163 1033 καὶ
2205 981 2378 1050 τιμῇ·
2441 978 2490 1030 εί
2544 976 2618 1048 μὴ
2671 975 2822 1047 παρά
2854 975 2946 1030 τὸν
2989 972 3376 1046 χρηματισμὸν
3419 974 3479 1026 6v
3516 969 3660 1044 εῐχον

2067 1067 2155 1121 διὰ
2200 1067 2261 1120 τὸ
2315 1066 2479 1128 σέϐας
2524 1067 2575 1119 οἱ
2620 1061 2980 1128 Βαϐυλώνιοι,
3032 1065 3145 1126 τοῖς
3185 1062 3428 1118 ἐπιοῦσιν
3474 1060 3660 1128 αὐτοῖς

2069 1157 2417 1222 ἀποδίδωσιν,
2469 1157 2547 1221 ὡς
2593 1155 2981 1227 ἐναλλαγείσης
3031 1155 3133 1226 τῆς
3171 1154 3382 1222 τάξεως
3423 1156 3519 1209 καὶ
3564 1154 3657 1209 δυ-

2069 1249 2313 1320 νάμεως.

2140 1342 2230 1397 Π.
2293 1341 2602 1410 Πρόϐατον
2638 1337 3032 1408 πλανώμενον
3079 1336 3361 1405 Ἰσραήλ·
3411 1335 3656 1403 λέοντες

2067 1432 2376 1498 ἐξώσαντο
2427 1432 2636 1486 αὐτόν.
2683 1429 2967 1502 Πρόϐατόν
3021 1446 3205 1500 φησιν,
3255 1428 3331 1492 ὡς
3381 1427 3499 1491 ἐνὸς
3559 1442 3658 1480 πε-

2069 1524 2439 1595 πλανημένου.
2487 1523 2596 1575 Καὶ
2631 1524 2688 1575 ἐν
2718 1521 3038 1591 Εὐαγγελίῳ
3077 1520 3134 1574 δέ
3176 1537 3342 1589 φησιν
3366 1536 3380 1550 ·
3431 1518 3486 1572 Ὀ
3527 1518 3660 1585 Υιὸς

2067 1612 2175 1666 τοῦ
2215 1610 2530 1680 ἀνθρώπου
2568 1606 2755 1680 ἦλθεν
2801 1608 3125 1678 ὰζητῆσαι
3189 1609 3286 1662 καί
3341 1607 3536 1663 σῶσαι
3589 1608 3658 1662 τὸ

2066 1706 2402 1770 ἀπολωλός.
2427 1703 2537 1756 Καὶ
2563 1705 2620 1757 ἐν
2651 1705 2717 1774 τῇ
2745 1701 3028 1773 παραϐολῇ
3050 1701 3126 1767 δὲ,
3159 1701 3216 1754 ἐν
3244 1703 3308 1754 ἐκ
3333 1700 3442 1753 τῶν
3462 1699 3658 1754 ἐκατδν

2069 1797 2320 1852 ἀπώλετο
2375 1796 2570 1867 μόνον,
2622 1796 2760 1868 ὅπερ
2813 1791 2977 1865 ἦλθεν
3018 1795 3198 1866 εὑρεῖν
3243 1795 3272 1846 6
3314 1793 3658 1864 ἐπιδημήσας

383 1901 486 1955 tuit
507 1917 737 1956 numero
761 1902 1057 1969 nonaginta
1087 1917 1304 1956 novem.
1333 1899 1390 1955 Si
1411 1899 1556 1956 enim
1586 1915 1776 1954 omnes
1797 1917 1960 1954 unum

2072 1889 2296 1961 ποιμὴν,
2331 1888 2360 1941 ὃ
2392 1888 2485 1942 καὶ
2516 1889 2610 1941 ἐπὶ
2642 1887 2752 1941 τῶν
2782 1886 2951 1958 ὤμων
2987 1885 3272 1940 ἀναλαϐὼν
3300 1885 3552 1939 ἀπέδωκε
3580 1883 3658 1956 τῷ

383 2007 602 2062 corpus,
651 1991 813 2048 etiam
864 1994 983 2049 ovis
1032 2008 1140 2048 una
1193 2009 1404 2048 sumus.
1457 1991 1612 2048 Unus
1643 1993 1862 2062 quidem
1885 2006 1969 2050 est

384 2099 499 2153 pes,
531 2084 673 2140 alius
700 2099 829 2139 vero
858 2094 1041 2154 caput,
1071 2085 1211 2139 alius
1236 2085 1417 2152 aliud;
1445 2093 1633 2154 pastor
1664 2094 1844 2140 autem
1869 2085 1967 2140 ad-

384 2174 632 2238 veniens,
673 2189 735 2229 os
772 2174 840 2229 ad
873 2190 958 2238 os,
1010 2175 1462 2245 harmoniamque
1509 2175 1575 2229 ad
1624 2177 1965 2231 harmoniam

384 2265 678 2334 coaptavit,
701 2274 754 2320 et
777 2275 1023 2336 coaptata
1049 2267 1100 2322 in
1124 2265 1396 2337 regionem
1421 2282 1576 2322 suam
1599 2268 1856 2323 traduxit.
1880 2268 1966 2325 Fit

384 2372 516 2410 vero
565 2357 880 2427 conjunctio
913 2374 1010 2428 per
1043 2374 1284 2414 amorem
1322 2368 1378 2414 et
1409 2361 1691 2416 veritatem
1734 2363 1965 2418 bonam-

383 2463 489 2515 que
513 2449 868 2503 voluntatem.
893 2448 1047 2516 Quod
1074 2450 1236 2519 igitur
1262 2450 1316 2505 in
1342 2451 1436 2507 illo
1464 2452 1587 2517 fuit,
1612 2468 1804 2510 omnes
1830 2465 1962 2510 eon—

377 2536 583 2606 junxit.
614 2537 668 2593 Si
699 2540 921 2610 quidam
954 2556 1084 2595 vero
1123 2541 1418 2598 renitentes
1449 2544 1549 2598 visi
1582 2553 1730 2612 sunt,
1767 2547 1962 2602 morbo

380 2626 700 2682 laborarunt
720 2629 1028 2684 incurabili.
1052 2627 1204 2686 Unus
1225 2632 1393 2702 igitur
1414 2641 1498 2687 est
1521 2642 1667 2689 totus
1690 2633 1855 2690 lsrael
1879 2650 1963 2692 co-
1984 2651 1997 2664 '

381 2718 635 2787 gnatione
654 2734 799 2784 vera,
820 2720 866 2774 si
886 2735 1079 2774 omnes
1101 2737 1270 2776 unum
1295 2738 1497 2794 corpus
1516 2740 1727 2789 sumus,
1746 2736 1800 2780 et
1820 2743 1962 2782 unus

380 2805 541 2875 315
575 2807 765 2875 panis,
817 2810 1090 2877 uniusque
1132 2811 1426 2881 participes
1469 2813 1714 2882 spiritus.
1758 2814 1962 2873 Errans

381 2909 511 2949 vero
535 2897 654 2952 ovis
678 2907 761 2952 est
789 2899 912 2967 qui,
958 2900 1072 2954 sive
1117 2901 1349 2970 agendo,
1383 2902 1498 2957 sive
1529 2905 1820 2974 loquendo,
1851 2923 1958 2962 non

381 2986 699 3055 assequitur
727 2989 867 3056 quod
893 2989 1077 3043 venari
1109 2991 1386 3056 convenit,
1414 2991 1496 3045 vel
1526 2992 1652 3062 quia
1683 3010 1792 3050 non
1820 3011 1962 3066 quae-

382 3077 473 3138 rit,
503 3077 586 3131 vel
625 3076 750 3146 quia
787 3094 894 3132 non
929 3080 1156 3135 invenit.
1189 3079 1293 3146 Qui
1317 3096 1446 3136 vero
1478 3085 1580 3138 scit
1604 3093 1656 3139 et
1682 3087 1792 3156 agit
1813 3088 1958 3157 quod

2069 1981 2292 2056 ἀριθμῷ
2352 1980 2464 2035 τῶν
2540 1981 2871 2052 ἐνενήκοντα
2924 1978 3100 2032 ἐννέα.
3155 1979 3219 2031 El
3283 1976 3392 2050 γὰρ
3458 1977 3659 2040 πάντες

2067 2075 2126 2128 ἓν
2165 2073 2324 2144 σῶμά
2346 2075 2513 2144 ἐσμεν
2545 2073 2640 2126 καὶ
2659 2072 2717 2126 ἐν
2740 2071 3012 2142 πρόϐατον
3031 2087 3044 2102 ·
3073 2071 3102 2123 6
3125 2070 3222 2142 μέν
3246 2087 3331 2132 τις
3352 2069 3470 2121 ἐστὶ
3498 2067 3656 2132 ποῦς,

2065 2169 2094 2220 6
2153 2166 2208 2220 δὲ
2267 2165 2525 2237 κεφαλὴ,“
2564 2167 2594 2218 6
2648 2165 2705 2218 δὲ
2751 2163 2880 2220 ἀλλο
2923 2180 3013 2216 τι·
3073 2165 3102 2216 6
3133 2163 3190 2216 δὲ
3241 2161 3443 2233 ποιμὴν
3491 2159 3661 2214 ἐλθὼν

2071 2259 2376 2330 συνήγαγεν
2421 2256 2609 2310 ὀστέον
2655 2255 2790 2328 πρὸς
2822 2255 3032 2319 ὁστέον,
3087 2255 3181 2308 καὶ
3226 2252 3492 2326 ἁρμονίαν
3523 2250 3660 2323 πρὸς

2066 2351 2356 2422 ἁρμονίαν,
2411 2350 2503 2402 καὶ
2569 2347 2778 2412 ἐνώσας
2849 2345 3107 2402 ἀνέλαϐεν
3169 2347 3263 2400 ἐπὶ⁸
3320 2344 3420 2415 τὴν
3476 2341 3659 2414 χώραν

2065 2441 2230 2497 αὑτοῦ
2253 2458 2266 2471 ·
2291 2443 2325 2512 ἡ
2345 2441 2400 2495 δέ
2415 2441 2604 2513 ἐνάτης
2619 2441 2832 2511 γίνεται
2853 2442 2920 2495 δι’
2943 2442 3164 2512 ἀγάπης
3177 2441 3269 2494 καὶ
3286 2437 3544 2512 ἀληθείας
3564 2439 3660 2496 καὶ

2066 2533 2438 2606 προαιρέσεως
2475 2533 2716 2606 ἀγαθῆς.
2754 2533 2844 2605 Τῷ
2893 2533 3007 2604 ίδίῳ
3057 2535 3156 2604 μὲν
3196 2530 3290 2588 οὖν
3333 2534 3478 2608 λόγῳ
3523 2537 3658 2591 πάν-

2063 2645 2162 2691 τας
2187 2629 2416 2699 ἥνωσεν.
2444 2628 2506 2681 El
2538 2627 2595 2681 δέ
2627 2644 2771 2691 τινες
2789 2626 3142 2690 ἀπειθοῦντες
3170 2627 3474 2699 ἐφάνησαν,
3504 2629 3658 2682 ἀνία-

2062 2736 2153 2774 τον
2200 2719 2262 2772 τὸ
2295 2719 2465 2782 πάθος
2505 2720 2826 2791 ἐκτήσαντο.
2878 2714 2974 2783 Εἷς
3017 2716 3111 2773 οὖν
3157 2719 3186 2771 6
3229 2720 3340 2782 πᾶς
3392 2719 3658 2792 Ἰσραηλί-

2063 2827 2162 2881 της
2193 2810 2336 2864 κατά
2355 2810 2453 2882 τὴν
2480 2811 2800 2880 συγγένειαν
2828 2810 2928 2882 τὴν
2962 2809 3247 2881 ἀληθινὴν,
3283 2812 3332 2863 εἰ
3366 2811 3570 2874 πάντες
3593 2808 3653 2863 ἐν

2065 2902 2226 2973 σῶμά
2250 2904 2416 2971 ἐσμεν
2459 2903 2554 2955 καὶ
2585 2899 2665 2966 εἷς
2688 2901 2873 2974 ἄρτος,
2907 2903 3002 2956 καὶ
3049 2903 3145 2957 τοῦ
3191 2901 3314 2965 ἐνὸς
3350 2901 3656 2972 μετέχομεν

2062 2995 2390 3066 πνεύματος.
2421 2992 2781 3064 Πλανώμενον
2813 2994 2872 3047 δὲ
2896 2995 3169 3066 πρόϐατον
3198 2995 3226 3047 6
3264 2995 3338 3066 μὴ
3367 2995 3656 3064 τυγχάνων

2062 3087 2163 3158 τῆς
2212 3085 2308 3139 τοῦ
2359 3083 2692 3156 καθήκοντος
2743 3083 2919 3156 θήρας
2952 3085 3010 3138 ἐν
3039 3103 3100 3139 τε
3126 3085 3272 3157 λόγῳ
3302 3085 3398 3138 καὶ
3437 3083 3655 3156 πράξει,

381 3167 550 3232 novit,
587 3182 696 3221 non
724 3179 894 3236 errat;
923 3171 1012 3240 qui
1047 3180 1229 3226 autem
1260 3182 1428 3235 errat,
1463 3188 1493 3228 a
1525 3173 1778 3232 leonibus
1805 3177 1960 3247 ejici-

2066 3177 2100 3250 ἢ
2138 3177 2218 3248 τῷ
2266 3176 2340 3248 μὴ
2391 3174 2572 3247 ζητεῖν
2610 3175 2644 3246 ἢ
2691 3174 2770 3245 τῷ
2819 3177 2894 3247 μὴ
2929 3176 3206 3248 stips-Siva
3253 3176 3310 3230 δέ
3357 3175 3513 3238 εἰδὼς
3560 3177 3656 3230 καὶ

382 3269 490 3311 tur.
535 3257 880 3313 Adversarius
920 3261 1064 3315 enim
1107 3271 1292 3318 noster
1319 3264 1563 3319 diabolus
1594 3275 1847 3338 tanquam
1880 3269 1961 3324 leo

381 3350 592 3418 rugiens
641 3350 828 3403 circuit
866 3367 1102 3414 quazrens
1154 3369 1304 3422 quem
1338 3354 1626 3411 devoret".
1677 3356 1796 3412 Jam
1835 3375 1962 3416 vero

381 3449 512 3494 sunt
539 3449 593 3495 et
623 3441 790 3494 catuli
823 3440 986 3498 leonis
1021 3446 1283 3515 rugientes
1316 3455 1372 3499 ut
1400 3448 1610 3517 rapiant
1637 3459 1686 3502 et
1718 3461 1962 3522 quaerant

379 3550 415 3588 ιι
441 3535 548 3589 Deo
573 3553 745 3590 escam
773 3537 955 3592 sibi".
994 3537 1330 3595 lnsidiantur
1359 3551 1537 3595 autem
1565 3542 1752 3612 justis,
1779 3544 1962 3614 expel-

381 3627 493 3682 lere
525 3628 769 3684 volentes
796 3645 898 3685 nos
925 3644 956 3684 e
984 3632 1264 3688 montibus
1303 3631 1473 3703 pacis.
1507 3632 1636 3700 Sed,
1664 3634 1824 3689 sicuti
1855 3635 1961 3691 Da-

381 3722 467 3775 vid
501 3722 913 3792 apprehendens
939 3724 1111 3780 leonis
1140 3735 1384 3781 mentum
1410 3727 1717 3794 sulfocavit,
1751 3729 1823 3783 ita
1847 3730 1960 3800 spi-

380 3813 632 3868 ritualem
665 3810 833 3868 David
876 3812 1154 3869 Christum
1187 3817 1574 3887 exquiramus,
1614 3819 1709 3890 qui
1744 3819 1956 3876 leonem

385 3903 615 3974 arripuit
647 3913 700 3959 et
721 3920 937 3959 omnem
975 3906 1214 3962 ferarum
1244 3925 1460 3980 gregem
1491 3910 1783 3967 interfecit.
1811 3911 1959 3970 Duos

379 4008 511 4047 vero
565 4009 714 4048 nunc
767 3995 1019 4067 intelligit
1079 3997 1261 4054 leones
1309 4001 1620 4070 principes,
1670 4001 1956 4075 Assyrium

384 4099 577 4155 nempe
606 4093 660 4140 et
702 4085 1086 4158 Babylonium.
1123 4087 1285 4146 Juxta
1319 4090 1604 4147 historiam
1629 4095 1809 4163 quarti
1853 4095 1959 4150 lie-

379 4191 508 4246 gum
563 4175 672 4231 duo
735 4187 882 4234 sunt.
941 4177 1202 4251 Assyrius
1257 4197 1493 4252 namque
1543 4184 1769 4240 deduxit
1816 4186 1958 4242 filios

380 4266 545 4323 Israel
603 4269 671 4325 ad
713 4269 971 4342 Assyrios
999 4272 1064 4328 ad
1102 4272 1218 4328 hac
1251 4289 1426 4344 usque
1458 4283 1736 4345 tempora;
1776 4276 1956 4350 Baby-

379 4360 560 4415 lonius
587 4376 715 4416 vero
750 4362 890 4418 ﬁlios
913 4361 1052 4418 Juda
1082 4364 1134 4418 in
1163 4363 1516 4437 Babylonem.
1547 4366 1814 4422 Caeterum
1847 4383 1954 4423 non

379 4453 579 4508 dicitur
601 4469 746 4510 nunc
772 4459 984 4525 primus
1017 4463 1071 4512 et
1094 4459 1389 4526 secundus,
1418 4459 1512 4514 sed
1541 4461 1751 4530 primus
1772 4470 1829 4516 et
1856 4477 1956 4518 no—

2065 3269 2232 3325 ποιῶν
2262 3267 2331 3321 τά
2367 3269 2467 3338 τῆς
2500 3266 2848 3335 ἐπιγνώσεως
2869 3270 2932 3322 οὐ
2963 3268 3230 3322 πλανᾶται
3249 3285 3262 3298 ·
3298 3269 3326 3322 ὁ
3358 3267 3414 3321 δὲ
3445 3266 3658 3322 πλανώ-

2072 3377 2232 3432 μενος
2285 3359 2394 3412 ἀπὸ
2445 3359 2676 3412 λεόντων
2726 3358 3026 3422 ἐξωθεῖται.
3067 3360 3124 3413 Ὀ
3187 3358 3298 3430 γὰρ
3353 3358 3656 3424 ἀντίδικος

2062 3450 2232 3521 ἡμῶν
2264 3449 2542 3515 διάϐολος
2563 3449 2646 3514 ὡς
2677 3449 2836 3504 λέων
2863 3450 3203 3519 ώρυόμενος
3231 3449 3545 3517 περιπατεῖ
3562 3448 3652 3517 ζη-

2061 3547 2181 3601 τῶν
2230 3548 2366 3600 τινα
2405 3545 2836 3617 annutngqu
2871 3546 2928 3599 δὲ
2973 3545 3067 3599 καὶ
3101 3547 3357 3615 σκύμνοι
3407 3547 3651 3611 λέοντος

2059 3637 2381 3707 ὠρυόμενοι
2421 3635 2689 3704 ἁρπάσαι
2729 3636 2829 3692 καὶ
2859 3636 3107 3707 ζητῆσαι
3137 3636 3320 3705 παρὰ,
3342 3637 3464 3703 Θεῷ
3498 3635 3654 3707 ,ϐρῶ-

2061 3747 2165 3785 σιν
2207 3729 2414 3796 αὐτοῖς
2461 3727 2872 3782 ἐπιϐουλεύουσι
2902 3729 3015 3792 τοῖς
3047 3727 3295 3792 δικαίοις,
3343 3728 3654 3798 βουλόμενοι

2059 3820 2256 3886 ἐξῶσαι
2299 3821 2445 3892 ἡμᾶς
2496 3820 2606 3872 ἀπὸ
2647 3817 2758 3872 τῶν
2795 3818 2940 3890 ὸρῶν
2977 3819 3079 3889 τῆς
3115 3820 3355 3890 εἰρήνης.
3394 3817 3530 3870 Ἀλλ’
3574 3818 3651 3882 ὡς

2059 3910 2220 3965 Δαυῒδ
2250 3909 2428 3964 λαϐὼν
2443 3909 2536 3963 τοῦ
2553 3909 2818 3978 πώγωνος
2832 3909 2923 3963 τὸν
2940 3909 3130 3965 λέοντα
3159 3910 3389 3977 ἔπνιξεν,
3403 3911 3542 3966 οὕτω
3557 3909 3652 3964 τὸν

2059 4003 2426 4074 πνευματικὸν
2479 4001 2645 4056 Δαυτδ
2687 4001 2781 4056 τὸν
2826 4002 3063 4074 Χριστὸν
3113 4004 3504 4076 ἐκζητήσωμεν
3555 4003 3653 4056 λα-

2060 4093 2224 4148 ϐόντα
2264 4094 2357 4148 τὸν
2397 4092 2585 4147 λέοντα
2617 4093 2713 4147 καὶ
2752 4096 2864 4148 πᾶν
2891 4093 2953 4148 τὸ
2991 4093 3100 4149 τῶν
3137 4095 3340 4168 θηρίων
3376 4095 3653 4167 συνέδριον

2059 4187 2338 4241 ἀνελόντα.
2363 4187 2467 4241 Δύο
2497 4185 2554 4240 δέ
2588 4184 2685 4240 νῦν
2709 4185 2978 4257 λαμϐάνει
3010 4186 3230 4252 λέοντας
3260 4189 3530 4256 γενικοὺς,
3562 4189 3654 4242 τόν

2057 4292 2115 4327 τε
2149 4275 2432 4347 Ἀσσύριον
2460 4276 2554 4328 καὶ
2581 4274 2674 4328 τὸν
2700 4274 3064 4330 Βαϐυλώνιον.
3089 4278 3250 4331 Κατὰ
3275 4279 3375 4350 τὴν
3413 4279 3652 4352 ἱστορίαν

2057 4365 2157 4436 τὴν
2194 4367 2252 4418 ἐν
2284 4367 2350 4436 τῇ
2391 4364 2625 4438 τετάρτῃ
2654 4366 2768 4422 τῶν
2800 4366 3099 4421 Βασιλειῶν
3136 4367 3230 4422 δύο
3265 4369 3436 4422 είσίν·
3477 4373 3506 4424 6
3553 4368 3651 4441 μέν

2057 4453 2168 4526 γάρ
2214 4454 2500 4526 ’Δσσύριος
2529 4453 2780 4525 ἀπῴκισε
2809 4456 2936 4519 τοὺς
2963 4455 3113 4522 υἱοὺς
3152 4457 3368 4530 Ἰσραὴλ
3399 4459 3478 4521 είς
3527 4459 3650 4512 Ἀσ-

379 4542 660 4598 vissimus.
708 4545 930 4600 Primus
974 4547 1176 4618 quippe
1205 4549 1293 4603 leo
1329 4559 1413 4606 est
1447 4553 1794 4610 adversarius
1839 4555 1956 4610 dia-

2064 4543 2283 4613 συρίους
2303 4543 2409 4607 ἕως
2430 4544 2530 4613 τῆς
2557 4545 2800 4617 σήμερον
2825 4562 2840 4577 ο
2864 4547 2894 4600 6
2921 4546 2976 4600 δὲ
2996 4526 3334 4611 Βαϐυλώνιος
3355 4549 3480 4612 τοὺς
3499 4548 3650 4613 υἱοὺς

380 4630 557 4693 holus,
605 4631 718 4701 ipse
763 4633 1080 4691 interfector
1113 4637 1432 4708 hominum;
1466 4642 1797 4699 novissimus
1823 4659 1954 4700 vero

376 4725 500 4788 erit,
530 4724 624 4793 qui
658 4725 711 4780 in
742 4726 847 4782 line
871 4729 1056 4786 saeculi
1087 4731 1242 4785 homo
1275 4735 1500 4802 peccati,
1527 4737 1672 4805 ﬁlius
1698 4740 1954 4806 perditio-

377 4815 459 4867 nis
480 4855 494 4878 ,
525 4815 616 4883 qui
645 4817 877 4889 erigetur
910 4836 1070 4890 supra
1093 4839 1242 4878 omne
1275 4826 1412 4894 quod
1451 4825 1585 4881 Deus
1613 4839 1830 4883 vocatur
1857 4840 1953 4885 aut

375 4904 571 4960 colitur
592 4907 658 4961 ⁸⁸.

444 5159 531 5215 18,
591 5160 725 5217 Ecce
779 5181 872 5234 ego
914 5166 1144 5222 ulciscor
1196 5187 1354 5240 super
1411 5189 1582 5243 regem
1638 5175 1948 5246 Babylonis.

371 5251 535 5308 Israel
563 5253 616 5307 in
649 5269 747 5309 sua
776 5271 978 5327 pascua
1005 5274 1112 5314 non
1145 5270 1323 5330 potest
1350 5264 1547 5329 redire,
1571 5265 1625 5319 ni
1655 5266 1765 5323 duo
1794 5284 1948 5340 reges

371 5344 647 5411 patiantur
669 5361 792 5417 quae
820 5349 930 5418 pati
965 5365 1061 5406 eos
1087 5361 1300 5420 oportet
1328 5368 1429 5423 pro
1455 5356 1596 5410 male
1630 5369 1951 5416 vexatornm

369 5433 595 5490 ultione.
644 5434 880 5491 Omnino
922 5438 988 5492 de
1030 5439 1248 5495 diabolo
1278 5442 1363 5496 vel
1419 5441 1758 5504 Antichristo
1809 5435 1952 5506 acci-

368 5526 598 5591 piendos
624 5537 708 5585 est
735 5530 824 5586 hic
851 5545 1057 5587 sermo.
1108 5531 1165 5587 ln
1199 5549 1286 5588 me
1316 5535 1463 5592 enim
1504 5546 1824 5595 conteratur
1855 5540 1953 5596 Sa-

370 5626 526 5674 tanas
552 5619 654 5673 sub
681 5621 909 5689 pedibus
931 5625 1068 5679 meis
1093 5623 1370 5681 velociter.
1398 5626 1537 5682 Cum
1569 5638 1755 5685 autem
1781 5631 1945 5687 deleti

436 5822 478 5853 ε⁵
508 5821 637 5875 Luc.
668 5839 778 5891 XIX,
812 5826 896 5881 l0.
977 5831 1020 5862 “
1045 5829 1065 5884 l
1093 5829 1206 5886 Pet.
1242 5847 1294 5896 ν,
1328 5831 1380 5887 8.
1461 5834 1504 5866 ⁸⁷
1535 5833 1684 5902 Psal.
1721 5853 1846 5906 CIII,
1883 5839 1970 5894 εί-

633 6409 690 6419 ----r-
727 6411 734 6414 -
743 6411 770 6418 -.--
793 6410 876 6420 -—-z_‘
889 6410 1126 6421 --τ--ι--η-
1135 6412 1168 6416 —
1179 6413 1194 6416 —
1209 6410 1286 6419 ---ρ
1297 6412 1334 6419 -.-.
1355 6413 1390 6418 ..-

2074 4633 2242 4689 Ἰούδα
2275 4636 2355 4698 είς
2387 4634 2705 4690 Βαϐυλῶνα.
2739 4635 2887 4706 Πλὴν
2918 4638 3019 4691 οὐκ
3047 4635 3152 4707 ἔφη
3185 4636 3280 4691 νῦν
3313 4638 3526 4710 πρῶτος
3555 4638 3649 4693 καὶ

2057 4725 2328 4797 δεύτερος,
2359 4724 2498 4780 ἀλλά
2522 4725 2740 4797 πρῶτος
2761 4727 2855 4781 καὶ
2872 4726 3120 4798 ἔσχατος.
3142 4728 3364 4799 Πρῶτος
3381 4729 3490 4801 γάρ
3511 4729 3646 4784 λέων

2057 4817 2087 4881 6
2119 4816 2491 4888 ἀντικείμενος
2518 4817 2782 4882 διάϐολος,
2815 4817 2978 4881 αὐτὸς
3000 4818 3028 4871 6
3059 4817 3504 4890 ἀνθρωποκτόνος
3524 4837 3538 4852 ’
3560 4837 3647 4873 τε-

2057 4909 2304 4972 λευταῖος
2343 4909 2403 4962 δὲ
2429 4911 2459 4962 6
2486 4909 2581 4962 ἐπὶ
2615 4907 2895 4980 συντελείᾳ
2923 4909 3019 4962 τοῦ
3046 4908 3240 4974 αἰῶνος
3271 4912 3305 4964 ὁ
3336 4911 3646 4980 ἄνθρωπος

2059 4999 2167 5069 τῆς
2189 4999 2502 5070 ἁμαρτίας,
2534 5001 2567 5053 ὁ
2610 4998 2740 5066 υίὸς
2770 4998 2882 5068 τῆς
2920 4999 3240 5067 ἀπωλείας,
3273 5003 3308 5055 ὁ
3331 5001 3644 5072 ἐπαιρόμε-

2053 5106 2166 5156 νος
2189 5089 2288 5142 ἐπὶ
2323 5089 2521 5142 πάντα
2543 5091 2876 5158 λεγόμενον
2901 5088 3052 5142 Θεὸν
3079 5090 3118 5158 ἢ
3139 5090 3435 5161 σέϐασμα.

2128 5180 2215 5235 18.
2267 5180 2414 5234 Ἰδοὺ
2441 5178 2556 5248 ἐγὼ
2583 5177 2801 5232 ἐνδικῶ
2826 5179 2924 5232 ἐπὶ
2950 5179 3058 5234 τὸν
3080 5180 3348 5244 ,βασιλέα
3374 5180 3644 5237 Βαϐυλῶ-

2053 5288 2180 5337 νος.
2223 5272 2297 5324 Οὐ
2339 5270 2561 5324 δύναται
2604 5273 2632 5325 6
2676 5270 2892 5343 Ἰσραὴλ
2936 5271 3380 5342 ἀποκαταστῆναι
3422 5273 3504 5337 είς
3541 5273 3643 5344 τήν

2053 5360 2227 5430 νομὴν
2267 5358 2456 5420 αὐτοῦ,
2492 5357 2587 5411 ἐὰν
2634 5359 2707 5429 μὴ
2740 5357 2986 5412 πάθωσιν
3017 5361 3064 5413 οἱ
3101 5359 3194 5412 δύο
3233 5359 3469 5429 βασιλεῖς
3497 5361 3534 5416 ἃ
3561 5362 3642 5416 δεῖ

2058 5450 2250 5504 παθεῖν
2283 5450 2424 5520 ὑπὲρ
2450 5450 2548 5520 τῆς
2571 5449 2915 5505 πεπονθότων
2933 5451 3117 5514 κακῶς
3137 5452 3482 5523 ἐκδικήσεως.
3499 5453 3640 5508 Πάν-

2060 5562 2166 5609 τως
2199 5543 2280 5596 δεί
2303 5543 2394 5595 ἐπὶ
2425 5541 2515 5594 τὸν
2545 5539 2788 5594 διάϐολον
2808 5541 2840 5611 ἢ
2857 5541 2948 5595 τὸν
2977 5543 3340 5616 Ἀντίχριστον
3365 5545 3640 5616 ἐκλαμϐά-

2055 5653 2168 5690 νειν
2217 5634 2309 5686 τὸν
2367 5635 2654 5702 λόγον.Ἐν
2707 5633 2830 5704 ἐμοὶ
2885 5635 2994 5706 γάρ
3047 5631 3390 5708 ἀναιρεθήτω
3428 5652 3641 5710 συντρι-

2051 5843 2094 5877 ⁶⁸
2135 5840 2175 5896 ll
2204 5841 2394 5898 Thess.
2429 5856 2487 5908 ιι,
2520 5840 2574 5909 5,
2605 5839 2656 5894 4.
