  <div class='ocr_page' id='page_1' title='image "/cluster/home/n/w/nwhite01/storage/ocr_20150623/13:no.3/coo.31924054872910/306.png"; bbox 0 0 4140 6440; ppageno 0'>
   <div class='ocr_carea' id='block_1_1' title="bbox 486 421 590 480">
    <p class='ocr_par' dir='ltr' id='par_1_1' title="bbox 486 421 590 480">
     <span class='ocr_line' id='line_1_1' title="bbox 486 421 590 480; baseline -0.067 1"><span class='ocrx_word' id='word_1_1' title='bbox 486 421 590 480; x_wconf 68' lang='lat'><strong>597</strong></span> 
     </span>
    </p>
   </div>
   <div class='ocr_carea' id='block_1_2' title="bbox 1727 396 2551 462">
    <p class='ocr_par' dir='ltr' id='par_1_2' title="bbox 1727 396 2551 462">
     <span class='ocr_line' id='line_1_2' title="bbox 1727 396 2551 462; baseline -0.007 0"><span class='ocrx_word' id='word_1_2' title='bbox 1727 401 2040 462; x_wconf 82' lang='lat' dir='ltr'><strong>SELECTA</strong></span> <span class='ocrx_word' id='word_1_3' title='bbox 2075 396 2146 457; x_wconf 77' lang='lat' dir='ltr'><strong>IN</strong></span> <span class='ocrx_word' id='word_1_4' title='bbox 2179 401 2551 458; x_wconf 70' lang='lat' dir='ltr'><strong>J-EREMIAM&#39;.</strong></span> 
     </span>
    </p>
   </div>
   <div class='ocr_carea' id='block_1_3' title="bbox 487 516 2085 613">
    <p class='ocr_par' dir='ltr' id='par_1_3' title="bbox 487 526 2074 613">
     <span class='ocr_line' id='line_1_3' title="bbox 487 526 2074 613; baseline -0.013 -15"><span class='ocrx_word' id='word_1_5' title='bbox 487 542 718 613; x_wconf 63' lang='grc' dir='ltr'>δόμενος</span> <span class='ocrx_word' id='word_1_6' title='bbox 767 541 796 594; x_wconf 91' lang='lat'><strong>6</strong></span> <span class='ocrx_word' id='word_1_7' title='bbox 837 536 1088 600; x_wconf 80' lang='grc' dir='ltr'><strong>Σατανᾶς</strong></span> <span class='ocrx_word' id='word_1_8' title='bbox 1135 533 1242 588; x_wconf 77' lang='grc' dir='ltr'><strong>ὑπὸ</strong></span> <span class='ocrx_word' id='word_1_9' title='bbox 1281 533 1408 596; x_wconf 74' lang='grc' dir='ltr'>τοὺς</span> <span class='ocrx_word' id='word_1_10' title='bbox 1455 531 1623 594; x_wconf 82' lang='grc' dir='ltr'>πόδας</span> <span class='ocrx_word' id='word_1_11' title='bbox 1674 546 1775 600; x_wconf 86' lang='grc' dir='ltr'><strong>μου</strong></span> <span class='ocrx_word' id='word_1_12' title='bbox 1806 530 1864 582; x_wconf 83' lang='grc' dir='ltr'>ὲν</span> <span class='ocrx_word' id='word_1_13' title='bbox 1901 526 2074 596; x_wconf 76' lang='grc' dir='ltr'>τάχει.</span> 
     </span>
    </p>
   </div>
   <div class='ocr_carea' id='block_1_4' title="bbox 2185 516 3795 613">
    <p class='ocr_par' dir='ltr' id='par_1_4' title="bbox 2185 516 3795 587">
     <span class='ocr_line' id='line_1_4' title="bbox 2185 516 3795 587; baseline -0.005 -10"><span class='ocrx_word' id='word_1_14' title='bbox 2185 523 2386 579; x_wconf 86' lang='lat' dir='ltr'><strong>lueriut</strong></span> <span class='ocrx_word' id='word_1_15' title='bbox 2421 522 2473 576; x_wconf 99' lang='lat' dir='ltr'><strong>hi</strong></span> <span class='ocrx_word' id='word_1_16' title='bbox 2509 520 2619 576; x_wconf 91' lang='lat' dir='ltr'><strong>duo</strong></span> <span class='ocrx_word' id='word_1_17' title='bbox 2647 526 2701 574; x_wconf 90' lang='lat' dir='ltr'><strong>et</strong></span> <span class='ocrx_word' id='word_1_18' title='bbox 2730 516 3065 587; x_wconf 78' lang='lat' dir='ltr'><strong>intermedii,</strong></span> <span class='ocrx_word' id='word_1_19' title='bbox 3088 516 3341 574; x_wconf 84' lang='lat' dir='ltr'><strong>restituet</strong></span> <span class='ocrx_word' id='word_1_20' title='bbox 3375 516 3542 572; x_wconf 83' lang='lat' dir='ltr'><strong>Israel</strong></span> <span class='ocrx_word' id='word_1_21' title='bbox 3569 516 3640 572; x_wconf 81' lang='lat' dir='ltr'><strong>ad</strong></span> <span class='ocrx_word' id='word_1_22' title='bbox 3674 516 3795 570; x_wconf 73' lang='lat' dir='ltr'><strong>lia-</strong></span> 
     </span>
    </p>
   </div>
   <div class='ocr_carea' id='block_1_5' title="bbox 492 619 2074 701">
    <p class='ocr_par' dir='ltr' id='par_1_5' title="bbox 492 619 2074 701">
     <span class='ocr_line' id='line_1_5' title="bbox 492 619 2074 701; baseline -0.011 -12"><span class='ocrx_word' id='word_1_23' title='bbox 492 635 662 688; x_wconf 84' lang='grc' dir='ltr'><strong>Ὅταν</strong></span> <span class='ocrx_word' id='word_1_24' title='bbox 714 632 773 685; x_wconf 83' lang='grc' dir='ltr'>δὲ</span> <span class='ocrx_word' id='word_1_25' title='bbox 814 630 979 701; x_wconf 77' lang='grc' dir='ltr'>ἀνέλῃ</span> <span class='ocrx_word' id='word_1_26' title='bbox 1025 629 1154 691; x_wconf 77' lang='grc' dir='ltr'>τοὺς</span> <span class='ocrx_word' id='word_1_27' title='bbox 1199 625 1293 679; x_wconf 89' lang='grc' dir='ltr'><strong>δύο</strong></span> <span class='ocrx_word' id='word_1_28' title='bbox 1319 624 1540 687; x_wconf 82' lang='grc' dir='ltr'><strong>τούτους</strong></span> <span class='ocrx_word' id='word_1_29' title='bbox 1568 623 1663 677; x_wconf 77' lang='grc' dir='ltr'>καὶ</span> <span class='ocrx_word' id='word_1_30' title='bbox 1689 623 1814 685; x_wconf 81' lang='grc' dir='ltr'>τοὺς</span> <span class='ocrx_word' id='word_1_31' title='bbox 1850 619 2074 691; x_wconf 80' lang='grc' dir='ltr'>μεταξὺ,</span> 
     </span>
    </p>
   </div>
   <div class='ocr_carea' id='block_1_6' title="bbox 491 710 2076 794">
    <p class='ocr_par' dir='ltr' id='par_1_6' title="bbox 491 710 2076 794">
     <span class='ocr_line' id='line_1_6' title="bbox 491 710 2076 794; baseline -0.011 -14"><span class='ocrx_word' id='word_1_32' title='bbox 491 725 935 794; x_wconf 75' lang='grc' dir='ltr'><strong>ἀποκαταστήσει</strong></span> <span class='ocrx_word' id='word_1_33' title='bbox 956 721 1047 774; x_wconf 85' lang='grc' dir='ltr'>τὸν</span> <span class='ocrx_word' id='word_1_34' title='bbox 1087 717 1304 789; x_wconf 76' lang='grc' dir='ltr'>Ἰσραὴλ</span> <span class='ocrx_word' id='word_1_35' title='bbox 1333 719 1413 779; x_wconf 84' lang='grc' dir='ltr'>εἰς</span> <span class='ocrx_word' id='word_1_36' title='bbox 1437 715 1535 786; x_wconf 83' lang='grc' dir='ltr'>τὴν</span> <span class='ocrx_word' id='word_1_37' title='bbox 1563 713 1737 784; x_wconf 85' lang='grc' dir='ltr'>νομὴν</span> <span class='ocrx_word' id='word_1_38' title='bbox 1769 710 1962 766; x_wconf 83' lang='grc' dir='ltr'>αὑτοῦ·</span> <span class='ocrx_word' id='word_1_39' title='bbox 1987 711 2076 764; x_wconf 85' lang='grc' dir='ltr'>ὅτε</span> 
     </span>
    </p>
   </div>
   <div class='ocr_carea' id='block_1_7' title="bbox 491 804 2078 888">
    <p class='ocr_par' dir='ltr' id='par_1_7' title="bbox 491 804 2078 888">
     <span class='ocr_line' id='line_1_7' title="bbox 491 804 2078 888; baseline -0.011 -16"><span class='ocrx_word' id='word_1_40' title='bbox 491 818 550 873; x_wconf 75' lang='grc' dir='ltr'>δὲ</span> <span class='ocrx_word' id='word_1_41' title='bbox 577 817 872 888; x_wconf 86' lang='grc' dir='ltr'>νεμήσεται</span> <span class='ocrx_word' id='word_1_42' title='bbox 906 816 963 867; x_wconf 83' lang='grc' dir='ltr'><strong>ἐν</strong></span> <span class='ocrx_word' id='word_1_43' title='bbox 995 812 1074 883; x_wconf 79' lang='grc' dir='ltr'>τῷ</span> <span class='ocrx_word' id='word_1_44' title='bbox 1103 809 1412 883; x_wconf 83' lang='grc' dir='ltr'><strong>Καρμήλῳ,</strong></span> <span class='ocrx_word' id='word_1_45' title='bbox 1439 808 1532 861; x_wconf 81' lang='grc' dir='ltr'>καὶ</span> <span class='ocrx_word' id='word_1_46' title='bbox 1560 810 1624 877; x_wconf 85' lang='grc' dir='ltr'>τῇ</span> <span class='ocrx_word' id='word_1_47' title='bbox 1661 806 1861 868; x_wconf 81' lang='grc' dir='ltr'>Βασὰν,</span> <span class='ocrx_word' id='word_1_48' title='bbox 1894 804 1988 858; x_wconf 78' lang='grc' dir='ltr'>καὶ</span> <span class='ocrx_word' id='word_1_49' title='bbox 2021 805 2078 856; x_wconf 87' lang='grc' dir='ltr'><strong>ἐν</strong></span> 
     </span>
    </p>
   </div>
   <div class='ocr_carea' id='block_1_8' title="bbox 493 897 2082 980">
    <p class='ocr_par' dir='ltr' id='par_1_8' title="bbox 493 897 2082 980">
     <span class='ocr_line' id='line_1_8' title="bbox 493 897 2082 980; baseline -0.009 -18"><span class='ocrx_word' id='word_1_50' title='bbox 493 909 608 980; x_wconf 73' lang='grc' dir='ltr'>δρει</span> <span class='ocrx_word' id='word_1_51' title='bbox 649 905 908 978; x_wconf 68' lang='grc' dir='ltr'>Ἐφραίμ,</span> <span class='ocrx_word' id='word_1_52' title='bbox 943 905 1038 958; x_wconf 69' lang='grc' dir='ltr'><strong>κρὶ</strong></span> <span class='ocrx_word' id='word_1_53' title='bbox 1064 905 1120 956; x_wconf 88' lang='grc' dir='ltr'><strong>ἐν</strong></span> <span class='ocrx_word' id='word_1_54' title='bbox 1144 901 1372 956; x_wconf 82' lang='grc' dir='ltr'><strong>Γαλαὰδ.</strong></span> <span class='ocrx_word' id='word_1_55' title='bbox 1405 899 1687 953; x_wconf 86' lang='grc' dir='ltr'>Τοσούτων</span> <span class='ocrx_word' id='word_1_56' title='bbox 1708 898 1888 950; x_wconf 85' lang='grc' dir='ltr'>τόπων</span> <span class='ocrx_word' id='word_1_57' title='bbox 1911 897 2082 950; x_wconf 73' lang='grc' dir='ltr'>ὄντων</span> 
     </span>
    </p>
   </div>
   <div class='ocr_carea' id='block_1_9' title="bbox 492 990 2077 1071">
    <p class='ocr_par' dir='ltr' id='par_1_9' title="bbox 492 990 2077 1071">
     <span class='ocr_line' id='line_1_9' title="bbox 492 990 2077 1071; baseline -0.007 -18"><span class='ocrx_word' id='word_1_58' title='bbox 492 1001 593 1071; x_wconf 82' lang='grc' dir='ltr'>τῆς</span> <span class='ocrx_word' id='word_1_59' title='bbox 650 998 909 1062; x_wconf 76' lang='grc' dir='ltr'>Ἰουδαίας</span> <span class='ocrx_word' id='word_1_60' title='bbox 956 997 1051 1051; x_wconf 76' lang='grc' dir='ltr'>καὶ</span> <span class='ocrx_word' id='word_1_61' title='bbox 1091 996 1202 1066; x_wconf 69' lang='grc' dir='ltr'>τῆς</span> <span class='ocrx_word' id='word_1_62' title='bbox 1249 994 1354 1064; x_wconf 79' lang='grc' dir='ltr'>γῆς</span> <span class='ocrx_word' id='word_1_63' title='bbox 1397 992 1498 1064; x_wconf 84' lang='grc' dir='ltr'>τῆς</span> <span class='ocrx_word' id='word_1_64' title='bbox 1544 990 2077 1063; x_wconf 86' lang='grc' dir='ltr'>κληρονομουμένης,</span> 
     </span>
    </p>
   </div>
   <div class='ocr_carea' id='block_1_10' title="bbox 492 1089 1156 1162">
    <p class='ocr_par' dir='ltr' id='par_1_10' title="bbox 492 1089 1156 1162">
     <span class='ocr_line' id='line_1_10' title="bbox 492 1089 1156 1162; baseline -0.005 -17"><span class='ocrx_word' id='word_1_65' title='bbox 492 1091 664 1146; x_wconf 88' lang='grc' dir='ltr'>ταῦτα</span> <span class='ocrx_word' id='word_1_66' title='bbox 699 1092 858 1162; x_wconf 88' lang='grc' dir='ltr'>μόνον</span> <span class='ocrx_word' id='word_1_67' title='bbox 884 1089 1156 1160; x_wconf 80' lang='grc' dir='ltr'>ὠνόμασε.</span> 
     </span>
    </p>
   </div>
   <div class='ocr_carea' id='block_1_11' title="bbox 560 1173 2081 1248">
    <p class='ocr_par' dir='ltr' id='par_1_11' title="bbox 560 1173 2081 1248">
     <span class='ocr_line' id='line_1_11' title="bbox 560 1173 2081 1248; baseline -0.007 -11"><span class='ocrx_word' id='word_1_68' title='bbox 560 1183 652 1237; x_wconf 70' lang='lat'><strong>23.</strong></span> <span class='ocrx_word' id='word_1_69' title='bbox 691 1182 824 1248; x_wconf 85' lang='grc' dir='ltr'><strong>Πῶς</strong></span> <span class='ocrx_word' id='word_1_70' title='bbox 846 1180 1116 1247; x_wconf 69' lang='grc' dir='ltr'>ἐκλάσθη</span> <span class='ocrx_word' id='word_1_71' title='bbox 1151 1180 1248 1235; x_wconf 81' lang='grc' dir='ltr'><strong>καί</strong></span> <span class='ocrx_word' id='word_1_72' title='bbox 1282 1176 1604 1246; x_wconf 80' lang='grc' dir='ltr'>συνετρίϐη</span> <span class='ocrx_word' id='word_1_73' title='bbox 1645 1177 1684 1244; x_wconf 78' lang='grc' dir='ltr'><strong><em>ἠ</em></strong></span> <span class='ocrx_word' id='word_1_74' title='bbox 1717 1174 1924 1245; x_wconf 72' lang='grc' dir='ltr'>σφῦρα</span> <span class='ocrx_word' id='word_1_75' title='bbox 1969 1173 2081 1228; x_wconf 82' lang='grc' dir='ltr'><strong>πά-</strong></span> 
     </span>
    </p>
   </div>
   <div class='ocr_carea' id='block_1_12' title="bbox 492 1266 2080 1342">
    <p class='ocr_par' dir='ltr' id='par_1_12' title="bbox 492 1266 2080 1342">
     <span class='ocr_line' id='line_1_12' title="bbox 492 1266 2080 1342; baseline -0.007 -14"><span class='ocrx_word' id='word_1_76' title='bbox 492 1290 614 1342; x_wconf 84' lang='grc' dir='ltr'><strong>σης</strong></span> <span class='ocrx_word' id='word_1_77' title='bbox 661 1273 771 1342; x_wconf 80' lang='grc' dir='ltr'>τῆς</span> <span class='ocrx_word' id='word_1_78' title='bbox 821 1271 954 1341; x_wconf 78' lang='grc' dir='ltr'>γῆς.</span> <span class='ocrx_word' id='word_1_79' title='bbox 1009 1269 1230 1342; x_wconf 85' lang='grc' dir='ltr'>Σφῦραν</span> <span class='ocrx_word' id='word_1_80' title='bbox 1270 1269 1370 1341; x_wconf 80' lang='grc' dir='ltr'>τὴν</span> <span class='ocrx_word' id='word_1_81' title='bbox 1423 1268 1716 1323; x_wconf 75' lang='grc' dir='ltr'>Βαϐυλῶνα</span> <span class='ocrx_word' id='word_1_82' title='bbox 1761 1266 1916 1320; x_wconf 83' lang='grc' dir='ltr'>καλεῖ</span> <span class='ocrx_word' id='word_1_83' title='bbox 1960 1268 2080 1328; x_wconf 87' lang='grc' dir='ltr'>ταῖς</span> 
     </span>
    </p>
   </div>
   <div class='ocr_carea' id='block_1_13' title="bbox 498 1358 2080 1433">
    <p class='ocr_par' dir='ltr' id='par_1_13' title="bbox 498 1358 2080 1433">
     <span class='ocr_line' id='line_1_13' title="bbox 498 1358 2080 1433; baseline -0.006 -14"><span class='ocrx_word' id='word_1_84' title='bbox 498 1367 658 1429; x_wconf 82' lang='grc' dir='ltr'>ἰδίαις</span> <span class='ocrx_word' id='word_1_85' title='bbox 690 1363 1026 1428; x_wconf 75' lang='grc' dir='ltr'>πλεονεξίαις</span> <span class='ocrx_word' id='word_1_86' title='bbox 1064 1362 1193 1426; x_wconf 85' lang='grc' dir='ltr'>τοὺς</span> <span class='ocrx_word' id='word_1_87' title='bbox 1223 1361 1317 1415; x_wconf 77' lang='grc' dir='ltr'>ἐπὶ</span> <span class='ocrx_word' id='word_1_88' title='bbox 1363 1361 1468 1433; x_wconf 84' lang='grc' dir='ltr'>γῆς</span> <span class='ocrx_word' id='word_1_89' title='bbox 1513 1358 2080 1431; x_wconf 80' lang='grc' dir='ltr'>κατατρίψασαν.”οτε</span> 
     </span>
    </p>
   </div>
   <div class='ocr_carea' id='block_1_14' title="bbox 493 1448 2083 1524">
    <p class='ocr_par' dir='ltr' id='par_1_14' title="bbox 493 1448 2083 1524">
     <span class='ocr_line' id='line_1_14' title="bbox 493 1448 2083 1524; baseline -0.006 -13"><span class='ocrx_word' id='word_1_90' title='bbox 493 1457 551 1511; x_wconf 81' lang='grc' dir='ltr'><strong>δέ</strong></span> <span class='ocrx_word' id='word_1_91' title='bbox 586 1457 676 1512; x_wconf 80' lang='grc' dir='ltr'><strong>τὸν</strong></span> <span class='ocrx_word' id='word_1_92' title='bbox 710 1457 852 1510; x_wconf 87' lang='grc' dir='ltr'>θεῖον</span> <span class='ocrx_word' id='word_1_93' title='bbox 881 1455 1017 1510; x_wconf 84' lang='grc' dir='ltr'>νεὼν</span> <span class='ocrx_word' id='word_1_94' title='bbox 1041 1456 1070 1507; x_wconf 77' lang='grc' dir='ltr'>ὁ</span> <span class='ocrx_word' id='word_1_95' title='bbox 1102 1452 1350 1524; x_wconf 86' lang='grc' dir='ltr'>Σολομὼν</span> <span class='ocrx_word' id='word_1_96' title='bbox 1390 1451 1813 1513; x_wconf 84' lang='grc' dir='ltr'><strong>κατεσκεύασεν,</strong></span> <span class='ocrx_word' id='word_1_97' title='bbox 1839 1451 1897 1503; x_wconf 90' lang='grc' dir='ltr'><strong>ἐν</strong></span> <span class='ocrx_word' id='word_1_98' title='bbox 1925 1448 2083 1503; x_wconf 81' lang='grc' dir='ltr'>ἐπαί-</span> 
     </span>
    </p>
   </div>
   <div class='ocr_carea' id='block_1_15' title="bbox 494 1540 2080 1619">
    <p class='ocr_par' dir='ltr' id='par_1_15' title="bbox 494 1540 2080 1619">
     <span class='ocr_line' id='line_1_15' title="bbox 494 1540 2080 1619; baseline -0.006 -17"><span class='ocrx_word' id='word_1_99' title='bbox 494 1566 572 1619; x_wconf 84' lang='grc' dir='ltr'>νῳ</span> <span class='ocrx_word' id='word_1_100' title='bbox 606 1547 713 1602; x_wconf 87' lang='grc' dir='ltr'><strong>τῶν</strong></span> <span class='ocrx_word' id='word_1_101' title='bbox 757 1546 1054 1602; x_wconf 80' lang='grc' dir='ltr'>Βασιλειῶν</span> <span class='ocrx_word' id='word_1_102' title='bbox 1091 1547 1125 1616; x_wconf 77' lang='grc' dir='ltr'>ἡ</span> <span class='ocrx_word' id='word_1_103' title='bbox 1171 1545 1329 1617; x_wconf 82' lang='grc' dir='ltr'>τρίτη</span> <span class='ocrx_word' id='word_1_104' title='bbox 1385 1545 1579 1613; x_wconf 72' lang='grc' dir='ltr'>φησιν,</span> <span class='ocrx_word' id='word_1_105' title='bbox 1613 1543 1695 1596; x_wconf 83' lang='grc' dir='ltr'>ὅτι</span> <span class='ocrx_word' id='word_1_106' title='bbox 1745 1541 1928 1612; x_wconf 84' lang='grc' dir='ltr'>σφῦρα</span> <span class='ocrx_word' id='word_1_107' title='bbox 1987 1540 2080 1593; x_wconf 71' lang='grc' dir='ltr'>καὶ</span> 
     </span>
    </p>
   </div>
   <div class='ocr_carea' id='block_1_16' title="bbox 497 1631 2078 1707">
    <p class='ocr_par' dir='ltr' id='par_1_16' title="bbox 497 1631 2078 1707">
     <span class='ocr_line' id='line_1_16' title="bbox 497 1631 2078 1707; baseline -0.005 -15"><span class='ocrx_word' id='word_1_108' title='bbox 497 1639 728 1703; x_wconf 88' lang='grc' dir='ltr'>πέλεκυς</span> <span class='ocrx_word' id='word_1_109' title='bbox 757 1639 857 1693; x_wconf 81' lang='grc' dir='ltr'>οὐκ</span> <span class='ocrx_word' id='word_1_110' title='bbox 889 1636 1133 1707; x_wconf 73' lang='grc' dir='ltr'>ἠκούσθη</span> <span class='ocrx_word' id='word_1_111' title='bbox 1162 1637 1220 1689; x_wconf 87' lang='grc' dir='ltr'><strong>ἐν</strong></span> <span class='ocrx_word' id='word_1_112' title='bbox 1247 1634 1324 1706; x_wconf 84' lang='grc' dir='ltr'>τῷ</span> <span class='ocrx_word' id='word_1_113' title='bbox 1353 1634 1488 1704; x_wconf 82' lang='grc' dir='ltr'>οἴκῳ</span> <span class='ocrx_word' id='word_1_114' title='bbox 1514 1633 1743 1705; x_wconf 83' lang='grc' dir='ltr'>Κυρίου.</span> <span class='ocrx_word' id='word_1_115' title='bbox 1772 1631 1933 1695; x_wconf 73' lang='grc' dir='ltr'>Οἶκος</span> <span class='ocrx_word' id='word_1_116' title='bbox 1963 1631 2018 1684; x_wconf 87' lang='grc' dir='ltr'>δὲ</span> <span class='ocrx_word' id='word_1_117' title='bbox 2043 1634 2078 1702; x_wconf 83' lang='grc' dir='ltr'>ἡ</span> 
     </span>
    </p>
   </div>
   <div class='ocr_carea' id='block_1_17' title="bbox 508 1720 2080 1802">
    <p class='ocr_par' dir='ltr' id='par_1_17' title="bbox 508 1720 2080 1802">
     <span class='ocr_line' id='line_1_17' title="bbox 508 1720 2080 1802; baseline -0.006 -18"><span class='ocrx_word' id='word_1_118' title='bbox 508 1729 803 1802; x_wconf 83' lang='grc' dir='ltr'>Ἐκκλησία</span> <span class='ocrx_word' id='word_1_119' title='bbox 828 1727 986 1796; x_wconf 90' lang='grc' dir='ltr'>Θεοῦ,</span> <span class='ocrx_word' id='word_1_120' title='bbox 1012 1729 1071 1780; x_wconf 87' lang='grc' dir='ltr'><strong>ἐν</strong></span> <span class='ocrx_word' id='word_1_121' title='bbox 1160 1725 1235 1797; x_wconf 78' lang='grc' dir='ltr'>μὴ</span> <span class='ocrx_word' id='word_1_122' title='bbox 1261 1725 1345 1778; x_wconf 89' lang='grc' dir='ltr'><strong>δεῖ</strong></span> <span class='ocrx_word' id='word_1_123' title='bbox 1365 1723 1659 1778; x_wconf 81' lang='grc' dir='ltr'>ἀκούεσθαι</span> <span class='ocrx_word' id='word_1_124' title='bbox 1683 1723 2080 1795; x_wconf 84' lang='grc' dir='ltr'>σφῦραν.Ἔστι</span> 
     </span>
    </p>
   </div>
   <div class='ocr_carea' id='block_1_18' title="bbox 493 1815 2079 1892">
    <p class='ocr_par' dir='ltr' id='par_1_18' title="bbox 493 1815 2079 1892">
     <span class='ocr_line' id='line_1_18' title="bbox 493 1815 2079 1892; baseline -0.004 -18"><span class='ocrx_word' id='word_1_125' title='bbox 493 1820 552 1874; x_wconf 82' lang='grc' dir='ltr'><strong>δέ</strong></span> <span class='ocrx_word' id='word_1_126' title='bbox 586 1820 770 1892; x_wconf 87' lang='grc' dir='ltr'>σφῦρα</span> <span class='ocrx_word' id='word_1_127' title='bbox 807 1820 992 1890; x_wconf 81' lang='grc' dir='ltr'>πάσης</span> <span class='ocrx_word' id='word_1_128' title='bbox 1018 1819 1114 1888; x_wconf 80' lang='grc' dir='ltr'>τῆς</span> <span class='ocrx_word' id='word_1_129' title='bbox 1143 1818 1248 1888; x_wconf 83' lang='grc' dir='ltr'><strong>γῆς</strong></span> <span class='ocrx_word' id='word_1_130' title='bbox 1277 1818 1308 1871; x_wconf 91' lang='lat'><strong>6</strong></span> <span class='ocrx_word' id='word_1_131' title='bbox 1330 1815 1596 1880; x_wconf 77' lang='grc' dir='ltr'>διάϐολος,</span> <span class='ocrx_word' id='word_1_132' title='bbox 1629 1816 1724 1869; x_wconf 77' lang='grc' dir='ltr'>καὶ</span> <span class='ocrx_word' id='word_1_133' title='bbox 1751 1815 1898 1868; x_wconf 81' lang='grc' dir='ltr'>ἐστιν</span> <span class='ocrx_word' id='word_1_134' title='bbox 1940 1816 1970 1868; x_wconf 87' lang='lat'><strong>6</strong></span> <span class='ocrx_word' id='word_1_135' title='bbox 2006 1815 2079 1888; x_wconf 76' lang='grc' dir='ltr'>μὴ</span> 
     </span>
    </p>
   </div>
   <div class='ocr_carea' id='block_1_19' title="bbox 496 1907 2080 1982">
    <p class='ocr_par' dir='ltr' id='par_1_19' title="bbox 496 1907 2080 1982">
     <span class='ocr_line' id='line_1_19' title="bbox 496 1907 2080 1982; baseline -0.002 -19"><span class='ocrx_word' id='word_1_136' title='bbox 496 1912 799 1982; x_wconf 77' lang='grc' dir='ltr'>φροντίζων</span> <span class='ocrx_word' id='word_1_137' title='bbox 831 1910 1024 1981; x_wconf 82' lang='grc' dir='ltr'>αὐτῆς,</span> <span class='ocrx_word' id='word_1_138' title='bbox 1054 1909 1217 1963; x_wconf 77' lang='grc' dir='ltr'>οἱονεί</span> <span class='ocrx_word' id='word_1_139' title='bbox 1241 1926 1326 1973; x_wconf 88' lang='grc' dir='ltr'><strong>τις</strong></span> <span class='ocrx_word' id='word_1_140' title='bbox 1353 1908 1452 1980; x_wconf 78' lang='grc' dir='ltr'>ὕλη</span> <span class='ocrx_word' id='word_1_141' title='bbox 1486 1907 1792 1979; x_wconf 83' lang='grc' dir='ltr'>τυπτομένη</span> <span class='ocrx_word' id='word_1_142' title='bbox 1823 1909 1953 1978; x_wconf 85' lang='grc' dir='ltr'>παρ’</span> <span class='ocrx_word' id='word_1_143' title='bbox 1982 1909 2080 1961; x_wconf 84' lang='grc' dir='ltr'>αύ-</span> 
     </span>
    </p>
   </div>
   <div class='ocr_carea' id='block_1_20' title="bbox 496 1998 2082 2074">
    <p class='ocr_par' dir='ltr' id='par_1_20' title="bbox 496 1998 2082 2074">
     <span class='ocr_line' id='line_1_20' title="bbox 496 1998 2082 2074; baseline -0.003 -17"><span class='ocrx_word' id='word_1_144' title='bbox 496 2002 599 2072; x_wconf 80' lang='grc' dir='ltr'>τῆς</span> <span class='ocrx_word' id='word_1_145' title='bbox 629 2004 724 2057; x_wconf 82' lang='grc' dir='ltr'>καὶ</span> <span class='ocrx_word' id='word_1_146' title='bbox 750 2002 824 2074; x_wconf 78' lang='grc' dir='ltr'>μὴ</span> <span class='ocrx_word' id='word_1_147' title='bbox 853 2002 1155 2073; x_wconf 82' lang='grc' dir='ltr'>πάσχουσα.</span> <span class='ocrx_word' id='word_1_148' title='bbox 1174 1999 1320 2056; x_wconf 83' lang='grc' dir='ltr'>Ἰδοὺ</span> <span class='ocrx_word' id='word_1_149' title='bbox 1356 1999 1488 2072; x_wconf 70' lang='grc' dir='ltr'>γὰρ,</span> <span class='ocrx_word' id='word_1_150' title='bbox 1520 1999 1704 2072; x_wconf 72' lang='grc' dir='ltr'>φησιν,</span> <span class='ocrx_word' id='word_1_151' title='bbox 1729 1998 1885 2067; x_wconf 78' lang='grc' dir='ltr'><strong>ἀνὴρ</strong></span> <span class='ocrx_word' id='word_1_152' title='bbox 1907 1999 2082 2068; x_wconf 81' lang='grc' dir='ltr'>ἐστη-</span> 
     </span>
    </p>
   </div>
   <div class='ocr_carea' id='block_1_21' title="bbox 498 2088 2082 2160">
    <p class='ocr_par' dir='ltr' id='par_1_21' title="bbox 498 2088 2082 2160">
     <span class='ocr_line' id='line_1_21' title="bbox 498 2088 2082 2160; baseline -0.001 -14"><span class='ocrx_word' id='word_1_153' title='bbox 498 2092 619 2158; x_wconf 78' lang='grc' dir='ltr'>κὼς</span> <span class='ocrx_word' id='word_1_154' title='bbox 641 2093 739 2146; x_wconf 76' lang='grc' dir='ltr'>ἐπὶ</span> <span class='ocrx_word' id='word_1_155' title='bbox 772 2092 1012 2160; x_wconf 84' lang='grc' dir='ltr'>τείχους</span> <span class='ocrx_word' id='word_1_156' title='bbox 1033 2089 1571 2160; x_wconf 75' lang='grc' dir='ltr'>ἁδαμαντίνου,καὶ</span> <span class='ocrx_word' id='word_1_157' title='bbox 1598 2089 1668 2142; x_wconf 80' lang='grc' dir='ltr'>ἐν</span> <span class='ocrx_word' id='word_1_158' title='bbox 1694 2088 1769 2158; x_wconf 78' lang='grc' dir='ltr'>τῇ</span> <span class='ocrx_word' id='word_1_159' title='bbox 1797 2089 1948 2160; x_wconf 78' lang='grc' dir='ltr'>χειρί</span> <span class='ocrx_word' id='word_1_160' title='bbox 1974 2091 2082 2144; x_wconf 83' lang='grc' dir='ltr'><strong>αὐ-</strong></span> 
     </span>
    </p>
   </div>
   <div class='ocr_carea' id='block_1_22' title="bbox 498 2180 2082 2252">
    <p class='ocr_par' dir='ltr' id='par_1_22' title="bbox 498 2180 2082 2252">
     <span class='ocr_line' id='line_1_22' title="bbox 498 2180 2082 2252; baseline -0.001 -18"><span class='ocrx_word' id='word_1_161' title='bbox 498 2182 605 2235; x_wconf 85' lang='grc' dir='ltr'><strong>τοῦ</strong></span> <span class='ocrx_word' id='word_1_162' title='bbox 639 2181 896 2251; x_wconf 77' lang='grc' dir='ltr'>ἀδάμας·</span> <span class='ocrx_word' id='word_1_163' title='bbox 934 2182 1084 2246; x_wconf 76' lang='grc' dir='ltr'>ὅστις</span> <span class='ocrx_word' id='word_1_164' title='bbox 1121 2180 1335 2251; x_wconf 79' lang='grc' dir='ltr'>ἀδάμας</span> <span class='ocrx_word' id='word_1_165' title='bbox 1375 2180 1467 2233; x_wconf 83' lang='grc' dir='ltr'><strong>ὑπ’</strong></span> <span class='ocrx_word' id='word_1_166' title='bbox 1494 2180 1751 2250; x_wconf 81' lang='grc' dir='ltr'>οὐδεμιᾶς</span> <span class='ocrx_word' id='word_1_167' title='bbox 1800 2180 2082 2252; x_wconf 79' lang='grc' dir='ltr'>συντρίϐε-</span> 
     </span>
    </p>
   </div>
   <div class='ocr_carea' id='block_1_23' title="bbox 496 2268 2082 2342">
    <p class='ocr_par' dir='ltr' id='par_1_23' title="bbox 496 2268 2082 2342">
     <span class='ocr_line' id='line_1_23' title="bbox 496 2268 2082 2342; baseline 0.001 -20"><span class='ocrx_word' id='word_1_168' title='bbox 496 2287 586 2323; x_wconf 72' lang='grc' dir='ltr'><strong>ται</strong></span> <span class='ocrx_word' id='word_1_169' title='bbox 622 2269 852 2342; x_wconf 84' lang='grc' dir='ltr'>σφύρας.</span> <span class='ocrx_word' id='word_1_170' title='bbox 882 2269 1002 2325; x_wconf 78' lang='grc' dir='ltr'>Κᾶν</span> <span class='ocrx_word' id='word_1_171' title='bbox 1033 2270 1312 2342; x_wconf 81' lang='grc' dir='ltr'>ἐφεστήκῃ</span> <span class='ocrx_word' id='word_1_172' title='bbox 1337 2268 1468 2337; x_wconf 89' lang='grc' dir='ltr'>γοῦν</span> <span class='ocrx_word' id='word_1_173' title='bbox 1495 2270 1524 2322; x_wconf 97' lang='lat'><strong>6</strong></span> <span class='ocrx_word' id='word_1_174' title='bbox 1564 2268 1808 2332; x_wconf 78' lang='grc' dir='ltr'>διάϐολος</span> <span class='ocrx_word' id='word_1_175' title='bbox 1835 2271 1868 2340; x_wconf 83' lang='grc' dir='ltr'>ἡ</span> <span class='ocrx_word' id='word_1_176' title='bbox 1898 2268 2082 2341; x_wconf 86' lang='grc' dir='ltr'>σφῦρα</span> 
     </span>
    </p>
   </div>
   <div class='ocr_carea' id='block_1_24' title="bbox 494 2359 2080 2435">
    <p class='ocr_par' dir='ltr' id='par_1_24' title="bbox 494 2359 2080 2435">
     <span class='ocr_line' id='line_1_24' title="bbox 494 2359 2080 2435; baseline -0.002 -18"><span class='ocrx_word' id='word_1_177' title='bbox 494 2363 590 2417; x_wconf 79' lang='grc' dir='ltr'>καὶ</span> <span class='ocrx_word' id='word_1_178' title='bbox 631 2361 994 2433; x_wconf 81' lang='grc' dir='ltr'>ὑποκείμενος</span> <span class='ocrx_word' id='word_1_179' title='bbox 1027 2359 1060 2435; x_wconf 81' lang='grc' dir='ltr'>ᾖ</span> <span class='ocrx_word' id='word_1_180' title='bbox 1091 2361 1310 2434; x_wconf 82' lang='grc' dir='ltr'>δράκων</span> <span class='ocrx_word' id='word_1_181' title='bbox 1335 2360 1526 2432; x_wconf 83' lang='grc' dir='ltr'>ὥσπερ</span> <span class='ocrx_word' id='word_1_182' title='bbox 1568 2362 1762 2432; x_wconf 75' lang='grc' dir='ltr'>ἄκμων</span> <span class='ocrx_word' id='word_1_183' title='bbox 1792 2361 2080 2433; x_wconf 86' lang='grc' dir='ltr'>άνήλατος,</span> 
     </span>
    </p>
   </div>
   <div class='ocr_carea' id='block_1_25' title="bbox 493 2452 2084 2526">
    <p class='ocr_par' dir='ltr' id='par_1_25' title="bbox 493 2452 2084 2526">
     <span class='ocr_line' id='line_1_25' title="bbox 493 2452 2084 2526; baseline 0 -21"><span class='ocrx_word' id='word_1_184' title='bbox 493 2453 647 2506; x_wconf 74' lang='grc' dir='ltr'>οὐδὲν</span> <span class='ocrx_word' id='word_1_185' title='bbox 677 2455 706 2506; x_wconf 90' lang='lat'><strong>6</strong></span> <span class='ocrx_word' id='word_1_186' title='bbox 734 2455 792 2506; x_wconf 89' lang='grc' dir='ltr'><strong>ἐν</strong></span> <span class='ocrx_word' id='word_1_187' title='bbox 832 2455 899 2524; x_wconf 75' lang='grc' dir='ltr'>τῇ</span> <span class='ocrx_word' id='word_1_188' title='bbox 933 2453 1078 2524; x_wconf 76' lang='grc' dir='ltr'>χειρὶ</span> <span class='ocrx_word' id='word_1_189' title='bbox 1103 2452 1307 2526; x_wconf 83' lang='grc' dir='ltr'>Κυρίου</span> <span class='ocrx_word' id='word_1_190' title='bbox 1343 2452 1436 2506; x_wconf 78' lang='grc' dir='ltr'>καὶ</span> <span class='ocrx_word' id='word_1_191' title='bbox 1468 2454 1574 2508; x_wconf 80' lang='grc' dir='ltr'><strong>ὑπὸ</strong></span> <span class='ocrx_word' id='word_1_192' title='bbox 1600 2452 1700 2524; x_wconf 80' lang='grc' dir='ltr'>τὴν</span> <span class='ocrx_word' id='word_1_193' title='bbox 1732 2452 1942 2523; x_wconf 84' lang='grc' dir='ltr'>σκέπην</span> <span class='ocrx_word' id='word_1_194' title='bbox 1983 2453 2084 2506; x_wconf 86' lang='grc' dir='ltr'>αύ-</span> 
     </span>
    </p>
   </div>
   <div class='ocr_carea' id='block_1_26' title="bbox 495 2544 2082 2618">
    <p class='ocr_par' dir='ltr' id='par_1_26' title="bbox 495 2544 2082 2618">
     <span class='ocr_line' id='line_1_26' title="bbox 495 2544 2082 2618; baseline -0.001 -20"><span class='ocrx_word' id='word_1_195' title='bbox 495 2545 591 2599; x_wconf 88' lang='grc' dir='ltr'><strong>τοῦ</strong></span> <span class='ocrx_word' id='word_1_196' title='bbox 635 2546 849 2618; x_wconf 81' lang='grc' dir='ltr'>ἀδάμας</span> <span class='ocrx_word' id='word_1_197' title='bbox 882 2545 1147 2599; x_wconf 87' lang='grc' dir='ltr'>πείσεται.</span> <span class='ocrx_word' id='word_1_198' title='bbox 1178 2546 1368 2617; x_wconf 76' lang='grc' dir='ltr'>Τεῖχος</span> <span class='ocrx_word' id='word_1_199' title='bbox 1407 2546 1517 2618; x_wconf 84' lang='grc' dir='ltr'>γὰρ</span> <span class='ocrx_word' id='word_1_200' title='bbox 1545 2549 1575 2600; x_wconf 90' lang='lat'><strong>6</strong></span> <span class='ocrx_word' id='word_1_201' title='bbox 1603 2546 1756 2615; x_wconf 74' lang='grc' dir='ltr'>ἅγιος</span> <span class='ocrx_word' id='word_1_202' title='bbox 1787 2544 2082 2616; x_wconf 86' lang='grc' dir='ltr'>ἀδαμάντι-</span> 
     </span>
    </p>
   </div>
   <div class='ocr_carea' id='block_1_27' title="bbox 496 2636 2081 2709">
    <p class='ocr_par' dir='ltr' id='par_1_27' title="bbox 496 2636 2081 2709">
     <span class='ocr_line' id='line_1_27' title="bbox 496 2636 2081 2709; baseline -0.001 -19"><span class='ocrx_word' id='word_1_203' title='bbox 496 2655 585 2692; x_wconf 87' lang='grc' dir='ltr'><strong>νον</strong></span> <span class='ocrx_word' id='word_1_204' title='bbox 617 2638 712 2691; x_wconf 76' lang='grc' dir='ltr'>καὶ</span> <span class='ocrx_word' id='word_1_205' title='bbox 754 2639 812 2692; x_wconf 82' lang='grc' dir='ltr'><strong>ἐν</strong></span> <span class='ocrx_word' id='word_1_206' title='bbox 858 2637 1002 2709; x_wconf 76' lang='grc' dir='ltr'>χειρὶ</span> <span class='ocrx_word' id='word_1_207' title='bbox 1034 2636 1241 2709; x_wconf 85' lang='grc' dir='ltr'>Κυρίου</span> <span class='ocrx_word' id='word_1_208' title='bbox 1276 2638 1454 2709; x_wconf 86' lang='grc' dir='ltr'>μένων</span> <span class='ocrx_word' id='word_1_209' title='bbox 1497 2637 1734 2706; x_wconf 80' lang='grc' dir='ltr'>ἀπαθὴς,</span> <span class='ocrx_word' id='word_1_210' title='bbox 1779 2637 1882 2691; x_wconf 76' lang='grc' dir='ltr'>κᾶν</span> <span class='ocrx_word' id='word_1_211' title='bbox 1917 2637 2081 2708; x_wconf 85' lang='grc' dir='ltr'>μέσος</span> 
     </span>
    </p>
   </div>
   <div class='ocr_carea' id='block_1_28' title="bbox 494 2728 2083 2801">
    <p class='ocr_par' dir='ltr' id='par_1_28' title="bbox 494 2728 2083 2801">
     <span class='ocr_line' id='line_1_28' title="bbox 494 2728 2083 2801; baseline 0.001 -19"><span class='ocrx_word' id='word_1_212' title='bbox 494 2728 675 2801; x_wconf 80' lang='grc' dir='ltr'>ληφθῇ</span> <span class='ocrx_word' id='word_1_213' title='bbox 702 2731 802 2800; x_wconf 83' lang='grc' dir='ltr'>τῆς</span> <span class='ocrx_word' id='word_1_214' title='bbox 841 2748 903 2784; x_wconf 89' lang='grc' dir='ltr'><strong>τε</strong></span> <span class='ocrx_word' id='word_1_215' title='bbox 959 2729 1172 2801; x_wconf 83' lang='grc' dir='ltr'>σφύρας</span> <span class='ocrx_word' id='word_1_216' title='bbox 1223 2730 1319 2784; x_wconf 76' lang='grc' dir='ltr'>καὶ</span> <span class='ocrx_word' id='word_1_217' title='bbox 1362 2730 1456 2784; x_wconf 87' lang='grc' dir='ltr'><strong>τοῦ</strong></span> <span class='ocrx_word' id='word_1_218' title='bbox 1497 2730 1981 2801; x_wconf 84' lang='grc' dir='ltr'>δράκοντος.⁹’οσον</span> <span class='ocrx_word' id='word_1_219' title='bbox 2024 2729 2083 2784; x_wconf 89' lang='grc' dir='ltr'><strong>δέ</strong></span> 
     </span>
    </p>
   </div>
   <div class='ocr_carea' id='block_1_29' title="bbox 496 2821 2079 2893">
    <p class='ocr_par' dir='ltr' id='par_1_29' title="bbox 496 2821 2079 2893">
     <span class='ocr_line' id='line_1_29' title="bbox 496 2821 2079 2893; baseline 0 -18"><span class='ocrx_word' id='word_1_220' title='bbox 496 2822 782 2883; x_wconf 81' lang='grc' dir='ltr'>τύπτεται,</span> <span class='ocrx_word' id='word_1_221' title='bbox 812 2821 1192 2892; x_wconf 89' lang='grc' dir='ltr'>λαμπρότερον</span> <span class='ocrx_word' id='word_1_222' title='bbox 1213 2821 1377 2874; x_wconf 81' lang='grc' dir='ltr'>αὐτοῦ</span> <span class='ocrx_word' id='word_1_223' title='bbox 1407 2821 1505 2893; x_wconf 79' lang='grc' dir='ltr'>τὴν</span> <span class='ocrx_word' id='word_1_224' title='bbox 1533 2821 1735 2892; x_wconf 80' lang='grc' dir='ltr'>ἀρετὴν</span> <span class='ocrx_word' id='word_1_225' title='bbox 1759 2822 2079 2876; x_wconf 82' lang='grc' dir='ltr'>ὑποδείκνυ-</span> 
     </span>
    </p>
   </div>
   <div class='ocr_carea' id='block_1_30' title="bbox 501 2907 2083 2984">
    <p class='ocr_par' dir='ltr' id='par_1_30' title="bbox 501 2907 2083 2984">
     <span class='ocr_line' id='line_1_30' title="bbox 501 2907 2083 2984; baseline 0.001 -19"><span class='ocrx_word' id='word_1_226' title='bbox 501 2931 606 2968; x_wconf 88' lang='grc' dir='ltr'>σιν·</span> <span class='ocrx_word' id='word_1_227' title='bbox 627 2913 777 2984; x_wconf 84' lang='grc' dir='ltr'><strong>ὁγὰρ</strong></span> <span class='ocrx_word' id='word_1_228' title='bbox 800 2913 1062 2977; x_wconf 78' lang='grc' dir='ltr'>διάϐολος,</span> <span class='ocrx_word' id='word_1_229' title='bbox 1089 2907 1179 2966; x_wconf 73' lang='grc' dir='ltr'><strong>οἷά</strong></span> <span class='ocrx_word' id='word_1_230' title='bbox 1217 2930 1302 2977; x_wconf 88' lang='grc' dir='ltr'><strong>τις</strong></span> <span class='ocrx_word' id='word_1_231' title='bbox 1331 2912 1493 2966; x_wconf 88' lang='grc' dir='ltr'>λίθων</span> <span class='ocrx_word' id='word_1_232' title='bbox 1529 2913 1740 2981; x_wconf 84' lang='grc' dir='ltr'>ἀγνοῶν</span> <span class='ocrx_word' id='word_1_233' title='bbox 1779 2913 1960 2983; x_wconf 87' lang='grc' dir='ltr'>φύσιν,</span> <span class='ocrx_word' id='word_1_234' title='bbox 1993 2914 2083 2967; x_wconf 82' lang='grc' dir='ltr'>διὰ</span> 
     </span>
    </p>
   </div>
   <div class='ocr_carea' id='block_1_31' title="bbox 499 2997 2080 3076">
    <p class='ocr_par' dir='ltr' id='par_1_31' title="bbox 499 2997 2080 3076">
     <span class='ocr_line' id='line_1_31' title="bbox 499 2997 2080 3076; baseline 0.003 -20"><span class='ocrx_word' id='word_1_235' title='bbox 499 3003 710 3057; x_wconf 78' lang='grc' dir='ltr'>πολλῶν</span> <span class='ocrx_word' id='word_1_236' title='bbox 758 3002 1042 3074; x_wconf 76' lang='grc' dir='ltr'>δοκιμάζει</span> <span class='ocrx_word' id='word_1_237' title='bbox 1089 3004 1314 3076; x_wconf 86' lang='grc' dir='ltr'>πληγῶν</span> <span class='ocrx_word' id='word_1_238' title='bbox 1350 3004 1442 3059; x_wconf 82' lang='grc' dir='ltr'>τὸν</span> <span class='ocrx_word' id='word_1_239' title='bbox 1474 2997 1585 3059; x_wconf 73' lang='grc' dir='ltr'>οἷον</span> <span class='ocrx_word' id='word_1_240' title='bbox 1611 3006 1914 3076; x_wconf 85' lang='grc' dir='ltr'>ἀδάμαντα,</span> <span class='ocrx_word' id='word_1_241' title='bbox 1946 3005 2080 3060; x_wconf 84' lang='grc' dir='ltr'>Θεοῦ</span> 
     </span>
    </p>
   </div>
   <div class='ocr_carea' id='block_1_32' title="bbox 503 3095 2083 3171">
    <p class='ocr_par' dir='ltr' id='par_1_32' title="bbox 503 3095 2083 3171">
     <span class='ocr_line' id='line_1_32' title="bbox 503 3095 2083 3171; baseline 0.003 -23"><span class='ocrx_word' id='word_1_242' title='bbox 503 3096 665 3166; x_wconf 87' lang='grc' dir='ltr'>μόνου</span> <span class='ocrx_word' id='word_1_243' title='bbox 694 3095 880 3160; x_wconf 72' lang='grc' dir='ltr'>καλῶς</span> <span class='ocrx_word' id='word_1_244' title='bbox 899 3096 998 3160; x_wconf 83' lang='grc' dir='ltr'>τὴν</span> <span class='ocrx_word' id='word_1_245' title='bbox 1025 3095 1230 3150; x_wconf 90' lang='grc' dir='ltr'>τούτων</span> <span class='ocrx_word' id='word_1_246' title='bbox 1261 3095 1423 3166; x_wconf 83' lang='grc' dir='ltr'>φύσιν</span> <span class='ocrx_word' id='word_1_247' title='bbox 1449 3096 1670 3160; x_wconf 80' lang='grc' dir='ltr'>εἰδότος.</span> <span class='ocrx_word' id='word_1_248' title='bbox 1699 3098 1761 3150; x_wconf 87' lang='lat' dir='ltr'><strong>El</strong></span> <span class='ocrx_word' id='word_1_249' title='bbox 1791 3097 1974 3170; x_wconf 86' lang='grc' dir='ltr'>σφῦρα</span> <span class='ocrx_word' id='word_1_250' title='bbox 2006 3098 2083 3171; x_wconf 80' lang='grc' dir='ltr'>μὴ</span> 
     </span>
    </p>
   </div>
   <div class='ocr_carea' id='block_1_33' title="bbox 497 3185 2153 3267">
    <p class='ocr_par' dir='ltr' id='par_1_33' title="bbox 497 3185 2153 3267">
     <span class='ocr_line' id='line_1_33' title="bbox 497 3185 2153 3267; baseline 0.002 -26"><span class='ocrx_word' id='word_1_251' title='bbox 497 3185 554 3259; x_wconf 80' lang='grc' dir='ltr'>ᾗ,</span> <span class='ocrx_word' id='word_1_252' title='bbox 590 3188 690 3241; x_wconf 86' lang='grc' dir='ltr'>οὐκ</span> <span class='ocrx_word' id='word_1_253' title='bbox 724 3187 877 3242; x_wconf 77' lang='grc' dir='ltr'>ἔσται</span> <span class='ocrx_word' id='word_1_254' title='bbox 909 3188 1142 3257; x_wconf 83' lang='grc' dir='ltr'>σάλπιγξ</span> <span class='ocrx_word' id='word_1_255' title='bbox 1170 3188 1355 3258; x_wconf 82' lang='grc' dir='ltr'>ἐλατὴ,</span> <span class='ocrx_word' id='word_1_256' title='bbox 1391 3189 1426 3258; x_wconf 82' lang='grc' dir='ltr'><strong>ἠ</strong></span> <span class='ocrx_word' id='word_1_257' title='bbox 1476 3187 1616 3243; x_wconf 81' lang='grc' dir='ltr'>κατὰ</span> <span class='ocrx_word' id='word_1_258' title='bbox 1667 3188 1759 3244; x_wconf 78' lang='grc' dir='ltr'>τὸν</span> <span class='ocrx_word' id='word_1_259' title='bbox 1809 3190 1974 3260; x_wconf 84' lang='grc' dir='ltr'>νόμον</span> <span class='ocrx_word' id='word_1_260' title='bbox 2012 3186 2082 3263; x_wconf 80' lang='grc' dir='ltr'>ἦν</span> <span class='ocrx_word' id='word_1_261' title='bbox 2109 3207 2153 3267; x_wconf 75' lang='lat' dir='ltr'>c</span> 
     </span>
    </p>
   </div>
   <div class='ocr_carea' id='block_1_34' title="bbox 496 3280 2086 3354">
    <p class='ocr_par' dir='ltr' id='par_1_34' title="bbox 496 3280 2086 3354">
     <span class='ocr_line' id='line_1_34' title="bbox 496 3280 2086 3354; baseline 0.003 -20"><span class='ocrx_word' id='word_1_262' title='bbox 496 3281 838 3354; x_wconf 83' lang='grc' dir='ltr'>διεγείρουσα</span> <span class='ocrx_word' id='word_1_263' title='bbox 866 3282 959 3336; x_wconf 74' lang='grc' dir='ltr'>ἐπὶ</span> <span class='ocrx_word' id='word_1_264' title='bbox 985 3281 1084 3346; x_wconf 86' lang='grc' dir='ltr'><strong>τὰς</strong></span> <span class='ocrx_word' id='word_1_265' title='bbox 1112 3281 1306 3354; x_wconf 81' lang='grc' dir='ltr'>ἑορτάς</span> <span class='ocrx_word' id='word_1_266' title='bbox 1341 3280 1436 3335; x_wconf 90' lang='grc' dir='ltr'><strong>τοῦ</strong></span> <span class='ocrx_word' id='word_1_267' title='bbox 1460 3280 1595 3335; x_wconf 84' lang='grc' dir='ltr'>Θεοῦ</span> <span class='ocrx_word' id='word_1_268' title='bbox 1633 3281 1666 3352; x_wconf 83' lang='grc' dir='ltr'><strong>ἢ</strong></span> <span class='ocrx_word' id='word_1_269' title='bbox 1711 3283 2086 3354; x_wconf 78' lang='grc' dir='ltr'>παροξύνουσα</span> 
     </span>
    </p>
   </div>
   <div class='ocr_carea' id='block_1_35' title="bbox 497 3373 2087 3446">
    <p class='ocr_par' dir='ltr' id='par_1_35' title="bbox 497 3373 2087 3446">
     <span class='ocr_line' id='line_1_35' title="bbox 497 3373 2087 3446; baseline 0.003 -21"><span class='ocrx_word' id='word_1_270' title='bbox 497 3375 579 3437; x_wconf 81' lang='grc' dir='ltr'><strong>εἰς</strong></span> <span class='ocrx_word' id='word_1_271' title='bbox 613 3373 847 3441; x_wconf 85' lang='grc' dir='ltr'>πόλεμον</span> <span class='ocrx_word' id='word_1_272' title='bbox 890 3375 1019 3439; x_wconf 81' lang='grc' dir='ltr'>τοὺς</span> <span class='ocrx_word' id='word_1_273' title='bbox 1068 3374 1389 3438; x_wconf 79' lang='grc' dir='ltr'>ἀκούοντας.</span> <span class='ocrx_word' id='word_1_274' title='bbox 1425 3375 1676 3428; x_wconf 89' lang='grc' dir='ltr'>Τοιοῦτον</span> <span class='ocrx_word' id='word_1_275' title='bbox 1723 3377 1947 3446; x_wconf 87' lang='grc' dir='ltr'>ἐποίησε</span> <span class='ocrx_word' id='word_1_276' title='bbox 1995 3377 2087 3430; x_wconf 83' lang='grc' dir='ltr'>τὸν</span> 
     </span>
    </p>
   </div>
   <div class='ocr_carea' id='block_1_36' title="bbox 497 3464 2085 3540">
    <p class='ocr_par' dir='ltr' id='par_1_36' title="bbox 497 3464 2085 3540">
     <span class='ocr_line' id='line_1_36' title="bbox 497 3464 2085 3540; baseline 0.003 -22"><span class='ocrx_word' id='word_1_277' title='bbox 497 3464 712 3521; x_wconf 80' lang='grc' dir='ltr'>Παῦλον</span> <span class='ocrx_word' id='word_1_278' title='bbox 729 3465 819 3519; x_wconf 85' lang='grc' dir='ltr'><strong>διὰ</strong></span> <span class='ocrx_word' id='word_1_279' title='bbox 843 3466 1165 3538; x_wconf 87' lang='grc' dir='ltr'>πειρασμῶν</span> <span class='ocrx_word' id='word_1_280' title='bbox 1197 3467 1514 3538; x_wconf 77' lang='grc' dir='ltr'>ποικίλωνξή</span> <span class='ocrx_word' id='word_1_281' title='bbox 1550 3467 1750 3540; x_wconf 83' lang='grc' dir='ltr'>σφῦρα,</span> <span class='ocrx_word' id='word_1_282' title='bbox 1789 3467 1955 3540; x_wconf 81' lang='grc' dir='ltr'>μηδὲν</span> <span class='ocrx_word' id='word_1_283' title='bbox 1986 3468 2085 3538; x_wconf 79' lang='grc' dir='ltr'>μὲν</span> 
     </span>
    </p>
   </div>
   <div class='ocr_carea' id='block_1_37' title="bbox 500 3555 2088 3628">
    <p class='ocr_par' dir='ltr' id='par_1_37' title="bbox 500 3555 2088 3628">
     <span class='ocr_line' id='line_1_37' title="bbox 500 3555 2088 3628; baseline 0 -19"><span class='ocrx_word' id='word_1_284' title='bbox 500 3555 561 3623; x_wconf 70' lang='grc' dir='ltr'>ἐξ</span> <span class='ocrx_word' id='word_1_285' title='bbox 588 3556 758 3627; x_wconf 80' lang='grc' dir='ltr'>αὐτῆς</span> <span class='ocrx_word' id='word_1_286' title='bbox 788 3556 1048 3621; x_wconf 87' lang='grc' dir='ltr'>παθόντα,</span> <span class='ocrx_word' id='word_1_287' title='bbox 1079 3555 1289 3628; x_wconf 84' lang='grc' dir='ltr'>μεγάλῃ</span> <span class='ocrx_word' id='word_1_288' title='bbox 1311 3555 1369 3609; x_wconf 85' lang='grc' dir='ltr'><strong>δέ</strong></span> <span class='ocrx_word' id='word_1_289' title='bbox 1401 3558 1551 3627; x_wconf 81' lang='grc' dir='ltr'>φωνῇ</span> <span class='ocrx_word' id='word_1_290' title='bbox 1590 3555 1727 3627; x_wconf 78' lang='grc' dir='ltr'>πρὸς</span> <span class='ocrx_word' id='word_1_291' title='bbox 1763 3557 1863 3627; x_wconf 82' lang='grc' dir='ltr'>τῆς</span> <span class='ocrx_word' id='word_1_292' title='bbox 1886 3556 2088 3620; x_wconf 87' lang='grc' dir='ltr'>κακίας</span> 
     </span>
    </p>
   </div>
   <div class='ocr_carea' id='block_1_38' title="bbox 495 3646 2087 3719">
    <p class='ocr_par' dir='ltr' id='par_1_38' title="bbox 495 3646 2087 3719">
     <span class='ocr_line' id='line_1_38' title="bbox 495 3646 2087 3719; baseline -0.001 -17"><span class='ocrx_word' id='word_1_293' title='bbox 495 3647 834 3719; x_wconf 81' lang='grc' dir='ltr'>διεγείροντα</span> <span class='ocrx_word' id='word_1_294' title='bbox 877 3647 1132 3719; x_wconf 87' lang='grc' dir='ltr'>πόλεμον.</span> <span class='ocrx_word' id='word_1_295' title='bbox 1163 3646 1485 3718; x_wconf 84' lang='grc' dir='ltr'>Ἑργάζεται</span> <span class='ocrx_word' id='word_1_296' title='bbox 1538 3647 1638 3718; x_wconf 81' lang='grc' dir='ltr'>μὲν</span> <span class='ocrx_word' id='word_1_297' title='bbox 1679 3647 1714 3718; x_wconf 86' lang='grc' dir='ltr'>ὴ</span> <span class='ocrx_word' id='word_1_298' title='bbox 1762 3646 1946 3719; x_wconf 83' lang='grc' dir='ltr'>σφῦρα</span> <span class='ocrx_word' id='word_1_299' title='bbox 1993 3647 2087 3701; x_wconf 86' lang='grc' dir='ltr'>τὸν</span> 
     </span>
    </p>
   </div>
   <div class='ocr_carea' id='block_1_39' title="bbox 500 3737 2087 3814">
    <p class='ocr_par' dir='ltr' id='par_1_39' title="bbox 500 3737 2087 3814">
     <span class='ocr_line' id='line_1_39' title="bbox 500 3737 2087 3814; baseline -0.001 -21"><span class='ocrx_word' id='word_1_300' title='bbox 500 3741 825 3814; x_wconf 82' lang='grc' dir='ltr'>πειρασμὸν,</span> <span class='ocrx_word' id='word_1_301' title='bbox 860 3742 1124 3812; x_wconf 80' lang='grc' dir='ltr'>ὑπηρετεί</span> <span class='ocrx_word' id='word_1_302' title='bbox 1169 3740 1226 3794; x_wconf 88' lang='grc' dir='ltr'><strong>δέ</strong></span> <span class='ocrx_word' id='word_1_303' title='bbox 1264 3743 1332 3812; x_wconf 83' lang='grc' dir='ltr'><strong>τῇ</strong></span> <span class='ocrx_word' id='word_1_304' title='bbox 1381 3739 1563 3812; x_wconf 78' lang='grc' dir='ltr'>σφύρᾳ</span> <span class='ocrx_word' id='word_1_305' title='bbox 1592 3739 1622 3792; x_wconf 80' lang='lat'><strong>6</strong></span> <span class='ocrx_word' id='word_1_306' title='bbox 1653 3738 1762 3792; x_wconf 74' lang='grc' dir='ltr'><strong>ἀπὸ</strong></span> <span class='ocrx_word' id='word_1_307' title='bbox 1805 3737 1902 3792; x_wconf 91' lang='grc' dir='ltr'><strong>τοῦ</strong></span> <span class='ocrx_word' id='word_1_308' title='bbox 1943 3739 2087 3792; x_wconf 85' lang='grc' dir='ltr'>Κάῖν</span> 
     </span>
    </p>
   </div>
   <div class='ocr_carea' id='block_1_40' title="bbox 501 3826 2088 3904">
    <p class='ocr_par' dir='ltr' id='par_1_40' title="bbox 501 3826 2088 3904">
     <span class='ocr_line' id='line_1_40' title="bbox 501 3826 2088 3904; baseline -0.003 -21"><span class='ocrx_word' id='word_1_309' title='bbox 501 3833 864 3904; x_wconf 88' lang='grc' dir='ltr'>σφυροκόπος,</span> <span class='ocrx_word' id='word_1_310' title='bbox 892 3834 922 3887; x_wconf 94' lang='lat'><strong>6</strong></span> <span class='ocrx_word' id='word_1_311' title='bbox 954 3831 1188 3903; x_wconf 83' lang='grc' dir='ltr'>χαλκεὺς</span> <span class='ocrx_word' id='word_1_312' title='bbox 1219 3828 1417 3901; x_wconf 86' lang='grc' dir='ltr'>χαλκοῦ</span> <span class='ocrx_word' id='word_1_313' title='bbox 1451 3829 1548 3883; x_wconf 74' lang='grc' dir='ltr'>καὶ</span> <span class='ocrx_word' id='word_1_314' title='bbox 1573 3828 1811 3899; x_wconf 89' lang='grc' dir='ltr'>σιδήρου.</span> <span class='ocrx_word' id='word_1_315' title='bbox 1836 3826 2088 3891; x_wconf 90' lang='grc' dir='ltr'>Τοιοῦτος</span> 
     </span>
    </p>
   </div>
   <div class='ocr_carea' id='block_1_41' title="bbox 498 3919 2088 3996">
    <p class='ocr_par' dir='ltr' id='par_1_41' title="bbox 498 3919 2088 3996">
     <span class='ocr_line' id='line_1_41' title="bbox 498 3919 2088 3996; baseline -0.002 -20"><span class='ocrx_word' id='word_1_316' title='bbox 498 3927 529 3976; x_wconf 88' lang='lat'><strong>6</strong></span> <span class='ocrx_word' id='word_1_317' title='bbox 555 3924 648 3978; x_wconf 74' lang='grc' dir='ltr'>ἐπὶ</span> <span class='ocrx_word' id='word_1_318' title='bbox 677 3922 772 3978; x_wconf 87' lang='grc' dir='ltr'><strong>τοῦ</strong></span> <span class='ocrx_word' id='word_1_319' title='bbox 801 3923 1054 3996; x_wconf 82' lang='grc' dir='ltr'>Σωτῆρος</span> <span class='ocrx_word' id='word_1_320' title='bbox 1091 3921 1314 3986; x_wconf 70' lang='grc' dir='ltr'>Ἰούδας,</span> <span class='ocrx_word' id='word_1_321' title='bbox 1343 3921 1441 3974; x_wconf 79' lang='grc' dir='ltr'>καὶ</span> <span class='ocrx_word' id='word_1_322' title='bbox 1474 3921 1548 3986; x_wconf 75' lang='lat' dir='ltr'><strong>oi,</strong></span> <span class='ocrx_word' id='word_1_323' title='bbox 1576 3919 1867 3986; x_wconf 79' lang='grc' dir='ltr'>Σταύρου,</span> <span class='ocrx_word' id='word_1_324' title='bbox 1903 3919 2088 3973; x_wconf 84' lang='grc' dir='ltr'>σταύ-</span> 
     </span>
    </p>
   </div>
   <div class='ocr_carea' id='block_1_42' title="bbox 497 4007 2092 4085">
    <p class='ocr_par' dir='ltr' id='par_1_42' title="bbox 497 4007 2092 4085">
     <span class='ocr_line' id='line_1_42' title="bbox 497 4007 2092 4085; baseline -0.006 -15"><span class='ocrx_word' id='word_1_325' title='bbox 497 4033 612 4083; x_wconf 81' lang='grc' dir='ltr'><strong>ρου</strong></span> <span class='ocrx_word' id='word_1_326' title='bbox 650 4014 855 4078; x_wconf 72' lang='grc' dir='ltr'>αὐτὸν,</span> <span class='ocrx_word' id='word_1_327' title='bbox 889 4013 1243 4085; x_wconf 78' lang='grc' dir='ltr'>κεκραγότες,</span> <span class='ocrx_word' id='word_1_328' title='bbox 1292 4010 1382 4065; x_wconf 84' lang='grc' dir='ltr'><strong>διά</strong></span> <span class='ocrx_word' id='word_1_329' title='bbox 1417 4009 1528 4064; x_wconf 88' lang='grc' dir='ltr'><strong>τῶν</strong></span> <span class='ocrx_word' id='word_1_330' title='bbox 1577 4007 1838 4063; x_wconf 84' lang='grc' dir='ltr'>τοιούτων</span> <span class='ocrx_word' id='word_1_331' title='bbox 1884 4009 2092 4080; x_wconf 80' lang='grc' dir='ltr'>ὑπηρε-</span> 
     </span>
    </p>
   </div>
   <div class='ocr_carea' id='block_1_43' title="bbox 501 4102 1063 4176">
    <p class='ocr_par' dir='ltr' id='par_1_43' title="bbox 501 4102 1063 4176">
     <span class='ocr_line' id='line_1_43' title="bbox 501 4102 1063 4176; baseline 0 -20"><span class='ocrx_word' id='word_1_332' title='bbox 501 4103 738 4158; x_wconf 89' lang='grc' dir='ltr'>τούντων</span> <span class='ocrx_word' id='word_1_333' title='bbox 763 4107 828 4176; x_wconf 79' lang='grc' dir='ltr'><strong>τῇ</strong></span> <span class='ocrx_word' id='word_1_334' title='bbox 858 4102 1063 4175; x_wconf 74' lang='grc' dir='ltr'>σφῦρα.</span> 
     </span>
    </p>
   </div>
   <div class='ocr_carea' id='block_1_44' title="bbox 572 4188 2084 4264">
    <p class='ocr_par' dir='ltr' id='par_1_44' title="bbox 572 4188 2084 4264">
     <span class='ocr_line' id='line_1_44' title="bbox 572 4188 2084 4264; baseline -0.003 -15"><span class='ocrx_word' id='word_1_335' title='bbox 572 4195 661 4251; x_wconf 74' lang='grc'><strong>25.</strong></span> <span class='ocrx_word' id='word_1_336' title='bbox 725 4196 836 4251; x_wconf 82' lang='lat' dir='ltr'><strong>Kal</strong></span> <span class='ocrx_word' id='word_1_337' title='bbox 893 4195 1182 4264; x_wconf 72' lang='grc' dir='ltr'>ἐξήνεγκε</span> <span class='ocrx_word' id='word_1_338' title='bbox 1249 4193 1324 4247; x_wconf 86' lang='grc' dir='ltr'>τὰ</span> <span class='ocrx_word' id='word_1_339' title='bbox 1383 4193 1576 4262; x_wconf 80' lang='grc' dir='ltr'>σκεύη</span> <span class='ocrx_word' id='word_1_340' title='bbox 1632 4190 1816 4261; x_wconf 71' lang='grc' dir='ltr'>ὀργῆς</span> <span class='ocrx_word' id='word_1_341' title='bbox 1877 4188 2084 4245; x_wconf 79' lang='grc' dir='ltr'>αὐτοῦ.</span> 
     </span>
    </p>
   </div>
   <div class='ocr_carea' id='block_1_45' title="bbox 500 4281 2089 4357">
    <p class='ocr_par' dir='ltr' id='par_1_45' title="bbox 500 4281 2089 4357">
     <span class='ocr_line' id='line_1_45' title="bbox 500 4281 2089 4357; baseline -0.004 -17"><span class='ocrx_word' id='word_1_342' title='bbox 500 4287 681 4357; x_wconf 82' lang='grc' dir='ltr'>Σκεύη</span> <span class='ocrx_word' id='word_1_343' title='bbox 707 4289 878 4357; x_wconf 83' lang='grc' dir='ltr'>ὀργῆς</span> <span class='ocrx_word' id='word_1_344' title='bbox 906 4287 1002 4342; x_wconf 72' lang='grc' dir='ltr'>καὶ</span> <span class='ocrx_word' id='word_1_345' title='bbox 1030 4290 1058 4341; x_wconf 93' lang='lat'><strong>6</strong></span> <span class='ocrx_word' id='word_1_346' title='bbox 1086 4285 1407 4349; x_wconf 85' lang='grc' dir='ltr'>Ἀπόστολος</span> <span class='ocrx_word' id='word_1_347' title='bbox 1439 4281 1546 4338; x_wconf 73' lang='grc' dir='ltr'>οἶδε</span> <span class='ocrx_word' id='word_1_348' title='bbox 1570 4283 1980 4356; x_wconf 80' lang='grc' dir='ltr'>κατηρτισμένα</span> <span class='ocrx_word' id='word_1_349' title='bbox 2009 4283 2089 4346; x_wconf 85' lang='grc' dir='ltr'><strong>είς</strong></span> 
     </span>
    </p>
   </div>
   <div class='ocr_carea' id='block_1_46' title="bbox 504 4370 2088 4450">
    <p class='ocr_par' dir='ltr' id='par_1_46' title="bbox 504 4370 2088 4450">
     <span class='ocr_line' id='line_1_46' title="bbox 504 4370 2088 4450; baseline -0.004 -17"><span class='ocrx_word' id='word_1_350' title='bbox 504 4377 801 4445; x_wconf 78' lang='grc' dir='ltr'>ἀπώλειαν,</span> <span class='ocrx_word' id='word_1_351' title='bbox 835 4379 922 4432; x_wconf 83' lang='grc' dir='ltr'>ἵνα</span> <span class='ocrx_word' id='word_1_352' title='bbox 959 4378 1201 4450; x_wconf 82' lang='grc' dir='ltr'>γνωρίσῃ</span> <span class='ocrx_word' id='word_1_353' title='bbox 1230 4377 1322 4431; x_wconf 83' lang='grc' dir='ltr'>τὸν</span> <span class='ocrx_word' id='word_1_354' title='bbox 1351 4370 1581 4430; x_wconf 88' lang='grc' dir='ltr'>πλοῦτον</span> <span class='ocrx_word' id='word_1_355' title='bbox 1607 4375 1707 4446; x_wconf 82' lang='grc' dir='ltr'>τῆς</span> <span class='ocrx_word' id='word_1_356' title='bbox 1739 4373 1896 4446; x_wconf 82' lang='grc' dir='ltr'>δόξης</span> <span class='ocrx_word' id='word_1_357' title='bbox 1924 4372 2088 4428; x_wconf 80' lang='grc' dir='ltr'>αὐτοῦ</span> 
     </span>
    </p>
   </div>
   <div class='ocr_carea' id='block_1_47' title="bbox 502 4465 2090 4541">
    <p class='ocr_par' dir='ltr' id='par_1_47' title="bbox 502 4465 2090 4541">
     <span class='ocr_line' id='line_1_47' title="bbox 502 4465 2090 4541; baseline -0.003 -19"><span class='ocrx_word' id='word_1_358' title='bbox 502 4470 595 4522; x_wconf 74' lang='grc' dir='ltr'>ἐπὶ</span> <span class='ocrx_word' id='word_1_359' title='bbox 641 4469 809 4541; x_wconf 90' lang='grc' dir='ltr'>σκεύη</span> <span class='ocrx_word' id='word_1_360' title='bbox 859 4471 1072 4532; x_wconf 87' lang='grc' dir='ltr'>ἐλέους·</span> <span class='ocrx_word' id='word_1_361' title='bbox 1120 4469 1326 4532; x_wconf 86' lang='grc' dir='ltr'>πάντας</span> <span class='ocrx_word' id='word_1_362' title='bbox 1370 4468 1480 4540; x_wconf 84' lang='grc' dir='ltr'><strong>γὰρ</strong></span> <span class='ocrx_word' id='word_1_363' title='bbox 1522 4466 1844 4538; x_wconf 83' lang='grc' dir='ltr'>ἀνθρώπους</span> <span class='ocrx_word' id='word_1_364' title='bbox 1887 4465 1967 4530; x_wconf 86' lang='grc' dir='ltr'><strong>είς</strong></span> <span class='ocrx_word' id='word_1_365' title='bbox 1997 4465 2090 4519; x_wconf 91' lang='grc' dir='ltr'><strong>δύο</strong></span> 
     </span>
    </p>
   </div>
   <div class='ocr_carea' id='block_1_48' title="bbox 2179 609 3785 680">
    <p class='ocr_par' dir='ltr' id='par_1_48' title="bbox 2179 609 3785 680">
     <span class='ocr_line' id='line_1_48' title="bbox 2179 609 3785 680; baseline -0.005 -10"><span class='ocrx_word' id='word_1_366' title='bbox 2179 615 2478 670; x_wconf 84' lang='lat' dir='ltr'><strong>bitaculum</strong></span> <span class='ocrx_word' id='word_1_367' title='bbox 2509 627 2694 676; x_wconf 87' lang='lat' dir='ltr'><strong>suum,</strong></span> <span class='ocrx_word' id='word_1_368' title='bbox 2731 610 2952 680; x_wconf 80' lang='lat' dir='ltr'><strong>quando</strong></span> <span class='ocrx_word' id='word_1_369' title='bbox 2981 619 3033 664; x_wconf 88' lang='lat' dir='ltr'><strong>et</strong></span> <span class='ocrx_word' id='word_1_370' title='bbox 3061 619 3314 679; x_wconf 86' lang='lat' dir='ltr'><strong>pascetur</strong></span> <span class='ocrx_word' id='word_1_371' title='bbox 3341 611 3396 664; x_wconf 86' lang='lat' dir='ltr'><strong>in</strong></span> <span class='ocrx_word' id='word_1_372' title='bbox 3425 609 3680 664; x_wconf 87' lang='lat' dir='ltr'><strong>Carmelo</strong></span> <span class='ocrx_word' id='word_1_373' title='bbox 3714 618 3785 662; x_wconf 74' lang='lat' dir='ltr'><strong>et&#39;</strong></span> 
     </span>
    </p>
   </div>
   <div class='ocr_carea' id='block_1_49' title="bbox 2179 701 3760 772">
    <p class='ocr_par' dir='ltr' id='par_1_49' title="bbox 2179 701 3760 772">
     <span class='ocr_line' id='line_1_49' title="bbox 2179 701 3760 772; baseline -0.006 -11"><span class='ocrx_word' id='word_1_374' title='bbox 2179 707 2356 762; x_wconf 85' lang='lat' dir='ltr'><strong>Basan</strong></span> <span class='ocrx_word' id='word_1_375' title='bbox 2380 747 2395 770; x_wconf 91' lang='lat'><strong>,</strong></span> <span class='ocrx_word' id='word_1_376' title='bbox 2435 714 2488 760; x_wconf 92' lang='lat' dir='ltr'><strong>et</strong></span> <span class='ocrx_word' id='word_1_377' title='bbox 2538 705 2592 758; x_wconf 91' lang='lat' dir='ltr'><strong>in</strong></span> <span class='ocrx_word' id='word_1_378' title='bbox 2627 712 2813 758; x_wconf 86' lang='lat' dir='ltr'><strong>monte</strong></span> <span class='ocrx_word' id='word_1_379' title='bbox 2848 701 3152 772; x_wconf 86' lang='lat' dir='ltr'><strong>Ephraim-,</strong></span> <span class='ocrx_word' id='word_1_380' title='bbox 3177 711 3231 757; x_wconf 88' lang='lat' dir='ltr'><strong>et</strong></span> <span class='ocrx_word' id='word_1_381' title='bbox 3258 705 3313 756; x_wconf 91' lang='lat' dir='ltr'><strong>in</strong></span> <span class='ocrx_word' id='word_1_382' title='bbox 3340 703 3565 757; x_wconf 83' lang='lat' dir='ltr'><strong>Galaad.</strong></span> <span class='ocrx_word' id='word_1_383' title='bbox 3623 701 3760 756; x_wconf 80' lang='lat' dir='ltr'><strong>Cum</strong></span> 
     </span>
    </p>
   </div>
   <div class='ocr_carea' id='block_1_50' title="bbox 2182 794 3761 862">
    <p class='ocr_par' dir='ltr' id='par_1_50' title="bbox 2182 794 3761 862">
     <span class='ocr_line' id='line_1_50' title="bbox 2182 794 3761 862; baseline -0.005 -9"><span class='ocrx_word' id='word_1_384' title='bbox 2182 808 2260 853; x_wconf 85' lang='lat' dir='ltr'><strong>tot</strong></span> <span class='ocrx_word' id='word_1_385' title='bbox 2292 798 2412 853; x_wconf 87' lang='lat' dir='ltr'><strong>loca</strong></span> <span class='ocrx_word' id='word_1_386' title='bbox 2440 795 2641 852; x_wconf 72' lang='lat' dir='ltr'><strong>Judaa</strong></span> <span class='ocrx_word' id='word_1_387' title='bbox 2685 796 2794 850; x_wconf 86' lang='lat' dir='ltr'><strong>sint</strong></span> <span class='ocrx_word' id='word_1_388' title='bbox 2843 804 3108 862; x_wconf 81' lang='lat' dir='ltr'><strong>terraque</strong></span> <span class='ocrx_word' id='word_1_389' title='bbox 3151 794 3206 849; x_wconf 88' lang='lat' dir='ltr'><strong>in</strong></span> <span class='ocrx_word' id='word_1_390' title='bbox 3257 794 3625 848; x_wconf 70' lang='lat' dir='ltr'><strong>harcditatcm</strong></span> <span class='ocrx_word' id='word_1_391' title='bbox 3669 810 3761 846; x_wconf 82' lang='lat' dir='ltr'><strong>ac-</strong></span> 
     </span>
    </p>
   </div>
   <div class='ocr_carea' id='block_1_51' title="bbox 2180 885 3014 959">
    <p class='ocr_par' dir='ltr' id='par_1_51' title="bbox 2180 885 3014 959">
     <span class='ocr_line' id='line_1_51' title="bbox 2180 885 3014 959; baseline -0.007 -14"><span class='ocrx_word' id='word_1_392' title='bbox 2180 898 2380 959; x_wconf 67' lang='lat' dir='ltr'><strong>cepta,</strong></span> <span class='ocrx_word' id='word_1_393' title='bbox 2400 888 2516 944; x_wconf 84' lang='lat' dir='ltr'><strong>hac</strong></span> <span class='ocrx_word' id='word_1_394' title='bbox 2539 887 2655 943; x_wconf 84' lang='lat' dir='ltr'><strong>sola</strong></span> <span class='ocrx_word' id='word_1_395' title='bbox 2693 885 3014 944; x_wconf 74' lang='lat' dir='ltr'><strong>nominavit.</strong></span> 
     </span>
    </p>
   </div>
   <div class='ocr_carea' id='block_1_52' title="bbox 2251 1152 3764 1228">
    <p class='ocr_par' dir='ltr' id='par_1_52' title="bbox 2251 1152 3764 1228">
     <span class='ocr_line' id='line_1_52' title="bbox 2251 1152 3764 1228; baseline -0.007 -13"><span class='ocrx_word' id='word_1_396' title='bbox 2251 1161 2343 1216; x_wconf 71' lang='grc'><strong>2⁵5.</strong></span> <span class='ocrx_word' id='word_1_397' title='bbox 2383 1159 2656 1226; x_wconf 79' lang='lat' dir='ltr'><strong>Quomodo</strong></span> <span class='ocrx_word' id='word_1_398' title='bbox 2683 1159 2891 1228; x_wconf 78' lang='lat' dir='ltr'><strong>fractus</strong></span> <span class='ocrx_word' id='word_1_399' title='bbox 2921 1166 2969 1210; x_wconf 86' lang='lat' dir='ltr'><strong>et</strong></span> <span class='ocrx_word' id='word_1_400' title='bbox 2999 1156 3257 1210; x_wconf 74' lang='lat' dir='ltr'><strong>contritus</strong></span> <span class='ocrx_word' id='word_1_401' title='bbox 3287 1162 3362 1209; x_wconf 82' lang='lat' dir='ltr'><strong>est</strong></span> <span class='ocrx_word' id='word_1_402' title='bbox 3392 1152 3614 1206; x_wconf 76' lang='lat' dir='ltr'><strong>malleus</strong></span> <span class='ocrx_word' id='word_1_403' title='bbox 3643 1153 3764 1205; x_wconf 78' lang='lat' dir='ltr'><strong>uni-</strong></span> 
     </span>
    </p>
   </div>
   <div class='ocr_carea' id='block_1_53' title="bbox 2181 1245 3762 1318">
    <p class='ocr_par' dir='ltr' id='par_1_53' title="bbox 2181 1245 3762 1318">
     <span class='ocr_line' id='line_1_53' title="bbox 2181 1245 3762 1318; baseline -0.004 -13"><span class='ocrx_word' id='word_1_404' title='bbox 2181 1267 2345 1306; x_wconf 65' lang='lat' dir='ltr'><strong>versae</strong></span> <span class='ocrx_word' id='word_1_405' title='bbox 2377 1258 2530 1306; x_wconf 74' lang='lat' dir='ltr'><strong>terra:</strong></span> <span class='ocrx_word' id='word_1_406' title='bbox 2546 1252 2580 1306; x_wconf 71' lang='grc'>2·</span> <span class='ocrx_word' id='word_1_407' title='bbox 2607 1249 2864 1304; x_wconf 86' lang='lat' dir='ltr'><strong>Mallcum</strong></span> <span class='ocrx_word' id='word_1_408' title='bbox 2897 1254 3056 1303; x_wconf 79' lang='lat' dir='ltr'><strong>vocat</strong></span> <span class='ocrx_word' id='word_1_409' title='bbox 3098 1245 3425 1318; x_wconf 72' lang='lat' dir='ltr'><strong>Babylonem</strong></span> <span class='ocrx_word' id='word_1_410' title='bbox 3447 1283 3462 1310; x_wconf 88' lang='lat'><strong>,</strong></span> <span class='ocrx_word' id='word_1_411' title='bbox 3494 1260 3614 1314; x_wconf 82' lang='lat' dir='ltr'><strong>qua</strong></span> <span class='ocrx_word' id='word_1_412' title='bbox 3647 1245 3762 1299; x_wconf 86' lang='lat' dir='ltr'><strong>suis</strong></span> 
     </span>
    </p>
   </div>
   <div class='ocr_carea' id='block_1_54' title="bbox 2181 1340 3763 1412">
    <p class='ocr_par' dir='ltr' id='par_1_54' title="bbox 2181 1340 3763 1412">
     <span class='ocr_line' id='line_1_54' title="bbox 2181 1340 3763 1412; baseline -0.002 -16"><span class='ocrx_word' id='word_1_413' title='bbox 2181 1342 2576 1412; x_wconf 87' lang='lat' dir='ltr'><strong>rapacitatibus</strong></span> <span class='ocrx_word' id='word_1_414' title='bbox 2623 1342 2886 1398; x_wconf 90' lang='lat' dir='ltr'><strong>mortales</strong></span> <span class='ocrx_word' id='word_1_415' title='bbox 2929 1342 3282 1397; x_wconf 84' lang='lat' dir='ltr'><strong>contriverat.</strong></span> <span class='ocrx_word' id='word_1_416' title='bbox 3318 1340 3456 1393; x_wconf 89' lang='lat' dir='ltr'><strong>Cum</strong></span> <span class='ocrx_word' id='word_1_417' title='bbox 3506 1355 3632 1394; x_wconf 83' lang='lat' dir='ltr'><strong>vero</strong></span> <span class='ocrx_word' id='word_1_418' title='bbox 3671 1353 3763 1394; x_wconf 89' lang='lat' dir='ltr'><strong>sa-</strong></span> 
     </span>
    </p>
   </div>
   <div class='ocr_carea' id='block_1_55' title="bbox 2182 1431 3757 1504">
    <p class='ocr_par' dir='ltr' id='par_1_55' title="bbox 2182 1431 3757 1504">
     <span class='ocr_line' id='line_1_55' title="bbox 2182 1431 3757 1504; baseline -0.004 -14"><span class='ocrx_word' id='word_1_419' title='bbox 2182 1450 2336 1491; x_wconf 86' lang='lat' dir='ltr'><strong>crum</strong></span> <span class='ocrx_word' id='word_1_420' title='bbox 2372 1435 2633 1504; x_wconf 90' lang='lat' dir='ltr'><strong>templum</strong></span> <span class='ocrx_word' id='word_1_421' title='bbox 2667 1443 2974 1490; x_wconf 71' lang='lat' dir='ltr'><strong>exstrueret</strong></span> <span class='ocrx_word' id='word_1_422' title='bbox 3009 1432 3290 1498; x_wconf 85' lang='lat' dir='ltr'><strong>Salomon,</strong></span> <span class='ocrx_word' id='word_1_423' title='bbox 3323 1433 3514 1486; x_wconf 88' lang='lat' dir='ltr'><strong>tertius</strong></span> <span class='ocrx_word' id='word_1_424' title='bbox 3549 1431 3757 1496; x_wconf 69' lang='lat' dir='ltr'><strong>Regum</strong></span> 
     </span>
    </p>
   </div>
   <div class='ocr_carea' id='block_1_56' title="bbox 2182 1523 3758 1595">
    <p class='ocr_par' dir='ltr' id='par_1_56' title="bbox 2182 1523 3758 1595">
     <span class='ocr_line' id='line_1_56' title="bbox 2182 1523 3758 1595; baseline -0.003 -15"><span class='ocrx_word' id='word_1_425' title='bbox 2182 1526 2318 1580; x_wconf 87' lang='lat' dir='ltr'><strong>liber</strong></span> <span class='ocrx_word' id='word_1_426' title='bbox 2370 1525 2427 1579; x_wconf 92' lang='lat' dir='ltr'><strong>in</strong></span> <span class='ocrx_word' id='word_1_427' title='bbox 2473 1525 2635 1581; x_wconf 81' lang='lat' dir='ltr'><strong>laude</strong></span> <span class='ocrx_word' id='word_1_428' title='bbox 2681 1526 2868 1595; x_wconf 85' lang='lat' dir='ltr'><strong>ponit,</strong></span> <span class='ocrx_word' id='word_1_429' title='bbox 2913 1525 3060 1594; x_wconf 75' lang='lat' dir='ltr'><strong>quod</strong></span> <span class='ocrx_word' id='word_1_430' title='bbox 3097 1525 3330 1580; x_wconf 83' lang='lat' dir='ltr'><strong>malleus</strong></span> <span class='ocrx_word' id='word_1_431' title='bbox 3363 1533 3415 1578; x_wconf 91' lang='lat' dir='ltr'><strong>et</strong></span> <span class='ocrx_word' id='word_1_432' title='bbox 3448 1523 3657 1579; x_wconf 83' lang='lat' dir='ltr'><strong>securis</strong></span> <span class='ocrx_word' id='word_1_433' title='bbox 3705 1524 3758 1575; x_wconf 89' lang='lat' dir='ltr'><strong>in</strong></span> 
     </span>
    </p>
   </div>
   <div class='ocr_carea' id='block_1_57' title="bbox 2182 1613 3761 1673">
    <p class='ocr_par' dir='ltr' id='par_1_57' title="bbox 2182 1613 3761 1673">
     <span class='ocr_line' id='line_1_57' title="bbox 2182 1613 3761 1673; baseline -0.002 -2"><span class='ocrx_word' id='word_1_434' title='bbox 2182 1617 2346 1673; x_wconf 90' lang='lat' dir='ltr'><strong>domo</strong></span> <span class='ocrx_word' id='word_1_435' title='bbox 2388 1615 2483 1671; x_wconf 85' lang='lat' dir='ltr'><strong>Dei</strong></span> <span class='ocrx_word' id='word_1_436' title='bbox 2525 1616 2709 1672; x_wconf 85' lang='lat' dir='ltr'><strong>audita</strong></span> <span class='ocrx_word' id='word_1_437' title='bbox 2753 1632 2860 1670; x_wconf 87' lang='lat' dir='ltr'><strong>non</strong></span> <span class='ocrx_word' id='word_1_438' title='bbox 2901 1623 3048 1671; x_wconf 85' lang='lat' dir='ltr'><strong>sunt.</strong></span> <span class='ocrx_word' id='word_1_439' title='bbox 3099 1615 3303 1670; x_wconf 89' lang='lat' dir='ltr'><strong>Domus</strong></span> <span class='ocrx_word' id='word_1_440' title='bbox 3347 1630 3478 1670; x_wconf 91' lang='lat' dir='ltr'><strong>vero</strong></span> <span class='ocrx_word' id='word_1_441' title='bbox 3519 1613 3761 1671; x_wconf 81' lang='lat' dir='ltr'><strong>Ecclesia</strong></span> 
     </span>
    </p>
   </div>
   <div class='ocr_carea' id='block_1_58' title="bbox 2185 1707 3764 1780">
    <p class='ocr_par' dir='ltr' id='par_1_58' title="bbox 2185 1707 3764 1780">
     <span class='ocr_line' id='line_1_58' title="bbox 2185 1707 3764 1780; baseline 0.001 -18"><span class='ocrx_word' id='word_1_442' title='bbox 2185 1709 2276 1764; x_wconf 86' lang='lat' dir='ltr'><strong>Dei</strong></span> <span class='ocrx_word' id='word_1_443' title='bbox 2306 1719 2422 1776; x_wconf 88' lang='lat' dir='ltr'><strong>est,</strong></span> <span class='ocrx_word' id='word_1_444' title='bbox 2454 1711 2506 1764; x_wconf 90' lang='lat' dir='ltr'><strong>in</strong></span> <span class='ocrx_word' id='word_1_445' title='bbox 2535 1725 2641 1780; x_wconf 90' lang='lat' dir='ltr'><strong>qua</strong></span> <span class='ocrx_word' id='word_1_446' title='bbox 2670 1709 2926 1764; x_wconf 88' lang='lat' dir='ltr'><strong>malleum</strong></span> <span class='ocrx_word' id='word_1_447' title='bbox 2964 1709 3138 1763; x_wconf 85' lang='lat' dir='ltr'><strong>audiri</strong></span> <span class='ocrx_word' id='word_1_448' title='bbox 3171 1724 3280 1763; x_wconf 89' lang='lat' dir='ltr'><strong>non</strong></span> <span class='ocrx_word' id='word_1_449' title='bbox 3312 1710 3486 1766; x_wconf 86' lang='lat' dir='ltr'><strong>decet.</strong></span> <span class='ocrx_word' id='word_1_450' title='bbox 3531 1707 3764 1763; x_wconf 82' lang='lat' dir='ltr'><strong>Malleus</strong></span> 
     </span>
    </p>
   </div>
   <div class='ocr_carea' id='block_1_59' title="bbox 2183 1792 3768 1869">
    <p class='ocr_par' dir='ltr' id='par_1_59' title="bbox 2183 1792 3768 1869">
     <span class='ocr_line' id='line_1_59' title="bbox 2183 1792 3768 1869; baseline -0.003 -11"><span class='ocrx_word' id='word_1_451' title='bbox 2183 1811 2364 1859; x_wconf 80' lang='lat' dir='ltr'><strong>autem</strong></span> <span class='ocrx_word' id='word_1_452' title='bbox 2398 1804 2664 1857; x_wconf 84' lang='lat' dir='ltr'><strong>universa</strong></span> <span class='ocrx_word' id='word_1_453' title='bbox 2689 1792 2848 1857; x_wconf 84' lang='lat' dir='ltr'><strong>terra</strong></span> <span class='ocrx_word' id='word_1_454' title='bbox 2883 1801 3134 1856; x_wconf 80' lang='lat' dir='ltr'><strong>diabolus</strong></span> <span class='ocrx_word' id='word_1_455' title='bbox 3169 1809 3273 1864; x_wconf 85' lang='lat' dir='ltr'><strong>est,</strong></span> <span class='ocrx_word' id='word_1_456' title='bbox 3301 1809 3355 1855; x_wconf 92' lang='lat' dir='ltr'><strong>et</strong></span> <span class='ocrx_word' id='word_1_457' title='bbox 3378 1800 3576 1869; x_wconf 73' lang='lat' dir='ltr'><strong>estqui</strong></span> <span class='ocrx_word' id='word_1_458' title='bbox 3608 1800 3768 1854; x_wconf 79' lang='lat' dir='ltr'><strong>illum</strong></span> 
     </span>
    </p>
   </div>
   <div class='ocr_carea' id='block_1_60' title="bbox 2114 1883 3769 1965">
    <p class='ocr_par' dir='ltr' id='par_1_60' title="bbox 2114 1883 3769 1965">
     <span class='ocr_line' id='line_1_60' title="bbox 2114 1883 3769 1965; baseline -0.005 -13"><span class='ocrx_word' id='word_1_459' title='bbox 2114 1883 2155 1936; x_wconf 81' lang='grc' dir='ltr'><strong><em>Β</em></strong></span> <span class='ocrx_word' id='word_1_460' title='bbox 2184 1895 2574 1965; x_wconf 86' lang='lat' dir='ltr'><strong>parvipendat,</strong></span> <span class='ocrx_word' id='word_1_461' title='bbox 2624 1893 2783 1963; x_wconf 89' lang='lat' dir='ltr'><strong>quasi</strong></span> <span class='ocrx_word' id='word_1_462' title='bbox 2826 1893 3050 1947; x_wconf 85' lang='lat' dir='ltr'><strong>materia</strong></span> <span class='ocrx_word' id='word_1_463' title='bbox 3095 1893 3346 1962; x_wconf 79' lang='lat' dir='ltr'><strong>quadam</strong></span> <span class='ocrx_word' id='word_1_464' title='bbox 3396 1891 3466 1945; x_wconf 91' lang='lat' dir='ltr'><strong>ab</strong></span> <span class='ocrx_word' id='word_1_465' title='bbox 3515 1892 3607 1946; x_wconf 93' lang='lat' dir='ltr'><strong>illo</strong></span> <span class='ocrx_word' id='word_1_466' title='bbox 3641 1907 3769 1961; x_wconf 84' lang='lat' dir='ltr'><strong>per--</strong></span> 
     </span>
    </p>
   </div>
   <div class='ocr_carea' id='block_1_61' title="bbox 2183 1983 3772 2055">
    <p class='ocr_par' dir='ltr' id='par_1_61' title="bbox 2183 1983 3772 2055">
     <span class='ocr_line' id='line_1_61' title="bbox 2183 1983 3772 2055; baseline -0.005 -11"><span class='ocrx_word' id='word_1_467' title='bbox 2183 2003 2343 2044; x_wconf 90' lang='lat' dir='ltr'><strong>cussa</strong></span> <span class='ocrx_word' id='word_1_468' title='bbox 2365 2029 2380 2054; x_wconf 92' lang='lat'><strong>,</strong></span> <span class='ocrx_word' id='word_1_469' title='bbox 2413 1987 2508 2042; x_wconf 88' lang='lat' dir='ltr'><strong>sed</strong></span> <span class='ocrx_word' id='word_1_470' title='bbox 2543 1986 2677 2039; x_wconf 87' lang='lat' dir='ltr'><strong>nihil</strong></span> <span class='ocrx_word' id='word_1_471' title='bbox 2705 1985 2938 2055; x_wconf 91' lang='lat' dir='ltr'><strong>patiens.</strong></span> <span class='ocrx_word' id='word_1_472' title='bbox 2975 1983 3110 2038; x_wconf 78' lang='lat' dir='ltr'><strong>Ecce</strong></span> <span class='ocrx_word' id='word_1_473' title='bbox 3147 1985 3287 2038; x_wconf 80' lang='lat' dir='ltr'><strong>enim</strong></span> <span class='ocrx_word' id='word_1_474' title='bbox 3307 2025 3322 2050; x_wconf 92' lang='lat'><strong>,</strong></span> <span class='ocrx_word' id='word_1_475' title='bbox 3351 1984 3464 2048; x_wconf 87' lang='lat' dir='ltr'><strong>ait,</strong></span> <span class='ocrx_word' id='word_1_476' title='bbox 3501 1984 3583 2036; x_wconf 81' lang='lat' dir='ltr'><strong>vir</strong></span> <span class='ocrx_word' id='word_1_477' title='bbox 3611 1994 3772 2038; x_wconf 78' lang='lat' dir='ltr'><strong>stans.</strong></span> 
     </span>
    </p>
   </div>
   <div class='ocr_carea' id='block_1_62' title="bbox 2181 2077 3768 2149">
    <p class='ocr_par' dir='ltr' id='par_1_62' title="bbox 2181 2077 3768 2149">
     <span class='ocr_line' id='line_1_62' title="bbox 2181 2077 3768 2149; baseline -0.002 -16"><span class='ocrx_word' id='word_1_478' title='bbox 2181 2095 2338 2149; x_wconf 77' lang='lat' dir='ltr'><strong>super</strong></span> <span class='ocrx_word' id='word_1_479' title='bbox 2365 2095 2513 2132; x_wconf 77' lang='lat' dir='ltr'><strong>muro</strong></span> <span class='ocrx_word' id='word_1_480' title='bbox 2536 2078 2918 2142; x_wconf 79' lang='lat' dir='ltr'><strong>adamantina,</strong></span> <span class='ocrx_word' id='word_1_481' title='bbox 2959 2086 3009 2131; x_wconf 84' lang='lat' dir='ltr'><strong>ct</strong></span> <span class='ocrx_word' id='word_1_482' title='bbox 3047 2077 3104 2130; x_wconf 83' lang='lat' dir='ltr'><strong>in</strong></span> <span class='ocrx_word' id='word_1_483' title='bbox 3147 2092 3309 2129; x_wconf 82' lang='lat' dir='ltr'><strong>manu</strong></span> <span class='ocrx_word' id='word_1_484' title='bbox 3354 2077 3468 2145; x_wconf 76' lang='lat' dir='ltr'><strong>ejus</strong></span> <span class='ocrx_word' id='word_1_485' title='bbox 3503 2077 3768 2137; x_wconf 75' lang='lat' dir='ltr'><strong>adamas;</strong></span> 
     </span>
    </p>
   </div>
   <div class='ocr_carea' id='block_1_63' title="bbox 2181 2168 3773 2242">
    <p class='ocr_par' dir='ltr' id='par_1_63' title="bbox 2181 2168 3773 2242">
     <span class='ocr_line' id='line_1_63' title="bbox 2181 2168 3773 2242; baseline -0.001 -18"><span class='ocrx_word' id='word_1_486' title='bbox 2181 2171 2274 2242; x_wconf 87' lang='lat' dir='ltr'><strong>qui</strong></span> <span class='ocrx_word' id='word_1_487' title='bbox 2307 2171 2530 2224; x_wconf 84' lang='lat' dir='ltr'><strong>adamas</strong></span> <span class='ocrx_word' id='word_1_488' title='bbox 2561 2169 2713 2224; x_wconf 91' lang='lat' dir='ltr'><strong>nullo</strong></span> <span class='ocrx_word' id='word_1_489' title='bbox 2743 2169 3048 2223; x_wconf 86' lang='lat' dir='ltr'><strong>conteritur</strong></span> <span class='ocrx_word' id='word_1_490' title='bbox 3072 2168 3288 2222; x_wconf 84' lang='lat' dir='ltr'><strong>malleo.</strong></span> <span class='ocrx_word' id='word_1_491' title='bbox 3322 2169 3490 2238; x_wconf 81' lang='lat' dir='ltr'><strong>igitur</strong></span> <span class='ocrx_word' id='word_1_492' title='bbox 3510 2168 3773 2236; x_wconf 80' lang='lat' dir='ltr'><strong>quamvis</strong></span> 
     </span>
    </p>
   </div>
   <div class='ocr_carea' id='block_1_64' title="bbox 2183 2257 3764 2328">
    <p class='ocr_par' dir='ltr' id='par_1_64' title="bbox 2183 2257 3764 2328">
     <span class='ocr_line' id='line_1_64' title="bbox 2183 2257 3764 2328; baseline -0.003 -14"><span class='ocrx_word' id='word_1_493' title='bbox 2183 2261 2348 2314; x_wconf 80' lang='lat' dir='ltr'><strong>instet</strong></span> <span class='ocrx_word' id='word_1_494' title='bbox 2396 2258 2679 2320; x_wconf 87' lang='lat' dir='ltr'><strong>diabolus,</strong></span> <span class='ocrx_word' id='word_1_495' title='bbox 2715 2257 2880 2328; x_wconf 78' lang='lat'><strong>316</strong></span> <span class='ocrx_word' id='word_1_496' title='bbox 2912 2257 3006 2327; x_wconf 88' lang='lat' dir='ltr'><strong>qui</strong></span> <span class='ocrx_word' id='word_1_497' title='bbox 3058 2257 3290 2312; x_wconf 85' lang='lat' dir='ltr'><strong>malleus</strong></span> <span class='ocrx_word' id='word_1_498' title='bbox 3332 2265 3447 2323; x_wconf 85' lang='lat' dir='ltr'><strong>est,</strong></span> <span class='ocrx_word' id='word_1_499' title='bbox 3481 2257 3764 2326; x_wconf 83' lang='lat' dir='ltr'><strong>subjaceat</strong></span> 
     </span>
    </p>
   </div>
   <div class='ocr_carea' id='block_1_65' title="bbox 2181 2347 3764 2420">
    <p class='ocr_par' dir='ltr' id='par_1_65' title="bbox 2181 2347 3764 2420">
     <span class='ocr_line' id='line_1_65' title="bbox 2181 2347 3764 2420; baseline -0.003 -14"><span class='ocrx_word' id='word_1_500' title='bbox 2181 2352 2348 2407; x_wconf 85' lang='lat' dir='ltr'><strong>draco</strong></span> <span class='ocrx_word' id='word_1_501' title='bbox 2373 2351 2538 2406; x_wconf 86' lang='lat' dir='ltr'><strong>veluti</strong></span> <span class='ocrx_word' id='word_1_502' title='bbox 2578 2351 2734 2406; x_wconf 85' lang='lat' dir='ltr'><strong>incus</strong></span> <span class='ocrx_word' id='word_1_503' title='bbox 2764 2349 3052 2414; x_wconf 86' lang='lat' dir='ltr'><strong>indomita,</strong></span> <span class='ocrx_word' id='word_1_504' title='bbox 3084 2349 3216 2403; x_wconf 87' lang='lat' dir='ltr'><strong>nihil</strong></span> <span class='ocrx_word' id='word_1_505' title='bbox 3247 2348 3342 2420; x_wconf 86' lang='lat' dir='ltr'><strong>qui</strong></span> <span class='ocrx_word' id='word_1_506' title='bbox 3367 2349 3420 2402; x_wconf 94' lang='lat' dir='ltr'><strong>in</strong></span> <span class='ocrx_word' id='word_1_507' title='bbox 3455 2364 3618 2402; x_wconf 90' lang='lat' dir='ltr'><strong>manu</strong></span> <span class='ocrx_word' id='word_1_508' title='bbox 3656 2347 3764 2402; x_wconf 87' lang='lat' dir='ltr'><strong>Do-</strong></span> 
     </span>
    </p>
   </div>
   <div class='ocr_carea' id='block_1_66' title="bbox 2182 2440 3758 2510">
    <p class='ocr_par' dir='ltr' id='par_1_66' title="bbox 2182 2440 3758 2510">
     <span class='ocr_line' id='line_1_66' title="bbox 2182 2440 3758 2510; baseline -0.004 -12"><span class='ocrx_word' id='word_1_509' title='bbox 2182 2443 2316 2498; x_wconf 90' lang='lat' dir='ltr'><strong>mini</strong></span> <span class='ocrx_word' id='word_1_510' title='bbox 2357 2451 2443 2497; x_wconf 84' lang='lat' dir='ltr'><strong>est</strong></span> <span class='ocrx_word' id='word_1_511' title='bbox 2487 2451 2541 2496; x_wconf 86' lang='lat' dir='ltr'><strong>et</strong></span> <span class='ocrx_word' id='word_1_512' title='bbox 2577 2443 2629 2494; x_wconf 92' lang='lat' dir='ltr'><strong>in</strong></span> <span class='ocrx_word' id='word_1_513' title='bbox 2674 2442 3017 2509; x_wconf 84' lang='lat' dir='ltr'><strong>protectione</strong></span> <span class='ocrx_word' id='word_1_514' title='bbox 3043 2441 3201 2508; x_wconf 88' lang='lat' dir='ltr'><strong>ejus,</strong></span> <span class='ocrx_word' id='word_1_515' title='bbox 3244 2441 3480 2510; x_wconf 84' lang='lat' dir='ltr'><strong>patietur</strong></span> <span class='ocrx_word' id='word_1_516' title='bbox 3512 2440 3758 2494; x_wconf 87' lang='lat' dir='ltr'><strong>adamas.</strong></span> 
     </span>
    </p>
   </div>
   <div class='ocr_carea' id='block_1_67' title="bbox 2182 2529 3766 2603">
    <p class='ocr_par' dir='ltr' id='par_1_67' title="bbox 2182 2529 3766 2603">
     <span class='ocr_line' id='line_1_67' title="bbox 2182 2529 3766 2603; baseline -0.004 -14"><span class='ocrx_word' id='word_1_517' title='bbox 2182 2534 2372 2589; x_wconf 85' lang='lat' dir='ltr'><strong>Murus</strong></span> <span class='ocrx_word' id='word_1_518' title='bbox 2397 2535 2600 2603; x_wconf 81' lang='lat' dir='ltr'><strong>quippe</strong></span> <span class='ocrx_word' id='word_1_519' title='bbox 2625 2533 3014 2586; x_wconf 85' lang='lat' dir='ltr'><strong>adamantinus</strong></span> <span class='ocrx_word' id='word_1_520' title='bbox 3041 2543 3266 2586; x_wconf 88' lang='lat' dir='ltr'><strong>sanctus</strong></span> <span class='ocrx_word' id='word_1_521' title='bbox 3291 2540 3396 2596; x_wconf 90' lang='lat' dir='ltr'><strong>est,</strong></span> <span class='ocrx_word' id='word_1_522' title='bbox 3433 2539 3486 2584; x_wconf 91' lang='lat' dir='ltr'><strong>et</strong></span> <span class='ocrx_word' id='word_1_523' title='bbox 3511 2529 3565 2582; x_wconf 88' lang='lat' dir='ltr'><strong>in</strong></span> <span class='ocrx_word' id='word_1_524' title='bbox 3596 2545 3766 2583; x_wconf 76' lang='lat' dir='ltr'><strong>ntauu:</strong></span> 
     </span>
    </p>
   </div>
   <div class='ocr_carea' id='block_1_68' title="bbox 2183 2619 3764 2689">
    <p class='ocr_par' dir='ltr' id='par_1_68' title="bbox 2183 2619 3764 2689">
     <span class='ocr_line' id='line_1_68' title="bbox 2183 2619 3764 2689; baseline -0.006 -10"><span class='ocrx_word' id='word_1_525' title='bbox 2183 2624 2400 2680; x_wconf 88' lang='lat' dir='ltr'><strong>Domini</strong></span> <span class='ocrx_word' id='word_1_526' title='bbox 2428 2632 2581 2677; x_wconf 88' lang='lat' dir='ltr'><strong>stans</strong></span> <span class='ocrx_word' id='word_1_527' title='bbox 2615 2622 2684 2676; x_wconf 89' lang='lat' dir='ltr'><strong>ab</strong></span> <span class='ocrx_word' id='word_1_528' title='bbox 2709 2621 2859 2676; x_wconf 88' lang='lat' dir='ltr'><strong>omni</strong></span> <span class='ocrx_word' id='word_1_529' title='bbox 2889 2620 3144 2689; x_wconf 81' lang='lat' dir='ltr'><strong>passione</strong></span> <span class='ocrx_word' id='word_1_530' title='bbox 3171 2621 3307 2674; x_wconf 91' lang='lat' dir='ltr'><strong>liber</strong></span> <span class='ocrx_word' id='word_1_531' title='bbox 3341 2627 3445 2683; x_wconf 88' lang='lat' dir='ltr'><strong>est,</strong></span> <span class='ocrx_word' id='word_1_532' title='bbox 3490 2619 3617 2672; x_wconf 87' lang='lat' dir='ltr'><strong>licet</strong></span> <span class='ocrx_word' id='word_1_533' title='bbox 3645 2632 3764 2670; x_wconf 85' lang='lat' dir='ltr'><strong>me-</strong></span> 
     </span>
    </p>
   </div>
   <div class='ocr_carea' id='block_1_69' title="bbox 2182 2709 3766 2780">
    <p class='ocr_par' dir='ltr' id='par_1_69' title="bbox 2182 2709 3766 2780">
     <span class='ocr_line' id='line_1_69' title="bbox 2182 2709 3766 2780; baseline -0.005 -9"><span class='ocrx_word' id='word_1_534' title='bbox 2182 2717 2310 2772; x_wconf 88' lang='lat' dir='ltr'><strong>dius</strong></span> <span class='ocrx_word' id='word_1_535' title='bbox 2339 2716 2411 2771; x_wconf 90' lang='lat' dir='ltr'><strong>sit</strong></span> <span class='ocrx_word' id='word_1_536' title='bbox 2437 2715 2577 2770; x_wconf 88' lang='lat' dir='ltr'><strong>inter</strong></span> <span class='ocrx_word' id='word_1_537' title='bbox 2605 2713 2861 2768; x_wconf 82' lang='lat' dir='ltr'><strong>malleum</strong></span> <span class='ocrx_word' id='word_1_538' title='bbox 2900 2724 2957 2767; x_wconf 86' lang='lat' dir='ltr'><strong>et</strong></span> <span class='ocrx_word' id='word_1_539' title='bbox 2980 2711 3296 2767; x_wconf 89' lang='lat' dir='ltr'><strong>draconem.</strong></span> <span class='ocrx_word' id='word_1_540' title='bbox 3353 2710 3459 2767; x_wconf 88' lang='lat' dir='ltr'><strong>Sed</strong></span> <span class='ocrx_word' id='word_1_541' title='bbox 3490 2724 3602 2780; x_wconf 90' lang='lat' dir='ltr'><strong>quo</strong></span> <span class='ocrx_word' id='word_1_542' title='bbox 3639 2709 3766 2779; x_wconf 86' lang='lat' dir='ltr'><strong>plus</strong></span> 
     </span>
    </p>
   </div>
   <div class='ocr_carea' id='block_1_70' title="bbox 2185 2803 3762 2879">
    <p class='ocr_par' dir='ltr' id='par_1_70' title="bbox 2185 2803 3762 2879">
     <span class='ocr_line' id='line_1_70' title="bbox 2185 2803 3762 2879; baseline -0.006 -16"><span class='ocrx_word' id='word_1_543' title='bbox 2185 2808 2510 2879; x_wconf 87' lang='lat' dir='ltr'><strong>percutitur,</strong></span> <span class='ocrx_word' id='word_1_544' title='bbox 2571 2821 2639 2862; x_wconf 91' lang='lat' dir='ltr'><strong>eo</strong></span> <span class='ocrx_word' id='word_1_545' title='bbox 2687 2806 2976 2861; x_wconf 87' lang='lat' dir='ltr'><strong>clariorem</strong></span> <span class='ocrx_word' id='word_1_546' title='bbox 3023 2805 3265 2859; x_wconf 81' lang='lat' dir='ltr'><strong>ostendit</strong></span> <span class='ocrx_word' id='word_1_547' title='bbox 3309 2803 3430 2873; x_wconf 85' lang='lat' dir='ltr'><strong>ejus</strong></span> <span class='ocrx_word' id='word_1_548' title='bbox 3481 2803 3762 2855; x_wconf 73' lang='lat' dir='ltr'><strong>virtutem.</strong></span> 
     </span>
    </p>
   </div>
   <div class='ocr_carea' id='block_1_71' title="bbox 2185 2893 3760 2965">
    <p class='ocr_par' dir='ltr' id='par_1_71' title="bbox 2185 2893 3760 2965">
     <span class='ocr_line' id='line_1_71' title="bbox 2185 2893 3760 2965; baseline -0.008 -11"><span class='ocrx_word' id='word_1_549' title='bbox 2185 2898 2322 2954; x_wconf 81' lang='lat' dir='ltr'><strong>Nam</strong></span> <span class='ocrx_word' id='word_1_550' title='bbox 2353 2897 2608 2953; x_wconf 85' lang='lat' dir='ltr'><strong>diabolus</strong></span> <span class='ocrx_word' id='word_1_551' title='bbox 2633 2898 2657 2960; x_wconf 82' lang='grc'>,’</span> <span class='ocrx_word' id='word_1_552' title='bbox 2693 2903 2756 2950; x_wconf 81' lang='grc' dir='ltr'><strong>ιιι</strong></span> <span class='ocrx_word' id='word_1_553' title='bbox 2789 2896 2898 2965; x_wconf 87' lang='lat' dir='ltr'><strong>‘qui</strong></span> <span class='ocrx_word' id='word_1_554' title='bbox 2931 2893 3172 2964; x_wconf 88' lang='lat' dir='ltr'><strong>lapidum</strong></span> <span class='ocrx_word' id='word_1_555' title='bbox 3215 2893 3430 2962; x_wconf 75' lang='lat' dir='ltr'><strong>ignorat</strong></span> <span class='ocrx_word' id='word_1_556' title='bbox 3471 2901 3760 2956; x_wconf 88' lang='lat' dir='ltr'><strong>naturam,</strong></span> 
     </span>
    </p>
   </div>
   <div class='ocr_carea' id='block_1_72' title="bbox 2185 2981 3766 3057">
    <p class='ocr_par' dir='ltr' id='par_1_72' title="bbox 2185 2981 3766 3057">
     <span class='ocr_line' id='line_1_72' title="bbox 2185 2981 3766 3057; baseline -0.008 -12"><span class='ocrx_word' id='word_1_557' title='bbox 2185 2990 2372 3047; x_wconf 90' lang='lat' dir='ltr'><strong>multis</strong></span> <span class='ocrx_word' id='word_1_558' title='bbox 2397 2989 2598 3044; x_wconf 87' lang='lat' dir='ltr'><strong>ictibus</strong></span> <span class='ocrx_word' id='word_1_559' title='bbox 2628 2988 2826 3057; x_wconf 86' lang='lat' dir='ltr'><strong>probat</strong></span> <span class='ocrx_word' id='word_1_560' title='bbox 2848 2987 3002 3040; x_wconf 87' lang='lat' dir='ltr'><strong>illum</strong></span> <span class='ocrx_word' id='word_1_561' title='bbox 3021 3026 3037 3052; x_wconf 91' lang='lat'><strong>,</strong></span> <span class='ocrx_word' id='word_1_562' title='bbox 3083 2985 3178 3055; x_wconf 89' lang='lat' dir='ltr'><strong>qui</strong></span> <span class='ocrx_word' id='word_1_563' title='bbox 3208 2984 3372 3039; x_wconf 88' lang='lat' dir='ltr'><strong>veluti</strong></span> <span class='ocrx_word' id='word_1_564' title='bbox 3399 2981 3627 3037; x_wconf 88' lang='lat' dir='ltr'><strong>adamas</strong></span> <span class='ocrx_word' id='word_1_565' title='bbox 3653 2989 3766 3037; x_wconf 84' lang='lat' dir='ltr'><strong>est.</strong></span> 
     </span>
    </p>
   </div>
   <div class='ocr_carea' id='block_1_73' title="bbox 2186 3072 3768 3152">
    <p class='ocr_par' dir='ltr' id='par_1_73' title="bbox 2186 3072 3768 3152">
     <span class='ocr_line' id='line_1_73' title="bbox 2186 3072 3768 3152; baseline -0.006 -15"><span class='ocrx_word' id='word_1_566' title='bbox 2186 3083 2332 3138; x_wconf 90' lang='lat' dir='ltr'><strong>Deus</strong></span> <span class='ocrx_word' id='word_1_567' title='bbox 2361 3081 2564 3152; x_wconf 88' lang='lat' dir='ltr'><strong>quippe</strong></span> <span class='ocrx_word' id='word_1_568' title='bbox 2591 3080 2743 3136; x_wconf 87' lang='lat' dir='ltr'><strong>solus</strong></span> <span class='ocrx_word' id='word_1_569' title='bbox 2773 3079 2994 3135; x_wconf 85' lang='lat' dir='ltr'><strong>illorum</strong></span> <span class='ocrx_word' id='word_1_570' title='bbox 3037 3091 3290 3133; x_wconf 86' lang='lat' dir='ltr'><strong>naturam</strong></span> <span class='ocrx_word' id='word_1_571' title='bbox 3323 3077 3496 3131; x_wconf 89' lang='lat' dir='ltr'><strong>novit.</strong></span> <span class='ocrx_word' id='word_1_572' title='bbox 3541 3072 3656 3130; x_wconf 86' lang='lat' dir='ltr'><strong>Nisi</strong></span> <span class='ocrx_word' id='word_1_573' title='bbox 3691 3075 3768 3129; x_wconf 83' lang='lat' dir='ltr'><strong>sit</strong></span> 
     </span>
    </p>
   </div>
   <div class='ocr_carea' id='block_1_74' title="bbox 2186 3166 3768 3239">
    <p class='ocr_par' dir='ltr' id='par_1_74' title="bbox 2186 3166 3768 3239">
     <span class='ocr_line' id='line_1_74' title="bbox 2186 3166 3768 3239; baseline -0.006 -11"><span class='ocrx_word' id='word_1_574' title='bbox 2186 3175 2440 3237; x_wconf 88' lang='lat' dir='ltr'><strong>malleus,</strong></span> <span class='ocrx_word' id='word_1_575' title='bbox 2467 3187 2575 3227; x_wconf 88' lang='lat' dir='ltr'><strong>nou</strong></span> <span class='ocrx_word' id='word_1_576' title='bbox 2603 3173 2697 3227; x_wconf 87' lang='lat' dir='ltr'><strong>llet</strong></span> <span class='ocrx_word' id='word_1_577' title='bbox 2725 3172 2856 3226; x_wconf 88' lang='lat' dir='ltr'><strong>tuba</strong></span> <span class='ocrx_word' id='word_1_578' title='bbox 2890 3170 3148 3235; x_wconf 84' lang='lat' dir='ltr'><strong>ductilis,</strong></span> <span class='ocrx_word' id='word_1_579' title='bbox 3199 3183 3321 3239; x_wconf 85' lang='lat' dir='ltr'><strong>qua</strong></span> <span class='ocrx_word' id='word_1_580' title='bbox 3354 3167 3657 3224; x_wconf 86' lang='lat' dir='ltr'><strong>secundum</strong></span> <span class='ocrx_word' id='word_1_581' title='bbox 3689 3166 3768 3219; x_wconf 76' lang='lat' dir='ltr'><strong>le-</strong></span> 
     </span>
    </p>
   </div>
   <div class='ocr_carea' id='block_1_75' title="bbox 2188 3257 3768 3336">
    <p class='ocr_par' dir='ltr' id='par_1_75' title="bbox 2188 3257 3768 3336">
     <span class='ocr_line' id='line_1_75' title="bbox 2188 3257 3768 3336; baseline -0.008 -17"><span class='ocrx_word' id='word_1_582' title='bbox 2188 3280 2308 3336; x_wconf 78' lang='lat' dir='ltr'><strong>gem</strong></span> <span class='ocrx_word' id='word_1_583' title='bbox 2329 3263 2667 3319; x_wconf 77' lang='lat' dir='ltr'><strong>convocabat</strong></span> <span class='ocrx_word' id='word_1_584' title='bbox 2687 3261 2756 3316; x_wconf 86' lang='lat' dir='ltr'><strong>ad</strong></span> <span class='ocrx_word' id='word_1_585' title='bbox 2775 3260 2893 3316; x_wconf 84' lang='lat' dir='ltr'><strong>dies</strong></span> <span class='ocrx_word' id='word_1_586' title='bbox 2919 3260 3088 3316; x_wconf 80' lang='lat' dir='ltr'><strong>festos</strong></span> <span class='ocrx_word' id='word_1_587' title='bbox 3107 3258 3344 3325; x_wconf 86' lang='lat' dir='ltr'><strong>Domini,</strong></span> <span class='ocrx_word' id='word_1_588' title='bbox 3360 3267 3415 3312; x_wconf 89' lang='lat' dir='ltr'><strong>et</strong></span> <span class='ocrx_word' id='word_1_589' title='bbox 3434 3257 3499 3312; x_wconf 86' lang='lat' dir='ltr'><strong>ad</strong></span> <span class='ocrx_word' id='word_1_590' title='bbox 3523 3271 3768 3326; x_wconf 82' lang='lat' dir='ltr'><strong>pugnam</strong></span> 
     </span>
    </p>
   </div>
   <div class='ocr_carea' id='block_1_76' title="bbox 2188 3347 3765 3411">
    <p class='ocr_par' dir='ltr' id='par_1_76' title="bbox 2188 3347 3765 3411">
     <span class='ocr_line' id='line_1_76' title="bbox 2188 3347 3765 3411; baseline -0.006 -1"><span class='ocrx_word' id='word_1_591' title='bbox 2188 3355 2476 3411; x_wconf 83' lang='lat' dir='ltr'><strong>audientes</strong></span> <span class='ocrx_word' id='word_1_592' title='bbox 2515 3353 2808 3408; x_wconf 82' lang='lat' dir='ltr'><strong>excitabat.</strong></span> <span class='ocrx_word' id='word_1_593' title='bbox 2851 3351 3040 3406; x_wconf 88' lang='lat' dir='ltr'><strong>Talem</strong></span> <span class='ocrx_word' id='word_1_594' title='bbox 3085 3349 3215 3405; x_wconf 82' lang='lat' dir='ltr'><strong>fecit</strong></span> <span class='ocrx_word' id='word_1_595' title='bbox 3249 3350 3479 3404; x_wconf 89' lang='lat' dir='ltr'><strong>malleus</strong></span> <span class='ocrx_word' id='word_1_596' title='bbox 3531 3347 3765 3402; x_wconf 86' lang='lat' dir='ltr'><strong>Paulum</strong></span> 
     </span>
    </p>
   </div>
   <div class='ocr_carea' id='block_1_77' title="bbox 2188 3439 3762 3517">
    <p class='ocr_par' dir='ltr' id='par_1_77' title="bbox 2188 3439 3762 3517">
     <span class='ocr_line' id='line_1_77' title="bbox 2188 3439 3762 3517; baseline -0.007 -16"><span class='ocrx_word' id='word_1_597' title='bbox 2188 3461 2286 3517; x_wconf 90' lang='lat' dir='ltr'><strong>per</strong></span> <span class='ocrx_word' id='word_1_598' title='bbox 2315 3444 2498 3500; x_wconf 84' lang='lat' dir='ltr'><strong>varias</strong></span> <span class='ocrx_word' id='word_1_599' title='bbox 2536 3442 2888 3504; x_wconf 89' lang='lat' dir='ltr'><strong>tentationes,</strong></span> <span class='ocrx_word' id='word_1_600' title='bbox 2913 3440 3050 3494; x_wconf 87' lang='lat' dir='ltr'><strong>nihil</strong></span> <span class='ocrx_word' id='word_1_601' title='bbox 3073 3439 3292 3509; x_wconf 87' lang='lat' dir='ltr'><strong>quidem</strong></span> <span class='ocrx_word' id='word_1_602' title='bbox 3321 3439 3392 3493; x_wconf 86' lang='lat' dir='ltr'><strong>ab</strong></span> <span class='ocrx_word' id='word_1_603' title='bbox 3418 3449 3486 3493; x_wconf 89' lang='lat' dir='ltr'><strong>eo</strong></span> <span class='ocrx_word' id='word_1_604' title='bbox 3513 3450 3762 3507; x_wconf 85' lang='lat' dir='ltr'><strong>passum,</strong></span> 
     </span>
    </p>
   </div>
   <div class='ocr_carea' id='block_1_78' title="bbox 2187 3525 3764 3607">
    <p class='ocr_par' dir='ltr' id='par_1_78' title="bbox 2187 3525 3764 3607">
     <span class='ocr_line' id='line_1_78' title="bbox 2187 3525 3764 3607; baseline -0.01 -12"><span class='ocrx_word' id='word_1_605' title='bbox 2187 3538 2282 3594; x_wconf 89' lang='lat' dir='ltr'><strong>sed</strong></span> <span class='ocrx_word' id='word_1_606' title='bbox 2316 3551 2513 3607; x_wconf 81' lang='lat' dir='ltr'><strong>magna</strong></span> <span class='ocrx_word' id='word_1_607' title='bbox 2541 3549 2673 3590; x_wconf 85' lang='lat' dir='ltr'><strong>voce</strong></span> <span class='ocrx_word' id='word_1_608' title='bbox 2704 3532 3034 3588; x_wconf 79' lang='lat' dir='ltr'><strong>excitantem</strong></span> <span class='ocrx_word' id='word_1_609' title='bbox 3081 3531 3149 3584; x_wconf 90' lang='lat' dir='ltr'><strong>ad</strong></span> <span class='ocrx_word' id='word_1_610' title='bbox 3198 3543 3434 3599; x_wconf 75' lang='lat' dir='ltr'><strong>pugnam</strong></span> <span class='ocrx_word' id='word_1_611' title='bbox 3459 3536 3651 3582; x_wconf 87' lang='lat' dir='ltr'><strong>contra</strong></span> <span class='ocrx_word' id='word_1_612' title='bbox 3677 3525 3764 3580; x_wconf 85' lang='lat' dir='ltr'><strong>vi-</strong></span> 
     </span>
    </p>
   </div>
   <div class='ocr_carea' id='block_1_79' title="bbox 2187 3617 3766 3692">
    <p class='ocr_par' dir='ltr' id='par_1_79' title="bbox 2187 3617 3766 3692">
     <span class='ocr_line' id='line_1_79' title="bbox 2187 3617 3766 3692; baseline -0.008 -10"><span class='ocrx_word' id='word_1_613' title='bbox 2187 3629 2284 3684; x_wconf 90' lang='lat' dir='ltr'><strong>tia.</strong></span> <span class='ocrx_word' id='word_1_614' title='bbox 2338 3625 2512 3680; x_wconf 75' lang='lat' dir='ltr'><strong>Ellieit</strong></span> <span class='ocrx_word' id='word_1_615' title='bbox 2547 3626 2731 3692; x_wconf 86' lang='lat' dir='ltr'><strong>itaque</strong></span> <span class='ocrx_word' id='word_1_616' title='bbox 2759 3622 2987 3676; x_wconf 85' lang='lat' dir='ltr'><strong>malleus</strong></span> <span class='ocrx_word' id='word_1_617' title='bbox 3019 3619 3370 3674; x_wconf 87' lang='lat' dir='ltr'><strong>tentationem</strong></span> <span class='ocrx_word' id='word_1_618' title='bbox 3391 3657 3407 3684; x_wconf 94' lang='lat'><strong>,</strong></span> <span class='ocrx_word' id='word_1_619' title='bbox 3435 3617 3634 3671; x_wconf 88' lang='lat' dir='ltr'><strong>malleo</strong></span> <span class='ocrx_word' id='word_1_620' title='bbox 3663 3630 3766 3670; x_wconf 87' lang='lat' dir='ltr'><strong>au-</strong></span> 
     </span>
    </p>
   </div>
   <div class='ocr_carea' id='block_1_80' title="bbox 2188 3706 3766 3783">
    <p class='ocr_par' dir='ltr' id='par_1_80' title="bbox 2188 3706 3766 3783">
     <span class='ocr_line' id='line_1_80' title="bbox 2188 3706 3766 3783; baseline -0.009 -9"><span class='ocrx_word' id='word_1_621' title='bbox 2188 3726 2300 3774; x_wconf 88' lang='lat' dir='ltr'><strong>tem</strong></span> <span class='ocrx_word' id='word_1_622' title='bbox 2331 3715 2570 3772; x_wconf 81' lang='lat' dir='ltr'><strong>deservit</strong></span> <span class='ocrx_word' id='word_1_623' title='bbox 2609 3713 2928 3783; x_wconf 79' lang='lat' dir='ltr'><strong>progenitus</strong></span> <span class='ocrx_word' id='word_1_624' title='bbox 2976 3725 3007 3765; x_wconf 88' lang='lat' dir='ltr'><strong>e</strong></span> <span class='ocrx_word' id='word_1_625' title='bbox 3045 3711 3218 3764; x_wconf 83' lang='lat' dir='ltr'><strong>Caino</strong></span> <span class='ocrx_word' id='word_1_626' title='bbox 3263 3709 3570 3773; x_wconf 87' lang='lat' dir='ltr'><strong>malleator,</strong></span> <span class='ocrx_word' id='word_1_627' title='bbox 3612 3706 3766 3761; x_wconf 76' lang='lat' dir='ltr'><strong>faber:</strong></span> 
     </span>
    </p>
   </div>
   <div class='ocr_carea' id='block_1_81' title="bbox 2188 3798 3760 3870">
    <p class='ocr_par' dir='ltr' id='par_1_81' title="bbox 2188 3798 3760 3870">
     <span class='ocr_line' id='line_1_81' title="bbox 2188 3798 3760 3870; baseline -0.007 -6"><span class='ocrx_word' id='word_1_628' title='bbox 2188 3808 2316 3864; x_wconf 82' lang='lat' dir='ltr'><strong>aris</strong></span> <span class='ocrx_word' id='word_1_629' title='bbox 2345 3816 2401 3863; x_wconf 90' lang='lat' dir='ltr'><strong>et</strong></span> <span class='ocrx_word' id='word_1_630' title='bbox 2432 3806 2582 3862; x_wconf 81' lang='lat' dir='ltr'><strong>ferri.</strong></span> <span class='ocrx_word' id='word_1_631' title='bbox 2629 3805 2781 3859; x_wconf 86' lang='lat' dir='ltr'><strong>Talis</strong></span> <span class='ocrx_word' id='word_1_632' title='bbox 2830 3803 2934 3858; x_wconf 81' lang='lat' dir='ltr'><strong>l&#39;uit</strong></span> <span class='ocrx_word' id='word_1_633' title='bbox 2975 3801 3273 3857; x_wconf 83' lang='lat' dir='ltr'><strong>Salvatoris</strong></span> <span class='ocrx_word' id='word_1_634' title='bbox 3298 3809 3540 3870; x_wconf 84' lang='lat' dir='ltr'><strong>tempore</strong></span> <span class='ocrx_word' id='word_1_635' title='bbox 3569 3798 3760 3854; x_wconf 67' lang='lat' dir='ltr'><strong>ludas.</strong></span> 
     </span>
    </p>
   </div>
   <div class='ocr_carea' id='block_1_82' title="bbox 2188 3888 3769 3970">
    <p class='ocr_par' dir='ltr' id='par_1_82' title="bbox 2188 3888 3769 3970">
     <span class='ocr_line' id='line_1_82' title="bbox 2188 3888 3769 3970; baseline -0.008 -15"><span class='ocrx_word' id='word_1_636' title='bbox 2188 3900 2393 3970; x_wconf 87' lang='lat' dir='ltr'><strong>quique</strong></span> <span class='ocrx_word' id='word_1_637' title='bbox 2433 3897 2709 3968; x_wconf 84' lang='lat' dir='ltr'><strong>cruciﬁge,</strong></span> <span class='ocrx_word' id='word_1_638' title='bbox 2767 3895 3016 3965; x_wconf 80' lang='lat' dir='ltr'><strong>cruciﬁge</strong></span> <span class='ocrx_word' id='word_1_639' title='bbox 3059 3894 3367 3949; x_wconf 85' lang='lat' dir='ltr'><strong>clamaruut</strong></span> <span class='ocrx_word' id='word_1_640' title='bbox 3385 3892 3430 3922; x_wconf 82' lang='grc'><strong>⁶⁹</strong></span> <span class='ocrx_word' id='word_1_641' title='bbox 3484 3905 3580 3960; x_wconf 83' lang='lat' dir='ltr'><strong>per</strong></span> <span class='ocrx_word' id='word_1_642' title='bbox 3627 3888 3769 3944; x_wconf 78' lang='lat' dir='ltr'><strong>tales</strong></span> 
     </span>
    </p>
   </div>
   <div class='ocr_carea' id='block_1_83' title="bbox 2191 3987 2709 4043">
    <p class='ocr_par' dir='ltr' id='par_1_83' title="bbox 2191 3987 2709 4043">
     <span class='ocr_line' id='line_1_83' title="bbox 2191 3987 2709 4043; baseline -0.006 0"><span class='ocrx_word' id='word_1_643' title='bbox 2191 3987 2369 4043; x_wconf 88' lang='lat' dir='ltr'><strong>mallei</strong></span> <span class='ocrx_word' id='word_1_644' title='bbox 2399 3987 2709 4043; x_wconf 88' lang='lat' dir='ltr'><strong>ministros.</strong></span> 
     </span>
    </p>
   </div>
   <div class='ocr_carea' id='block_1_84' title="bbox 2257 4161 3764 4241">
    <p class='ocr_par' dir='ltr' id='par_1_84' title="bbox 2257 4161 3764 4241">
     <span class='ocr_line' id='line_1_84' title="bbox 2257 4161 3764 4241; baseline -0.01 -13"><span class='ocrx_word' id='word_1_645' title='bbox 2257 4174 2350 4228; x_wconf 72' lang='lat'><strong>25.</strong></span> <span class='ocrx_word' id='word_1_646' title='bbox 2393 4171 2462 4226; x_wconf 87' lang='lat' dir='ltr'><strong>Et</strong></span> <span class='ocrx_word' id='word_1_647' title='bbox 2506 4168 2726 4241; x_wconf 82' lang='lat' dir='ltr'><strong>protulit</strong></span> <span class='ocrx_word' id='word_1_648' title='bbox 2777 4183 2904 4222; x_wconf 78' lang='lat' dir='ltr'><strong>vasa</strong></span> <span class='ocrx_word' id='word_1_649' title='bbox 2949 4166 3048 4220; x_wconf 73' lang='lat' dir='ltr'><strong>ire</strong></span> <span class='ocrx_word' id='word_1_650' title='bbox 3091 4179 3223 4218; x_wconf 72' lang='lat' dir='ltr'><strong>sua.</strong></span> <span class='ocrx_word' id='word_1_651' title='bbox 3266 4161 3408 4217; x_wconf 83' lang='lat' dir='ltr'><strong>Vasa</strong></span> <span class='ocrx_word' id='word_1_652' title='bbox 3460 4163 3556 4216; x_wconf 82' lang='lat' dir='ltr'><strong>ira</strong></span> <span class='ocrx_word' id='word_1_653' title='bbox 3600 4161 3764 4215; x_wconf 83' lang='lat' dir='ltr'><strong>etiam</strong></span> 
     </span>
    </p>
   </div>
   <div class='ocr_carea' id='block_1_85' title="bbox 2190 4252 3768 4337">
    <p class='ocr_par' dir='ltr' id='par_1_85' title="bbox 2190 4252 3768 4337">
     <span class='ocr_line' id='line_1_85' title="bbox 2190 4252 3768 4337; baseline -0.011 -16"><span class='ocrx_word' id='word_1_654' title='bbox 2190 4267 2488 4337; x_wconf 80' lang='lat' dir='ltr'><strong>Apostolus</strong></span> <span class='ocrx_word' id='word_1_655' title='bbox 2517 4263 2670 4320; x_wconf 90' lang='lat' dir='ltr'><strong>novit</strong></span> <span class='ocrx_word' id='word_1_656' title='bbox 2693 4262 2748 4316; x_wconf 92' lang='lat' dir='ltr'><strong>in</strong></span> <span class='ocrx_word' id='word_1_657' title='bbox 2775 4259 3136 4330; x_wconf 88' lang='lat' dir='ltr'><strong>perditionem</strong></span> <span class='ocrx_word' id='word_1_658' title='bbox 3179 4255 3341 4321; x_wconf 82' lang='lat' dir='ltr'><strong>facta,</strong></span> <span class='ocrx_word' id='word_1_659' title='bbox 3370 4263 3430 4309; x_wconf 93' lang='grc' dir='ltr'><strong>ιιι</strong></span> <span class='ocrx_word' id='word_1_660' title='bbox 3456 4252 3768 4307; x_wconf 72' lang='lat' dir='ltr'><strong>manifeste:</strong></span> 
     </span>
    </p>
   </div>
   <div class='ocr_carea' id='block_1_86' title="bbox 2189 4344 3768 4425">
    <p class='ocr_par' dir='ltr' id='par_1_86' title="bbox 2189 4344 3768 4425">
     <span class='ocr_line' id='line_1_86' title="bbox 2189 4344 3768 4425; baseline -0.008 -13"><span class='ocrx_word' id='word_1_661' title='bbox 2189 4357 2410 4412; x_wconf 88' lang='lat' dir='ltr'><strong>divitias</strong></span> <span class='ocrx_word' id='word_1_662' title='bbox 2447 4353 2633 4425; x_wconf 84' lang='lat' dir='ltr'><strong>gloria</strong></span> <span class='ocrx_word' id='word_1_663' title='bbox 2679 4367 2792 4408; x_wconf 85' lang='lat' dir='ltr'><strong>sua</strong></span> <span class='ocrx_word' id='word_1_664' title='bbox 2837 4351 2893 4405; x_wconf 92' lang='lat' dir='ltr'><strong>in</strong></span> <span class='ocrx_word' id='word_1_665' title='bbox 2935 4364 3067 4403; x_wconf 89' lang='lat' dir='ltr'><strong>vasa</strong></span> <span class='ocrx_word' id='word_1_666' title='bbox 3101 4347 3509 4402; x_wconf 65' lang='lat' dir='ltr'><strong>misericordia.</strong></span> <span class='ocrx_word' id='word_1_667' title='bbox 3565 4344 3768 4400; x_wconf 87' lang='lat' dir='ltr'><strong>Omnes</strong></span> 
     </span>
    </p>
   </div>
   <div class='ocr_carea' id='block_1_87' title="bbox 2189 4437 3767 4509">
    <p class='ocr_par' dir='ltr' id='par_1_87' title="bbox 2189 4437 3767 4509">
     <span class='ocr_line' id='line_1_87' title="bbox 2189 4437 3767 4509; baseline -0.007 -6"><span class='ocrx_word' id='word_1_668' title='bbox 2189 4448 2334 4504; x_wconf 91' lang='lat' dir='ltr'><strong>enim</strong></span> <span class='ocrx_word' id='word_1_669' title='bbox 2364 4447 2614 4501; x_wconf 88' lang='lat' dir='ltr'><strong>homines</strong></span> <span class='ocrx_word' id='word_1_670' title='bbox 2643 4447 2698 4500; x_wconf 89' lang='lat' dir='ltr'><strong>in</strong></span> <span class='ocrx_word' id='word_1_671' title='bbox 2730 4445 2848 4500; x_wconf 87' lang='lat' dir='ltr'><strong>hac</strong></span> <span class='ocrx_word' id='word_1_672' title='bbox 2876 4442 2986 4497; x_wconf 89' lang='lat' dir='ltr'><strong>duo</strong></span> <span class='ocrx_word' id='word_1_673' title='bbox 3015 4439 3200 4495; x_wconf 89' lang='lat' dir='ltr'><strong>divisit</strong></span> <span class='ocrx_word' id='word_1_674' title='bbox 3227 4454 3383 4506; x_wconf 83' lang='lat' dir='ltr'><strong>vasa,</strong></span> <span class='ocrx_word' id='word_1_675' title='bbox 3413 4440 3529 4494; x_wconf 84' lang='lat' dir='ltr'><strong>hac</strong></span> <span class='ocrx_word' id='word_1_676' title='bbox 3549 4437 3767 4509; x_wconf 90' lang='lat' dir='ltr'><strong>quidem</strong></span> 
     </span>
    </p>
   </div>
   <div class='ocr_carea' id='block_1_88' title="bbox 503 4528 2085 4634">
    <p class='ocr_par' dir='ltr' id='par_1_88' title="bbox 503 4528 2085 4634">
     <span class='ocr_line' id='line_1_88' title="bbox 503 4528 2085 4634; baseline -0.002 -20"><span class='ocrx_word' id='word_1_677' title='bbox 503 4561 676 4614; x_wconf 87' lang='grc' dir='ltr'>ταῦτα</span> <span class='ocrx_word' id='word_1_678' title='bbox 707 4528 866 4615; x_wconf 67' lang='grc' dir='ltr'>διείλε</span> <span class='ocrx_word' id='word_1_679' title='bbox 898 4528 1088 4634; x_wconf 82' lang='grc' dir='ltr'>σκεύη,</span> <span class='ocrx_word' id='word_1_680' title='bbox 1115 4561 1183 4615; x_wconf 88' lang='grc' dir='ltr'>τὰ</span> <span class='ocrx_word' id='word_1_681' title='bbox 1222 4528 1321 4632; x_wconf 78' lang='grc' dir='ltr'>μὲν</span> <span class='ocrx_word' id='word_1_682' title='bbox 1353 4528 1545 4633; x_wconf 67' lang='grc' dir='ltr'>ὀργῆς,</span> <span class='ocrx_word' id='word_1_683' title='bbox 1587 4528 1657 4614; x_wconf 71' lang='grc' dir='ltr'><strong>τά</strong></span> <span class='ocrx_word' id='word_1_684' title='bbox 1689 4559 1746 4614; x_wconf 88' lang='grc' dir='ltr'><strong>δέ</strong></span> <span class='ocrx_word' id='word_1_685' title='bbox 1771 4528 1982 4622; x_wconf 77' lang='grc' dir='ltr'>ἐλέους·</span> <span class='ocrx_word' id='word_1_686' title='bbox 2018 4557 2085 4612; x_wconf 80' lang='grc' dir='ltr'>τὰ</span> 
     </span>
    </p>
   </div>
   <div class='ocr_carea' id='block_1_89' title="bbox 2185 4528 3772 4634">
    <p class='ocr_par' dir='ltr' id='par_1_89' title="bbox 2195 4528 3772 4604">
     <span class='ocr_line' id='line_1_89' title="bbox 2195 4528 3772 4604; baseline -0.008 -10"><span class='ocrx_word' id='word_1_687' title='bbox 2195 4539 2325 4604; x_wconf 81' lang='lat' dir='ltr'><strong>ira,</strong></span> <span class='ocrx_word' id='word_1_688' title='bbox 2356 4538 2447 4592; x_wconf 74' lang='lat' dir='ltr'><strong>illa</strong></span> <span class='ocrx_word' id='word_1_689' title='bbox 2489 4552 2619 4592; x_wconf 91' lang='lat' dir='ltr'><strong>vero</strong></span> <span class='ocrx_word' id='word_1_690' title='bbox 2663 4533 3085 4600; x_wconf 89' lang='lat' dir='ltr'><strong>misericordia,</strong></span> <span class='ocrx_word' id='word_1_691' title='bbox 3117 4531 3236 4587; x_wconf 82' lang='lat' dir='ltr'><strong>hac</strong></span> <span class='ocrx_word' id='word_1_692' title='bbox 3264 4529 3446 4602; x_wconf 88' lang='lat' dir='ltr'><strong>qualis</strong></span> <span class='ocrx_word' id='word_1_693' title='bbox 3472 4528 3686 4584; x_wconf 86' lang='lat' dir='ltr'><strong>Pharao</strong></span> <span class='ocrx_word' id='word_1_694' title='bbox 3715 4537 3772 4582; x_wconf 82' lang='lat' dir='ltr'><strong>et</strong></span> 
     </span>
    </p>
   </div>
   <div class='ocr_carea' id='block_1_90' title="bbox 507 4644 2092 4726">
    <p class='ocr_par' dir='ltr' id='par_1_90' title="bbox 507 4644 2092 4726">
     <span class='ocr_line' id='line_1_90' title="bbox 507 4644 2092 4726; baseline -0.002 -20"><span class='ocrx_word' id='word_1_695' title='bbox 507 4653 606 4722; x_wconf 83' lang='grc' dir='ltr'>μὲν</span> <span class='ocrx_word' id='word_1_696' title='bbox 638 4647 749 4717; x_wconf 74' lang='grc' dir='ltr'>οἷος</span> <span class='ocrx_word' id='word_1_697' title='bbox 773 4657 802 4708; x_wconf 93' lang='lat'><strong>6</strong></span> <span class='ocrx_word' id='word_1_698' title='bbox 827 4652 1026 4726; x_wconf 81' lang='grc' dir='ltr'>Φαραὼ</span> <span class='ocrx_word' id='word_1_699' title='bbox 1053 4653 1146 4708; x_wconf 75' lang='grc' dir='ltr'>καὶ</span> <span class='ocrx_word' id='word_1_700' title='bbox 1173 4655 1222 4706; x_wconf 70' lang='lat' dir='ltr'><strong>oi</strong></span> <span class='ocrx_word' id='word_1_701' title='bbox 1253 4652 1559 4722; x_wconf 73' lang='grc' dir='ltr'>Αἰγύπτιοι,</span> <span class='ocrx_word' id='word_1_702' title='bbox 1586 4651 1655 4705; x_wconf 82' lang='grc' dir='ltr'><strong>τά</strong></span> <span class='ocrx_word' id='word_1_703' title='bbox 1683 4650 1740 4704; x_wconf 82' lang='grc' dir='ltr'>δὲ</span> <span class='ocrx_word' id='word_1_704' title='bbox 1758 4644 1870 4715; x_wconf 76' lang='grc' dir='ltr'>οἷος</span> <span class='ocrx_word' id='word_1_705' title='bbox 1891 4651 1922 4703; x_wconf 92' lang='lat'><strong>6</strong></span> <span class='ocrx_word' id='word_1_706' title='bbox 1945 4650 2092 4704; x_wconf 84' lang='grc' dir='ltr'>Παῦ-</span> 
     </span>
    </p>
   </div>
   <div class='ocr_carea' id='block_1_91' title="bbox 503 4741 2090 4813">
    <p class='ocr_par' dir='ltr' id='par_1_91' title="bbox 503 4741 2090 4813">
     <span class='ocr_line' id='line_1_91' title="bbox 503 4741 2090 4813; baseline 0 -18"><span class='ocrx_word' id='word_1_707' title='bbox 503 4745 594 4810; x_wconf 85' lang='grc' dir='ltr'><strong>λος</strong></span> <span class='ocrx_word' id='word_1_708' title='bbox 619 4746 714 4800; x_wconf 78' lang='grc' dir='ltr'>καὶ</span> <span class='ocrx_word' id='word_1_709' title='bbox 741 4747 790 4798; x_wconf 81' lang='lat' dir='ltr'><strong>oi</strong></span> <span class='ocrx_word' id='word_1_710' title='bbox 826 4744 1234 4808; x_wconf 86' lang='grc' dir='ltr'>πιστεύσαντες.</span> <span class='ocrx_word' id='word_1_711' title='bbox 1254 4742 1415 4798; x_wconf 81' lang='grc' dir='ltr'>Ἀλλά</span> <span class='ocrx_word' id='word_1_712' title='bbox 1462 4745 1546 4807; x_wconf 88' lang='grc' dir='ltr'><strong>τίς</strong></span> <span class='ocrx_word' id='word_1_713' title='bbox 1590 4743 1620 4796; x_wconf 90' lang='lat'><strong>6</strong></span> <span class='ocrx_word' id='word_1_714' title='bbox 1668 4741 1944 4813; x_wconf 78' lang='grc' dir='ltr'>θησαυρὸς</span> <span class='ocrx_word' id='word_1_715' title='bbox 1974 4744 2090 4796; x_wconf 86' lang='grc' dir='ltr'>Κυ-</span> 
     </span>
    </p>
   </div>
   <div class='ocr_carea' id='block_1_92' title="bbox 508 4829 2088 4909">
    <p class='ocr_par' dir='ltr' id='par_1_92' title="bbox 508 4829 2088 4909">
     <span class='ocr_line' id='line_1_92' title="bbox 508 4829 2088 4909; baseline -0.003 -19"><span class='ocrx_word' id='word_1_716' title='bbox 508 4839 648 4909; x_wconf 79' lang='grc' dir='ltr'>ρίου,</span> <span class='ocrx_word' id='word_1_717' title='bbox 682 4839 741 4890; x_wconf 85' lang='grc' dir='ltr'><strong>ἐν</strong></span> <span class='ocrx_word' id='word_1_718' title='bbox 773 4829 817 4905; x_wconf 83' lang='grc' dir='ltr'>ᾧ</span> <span class='ocrx_word' id='word_1_719' title='bbox 844 4836 914 4890; x_wconf 79' lang='grc' dir='ltr'>τὰ</span> <span class='ocrx_word' id='word_1_720' title='bbox 944 4835 1113 4905; x_wconf 86' lang='grc' dir='ltr'>σκεύη</span> <span class='ocrx_word' id='word_1_721' title='bbox 1141 4835 1242 4905; x_wconf 80' lang='grc' dir='ltr'>τῆς</span> <span class='ocrx_word' id='word_1_722' title='bbox 1274 4833 1480 4905; x_wconf 77' lang='grc' dir='ltr'>όργῆςς</span> <span class='ocrx_word' id='word_1_723' title='bbox 1513 4834 1671 4896; x_wconf 79' lang='grc' dir='ltr'>Ἴσως</span> <span class='ocrx_word' id='word_1_724' title='bbox 1701 4833 1735 4903; x_wconf 77' lang='grc' dir='ltr'><strong>ἡ</strong></span> <span class='ocrx_word' id='word_1_725' title='bbox 1771 4831 2088 4903; x_wconf 87' lang='grc' dir='ltr'>Ἐκκλησία,</span> 
     </span>
    </p>
   </div>
   <div class='ocr_carea' id='block_1_93' title="bbox 501 4920 2086 5001">
    <p class='ocr_par' dir='ltr' id='par_1_93' title="bbox 501 4920 2086 5001">
     <span class='ocr_line' id='line_1_93' title="bbox 501 4920 2086 5001; baseline -0.003 -23"><span class='ocrx_word' id='word_1_726' title='bbox 501 4928 562 4979; x_wconf 76' lang='grc' dir='ltr'><strong>ἐν</strong></span> <span class='ocrx_word' id='word_1_727' title='bbox 645 4924 875 4980; x_wconf 87' lang='grc' dir='ltr'>τοιοῦτοι</span> <span class='ocrx_word' id='word_1_728' title='bbox 905 4924 1162 4987; x_wconf 85' lang='grc' dir='ltr'>πολλάκις</span> <span class='ocrx_word' id='word_1_729' title='bbox 1186 4921 1723 4977; x_wconf 84' lang='grc' dir='ltr'>λανθάνουσιν.Ἐστι</span> <span class='ocrx_word' id='word_1_730' title='bbox 1742 4920 1798 4973; x_wconf 86' lang='grc' dir='ltr'>δὲ</span> <span class='ocrx_word' id='word_1_731' title='bbox 1822 4921 1851 4974; x_wconf 93' lang='lat'><strong>6</strong></span> <span class='ocrx_word' id='word_1_732' title='bbox 1875 4921 2086 4993; x_wconf 82' lang='grc' dir='ltr'>καιρὸς,</span> 
     </span>
    </p>
   </div>
   <div class='ocr_carea' id='block_1_94' title="bbox 503 5009 2086 5085">
    <p class='ocr_par' dir='ltr' id='par_1_94' title="bbox 503 5009 2086 5085">
     <span class='ocr_line' id='line_1_94' title="bbox 503 5009 2086 5085; baseline -0.004 -14"><span class='ocrx_word' id='word_1_733' title='bbox 503 5017 593 5071; x_wconf 80' lang='grc' dir='ltr'>ὅτε</span> <span class='ocrx_word' id='word_1_734' title='bbox 651 5015 857 5083; x_wconf 75' lang='grc' dir='ltr'>ἀνοίγει</span> <span class='ocrx_word' id='word_1_735' title='bbox 903 5013 1002 5085; x_wconf 84' lang='grc' dir='ltr'>τὴν</span> <span class='ocrx_word' id='word_1_736' title='bbox 1046 5011 1393 5083; x_wconf 78' lang='grc' dir='ltr'>Ἐκκλησίαν·</span> <span class='ocrx_word' id='word_1_737' title='bbox 1442 5009 1539 5064; x_wconf 89' lang='grc' dir='ltr'><strong>νῦν</strong></span> <span class='ocrx_word' id='word_1_738' title='bbox 1593 5010 1704 5082; x_wconf 78' lang='grc' dir='ltr'>γὰρ</span> <span class='ocrx_word' id='word_1_739' title='bbox 1755 5010 2086 5076; x_wconf 80' lang='grc' dir='ltr'>κέκλεισται,</span> 
     </span>
    </p>
   </div>
   <div class='ocr_carea' id='block_1_95' title="bbox 506 5099 2089 5176">
    <p class='ocr_par' dir='ltr' id='par_1_95' title="bbox 506 5099 2089 5176">
     <span class='ocr_line' id='line_1_95' title="bbox 506 5099 2089 5176; baseline -0.005 -14"><span class='ocrx_word' id='word_1_740' title='bbox 506 5109 604 5162; x_wconf 71' lang='grc' dir='ltr'>καὶ</span> <span class='ocrx_word' id='word_1_741' title='bbox 629 5106 697 5160; x_wconf 80' lang='grc' dir='ltr'><strong>τά</strong></span> <span class='ocrx_word' id='word_1_742' title='bbox 727 5105 897 5174; x_wconf 87' lang='grc' dir='ltr'>σκεύη</span> <span class='ocrx_word' id='word_1_743' title='bbox 928 5105 1029 5176; x_wconf 80' lang='grc' dir='ltr'>τῆς</span> <span class='ocrx_word' id='word_1_744' title='bbox 1061 5103 1230 5176; x_wconf 83' lang='grc' dir='ltr'>ὀργῆς</span> <span class='ocrx_word' id='word_1_745' title='bbox 1256 5100 1394 5174; x_wconf 73' lang='grc' dir='ltr'>μετὰ</span> <span class='ocrx_word' id='word_1_746' title='bbox 1419 5099 1529 5155; x_wconf 85' lang='grc' dir='ltr'><strong>τῶν</strong></span> <span class='ocrx_word' id='word_1_747' title='bbox 1551 5099 1760 5155; x_wconf 85' lang='grc' dir='ltr'>σκευῶν</span> <span class='ocrx_word' id='word_1_748' title='bbox 1787 5100 1880 5155; x_wconf 89' lang='grc' dir='ltr'><strong>τοῦ</strong></span> <span class='ocrx_word' id='word_1_749' title='bbox 1905 5101 2089 5166; x_wconf 82' lang='grc' dir='ltr'>ἐλέους</span> 
     </span>
    </p>
   </div>
   <div class='ocr_carea' id='block_1_96' title="bbox 502 5190 2090 5269">
    <p class='ocr_par' dir='ltr' id='par_1_96' title="bbox 502 5190 2090 5269">
     <span class='ocr_line' id='line_1_96' title="bbox 502 5190 2090 5269; baseline -0.004 -17"><span class='ocrx_word' id='word_1_750' title='bbox 502 5199 751 5269; x_wconf 73' lang='grc' dir='ltr'>νέμεται,</span> <span class='ocrx_word' id='word_1_751' title='bbox 789 5196 883 5251; x_wconf 77' lang='grc' dir='ltr'>καὶ</span> <span class='ocrx_word' id='word_1_752' title='bbox 922 5195 991 5249; x_wconf 80' lang='grc' dir='ltr'><strong>τά</strong></span> <span class='ocrx_word' id='word_1_753' title='bbox 1035 5195 1218 5265; x_wconf 76' lang='grc' dir='ltr'>ἄχυρα</span> <span class='ocrx_word' id='word_1_754' title='bbox 1253 5191 1392 5265; x_wconf 81' lang='grc' dir='ltr'>μετὰ</span> <span class='ocrx_word' id='word_1_755' title='bbox 1437 5190 1532 5244; x_wconf 86' lang='grc' dir='ltr'><strong>τοῦ</strong></span> <span class='ocrx_word' id='word_1_756' title='bbox 1581 5191 1728 5244; x_wconf 88' lang='grc' dir='ltr'>σίτου</span> <span class='ocrx_word' id='word_1_757' title='bbox 1773 5193 1878 5245; x_wconf 67' lang='lat' dir='ltr'><strong>eici</strong></span> <span class='ocrx_word' id='word_1_758' title='bbox 1913 5192 2006 5246; x_wconf 83' lang='grc' dir='ltr'>καὶ</span> <span class='ocrx_word' id='word_1_759' title='bbox 2030 5193 2090 5246; x_wconf 88' lang='grc' dir='ltr'><strong>ἐν</strong></span> 
     </span>
    </p>
   </div>
   <div class='ocr_carea' id='block_1_97' title="bbox 508 5282 2086 5363">
    <p class='ocr_par' dir='ltr' id='par_1_97' title="bbox 508 5282 2086 5363">
     <span class='ocr_line' id='line_1_97' title="bbox 508 5282 2086 5363; baseline -0.004 -19"><span class='ocrx_word' id='word_1_760' title='bbox 508 5291 610 5363; x_wconf 76' lang='grc' dir='ltr'>μιᾷ</span> <span class='ocrx_word' id='word_1_761' title='bbox 640 5291 852 5362; x_wconf 84' lang='grc' dir='ltr'>σαγήνῃ</span> <span class='ocrx_word' id='word_1_762' title='bbox 880 5287 1012 5341; x_wconf 81' lang='grc' dir='ltr'>οἵτε</span> <span class='ocrx_word' id='word_1_763' title='bbox 1037 5285 1356 5357; x_wconf 70' lang='grc' dir='ltr'>ἀπόϐλητοι,</span> <span class='ocrx_word' id='word_1_764' title='bbox 1390 5283 1486 5337; x_wconf 69' lang='grc' dir='ltr'>καὶ</span> <span class='ocrx_word' id='word_1_765' title='bbox 1521 5283 1572 5336; x_wconf 80' lang='grc' dir='ltr'>οἱ</span> <span class='ocrx_word' id='word_1_766' title='bbox 1605 5282 1852 5336; x_wconf 76' lang='grc' dir='ltr'>ἐκλεκτοὶ</span> <span class='ocrx_word' id='word_1_767' title='bbox 1885 5283 2086 5353; x_wconf 85' lang='grc' dir='ltr'>ίχθύες.</span> 
     </span>
    </p>
   </div>
   <div class='ocr_carea' id='block_1_98' title="bbox 519 5373 2090 5452">
    <p class='ocr_par' dir='ltr' id='par_1_98' title="bbox 519 5373 2090 5452">
     <span class='ocr_line' id='line_1_98' title="bbox 519 5373 2090 5452; baseline -0.004 -18"><span class='ocrx_word' id='word_1_768' title='bbox 519 5381 750 5452; x_wconf 67' lang='grc' dir='ltr'>*Ανοίγει</span> <span class='ocrx_word' id='word_1_769' title='bbox 785 5380 843 5433; x_wconf 83' lang='grc' dir='ltr'>δὲ</span> <span class='ocrx_word' id='word_1_770' title='bbox 874 5379 966 5433; x_wconf 80' lang='grc' dir='ltr'>τὸν</span> <span class='ocrx_word' id='word_1_771' title='bbox 1004 5376 1276 5451; x_wconf 75' lang='grc' dir='ltr'>θησαυρὸν</span> <span class='ocrx_word' id='word_1_772' title='bbox 1308 5373 1474 5430; x_wconf 82' lang='grc' dir='ltr'>αὐτοῦ</span> <span class='ocrx_word' id='word_1_773' title='bbox 1515 5375 1544 5428; x_wconf 88' lang='lat'><strong>6</strong></span> <span class='ocrx_word' id='word_1_774' title='bbox 1577 5373 1780 5445; x_wconf 86' lang='grc' dir='ltr'>Κύριος</span> <span class='ocrx_word' id='word_1_775' title='bbox 1820 5373 1962 5428; x_wconf 88' lang='grc' dir='ltr'>κατὰ</span> <span class='ocrx_word' id='word_1_776' title='bbox 1999 5374 2090 5428; x_wconf 85' lang='grc' dir='ltr'>τὸν</span> 
     </span>
    </p>
   </div>
   <div class='ocr_carea' id='block_1_99' title="bbox 505 5464 2093 5544">
    <p class='ocr_par' dir='ltr' id='par_1_99' title="bbox 505 5464 2093 5544">
     <span class='ocr_line' id='line_1_99' title="bbox 505 5464 2093 5544; baseline -0.004 -19"><span class='ocrx_word' id='word_1_777' title='bbox 505 5472 698 5544; x_wconf 82' lang='grc' dir='ltr'>καιρὸν</span> <span class='ocrx_word' id='word_1_778' title='bbox 727 5472 827 5542; x_wconf 81' lang='grc' dir='ltr'>τῆς</span> <span class='ocrx_word' id='word_1_779' title='bbox 850 5470 1107 5542; x_wconf 86' lang='grc' dir='ltr'>κρίσεως,</span> <span class='ocrx_word' id='word_1_780' title='bbox 1135 5470 1247 5532; x_wconf 83' lang='grc' dir='ltr'>ὅτε,</span> <span class='ocrx_word' id='word_1_781' title='bbox 1275 5466 1388 5521; x_wconf 89' lang='grc' dir='ltr'><strong>τῶν</strong></span> <span class='ocrx_word' id='word_1_782' title='bbox 1441 5464 1654 5519; x_wconf 84' lang='grc' dir='ltr'>σκευῶν</span> <span class='ocrx_word' id='word_1_783' title='bbox 1679 5464 1778 5534; x_wconf 78' lang='grc' dir='ltr'>τῆς</span> <span class='ocrx_word' id='word_1_784' title='bbox 1805 5464 1974 5535; x_wconf 82' lang='grc' dir='ltr'>ὀργῆς</span> <span class='ocrx_word' id='word_1_785' title='bbox 1999 5466 2093 5519; x_wconf 80' lang='grc' dir='ltr'>ἐκ·</span> 
     </span>
    </p>
   </div>
   <div class='ocr_carea' id='block_1_100' title="bbox 504 5555 2092 5634">
    <p class='ocr_par' dir='ltr' id='par_1_100' title="bbox 504 5555 2092 5634">
     <span class='ocr_line' id='line_1_100' title="bbox 504 5555 2092 5634; baseline -0.005 -16"><span class='ocrx_word' id='word_1_786' title='bbox 504 5564 878 5634; x_wconf 75' lang='grc' dir='ltr'>ϐαλλομένων,</span> <span class='ocrx_word' id='word_1_787' title='bbox 909 5564 938 5616; x_wconf 94' lang='lat'><strong>6</strong></span> <span class='ocrx_word' id='word_1_788' title='bbox 961 5562 1146 5625; x_wconf 87' lang='grc' dir='ltr'>ἐλέους</span> <span class='ocrx_word' id='word_1_789' title='bbox 1173 5560 1365 5624; x_wconf 86' lang='grc' dir='ltr'>σκεῦος</span> <span class='ocrx_word' id='word_1_790' title='bbox 1398 5558 1657 5628; x_wconf 81' lang='grc' dir='ltr'>ὑπάρχων</span> <span class='ocrx_word' id='word_1_791' title='bbox 1686 5555 1828 5609; x_wconf 75' lang='grc' dir='ltr'>εἴποι</span> <span class='ocrx_word' id='word_1_792' title='bbox 1858 5555 1922 5610; x_wconf 82' lang='grc' dir='ltr'>ἂν</span> <span class='ocrx_word' id='word_1_793' title='bbox 1950 5558 2092 5610; x_wconf 84' lang='grc' dir='ltr'>εἰκό-</span> 
     </span>
    </p>
   </div>
   <div class='ocr_carea' id='block_1_101' title="bbox 505 5646 2086 5723">
    <p class='ocr_par' dir='ltr' id='par_1_101' title="bbox 505 5646 2086 5723">
     <span class='ocr_line' id='line_1_101' title="bbox 505 5646 2086 5723; baseline -0.004 -14"><span class='ocrx_word' id='word_1_794' title='bbox 505 5671 612 5719; x_wconf 87' lang='grc' dir='ltr'><strong>τως</strong></span> <span class='ocrx_word' id='word_1_795' title='bbox 635 5673 648 5686; x_wconf 88' lang='grc'><strong>·</strong></span> <span class='ocrx_word' id='word_1_796' title='bbox 696 5653 985 5723; x_wconf 73' lang='grc' dir='ltr'><strong>Ἐξῆλθον</strong></span> <span class='ocrx_word' id='word_1_797' title='bbox 1015 5654 1116 5723; x_wconf 67' lang='grc' dir='ltr'><strong>ἀφ’</strong></span> <span class='ocrx_word' id='word_1_798' title='bbox 1150 5651 1426 5723; x_wconf 75' lang='grc' dir='ltr'>ἡμῶνὀύ</span> <span class='ocrx_word' id='word_1_799' title='bbox 1453 5650 1563 5721; x_wconf 75' lang='grc' dir='ltr'>γὰρ</span> <span class='ocrx_word' id='word_1_800' title='bbox 1591 5646 1755 5720; x_wconf 76' lang='grc' dir='ltr'>ἦσαν</span> <span class='ocrx_word' id='word_1_801' title='bbox 1791 5649 1860 5713; x_wconf 79' lang='grc' dir='ltr'>ἐξ</span> <span class='ocrx_word' id='word_1_802' title='bbox 1902 5647 2086 5718; x_wconf 72' lang='grc' dir='ltr'>ἡμῶν.</span> 
     </span>
    </p>
   </div>
   <div class='ocr_carea' id='block_1_102' title="bbox 587 5809 1570 5879">
    <p class='ocr_par' dir='ltr' id='par_1_102' title="bbox 587 5809 1570 5879">
     <span class='ocr_line' id='line_1_102' title="bbox 587 5809 1570 5879; baseline -0.007 -10"><span class='ocrx_word' id='word_1_803' title='bbox 587 5815 629 5846; x_wconf 81' lang='grc'><strong>⁶⁹</strong></span> <span class='ocrx_word' id='word_1_804' title='bbox 661 5812 793 5869; x_wconf 88' lang='lat' dir='ltr'><strong>Luc.</strong></span> <span class='ocrx_word' id='word_1_805' title='bbox 824 5827 958 5867; x_wconf 72' lang='grc' dir='ltr'>χχιιι</span> <span class='ocrx_word' id='word_1_806' title='bbox 983 5853 998 5879; x_wconf 92' lang='grc'><strong>,</strong></span> <span class='ocrx_word' id='word_1_807' title='bbox 1032 5811 1093 5866; x_wconf 75' lang='grc'><strong>21</strong></span> <span class='ocrx_word' id='word_1_808' title='bbox 1125 5827 1140 5877; x_wconf 87' lang='grc'><strong>;</strong></span> <span class='ocrx_word' id='word_1_809' title='bbox 1172 5809 1327 5867; x_wconf 83' lang='lat' dir='ltr'><strong>Joan.</strong></span> <span class='ocrx_word' id='word_1_810' title='bbox 1356 5827 1446 5865; x_wconf 69' lang='lat' dir='ltr'><strong>xu:</strong></span> <span class='ocrx_word' id='word_1_811' title='bbox 1469 5851 1483 5877; x_wconf 93' lang='lat'><strong>,</strong></span> <span class='ocrx_word' id='word_1_812' title='bbox 1519 5810 1570 5863; x_wconf 81' lang='lat' dir='ltr'><strong>ti.</strong></span> 
     </span>
    </p>
   </div>
   <div class='ocr_carea' id='block_1_103' title="bbox 1649 5805 2124 5872">
    <p class='ocr_par' dir='ltr' id='par_1_103' title="bbox 1649 5805 2124 5872">
     <span class='ocr_line' id='line_1_103' title="bbox 1649 5805 2124 5872; baseline -0.004 -11"><span class='ocrx_word' id='word_1_813' title='bbox 1649 5809 1692 5839; x_wconf 78' lang='grc' dir='ltr'><strong>ὀ</strong></span> <span class='ocrx_word' id='word_1_814' title='bbox 1717 5807 1735 5861; x_wconf 92' lang='grc' dir='ltr'><strong>ι</strong></span> <span class='ocrx_word' id='word_1_815' title='bbox 1761 5805 1914 5862; x_wconf 81' lang='lat' dir='ltr'><strong>Joan.</strong></span> <span class='ocrx_word' id='word_1_816' title='bbox 1949 5823 2011 5872; x_wconf 84' lang='grc' dir='ltr'><strong>ιι,</strong></span> <span class='ocrx_word' id='word_1_817' title='bbox 2041 5806 2124 5861; x_wconf 81' lang='lat' dir='ltr'><strong>l9.</strong></span> 
     </span>
    </p>
   </div>
   <div class='ocr_carea' id='block_1_104' title="bbox 2189 4621 3776 4701">
    <p class='ocr_par' dir='ltr' id='par_1_104' title="bbox 2189 4621 3776 4701">
     <span class='ocr_line' id='line_1_104' title="bbox 2189 4621 3776 4701; baseline -0.008 -16"><span class='ocrx_word' id='word_1_818' title='bbox 2189 4630 2469 4701; x_wconf 64' lang='lat' dir='ltr'><strong>Algyptii;</strong></span> <span class='ocrx_word' id='word_1_819' title='bbox 2498 4628 2590 4682; x_wconf 85' lang='lat' dir='ltr'><strong>illa</strong></span> <span class='ocrx_word' id='word_1_820' title='bbox 2619 4626 2798 4696; x_wconf 86' lang='lat' dir='ltr'><strong>qualis</strong></span> <span class='ocrx_word' id='word_1_821' title='bbox 2829 4623 3050 4680; x_wconf 88' lang='lat' dir='ltr'><strong>.Paulus</strong></span> <span class='ocrx_word' id='word_1_822' title='bbox 3076 4635 3134 4680; x_wconf 89' lang='lat' dir='ltr'><strong>et</strong></span> <span class='ocrx_word' id='word_1_823' title='bbox 3162 4623 3257 4694; x_wconf 87' lang='lat' dir='ltr'><strong>qui</strong></span> <span class='ocrx_word' id='word_1_824' title='bbox 3295 4621 3457 4676; x_wconf 82' lang='lat' dir='ltr'><strong>ﬁdem</strong></span> <span class='ocrx_word' id='word_1_825' title='bbox 3507 4632 3776 4689; x_wconf 68' lang='lat' dir='ltr'><strong>suscepe-</strong></span> 
     </span>
    </p>
   </div>
   <div class='ocr_carea' id='block_1_105' title="bbox 2189 4713 3771 4793">
    <p class='ocr_par' dir='ltr' id='par_1_105' title="bbox 2189 4713 3771 4793">
     <span class='ocr_line' id='line_1_105' title="bbox 2189 4713 3771 4793; baseline -0.009 -13"><span class='ocrx_word' id='word_1_826' title='bbox 2189 4735 2338 4781; x_wconf 81' lang='lat' dir='ltr'><strong>rum.</strong></span> <span class='ocrx_word' id='word_1_827' title='bbox 2391 4722 2496 4778; x_wconf 90' lang='lat' dir='ltr'><strong>Sed</strong></span> <span class='ocrx_word' id='word_1_828' title='bbox 2525 4723 2781 4792; x_wconf 86' lang='lat' dir='ltr'><strong>quisnam</strong></span> <span class='ocrx_word' id='word_1_829' title='bbox 2813 4729 2897 4774; x_wconf 88' lang='lat' dir='ltr'><strong>est</strong></span> <span class='ocrx_word' id='word_1_830' title='bbox 2927 4717 3144 4793; x_wconf 78' lang='lat' dir='ltr'><strong>Domini</strong></span> <span class='ocrx_word' id='word_1_831' title='bbox 3191 4717 3516 4779; x_wconf 88' lang='lat' dir='ltr'><strong>thesaurus,</strong></span> <span class='ocrx_word' id='word_1_832' title='bbox 3556 4713 3612 4767; x_wconf 86' lang='lat' dir='ltr'><strong>in</strong></span> <span class='ocrx_word' id='word_1_833' title='bbox 3657 4727 3771 4781; x_wconf 84' lang='lat' dir='ltr'><strong>quo</strong></span> 
     </span>
    </p>
   </div>
   <div class='ocr_carea' id='block_1_106' title="bbox 2187 4804 3768 4878">
    <p class='ocr_par' dir='ltr' id='par_1_106' title="bbox 2187 4804 3768 4878">
     <span class='ocr_line' id='line_1_106' title="bbox 2187 4804 3768 4878; baseline -0.009 -8"><span class='ocrx_word' id='word_1_834' title='bbox 2187 4831 2318 4872; x_wconf 82' lang='lat' dir='ltr'><strong>vasa</strong></span> <span class='ocrx_word' id='word_1_835' title='bbox 2346 4816 2440 4870; x_wconf 87' lang='lat' dir='ltr'><strong>ira</strong></span> <span class='ocrx_word' id='word_1_836' title='bbox 2473 4813 2640 4870; x_wconf 78' lang='lat' dir='ltr'><strong>sunt?</strong></span> <span class='ocrx_word' id='word_1_837' title='bbox 2662 4811 2896 4866; x_wconf 81' lang='lat' dir='ltr'><strong>fortasse</strong></span> <span class='ocrx_word' id='word_1_838' title='bbox 2920 4808 3163 4865; x_wconf 87' lang='lat' dir='ltr'><strong>Ecclesia</strong></span> <span class='ocrx_word' id='word_1_839' title='bbox 3194 4809 3249 4862; x_wconf 92' lang='lat' dir='ltr'><strong>in</strong></span> <span class='ocrx_word' id='word_1_840' title='bbox 3271 4822 3379 4878; x_wconf 90' lang='lat' dir='ltr'><strong>qua</strong></span> <span class='ocrx_word' id='word_1_841' title='bbox 3408 4821 3552 4873; x_wconf 85' lang='lat' dir='ltr'><strong>sape</strong></span> <span class='ocrx_word' id='word_1_842' title='bbox 3572 4804 3768 4873; x_wconf 85' lang='lat' dir='ltr'><strong>hujus-</strong></span> 
     </span>
    </p>
   </div>
   <div class='ocr_carea' id='block_1_107' title="bbox 2194 4892 3771 4970">
    <p class='ocr_par' dir='ltr' id='par_1_107' title="bbox 2194 4892 3771 4970">
     <span class='ocr_line' id='line_1_107' title="bbox 2194 4892 3771 4970; baseline -0.01 -9"><span class='ocrx_word' id='word_1_843' title='bbox 2194 4905 2340 4961; x_wconf 88' lang='lat' dir='ltr'><strong>modi</strong></span> <span class='ocrx_word' id='word_1_844' title='bbox 2377 4905 2566 4960; x_wconf 89' lang='lat' dir='ltr'><strong>latent.</strong></span> <span class='ocrx_word' id='word_1_845' title='bbox 2617 4901 2714 4958; x_wconf 88' lang='lat' dir='ltr'><strong>Est</strong></span> <span class='ocrx_word' id='word_1_846' title='bbox 2742 4916 2871 4956; x_wconf 93' lang='lat' dir='ltr'><strong>vero</strong></span> <span class='ocrx_word' id='word_1_847' title='bbox 2906 4909 3150 4970; x_wconf 86' lang='lat' dir='ltr'><strong>tempus,</strong></span> <span class='ocrx_word' id='word_1_848' title='bbox 3194 4913 3321 4954; x_wconf 88' lang='lat' dir='ltr'><strong>cum</strong></span> <span class='ocrx_word' id='word_1_849' title='bbox 3365 4896 3539 4966; x_wconf 84' lang='lat' dir='ltr'><strong>aperit</strong></span> <span class='ocrx_word' id='word_1_850' title='bbox 3581 4892 3771 4949; x_wconf 88' lang='lat' dir='ltr'><strong>Eccle-</strong></span> 
     </span>
    </p>
   </div>
   <div class='ocr_carea' id='block_1_108' title="bbox 2195 4983 3780 5062">
    <p class='ocr_par' dir='ltr' id='par_1_108' title="bbox 2195 4983 3780 5062">
     <span class='ocr_line' id='line_1_108' title="bbox 2195 4983 3780 5062; baseline -0.009 -11"><span class='ocrx_word' id='word_1_851' title='bbox 2195 4997 2373 5062; x_wconf 87' lang='lat' dir='ltr'><strong>siam;</strong></span> <span class='ocrx_word' id='word_1_852' title='bbox 2400 5010 2546 5049; x_wconf 90' lang='lat' dir='ltr'><strong>nunc</strong></span> <span class='ocrx_word' id='word_1_853' title='bbox 2561 4993 2708 5048; x_wconf 90' lang='lat' dir='ltr'><strong>enim</strong></span> <span class='ocrx_word' id='word_1_854' title='bbox 2738 4991 2927 5046; x_wconf 89' lang='lat' dir='ltr'><strong>clausa</strong></span> <span class='ocrx_word' id='word_1_855' title='bbox 2946 4997 3050 5055; x_wconf 89' lang='lat' dir='ltr'><strong>est,</strong></span> <span class='ocrx_word' id='word_1_856' title='bbox 3073 5001 3315 5057; x_wconf 84' lang='lat' dir='ltr'><strong>vasaque</strong></span> <span class='ocrx_word' id='word_1_857' title='bbox 3339 4987 3442 5042; x_wconf 85' lang='lat' dir='ltr'><strong>ira</strong></span> <span class='ocrx_word' id='word_1_858' title='bbox 3467 5000 3593 5040; x_wconf 88' lang='lat' dir='ltr'><strong>cum</strong></span> <span class='ocrx_word' id='word_1_859' title='bbox 3626 4983 3780 5037; x_wconf 67' lang='lat' dir='ltr'><strong>vasis.</strong></span> 
     </span>
    </p>
   </div>
   <div class='ocr_carea' id='block_1_109' title="bbox 2196 5081 3769 5154">
    <p class='ocr_par' dir='ltr' id='par_1_109' title="bbox 2196 5081 3769 5154">
     <span class='ocr_line' id='line_1_109' title="bbox 2196 5081 3769 5154; baseline -0.011 -11"><span class='ocrx_word' id='word_1_860' title='bbox 2196 5086 2589 5144; x_wconf 77' lang='lat' dir='ltr'><strong>misericordia</strong></span> <span class='ocrx_word' id='word_1_861' title='bbox 2637 5091 2959 5154; x_wconf 87' lang='lat' dir='ltr'><strong>pascuntur,</strong></span> <span class='ocrx_word' id='word_1_862' title='bbox 2992 5081 3264 5150; x_wconf 88' lang='lat' dir='ltr'><strong>paleaque</strong></span> <span class='ocrx_word' id='word_1_863' title='bbox 3295 5091 3402 5132; x_wconf 88' lang='lat' dir='ltr'><strong>una</strong></span> <span class='ocrx_word' id='word_1_864' title='bbox 3432 5091 3556 5132; x_wconf 87' lang='lat' dir='ltr'><strong>cum</strong></span> <span class='ocrx_word' id='word_1_865' title='bbox 3597 5089 3769 5145; x_wconf 72' lang='lat' dir='ltr'><strong>grano</strong></span> 
     </span>
    </p>
   </div>
   <div class='ocr_carea' id='block_1_110' title="bbox 2199 5167 3764 5244">
    <p class='ocr_par' dir='ltr' id='par_1_110' title="bbox 2199 5167 3764 5244">
     <span class='ocr_line' id='line_1_110' title="bbox 2199 5167 3764 5244; baseline -0.01 -9"><span class='ocrx_word' id='word_1_866' title='bbox 2199 5189 2330 5236; x_wconf 88' lang='lat' dir='ltr'><strong>sunt</strong></span> <span class='ocrx_word' id='word_1_867' title='bbox 2376 5187 2432 5234; x_wconf 90' lang='lat' dir='ltr'><strong>et</strong></span> <span class='ocrx_word' id='word_1_868' title='bbox 2471 5179 2526 5232; x_wconf 91' lang='lat' dir='ltr'><strong>in</strong></span> <span class='ocrx_word' id='word_1_869' title='bbox 2572 5192 2682 5232; x_wconf 88' lang='lat' dir='ltr'><strong>una</strong></span> <span class='ocrx_word' id='word_1_870' title='bbox 2727 5188 2930 5244; x_wconf 80' lang='lat' dir='ltr'><strong>sagena</strong></span> <span class='ocrx_word' id='word_1_871' title='bbox 2979 5171 3234 5241; x_wconf 84' lang='lat' dir='ltr'><strong>rejecticii</strong></span> <span class='ocrx_word' id='word_1_872' title='bbox 3265 5170 3530 5238; x_wconf 83' lang='lat' dir='ltr'><strong>electique</strong></span> <span class='ocrx_word' id='word_1_873' title='bbox 3567 5167 3764 5235; x_wconf 85' lang='lat' dir='ltr'><strong>pisces.</strong></span> 
     </span>
    </p>
   </div>
   <div class='ocr_carea' id='block_1_111' title="bbox 2202 5255 3786 5344">
    <p class='ocr_par' dir='ltr' id='par_1_111' title="bbox 2202 5255 3786 5344">
     <span class='ocr_line' id='line_1_111' title="bbox 2202 5255 3786 5344; baseline -0.013 -17"><span class='ocrx_word' id='word_1_874' title='bbox 2202 5273 2394 5344; x_wconf 85' lang='lat' dir='ltr'><strong>Aperit</strong></span> <span class='ocrx_word' id='word_1_875' title='bbox 2424 5287 2554 5327; x_wconf 85' lang='lat' dir='ltr'><strong>vero</strong></span> <span class='ocrx_word' id='word_1_876' title='bbox 2578 5269 2898 5324; x_wconf 86' lang='lat' dir='ltr'><strong>thesaurum</strong></span> <span class='ocrx_word' id='word_1_877' title='bbox 2927 5279 3088 5319; x_wconf 86' lang='lat' dir='ltr'><strong>suum</strong></span> <span class='ocrx_word' id='word_1_878' title='bbox 3127 5261 3392 5317; x_wconf 90' lang='lat' dir='ltr'><strong>Dominus</strong></span> <span class='ocrx_word' id='word_1_879' title='bbox 3421 5270 3661 5326; x_wconf 85' lang='lat' dir='ltr'><strong>tempore</strong></span> <span class='ocrx_word' id='word_1_880' title='bbox 3682 5255 3786 5323; x_wconf 71' lang='lat' dir='ltr'><strong>ju-.</strong></span> 
     </span>
    </p>
   </div>
   <div class='ocr_carea' id='block_1_112' title="bbox 2199 5347 3777 5434">
    <p class='ocr_par' dir='ltr' id='par_1_112' title="bbox 2199 5347 3777 5434">
     <span class='ocr_line' id='line_1_112' title="bbox 2199 5347 3777 5434; baseline -0.011 -15"><span class='ocrx_word' id='word_1_881' title='bbox 2199 5364 2351 5431; x_wconf 88' lang='lat' dir='ltr'><strong>dieii,</strong></span> <span class='ocrx_word' id='word_1_882' title='bbox 2381 5361 2623 5434; x_wconf 88' lang='lat' dir='ltr'><strong>quando,</strong></span> <span class='ocrx_word' id='word_1_883' title='bbox 2653 5360 2802 5414; x_wconf 88' lang='lat' dir='ltr'><strong>vasis</strong></span> <span class='ocrx_word' id='word_1_884' title='bbox 2829 5359 2924 5412; x_wconf 85' lang='lat' dir='ltr'><strong>ira</strong></span> <span class='ocrx_word' id='word_1_885' title='bbox 2957 5353 3236 5426; x_wconf 84' lang='lat' dir='ltr'><strong>projectis,</strong></span> <span class='ocrx_word' id='word_1_886' title='bbox 3267 5352 3360 5420; x_wconf 90' lang='lat' dir='ltr'><strong>qui</strong></span> <span class='ocrx_word' id='word_1_887' title='bbox 3385 5347 3777 5406; x_wconf 79' lang='lat' dir='ltr'><strong>misericordiae</strong></span> 
     </span>
    </p>
   </div>
   <div class='ocr_carea' id='block_1_113' title="bbox 2197 5437 3774 5521">
    <p class='ocr_par' dir='ltr' id='par_1_113' title="bbox 2197 5437 3774 5521">
     <span class='ocr_line' id='line_1_113' title="bbox 2197 5437 3774 5521; baseline -0.011 -13"><span class='ocrx_word' id='word_1_888' title='bbox 2197 5470 2295 5510; x_wconf 87' lang='lat' dir='ltr'><strong>vas</strong></span> <span class='ocrx_word' id='word_1_889' title='bbox 2321 5463 2438 5520; x_wconf 86' lang='lat' dir='ltr'><strong>est,</strong></span> <span class='ocrx_word' id='word_1_890' title='bbox 2483 5457 2850 5521; x_wconf 80' lang='lat' dir='ltr'><strong>congruenter</strong></span> <span class='ocrx_word' id='word_1_891' title='bbox 2877 5447 3131 5502; x_wconf 75' lang='lat' dir='ltr'><strong>dixerit&quot;</strong></span> <span class='ocrx_word' id='word_1_892' title='bbox 3159 5463 3171 5499; x_wconf 91' lang='lat'>:</span> <span class='ocrx_word' id='word_1_893' title='bbox 3203 5444 3462 5497; x_wconf 71' lang='lat' dir='ltr'><strong>Exierunt</strong></span> <span class='ocrx_word' id='word_1_894' title='bbox 3504 5458 3544 5494; x_wconf 80' lang='grc' dir='ltr'><strong>ιι·</strong></span> <span class='ocrx_word' id='word_1_895' title='bbox 3581 5437 3730 5493; x_wconf 75' lang='lat' dir='ltr'><strong>nobis</strong></span> <span class='ocrx_word' id='word_1_896' title='bbox 3753 5477 3774 5504; x_wconf 86' lang='lat'><strong>,</strong></span> 
     </span>
    </p>
   </div>
   <div class='ocr_carea' id='block_1_114' title="bbox 2201 5530 3774 5603">
    <p class='ocr_par' dir='ltr' id='par_1_114' title="bbox 2201 5530 3774 5603">
     <span class='ocr_line' id='line_1_114' title="bbox 2201 5530 3774 5603; baseline -0.011 -2"><span class='ocrx_word' id='word_1_897' title='bbox 2201 5565 2301 5601; x_wconf 79' lang='lat' dir='ltr'><strong>nou</strong></span> <span class='ocrx_word' id='word_1_898' title='bbox 2340 5547 2480 5600; x_wconf 82' lang='lat' dir='ltr'><strong>enim</strong></span> <span class='ocrx_word' id='word_1_899' title='bbox 2512 5553 2664 5596; x_wconf 81' lang='lat' dir='ltr'><strong>erant</strong></span> <span class='ocrx_word' id='word_1_900' title='bbox 2697 5557 2762 5596; x_wconf 75' lang='lat' dir='ltr'><strong>ea:</strong></span> <span class='ocrx_word' id='word_1_901' title='bbox 2799 5540 2966 5594; x_wconf 81' lang='lat' dir='ltr'><strong>nobis.</strong></span> <span class='ocrx_word' id='word_1_902' title='bbox 3004 5538 3107 5603; x_wconf 84' lang='lat' dir='ltr'><strong>Qui</strong></span> <span class='ocrx_word' id='word_1_903' title='bbox 3147 5551 3276 5588; x_wconf 87' lang='lat' dir='ltr'><strong>vero</strong></span> <span class='ocrx_word' id='word_1_904' title='bbox 3315 5543 3468 5589; x_wconf 81' lang='lat' dir='ltr'><strong>extra</strong></span> <span class='ocrx_word' id='word_1_905' title='bbox 3512 5530 3605 5585; x_wconf 88' lang='lat' dir='ltr'><strong>Dei</strong></span> <span class='ocrx_word' id='word_1_906' title='bbox 3656 5531 3774 5585; x_wconf 84' lang='lat' dir='ltr'><strong>the-</strong></span> 
     </span>
    </p>
   </div>
   <div class='ocr_carea' id='block_1_115' title="bbox 2205 5625 3773 5705">
    <p class='ocr_par' dir='ltr' id='par_1_115' title="bbox 2205 5625 3773 5705">
     <span class='ocr_line' id='line_1_115' title="bbox 2205 5625 3773 5705; baseline -0.014 -8"><span class='ocrx_word' id='word_1_907' title='bbox 2205 5654 2429 5698; x_wconf 84' lang='lat' dir='ltr'><strong>saurum</strong></span> <span class='ocrx_word' id='word_1_908' title='bbox 2466 5636 2824 5705; x_wconf 86' lang='lat' dir='ltr'><strong>delinquunt,</strong></span> <span class='ocrx_word' id='word_1_909' title='bbox 2870 5647 2998 5686; x_wconf 81' lang='lat' dir='ltr'><strong>vasa</strong></span> <span class='ocrx_word' id='word_1_910' title='bbox 3048 5633 3141 5686; x_wconf 73' lang='lat' dir='ltr'><strong>ira</strong></span> <span class='ocrx_word' id='word_1_911' title='bbox 3191 5639 3352 5691; x_wconf 82' lang='lat' dir='ltr'><strong>sunt,</strong></span> <span class='ocrx_word' id='word_1_912' title='bbox 3395 5627 3491 5683; x_wconf 85' lang='lat' dir='ltr'><strong>sed</strong></span> <span class='ocrx_word' id='word_1_913' title='bbox 3539 5625 3773 5680; x_wconf 82' lang='lat' dir='ltr'><strong>minora.</strong></span> 
     </span>
    </p>
   </div>
  </div>
