4140 6440
440 387 542 442 599
1270 428 1276 433 .
1839 377 1930 434 EX

1989 373 2292 431 ORIGENE

3585 363 3692 420 600

439 497 650 552 Etenim
686 498 825 554 servi
861 505 987 552 sunt
1028 497 1357 551 voluntatem
1389 495 1602 550 Domini
1631 494 1725 552 sui'
1756 494 2007 549 nescien-

2113 487 2192 544 Τὰ
2238 487 2296 541 δὲ
2337 485 2440 551 ἔξω
2471 485 2565 539 τοῦ
2604 483 2878 557 θησαυροῦ
2914 480 3298 554 ἁμαρτάνοντα
3325 478 3492 550 σκεύη
3523 479 3692 550 ὀργῆς

442 598 554 654 tes,
589 600 775 644 etnon
805 590 1064 644 facientes
1105 603 1247 643 eam.
1292 585 1432 644 Vasa
1477 584 1644 658 igitur
1689 587 2010 657 simpliciter

439 693 603 745 sunt,
635 681 729 737 sed
759 683 825 736 ad
859 681 1006 736 aliud
1040 690 1340 736 asservata.

507 863 599 916 27.
657 862 796 927 Quia
837 863 973 917 venit
1023 863 1133 917 dies
1180 863 1434 932 ipsorum.
1486 860 1750 926 Venient,
1798 861 2009 930 inquit,

437 954 634 1024 captivi
662 953 883 1023 quidam
907 951 1142 1019 Iudaeae,
1170 953 1400 1009 feliciter
1428 953 1816 1008 annuntiantes
1841 953 2008 1008 ultio-

440 1061 560 1099 nem
585 1054 773 1100 contra
800 1045 1148 1115 Babylonem.
1177 1044 1362 1100 Potest
1385 1044 1549 1100 etiam
1579 1046 1800 1116 intelligi
1831 1046 1898 1099 de
1925 1045 2009 1098 his

437 1136 528 1203 qui
570 1153 635 1190 ex
679 1135 983 1190 idololatria
1025 1145 1439 1202 convertuntur,
1483 1151 1647 1205 quam
1681 1136 2008 1205 Babylonem

438 1227 708 1294 appellat,
739 1227 829 1296 qui
881 1227 1159 1282 venientes
1192 1226 1244 1280 in
1293 1226 1423 1282 Sion
1464 1228 1770 1296 speculam,
1817 1242 2010 1296 nempe

438 1316 759 1381 Ecclesiam,
796 1318 1049 1372 nuntiant
1084 1318 1340 1373 ultionem
1376 1335 1405 1372 a
1438 1317 1669 1372 Domino
1700 1317 1829 1372 Deo.

505 1495 595 1549 ‘29.
637 1496 962 1550 Annuntiate
999 1498 1055 1550 in
1091 1496 1360 1566 Babylone
1398 1497 1602 1549 multis.
1639 1495 1696 1549 ln
1735 1495 2009 1566 Babylone

438 1586 594 1639 multi
625 1593 773 1649 sunt,
798 1585 1150 1657 Jerosolymis
1185 1587 1363 1656 pauci.
1401 1589 1608 1642 Dictum
1641 1597 1723 1641 est
1749 1589 1890 1642 enim
1915 1589 1957 1618 '”
1989 1604 2002 1640 :

441 1674 563 1728 Non
604 1686 815 1744 propter
851 1676 948 1730 hoc
994 1677 1181 1730 dilexit
1230 1694 1316 1730 vos
1357 1679 1521 1748 317
1575 1679 1826 1732 Dominus
1867 1679 2005 1733 Deus

437 1772 620 1829 tester,
645 1781 710 1818 ea:
736 1781 796 1818 eo
835 1765 972 1834 quod
1013 1766 1167 1818 multi
1207 1767 1354 1820 estis.
1407 1767 1506 1821 Vos
1538 1771 1675 1821 enim
1702 1786 1811 1838 pra:
1839 1771 2008 1822 omni-

436 1853 531 1906 bus
559 1856 865 1921 paucissimi
891 1856 1036 1912 estis.
1078 1853 1215 1909 Nam
1261 1857 1418 1926 pauci
1444 1873 1566 1912 vere
1615 1868 1742 1913 sunt
1770 1861 1861 1927 qui
1898 1860 1999 1914 sal-

435 1951 652 2009 vantur,
687 1945 890 2014 quique
937 1960 1030 2014 per
1076 1956 1362 2015 angustam
1413 1947 1554 2000 viam
1606 1949 2006 2017 ingrediuntur.

434 2030 666 2087 Jubetur
734 2041 916 2087 autem
983 2038 1362 2104 unusquisque
1423 2051 1610 2091 arcum
1683 2038 1902 2091 tendere
1955 2038 2006 2091 in

436 2124 600 2178 latam
651 2133 706 2179 et
754 2125 1050 2193 spatiosam
1097 2125 1460 2197 Babylonem,
1510 2136 1568 2181 ut
1615 2127 1669 2181 in
1721 2143 1784 2183 ea
1829 2127 2008 2183 nullus

433 2213 649 2268 evadat.

503 2304 592 2358 29.
637 2304 925 2359 Retribuite
945 2306 994 2360 ei
1021 2310 1305 2360 secundum
1337 2324 1494 2378 opera
1520 2307 1654 2376 ejus.
1687 2309 1827 2374 Quot
1851 2311 2006 2380 quis-

433 2411 540 2462 que
591 2395 754 2450 habet
798 2396 1159 2467 cogitationes
1199 2399 1384 2468 pietati
1415 2410 1801 2472 repugnantes.
1852 2401 2007 2458 Multi

432 2495 562 2542 sunt
600 2485 879 2558 Babylonii
909 2489 1000 2558 qui
1035 2497 1221 2558 utpote
1251 2499 1568 2560 peccatores
1598 2503 1754 2548 terrae
1779 2495 2006 2550 necandi

435 2586 595 2641 sunt,
630 2594 660 2633 a
691 2580 890 2648 quibus
921 2581 1014 2650 qui
1047 2581 1181 2635 liber
1209 2584 1478 2649 evaserit,
1524 2583 1730 2638 civitati
1784 2586 2007 2640 ascribi-

435 2678 522 2721 tur
559 2667 651 2723 Dei
683 2668 777 2737 qui
809 2668 1098 2740 Babylonis
1134 2671 1391 2740 injuriam
1427 2673 1728 2728 ulciscitur.
1778 2673 2010 2730 Putabat

432 2757 578 2810 enim
620 2771 680 2812 se
728 2759 966 2828 propriis
993 2760 1204 2814 viribus
1231 2762 1516 2818 victoriam
1567 2764 1910 2831 obtinuisse,
1955 2773 2011 2820 et

434 2851 696 2905 adversus
724 2849 894 2905 Deum
927 2852 1298 2921 superbiebat.
1329 2852 1628 2910 Combusto
1657 2863 1838 2908 autem
1873 2865 2010 2910 tem-

433 2941 548 3008 plo,
596 2955 751 2995 sacra
779 2956 908 2996 vasa
951 2944 1004 2996 in
1052 2943 1306 3012 pellicum
1348 2959 1506 2998 usum
1548 2960 1810 3001 conversa
1858 2955 2006 3002 sunt.

435 3031 778 3101 Quapropter
807 3031 1206 3089 infructuosam
1235 3044 1473 3106 gentem,
1497 3036 1576 3091 uti
1597 3037 1791 3091 silvam
1815 3053 2009 3107 quam-

434 3125 560 3176 dam
597 3123 717 3222 igne
741 3124 1082 3194 absumpsit,
1108 3127 1339 3196 ideoque
1368 3126 1444 3181 ait
1463 3128 1508 3160 '”'
1538 3145 1552 3181 :
1577 3126 1714 3182 Ecce
1735 3145 1828 3199 ego
1859 3131 1928 3184 ad
1961 3141 2007 3186 te
2033 3163 2076 3222 ο

435 3215 805 3271 contumeliose
827 3226 1063 3286 agentem
1081 3258 1097 3283 ,
1127 3218 1258 3272 dicit
1285 3218 1544 3274 Dominus
1571 3222 1919 3278 exercituum.

1085 3309 1236 3366 CAP.
1273 3307 1361 3364 ιι.

505 3396 560 3449 5.
603 3395 670 3450 Et
711 3398 871 3452 nolite
909 3413 1122 3466 parcere
1149 3401 1425 3468 juvenibus
1474 3406 1607 3470 ejus.
1643 3404 2005 3460 Consumma-

433 3488 638 3541 tionem
687 3499 905 3558 repente
937 3489 1175 3545 futuram
1224 3492 1488 3561 praedicit.
1545 3494 1700 3552 Sicut
1740 3496 1887 3551 enim
1921 3498 2005 3551 di-

437 3581 567 3634 Iuvii
594 3591 834 3652 tempore
859 3593 914 3639 et
955 3585 1008 3639 in
1047 3585 1241 3640 diebus
1269 3584 1370 3640 Lot
1398 3600 1590 3642 omnes
1633 3591 1848 3659 negotia
1882 3590 2006 3646 vitae

2115 581 2283 643 ἐστιν,
2317 577 2432 632 ἀλλ’
2461 577 2741 631 ἐλάττονα.
2771 576 2956 630 Δοῦλοι
2998 574 3107 645 γάρ
3147 576 3253 627 εἱσι
3297 573 3372 644 μὴ
3400 573 3600 636 εἰδότες
3632 574 3695 628 τδ

2114 671 2330 742 θέλημα
2361 670 2455 724 τοῦ
2485 672 2691 743 Κυρίου
2732 669 2934 734 αὐτῶν,
2964 669 3060 723 καὶ
3093 667 3166 738 μὴ
3215 665 3495 729 ποιοῦντες
3538 665 3690 720 αὑτό.

2115 763 2288 834 Σκεύη
2311 763 2486 816 τοίνυν
2511 761 2648 814 εἰσὶν
2677 759 2862 822 ἁπλῶς
2887 760 2965 822 εἰς
2998 755 3126 811 ἄλλο
3152 754 3484 826 τηρούμενα.

2183 855 2273 908 27.
2314 855 2435 907 Ὅτι
2457 853 2589 922 ἣκει
2612 855 2650 920 ἠ
2679 849 2869 920 ἡμέρα
2889 847 3105 902 αὐτῶν.
3127 849 3376 912 ’Ἠξουσι,
3407 847 3562 918 φησὶ,
3584 844 3694 900 τῶν

2113 944 2473 1019 αἰχμαλώτων
2492 943 2637 1006 τινές
2660 941 2761 1010 τῆς
2793 938 3070 1001 Ἰουδαίας,
3094 937 3565 1008 εὐαγγελιζόμενοι
3594 937 3693 1010 τὴν

2114 1039 2256 1092 κατὰ
2286 1035 2600 1096 Βαϐυλῶνος
2629 1030 2924 1101 ἐκδίκησιν.
2953 1028 3118 1096 Λέγοι
3149 1027 3193 1080 δ’
3216 1027 3281 1080 ἂν
3310 1028 3402 1079 καὶ
3429 1027 3556 1096 περὶ⁵
3582 1024 3691 1078 τῶν

2114 1131 2175 1195 ἐξ
2198 1126 2640 1197 είδωλολατρείας
2669 1119 3122 1192 ἐπιστρεφόντων,
3158 1118 3224 1189 ἢν
3257 1118 3414 1190 καλεῖ
3442 1117 3692 1170 Βαϐυλῶ-

2113 1239 2206 1276 ναο
2239 1221 2456 1281 οἵτινες,
2493 1215 2737 1276 ἐλθόντες
2765 1214 2845 1275 είς
2878 1209 3014 1262 Σιὼν
3057 1209 3118 1262 τὸ
3161 1210 3569 1280 σκοπευτήριον,
3592 1208 3688 1277 τήν

2125 1311 2472 1382 Ἐκκλησίαν,
2501 1311 2600 1379 τὴν
2637 1308 2788 1377 παρὰ
2816 1303 3022 1374 Κυρίου
3055 1299 3193 1354 Θεοῦ
3224 1301 3383 1374 ήμῶν
3415 1301 3687 1371 ἐκδίκησιν

2113 1403 2520 1472 ἀναγγέλλουσι.

2181 1493 2270 1548 9.9.
2315 1490 2753 1560 Παραγηείλατε
2800 1487 2900 1541 ἐπὶ
2946 1488 3271 1542 Βαϐυλῶνα
3313 1482 3587 1548 πολλοῖς.
3625 1480 3688 1533 Ol

2117 1585 2214 1654 μὲν
2243 1586 2301 1637 ἐν
2331 1581 2609 1635 Βαϐυλῶνι
2643 1579 2846 1639 πολλοὶ.
2882 1581 2929 1632 οἱ
2979 1580 3034 1633 δὲ
3076 1583 3133 1634 ἐν
3177 1575 3529 1649 Ἰερουσαλὴμ
3561 1573 3687 1625 ἐλά-

2113 1692 2314 1745 χιστοι·
2367 1673 2582 1744 εἴρηται
2622 1673 2766 1744 γάρ’
2815 1674 2898 1725 Οὐ
2946 1672 3107 1740 παρὰ
3159 1669 3333 1724 τοῦτο
3372 1668 3690 1735 ἠπίστησεν

2114 1765 2268 1834 ὑμᾶς
2300 1766 2514 1832 Κύριος
2538 1766 2570 1816 ό
2605 1763 2750 1829 Θεὸς
2778 1763 2950 1832 ἡμῶν
2975 1762 3133 1830 παρὰ
3167 1760 3233 1814 τὸ
3275 1756 3425 1812 εἶναι
3467 1757 3689 1808 πολλο-

2110 1857 2298 1922 στούς
2317 1873 2329 1885 ·
2367 1854 2536 1924 ὑμεῖς
2560 1853 2672 1922 γάρ
2694 1854 2836 1908 ἐστε
2869 1855 3169 1923 ὀλιγοστοὶ
3203 1849 3361 1919 παρὰ
3391 1846 3586 1900 πάντα
3617 1844 3691 1896 τὰ

2108 1947 2490 2014 ἓΟι-η.’ολίγοι
2533 1947 2642 2016 γὰρ
2673 1946 2840 2009 ὅντως
2885 1947 2934 2000 οἱ
2978 1945 3272 2014 σωζόμενοι
3321 1941 3412 1994 καὶ
3460 1938 3548 1991 διὰ
3593 1932 3692 2004 τῆς

2111 2040 2302 2108 στενῆς
2341 2038 2711 2108 είσερχόμενοι
2759 2035 2949 2107 θύρας.
2998 2033 3440 2106 Παραγγέλλεται
3486 2029 3543 2082 δέ
3586 2029 3692 2088 πᾶς

2110 2130 2202 2183 ἐπὶ
2252 2131 2351 2200 τήν
2395 2131 2655 2183 πλατεῖαν
2701 2129 2794 2183 καὶ
2837 2127 3148 2198 εὐρύχωρον
3197 2123 3492 2178 Βαϐυλῶνα
3539 2119 3692 2185 τόξον

2109 2221 2394 2285 ἐκτείνειν,
2427 2222 2522 2274 καὶ
2549 2219 2756 2291 μηδένα
2780 2219 2986 2289 ταύτης
3011 2214 3434 2288 περιποιεῖσθαι.

2180 2312 2266 2367 29.
2323 2311 2710 2366 Ἄνταπόδοτε
2758 2308 2914 2377 αὐτῇ
2969 2307 3118 2362 κατὰ
3167 2305 3240 2360 τὰ
3286 2305 3430 2373 ἔργα
3480 2298 3688 2367 αὐτῆς.

2112 2403 2307 2467 Ὂσους
2355 2420 2438 2466 τις
2485 2402 2596 2472 ἔχει
2641 2402 2936 2471 λογισμοὺς
2959 2398 3360 2467 ἀνθεστηκότας
3389 2390 3687 2459 θεοσεϐείᾳ.

2109 2495 2301 2548 Πολλοί
2327 2496 2432 2548 είσι
2463 2492 2820 2555 Βαϐυλώνιοι,
2848 2491 2943 2555 οὒς
2981 2489 3312 2561 ἀναιρετέον,
3337 2482 3694 2558 ἁμαρτωλοὺς

2107 2587 2264 2650 ὄντας
2295 2588 2393 2656 τῆς
2422 2589 2546 2656 γῆς,
2581 2584 2641 2648 ἐξ
2662 2576 2736 2638 ὧν
2769 2585 2797 2636 ό
2821 2580 3160 2650 καθαρεύσας
3192 2581 3248 2631 ἐν
3272 2580 3340 2648 τῇ
3371 2574 3523 2628 πόλει
3546 2571 3695 2641 γίνε-

2107 2694 2197 2730 ται
2246 2677 2338 2730 τοῦ
2379 2675 2512 2729 Θεοῦ
2560 2673 2656 2728 τοῦ
2699 2672 3042 2735 ἐκδικοῦντος
3088 2674 3186 2741 τῆς
3234 2665 3552 2726 Βαϐυλῶνος
3595 2661 3694 2732 τὴν

2110 2767 2266 2839 ὕϐριν
2287 2784 2300 2797 ο
2357 2765 2492 2836 ᾤετο
2535 2765 2644 2836 γὰρ
2679 2763 2856 2834 οἰκείᾳ
2895 2762 3122 2832 δυνάμει
3148 2757 3566 2830 κεκρατηκέναι,
3599 2753 3694 2808 καὶ

2111 2855 2568 2928 κατηλαζονεύετο
2590 2855 2684 2909 τοῦ
2709 2855 2866 2908 Θεοῦ.
2883 2852 3327 2924 Ἐμπρησθέντος
3346 2851 3402 2904 δὲ
3423 2848 3518 2902 τοῦ
3541 2845 3693 2912 ναοῦ,

2109 2950 2177 3004 τὰ
2212 2949 2379 3020 σκεύη
2411 2948 2479 3000 τὰ
2515 2947 2637 3020 ἱερὰ
2681 2950 2803 3010 ταῖς
2836 2945 3137 3008 παλλακαῖς
3166 2947 3246 3008 είς
3277 2946 3472 3014 χρῆσιν
3513 2939 3694 3010 ἐδόθη.

2109 3041 2311 3113 Διόπερ
2340 3041 2472 3112 πυρὶ
2498 3041 2560 3093 τὸ
2587 3040 2834 3111 ἄκαρπον
2861 3037 3012 3102 ἔθνος
3041 3036 3294 3108 καθάπερ
3324 3035 3386 3105 δή
3418 3051 3539 3086 τινα
3561 3033 3689 3102 δρυ-

2115 3133 2214 3205 μὸν
2257 3131 2629 3202 κατηνάλωσε.
2658 3131 2842 3201 Ταύτῃ
2889 3131 2973 3183 τοί
3016 3144 3210 3200 φησιν’
3261 3125 3408 3180 Ἰδοὺ
3446 3124 3561 3193 ἐγὼ
3594 3121 3693 3178 ἐπὶ

2109 3223 2184 3279 σὲ
2212 3223 2327 3292 τὴν
2353 3217 2721 3291 ὐϐρίάτριαν,
2743 3221 2910 3290 λέγει
2938 3220 3155 3287 Κύριος
3184 3216 3302 3271 τῶν
3324 3213 3654 3284 δυνάμεων.

2741 3313 2898 3366 ΚΕΦ.
2941 3310 3067 3365 NA'.

2175 3409 2226 3465 5.
2268 3406 2377 3463 Καὶ
2415 3406 2502 3476 μὴ
2548 3405 2833 3475 φείσεσθε
2863 3401 2961 3455 ἐπὶ
3007 3401 3151 3467 τοὺς
3179 3399 3545 3462 νεανίσκους
3585 3395 3689 3448 αὐ-

2106 3497 2236 3565 τῆς.
2276 3494 2616 3569 Προφητεύει
2662 3494 2762 3566 τὴν
2802 3492 3111 3546 συντέλειαν
3158 3489 3372 3561 ἀθρόως
3398 3484 3685 3556 γενηθησο-

2109 3590 2278 3660 μένην
2303 3605 2318 3620 ·
2349 3588 2540 3659 ὥσπερ
2565 3585 2676 3656 γὰρ
2692 3586 2750 3637 ἐν
2771 3586 2892 3648 ταῖς
2915 3583 3154 3656 ἡμέραις
3175 3581 3270 3635 τοῦ
3301 3572 3687 3645 κατακλυσμοῦ

437 3673 829 3743 transigebant,
858 3675 1031 3731 donec
1059 3676 1208 3730 venit
1232 3675 1518 3739 diluvium,
1543 3687 1597 3731 et
1634 3677 1796 3748 ignis,
1822 3690 1876 3735 et
1906 3680 2001 3736 de-

2109 3682 2199 3737 καὶ
2217 3683 2337 3742 ταῖς
2364 3678 2598 3750 ἡμέραις
2623 3675 2716 3730 τοῦ
2739 3675 2861 3729 Λὼτ
2887 3673 2956 3728 τὰ
2983 3674 3210 3745 βιωτικὰ
3232 3673 3432 3735 πάντες
3454 3668 3691 3730 ἐποίουν,

436 3761 562 3816 levit
607 3779 832 3832 omnes,
879 3766 961 3821 sic
1001 3767 1105 3821 erit
1149 3775 1203 3821 et
1263 3771 1666 3824 consummatio
1720 3772 2002 3840 repentina

2110 3773 2216 3836 ἕως
2241 3767 2404 3843 ἦλθεν
2436 3771 2464 3820 ὁ
2486 3767 2868 3838 κατακλυσμὸς
2897 3766 2990 3820 καὶ¹
3015 3766 3074 3819 τὸ
3098 3763 3231 3836 πῦρ,
3256 3763 3351 3817 καὶ
3367 3758 3499 3833 ἦρεν
3525 3759 3696 3812 ἃπαν-

434 3863 598 3923 atque
644 3855 974 3925 improvisa,
1003 3857 1162 3927 cuius
1205 3857 1372 3929 ﬁgura
1405 3859 1538 3924 fuit,
1591 3876 1713 3931 quat
1739 3878 1850 3918 uno
1880 3877 2000 3918 mo-

2109 3881 2201 3928 τας
2220 3881 2233 3893 ·
2273 3862 2446 3925 οὕτως
2477 3860 2630 3913 ἐσται
2668 3858 2731 3912 τὸ
2761 3858 2862 3930 τῆς
2886 3856 3193 3920 συντελείας
3217 3853 3484 3924 αἰφνίδιον
3505 3869 3518 3882 ⁸
3548 3844 3608 3904 οὗ
3626 3848 3693 3920 δὴ

439 3955 618 3999 ιιιριιιο
651 3948 889 4002 concidit
917 3948 1001 4002 vel
1030 3949 1146 4003 solo
1183 3950 1432 4005 tubarum
1459 3953 1715 4022 clangore
1759 3952 2000 4010 Jericho.

2109 3953 2375 4026 σύμϐολον
2403 3948 2471 4023 ἦν
2501 3953 2535 4022 ἡ
2564 3950 2776 4022 ἀθρόως
2803 3951 3042 4003 πεσοῦσα
3072 3950 3223 4018 φωνῇ
3253 3947 3345 3999 καὶ
3393 3943 3528 4014 μόνῃ
3563 3940 3691 3994 σαλ-

438 4035 502 4088 Et
552 4045 794 4108 tempore
838 4038 1133 4095 Dominicae
1181 4043 1451 4110 passionis
1496 4053 1720 4113 repente
1767 4046 2007 4101 concidit

2109 4047 2320 4115 πίγγων
2357 4041 2586 4115 Ἱεριχώ.
2622 4040 2733 4094 Καὶ
2769 4039 2921 4111 παρὰ
2959 4039 3048 4094 τὸν
3087 4038 3277 4108 καιρὸν
3304 4035 3361 4088 δὲ
3397 4033 3490 4088 τοῦ
3521 4049 3693 4100 σωτη-

437 4127 674 4196 Babylon
693 4169 707 4194 ,
731 4129 1027 4199 abrogante
1049 4131 1266 4187 Christo
1295 4133 1548 4202 dogmata
1577 4134 1856 4204 gentilium
1883 4134 2006 4190 ido-

439 4220 638 4286 lorum,
668 4229 721 4276 et
746 4220 1010 4277 Iiberantc
1037 4237 1135 4279 eos
1161 4223 1254 4294 qui
1280 4238 1311 4280 e
1335 4225 1589 4296 gentibus
1635 4226 2002 4283 crediderunt.

508 4403 562 4455 7.
604 4403 761 4458 Catia:
802 4420 993 4458 aureus
1041 4404 1298 4475 Babylon.
1350 4407 1565 4463 Aureus
1599 4417 1685 4464 est
1717 4407 2008 4466 Nabucho-

2107 4139 2225 4210 ρίου
2257 4137 2482 4202 πάθους,
2511 4135 2664 4204 ἄφνω
2690 4133 2852 4186 ἔπεσε
2877 4129 3155 4193 Βαϐυλὼν,
3187 4125 3422 4198 Χριστοῦ
3462 4123 3530 4176 τὰ
3563 4122 3690 4189 περὶ

2103 4228 2214 4282 τῶν
2258 4225 2486 4281 ἐθνικῶν
2529 4225 2761 4279 εἰδώλων
2800 4223 3248 4294 καταργήσαντος
3284 4218 3550 4286 δόγματα,
3585 4213 3691 4266 -καὶ

2107 4325 2234 4388 τοὺς
2263 4323 2371 4376 ἀπὸ
2395 4321 2503 4375 τῶν
2531 4319 2700 4375 ἐθνῶν
2731 4316 3038 4389 ῥυσαμένου
3071 4313 3485 4372 πιστεύσαντας.

2182 4416 2233 4470 7.
2275 4413 2565 4483 Ποτήριον
2590 4411 2866 4482 χρυσοῦν
2889 4412 2924 4478 ἠ
2952 4407 3256 4462 Βαϐυλών.
3299 4400 3548 4476 Χρυσοῦν
3572 4401 3688 4451 ἐστι

434 4494 723 4550 (Ιοιιοεοι·ἰε
773 4495 912 4548 calix
946 4495 1014 4549 ad
1042 4495 1306 4551 fallendos
1333 4497 1604 4563 homines,
1634 4507 1694 4553 ut
1736 4501 2007 4570 accipien-

2109 4507 2204 4562 τοῦ
2236 4505 2704 4576 Ναϐουχοδονόσορ
2733 4502 2794 4556 τὸ
2831 4501 3087 4572 ποτήριον
3114 4500 3193 4562 είς
3226 4497 3440 4566 ἀπάτην
3479 4489 3690 4561 ἀνθρώ-

435 4591 516 4640 tcs
543 4586 772 4654 bibant,
801 4587 929 4641 dum
949 4589 1147 4653 _vident
1179 4604 1371 4643 aurum
1393 4629 1407 4654 ,
1441 4599 1496 4645 et
1524 4591 1639 4646 visu
1685 4593 2006 4662 pulchrum,

433 4686 488 4732 et
514 4678 749 4748 cogitatu
781 4680 1124 4756 speciosum,
1159 4681 1253 4735 sed
1274 4681 1417 4751 quod
1454 4683 1507 4736 in
1526 4699 1592 4738 eo
1609 4684 1879 4754 judicium
1903 4694 2007 4752 est,

433 4787 543 4826 non
589 4772 1049 4828 animadvertunt.
1098 4771 1350 4842 lmproba
1395 4776 1539 4830 enim
1587 4775 1708 4847 ejus
1753 4778 2009 4849 dogmata

431 4879 627 4918 vocum
652 4864 919 4934 elegantia
941 4874 1133 4920 ornata
1165 4873 1312 4929 sunt,
1331 4865 1653 4936 decipientia
1679 4868 2008 4924 elocutionis

432 4963 717 5011 venustate
759 4964 813 5010 et
863 4955 1120 5011 methodo
1171 4955 1486 5012 artiﬁciosa.
1543 4955 1678 5011 Nam
1726 4967 1780 5014 et
1825 4959 2006 5015 omnis

432 5053 588 5114 poeta
617 5047 887 5100 excellens
915 5047 1140 5102 calicem
1176 5061 1403 5102 aureum
1433 5047 1771 5116 comparavit
1789 5088 1803 5114 ,
1837 5063 2004 5104 vene-

433 5153 562 5190 num
603 5137 917 5192 immiscens
945 5138 1284 5203 idololatriae,
1331 5138 1648 5207 turpiloquii
1674 5148 1728 5192 et
1757 5139 2003 5193 omnium

430 5229 628 5283 anima:
662 5229 954 5283 malorum.
997 5229 1067 5283 At
1096 5228 1256 5284 Jesus
1282 5223 1456 5284 noluit
1478 5230 1700 5285 calicem
1736 5246 1960 5284 aureum
1986 5270 2002 5296 ,

429 5334 499 5373 ne
536 5320 611 5374 illi
645 5321 842 5376 similis
869 5334 992 5374 esse
1038 5319 1334 5374 videretur.
1384 5320 1728 5390 Quapmpter
1752 5321 2000 5375 habemus

431 5411 736 5466 thesaurum
764 5413 902 5466 hunc
927 5429 982 5466 tn
1014 5413 1149 5467 vasis
1181 5412 1433 5481 ﬁctilibus
1456 5413 1525 5478 ⁷³,
1549 5413 1644 5468 sed
1669 5413 1862 5469 salutis
1882 5427 2004 5482 qua:

433 5501 486 5554 in
520 5518 584 5556 eo
617 5514 720 5558 est.
753 5504 1026 5558 Catterum
1061 5503 1204 5557 calix
1235 5521 1427 5560 aureus
1471 5503 1744 5574 Babylon.
1774 5519 1897 5560 cum
1935 5505 2002 5558 ad

433 5593 694 5647 ultionem
720 5594 956 5662 venerit,
993 5595 1047 5649 in
1083 5611 1242 5650 manu
1273 5595 1486 5651 Domini
1513 5605 1597 5652 est
1615 5596 1683 5662 "",
1720 5612 1842 5665 quae
1872 5597 2000 5651 olim

2112 4614 2250 4664 πων,
2279 4598 2368 4652 ἵνα
2403 4596 2686 4666 δεξάμενοι
2723 4593 2940 4657 πίωσιν,
2985 4590 3219 4662 ὁρῶντες
3255 4589 3318 4647 τὸ
3361 4585 3580 4656 χρυσὸν,
3609 4583 3690 4635 ὅτι

2109 4689 2273 4743 καλὸν
2301 4689 2412 4750 τοῖς
2443 4684 2740 4756 ὀφθαλμοῖς
2780 4684 2904 4738 ἰδεῖν
2945 4681 3040 4738 καὶ
3077 4681 3276 4752 ὡραῖον
3301 4676 3392 4730 τοῦ
3427 4673 3692 4741 κατανοῆ-

2110 4797 2235 4836 σαι·
2271 4778 2332 4832 τὸ
2375 4777 2433 4831 δὲ
2479 4780 2655 4850 κρῖμα
2687 4776 2748 4829 τὸ
2796 4777 2855 4828 ἐν
2884 4773 3058 4842 τούτῳ
3103 4771 3179 4842 μὴ
3219 4767 3574 4838 λογιζόμενοι.
3611 4763 3692 4816 Τὰ

2113 4869 2364 4943 μοχθηρὰ
2386 4869 2495 4942 γὰρ
2517 4866 2682 4922 αὐτοῦ
2715 4866 2960 4937 δόγματα
2989 4859 3299 4930 καλλιλεξίᾳ
3326 4859 3687 4927 κεκόσμηται,

2110 4962 2192 5034 τῷ
2217 4961 2318 5032 τῆς
2342 4961 2594 5032 φράσεως
2616 4957 2934 5023 δελεάζοντα
2967 4954 3152 5011 κάλλει
3179 4954 3274 5006 καὶ
3297 4954 3362 5023 τῇ
3394 4949 3600 5020 μεθόδῳ
3622 4949 3688 5016 τῇ

2112 5055 2357 5126 τεχνικῇ.
2403 5052 2516 5106 Καὶ
2538 5053 2645 5114 πᾶς
2669 5051 2728 5103 δὲ
2756 5047 2983 5120 ποιητὴς
3008 5047 3175 5117 ἄκρος
3206 5039 3342 5097 εἶναι
3374 5041 3565 5103 δοκῶν,
3593 5055 3694 5091 πο-

2067 5158 2070 5160 '
2109 5145 2299 5215 τήριον
2325 5141 2561 5214 χρυσοῦν
2582 5142 2973 5204 κατεσκεύασε,
2997 5139 3317 5210 δηλητήριον
3342 5133 3593 5205 ἐμϐαλὼν
3615 5134 3692 5185 εί-

2110 5233 2524 5304 δωλολατρείας,
2555 5232 2935 5303 αἰσχρολογίας
2956 5231 3049 5285 καὶ
3090 5230 3198 5284 τῶν
3229 5228 3474 5300 ψυχικῶν
3513 5226 3690 5281 ἁπάν-

2106 5341 2216 5379 των
2249 5323 2454 5378 κακῶν.
2471 5323 2530 5376 '0
2558 5322 2615 5376 δὲ
2658 5320 2863 5393 Ἰησοῦς
2887 5322 2948 5376 ού
2982 5319 3186 5392 χρυσοῦ
3233 5319 3492 5390 ποτηρίου
3529 5333 3692 5388 προε-

2107 5417 2362 5487 νοήσατο,
2389 5417 2597 5486 μήποτε
2615 5414 2709 5469 καὶ
2735 5413 2860 5484 δόξῃ
2883 5414 3077 5484 ἐκείνῳ
3098 5413 3280 5482 ὅμοιον
3303 5407 3441 5463 εῖναι
3458 5426 3471 5438 ·
3499 5409 3690 5480 διόπερ

2109 5506 2328 5576 ἔχομεν
2390 5505 2499 5558 τὸν
2556 5503 2864 5573 θησαυρὸν
2921 5504 3137 5558 τοῦτον
3189 5503 3259 5556 ἐν
3312 5492 3686 5568 ὀστρακίνοις

2110 5599 2418 5662 σκεύεσιν,
2443 5595 2582 5650 ἀλλὰ
2625 5597 2724 5669 τῆς
2755 5597 2813 5650 ἐν
2839 5596 2990 5667 αύτῷ
3031 5594 3322 5666 σωτηρίας.
3358 5592 3427 5646 Τὸ
3455 5591 3512 5644 δὲ
3543 5607 3657 5660 χρυ

504 5778 546 5813 τ’
582 5777 743 5833 Deut.
784 5796 879 5848 vn,
911 5782 961 5834 7.
1041 5785 1084 5814 ⁷³
1117 5783 1314 5841 Jerem.
1344 5801 1394 5852 L,
1426 5786 1514 5841 3i.
1591 5787 1637 5818 ⁷³
1669 5785 1708 5839 ll
1735 5786 1856 5843 Cor.
1889 5804 1962 5854 tv,
1991 5788 2045 5842 7.
2121 5789 2164 5820 7‘
2190 5785 2391 5843 Jerem.
2425 5803 2502 5854 ιι,
2537 5786 2587 5842 7.
