4140 6444
393 441 490 497 60!

1608 433 1914 489 SEIJ‘ICTA
1950 431 2018 489 IN
2055 431 2428 491 JEREMIAM.

3544 439 3652 493 602

394 557 554 613 σοῦν
580 551 867 621 ποτήριον
901 550 940 618 ἠ
966 548 1273 612 Βαϐυλὼν,
1294 548 1423 602 ὅταν
1459 549 1553 601 ἐπὶ
1578 547 1677 619 τὴν
1706 548 1976 619 ἐκδίκησιν

2082 548 2259 618 tetigit
2288 547 2392 603 Job
2411 587 2426 612 ,
2457 547 2724 601 inebrians
2753 547 3051 601 universam
3081 557 3277 604 terram
3292 551 3339 585 ⁷⁸
3367 551 3443 606 ira
3462 591 3477 617 ,
3515 569 3652 608 nuc-

399 643 549 718 ῐλθῃ,
576 644 648 698 ἐν
676 640 829 711 χειρὶ
861 639 1080 706 Κυρίου
1101 637 1329 706 γίνεται,
1355 640 1421 708 τῇ
1457 637 1706 708 ἁψαμένῃ
1730 638 1859 691 ποτὲ
1882 636 1976 689 τοῦ

409 736 552 799 Ἰὼϐ,
578 734 884 804 μεθύσκον
902 728 1108 783 πᾶσαν
1129 728 1245 796 τὴν
1270 726 1386 797 γῆν
1414 728 1521 781 ἀπὸ
1540 728 1731 799 ὀργῆς,
1755 727 1862 781 ἀπὸ
1884 726 1978 779 λύ-

403 843 532 899 πης,
572 822 811 894 ὶρώτων,
843 820 1178 885 κενοδοξίας·
1202 821 1305 874 ὅσα
1325 818 1436 890 γὰρ
1467 820 1859 891 ἁμαρτήματα,
1888 834 1978 869 το-
2012 864 2015 867 .

403 917 600 972 σαῦται
627 915 722 969 καὶ
746 912 924 984 μέθαι,
954 911 1207 983 καθάπερ
1239 911 1299 977 ἐξ
1332 911 1479 967 οἴνου
1522 911 1738 965 πάντων
1769 909 1980 962 σαλευο-

405 1003 603 1071 μένων,
629 1001 724 1056 καὶ
761 1000 975 1071 βέϐαιον
1000 999 1151 1053 οὐδὲν
1175 999 1500 1069 ὲχόντων.“0
1537 998 1595 1052 δὲ
1634 999 1841 1061 δίκαιος
1877 999 1979 1052 οὐκ

403 1095 515 1148 ἔστι
543 1094 615 1164 γῆ
634 1109 649 1125 ·
677 1091 753 1146 ὢν
783 1092 893 1163 γὰρ
926 1091 1018 1144 ἐπὶ
1044 1091 1166 1161 γῆς,
1196 1091 1311 1162 ἔχει
1359 1092 1419 1144 ὲν
1458 1092 1706 1162 οὐρανοῖς
1739 1091 1801 1143 τὸ
1832 1090 1979 1144 πολί-

397 1199 596 1255 τευμα,
623 1183 718 1238 καὶ
764 1183 866 1236 οὐκ
913 1180 979 1235 ἂν
1027 1180 1282 1234 ἀκούσειε
1304 1197 1318 1211 ·
1354 1179 1446 1249 Γῆ
1490 1178 1565 1245 εἴ,
1595 1181 1695 1235 καὶ
1735 1183 1823 1247 εὶς
1861 1178 1979 1249 γῆν

399 1275 732 1341 arterm),
762 1272 876 1327 ἀλλ’
899 1273 964 1325 ὲκ
981 1270 1090 1324 τῶν
1119 1271 1344 1325 εἰκότων
1364 1288 1377 1302 ·
1411 1272 1653 1344 Οὐρανὸς
1680 1267 1750 1336 εἴ,
1781 1271 1876 1325 καὶ
1900 1272 1979 1335 είς

399 1365 663 1436 οὐρανοὺς
693 1364 968 1437 ἀπελεύσῃ
986 1381 999 1394 ⁸
1033 1368 1219 1437 φορεῖς
1239 1365 1347 1435 γὰρ
1366 1364 1466 1436 τὴν
1493 1364 1676 1419 εἰκόνα
1697 1362 1790 1417 τοῦ
1817 1364 1981 1416 ἐπου-

403 1458 611 1529 ρανίου,
646 1457 744 1511 καὶ
770 1457 966 1526 πάγιος
999 1456 1255 1528 ἕστηκας.

473 1548 525 1602 9.
581 1548 988 1618 Ἰατρεύσαμεν
1007 1548 1356 1611 Βαϐυλῶνα,
1388 1547 1489 1602 καὶ
1516 1549 1629 1602 οὐκ
1657 1546 1810 1615 ιάθη.
1829 1547 1894 1600 Ἦ
1921 1545 1978 1599 δὲ

400 1639 656 1694 Βαϐυλὼν
680 1641 782 1695 οὐκ
803 1641 1172 1709 ἀπέγνωσταιο
1208 1640 1267 1693 ού
1296 1639 1406 1710 γὰρ
1429 1639 1496 1693 ἂν
1521 1639 1726 1708 ἔλεγεν,
1755 1639 1830 1694 ΕΖ
1852 1655 1978 1705 πως

400 1730 728 1797 ἰαθήσεται.
769 1732 938 1785 Ποίαν
961 1730 1137 1802 ψυχὴν
1176 1731 1368 1801 ἑτέραν
1410 1731 1874 1801 ἁπογνωσόμεθα;
1916 1733 1978 1785 El

396 1824 455 1878 δὲ
490 1824 564 1894 μὴ
598 1824 888 1887 σέσωσται,
933 1822 1090 1875 τοῦτο
1123 1822 1314 1890 γέγονε
1357 1823 1488 1893 παρ’
1519 1824 1656 1894 αὐτῇ
1680 1840 1693 1854 ·
1729 1823 1806 1886 ὡς
1851 1825 1979 1887 τοὺς

2078 655 2225 703 rore,
2261 641 2561 706 amoribus,
2590 638 2738 693 inani
2766 639 2961 709 gloria.
3007 638 3151 705 Quot
3176 643 3323 696 enim
3363 651 3494 698 sunt
3527 659 3653 712 pec-

2078 737 2199 784 cata
2219 767 2235 789 ,
2268 728 2491 783 totidem
2546 736 2673 782 sunt
2705 727 3031 792 ebrietates,
3063 737 3319 798 tanquam
3350 731 3477 784 vino
3502 747 3655 785 com-

2080 819 2246 873 motis
2268 820 2546 885 omnibus,
2577 818 2821 887 nihilque
2851 817 3044 872 stabile
3089 818 3436 874 habentibus.
3461 817 3651 876 Justus

2078 924 2212 964 vero
2242 918 2387 964 terra
2417 926 2524 964 non
2549 919 2653 965 est.
2685 909 2823 964 Cum
2851 910 2996 965 enim
3026 910 3083 963 in
3118 918 3262 964 terra
3291 910 3380 977 sit,
3404 911 3566 965 habet
3594 913 3648 966 in

2081 1003 2236 1058 caelis
2261 1001 2751 1066 conversationem,
2774 1002 2940 1072 318
2959 1010 3012 1056 et
3042 1015 3151 1056 non
3184 1002 3462 1056 audiet":
3490 1001 3652 1058 Terra

2078 1110 2155 1158 es,
2180 1102 2231 1145 et
2256 1094 2310 1145 in
2333 1102 2531 1145 terram
2562 1096 2852 1159 reverteris,
2883 1093 2975 1149 sed
3008 1094 3426 1160 convenienter;
3450 1094 3650 1149 caelum

2078 1193 2159 1243 es,
2193 1186 2250 1232 et
2281 1178 2333 1231 in
2366 1179 2563 1234 coelum
2594 1181 2915 1248 reverteris,
2945 1180 3054 1237 fers
3077 1181 3223 1237 enim
3246 1181 3483 1237 ctnlestis
3508 1181 3649 1238 ima-

2084 1269 2288 1340 ginem,
2321 1268 2569 1341 ﬁxusque
2595 1279 2731 1327 stas.

2152 1540 2208 1594 9.
2251 1539 2564 1596 Curavimus
2599 1542 2952 1614 Babylonem,
2986 1556 3036 1600 et
3066 1562 3168 1600 non
3204 1556 3281 1600 est
3307 1555 3516 1601 sanata.
3546 1544 3650 1601 Ba-

2080 1631 2245 1702 bylon
2288 1648 2393 1687 non
2426 1642 2509 1689 est
2540 1634 2843 1704 desperata.
2893 1633 3080 1706 Neque
3116 1636 3261 1691 enim
3310 1637 3647 1692 dixisset":

2083 1720 2144 1775 Si
2166 1723 2304 1791 forte
2333 1736 2566 1778 sanetur.
2587 1724 2761 1791 Quam
2787 1727 2949 1780 aliam
2975 1727 3211 1781 animam
3242 1744 3342 1797 pro
3363 1729 3649 1797 desperata

2084 1811 2443 1869 habebimus?
2477 1814 2630 1882 Quod
2658 1816 2703 1870 si
2734 1833 2842 1871 non
2875 1817 3023 1872 salva
3054 1828 3157 1884 est,
3200 1833 3297 1887 per
3328 1818 3502 1887 ipsam
3534 1828 3649 1873 ste-

400 1889 656 1984 ἁρίστους
698 1914 917 1983 ἰατροὺς
949 1889 1331 1981 ἀπολογεῖσθαι
1371 1889 1467 1968 καλ
1495 1889 1700 1983 λέγειν’
1739 1916 1976 1985 ’Ῐατρεύ-

2081 1904 2181 1969 tit-;
2233 1904 2303 1958 ita
2340 1916 2396 1959 ut
2426 1907 2616 1975 optimi
2665 1909 2870 1978 quique
2901 1908 3094 1963 medici
3130 1909 3527 1978 respondeant,
3567 1910 3651 1964 di-

399 2018 596 2071 σαμεν
621 2001 734 2069 τὴν
756 2000 1104 2069 Βαϐυλῶνα,
1125 2002 1223 2056 καί
1247 2004 1360 2057 οὐκ
1391 2002 1524 2072 ἰάθη
1539 2021 1552 2035 ο
1578 2005 1980 2074 ἐγκαταλίπω-

395 2110 515 2162 μεν
545 2093 757 2159 αὐτήν.
792 2094 868 2147 Οὐ
904 2094 1036 2166 παρ’
1065 2095 1259 2160 αὐτοὺς
1287 2095 1396 2168 γὰρ
1440 2097 1561 2150 οὐδὲ
1589 2097 1740 2168 παρὰ
1770 2098 1868 2169 τὴν
1897 2099 1979 2152 ία-

401 2184 614 2256 τρικὴν,
640 2184 760 2238 οὐδὲ
804 2185 956 2257 παρὰ
994 2186 1093 2256 τὴν
1142 2186 1366 2257 ῥητίνην
1390 2187 1453 2240 τὸ
1482 2187 1557 2259 μὴ
1584 2187 1788 2260 ταύτην
1817 2188 1979 2262 θερα-

402 2276 681 2331 πεύεσθαι.
701 2277 895 2347 ’ἰατροὶ
916 2277 976 2330 δὲ
1004 2276 1244 2345 ἄγγελοι,
1270 2277 1376 2331 ὑπὸ
1400 2279 1492 2332 τὸν
1515 2279 1688 2350 μέγαν
1715 2280 1869 2345 ὄντες
1898 2281 1979 2334 ία-

398 2364 526 2436 τρὸν
552 2365 646 2418 τὸν
669 2366 822 2429 Θεὸν,
856 2367 953 2420 καὶ
978 2366 1310 2438 θεραπεῦσαι
1340 2371 1468 2433 τοὺς
1490 2370 1843 2443 πειθομένους
1868 2372 1979 2427 ἑθέ-

398 2457 610 2521 λοντεςι
642 2460 690 2511 εί
723 2458 783 2511 δὲ
812 2458 908 2530 μὴ,
942 2458 1186 2530 ὲροῠσιψ
1224 2462 1740 2533 Ἑγκαταλιπωμεν
1758 2464 1974 2535 αὐτὴν,

397 2546 749 2618 ἁπέέιθωμεν
775 2550 1030 2617 ἕκαστος
1052 2555 1139 2619 εις
1158 2552 1273 2621 τὴν
1295 2552 1415 2622 γῆν
1439 2555 1647 2621 αὑτοῦ,
1670 2558 1765 2610 καὶ
1790 2557 1883 2610 τὸν
1908 2561 1980 2611 ol-

396 2642 544 2694 κεὶον
572 2640 738 2695 τόπον
771 2642 866 2695 καὶ
891 2642 993 2712 τὴν
1016 2642 1222 2697 οἰκείαν
1256 2642 1477 2714 πρᾶξιν,
1501 2643 1584 2697 ὅτι
1625 2643 1850 2715 ήγγικεν
1897 2647 1979 2711 εἰς

396 2732 490 2787 τὸν
513 2732 740 2803 οὐρανὸν
780 2732 841 2785 τὸ
880 2735 1052 2806 κρῖμα
1094 2734 1286 2804 αὐτῆς,
1318 2735 1773 2799 καταδικάσαντες
1810 2736 1977 2809 αὐτὴν

397 2822 474 2886 ὼς
505 2822 741 2887 ἀνίατον,
763 2823 860 2876 καὶ
884 2824 1216 2895 πεισομένην
1244 2825 1314 2879 τὰ
1333 2828 1433 2897 τῇς
1455 2824 1835 2896 ἀπογνώσεως.
1869 2828 1978 2882 Kal.

398 2914 447 2964 οἱ
476 2912 584 2966 τῶν
617 2913 885 2983 σωμάτων
907 2914 1014 2986 γὰρ
1041 2916 1215 2987 ἰατροὶ
1237 2919 1364 2981 τοὺς
1390 2918 1642 2982 ἀνιάτους
1664 2919 1978 2988 ἐγκαταλεί-

401 3018 582 3067 πουσι,
619 3004 819 3073 μήπως
859 3006 916 3057 ὲν
957 3008 1078 3069 ταῖς
1112 3006 1289 3060 αὐτῶν
1315 3008 1471 3079 χερσὶ
1496 3008 1918 3081 τελευτήσωσιν·
1948 3010 1977 3063 6

398 3091 457 3145 δὲ
486 3092 729 3147 ποιοῦσιν
757 3094 1143 3163 ἄγγελοι.“οσα
1186 3097 1243 3151 δὲ
1268 3098 1671 3170 ἁμαρτάνομεν,
1712 3099 1773 3152 τὸ
1801 3102 1975 3171 κρῖμα

576 3182 744 3287 αὔξει
761 3186 856 3287 καὶ
879 3183 1083 3257 ἐξαίρει
1120 3187 1226 3252 ἓως
1251 3189 1358 3243 τῶν
1385 3191 1621 3262 ἄστρων,
1654 3189 1763 3244 τῶν
1803 3192 1973 3261 ἁγίων
1999 3230 2041 3287 C

395 3274 596 3347 δηλαδή
614 3292 627 3306 ⁸
660 3276 756 3329 καὶ
778 3276 899 3329 tota
928 3280 957 3330 6
982 3277 1114 3342 Θεὸς
1155 3279 1376 3354 ἐκφέρει
1407 3282 1469 3334 τὸ
1492 3285 1667 3353 κρῖμα
1695 3283 1860 3337 αὐτοῦ
1894 3287 1973 3349 είς

394 3366 726 3421 ταπείνωσιν
754 3366 848 3419 τοῦ
878 3366 1179 3436 ὑψωθέντος
1221 3371 1485 3441 κρίματος
1525 3374 1632 3427 ἀπὸ
1662 3376 1762 3445 τῆς
1794 3377 1975 3447 ἁμαρ-

394 3455 545 3522 τίας,
565 3457 836 3512 ταπεινῶν
860 3458 961 3531 τὴν
984 3459 1279 3532 ἁμαρτίαν,
1306 3463 1400 3517 καὶ
1416 3462 1486 3517 τὰ
1505 3464 1642 3537 πρὸς
1661 3464 1818 3533 ἀξίαν
1842 3468 1977 3522 ἀπο-

394 3549 593 3614 διδούς.

468 3642 556 3697 10.
598 3644 795 3712 Δεῦτε,
821 3645 922 3700 καί
965 3646 1412 3718 arar-reuoluer-
1453 3649 1525 3704 ἐν
1571 3651 1740 3705 Σιών.
1784 3652 1896 3705 Καὶ
1947 3654 1976 3706 6

413 3733 638 3798 Ἡσαΐας
668 3733 956 3790 ἐθέσπισεν
973 3752 989 3767 ο
1030 3738 1148 3790 Ἐπ’
1182 3738 1358 3805 ὅρους
1384 3739 1631 3795 πεδινοῦ
1657 3740 1836 3809 ἄρατε
1860 3757 1974 3808 ση-

389 3823 582 3893 μεῖον,
607 3825 893 3894 ὑψώσατε
920 3826 1035 3894 τὴν
1072 3826 1281 3896 φωνὴν
1309 3830 1513 3897 αὐτοῖς
1530 3847 1544 3861 ·
1577 3833 1975 3901 παρακαλεῖτε

396 3912 471 3982 τῇ
502 3916 670 3984 χειρί.
698 3915 882 3969 Ταῦτα
905 3915 963 3969 δὲ
992 3916 1231 3988 Πέρσαις
1261 3918 1355 3972 καὶ
1383 3919 1587 3990 Μήδοις
1620 3923 1669 3973 oi
1698 3923 1973 3994 προφῆται

396 4009 845 4078 παρεκελεύοντο,
877 4008 955 4072 ὡς
993 4011 1332 4082 κρατήσασιν
1373 4012 1471 4084 ήδη
1518 4012 1853 4079 Βαϐυλῶνος,
1879 4018 1973 4070 ἐπὶ

392 4098 506 4152 τῶν
535 4100 705 4171 αὐτῆς
748 4101 944 4171 τειχῶν
983 4100 1332 4173 ἁλωσομένης
1361 4103 1662 4158 ἀνατείνειν
1690 4105 1786 4159 τοῦ
1816 4107 1975 4161 πολέ-

402 4206 504 4259 μου
529 4189 590 4243 τὸ
620 4189 881 4261 σύνθεμα,
912 4191 980 4245 δι’
1010 4187 1071 4246 οὖ
1097 4191 1316 4262 δηλοῦσι
1342 4195 1455 4257 τοῖς
1489 4195 1846 4267 στρατιώταις
1875 4198 1973 4269 τήν

398 4280 608 4349 ἔφοδον.
644 4283 754 4336 Καὶ
778 4282 849 4337 τὰ
879 4283 1020 4338 ὅπλα
1041 4283 1184 4355 ἔχειν
1214 4286 1274 4338 ὲν
1299 4286 1500 4358 ἑτοίμῳ
1522 4289 1968 4359 παρακελεύεται·

392 4373 462 4427 τὰ
492 4373 621 4442 τόξα
650 4377 764 4439 τοῖς
789 4375 995 4448 Μήδοις
1026 4377 1210 4447 φησιν.

461 4467 547 4520 17.
603 4467 934 4538 Ἐμιυράνθη
989 4470 1110 4537 πᾶς
1158 4471 1467 4541 ἄνθρωπος
1504 4474 1622 4528 ἀπὸ
1669 4474 1965 4545 γνώσεως.

2078 2002 2313 2065 eantque
2339 2014 2352 2050 :
2380 1994 2696 2052 Curavimus
2728 1998 3050 2070 Babylonem
3068 2040 3083 2063 ,
3107 2008 3157 2052 et
3199 2016 3302 2053 non
3330 2010 3406 2053 est
3434 2010 3647 2064 sanata,

2077 2085 2499 2154 derelinquamus
2537 2102 2675 2140 eam.
2706 2084 2816 2141 Nec
2862 2086 3007 2141 enim
3052 2084 3261 2140 defectu
3297 2101 3528 2150 eorum,
3556 2095 3652 2140 aut

2078 2174 2383 2239 medicinae,
2413 2185 2509 2231 aut
2538 2177 2732 2231 resina:
2756 2186 2945 2232 curata
2982 2191 3091 2230 non
3118 2184 3222 2231 est.
3252 2175 3424 2230 Porro
3451 2177 3648 2231 medici

2078 2278 2206 2322 sunt
2237 2269 2412 2338 angeli
2445 2268 2550 2325 sub
2583 2286 2781 2341 magno
2808 2270 3020 2325 medico
3048 2270 3180 2338 Deo,
3202 2271 3295 2341 qui
3318 2286 3513 2326 curate
3546 2272 3650 2325 oh»

2077 2371 2369 2431 sequentes
2402 2364 2612 2419 volunt.
2665 2362 2764 2418 Sin
2807 2364 3021 2430 minus,
3065 2363 3307 2419 dicent"
3341 2379 3356 2416 :
3412 2361 3651 2417 Derelin-

2076 2469 2300 2522 quamus
2329 2469 2477 2518 eam,
2517 2470 2700 2508 eamus
2736 2456 3089 2525 unusquisque
3129 2456 3184 2508 in
3227 2463 3423 2508 terram
3463 2471 3648 2520 suam,

2078 2560 2349 2621 suumque
2383 2546 2593 2612 locum,
2617 2554 2673 2599 et
2699 2560 2858 2600 suum
2884 2561 3022 2615 opus
3048 2586 3064 2610 ,
3091 2548 3341 2616 quoniam
3367 2546 3651 2615 appropin-

2076 2638 2257 2707 quavit
2300 2637 2369 2689 ad
2394 2636 2582 2690 cretum
2604 2634 2871 2706 judicium
2899 2635 3014 2706 ejus
3035 2637 3103 2705 ⁷⁸,
3136 2637 3489 2708 reprobantcs
3527 2652 3649 2692 eam

2078 2736 2139 2782 ut
2184 2728 2539 2783 incurabilem
2570 2736 2625 2782 et
2647 2742 2954 2798 passuram,
2982 2743 3104 2798 qua:
3136 2729 3247 2800 pati
3275 2730 3431 2783 decet
3456 2727 3651 2798 despe-

2077 2825 2247 2871 ratos.
2291 2815 2427 2871 Nam
2454 2826 2509 2871 et
2536 2832 2825 2886 corporum
2856 2818 3049 2873 medici
3074 2818 3337 2873 deserunt
3371 2817 3653 2871 incurabi-

2077 2911 2178 2975 les,
2207 2924 2275 2964 ne
2297 2909 2351 2963 in
2383 2911 2637 2965 manibus
2671 2924 2862 2965 eorum
2902 2910 3236 2975 moriantur,
3264 2911 3406 2980 quod
3441 2908 3649 2963 faciunt

2076 3002 2271 3073 angeli.
2306 3001 2479 3057 Porro
2500 3001 2716 3071 quoties
2748 3016 3060 3072 peccamus,
3087 3002 3359 3071 judicium
3393 3011 3647 3059 nostrum

2075 3093 2274 3147 crescit
2300 3100 2355 3147 et
2396 3092 2463 3146 ad
2507 3092 2687 3147 sidera
2714 3091 2942 3155 tollitur,
2980 3092 3032 3146 id
3061 3100 3178 3160 est,
3204 3107 3378 3163 usque
3416 3095 3484 3149 ad
3522 3111 3649 3150 san-

2076 3192 2215 3249 ctos,
2259 3191 2314 3238 et
2340 3192 2472 3238 tunc
2502 3182 2646 3239 Deus
2678 3183 2886 3255 profert
2927 3184 3195 3254 judicium
3244 3201 3405 3242 suum
3451 3188 3519 3242 ad
3552 3186 3649 3241 dc-

2078 3274 2424 3347 primendum
2452 3274 2720 3344 judicium
2750 3290 2782 3329 a
2810 3286 3034 3345 peccato
3059 3277 3434 3343 sublevatum,
3468 3277 3650 3332 humi-

2076 3368 2218 3424 lians
2251 3376 2537 3439 peccatum
2573 3377 2625 3423 et
2658 3369 2928 3441 condigna
2957 3370 3291 3426 retribuens.

2147 3646 2237 3702 10.
2294 3644 2500 3713 Venite,
2529 3654 2578 3701 et
2608 3646 2981 3700 annuntiemus
3012 3648 3066 3699 in
3105 3645 3257 3701 Sion.
3312 3644 3482 3701 Isaias
3509 3660 3645 3715 quo-

2075 3755 2182 3810 que
2212 3739 2542 3794 vaticinatus
2584 3748 2666 3793 est
2691 3738 2739 3771 ⁸ο
2768 3755 2783 3793 :
2813 3737 2983 3807 Super
3015 3749 3189 3791 monte
3238 3737 3519 3805 campestri
3553 3752 3647 3792 ea:-

2076 3831 2249 3885 tollite
2286 3831 2517 3901 signum,
2550 3829 2743 3885 clerate
2770 3844 2942 3883 vocem
2974 3827 3102 3895 illis,
3130 3828 3417 3881 hortamini
3460 3843 3642 3882 manu.

2077 3923 2150 3976 Ita
2205 3936 2369 3990 porro
2413 3920 2611 3977 Persas
2655 3921 2948 3990 Medosque
2979 3919 3343 3974 hortabantur
3372 3918 3648 3988 prophetae

2069 4015 2182 4085 jam
2217 4030 2396 4069 rerum
2424 4013 2874 4085 Babylonicarutn
2905 4013 3135 4082 potitos,
3166 4020 3225 4065 ut
3254 4027 3416 4081 super
3456 4027 3645 4066 muros

2072 4106 2223 4161 illius
2249 4108 2624 4177 expugnanda:
2654 4105 2777 4160 belli
2809 4105 3025 4174 signum
3074 4102 3375 4172 erigerent,
3399 4118 3510 4172 quo
3541 4103 3643 4155 ιιιί-

2074 4197 2259 4251 litibus
2290 4198 2692 4267 aggressionem
2722 4195 3043 4250 indicarent.
3076 4194 3143 4249 Et
3166 4196 3221 4248 in
3260 4203 3511 4264 promptu
3547 4194 3640 4248 hac

2073 4289 2200 4342 bere.
2231 4304 2381 4343 arma
2406 4289 2584 4358 jubet,
2609 4303 2769 4345 arcus
2799 4287 3048 4343 videlicet
3074 4286 3374 4342 Medorum.

2145 4470 2231 4525 i7.
2273 4469 2484 4525 Stultus
2523 4471 2695 4541 factus
2740 4481 2818 4527 est
2861 4472 3029 4525 omnis
3080 4472 3234 4526 homo
3276 4470 3334 4524 in
3392 4472 3636 4527 scientia.

388 4558 704 4629 Συμφώνως
734 4558 790 4613 δὲ
822 4560 921 4631 τῷ,
957 4562 1287 4633 Ἐμωράνθη
1336 4564 1457 4632 πᾶς
1497 4565 1807 4635 ἅνθρωπος
1848 4569 1968 4625 ἀπὸ

2075 4563 2260 4619 Simile
2285 4562 2411 4616 huic
2440 4580 2454 4615 :
2488 4560 2694 4616 Stultus
2724 4562 2899 4631 factus
2920 4574 2995 4617 est
3032 4563 3202 4616 omnis
3233 4563 3386 4617 hoino
3416 4581 3449 4617 a
3477 4565 3644 4619 scien-

387 4648 683 4719 Wswc,
716 4652 745 4704 6
771 4650 985 4717 Παῦλός
1013 4670 1177 4726 φησιν
1201 4672 1217 4686 ’
1251 4657 1395 4726 Οὐχὶ
1427 4657 1731 4727 ἐμώρανεν
1766 4663 1800 4714 ό
1829 4661 1973 4728 Θεὸς

385 4739 503 4808 τὴν
530 4743 757 4811 σοφίαν
786 4743 895 4799 τοῦ
935 4746 1169 4815 κόσμου
1199 4747 1454 4812 τούτου;
1497 4749 1705 4820 Καιρὸς
1741 4749 1800 4802 δὲ
1853 4752 1972 4805 ἐπι-

387 4831 631 4901 σκέψεως
658 4831 896 4903 μάλιστα
920 4834 955 4905 ἡ
990 4834 1093 4903 τῆς
1112 4835 1553 4910 εἰδωλολατρείας
1580 4839 1687 4891 ἀπὸ
1710 4839 1812 4910 τῆς
1834 4842 1971 4912 Χρι-

384 4918 514 4972 στοῦ
548 4921 850 4992 παρουσίας
871 4922 1209 4995 καθαίρεσις.
1240 4926 1415 4998 Σκεύη
1460 4927 1519 4980 δὲ
1558 4927 1795 4999 πολέμου
1824 4930 1969 5002 ᾇπερ

380 5011 411 5062 6
439 5009 776 5076 Βαϐυλώνιος
802 5012 1178 5087 διεσκόρπισεν
1206 5016 1255 5069 οί
1292 5016 1390 5071 τοῦ
1424 5018 1637 5089 Ἰσραὴλ
1664 5019 1761 5072 καὶ
1792 5019 1963 5073 Ἰούδα

379 5101 635 5173 πολέμων
682 5103 934 5175 ἔμπειροι
977 5104 1190 5178 ἄνδρες,
1220 5107 1338 5163 ἀνθ’
1357 5102 1434 5163 ὧν
1473 5110 1688 5165 ἀπειλεῖ
1734 5111 1963 5183 μηδενὸς

380 5196 651 5251 ποιεῖσθαι
678 5196 864 5269 φειδώ.

450 5286 541 5342 21.
582 5290 694 5344 Καὶ
724 5290 1093 5361 διασκορπιῶ
1118 5292 1219 5347 ἐπὶ
1248 5292 1370 5351 σοι.
1418 5313 1473 5348 κ.
1530 5310 1581 5349 τ.
1634 5296 1680 5348 έ.
1734 5295 1962 5352 ’Δναϐάο

372 5394 470 5432 ται
523 5381 705 5436 ἵππων
750 5385 801 5438 οι
845 5382 1118 5456 δαίμονες,
1162 5386 1214 5439 oi
1258 5388 1380 5450 ταῖς
1425 5389 1716 5459 ωρκικαῖς
1746 5387 1960 5459 ήδοναῖς

371 5472 789 5546 ἑπικαθήμενοι.
824 5474 931 5529 Kal.
961 5475 1130 5531 πάλαι
1164 5463 1264 5549 μὲν
1308 5477 1412 5549 τῆς
1448 5478 1723 5547 Αἰγύπτου
1769 5480 1960 5534 ἵππον

372 5563 475 5617 καὶ
514 5564 820 5634 ἀναϐάτην
858 5567 1107 5637 septum
1151 5569 1238 5635 εις
1282 5568 1604 5624 θάλασσαν
1623 5586 1639 5602 ·
1685 5564 1832 5627 οὗτοι
1874 5572 1953 5638 δὲ,

2072 4657 2170 4710 tia.
2202 4652 2406 4708 Paulus
2438 4654 2598 4708 habet
2616 4654 2661 4685 ⁸¹
2692 4671 2707 4708 :
2737 4653 2929 4709 Nonne
2955 4654 3174 4708 stultam
3208 4656 3333 4723 fecit
3365 4654 3502 4710 Deus
3549 4674 3641 4710 sa-

2067 4748 2321 4818 pientium
2344 4745 2499 4814 hujus
2530 4746 2756 4801 mundi?
2781 4744 3019 4815 Tempus
3044 4746 3371 4801 visitationis
3411 4746 3632 4800 destru~

2066 4839 2174 4891 ctio
2221 4846 2307 4891 est
2349 4836 2668 4891 idololatriae
2709 4845 2832 4907 post
2880 4836 3085 4891 Christi
3132 4838 3461 4902 adventum;
3504 4852 3637 4891 vasa

2064 4928 2190 4984 belli
2232 4943 2355 4994 quae
2397 4927 2726 5000 Babylonius
2771 4929 3066 5000 dispersit,
3099 4937 3229 4983 sunt
3263 4928 3365 4982 viri
3409 4926 3547 4983 Juda
3581 4938 3638 4983 et

2065 5020 2283 5076 israelis
2318 5021 2627 5088 bellatores,
2651 5037 2753 5094 pro
2779 5021 2979 5093 quibus
3005 5021 3247 5076 minatur
3270 5035 3331 5078 se
3366 5020 3420 5077 in
3445 5035 3637 5076 omnes

2063 5113 2591 5170 animadversurum.
2609 5149 2616 5156 -

2134 5288 2226 5344 21.
2267 5286 2339 5342 Et
2383 5288 2684 5360 dispergam
2731 5290 2788 5344 in
2821 5298 2899 5357 te,
2934 5297 3041 5347 etc.
3089 5289 3425 5346 Ascensores
3464 5305 3637 5361 equo.

2061 5396 2218 5444 rum,
2246 5382 2524 5437 daemones
2566 5390 2723 5446 sunt,
2755 5383 2850 5452 qui
2882 5382 3063 5437 carnis
3086 5382 3458 5451 voluptatibus
3499 5382 3637 5436 insi—

2061 5474 2210 5531 dent.
2248 5473 2314 5529 Et
2340 5474 2469 5528 olim
2501 5474 2721 5544 quidem
2756 5473 2975 5545 Ευριὶ
3007 5488 3195 5543 equum
3222 5483 3272 5526 et
3307 5488 3635 5527 ascensorem

2060 5567 2282 5637 profecit
2310 5568 2365 5621 in
2387 5582 2531 5621 mare
2545 5567 2626 5634 ⁸¹;
2674 5566 2729 5620 hi
2756 5568 2889 5620 vero
2910 5567 3094 5621 varios
3121 5566 3348 5621 aﬂ'ectus
3385 5566 3440 5620 in
3471 5566 3636 5622 nobis

371 5654 701 5725 ζευγνύντες
744 5657 804 5711 ἐν
848 5660 982 5730 ἡμῖν
1028 5659 1261 5732 διάφορα
1304 5660 1486 5732 πάθη,
1534 5663 1655 5726 ταῖς
1701 5662 1956 5735 τέτρασιν

2074 5662 2347 5733 iungentes
2395 5668 2632 5731 quatuor
2672 5660 2967 5717 virtutibus
3010 5661 3292 5730 oppositos
3335 5660 3637 5717 moliuntur

448 5771 495 5805 "
528 5769 728 5826 .lcrem.
757 5787 832 5829 ιι.
855 5772 909 5827 7.

374 5839 470 5897 20.
546 5840 593 5874 ⁸’
623 5840 792 5897 Exod.
827 5858 917 5908 xv,
957 5843 1008 5899 1.

1039 5773 1302 5833 "Cenes.
1334 5791 1416 5844 ιιι,
1448 5777 1531 5832 I9.
1609 5776 1655 5809 ⁷⁷
1682 5774 1881 5833 lcrctn.
1906 5793 1976 5832 ιιη

2147 5778 2193 5809 ⁷⁸
2224 5777 2353 5833 ibid.
2383 5776 2436 5832 9.
2513 5774 2717 5832 "ibid.
2793 5777 2840 5811 ⁸⁸
2869 5774 2971 5834 lsa.
3014 5792 3136 5847 xm,
3164 5777 3220 5835 2.
3296 5778 3340 5812 "
3379 5779 3399 5835 l
3433 5778 3563 5836 Cor.
3593 5797 3633 5849 t,
