4140 6436
546 394 653 450 003

1958 389 2052 446 EX
2089 389 2393 446 ORIGENE

3698 397 3804 450 606

542 523 763 564 currus.
785 505 850 560 Et
871 505 1164 562 iracundus
1180 503 1398 574 quidem
1419 513 1474 560 et
1489 503 1676 559 valens
1702 502 1767 558 ad
1786 503 2012 570 malum,
2033 513 2112 557 est

2219 505 2441 574 ἀρεταῖς
2497 505 2848 575 ἀντικείμενα
2896 503 3395 568 κατασκευάζουσιν
3423 504 3666 576 ἅρματα.
3694 511 3807 565 Καὶ

543 601 659 663 vir;
728 597 822 665 qui
865 613 992 652 vero
1039 597 1409 666 voluptatibus
1463 595 1680 651 deditus
1727 605 1845 660 est,
1891 595 2118 657 mulier;

541 691 707 761 319
731 699 783 742 et
823 705 985 743 senex
1029 689 1273 757 quidem,
1321 689 1654 742 inveteratus
1689 687 1899 741 dierum
1945 687 2119 739 malo-

544 799 664 836 rum
687 801 700 846 ;
725 783 954 851 juvenes
978 791 1184 841 autem,
1211 781 1276 834 de
1307 781 1507 851 quibus
1527 780 1695 834 Isaias
1727 780 1859 835 dicit
1880 780 1926 811 ⁸³
1951 799 1964 835 :
1991 779 2120 832 Esu-

543 876 678 927 rient
701 874 965 942 juniores,
997 881 1045 925 et
1077 871 1449 942 fatigabantur
1473 873 1710 940 juvenes,
1737 873 1988 943 eiectique
2010 875 2122 928 sine

526 966 739 1018 uiribus
765 974 939 1017 erunt.
979 964 1044 1018 Et
1077 977 1268 1018 contra
1291 963 1336 996 ⁸⁸
1365 983 1377 1018 :
1413 963 1519 1029 Qui
1544 967 1805 1018 sustinent
1839 964 2120 1018 Dominum

539 1055 934 1109 commutabant
960 1056 1346 1125 fortitudinem,
1377 1055 1586 1125 plumas
1605 1059 1852 1126 abjicient
1882 1065 1939 1110 ut
1968 1057 2122 1126 aqui-

540 1147 629 1205 lae.
676 1157 909 1211 current,
960 1156 1010 1201 et
1069 1163 1172 1200 non
1219 1148 1606 1219 fatigabantur.
1645 1148 1856 1203 Eiectos
1887 1163 2034 1202 nunc
2065 1148 2118 1201 in

541 1241 687 1294 maio
711 1241 810 1301 ait,
843 1240 1151 1309 cujusmodi
1177 1242 1306 1296 illud
1337 1251 1420 1297 est.
1443 1242 1489 1273 ⁸⁸
1519 1261 1531 1296 :
1563 1241 1628 1294 Et
1655 1242 1758 1295 cibi
1781 1241 1926 1294 illius
1945 1240 2115 1294 electi.

540 1337 609 1384 At
643 1333 737 1402 qui
765 1341 894 1387 sunt
938 1349 1038 1404 pro
1081 1335 1280 1389 virtute
1310 1334 1487 1400 electi,
1523 1350 1552 1388 a
1584 1333 2121 1389 Nabuchodonosoxe

541 1424 938 1492 deglutiuntur.
991 1424 1192 1480 Habuit
1225 1442 1443 1498 quoque
1473 1427 1731 1496 virgines,
1770 1427 1869 1480 has
1898 1427 2116 1496 quidem

543 1513 809 1579 Vestales,
846 1517 965 1572 illas
985 1533 1114 1572 vero
1153 1517 1396 1590 Pythias,
1431 1518 1568 1574 alias
1598 1519 1718 1574 aliis
1748 1517 1941 1572 modis.
1975 1517 2116 1583 Quin

541 1616 594 1659 et
623 1607 804 1661 anima
825 1623 944 1676 quae
970 1608 1209 1662 divinum
1235 1624 1343 1662 non
1369 1609 1609 1679 suscepit
1631 1624 1839 1672 semen,
1868 1608 1943 1661 illi
1968 1607 2119 1677 virgo

539 1706 643 1751 est.
674 1696 846 1752 liabet
877 1707 930 1752 et
963 1709 1230 1769 pastores,
1260 1712 1313 1755 et
1340 1701 1591 1755 doctores
1624 1699 1717 1770 qui
1747 1714 2010 1769 sequaces
2035 1699 2117 1752 iu-

540 1799 792 1857 struuut;
838 1791 930 1846 sed
964 1800 1016 1845 et
1053 1792 1321 1863 agricolas
1350 1793 1558 1846 zizania
1590 1791 2034 1855 disseminantes,
2065 1801 2118 1845 et

540 1883 766 1936 culturae
803 1882 1080 1950 spinarum
1121 1883 1556 1954 tribulorumque
1595 1883 1873 1938 studentes
1900 1925 1914 1948 ,
1955 1883 2006 1936 id
2035 1892 2117 1937 est

540 1984 880 2029 terrenarum
917 1975 971 2028 in
1008 1975 1324 2031 hominibus
1353 1991 1633 2031 curarum.
1673 1975 1843 2030 Habet
1868 1983 1923 2029 et
1950 1975 2117 2030 (luces

540 2058 594 2111 iu
625 2061 849 2125 malitia,
880 2070 932 2114 et
957 2061 1251 2130 principes,
1273 2071 1328 2116 et
1346 2063 1618 2133 praecipue
1644 2064 1766 2119 illos
1788 2064 2114 2133 quibuscum

540 2147 689 2201 nubis
738 2161 814 2202 est
857 2148 1163 2202 colluctatio
1211 2149 1460 2204 adversus
1507 2151 1836 2220 principatus
1882 2161 1931 2204 et
1971 2161 2117 2220 pote-

537 2250 703 2293 states
726 2240 791 2294 ⁸⁸.
825 2239 920 2295 llis
951 2242 1133 2311 itaque
1158 2243 1416 2298 omnibus
1444 2241 1588 2298 Deus
1621 2243 1871 2297 retribuit
1903 2243 1955 2296 iu
1987 2257 2116 2296 con-

540 2338 727 2396 spectu
760 2346 973 2392 eorum,
1014 2330 1107 2399 qui
1143 2331 1307 2400 paulo
1340 2341 1462 2385 autc
1500 2331 1785 2388 dixerant:
1834 2330 2035 2400 Venite,
2064 2342 2113 2386 et

538 2422 816 2476 adoremus
849 2423 902 2476 in
931 2422 1058 2478 Sion
1096 2425 1365 2496 ntagnalia
1396 2424 1512 2480 Dei.

604 2666 696 2722 2'5.
739 2666 874 2721 Ecce
901 2684 998 2738 ego
1023 2668 1098 2722 ad
1138 2677 1186 2722 te
1231 2678 1458 2724 utentem
1499 2679 1825 2739 corruptum.
1874 2667 2110 2723 Montem

536 2769 696 2813 vocat
742 2759 1070 2831 Bai-ﬁrmem
1125 2773 1342 2830 propter
1389 2763 1538 2832 regni
1591 2761 1965 2824 altitudinem;
2017 2761 2111 2829 qui

536 2848 756 2915 quidem
784 2865 941 2904 mons
961 2865 1028 2904 ex
1062 2850 1332 2905 idolorum
1365 2851 1513 2905 cultu
1542 2850 1870 2920 injustisque
1893 2861 2114 2906 consta-

538 2939 629 2992 bat
651 2941 930 3010 operibus,
955 2942 1156 3012 quibus
1177 2952 1439 3013 corrupta
1465 2943 1581 3014 ipsa
1601 2951 1827 3001 caeteros
1855 2959 2115 3015 corrupe-

537 3041 641 3087 rat.
667 3031 798 3086 Erat
832 3032 995 3088 etiam
1026 3033 1080 3087 in
1110 3034 1329 3090 sublimi
1363 3034 1486 3091 loco
1518 3035 1628 3090 sita
1659 3034 1855 3091 civitas
1892 3045 2113 3106 propter

535 3123 760 3178 ﬂuvium
789 3123 862 3178 illi
886 3124 1148 3189 vicinum.
1171 3141 1236 3182 ex
1262 3141 1377 3195 quo
1394 3125 1724 3196 quibusdam
1757 3127 2014 3198 gradibus
2042 3130 2108 3184 ad

536 3218 724 3272 urbem
769 3216 1166 3272 ascendehawr
1202 3217 1262 3273 in
1297 3217 1442 3274 duas
1465 3226 1652 3285 partes
1685 3219 1939 3283 divisam,
1962 3229 2018 3276 et
2043 3237 2109 3276 ex

536 3319 767 3378 utraque
796 3309 914 3376 ripa
942 3307 1154 3363 ilu'rni
1185 3309 1555 3379 adiacentem;
1606 3319 1659 3366 et
1686 3322 1946 3380 praeterea
1975 3313 2111 3367 civi-

536 3401 664 3455 tatis
705 3401 905 3455 mmnia
950 3400 1218 3456 altissima
1245 3410 1422 3456 erant.
1455 3401 1675 3456 Manum
1702 3418 1832 3458 vero
1865 3404 1974 3458 vim
2013 3421 2112 3475 pu-

537 3493 717 3546 niendi
740 3500 916 3557 vocat,
934 3507 964 3547 e
985 3492 1200 3561 propria
1228 3493 1315 3546 illa
1343 3493 1635 3548 securitate
1669 3502 1723 3548 et
1744 3494 2108 3560 munimento,

535 3595 796 3656 tanquam
840 3601 872 3641 e
915 3586 1083 3654 petris
1129 3585 1529 3651 deturbantem,
1597 3585 1913 3657 lapidesque
1967 3588 2112 3646 illius

532 3679 849 3748 prodentem
875 3677 1009 3732 nulli
1037 3678 1160 3732 usui
1186 3677 1402 3732 futuros
1433 3687 1658 3748 propter
1686 3679 1888 3748 ignem,
1913 3690 1974 3734 ut
2001 3697 2110 3736 non

532 3780 711 3826 exstet
741 3771 879 3841 lapis
917 3772 982 3826 ad
1017 3769 1234 3824 tirmum
1273 3769 1563 3825 aediﬁcium
1597 3779 1778 3842 aptus.
1820 3770 2113 3843 Anagogia:

533 3879 664 3915 vero
690 3864 902 3916 ratione
929 3878 1088 3916 mons
1119 3870 1203 3916 est
1233 3871 1459 3916 vocatus
1490 3869 1546 3915 et
1577 3863 1853 3929 diabolus,
1883 3873 1942 3918 ut
1968 3865 2110 3933 apud

535 3950 855 4006 Zachariam
884 3952 975 4006 “'z
1013 3951 1142 4017 Quis
1171 3969 1224 4005 es
1259 3960 1334 4011 tu.
1369 3967 1518 4004 mons
1547 3967 1753 4021 magne,
1787 3954 1878 4023 qui
1903 3969 1957 4006 es
1990 3963 2112 4008 ante

534 4045 724 4111 facient
752 4043 1084 4098 Zorobabel?
1106 4043 1173 4099 Et
1199 4043 1269 4098 de
1297 4059 1363 4098 eo
1389 4043 1482 4112 qui
1517 4043 1753 4098 habebat
1778 4045 2110 4098 daemonium

533 4139 759 4192 surdum
787 4146 841 4190 et
868 4147 1102 4201 mutum,
1135 4135 1314 4190 aiebat
1347 4135 1598 4190 Salvator
1625 4136 1668 4166 ⁸⁷
1703 4153 1716 4188 :
1745 4134 1806 4190 Si
1834 4137 1992 4205 fidem
2014 4137 2113 4189 Ita-

532 4229 717 4281 bebitis
751 4237 1003 4298 tanquam
1037 4242 1260 4296 granum
1289 4225 1513 4293 sinapis,
1541 4224 1726 4278 dicetis
1755 4224 1876 4278 huic
1906 4225 2110 4279 monti:

543 4322 706 4387 Vade,
732 4329 780 4374 et
822 4319 1008 4373 abibit.
1050 4318 1204 4372 Mons
1245 4317 1428 4387 itaque
1461 4318 1709 4374 diabolus
1738 4327 1818 4373 est
1848 4333 1946 4374 sua
1981 4335 2110 4388 pra-

533 4415 698 4468 vitate
727 4419 1040 4480 corruptus,
1095 4424 1567 4480 corrumpensque
1615 4425 1713 4466 eos
1758 4411 1853 4480 qui
1895 4421 2107 4466 terrena

530 4508 769 4575 sapiunt.

598 4598 690 4652 27.
734 4594 1080 4664 Sanctiﬁcate
1129 4610 1286 4660 super
1334 4612 1452 4650 eam
1505 4606 1700 4667 gentes.
1759 4594 2108 4650 Sanctiﬁcate

530 4699 741 4758 gentes,
783 4688 889 4742 hoc
924 4695 1028 4753 est,
1065 4696 1368 4758 segregate.
1426 4687 1800 4744 Sanctitieatio
1841 4689 1988 4742 enim
2023 4696 2109 4742 est

533 4782 627 4836 Dei
654 4779 1040 4844 ministerium,
1065 4780 1318 4851 quamvis
1343 4781 1409 4835 ad
1437 4780 1773 4849 puniendum
1798 4781 1888 4834 sit.
1916 4779 2107 4834 Profa-

532 4884 636 4923 uus
665 4870 811 4923 enim
843 4875 928 4922 est
955 4867 1048 4936 qui
1075 4869 1142 4922 ad
1174 4867 1278 4922 hoc
1306 4879 1622 4939 segregatus
1650 4877 1752 4934 est,
1783 4869 1964 4937 qualis
1989 4878 2108 4923 erat

529 4960 724 5030 Cyrus,
747 4960 814 5014 ad
845 4975 1006 5029 quem
1040 4976 1137 5029 per
1175 4958 1370 5016 Isaiam
1405 4961 1480 5014 ait
1506 4961 1552 4992 "
1580 4979 1594 5015 :
1632 4959 1710 5013 Tu
1741 4977 1858 5014 vero
1888 4977 1990 5015 non
2019 4978 2107 5014 co-

527 5051 753 5119 gnovisti
784 5065 884 5102 me.
910 5048 1184 5116 Quasdam
1213 5066 1340 5105 vero
1367 5066 1490 5121 qua:
1515 5051 1568 5104 in
1602 5050 1932 5121 Babylonios
1955 5067 2106 5107 arma

528 5148 904 5211 sumpserunt,
949 5142 1165 5196 vocavit
1207 5150 1417 5211 gentes,
1456 5141 1511 5194 in
1548 5141 1748 5210 quibus
1781 5142 1975 5197 Araret
2005 5141 2108 5196 Ar-

528 5234 742 5288 menios
776 5242 953 5286 vocat.

598 5326 691 5380 29.
737 5324 1015 5379 Commota
1048 5331 1127 5378 est
1155 5332 1322 5389 terra,
1355 5332 1459 5380 etc.
1499 5323 1785 5381 Commota
1833 5337 1917 5382 est
1963 5335 2105 5382 terra

526 5419 812 5472 hzuninum
843 5415 964 5484 ejus
1011 5415 1338 5482 incolarum,
1384 5417 1478 5486 qui
1525 5418 1902 5488 superioribus
1945 5422 2104 5476 annis

527 5508 756 5562 ﬁrmiter
791 5505 1016 5562 stabiliti
1055 5519 1234 5572 erant,
1267 5516 1321 5562 et
1361 5507 1639 5564 soliditate
1671 5509 1836 5580 320
1859 5521 2100 5581 potenta-

526 5606 680 5650 tuum
711 5606 764 5652 et
795 5613 1083 5668 regnorum
1125 5614 1350 5654 suorum
1393 5602 1770 5671 potiebantur;
1803 5619 1947 5658 nunc
1975 5619 2104 5658 vero

598 5730 642 5803 ῗ³
679 5728 779 5783 lsa.
820 5747 910 5793 XL,
941 5731 1035 5788 50.
1102 5733 1147 5765 ⁸⁵
1182 5733 1336 5803 ibid.,
1373 5735 1462 5791 δε.
1533 5738 1578 5769 ⁸⁵
1609 5736 1810 5793 Hahae.
1840 5755 1875 5801 ι,
1913 5741 1992 5793 ιι».
2058 5740 2100 5772 ⁸⁸⁵

529 5797 575 5830 ⁸⁸
603 5798 707 5853 lsa.
739 5815 861 5866 λιν,
896 5803 944 5856 4.

627 6421 822 6428 _______
829 6422 874 6425 __
961 6421 966 6423 .
1107 6418 1130 6420 --
1931 6421 2423 6436 ἐ-Ψζᾼ
2449 6419 2477 6421 β
2529 6418 2539 6419 ε

2219 595 2249 645 6
2293 596 2390 664 μὲν
2437 595 2691 666 θυμώδης
2736 597 2827 649 καὶ
2870 597 3006 666 πρὸς
3048 597 3244 650 κακίαν
3275 598 3585 669 ἐρρωμένος
3623 601 3800 673 ἀνήρ’

2219 687 2249 740 6
2292 687 2348 740 δὲ
2399 688 2533 760 πρὸς
2583 687 2778 759 ἡδονάς
2838 689 3126 760 λελυμένος
3178 690 3348 759 γυνή·
3409 691 3504 743 καὶ
3567 691 3807 759 πρεσϐύ-

2219 792 2320 848 της
2372 778 2471 848 μὲν
2525 780 2554 832 6
2610 779 3060 848 πεπαλαιωμένος
3120 779 3307 832 κακῶν
3354 780 3579 850 ἡμερῶν
3604 797 3616 809 ·
3674 798 3802 834 νεα-

2220 868 2394 922 νίσκοι
2455 869 2513 922 δὲ
2573 870 2703 941 περὶ
2763 864 2838 922 ὧν
2895 871 3122 933 Ἡσαΐας
3195 871 3326 940 φησι
3350 887 3362 900 ·
3433 870 3803 925 Πεινὰσουσι

2219 961 2488 1029 νεώτεροι
2521 962 2621 1014 καὶ
2648 961 3013 1015 κοπιάσουσι
3039 962 3371 1026 νεανίσκοι,
3402 963 3500 1014 καί
3523 963 3797 1016 ἐκλεκτοὶ

2219 1051 2514 1122 ἀνίσχυες
2555 1053 2819 1110 ἔσονται·
2862 1055 2954 1106 καὶ
2985 1053 3314 1106 τούναντίον·
3368 1057 3431 1106 Ol
3471 1054 3539 1107 δὲ
3578 1054 3800 1123 ὑπομέ-

2219 1161 2429 1210 νοντες
2477 1144 2584 1198 τὸν
2632 1144 2782 1198 Θεὸν
2813 1143 3192 1209 ιῌλὰξουσιν
3233 1144 3436 1213 ἰσχὺν,
3469 1143 3800 1212 πτεροφυή-

2219 1249 2446 1289 σουσιν
2467 1236 2549 1302 ὡς
2577 1235 2758 1300 ἀετοὶ,
2791 1235 3171 1304 δραμοῦνται,
3200 1236 3295 1288 καί
3321 1239 3392 1289 οὐ
3416 1235 3791 1292 κοπιὰσουσι.

2221 1325 2361 1389 Τοὺς
2395 1326 2684 1390 ἐκλεκτοὺς
2712 1327 2769 1380 δὲ
2808 1326 2904 1380 νῦν
2944 1327 3003 1378 ἐν
3041 1326 3210 1398 κακίᾳ
3250 1327 3436 1398 φησιν·
3465 1330 3647 1381 ὁποῖόν
3678 1331 3794 1382 ἐστι

2217 1419 2298 1471 τό·
2336 1418 2446 1471 Καὶ
2480 1418 2552 1470 τὰ
2582 1415 2866 1487 ,βρώματα
2897 1417 3085 1471 αὐτοῦ
3113 1417 3385 1471 ἐκλεκτά.
3428 1419 3490 1471 οι
3520 1420 3640 1471 κατ’
3669 1420 3796 1491 ἀρε-

2219 1507 2316 1578 τὴν
2363 1507 2516 1570 ὄντες
2554 1507 2799 1560 ἐκλεκτοὶ
2837 1508 2944 1560 ὑπὸ
2978 1506 3072 1560 τοῦ
3117 1507 3585 1580 Ναϐουχοδονόσορ
3625 1527 3794 1564 κατα-

2219 1599 2482 1652 πίνονται.
2516 1601 2679 1669 Ἔσχε
2707 1599 2763 1652 δὲ
2789 1600 2884 1652 καὶ⁵
2919 1597 3239 1670 παρθένους,
3265 1600 3363 1662 τὰς
3389 1600 3488 1669 μὲν
3526 1601 3790 1654 Ἐστιατιο

2220 1692 2341 1754 κάς,
2372 1691 2470 1755 τὰς
2490 1691 2546 1744 δὲ
2572 1689 2800 1753 Πυθίας,
2837 1689 2936 1752 τὰς
2963 1689 3019 1741 δὲ
3067 1687 3259 1750 άλλως.
3300 1689 3410 1741 Καὶ
3445 1689 3589 1758 ψυχὴ
3626 1689 3681 1742 δὲ
3719 1689 3792 1760 μὴ

2218 1781 2486 1851 δεξαμένη
2546 1781 2636 1834 τὸν
2681 1779 2822 1833 θεῖον
2870 1779 3069 1851 σπόρον
3116 1779 3383 1850 παρθένος
3428 1780 3576 1832 ἐστὶν
3618 1780 3792 1849 αὐτῷ.

2148 1851 2192 1910 Β
2223 1872 2376 1941 Ἔχει
2407 1871 2463 1924 δὲ
2490 1873 2586 1924 καὶ
2612 1874 2894 1941 ποιμένας,
2922 1871 3016 1923 καὶ
3042 1870 3395 1933 διδασκάλους
3435 1872 3560 1934 τοὺς
3596 1871 3796 1940 ἑπομέ-

2216 1980 2340 2023 νους
2369 1965 2738 2027 παιδεύοντας
2772 1963 2907 2017 ἀλλά
2954 1962 3049 2016 καὶ
3082 1963 3362 2033 γεωργοὺς
3386 1962 3512 2025 τοὺς
3548 1961 3616 2016 τὰ
3646 1961 3796 2025 ζιζά-

2217 2073 2306 2108 νια
2360 2057 2682 2129 σπείροντας
2729 2056 2824 2110 καὶ
2865 2056 3246 2128 γεωργοῦντας
3297 2057 3535 2121 ἀκάνθας
3590 2074 3650 2110 τε
3704 2059 3797 2111 καὶ

2215 2148 2524 2218 τριϐόλους,
2585 2149 2684 2213 τάς
2738 2148 2996 2220 βιωτικάς
3039 2151 3096 2201 ὲν
3146 2147 3452 2220 ἀνθρώποις
3506 2149 3792 2220 μερίμνας.

2219 2239 2373 2310 Ἔχει
2401 2241 2496 2292 καὶ
2525 2241 2795 2311 ἡγεμόνας
2823 2242 2881 2292 ἐν
2923 2239 3092 2312 κακίᾳ
3129 2242 3222 2293 καὶ
3251 2241 3538 2312 ἄρχοντας,
3561 2243 3653 2295 καὶ
3687 2243 3794 2312 μά-

2214 2329 2372 2383 λιστα
2413 2331 2551 2403 πρὸς
2580 2331 2674 2395 οὓς
2704 2331 2848 2400 ἡμῖν
2870 2333 3041 2385 ἐστιν
3072 2333 3110 2400 ἠ
3155 2330 3317 2400 πάλη
3363 2332 3513 2401 πρὸς
3553 2334 3658 2399 τὰς
3688 2335 3796 2402 ἀρ-

2215 2422 2328 2492 χὰς
2363 2424 2462 2476 καὶ
2509 2423 2615 2489 τὰς
2656 2423 2962 2490 ἐξουσίας.
3009 2422 3233 2486 Τούτοις
3263 2419 3356 2478 οὖν
3398 2427 3564 2477 πᾶσιν
3601 2427 3629 2478 6
3664 2426 3796 2489 Θεὸς

2214 2513 2542 2568 ἀποδίδωσιν
2585 2513 2815 2567 ἐνώπιον
2840 2514 2951 2566 τῶν
2990 2513 3215 2586 ἔναγχος
3244 2515 3562 2586 εἰρηκότων·
3595 2517 3792 2579 Δεῦτε,

2214 2605 2314 2659 καί
2346 2605 2791 2675 ἁνατγείλωμεν
2811 2605 2882 2660 ἐν
2898 2605 3051 2659 Σιὼν
3072 2606 3146 2659 τὰ
3167 2606 3453 2676 μεγαλεῖα
3488 2607 3596 2662 τοῦ
3624 2609 3792 2664 Θεοῦ.

2283 2695 2371 2749 25.
2403 2695 2548 2749 Ἰδοὺ
2567 2694 2687 2766 ἐγὼ
2710 2696 2862 2763 πρὸς
2884 2697 2961 2751 σὲ
2991 2696 3059 2749 τὸ
3083 2697 3222 2765 ὄρος
3251 2695 3316 2750 τὸ
3343 2697 3792 2768 διεφθαρμένον.

2219 2789 2382 2860 Ὄρος
2406 2789 2504 2860 τὴν
2527 2786 2823 2842 Βαϐυλῶνα
2844 2788 2932 2842 διὰ
2951 2788 3010 2842 τὸ
3032 2789 3132 2859 τῆς
3161 2788 3436 2859 βασιλείας
3459 2789 3592 2860 ὕψος
3616 2793 3789 2845 καλεῖ·

2210 2880 2349 2952 ὅπερ
2376 2876 2445 2952 ἦν
2487 2880 2550 2947 ἐξ
2581 2880 3024 2952 είδωλολατρείας
3070 2883 3165 2936 καὶ
3201 2881 3310 2935 τῶν
3359 2883 3558 2936 ἀδίκων
3597 2883 3791 2953 ἔργων,

2209 2971 2278 3025 δι’
2316 2965 2392 3026 ὧν
2434 2971 2707 3043 διέφθειρε
2748 2973 2875 3036 τοὺς
2917 2971 3108 3036 ἄλλους
3147 2971 3564 3046 διεφθαρμένον.
3596 2970 3702 3028 Ἦν
3737 2976 3795 3028 δὲ

2213 3063 2306 3116 καὶ
2331 3063 2418 3131 ἐφ’
2449 3062 2667 3134 ὕψουςὴ
2700 3063 2852 3128 πόλις
2875 3063 2964 3118 διὰ
2989 3063 3082 3117 τὸν
3105 3064 3507 3136 παρακείμενον
3530 3065 3792 3136 ποταμὸν,

2139 3189 2180 3246 C
2213 3153 2273 3221 ἐξ
2299 3147 2360 3208 οὗ
2391 3170 2538 3218 τινες
2566 3153 2873 3224 ἀναϐαθμοὶ
2910 3151 3048 3225 πρὸς
3081 3154 3182 3225 τὴν
3222 3153 3376 3208 πόλιν
3406 3155 3691 3225 ἀνέφερον,
3713 3157 3794 3209 δι-

2219 3244 2362 3315 μερῆ
2387 3261 2446 3297 τε
2472 3241 2635 3298 οὖσαν
2668 3245 2762 3298 καὶ
2798 3244 2858 3309 ἐξ
2900 3244 3164 3316 ἑκατέρας
3197 3244 3363 3316 ὄχθης
3384 3246 3796 3316 παρακειμένην

2213 3334 2292 3406 τῷ
2325 3336 2574 3408 ποταμῷ,
2605 3337 2741 3406 πρδς
2767 3335 2846 3406 τῷ
2870 3335 2964 3388 καὶ
2994 3332 3131 3389 εἶναι
3169 3337 3238 3390 τὰ
3271 3337 3424 3407 τείχη
3457 3336 3555 3406 τῆς
3588 3337 3793 3400 πόλεως

2215 3427 2543 3499 ὑψηλότατα.
2574 3430 2746 3499 Χεῖρα
2781 3428 2837 3481 δὲ
2883 3427 2983 3500 τὴν
3025 3428 3398 3500 τιμωρητικὴν
3441 3428 3665 3498 δύναμιν
3693 3427 3789 3499 τὴν

2211 3519 2312 3588 τῆς
2357 3520 2490 3584 ἰδίας
2531 3519 2699 3590 αὐτὴν
2733 3520 2808 3583 ὡς
2853 3521 2916 3573 ὲκ
2953 3519 3167 3591 πετρῶν
3213 3518 3570 3592 καθαιροῦσαν
3607 3521 3784 3587 ἀσφα-

2211 3611 2361 3676 λείας
2386 3629 2443 3666 τε
2475 3613 2568 3666 καὶ
2595 3613 2836 3685 φρουρᾶς
2866 3613 2946 3675 εἰς
2971 3613 3239 3684 ἄχρηστον
3263 3611 3319 3664 δὲ
3347 3609 3439 3664 καὶ¹
3463 3611 3588 3674 τοὺς
3607 3609 3786 3674 λίθους

2211 3703 2383 3775 αὐτῆς
2411 3704 2498 3758 διὰ
2540 3705 2602 3758 τὸ
2647 3703 2758 3776 πῦρ
2803 3703 3187 3771 ἀφανίζουσαν,
3215 3701 3293 3763 ὡς
3338 3701 3411 3772 μὴ
3441 3699 3790 3753 συνίστασθαι.

2211 3795 2358 3849 λίθον
2406 3797 2540 3867 πρὸς
2591 3796 2952 3868 στερροτέραν
2997 3792 3328 3863 οἰκοδομίαν.
3392 3792 3706 3862 Ἀναγωγῆς
3735 3791 3791 3845 δὲ

2210 3886 2355 3958 λόγῳ
2385 3889 2479 3941 καὶ
2504 3889 2532 3940 6
2559 3887 2803 3950 διάϐολος
2847 3887 2974 3959 ὅρος
3003 3883 3334 3954 ὠνόμασται,
3369 3883 3445 3947 ὡς
3477 3885 3536 3936 ἐν
3565 3882 3646 3953 τῷ
3684 3885 3790 3936 Ζα-

2211 3979 2398 4050 χαρία·
2436 3979 2533 4044 Τίς
2568 3974 2627 4032 εἷ
2649 3977 2731 4032 σὺ
2755 3977 2821 4031 τὸ
2848 3977 2984 4046 ὄρος
3013 3975 3078 4029 τὸ
3103 3972 3285 4045 μέγα,
3315 3972 3384 4026 τὸ
3409 3972 3522 4042 πρὸ
3555 3975 3789 4041 προσώ-

2211 4085 2329 4125 που
2375 4070 2737 4138 Ζοροϐάϐελ;
2769 4070 2878 4122 Καὶ
2926 4067 3054 4140 περὶ
3097 4066 3188 4120 τοῦ
3223 4065 3438 4136 ἔχοντος
3481 4064 3667 4133 κωφὸν
3699 4063 3792 4117 καὶ

2211 4159 2408 4213 ἄλαλον
2459 4159 2736 4230 δαιμόνιον
2777 4159 2961 4227 ἔλεγεν
3000 4160 3029 4211 6
3076 4159 3286 4229 Σωτήρ·
3337 4159 3473 4211 Ἐὰν
3493 4157 3672 4226 ἔχητε
3697 4156 3791 4209 πί-

2209 4264 2352 4302 στιν
2382 4249 2462 4315 ὠς
2497 4249 2720 4302 κόκκον
2757 4247 3076 4313 σινάπεως,
3105 4247 3290 4316 ἐρεῖτε
3327 4245 3407 4312 τῷ
3435 4247 3554 4315 ὄρει
3581 4248 3785 4313 τούτῳ·

2209 4340 2541 4408 Μετάϐηθι,
2586 4341 2681 4394 καὶ
2729 4339 3146 4408 μεταϐήσεται.
3171 4341 3335 4411 Ὄρος
3359 4333 3453 4392 οὖν
3479 4341 3508 4392 6
3549 4339 3788 4403 διάϐολος

2210 4430 2319 4483 ἀπὸ
2349 4430 2446 4500 τῆς
2491 4429 2626 4493 ἰδίας
2655 4428 3051 4500 διεφθαρμένον
3097 4428 3327 4492 κακίας,
3361 4429 3455 4482 καὶ
3485 4427 3791 4498 διαφθεῖρον

2136 4527 2182 4584 D
2209 4523 2354 4586 τοὺς,
2383 4523 2496 4574 ὅσοι
2520 4521 2774 4593 φρονοῦσι
2807 4521 2876 4574 τὰ
2895 4524 3076 4593 γήϊνα,

2281 4612 2370 4666 27.
2411 4611 2712 4682 Ἀτιάσατε
2740 4611 2833 4666 ἐπ’
2868 4611 3061 4679 αὐτὴν
3085 4609 3251 4678 ἔθνη.
3285 4605 3380 4672 Τὸ,
3412 4609 3698 4677 Ἀγιάσατε
3722 4607 3791 4662 τὰ

2209 4703 2360 4773 ἔθνη,
2407 4703 2528 4756 ἀντὶ
2572 4703 2688 4766 τοῦ,
2725 4702 3073 4774 Ἀφορίσατε·
3104 4701 3376 4772 ἁγιασμὸς
3425 4700 3536 4771 γάρ
3575 4703 3608 4771 ἡ
3653 4699 3789 4754 Θεοῦ

2209 4796 2518 4866 ὑπηρεσία,
2565 4791 2729 4869 κεινῇ
2763 4795 3130 4865 τιμωρητική·
3177 4792 3402 4862 βέϐηλος
3435 4793 3541 4864 γάρ
3581 4794 3609 4844 6
3646 4789 3785 4861 πρὸς

2208 4884 2408 4954 ταύτην
2449 4883 2861 4954 ἀφωρισμένος,
2897 4884 3081 4945 ὁποῖος
3123 4876 3191 4952 ἦν
3231 4881 3260 4932 6
3307 4880 3510 4952 Κῦρος,
3542 4880 3679 4952 πρὸς
3721 4881 3783 4933 ὃν

2211 4992 2343 5045 φησι
2371 4975 2461 5029 διὰ
2505 4976 2749 5028 Ἡσαΐου·
2791 4974 2875 5028 Σὺ
2917 4974 2987 5026 δὲ
3023 4975 3136 5027 οὐκ
3181 4973 3369 5042 ἔγνως
3418 4989 3514 5042 με.
3547 4971 3682 5025 Τινά
3725 4970 3786 5024 δὲ

2206 5066 2316 5120 τῶν
2365 5067 2457 5120 ἐπὶ
2499 5066 2817 5130 Βαϐυλῶνος
2851 5065 3297 5137 στρατευσάντων
3340 5064 3599 5119 ἐκάλεσεν
3636 5063 3788 5134 ἔθνη,

2211 5159 2270 5211 ὲν
2304 5155 2386 5221 οἷς
2431 5157 2662 5230 Ἀραρὲτ
2688 5159 2816 5222 τοὺς
2861 5157 3180 5230 Ἀρμενίους
3207 5156 3380 5212 καλεῖ.

2278 5328 2367 5384 29.
2408 5327 2680 5394 Ἐσείσθη
2726 5327 2762 5395 ἠ
2807 5325 2905 5396 γῆ.
2957 5326 3208 5396 Ἐσείσθη
3243 5327 3302 5380 δὲ
3351 5327 3386 5398 ἡ
3434 5325 3508 5397 γῆ
3549 5326 3658 5381 τῶν
3697 5327 3787 5378 ἐπ’

2211 5418 2383 5487 αὐτῆς
2411 5415 2733 5488 ἀνθρώπων,
2775 5417 2834 5469 ὲν
2860 5417 2970 5479 τοῖς
3011 5417 3310 5485 προάγουσι
3337 5416 3550 5488 χρόνοις
3578 5415 3792 5484 παγίως

2212 5509 2511 5580 ἱδρυμένων
2556 5509 2651 5562 καὶ
2699 5508 3022 5579 βεϐαιότητα
3052 5508 3285 5579 ἐχόντων
3315 5509 3374 5560 ὲν
3414 5502 3500 5568 αἷς
3525 5504 3665 5578 ἦσαν
3699 5504 3794 5560 δυ-

2211 5602 2484 5665 ναστείαις
2528 5617 2586 5654 τε
2637 5599 2733 5653 καὶ
2778 5599 3099 5669 βασιλείαις·
3139 5600 3207 5654 τὰ
3251 5599 3308 5653 δὲ
3351 5597 3444 5652 νῦν
3491 5595 3792 5669 μεταϐολὴν

2216 5741 2413 5809 Ephes.
2451 5754 2525 5802 vt,
2561 5737 2644 5792 l2.
2721 5736 2789 5768 “‘
2816 5734 2980 5792 Zach.
3017 5753 3087 5804 tv,
3119 5737 3168 5789 7.
3246 5737 3289 5769 ⁸⁷
3322 5734 3661 5795 Matth.xvn,
3698 5732 3782 5789 i9.
