4140 6448
592 410 693 474 507

2004 413 2088 469 EX
2149 413 2451 471 ORIGENE

3739 421 3844 476 608

595 531 663 584 ab
689 532 802 599 ipso
829 530 1002 594 'l‘hau,
1036 533 1222 585 nl'ima
1250 530 1595 587 Ilebrmorum
1625 534 1823 598 littera,
1860 552 2050 590 rursus
2078 554 2154 591 rc-

2267 533 2357 586 τὸν
2389 533 2496 585 ἀπὸ
2538 531 2630 584 τοῦ
2669 543 2710 590 n
2745 533 3065 604 ἀρχόμενον,
3094 531 3230 604 ὅπερ
3266 531 3381 586 ἐστὶ
3408 533 3711 588 τελευταῖον
3736 537 3846 592 τῶν

592 627 672 681 dit
706 628 770 679 ad
805 629 998 695 Aleph,
1046 638 1099 681 et
1131 628 1322 682 iterum
1357 629 1550 698 plorat,
1588 629 1750 700 idque
1791 641 1984 699 quater
2015 631 2160 696 facit,

589 729 877 768 numerum
907 717 1092 785 viginti
1127 718 1360 770 duorum
1393 719 1785 772 elementorum
1818 736 2160 789 percurrens.

664 888 928 956 Ejusdem.
986 891 1108 945 Ideo
1135 891 1305 947 Jud:ei
1333 905 1586 950 asserunt
1626 897 1827 953 veteris
1869 899 2164 968 Scripturze

587 981 757 1036 libros
797 983 1079 1037 elementis
1107 1000 1266 1052 pares
1300 1000 1442 1050 esse,
1494 995 1549 1040 ut.
1579 988 1759 1042 omnis
1793 989 2060 1042 institutio
2094 991 2164 1044 sit

586 1073 652 1126 ad
686 1072 776 1126 Dei
809 1074 1198 1142 cognitionem,
1245 1076 1705 1144 quemadmodum
1755 1079 2162 1135 addiscentibns

589 1163 656 1214 ad
691 1178 904 1215 omnem
930 1162 1272 1231 disciplinam
1305 1173 1434 1216 sunt
1464 1165 1751 1217 elementa.
1783 1162 1906 1218 Ideo
1931 1164 2162 1220 fortasse

588 1263 782 1322 (prater
817 1263 1155 1322 repetuntur,
1188 1255 1445 1323 quoniam
1487 1265 1539 1309 et
1572 1272 1860 1326 corporum
1897 1257 2161 1311 elementa

588 1356 826 1413 quatuor
853 1356 999 1400 sunt.
1029 1345 1093 1398 Et
1128 1347 1347 1414 inferius
1378 1362 1394 1399 :
1425 1346 1482 1400 In
1523 1346 1755 1402 Threnis
1794 1364 1922 1403 vero
1956 1349 2164 1418 Aquila:

589 1437 1088 1506 'l‘heodotionisque
1106 1436 1271 1491 editio
1291 1453 1556 1506 nusquam
1581 1448 1821 1506 apparet,
1841 1439 1930 1492 sed
1952 1448 2160 1493 tantum

589 1528 898 1598 Symmachi
936 1538 988 1583 et
1017 1528 1392 1598 Septuaginta.
1434 1527 1502 1581 Et
1537 1545 1718 1582 rursus
1744 1544 1762 1581 :
1790 1528 2009 1594 Quaerat
2036 1547 2162 1587 vero

587 1619 857 1687 quispiam
885 1635 983 1672 cur
1015 1620 1065 1672 in
1099 1619 1220 1672 libri
1247 1619 1400 1672 titulo
1427 1619 1622 1688 plurali
1649 1635 1876 1673 numero
1901 1622 2161 1691 scriptum

585 1715 658 1766 sit
687 1711 1106 1777 lamentationes,
1133 1711 1185 1764 in
1223 1710 1488 1780 prooemio
1549 1726 1676 1764 vero
1735 1713 2162 1766 lamentationem

585 1803 934 1869 singulariter
979 1802 1328 1871 expresserit.
1381 1801 1484 1855 Sed
1527 1802 1578 1856 in
1617 1812 1797 1872 partes
1823 1804 2012 1858 divisa:
2037 1806 2162 1875 qui-

2276 620 2540 691 Ἐϐραίων
2583 622 2846 691 γράμμα,
2879 621 3235 691 ἐπανέρχεται
3269 621 3361 674 ἐπὶ
3405 621 3466 673 τὸ
3508 622 3699 691 Ἀλειρ,
3749 625 3845 676 καὶ

2264 712 2424 766 πάλιν
2460 713 2667 782 θρηνεῖ,
2697 712 2788 764 καὶ
2822 711 2980 765 τοῦτο
3011 714 3155 766 ποιεῖ
3177 712 3435 784 τετράκις
3455 713 3523 766 τά
3556 713 3726 768 εἰκοσι
3751 714 3847 769 δύο

2266 804 2504 872 στοιχεῖα
2537 801 2786 867 ἐπεξιών.

2341 892 2452 944 Τοῦ
2483 891 2688 946 αὐτοῦ.
2719 893 2816 946 Διά
2841 893 3001 946 τοῦτό
3023 910 3183 962 φασιν
3218 891 3461 965 Ἑϐραῖοι
3482 894 3583 963 τῆς
3607 894 3844 961 παλαιᾶς

2262 980 2485 1050 Γραφῆς
2519 981 2840 1052 ἰσαρίθμους
2862 984 2974 1044 τοῖς
3007 982 3290 1052 στοιχείοις
3314 980 3450 1035 εἶναι
3480 983 3577 1046 τάς
3605 983 3840 1054 βίϐλους,

2263 1071 2337 1134 ὡς
2375 1067 2512 1125 εἶναι
2547 1073 2684 1144 πρὸς
2726 1073 3054 1140 θεογνωσίαν
3100 1077 3282 1128 πᾶσαν
3311 1073 3639 1144 εἰσαγωγὴν,
3672 1075 3849 1129 καθά-

2265 1181 2370 1234 περ
2405 1164 2474 1217 τά
2525 1166 2764 1234 στοιχεῖα
2799 1165 2936 1235 πρὸς
2986 1164 3203 1217 ἃπασαν
3244 1167 3356 1228 τοῖς
3398 1163 3724 1234 μανθάνουσι
3753 1180 3845 1217 σο-

2264 1255 2411 1322 φίαν.
2459 1254 2557 1306 Διὰ
2597 1254 2752 1307 τοῦτο
2808 1256 3334 1325 τετραπλασιάζεται
3362 1256 3518 1325 τάχα,
3558 1254 3690 1307 διότι
3745 1255 3841 1308 καὶ

2261 1345 2370 1396 τῶν
2410 1345 2680 1414 σωμάτων
2726 1346 2794 1398 τὰ
2827 1349 3061 1416 στοιχεῖα
3109 1346 3411 1416 καθέστηκε
3442 1347 3698 1416 τέσσαρα.
3729 1345 3838 1398 Kal.

2257 1435 2385 1504 μετ’
2433 1437 2624 1505 aly-tr
2662 1437 2914 1500 Ἐκδοσις
2941 1437 2997 1490 δὲ
3044 1438 3241 1492 Ἀκύλα
3278 1438 3369 1490 καί⁵
3402 1436 3751 1499 Θεοδοτίωνος
3779 1437 3840 1488 ὲν

2261 1529 2373 1590 τοῖς
2422 1527 2651 1598 Θρήνοις
2699 1529 2758 1579 οὺ
2797 1528 3062 1596 φαίνεται,
3098 1529 3256 1599 μόνου
3301 1527 3357 1580 δὲ
3405 1528 3700 1598 Συμμάχου
3743 1526 3840 1580 καὶ

2262 1614 2370 1667 τῶν
2411 1616 2830 1686 Ἑϐδομήκοντα.
2875 1618 2980 1670 Kal
3022 1616 3225 1670 πάλιν·
3265 1618 3526 1687 Ζητήσειε
3563 1617 3607 1669 δ’
3641 1617 3707 1670 ἄν
3731 1633 3837 1680 τις,

2264 1705 2404 1772 πῶς,
2432 1706 2532 1776 τῆς
2575 1709 2886 1778 ἐπιγραφῆς
2916 1707 3010 1760 τοῦ
3047 1707 3248 1777 βιϐλίου
3279 1705 3656 1776 πληθυντικῶς
3687 1707 3842 1776 ἐχού-

2265 1815 2384 1868 σης,
2435 1797 2681 1866 Θρῆνοι,
2716 1798 2911 1863 ἑνικῶς
2956 1799 3013 1850 ὲν
3055 1796 3134 1868 τῷ
3176 1797 3444 1868 προοιμίῳ
3485 1797 3579 1849 τὸν
3614 1796 3842 1864 θρῆνον

582 1893 706 1946 dcm
755 1901 902 1957 sunt,
950 1892 1234 1945 elementis
1284 1891 1576 1956 distinctae,
1628 1909 1813 1947 verum
1860 1909 2050 1950 omnes
2090 1897 2154 1950 ad

2261 1887 2450 1940 τοῦτόν
2477 1905 2658 1957 φησιν·
2692 1889 2826 1942 ἀλλὰ
2853 1889 3066 1960 μερικοὶ
3098 1889 3195 1959 μὲν
3234 1889 3448 1952 πλείους
3481 1888 3837 1958 ὑπάρχουσιν,

585 2000 754 2038 ιιιιιιιη
786 1985 941 2052 plane
976 1984 1303 2051 referuntur,
1331 1999 1455 2037 cum
1498 2000 1666 2038 unum
1717 1986 1949 2042 habeant
1995 2003 2160 2058 argu-

584 2088 827 2131 mentum
861 2077 1041 2130 Israel.

655 2257 906 2328 Ejusdem
936 2258 1219 2314 secundum
1263 2261 1540 2314 theoriam.
1592 2261 1650 2316 Si
1696 2263 1994 2319 viderimus
2038 2265 2159 2320 ani-

583 2366 726 2403 mam
762 2352 814 2404 in
843 2352 1065 2418 diaboli,
1107 2353 1189 2407 vel
1227 2353 1541 2424 angelorum
1573 2355 1693 2424 ejus
1722 2365 2040 2424 potestatem
2069 2373 2156 2412 re-

582 2442 818 2508 dactam,
845 2452 898 2497 et
929 2445 1152 2499 omnino
1177 2445 1371 2500 factam
1399 2447 1633 2502 inimicis
1655 2449 1946 2505 virtutibus
1969 2452 2160 2507 subdi-

584 2543 718 2597 tam,
746 2550 864 2588 eam
904 2551 1023 2605 qua:
1068 2547 1260 2591 natura
1289 2548 1412 2608 apta
1444 2539 1511 2594 ad
1548 2543 2022 2611 contemplandum
2049 2553 2152 2608 est,

579 2636 634 2678 et
661 2627 729 2680 ad
754 2630 1159 2697 cognoscendas
1185 2646 1292 2694 res,
1311 2642 1363 2686 et
1387 2633 1662 2689 curiosius
1691 2634 2042 2704 inquirendas
2067 2652 2158 2691 ac-

579 2715 942 2782 commodata,
970 2718 1330 2788 intelligemus
1354 2722 1761 2790 quodammodo
1793 2733 1848 2778 et
1881 2725 2159 2794 captivita-

582 2814 712 2871 tem,
740 2815 794 2859 et
837 2823 960 2862 eum
1000 2811 1092 2879 qui
1126 2810 1178 2863 in
1207 2812 1574 2881 captivitatem
1610 2813 1784 2868 duxit.
1819 2813 1924 2869 Sed
1957 2814 2156 2870 conlu-

581 2894 790 2962 gientes
817 2897 882 2950 ad
911 2896 1216 2966 Christum,
1247 2902 1338 2971 qui
1374 2903 1676 2957 secundum
1703 2902 1899 2958 Isaiam
1927 2905 2156 2976 pr0phe-

583 2993 692 3036 tam
739 2987 966 3054 captivis
1012 2991 1389 3046 remissionem
1419 2995 1752 3063 praedicavit,
1783 3011 1813 3049 a
1843 2997 2154 3065 captivitate

583 3071 958 3142 liberabimur,
986 3079 1196 3134 etiamsi
1227 3081 1320 3150 qui
1358 3083 1602 3152 captivos
1645 3084 1801 3138 duxit
1839 3085 1906 3138 ad
1942 3086 2153 3142 vincula

583 3179 756 3232 usque
783 3166 1059 3222 inferenda
1093 3186 1414 3240 progressus
1445 3175 1538 3228 sit.
1589 3172 1745 3229 Venit
1773 3177 1970 3247 quippe
1993 3176 2154 3234 Jesns

580 3255 646 3306 ad
679 3257 988 3314 educendos
1009 3275 1037 3314 e
1060 3262 1293 3319 vinculis
1314 3265 1656 3334 constrictos,
1682 3281 1712 3322 e
1736 3268 1897 3324 domo
1919 3271 2154 3325 carceris

582 3347 833 3402 sedentes
865 3349 915 3402 in
945 3353 1201 3408 tem-bris.

651 3437 798 3493 Sedit
825 3440 1086 3498 Jeremt’as
1107 3446 1260 3514 flens.
1293 3446 1523 3504 Luctum
1549 3450 1642 3520 qui
1668 3465 1732 3506 ex
1761 3450 2029 3506 eharitate
2049 3461 2151 3520 est,

575 3539 630 3580 ct
668 3529 998 3586 beatitudine
1025 3533 1243 3603 dignus.
1276 3536 1459 3592 Sancti
1497 3556 1732 3609 namque
1764 3552 1848 3597 est
1883 3543 2008 3610 ﬂere
2034 3559 2154 3597 cum

577 3619 843 3686 ﬂentibus,
870 3631 920 3674 et
939 3626 1168 3693 gaudere
1195 3644 1312 3680 cum
1344 3632 1689 3700 gaudentibus
1713 3633 1778 3684 ".

650 3711 922 3779 Ejusdem.
956 3716 1086 3770 Cum
1110 3722 1548 3792 appropinquaret
1569 3723 1868 3778 Jerusalem
1896 3724 2152 3784 Dominus

575 3803 738 3871 ﬂevit,
770 3804 1005 3876 dixitque
1032 3825 1050 3861 :
1081 3808 1140 3862 Si
1163 3815 1486 3880 cognovisses
1514 3824 1570 3866 tu
1593 3832 1709 3884 qua:
1735 3818 1803 3869 ad
1831 3833 2014 3885 pacem
2034 3820 2150 3874 tibi.

573 3895 894 3953 Jerusalem.
920 3900 1216 3957 Jerusalem
1245 3923 1362 3975 qua:
1388 3909 1585 3962 occidis
1611 3912 1908 3978 prophetas,
1935 3921 1986 3965 et
2007 3913 2152 3982 lapi-

574 3988 672 4041 dus
699 4007 784 4043 eos
807 3996 896 4062 qui
928 3997 1072 4048 missi
1095 4008 1214 4050 sunt
1246 4002 1312 4051 ad
1340 4011 1407 4064 te,
1437 4003 1637 4070 quoties
1675 4004 1811 4056 volui
1839 4021 2152 4076 congregare

575 4081 714 4146 ﬁlios
762 4095 901 4149 t..os,
944 4086 1104 4157 322
1148 4091 1588 4158 quemadmodum
1628 4095 1828 4162 gallina
1871 4107 2153 4172 congregat

570 4173 744 4242 pullos
777 4192 895 4228 suos
927 4178 1019 4230 sub
1045 4178 1182 4246 alas,
1213 4189 1261 4233 et
1292 4180 1536 4236 uoluistis
1553 4183 1623 4237 ἠ

649 4397 920 4466 Ejusdem.
951 4400 1007 4454 Si
1041 4402 1222 4472 itaque
1248 4403 1384 4458 beati
1402 4405 1494 4475 qui
1527 4405 1733 4476 lugezis,
1779 4409 2032 4475 quoniam
2075 4411 2152 4464 ri-

571 4491 765 4544 debitis
790 4493 856 4558 ",
912 4495 1098 4563 utique
1148 4498 1434 4567 mysticum
1486 4499 1591 4554 hoc
1644 4499 1942 4556 lamentum
1990 4503 2151 4558 edere

2262 1981 2375 2042 τοῖς
2402 1980 2682 2050 στοιχείοις
2719 1980 3064 2052 διῃρημένοι,
3109 1982 3187 2044 είς
3227 1981 3321 2033 ἕνα
3364 1979 3420 2032 δὲ
3459 1980 3675 2040 πάντως
3710 1979 3846 2032 άνά-

2264 2087 2482 2140 γονται,
2539 2069 2676 2141 πρὸς
2731 2071 2858 2142 μίαν
2917 2071 3172 2124 ὑπόθεσιν
3219 2071 3310 2124 τὸν
3369 2069 3585 2142 Ἰσραὴλ
3640 2068 3838 2137 ἀναγό-

2267 2177 2438 2231 μενοι.

2340 2250 2451 2304 Τοῦ
2474 2251 2662 2305 αὑτοῦ
2693 2251 2844 2305 κατὰ
2891 2252 3158 2319 θεωρίαν.
3203 2252 3329 2306 Ἐὰν
3370 2251 3570 2322 ἴδωμεν
3614 2248 3818 2320 ὑποχεί-

2266 2355 2379 2410 ριον
2432 2342 2720 2411 γινομένην
2769 2341 2866 2411 τὴν
2912 2341 3090 2412 ψυχὴν
3133 2340 3211 2410 τῷ
3253 2339 3502 2411 διαϐόλῳ,
3537 2341 3570 2410 ἢ
3603 2341 3840 2402 καὶτοῖς

2263 2428 2515 2496 ἀγγέλοις
2543 2429 2730 2492 αὑτοῦ,
2759 2429 2854 2482 καὶ
2890 2428 3227 2493 ἁπαξαπλῶς
3259 2430 3379 2490 ταῖς
3425 2427 3646 2498 ἐχθραῖς
3680 2426 3841 2480 δυνά-

2267 2536 2392 2590 μεσι
2425 2520 2523 2590 τὴν
2553 2524 2618 2592 τῇ
2649 2521 2808 2590 φύσει
2843 2520 3179 2592 θεωρητικὴν
3209 2523 3304 2574 καὶ
3345 2521 3579 2589 συνορᾷν
3615 2519 3686 2572 τὰ
3710 2519 3841 2572 δντα

2263 2611 2358 2663 καὶ
2388 2612 2680 2684 ἐπιστῆσαι
2707 2613 3034 2684 δυναμένην,
3066 2611 3332 2684 νοήσομέν
3367 2627 3486 2672 πως
3513 2611 3610 2682 τὴν
3640 2612 3843 2680 αίχμα-

2261 2701 2464 2758 λωσίαν
2507 2707 2602 2759 καὶ
2643 2705 2736 2759 τὸν
2787 2705 3326 2777 αἰχμαλωτεύσαντα.
3387 2703 3547 2757 Ἀλλὰ
3591 2720 3839 2770 καταφυ-

2261 2795 2450 2864 γόντες
2501 2796 2594 2849 ἐπὶ
2637 2795 2730 2850 τὸν
2774 2797 3010 2869 Χριστὸν
3057 2796 3149 2849 τδν
3202 2795 3515 2867 κηρύξαντα
3562 2793 3704 2848 κατὰ
3745 2793 3839 2847 τὸν

2261 2887 2555 2957 προφήτην
2596 2887 2826 2940 Ἡσαΐαν
2879 2885 3240 2956 αίχμαλώτοις
3276 2885 3500 2955 ἄφεσιν,
3541 2884 3838 2953 ἐλευθεριο-

2261 2975 2538 3046 θησόμεθα
2558 2977 2664 3030 ἀπὸ
2684 2977 2783 3048 τῆς
2810 2975 3203 3046 αἰχμαλωσίας,
3228 2975 3332 3028 κᾶν
3361 2974 3523 3046 μέχρι
3554 2973 3646 3027 τοῦ
3676 2972 3836 3042 δῆσαι

2261 3069 2443 3142 φθάσῃ
2469 3071 2498 3122 ὁ
2530 3068 3006 3140 αἰχμαλωτεύσας.
3039 3063 3211 3120 Ἦλθε
3242 3065 3350 3138 γὰρ
3398 3064 3606 3137 Ἰησοῦς
3639 3065 3837 3135 ἐξαγα-

2259 3162 2375 3228 γεῖν
2404 3161 2471 3212 ὲκ
2501 3158 2716 3230 δεσμῶν
2743 3158 3080 3229 δεδεμένους,
3105 3156 3166 3222 ἐξ
3201 3158 3348 3211 οτκου
3385 3155 3629 3228 φυλακῆς
3661 3158 3837 3228 καθη-

2181 3229 2223 3287 C
2259 3248 2452 3320 μένους
2478 3249 2536 3301 ὲν
2563 3229 2766 3302 σκότει.

2341 3423 2654 3478 Ἐκάθισεν
2716 3421 2990 3491 Ἱερεμίας
3043 3421 3285 3476 κλαίων.
3344 3422 3448 3477 Τὸν
3499 3421 3560 3488 ἐξ
3609 3423 3830 3493 ἀγάπης

2255 3516 2532 3587 κλαυθμὸν
2566 3515 3017 3586 μακαριζόμενον.
3045 3513 3152 3567 Τοῦ
3187 3513 3296 3585 γὰρ
3321 3514 3473 3583 άγίου
3499 3512 3634 3577 ἐστὶ,
3665 3516 3828 3566 κλαί-

2253 3627 2344 3664 ειν
2365 3606 2517 3678 μετὰ
2545 3607 2893 3669 κλαιόντων,
2924 3605 3021 3659 καὶ
3047 3605 3274 3674 χαίρειν
3292 3607 3441 3674 μετὰ
3467 3605 3816 3674 χαιρόντων.

2332 3699 2443 3754 Τοῦ
2465 3697 2672 3752 αὑτοῦ.
2719 3696 2988 3766 Ὲπγίζων
3019 3694 3093 3763 τῇ
3131 3695 3518 3764 Ἰερουσαλὴμ
3541 3699 3572 3750 ό
3611 3696 3830 3762 Κύριος

2254 3790 2520 3844 ἕκλαυσε
2558 3789 2654 3842 καὶ
2694 3783 2883 3842 εἶπεν·
2925 3789 2994 3842 Et
3037 3787 3303 3856 ἔγνωκας
3334 3785 3416 3839 σὺ
3453 3786 3526 3839 τὰ
3568 3788 3654 3851 εἰς
3677 3785 3835 3853 εἰρή-

2253 3897 2371 3948 νην
2400 3894 2537 3932 σου.
2583 3876 2988 3946 Ἰερουσαλὴμ,
3037 3875 3420 3944 Ἰερουσαλὴμ
3440 3915 3456 3940 ,
3491 3877 3530 3943 ἠ
3563 3877 3835 3930 ἀποκτεί-

2253 3981 2453 4022 νουσα
2503 3964 2646 4031 τοὺς
2700 3963 3008 4033 προφήτας
3027 3968 3054 4027 ,⁸
3093 3964 3190 4017 καὶ
3235 3965 3637 4018 λιθοϐολοῦσα
3689 3964 3834 4031 τοὺς

2253 4055 2751 4124 ἀπεσταλμένους
2797 4054 2948 4122 πρὸς
2991 4053 3206 4121 αὐτὴν,
3255 4053 3514 4120 ποσάκις
3559 4055 3833 4123 ἠθέλησα

2253 4146 2617 4211 ἐπισυνάξαι
2649 4147 2721 4200 τὰ
2763 4145 2947 4199 τέκνα
2994 4158 3132 4208 σου,
3161 4144 3234 4198 ὃν
3272 4145 3492 4212 τρόπον
3522 4145 3685 4214 ὄρνις
3707 4146 3833 4199 ἐπι-

2252 4237 2507 4310 συνάγει
2561 4238 2633 4292 τὰ
2684 4237 2912 4291 νοσσία
2945 4236 3165 4305 ἑαυτῆς
3193 4236 3312 4292 ὑπὸ
3355 4237 3464 4305 τὰς
3511 4237 3829 4309 πτέρυγας,

2251 4329 2352 4385 καὶ
2386 4330 2498 4384 οὐκ
2533 4325 2872 4396 ἠθελήσατε
2888 4327 2909 4380 l

2329 4420 2440 4475 Τοῦ
2466 4419 2672 4475 αὐτοῦ.
2705 4421 2768 4474 Et
2797 4419 2975 4474 τοίνυν
2994 4417 3271 4488 μακάριοι
3294 4421 3348 4474 οί
3375 4421 3708 4488 κλαίοντες,
3737 4419 3832 4475 ὅτι

2252 4511 2560 4582 γελάσετε,
2587 4510 2693 4564 ἔδει
2733 4510 2997 4581 Ἰερεμίαν
3028 4509 3120 4564 τὸν
3163 4511 3419 4580 μυστικὸν
3442 4512 3629 4564 τοῦτον
3662 4511 3832 4565 κλαῦρ

574 4585 866 4651 oportebat
914 4583 1204 4640 leremiam
1226 4629 1240 4651 ,
1277 4598 1331 4642 et
1377 4591 1678 4646 secundum
1719 4593 1849 4647 illud
1873 4595 1919 4626 ⁸⁵
1949 4612 1963 4650 :
1995 4595 2150 4650 Beati

2257 4621 2344 4658 σαι
2373 4603 2670 4674 κλαυθμὸν,
2715 4603 2811 4657 καὶ
2839 4602 2984 4657 κατὰ
3013 4605 3096 4665 τὸ,
3124 4600 3412 4670 Μακάριοι
3449 4605 3503 4656 ol
3533 4601 3818 4657 πενθοῦν-

571 4677 664 4743 qui
694 4675 894 4746 lugent,
926 4693 1018 4733 eos
1043 4679 1136 4749 qui
1170 4680 1318 4750 digni
1348 4693 1504 4738 erant
1534 4687 1745 4754 ploratu
1770 4689 2074 4758 deplorare.

648 4771 922 4832 Quomodo
957 4773 1092 4826 sedit
1127 4775 1241 4828 sola
1267 4776 1474 4830 civitas.
1509 4777 1731 4834 Videtur
1765 4790 1970 4846 autem,
2001 4783 2149 4853 quod

572 4861 766 4915 attinet
795 4862 862 4915 ad
897 4863 1153 4930 litteram,
1191 4865 1504 4936 signiﬁcare
1536 4868 1830 4925 multitudo
1852 4872 2035 4941 populi
2065 4871 2149 4927 in—

572 4952 881 5010 habitantes
910 4956 1221 5022 Israelitas;
1247 4967 1301 5011 et
1327 4957 1616 5013 multitudo
1640 4961 1905 5028 gentium,
1931 4963 2008 5016 uti
2033 4964 2148 5034 jam

569 5053 728 5100 antea
750 5047 1089 5113 dicebamus,
1123 5049 1444 5120 prosclytos.
1484 5053 1793 5123 Anagogice
1830 5069 1979 5122 vero,
2007 5070 2147 5124 quo-

570 5140 716 5192 niam
752 5141 1065 5210 cognatiora
1101 5153 1230 5198 sunt
1252 5145 1468 5208 animae,
1496 5152 1551 5199 et
1577 5145 1760 5199 minus
1780 5145 2144 5201 circumstan-

569 5229 660 5284 tiis
691 5230 884 5284 vallata
926 5233 1260 5302 speculativa
1316 5251 1483 5304 quam
1534 5235 1796 5304 practica,
1851 5236 2144 5290 multitudo

567 5321 751 5390 populi
804 5322 1046 5378 indicare
1100 5325 1299 5395 poterit
1349 5325 1521 5381 beatae
1563 5326 1710 5380 illius
1745 5324 2044 5382 Jerusalem
2089 5329 2144 5382 in

564 5414 987 5483 contemplando
1011 5415 1228 5471 divitias
1249 5435 1264 5482 ;
1284 5417 1574 5473 multitudo
1603 5434 1731 5473 vero
1761 5419 2000 5490 gentium
2027 5435 2143 5473 ma-

566 5521 731 5573 gnum
763 5505 1028 5560 bonarum
1061 5507 1338 5562 actionum
1363 5525 1674 5566 numerum.
1705 5509 1775 5563 Et
1801 5518 2141 5581 postpauca:

567 5597 700 5664 Quae
727 5601 883 5669 plena
919 5603 1123 5673 papnlo
1152 5615 1289 5670 erat.
1313 5604 1426 5660 sola
1453 5605 1626 5671 sedet,
1664 5620 1729 5662 eo
1762 5606 1905 5677 quod
1940 5621 2142 5676 sponsa

2249 4713 2367 4762 τες,
2394 4694 2658 4764 πενθῆσαι
2688 4695 2813 4758 τοὺς
2841 4692 2935 4746 τοῦ
2967 4691 3279 4746 πενθεῖσθαι
3304 4691 3507 4758 ἀξίους.

2319 4785 2454 4854 Πῶς
2495 4786 2739 4841 ἐκάθισε
2777 4787 2936 4856 μόνη
2982 4787 3022 4855 ή
3063 4786 3260 4851 πόλις.
3305 4787 3488 4839 Ἔοικε
3531 4783 3590 4838 δὲ
3629 4782 3688 4837 τὸ
3727 4783 3829 4853 μὲν

2250 4879 2456 4950 πλῆθος
2482 4878 2578 4932 τοῦ
2611 4877 2742 4932 λαοῦ
2771 4879 2897 4932 ὅσον
2931 4877 3023 4930 ἐπὶ
3054 4880 3120 4948 τῇ
3152 4877 3295 4944 λέξει
3319 4876 3512 4949 δηλοῦν
3544 4877 3669 4940 τοὺς
3699 4876 3831 4928 ὲνοι-

2247 4971 2481 5035 κοῦντας
2520 4969 2898 5043 Ἰσραηλίτας,
2937 4969 2999 5023 τὸ
3043 4969 3102 5023 δὲ
3147 4968 3348 5040 πλῆθος
3383 4968 3491 5022 τῶν
3525 4967 3716 5032 ἐθνῶν,
3750 4967 3829 5030 ὡς

2250 5063 2683 5134 προειρήκαμεν,
2714 5062 2840 5125 τοὺς
2868 5060 3257 5132 προσηλύτους.
3298 5061 3392 5124 Et;
3418 5059 3475 5116 δὲ
3511 5057 3827 5127 ἀναγωγὴν,

2247 5153 2370 5205 ἐπεὶ
2398 5152 2797 5224 συγγενέστερά
2817 5153 2934 5203 ὲστι
2958 5153 3024 5221 τῇ
3055 5150 3222 5222 ψυχῇ,
3264 5147 3370 5204 καῖ
3392 5151 3728 5220 άπερίστατα
3758 5147 3829 5200 τά

2248 5239 2556 5312 θεωρητικά
2594 5239 2857 5310 μᾶλλονῆ
2898 5239 2969 5292 τὰ
3020 5238 3317 5311 πρακτικὰ,
3367 5239 3427 5291 τὸ
3481 5239 3579 5310 μὲν
3625 5236 3829 5305 πλῆθος

2244 5331 2339 5386 τοῦ
2381 5331 2507 5385 λαοῦ
2552 5331 2806 5402 σημαίνοι
2839 5329 2906 5383 ἂν
2946 5329 3044 5400 τῆς
3079 5328 3521 5400 μακαριζομένης
3557 5329 3825 5398 Ἰερουσα-

2245 5422 2359 5494 λὴμ
2379 5423 2468 5475 τὸν
2491 5421 2718 5475 πλοῦτον
2738 5420 2846 5474 τῶν
2879 5421 3266 5493 θεωρημάτων’
3298 5421 3358 5474 τὸ
3393 5420 3449 5473 δὲ
3485 5420 3686 5490 πλῆθος
3719 5419 3830 5472 τῶν

2247 5513 2416 5569 ἐθνῶν
2440 5513 2530 5567 τὸν
2569 5513 2734 5567 πολὺν
2777 5512 3006 5583 ἀριθμὸν
3047 5513 3155 5568 τῶν
3201 5513 3380 5568 καλῶν
3417 5511 3686 5583 πράξεων.
3713 5509 3825 5563 Καὶ

2244 5605 2372 5676 μετ’
2404 5606 2595 5675 ὀλίγαο
2635 5606 2701 5660 Ἦ
2736 5605 3160 5678 πεπληθυσμένη
3194 5608 3253 5662 ὲν
3284 5606 3459 5662 ἔθνεσι
3494 5604 3631 5677 μόνη
3668 5600 3832 5658 καθέ-

640 5829 681 5860 ⁹¹
718 5829 876 5888 Rum.
915 5850 1010 5904 xu,
1055 5837 1137 5890 15.
1215 5839 1259 5870 θ’
1300 5836 1432 5894 Luc.
1462 5855 1577 5907 xxx,
1610 5839 1713 5909 4|;
1756 5837 1948 5896 Matth.
1981 5854 2139 5910 χχιιι,

2335 5840 2378 5872 ’⁸
2401 5837 2535 5894 Luc.
2567 5853 2643 5906 v1,
2669 5837 2758 5892 2|.
2833 5838 2876 5871 ”
2905 5837 3090 5894 Matth.
3123 5855 3175 5904 v,
3203 5838 3256 5893 5.
