4140 6452
278 272 389 332 699

1497 270 1808 329 SELECTA
1845 267 1913 324 IN
1952 268 2296 361 THBENOS.

3442 282 3557 336 M0

277 392 430 459 ζεται
455 394 534 467 τῷ
561 396 654 450 τὸν
681 395 913 469 νυμφίον
944 394 1100 464 λόγον
1128 395 1162 466 ἡ
1190 393 1375 466 νύμφη
1408 390 1863 464 ἀποϐεϐληκέναι,

1969 404 2229 459 sponsum
2254 387 2493 445 Verbum
2527 388 2794 456 amiserit,
2837 389 2979 446 facta
3011 392 3167 462 quasi
3216 394 3378 451 vidua
3425 412 3555 465 quas

279 485 539 557 ⁴γινομένη
572 486 649 550 ὡς
679 487 824 558 χήρα
848 488 883 557 ή
920 502 1049 539 ποτε
1082 488 1195 550 τοῖς
1232 485 1649 558 προειρημένοις
1686 481 1862 536 ἔθνεσι

1967 485 2240 554 quondam
2270 483 2545 554 praedictis
2572 485 2824 556 gentibus
2849 486 3125 544 afﬂuebat.

281 576 586 648 πλήθουσα.

360 665 471 719 Τοῦ
499 665 707 720 αὐτοῦ.
737 666 902 720 Ὅσον
931 667 1025 719 ἐπὶ
1053 668 1119 737 τῇ
1164 664 1308 730 λέξει
1352 663 1581 738 ἁρμόζει
1623 663 1723 735 τὴν
1769 665 1865 718 Ἰε-

2038 655 2312 726 Ejusdem.
2340 657 2418 712 Ad
2446 657 2678 712 litteram
2709 657 2854 727 quod
2891 657 3104 723 attinet,
3138 673 3438 728 congruum
3465 670 3551 715 est

287 754 571 826 ρουσαλὴμ
596 755 834 811 νοεῖσθαι
859 755 1109 825 λέγεσθαι
1140 754 1279 826 μετά
1301 754 1629 827 θαυμασμοῦ
1655 754 1742 810 διὰ
1767 755 1865 826 τὴν

1967 747 2268 803 Jerusalem
2302 750 2599 819 intelligere
2623 750 2730 804 diei
2761 766 2884 804 cum
2908 749 3290 814 admiratione,
3330 764 3552 820 propter

286 848 381 900 ἐπὶ
410 846 472 900 τὸ
506 846 953 919 σκυθρωπότερον
979 844 1285 918 μεταϐολὴν
1320 844 1671 919 μεμονῶσθαι
1709 843 1866 900 καθί-

1967 838 2325 892 mutationem
2376 839 2429 892 in
2478 839 2720 909 pi-jorem
2777 840 3048 896 fortunam
3101 840 3307 894 sedisse
3350 843 3546 903 solam.

288 953 461 990 σασαν
502 935 601 1008 τὴν
650 937 779 991 ποτὲ
826 934 1135 1007 πλήθουσαν
1164 934 1337 1001 λαῶν,
1383 934 1472 988 ἵνα
1500 936 1534 1006 ἡ
1570 929 1864 1006 μόνωσιςῇ

1967 943 2089 998 quae
2118 938 2277 983 antea
2313 931 2530 1000 populis
2558 931 2892 998 abundabat,
2928 939 2986 984 ut
3015 930 3250 985 solitudo
3280 930 3549 987 desolatio

252 1008 258 1037 ³
287 1027 515 1102 ἐρημία,
541 1029 575 1098 ἢ
609 1028 780 1098 αὐτῆς
806 1027 1102 1098 ἐσχηκυίας
1143 1028 1242 1098 μὲν
1284 1027 1454 1099 ἄνδρα
1492 1026 1585 1080 τὸν
1624 1025 1865 1098 προστά-

1967 1019 2075 1086 sit;
2100 1018 2185 1074 vel
2208 1020 2352 1089 quod
2381 1020 2500 1090 ipsa
2522 1020 2776 1076 habuerit
2795 1021 3011 1093 quidem
3040 1021 3215 1074 virum
3244 1022 3549 1077 animatum

288 1136 389 1189 την
405 1119 642 1190 ἔμψυχον
667 1119 859 1188 Λόγον,
879 1121 968 1174 ὅτε
998 1117 1146 1189 αὐτῷ
1171 1118 1355 1172 εἵπετο
1380 1117 1715 1189 παρόντικαὶ
1742 1116 1869 1188 βοη-

286 1210 494 1277 θοῦντι,
541 1210 939 1283 κεχηρευκυίας
981 1210 1039 1264 δὲ
1090 1211 1184 1264 καὶ
1227 1209 1729 1282 καταλελειμμένης
1775 1211 1866 1265 ὑπ’

285 1299 453 1354 αὐτοῦ
483 1301 572 1355 διὰ
618 1302 688 1356 τά
733 1299 1119 1373 ἡμαρτημένα.
1164 1301 1275 1356 Καὶ
1308 1302 1437 1370 μεθ’
1460 1301 1650 1371 ἕτεραο
1684 1300 1869 1356 Ταῦτα

289 1392 390 1461 μὲν
419 1388 513 1446 οὖν
547 1392 682 1464 πρὸς
710 1392 772 1446 τὸ
816 1392 998 1465 ρητόν⁶
1029 1392 1166 1463 πρὸς
1204 1393 1261 1446 δὲ
1293 1392 1551 1459 διάνοιαν,
1602 1394 1868 1466 Ἰερουσα-

1968 1107 2230 1172 Verbum,
2268 1109 2445 1180 ipsum
2478 1110 2625 1182 quod
2664 1120 2860 1181 praeest
2888 1112 3111 1177 rationi,
3152 1112 3373 1180 quando
3418 1113 3548 1165 illu.l

1969 1200 2298 1270 sequebatur
2330 1216 2571 1270 prmsens
2614 1208 2670 1255 et
2711 1201 3013 1270 adjuvans;
3063 1201 3223 1256 viilna
3261 1203 3455 1257 deinde
3488 1220 3552 1257 ac

1969 1291 2229 1347 derelicta
2261 1291 2333 1346 sit
2371 1292 2439 1347 ab
2476 1307 2541 1347 eo
2581 1301 2802 1363 propter
2828 1293 3044 1348 delicta.
3087 1294 3154 1348 Et
3181 1293 3403 1364 infrrius
3434 1310 3452 1347 :
3488 1294 3553 1349 Et
3614 1288 3617 1289 ⁷

1969 1382 2089 1438 haec
2118 1383 2338 1454 quidem
2370 1384 2436 1438 ad
2470 1383 2738 1453 litteram;
2767 1385 2831 1438 ad
2865 1386 3239 1441 sublimiorem
3270 1402 3399 1440 vero
3427 1401 3545 1440 scn—
3617 1457 3621 1461 ἴ

289 1479 403 1552 λὴμ
429 1482 751 1554 εὐθηνοῦσα,
784 1484 878 1537 καὶ
904 1482 1018 1555 λαῷ
1062 1484 1157 1537 καὶ
1196 1483 1373 1538 ἔθνεσι
1414 1483 1729 1556 πλήθουσα,
1776 1485 1865 1539 καὶ

1970 1491 2116 1539 sum,
2139 1473 2442 1530 Jerusalem
2469 1475 2522 1531 in
2547 1474 2806 1531 felicitate
2828 1477 2955 1545 sita,
2981 1491 3034 1533 et
3057 1478 3283 1549 populo,
3303 1485 3357 1533 et
3377 1479 3553 1550 genti-

289 1572 484 1643 χωρῶν
520 1574 785 1646 ἄρχουσα,
829 1575 862 1645 ἡ
898 1574 1018 1629 θεία
1065 1575 1182 1629 ἐστὶ
1218 1575 1386 1648 ψυχή.
1417 1577 1527 1628 Καὶ
1557 1576 1619 1630 οὺ
1662 1576 1865 1647 θαυμα-

1970 1566 2073 1622 bus
2101 1567 2409 1635 abundans,
2443 1577 2497 1622 et
2519 1567 2925 1638 provinciarum
2957 1569 3231 1639 princeps,
3260 1570 3444 1625 divina
3472 1581 3553 1624 est

293 1660 418 1714 στὸν
449 1664 498 1716 εί
528 1663 590 1715 οὐ
623 1663 784 1733 μόνον
811 1664 979 1728 οικία,
1017 1664 1138 1717 οὐδὲ
1170 1663 1416 1728 ἔπαυλις,
1448 1664 1571 1718 οὑδὲ
1600 1667 1633 1735 ή
1665 1665 1865 1736 ταύτης

1971 1652 2177 1707 anima.
2207 1651 2317 1709 Nec
2351 1655 2571 1721 mirum,
2591 1655 2766 1710 sinon
2793 1665 3005 1711 tantum
3037 1658 3256 1725 domus,
3282 1667 3376 1714 aut
3404 1658 3551 1722 villa,

291 1750 493 1820 μείζων
526 1727 686 1826 κώμη
718 1753 1243 1826 προσαγορευθεῖσα,
1278 1727 1409 1807 οὐδὲν
1432 1755 1585 1818 πόλις
1681 1727 1865 1825 τυχού-

1975 1753 2091 1811 aut,
2122 1746 2270 1815 quod
2305 1746 2484 1817 majus
2505 1755 2609 1813 est,
2637 1746 2791 1804 vicus
2816 1748 3082 1818 appellata
3109 1750 3199 1816 sit,
3236 1766 3335 1806 nec
3357 1753 3556 1807 civitas

292 1861 381 1909 σα,
416 1844 553 1906 ἀλλά
580 1846 771 1900 πασῶν
795 1846 1002 1900 πόλεων
1042 1846 1392 1918 διαφέρουσα,
1430 1846 1524 1901 καὶ
1564 1847 1718 1919 παρά
1755 1846 1865 1918 Θεῷ

1975 1851 2338 1907 quaecunque,
2395 1838 2490 1893 sed
2551 1839 2760 1894 caeteris
2815 1840 3043 1894 urbibus
3082 1844 3448 1910 praestantior,
3497 1855 3557 1898 et

286 1935 629 2005 τετιμημένη
675 1936 1033 2007 Ἰερουσαλὴμ
1069 1935 1395 2008 χρηματίζει
1426 1938 1459 2008 ἠ
1485 1936 1665 1991 τελεία
1696 1937 1872 2009 ψυχὴ,

294 2025 556 2095 μεγέθους
579 2026 859 2096 ἀξιολόγου
888 2027 1041 2081 πόλει
1064 2030 1130 2099 τῇ
1162 2028 1392 2102 μεγίστῃ
1418 2028 1872 2101 περιδαλλομένου

292 2115 431 2186 αὐτῇ
468 2115 575 2169 ὑπὸ
599 2116 698 2187 τῆς
732 2117 922 2187 σοφίας
959 2117 1054 2170 καὶ
1092 2118 1270 2189 πάσης
1299 2118 1501 2191 ἀρετῆς
1530 2119 1875 2191 περιτιθεμέ-

292 2221 391 2275 νης
439 2205 812 2261 πολλαπλάσια
862 2209 1287 2280 οἰκοδομήματα.
1345 2209 1457 2263 Καὶ
1495 2211 1623 2278 μετ’
1675 2211 1868 2281 ὀλίγα⁸

294 2297 505 2368 Ὠσπερ
534 2296 589 2351 δὲ
632 2298 839 2353 ἔνεστιν
890 2299 1020 2353 ίδεῖν
1071 2301 1424 2374 Ἰερουσαλὴμ
1446 2302 1869 2375 εὐθηνουμένην,

291 2386 665 2456 πληθύνουσαν
693 2388 808 2459 λαῷ
845 2390 939 2443 καὶ
971 2390 1198 2457 ἔθνεσιν,
1240 2393 1334 2446 καὶ
1365 2394 1639 2465 ἄρχουσαν
1672 2396 1731 2447 ὲν
1762 2395 1871 2466 χὼ-

294 2493 434 2548 ραις,
479 2476 650 2542 οὓτως
697 2479 746 2531 εί
788 2482 1124 2553 μεταπτωτή
1168 2483 1318 2536 ἐστιν
1356 2483 1389 2553 ή
1442 2483 1643 2554 ἀρετὴ,
1681 2501 1873 2554 μονου-

293 2569 458 2639 μένην
485 2569 619 2622 ποτὲ
647 2569 814 2642 αὐτὴν
841 2572 935 2625 καὶ
963 2571 1332 2643 χηρεύουσαν,
1362 2573 1458 2627 καὶ
1486 2573 1868 2640 δουλεύουσαν,

289 2659 429 2713 ὥστε
473 2661 567 2714 καὶ
615 2661 815 2733 φόρους
861 2661 940 2733 τῷ
982 2662 1320 2734 κρατήσαντι
1363 2663 1534 2734 αὐτῆς
1566 2663 1746 2737 ἐχθρῷ
1777 2683 1870 2719 τε-

288 2751 397 2804 λεῖν
430 2752 573 2806 κατά
617 2752 715 2824 τήν
764 2753 943 2825 ψυχὴν
988 2753 1081 2807 τοῦ
1127 2755 1544 2819 ἐπιπεπτωκότος
1588 2757 1689 2829 τῆς
1738 2756 1872 2829 ἀλη-

289 2842 460 2908 θείας.

363 2938 664 3005 Ἄρχουσα
689 2937 762 2990 ἐν
786 2936 1024 3008 χώραις.
1053 2938 1118 2992 Τί
1147 2938 1228 2992 δεῖ
1253 2938 1430 3009 λέγειν
1461 2939 1557 2994 καὶ
1594 2940 1723 3013 περὶ
1751 2939 1868 3009 τοῦ,

1973 1927 2117 1996 apud
2152 1925 2321 1982 Deum
2363 1927 2415 1982 in
2457 1929 2633 1999 prctio
2682 1928 2887 1993 habita,
2927 1926 3229 1986 Jerusalem
3259 1941 3342 1988 est
3371 1934 3551 1987 anima

1971 2016 2239 2088 perfecta,
2286 2019 2450 2075 dante
2495 2020 2573 2075 illi
2618 2020 2886 2090 sapientia
2940 2022 3369 2092 magnitudinem
3420 2025 3555 2079 urbe

1975 2108 2215 2164 maxima
2259 2111 2499 2181 dignam,
2534 2124 2588 2168 et
2627 2114 2841 2169 cunctis
2886 2114 3180 2169 virtutibus
3231 2117 3553 2185 multiplicia

1975 2203 2425 2271 componentibus
2454 2205 2702 2261 aedilicia.
2730 2206 2797 2261 Et
2827 2207 3009 2276 paucis
3042 2207 3325 2278 interjectis
3350 2223 3369 2262 :
3403 2208 3558 2263 Sicut

1971 2308 2101 2347 vero
2126 2294 2308 2348 videre
2338 2294 2463 2349 licet
2492 2294 2795 2353 Jerusalem
2830 2297 2884 2352 in
2922 2313 3137 2353 summa
3170 2298 3431 2355 felicitate
3459 2302 3555 2355 de-

1972 2393 2210 2454 gentem,
2244 2386 2447 2456 populo
2472 2389 2840 2443 abundantem
2873 2398 2928 2444 et
2954 2391 3229 2461 gentibus,
3265 2402 3316 2445 et
3346 2392 3556 2461 princi-

1971 2491 2093 2546 pem
2124 2478 2569 2547 provinciarum;
2616 2480 2712 2546 ita,
2759 2480 2806 2536 si
2841 2481 3041 2535 labitur
3081 2484 3272 2548 virtus,
3305 2484 3554 2537 eamdem

1973 2567 2144 2637 ipsam
2181 2568 2498 2636 desolatam,
2534 2577 2587 2625 et
2609 2570 2908 2637 viduatam,
2935 2580 2989 2626 et
3010 2572 3363 2639 servientem,
3393 2574 3465 2627 ita
3497 2585 3557 2629 ut

1971 2667 2026 2713 et
2057 2659 2258 2713 tributa
2299 2661 2499 2730 pendat
2538 2662 2679 2717 hosti
2714 2663 2807 2732 qui
2839 2678 2958 2718 eam
2992 2665 3225 2733 subegit,
3256 2679 3363 2719 non
3397 2681 3558 2720 secus

1971 2759 2137 2822 atque
2158 2751 2305 2806 illius
2330 2752 2513 2807 anima
2540 2753 2634 2824 qui
2667 2768 2699 2808 a
2736 2755 2962 2810 veritate
2985 2754 3201 2811 cecidit.

2046 2928 2300 3000 Princeps
2329 2930 2383 2984 in
2405 2930 2716 3001 provinciis.
2751 2930 2892 2998 Quid
2921 2946 3050 2988 vero
3076 2941 3130 2988 et
3158 2931 3225 2987 de
3257 2933 3349 2988 illo
3372 2932 3554 2988 dicere

287 3027 392 3090 ὅτι,
440 3027 649 3098 ἄρξασα
697 3031 911 3103 χωρῶν,
945 3030 1038 3086 ἐπὶ
1088 3031 1339 3085 τοσοῦτον
1393 3030 1673 3085 δουλοῦται
1718 3031 1865 3104 παρὰ

1972 3022 2184 3087 attinet,
2219 3023 2365 3093 quod
2393 3024 2647 3095 princeps
2685 3024 3091 3096 provinciarum
3126 3036 3275 3082 tanta
3309 3028 3552 3086 hostium

286 3122 401 3180 ὀῖς
450 3120 682 3195 ἐχθροῖς,
727 3121 867 3176 ὥστε
918 3123 1011 3177 καὶ
1060 3123 1226 3195 φόρον
1265 3122 1349 3175 ἀεὶ
1392 3120 1564 3195 αὐτὴν
1602 3122 1865 3177 ἐπιτελεῖν

1972 3116 2233 3171 servitute
2264 3126 2566 3186 prematur,
2597 3129 2656 3172 ut
2682 3132 2897 3187 semper
2930 3119 3130 3174 tributa
3162 3121 3359 3190 pendat
3396 3124 3555 3177 malis

286 3212 401 3272 τοῖς
455 3213 645 3275 κακοῖς
691 3211 998 3276 δεσπόταις,
1024 3212 1061 3267 ἃ
1091 3212 1158 3268 ἂν
1199 3215 1397 3267 ἐκεῖνοι
1428 3216 1866 3284 προστάττωσινς

1967 3206 2230 3274 dominis,
2263 3223 2383 3277 qua:
2416 3208 2492 3263 illi
2523 3209 2883 3280 praecipiunt?
2901 3212 3226 3282 praecipiunt
3255 3228 3386 3268 vero
3418 3214 3554 3268 nihil

286 3300 683 3373 προστάττουσι
715 3302 772 3355 δὲ
796 3302 1030 3374 χρηστὸν
1062 3302 1238 3358 οὐδέν.
1267 3303 1378 3357 Καὶ
1410 3303 1551 3374 τάχα
1584 3302 1704 3358 καθ’
1738 3303 1865 3358 ἕκα-

1967 3296 2120 3353 boni.
2156 3296 2222 3353 Et
2252 3299 2482 3356 fortasse
2511 3316 2607 3369 per
2632 3301 2847 3372 singula
2876 3317 2999 3372 qua:
3029 3303 3116 3359 hic
3146 3315 3356 3374 peccat,
3384 3307 3553 3361 tribu-

288 3407 413 3447 στον
447 3385 522 3447 ὧν
550 3393 734 3447 πταίει
764 3394 977 3459 ἐνθάδε,
1012 3394 1176 3466 φόρον
1206 3395 1330 3455 τινὰ
1357 3395 1503 3449 τελεῖ
1539 3395 1618 3468 τῷ
1658 3396 1870 3450 Ναϐου-

284 3484 588 3558 χοδονόσορ,
626 3485 685 3550 ὃς
698 3486 1071 3558 ’ἑρμηνεύεται
1095 3487 1458 3558 ἐγκιιθισμὸς
1495 3486 1592 3542 καὶ
1615 3488 1869 3559 ἐπίγνω-

283 3585 385 3637 σις
409 3572 704 3643 συνοχῆςο
736 3574 798 3627 ού
826 3574 984 3646 μόνον
1011 3575 1069 3628 δὲ
1103 3574 1181 3647 τῷ
1213 3576 1704 3651 Ναθουχοδονόσορ,
1733 3577 1870 3634 ἀλλά

284 3660 380 3715 καὶ
409 3666 524 3726 τοῖς
554 3663 862 3736 σατράπαις
894 3665 1083 3720 αὐτοῦ.

354 3755 667 3809 κλαίουσα
709 3755 1017 3811 ἔκλαυσεν
1064 3758 1137 3812 ἐν
1182 3758 1377 3812 νυκτί.
1442 3758 1567 3813 Ἐπὶ
1619 3760 1717 3830 μὲν
1772 3758 1868 3814 τοῦ

282 3842 504 3915 πρώτου
561 3844 760 3918 θρήνου
810 3846 903 3900 τοῦ
953 3849 1125 3917 Ἀλεφ
1185 3849 1494 3921 ἀρξαμένου
1516 3888 1531 3913 ,
1574 3848 1673 3923 τὴν
1724 3849 1868 3915 λέξιν

284 3936 461 3990 σῶσαι
504 3936 873 4010 δεδυνήμεθω
921 3940 1013 3993 ἐπὶ
1044 3939 1325 4016 δὲπούτου
1368 3942 1424 3996 τί
1463 3942 1530 3998 ἄν
1574 3960 1661 4007 τις
1698 3943 1865 4009 είποι,

278 4028 583 4104 λεγομένης
623 4031 830 4097 πόλεως
875 4031 1238 4088 κεκλαυκέναι
1272 4036 1333 4090 ὲν
1365 4034 1559 4101 νυκτὶ,
1602 4034 1746 4090 ὥστε
1797 4035 1869 4092 τὰ

275 4120 494 4191 δάκρυα
542 4118 683 4178 εἶναι
721 4124 817 4179 ἐπὶ
853 4125 963 4180 τῶν
1007 4126 1275 4195 σιαγόνων
1314 4127 1520 4197 αὐτῆςς
1567 4130 1617 4182 εί
1644 4128 1721 4200 μὴ
1757 4129 1869 4202 ἄρα

276 4214 410 4278 τοὺς
448 4214 790 4281 ἑνοικοῦντάς
811 4234 897 4281 τις
930 4218 1045 4289 ἐρεῖ
1082 4216 1237 4270 πόλιν
1269 4208 1708 4291 ὀνομαζομένους
1741 4220 1868 4287 τοὺς

273 4302 377 4358 καὶ
402 4304 565 4375 φόρον
585 4305 742 4359 τελοῦ
751 4322 895 4372 ντας,
919 4306 1013 4360 καὶ
1033 4305 1392 4361 κεκλαυκὲναι
1418 4307 1866 4381 ὑπομνησθέντας

1970 3395 2085 3442 tum
2125 3391 2401 3459 quoddam
2441 3388 2975 3449 Nabuchodonosori
3013 3398 3295 3466 persolvit,
3338 3400 3433 3470 qui
3468 3400 3555 3455 in-

1970 3488 2297 3549 terpretatur
2326 3482 2560 3538 insessus
2589 3494 2640 3538 et
2668 3486 2930 3555 angustia
2962 3489 3228 3558 cognitio;
3257 3489 3418 3562 323
3453 3508 3555 3548 nec

1970 3579 2183 3627 tantum
2217 3572 2764 3644 Nabuchodonosori,
2798 3578 2892 3634 sed
2922 3586 2977 3634 et
3003 3582 3237 3651 satrapis
3272 3582 3415 3652 ejus.

2040 3753 2269 3809 Plorans
2288 3755 2513 3823 ploravit
2536 3754 2591 3809 in
2611 3765 2782 3811 nocte.
2809 3754 2868 3811 In
2894 3755 3072 3827 primo
3091 3756 3310 3828 quidem
3331 3756 3553 3815 Threno

1969 3846 2263 3916 incipiente
2291 3845 2361 3900 ab
2380 3846 2574 3917 Aleph,
2609 3846 2843 3903 litteram
2875 3863 3094 3904 servare
3118 3849 3406 3920 potuimus
3440 3869 3456 3908 :
3496 3862 3554 3909 at

1968 3936 2025 3992 in
2071 3938 2175 3993 hoc
2205 3936 2337 4008 quid
2370 3936 2479 3994 dici
2508 3939 2723 4009 poterit,
2755 3940 2847 3995 ubi
2894 3940 3089 3997 ciVitas
3136 3942 3189 3997 in
3233 3951 3394 3998 nocte
3431 3945 3552 4016 plo-

1967 4044 2121 4085 rasse
2143 4029 2366 4096 dicitur,
2399 4039 2462 4085 ut
2487 4030 2599 4085 sint
2628 4031 2884 4102 lacrymae
2908 4032 3028 4103 ejus
3050 4032 3103 4088 in
3130 4035 3366 4093 maxillis
3391 4037 3553 4106 ejus?

1966 4122 2072 4176 nisi
2102 4122 2230 4192 quis
2272 4121 2420 4178 dicat
2453 4122 2609 4178 urbis
2651 4124 2875 4181 nomine
2908 4134 3132 4182 vocatos
3187 4127 3553 4184 inhabitantes

1966 4212 2062 4282 qui
2089 4222 2145 4267 et
2178 4213 2382 4268 tributa
2409 4212 2612 4281 ferunt,
2640 4225 2694 4270 et
2724 4215 2969 4285 plorasse
2994 4217 3308 4273 recordatos
3336 4234 3402 4273 ex
3441 4235 3549 4289 qua

1965 4319 2100 4375 pace
2127 4312 2179 4360 et
2213 4304 2461 4359 libertate
2488 4317 2747 4375 quantam
2777 4306 2833 4361 in
2867 4308 3182 4363 servitutem
3210 4318 3265 4363 et
3292 4310 3553 4381 dejectio-

273 4393 342 4462 ἐξ
370 4394 487 4460 οἵας
512 4396 734 4469 εἰρήνης
765 4397 860 4450 καὶ
888 4396 1202 4469 ἐλευθερίας
1230 4398 1311 4462 είς
1343 4392 1475 4471 ὅσην
1501 4399 1747 4454 δουλείαν
1768 4402 1865 4455 καὶ

1969 4412 2095 4451 nem
2135 4396 2431 4451 venissent.
2478 4396 2550 4451 At
2589 4398 2868 4467 quomodo
2904 4399 3056 4468 illud,
3092 4401 3148 4454 in
3188 4410 3357 4468 nocte,
3390 4416 3553 4456 enar-

270 4489 608 4545 ταπείνωσιν
653 4488 997 4559 ἐληλύθασιν.
1035 4490 1161 4555 Πῶς
1211 4486 1305 4546 οὖν
1348 4491 1724 4564 διηγησόμεθα
1767 4494 1865 4547 καὶ

269 4582 363 4649 τὸ,
395 4582 466 4637 ἐν
492 4583 703 4648 νυκτί;
735 4582 769 4654 ἢ
797 4583 879 4636 ὅτι
910 4583 969 4636 ὲν
1002 4582 1081 4654 τῷ
1123 4583 1303 4655 καιρῷ
1334 4583 1434 4656 τῆς
1476 4584 1659 4656 κοινῆς
1689 4585 1866 4639 ἀπάν-

269 4691 389 4732 των
420 4673 724 4747 ἀνθρώπιον
768 4674 1133 4739 ἀναπαύσεως
1175 4676 1209 4746 ἠ
1243 4675 1399 4739 πόλις
1450 4675 1864 4748 ὑπομιμνησκο-

275 4766 421 4839 μένη
450 4766 559 4821 τῶν
588 4764 904 4839 συμφορῶν.
936 4765 1217 4821 τουτέστιν
1240 4770 1289 4822 οἱ
1326 4768 1425 4840 τὴν
1464 4766 1619 4821 πόλιν
1653 4767 1865 4822 οἰκοῦν-

271 4871 405 4921 τες,
468 4857 569 4911 οὐκ
640 4858 1045 4929 ἀναπαυόμενοι
1083 4858 1295 4913 ἔκλαιον
1320 4898 1336 4923 ,
1396 4858 1690 4930 κρουνηδὸν
1748 4857 1861 4912 τῶν

264 4947 525 5020 δικρύων
579 4950 990 5023 καταρρεόντων
1042 4952 1136 5006 ἐπὶ
1187 4951 1297 5006 τῶν
1337 4950 1602 5020 σιαγόνων
1641 4949 1857 5018 αύτῶν;

281 5039 630 5094 Ἐπετείνετο
694 5040 752 5094 δὲ
794 5040 1026 5111 μάλιστα
1078 5042 1262 5106 αὐτοῖς
1308 5043 1339 5095 ὁ
1409 5039 1720 5112 κλαυθμὸς,
1763 5042 1860 5095 καὶ

265 5129 502 5203 ἒπέρρει
532 5130 613 5184 ’τά
643 5130 855 5203 δάκρυα
891 5131 991 5202 οὐχ
1020 5132 1379 5204 ’ὑπάρχοντος
1430 5130 1645 5198 οὐδενὸς
1678 5148 1858 5204 παρα-

269 5216 619 5292 μυθουμένου
660 5220 857 5283 αὐτοὺς
889 5221 1005 5275 ἀπὸ
1034 5219 1305 5275 τοσούτων
1324 5221 1685 5290 ἀγαπώντων,
1724 5238 1861 5275 παν-

264 5308 368 5372 τός
393 5327 452 5363 τε
477 5308 570 5364 τοῦ
596 5309 875 5380 φιλοῦντος
907 5310 1226 5376 ἀθετοῦντος
1256 5312 1355 5381 τὴν
1384 5309 1567 5381 φιλίαν
1591 5310 1691 5382 τὴν
1721 5311 1858 5382 πρὸς

264 5399 466 5471 αὐτὴν,
502 5402 595 5455 καὶ
629 5401 1095 5473 μεταϐεϐληκότπ
1125 5404 1207 5466 είς
1231 5401 1454 5474 ἔχθραν.
1477 5401 1635 5465 τίνες
1663 5396 1755 5455 οὖν
1781 5400 1858 5464 ὡς

262 5490 413 5565 πρὸς
435 5492 535 5564 τὴν
560 5492 703 5558 λέξιν
727 5495 776 5548 οἱ
804 5494 1126 5563 ἀγαπῶντες
1148 5495 1321 5567 αὐτὴν
1349 5493 1633 5566 πρότερον,
1662 5494 1754 5562 ἀφ’
1782 5484 1858 5546 ὧν

262 5582 450 5647 οὐδεὶς
496 5584 710 5656 ὑπῆρχε
766 5586 1297 5657 παραμυθησόμενος
1342 5588 1546 5659 αύτήν;
1596 5587 1751 5657 Τάχα
1799 5587 1857 5640 αἱ

174 5742 183 5750 υ
262 5676 457 5730 λοιπαὶ
486 5676 585 5746 τῆς
625 5674 884 5739 Ἰουδαίας
904 5676 1107 5743 πόλεις.
1135 5680 1232 5732 Διά
1261 5678 1421 5734 τοῦτο
1459 5680 1514 5734 δὲ
1554 5680 1682 5743 ἴσως
1718 5680 1856 5748 ἀγα-

1963 4488 2247 4544 rabimus?
2286 4503 2355 4542 an
2387 4490 2530 4559 quod
2568 4500 2811 4561 tempore
2836 4492 3144 4548 communis
3170 4493 3414 4547 omnium
3452 4492 3553 4548 ho-

1964 4582 2177 4637 minum
2231 4581 2430 4652 quietis
2478 4581 2714 4649 civitas,
2767 4582 2873 4638 hoc
2917 4593 3002 4640 est
3044 4583 3164 4654 ejus
3216 4584 3550 4641 habitatores

1965 4688 2239 4729 memores
2278 4672 2651 4729 calamitatum
2690 4690 2796 4729 non
2845 4675 3175 4745 quiescendo
3226 4675 3548 4744 plorabant,

1963 4765 2096 4821 rivis
2145 4766 2508 4836 lacrymarum
2559 4764 2920 4821 deﬂuentibus
2964 4766 3019 4821 in
3062 4766 3301 4823 maxillis
3323 4767 3551 4822 eorum?

1967 4857 2284 4927 Augebatur
2323 4872 2451 4911 vero
2487 4856 2595 4911 illis
2625 4857 2861 4912 maxime
2904 4857 3169 4927 ploratus,
3203 4867 3257 4913 et
3293 4858 3550 4930 lacryma

1967 4946 2210 5003 ﬂuebant
2254 4947 2401 5018 quod
2434 4963 2596 5002 nemo
2640 4958 2788 5005 esset
2812 4948 2905 5017 qui
2936 4965 3032 5005 eos
3074 4949 3451 5006 consolaretur
3478 4949 3547 5005 de

1966 5047 2047 5095 tot
2091 5038 2320 5105 amicis,
2373 5048 2427 5094 et
2481 5039 2661 5095 omnis
2712 5038 2919 5097 amicus
2955 5041 3249 5099 amicitiam
3305 5058 3429 5098 cum
3478 5058 3544 5096 ea

1964 5138 2269 5201 sperneret,
2289 5140 2344 5188 et
2372 5131 2425 5185 in
2457 5131 2642 5187 odium
2682 5131 3062 5188 convertisset.
3106 5130 3338 5198 Quinam
3378 5131 3545 5202 igitur

1965 5222 2033 5276 ad
2063 5220 2298 5275 litteram
2323 5221 2566 5290 suntqui
2592 5220 2743 5290 prius
2772 5219 2918 5274 illam
2944 5220 3256 5291 diligebant,
3281 5237 3311 5275 e
3340 5221 3544 5290 quibus

1966 5311 2149 5366 nullus
2180 5311 2370 5365 aderat
2391 5311 2483 5380 qui
2517 5309 2891 5365 consolaretur
2921 5311 3080 5364 eam?
3121 5309 3368 5366 Forsitan
3414 5310 3543 5363 ποι-Ιί-

1965 5418 2087 5475 quae
2121 5401 2321 5458 Judaam
2360 5402 2625 5458 civitates.
2658 5401 2882 5472 Propter
2914 5402 3017 5457 hoc
3042 5412 3219 5456 autem
3256 5401 3394 5455 forte
3424 5400 3545 5457 dili~

1966 5507 2154 5569 gentes
2190 5496 2554 5566 metropolim,
2586 5505 2831 5564 tempore
2876 5495 3180 5552 alliictionis
3210 5511 3316 5549 non
3345 5510 3543 5550 conso~

1966 5586 2239 5641 labantur.
2276 5589 2346 5640 Et
2383 5585 2566 5655 paucis
2602 5585 2889 5653 intcrjectis
2927 5602 2944 5638 :
2990 5583 3052 5638 Et
3082 5584 3195 5639 haec
3223 5585 3439 5654 quidem
3474 5587 3543 5640 de

1964 5679 2163 5734 littera.
2202 5676 2258 5732 Si
2294 5692 2424 5732 vero
2451 5677 2539 5731 hic
2572 5690 2771 5741 sermo,
2813 5686 2869 5731 ut
2903 5677 2954 5732 in
2986 5675 3419 5747 prmccdcntibus
3450 5694 3551 5734 cx-
