4140 6448
546 273 644 325 (ill
1968 269 2060 325 EX
2098 269 2127 324 ί

2230 266 2400 327 BENE
3713 268 3747 323 ε
3760 268 3821 325 ιτ

546 390 857 461 posuimus,
891 386 1195 444 Jerusalem
1228 395 1385 442 vocat
1411 384 1703 455 perfectam
1739 381 2001 449 animam,
2040 386 2127 440 illa

2236 386 2417 440 πῶσαι
2461 384 2561 456 τὴν
2593 384 2960 458 μητρόπολιν,
3006 387 3065 439 tv
3118 380 3296 455 καιρῖ»
3325 380 3705 454 περιστάσεως
3752 385 3820 436 οὐ

546 482 677 538 ﬂere
724 480 951 537 dicenda
986 488 1105 546 est,
1152 478 1298 548 quod
1338 492 1371 532 e
1419 492 1520 532 suo
1557 485 1701 533 statu
1743 477 2027 532 deturbata
2071 477 2126 530 in

2238 476 2603 549 παρεκάλουν.
2632 477 2741 531 Καί
2774 478 2899 545 μετ’
2925 476 3118 546 ὀλίταο
3144 473 3331 529 Ταῦτα
3364 474 3462 545 μὲν
3491 472 3568 537 ὡς
3598 472 3740 545 πρὸς
3760 472 3823 528 τὸ

544 574 920 629 confusionem
955 572 1046 636 sit,
1084 581 1137 625 et
1168 569 1416 640 opposita
1448 569 1807 640 dispositione
1832 569 2020 623 aﬁ‘ecta
2050 569 2127 623 illi

2241 565 2403 638 ῥητόν
2422 582 2435 596 ·
2473 565 2568 619 ἐὰν
2593 565 2653 619 δὲ
2685 567 2715 619 6
2745 565 2903 633 λόγος
2922 605 2938 630 ,
2966 563 3043 627 ὡς
3088 564 3145 617 tv
3176 564 3291 625 τοῖς
3322 562 3429 636 πρὸ
3471 559 3679 616 τούτων
3711 579 3822 618 πα-

544 682 666 736 ιιιιιε
696 676 779 720 est
808 666 862 720 in
895 666 1006 717 risu
1030 662 1211 734 gaudii
1239 668 1293 716 et
1333 661 1645 725 hilaritatis,
1675 676 1836 731 quem
1870 660 2127 715 Dominus

2245 659 2619 729 ρεστήσαμεν,
2667 655 3024 729 Ἰερουσαλὴμ
3059 653 3193 726 λέγῃ
3238 655 3338 726 τὴν
3375 653 3588 708 τελείαν
3617 653 3820 727 ψυχὴν,

545 767 731 813 noster
763 755 1031 826 promittit
1078 754 1182 809 illis
1209 752 1301 823 qui
1334 753 1553 807 laudato
1587 753 1715 807 ﬂetu
1747 752 2005 817 luxeriut,
2054 749 2127 806 di-

2242 744 2381 817 αὑτὴ
2395 745 2461 799 ἂν
2477 745 2690 799 κλαίειν
2702 744 2933 813 λέγοιτο,
2952 740 3255 797 ἐκπεσοῦσα
3277 741 3378 812 τῆς
3404 741 3611 807 οίκείας
3634 740 3823 815 χώρας

542 864 675 905 cens
706 850 752 881 "
787 865 800 903 :
828 847 981 902 Beati
1010 847 1099 917 qui
1142 847 1316 916 lugent
1350 861 1521 910 nunc,
1558 845 1807 915 quoniam
1848 840 2127 908 ridebunt;

2244 841 2304 893 tv
2326 837 2587 908 συγχύσει
2615 835 2900 908 γενομένη,
2923 835 3017 889 καὶ
3051 833 3384 889 κατάστασιν
3398 832 3541 904 ἔχειν
3571 834 3822 888 ἐναντίαν

542 950 599 997 ct
631 941 684 996 in
716 939 818 995 Job
851 959 865 995 :
909 937 1123 1004 Verum,
1171 938 1250 993 ait
1282 938 1368 1005 “,
1411 954 1467 991 os
1503 934 1741 1006 implebit
1782 934 1930 999 risu;
1964 940 2017 988 et
2061 930 2127 987 ob

2237 929 2317 1002 τῷ
2346 929 2515 1000 γελᾷν
2541 928 2757 997 γέλωτα
2785 927 2878 983 τὸν
2919 926 3029 982 άπὸ
3054 925 3230 997 χαρᾶς
3256 925 3352 979 καὶ
3392 924 3727 998 ἱλαρότητος,
3758 926 3821 981 ὃν

547 1033 649 1087 hoc
697 1031 930 1087 fortasse
982 1029 1412 1101 patriarcharum
1459 1042 1604 1082 unus
1645 1026 1845 1081 dicitur
1886 1024 2032 1079 risus
2061 1023 2127 1078 ".

2234 1022 2266 1075 6
2289 1020 2493 1093 Κύριος
2522 1017 2681 1091 ἡμῶν
2708 1018 3104 1089 ἐπαγγέλλεται
3144 1015 3412 1088 ὑπάρξειν
3449 1020 3561 1081 τοῖς
3593 1016 3687 1072 τὸν
3714 1036 3823 1088 μα-

545 1121 651 1189 Qui
685 1122 867 1193 itaque
896 1121 1226 1192 ingemiscit,
1259 1121 1385 1190 quia
1415 1125 1502 1174 est
1532 1118 1585 1172 in
1620 1118 1725 1172 hoc
1756 1114 2127 1181 tabernaculo,

2235 1109 2597 1184 καριζόμενον
2632 1108 2901 1164 κλαύσασι
2940 1109 3195 1179 φάσκων⁸
3231 1107 3525 1177 Μακάριοι
3559 1111 3616 1162 οι
3650 1110 3820 1164 κλαί-

544 1215 704 1270 sicuti
740 1213 1039 1284 Apostolus
1072 1212 1363 1282 explicavit
1391 1227 1516 1267 cum
1556 1209 1761 1265 diceret
1789 1208 1836 1241 "
1867 1226 1881 1261 :
1916 1205 2126 1260 Etenim

2231 1219 2405 1269 οντες
2452 1201 2592 1265 νῦν,
2624 1200 2714 1255 ὅτι
2740 1199 3105 1271 γελάσονται
3122 1216 3138 1232 ο
3192 1201 3289 1255 καὶ
3330 1203 3390 1255 tv
3421 1200 3502 1273 τῷ
3544 1200 3667 1256 Ἰὼό
3717 1202 3775 1255 δέ
3796 1217 3814 1235 ·

542 1308 635 1377 qui
677 1324 859 1363 sumus
890 1307 942 1361 in
990 1308 1086 1362 lioc
1129 1305 1504 1370 tabernaculo,
1545 1303 1932 1374 ingemiscimus
1974 1297 2128 1370 quasi

542 1398 771 1465 gravati,
802 1396 1130 1466 promissum
1163 1396 1332 1450 risum
1361 1404 1621 1465 appetens
1646 1401 1699 1448 et
1727 1391 1969 1447 divinam
2001 1388 2131 1443 liila-

544 1488 793 1551 ritatem,
851 1489 898 1545 is
943 1488 1212 1559 ploratum
1247 1487 1426 1558 plorat
1468 1486 1713 1558 apprime
1765 1484 2125 1548 nutrientem,

544 1577 849 1647 animaeque
881 1576 1255 1632 utilissimum.

2246 1291 2574 1359 Ἆληθινὸν,
2602 1292 2757 1363 φησι,
2790 1292 2987 1361 στόμα
3022 1289 3319 1362 ἐμπλήσει
3350 1291 3627 1362 γέλωτος.
3663 1291 3816 1363 Τάχα

2230 1383 2289 1438 δὲ
2315 1383 2405 1437 διὰ
2437 1380 2596 1437 τοῦτο
2616 1383 2711 1436 καὶ
2734 1377 2816 1447 εἷς
2848 1382 2959 1436 τῶν
2993 1385 3350 1457 πατριαρχῶν
3377 1382 3548 1453 γέλως
3577 1383 3812 1452 λέγεται.

2245 1476 2305 1529 ’0
2326 1475 2506 1528 τοίνυν
2534 1471 2809 1537 στενάζων
2831 1472 2920 1527 διὰ
2946 1473 3010 1527 τὸ
3038 1468 3179 1529 εἶναι
3205 1477 3264 1530 tv
3287 1473 3367 1546 τῷ
3396 1475 3605 1546 σκήνει,
3626 1475 3817 1546 ῶσπερ

2233 1568 2261 1619 6
2303 1562 2626 1625 ’Δπόστολος
2670 1561 2974 1633 δεδήλωκεν
3004 1561 3172 1617 εἰπών
3193 1581 3208 1596 ο
3255 1563 3366 1617 Kal
3398 1563 3508 1633 γὰρ
3545 1566 3599 1617 oi
3645 1562 3819 1631 ὄντες

541 1673 615 1725 ἐν
658 1664 737 1734 τῷ
785 1666 1003 1735 σκήνει
1047 1664 1408 1737 στενάζομεν
1468 1665 1869 1737 βαρούμενοι·
1922 1662 2019 1718 τὸν
2066 1661 2125 1716 tv
2178 1653 2486 1725 ἐπαγγελίᾳ
2542 1650 2757 1721 γέλωτα
2802 1650 2984 1723 ποθῶν
3024 1653 3119 1707 καὶ
3171 1652 3271 1725 τὴν
3303 1652 3455 1708 θείαν
3499 1653 3812 1727 ίλαρότητα,

543 1763 822 1834 κλαυθμὸν
854 1761 1031 1815 κλαίει
1066 1762 1483 1833 τροφιμώτατον
1502 1801 1517 1827 ,
1549 1760 1643 1814 καὶ
1682 1757 1996 1831 ὠφελοῦντα
2027 1756 2124 1828 τὴν
2159 1750 2361 1823 ψυχήν-

613 1857 769 1915 Vers.
805 1858 860 1913 2.
902 1857 984 1913 Ea:
1008 1855 1248 1911 omnibus
1289 1857 1380 1929 qui
1411 1856 1644 1927 diligunt
1690 1871 1827 1909 eam.
1875 1853 2127 1911 Putanius

2316 1841 2453 1897 Ἀπὸ
2494 1840 2737 1895 πάντων
2764 1840 2884 1894 τῶν
2925 1841 3293 1912 ἀναστάντων
3326 1840 3537 1909 αὐτήν.
3574 1842 3815 1914 υίόμεθα

540 1951 685 2005 enim
714 1965 897 2005 amare
925 1949 1143 2019 quidem
1174 1963 1296 2005 esse
1341 1948 1586 2005 divinum
1623 1947 1933 2019 quidpiam,
1963 1956 2036 2012 et,
2075 1954 2133 1999 ut

542 2044 618 2099 ita
643 2044 846 2106 dicam,
884 2042 1186 2114 spirituale,
1217 2042 1442 2114 diligere
1470 2056 1601 2099 vero
1624 2041 1809 2112 potius
1840 2039 1909 2095 ad
1937 2052 2134 2109 corpo-

540 2152 635 2191 rea
684 2145 735 2189 et
785 2138 948 2189 liuiua
992 2150 1021 2188 a
1072 2135 1363 2205 pertinuere.
1418 2132 1679 2190 Fortasse
1720 2145 1849 2187 vero
1891 2131 2039 2185 nuHo
2077 2128 2131 2183 in

542 2236 759 2283 amante
789 2227 1085 2298 quidquam
1120 2226 1249 2281 mali
1281 2224 1463 2279 videre
1490 2234 1591 2279 est.
1626 2222 1761 2278 Nam
1787 2225 1852 2278 de
1877 2230 2139 2293 prmstan-

542 2321 777 2375 tioribus
809 2321 913 2373 ait:
950 2318 1072 2374 Non
1095 2329 1171 2373 est
1208 2320 1299 2390 qui
1332 2318 1634 2374 consoletur
1653 2335 1770 2373 eam
1798 2334 1863 2372 ea:
1893 2315 2132 2370 omnibus

516 2394 844 2464 'aniantibus
868 2427 1003 2466 eam.
1039 2412 1106 2464 At
1137 2427 1264 2466 vero
1295 2410 1363 2465 de
1389 2409 1761 2473 inferioribus,
1810 2422 2008 2470 omnes,
2035 2404 2131 2467 ait,

540 2503 813 2575 diligentes
836 2521 952 2558 eam
985 2513 1290 2574 spreverunt
1314 2520 1451 2569 eam,
1479 2503 1612 2575 {acti
1648 2509 1769 2557 sunt
1813 2502 1860 2556 ei
1899 2498 2132 2564 inimici;

540 2596 808 2668 siquidem
840 2596 1128 2652 inferiores
1157 2606 1210 2653 et
1228 2603 1552 2669 spreverunt
1574 2611 1718 2662 eam,
1737 2601 1790 2649 ct
1808 2591 1937 2648 lacti
1968 2588 2134 2664 324

541 2695 672 2741 sunt
718 2686 791 2740 illi
845 2686 1052 2743 inimici
1072 2688 1506 2759 ;pr-.estantiores
1534 2702 1663 2742 vero
1702 2693 1913 2741 tantum
1944 2698 2134 2738 conso-

541 2776 638 2831 lati
681 2792 787 2830 nnn
825 2785 973 2832 sunt.

614 2868 845 2926 Ὑριεῖ).
877 2869 1126 2941 Migrauit
1178 2867 1373 2925 Iudaea
1424 2875 1636 2939 propter
1686 2865 2130 2922 humiliationem.

541 2962 627 3018 Ad
647 2962 884 3016 litteram
913 2961 1035 3017 talis
1059 2962 1163 3018 erit
1185 2976 1401 3017 sensus.
1431 2958 1717 3030 Proprium
1746 2958 1924 3013 locum
1947 2955 2131 3012 Judara

545 3054 775 3109 mutavit
798 3054 885 3108 bis
913 3053 981 3109 de
1006 3051 1216 3115 causis,
1250 3050 1535 3106 humiliata
1569 3056 1789 3120 propter
1820 3056 2126 3119 peccatum,

2229 1935 2340 2007 γὰρ
2375 1933 2440 1988 τὺ
2488 1933 2588 2005 μὶν
2620 1932 2842 2005 ἀγαπᾷν
2884 1933 3154 2007 θειότερον
3192 1932 3351 2000 εἶναι,
3386 1935 3501 1999 καὶ,
3540 1934 3607 1988 ἶν’
3639 1933 3815 2007 οὕτως

2230 2006 2403 2089 εἴπω,
2458 2024 2831 2096 πνευματικὸν
2854 2062 2870 2088 ,
2921 2024 2983 2077 τὸ
3028 2006 3086 2079 δε
3137 2025 3312 2096 φιλεῖν
3363 2025 3675 2097 σωματικὸν
3719 2006 3816 2080 καὶ

2230 2114 2741 2188 ἀνθρωπικώτερον.
2773 2114 2929 2185 Τάχα
2973 2114 3031 2167 δὲ
3061 2114 3275 2180 οὐδενὸς
3321 2114 3524 2185 φαῦλον
3567 2132 3818 2188 παρατη-

2235 2205 2425 2278 ρητέον
2479 2204 2833 2275 ἀγαπῶντος
2876 2203 2963 2256 ὅτι
3019 2203 3150 2274 περὶ
3196 2205 3295 2276 μὲν
3331 2204 3441 2258 τῶν
3489 2205 3814 2277 κρειττόνων

2233 2297 2416 2368 φησιν.
2443 2300 2564 2367 οὐχ
2580 2294 2830 2363 ὑπάρχει
2869 2294 3235 2365 παρακαλῶν
3270 2295 3468 2365 αὐτὴν
3504 2296 3624 2351 ἀπὸ
3661 2294 3813 2350 πὰν-
3926 2302 3937 2310 ’

2231 2403 2349 2442 των
2379 2385 2499 2440 τῶν
2527 2384 2894 2455 ἀγαπώντων
2923 2383 3117 2453 αὐτήν
3134 2401 3147 2416 ·
3193 2386 3322 2458 περὶ
3350 2384 3408 2440 δὲ
3447 2385 3557 2439 τῶν
3597 2384 3816 2438 ἐλαττόο

2231 2496 2358 2543 νων,
2385 2476 2616 2544 Hdt-rer;
2633 2479 2687 2530 οι
2712 2476 3035 2547 φιλοῦντες
3054 2477 3249 2547 αὐτὴν
3264 2476 3575 2547 ἠθέτησαν
3595 2476 3811 2544 αὐτὴν,

2230 2570 2510 2642 ἐγένοντο
2550 2568 2706 2639 αὐτῇ
2746 2572 2835 2637 είς
2886 2570 3171 2641 ἐχθρούς·
3204 2570 3255 2624 οί
3307 2571 3404 2643 μὲν
3450 2569 3559 2642 γὰρ
3592 2568 3815 2623 ὑποδεέ-

2234 2681 2415 2736 στεροι
2469 2664 2566 2717 καὶ
2614 2662 2889 2735 ἠθέτησαν
2956 2662 3124 2734 αὐτὴν
3145 2702 3161 2728 ,
3212 2664 3308 2716 καὶ
3362 2662 3611 2732 ἐγένοντο
3670 2662 3812 2734 αὐτῇ

2232 2755 2447 2828 ἐχθροί·
2482 2755 2535 2809 oi
2555 2754 2610 2809 δὲ
2638 2753 2943 2826 κρείττονες
2978 2753 3138 2825 μόνον
3170 2753 3231 2808 οὐ
3262 2754 3665 2828 παρεκάλεσαν.

2302 2848 2655 2915 Μετῳκίσθη
2710 2846 2960 2899 Ἰουδαία
3015 2845 3135 2900 ἀπὸ
3192 2844 3623 2912 ταπεινώσεως.
3670 2844 3815 2916 Πρὸς

2235 2940 2333 3011 μὲν
2356 2940 2422 2993 τὸ
2450 2938 2613 3012 ῥητὸν
2643 2937 2882 3003 τοιοῦτος
2904 2937 2970 2992 ἂν
2997 2938 3083 3010 είη
3117 2937 3147 2991 6
3170 2936 3317 3003 νοῦς.
3367 2937 3471 2992 Τδν
3495 2938 3628 2993 ίόιον
3649 2936 3813 2991 τόπον

2231 3029 2267 3099 ἡ
2307 3028 2538 3083 Ἰουδαία
2567 3027 2820 3100 ἧμειψεν,
2852 3028 3042 3083 αίτίων
3067 3026 3272 3082 τούτων
3310 3028 3612 3100 γινομένων
3645 3029 3811 3100 αὐτῇ,

541 3162 610 3203 ex
648 3160 759 3216 quo
804 3155 1043 3201 erectum
1072 3159 1229 3199 suum
1260 3150 1317 3198 et
1344 3142 1631 3199 sublimem
1670 3119 1893 3212 reliquit
1924 3149 2125 3193 statum

2230 3122 2330 3193 τῆς
2379 3120 2764 3185 ταπεινώσεως
2829 3119 3002 3191 αὐτῆς
3051 3122 3117 3190 ἦν
3178 3120 3571 3181 τεταπείνωται
3636 3122 3817 3193 ἁμαρ-

542 3241 596 3292 in
629 3254 741 3309 quo
771 3246 912 3302 erat,
939 3238 1068 3293 dum
1102 3237 1356 3309 pietatem
1385 3235 1607 3299 coleret,
1634 3250 1736 3290 nec
1765 3249 1873 3289 non
1907 3242 2127 3304 propter

2231 3210 2420 3278 τοῦσα,
2455 3210 2551 3265 καὶ
2580 3211 2643 3264 τὸ
2668 3209 2962 3282 ἀνάστημα
2993 3209 3088 3265 καὶ
3109 3210 3174 3265 τὸ
3206 3211 3582 3284 ιγηγερμένον
3615 3211 3646 3265 6
3674 3210 3812 3283 πρό-

543 3330 770 3384 multam
803 3328 923 3398 ejus
969 3328 1287 3382 servitutem
1334 3341 1443 3397 qua
1489 3324 1840 3397 passionibus
1881 3322 2124 3393 subjecta

541 3420 835 3475 serviebat.
871 3417 1114 3488 Migrans
1154 3433 1282 3472 vero
1326 3417 1469 3472 inter
1512 3423 1700 3488 gentes
1728 3415 1992 3470 collocata
2017 3422 2121 3480 est,

543 3512 636 3566 ubi
669 3509 912 3582 requiem
946 3511 1193 3567 invenire
1223 3525 1329 3565 non
1365 3508 1562 3580 potuit,
1594 3507 1834 3563 inimicis
1869 3506 2125 3561 omnibus

537 3620 660 3660 eam
695 3602 1182 3673 persequentibus,
1219 3598 1757 3670 apprehendentibus
1788 3606 1844 3653 et
1889 3594 2123 3651 tenenti-

540 3696 645 3755 bus
673 3697 813 3753 inter
846 3706 1036 3770 gentes
1063 3702 1366 3750 morantem
1401 3692 1495 3764 qui
1524 3706 1644 3747 eam
1678 3689 2015 3762 premebant.

617 3935 768 3993 Vers.
799 3934 851 3991 ό.
889 3930 1000 3991 Via:
1039 3933 1170 3991 Sion
1215 3931 1413 4005 lugent,
1459 3948 1518 3987 eo
1559 3930 1700 4003 quod
1740 3946 1842 3985 non
1881 3932 1990 3985 sint
2031 3930 2123 4001 qui

537 4030 748 4084 veniant
775 4028 844 4082 ad
874 4028 1278 4084 solemnitatem.
1315 4024 1526 4081 Sensus
1550 4024 1618 4078 ad
1647 4025 1879 4078 litteram
1907 4022 1993 4078 hic
2014 4031 2117 4078 est.

538 4122 678 4190 Quia
717 4122 803 4176 lex
840 4122 1065 4191 iubebat
1094 4118 1140 4152 ”
1182 4138 1194 4172 :
1240 4116 1342 4173 Ter
1378 4117 1436 4170 in
1473 4131 1611 4170 anno
1651 4114 1923 4185 apparebit
1969 4130 2122 4170 omne

538 4213 892 4268 ntasculinum
928 4222 1074 4266 tuum
1108 4211 1164 4265 in
1195 4216 1474 4278 conspectu
1505 4206 1721 4260 Domini
1755 4204 1850 4260 Dei
1882 4206 1992 4271 tui;
2031 4222 2122 4277 po-

537 4307 700 4375 pulus
729 4304 970 4361 studiose
1004 4301 1384 4362 concurrebat,
1416 4306 1697 4354 exstructo
1716 4296 1828 4366 iam
1868 4315 1898 4353 a
1928 4298 2121 4354 diebus

537 4395 854 4451 Salomonis
896 4395 1130 4464 templo,
1182 4394 1248 4447 ad
1278 4391 1626 4461 exsequenda
1665 4391 1854 4461 jussa;
1885 4404 2120 4461 cumque

2228 3321 2388 3378 τερον
2427 3299 2572 3375 εἶχεν
2601 3305 2660 3358 tv
2706 3303 2988 3375 θεοσεϐείᾳ
3028 3302 3352 3376 ὑπάρχουσα
3399 3304 3811 3369 καταλιποῦσα,

2228 3394 2309 3450 ἔτι
2339 3394 2398 3450 δὲ
2439 3396 2534 3448 καί
2565 3395 2664 3467 τῆς
2694 3395 2896 3467 πολλῆς
2918 3394 3165 3458 δουλείας
3197 3394 3371 3465 αὐτῆς
3411 3396 3479 3466 ἢν
3521 3390 3812 3447 δεδούλωτο

2230 3485 2644 3557 ὑποτεταγμένη
2693 3487 2807 3550 τοῖς
2875 3486 3099 3543 πάθεσι.
3165 3484 3581 3541 Μετοικισθεῖσα
3624 3484 3684 3536 δὲ
3747 3486 3809 3537 ἐν

2228 3576 2437 3631 ἔθνεσιν
2460 3575 2703 3648 ίδρύνθη.
2736 3576 2864 3631 ἔνθα
2885 3578 3067 3649 εὑρεῖν
3090 3576 3396 3632 ἀνάπαυσιν
3413 3574 3473 3628 οὐ
3495 3572 3801 3645 δεδύνηται,

2228 3668 2447 3722 πάντων
2476 3667 2584 3721 τῶν
2624 3667 2835 3741 ἐχθρῶν
2870 3668 3319 3724 καταδιωκόντων
3343 3665 3528 3738 αὐτὴν,
3562 3665 3805 3720 καταλα-

2228 3759 2432 3814 ϐόντων
2453 3802 2467 3826 ,
2530 3759 2627 3812 καὶ
2677 3760 3240 3832 κατακεκρατηκότων
3284 3759 3453 3831 αὐτῆς
3512 3757 3810 3830 γενομένης

2228 3850 2380 3924 παρὰ
2409 3852 2525 3915 τοῖς
2550 3850 2779 3917 ἔθνεσιν,
2813 3852 2863 3906 οἳ
2890 3850 3100 3906 ἐθλιόον
3128 3853 3318 3925 αὐτήν.

2308 3942 2467 3997 ὀδοί
2522 3942 2679 3998 Σιὼν
2703 3945 3033 4010 πενθοῦσι,
3081 3944 3180 4000 διὰ
3223 3944 3291 3999 τὸ
3316 3942 3405 4015 μὴ
3442 3938 3594 3999 εἷναι
3637 3944 3809 4014 ἐρχο-

2219 4033 2445 4107 μένους
2470 4036 2541 4090 ὲν
2568 4035 2767 4105 ἑορτῇ.
2799 4036 2859 4090 '0
2882 4036 3022 4109 πρὸς
3052 4035 3114 4090 τὸ
3145 4036 3312 4110 ῥητὸν
3339 4036 3464 4102 νοῦς
3484 4031 3641 4102 οὗτός
3660 4036 3806 4091 ἔστι.

2225 4126 2334 4181 Τοῦ
2360 4127 2526 4199 νόμου
2549 4126 2801 4195 λέγοντος
2819 4144 2834 4158 ο
2875 4128 3009 4198 Τρις
3034 4129 3140 4184 τοῦ
3173 4130 3452 4184 ἐνιαυτοῦ
3480 4129 3810 4200 ὀφθήσεται

2224 4216 2350 4273 πᾶν
2382 4219 2710 4287 ἀρσενικόν
2759 4235 2876 4274 σου
2931 4220 3192 4275 ἐνώπιον
3250 4221 3472 4290 Κυρίου
3509 4221 3619 4277 τοῦ
3661 4221 3812 4275 Θεοῦ

2224 4326 2375 4365 σου·
2411 4309 2671 4365 ἔσπευδον
2701 4312 2754 4365 oi
2789 4311 2898 4366 ἀπὸ
2924 4310 3019 4366 τοῦ
3062 4310 3194 4366 λαοῦ
3230 4313 3366 4385 μετὰ
3392 4312 3811 4384 οίκοδομηθῆναι

2223 4399 2315 4453 τὸν
2337 4399 2461 4454 ναὸν
2491 4401 2552 4455 tv
2586 4399 2724 4456 Σιὼν
2759 4402 2866 4457 άπδ
2894 4400 2989 4456 τοῦ
3022 4402 3216 4475 χρόνου
3249 4402 3594 4474 Σολομῶντος
3628 4403 3815 4455 ἐπιτε-

534 4490 683 4544 circa
734 4488 1036 4543 Jerusalem
1073 4496 1255 4541 essent
1304 4484 1504 4555 Judaete
1549 4485 1830 4551 civitates,
1878 4484 2120 4553 undique

2230 4490 2338 4547 λεῖν
2361 4492 2423 4546 τὸ
2452 4495 2927 4567 προστεταγμένον
2946 4512 2959 4526 ·
2995 4496 3088 4549 καὶ
3119 4493 3304 4565 κύκλῳ
3330 4495 3431 4567 τῆς
3457 4493 3814 4567 Ἰερουσαλὴμ

535 4592 695 4637 erant
718 4581 817 4635 vim
853 4580 920 4635 ad
960 4579 1089 4635 Sion
1118 4579 1402 4636 ducentes.
1432 4579 1543 4637 llas
1573 4581 1737 4652 igitur
1759 4578 1835 4633 ait
1861 4577 2121 4648 propheta

2230 4559 2608 4656 τυγχανουσῶν
2644 4559 3001 4640 τῶιῖπόλεων
3045 4585 3143 4657 τῆς
3200 4559 3460 4649 ἰουδαίας
3482 4624 3497 4650 ,
3529 4559 3812 4638 semei}

539 4681 761 4743 propter
796 4672 1166 4743 captivitatem
1216 4669 1402 4740 lugere
1448 4679 1774 4737 maerentes,
1804 4677 1857 4724 et
1907 4681 2123 4723 summa

2230 4674 2331 4729 ὁδοὶ
2361 4670 2504 4747 ἦσαν
2525 4675 2790 4749 φέρουσαι
2819 4677 2912 4730 ἐπὶ
2934 4677 3036 4748 τὴν
3071 4674 3231 4730 Σιών.
3260 4675 3481 4740 Ταύτας
3506 4671 3600 4731 οὖν
3619 4678 3650 4730 6
3676 4691 3813 4748 προ-

538 4767 593 4820 iii
639 4763 929 4818 solitudine
964 4760 1290 4817 constitutas
1317 4761 1400 4817 vel
1428 4762 1589 4817 etiam
1629 4758 1967 4830 temporibus
1997 4757 2124 4824 illis,

2230 4766 2406 4838 φήτης
2448 4765 2538 4821 διά
2583 4766 2683 4838 τὴν
2724 4766 3105 4838 αἰχμαλωσίαν
3143 4768 3281 4840 φησὶ
3317 4767 3534 4821 πενθεῖν
3563 4766 3815 4837 σκυθρω-

531 4853 758 4927 quando
791 4854 982 4925 ingens
1012 4852 1270 4924 gaudium
1312 4859 1369 4907 et
1412 4852 1598 4908 laetitia
1631 4859 1752 4906 erat
1797 4848 1943 4920 apud
1976 4848 2121 4915 illos,

2230 4858 2524 4923 παιζούσας,
2554 4858 2651 4912 καὶ
2682 4859 2743 4911 tv
2779 4857 2931 4932 πάσῃ
2976 4857 3186 4932 ἐρημίᾳ
3222 4856 3578 4929 ὑπαρχούσας
3614 4855 3711 4911 καὶ
3752 4858 3815 4910 tv

533 4947 956 5018 properantibus
980 4946 1049 5002 ad
1076 4944 1219 5001 diem
1247 4944 1445 5001 festum
1463 4943 1669 5001 Iudaeis
1695 4942 1844 4999 omni
1874 4957 1939 4997 ex
1972 4949 2127 5011 parte

2230 4949 2456 5014 ἐκείνοις
2516 4952 2631 5014 τοῖς
2687 4952 2901 5022 καιροῖς
2925 4990 2942 5015 ,
2992 4949 3083 5003 ὅτε
3142 4948 3312 5022 πολλὴ
3358 4948 3665 5022 εὐφροσύνη
3717 4950 3817 5002 καὶ

528 5026 603 5094 ad
636 5044 895 5092 montem.
940 5035 1078 5091 Cum
1107 5051 1236 5090 vero
1262 5036 1447 5090 multa:
1475 5043 1659 5091 essent
1700 5043 1869 5104 portae
1898 5032 1952 5088 in
1984 5032 2114 5088 Sion

2230 5041 2482 5114 ἱλαρότης
2503 5036 2573 5115 ἦν
2594 5041 2656 5095 tv
2694 5042 2909 5106 αὐτοῖς,
2946 5040 3283 5097 σπευδόντων
3315 5040 3411 5095 ἐπὶ
3460 5039 3659 5112 ἑορτὴν
3701 5038 3817 5092 τῶν

532 5136 825 5184 exstructze
878 5142 1317 5198 quaquaversum
1366 5133 1715 5197 spectantes,
1781 5125 1981 5180 dicitur
2023 5123 2115 5178 hic

2230 5130 2594 5203 ἁπανταχόθεν
2626 5131 2897 5186 Ἰουδαίων
2929 5132 3023 5186 ἐπὶ
3058 5131 3123 5185 τὸ
3151 5129 3291 5185 Σιὼν
3316 5129 3463 5201 ὅρος.
3498 5126 3720 5183 Πολλῶν
3755 5127 3816 5180 δὲ

532 5235 725 5274 omnes
751 5234 869 5273 esse
911 5218 1238 5283 destructas,
1271 5226 1325 5274 et
1357 5216 1672 5272 sacerdotes
1697 5230 1934 5287 gemere,
1965 5210 2113 5285 quod

2230 5219 2397 5276 οὐσῶν
2429 5219 2541 5275 τῶν
2582 5220 2771 5274 πυλῶν
2812 5220 2922 5275 τῶν
2962 5219 3419 5292 οίκοδομηθεισῶν
3468 5218 3528 5272 tv
3566 5215 3705 5271 Σιὼν
3743 5214 3814 5268 ὲκ

534 5313 745 5368 scilicet
791 5311 1127 5367 sacerdotale
1181 5325 1385 5367 munus
1430 5324 1686 5365 exercere
1737 5324 1846 5364 non
1894 5316 2118 5378 possent

2230 5309 2443 5366 πάντων
2467 5310 2577 5367 τῶν
2616 5310 2920 5382 κλιμάτων,
2955 5312 3120 5383 φησὶν
3151 5314 3180 5366 6
3209 5311 3369 5381 λόγος
3395 5308 3580 5376 πάσας
3607 5311 3814 5383 Ι1ἰφανί-

533 5403 689 5460 l'estis
721 5404 936 5468 diebus,
967 5414 1021 5459 et
1053 5404 1266 5474 reliquo
1296 5413 1573 5472 tempore;
1609 5402 1694 5457 vel
1728 5401 1874 5472 quod
1914 5399 2114 5471 captivi

2230 5402 2369 5468 σθαι,
2406 5404 2641 5469 καὶτοὺς
2676 5406 2843 5476 ίερεῖς
2876 5406 3174 5471 στενάζειν,
3202 5403 3531 5476 δηλονότιτὰ
3554 5402 3810 5477 ἱερατικά

530 5495 641 5568 jam
679 5506 881 5564 essent,
930 5498 1011 5552 vel
1046 5497 1190 5567 quod
1223 5497 1404 5553 nullus
1435 5497 1720 5554 accederet
1760 5495 1827 5551 ad
1866 5509 1984 5560 eos,
2021 5495 2116 5565 qui

2230 5497 2361 5569 ἔργα
2394 5498 2463 5552 τὰ
2487 5499 2627 5553 κατὰ
2660 5496 2760 5561 τὰς
2786 5497 3001 5570 ἑορτάς,
3042 5498 3133 5551 καὶ
3164 5498 3263 5562 τὰς
3299 5496 3466 5562 άλλας
3497 5495 3709 5571 ἡμέρας
3741 5496 3808 5548 οὐ

604 5710 649 5739 ’⁸
674 5709 807 5767 Luc.
833 5727 904 5776 vn,
926 5711 1015 5765 21.
1090 5712 1137 5745 "
1156 5709 1258 5765 Job
1312 5726 1430 5777 viil,
1459 5711 1548 5766 2i.
1634 5711 1677 5742 ’⁷
1709 5710 1848 5766 Gen.
1877 5725 1989 5774 ut,
2022 5709 2075 5765 6.

2230 5709 2270 5764 ll
2299 5710 2426 5766 Cor.
2462 5727 2513 5772 v.
2550 5710 2602 5767 ι.
2659 5712 2703 5742 ⁸⁸
2729 5708 2900 5764 Exod.
2941 5725 3100 5777 xxiii,
3140 5709 3225 5763 l7.
