4140 6496
368 319 483 376 613

1606 312 1917 368 SELECTA
1955 311 2020 366 lN
2064 311 2406 369 THRENOS.

3539 333 3639 387 tiu

368 431 703 504 δυναμένους
743 426 1033 491 ἐπιτελεῖν,
1074 427 1191 498 ἦτοι
1223 427 1303 499 τῷ
1341 428 1774 499 ᾐχμαλωτίσθαι,
1814 430 1847 501 ἢ
1878 428 1941 500 τις

2059 428 2393 483 sacerdotale
2417 429 2658 500 exigeret
2718 429 3102 491 ministerium.
3170 434 3272 493 Sed
3298 448 3352 492 et
3380 440 3637 515 virgines,

376 522 581 595 μηδένα
618 516 758 574 εἰναι
791 521 884 573 τὸν
914 519 1212 592 προσιόντα
1241 519 1425 583 αὐτοῖς
1464 518 1560 573 καὶ
1596 519 1696 583 τὰς
1720 520 1961 592 λειτουρ-

379 615 501 684 γίας
551 612 654 677 τὰς
689 611 975 684 ἰερατικάς
1005 609 1360 665 ἀπαιτοῦντα.
1398 609 1558 664 Ἀλλά
1587 612 1684 665 καὶ
1723 614 1779 665 αἰ
1820 630 1959 684 παρ-

374 705 537 771 θένοι,
566 707 733 778 φησί,
758 705 860 777 τῆς
904 703 1043 759 Σιὼν
1089 703 1356 775 ἀγόμεναι
1397 705 1540 771 εἰσι,
1580 702 1740 775 δῆλον
1786 704 1844 758 δὲ
1875 706 1959 759 ὅτι

375 799 483 854 ὑπὸ
514 798 623 853 τῶν
650 796 1074 871 κεκρατηκότων
1101 796 1399 867 πολεμίων.

452 892 565 947 Τοῦ
590 890 803 947 αὑτοῦ.
856 890 1002 961 Πρὸς
1031 890 1091 944 δέ
1133 889 1405 956 διάνοιαν,
1445 889 1548 959 τῆς
1595 890 1959 961 σκοπευτικῆς

377 982 471 1035 καὶ
502 978 845 1051 θεωρητικῆς
885 978 1170 1050 δυνάμεως
1207 980 1347 1033 Σιὼν
1391 978 1733 1049 καλουμένης
1766 978 1958 1033 πολλαὶ

374 1073 485 1127 ὁδοί
533 1074 639 1126 εἰσι
665 1071 773 1125 τῶν
808 1071 1070 1125 ποικίλων
1110 1070 1420 1140 δογμάτων,
1453 1069 1731 1142 μυστικῶν
1769 1088 1829 1124 τε
1863 1072 1959 1125 καὶ

375 1164 620 1234 φυσικῶν
649 1165 747 1216 καὶ
774 1162 989 1234 ἠθικῶν
1008 1202 1023 1225 ,
1054 1163 1197 1234 τάχα
1237 1162 1295 1216 δὲ
1336 1164 1429 1217 καί
1472 1163 1734 1232 λογικῶν,
1778 1165 1834 1218 αἱ
1863 1164 1958 1233 φέ-

376 1275 563 1329 ρουσαι
609 1258 702 1312 ἐπὶ
748 1257 848 1329 τὴν
888 1257 1218 1329 κατανόησιν
1268 1258 1364 1311 καί
1415 1257 1543 1311 θέαν
1584 1256 1696 1311 τῶν
1735 1274 1957 1329 προκει-

374 1353 571 1425 μένων.
614 1351 786 1405 Ἐπὰν
816 1346 911 1404 οὖν
932 1367 1016 1413 τις
1038 1349 1100 1404 τὺ
1134 1350 1339 1404 τούτων
1361 1348 1657 1421 ἀσκητικὸν
1684 1348 1957 1412 ἀπολέσας

372 1443 642 1515 συγχυθῇ,
678 1444 847 1497 πᾶσαι
889 1442 1053 1497 αὐταὶ
1092 1445 1149 1495 αἰ
1193 1442 1303 1496 ὁδοὶ
1332 1440 1590 1495 πενθοῦσι
1631 1442 1730 1511 οὐχ
1772 1440 1955 1493 ὁδευό-

376 1552 562 1605 μεναι’
607 1534 968 1607 πανηγύρεως
1008 1532 1362 1606 ὑπαρχούσης
1409 1535 1533 1597 ταῖς
1569 1532 1956 1604 προκειμέναις

368 1627 505 1691 ὁδοῖς
527 1627 615 1679 ὅτε
638 1625 908 1679 όδεύονται
930 1623 1335 1696 ἐξεταζόμεναι,
1365 1624 1480 1688 καί,
1504 1624 1569 1676 ἶν’
1594 1623 1765 1686 οὕτως
1794 1622 1951 1687 εἴπω,

367 1716 807 1788 διαδαινόμεναι·
859 1714 1118 1769 πενθοῦσι
1173 1714 1232 1768 δέ
1286 1715 1377 1768 ὅτε
1434 1710 1801 1784 ὲρημοῦνται,
1852 1712 1953 1766 οὐκ

348 1808 759 1879 ἐρευνώμεναι,
790 1805 909 1857 οὐδὲ
941 1802 1370 1875 διεξοδευόμεναι
1397 1802 1487 1857 διὰ
1525 1801 1588 1857 τὸ
1628 1802 1954 1857 ἀποπεπτω-

368 1898 523 1950 κέναι
541 1898 667 1961 τοὺς
690 1897 992 1960 ὁδεύοντας,
1021 1896 1117 1949 καὶ
1144 1893 1677 1965 αἰχμαλωτισθέντας
1712 1893 1816 1949 ὑπὸ
1840 1895 1951 1949 τῶν

370 1985 559 2039 παθῶν
587 1985 1029 2057 περισπασθῆναι
1061 1984 1190 2056 περί
1214 1984 1287 2039 τά
1319 1984 1562 2059 χείρονα.

441 2075 551 2129 Kal
600 2076 755 2142 αὕτη
801 2074 1231 2147 πικραινομένη
1290 2074 1361 2129 ἐν
1409 2074 1615 2144 ἑαυτῇ.
1668 2076 1732 2130 Ἦ
1774 2075 1947 2142 Σιὼν,

368 2164 539 2232 γλυκὺ
575 2164 839 2235 μηδαμῶς
889 2163 1086 2236 ἐχουσά
1135 2183 1225 2228 τι,
1260 2166 1321 2218 ἐν
1366 2166 1564 2237 πικρίᾳ
1602 2166 1777 2236 διάγει
1824 2168 1948 2224 καθ’

368 2257 595 2328 ἑαυτήνο
623 2257 687 2310 οὐ
724 2256 959 2328 ληπτέον
982 2256 1091 2328 γὰρ
1115 2255 1198 2322 τὸ,
1233 2257 1687 2328 πικραινομένη,
1719 2258 1815 2313 νῦν
1856 2262 1948 2316 ἐπί

364 2365 509 2412 τινος
538 2348 711 2412 εἴδους
737 2347 925 2420 ὀργῆς.
982 2376 985 2379 -

447 2439 749 2508 Ἐγένοντο
773 2441 828 2493 oi
855 2439 1165 2505 θλίϐοντες
1195 2435 1393 2507 αὐτὴν·
1428 2440 1518 2506 είς
1547 2440 1841 2509 κεφαλήν.
1881 2442 1948 2496 Ἡ

362 2528 461 2600 τῆς
492 2527 690 2594 λέξεως
721 2530 986 2601 σαφήνεια
1007 2528 1233 2602 τοιαύτη
1261 2530 1347 2594 τίς
1373 2531 1519 2583 ἐστιν
1536 2546 1550 2560 ’
1578 2530 1829 2588 Ἔθλιδον
1847 2532 1947 2605 τὴν

377 2621 640 2675 Ἰουδαίαν
673 2620 880 2693 χώραν,
915 2621 948 2693 ἦ
972 2621 1176 2676 θλίϐειν
1206 2639 1270 2691 γε
1301 2622 1493 2693 ἠθελύν
1527 2638 1673 2688 τινες
1697 2622 1806 2695 πρὸ
1835 2625 1945 2678 τῶν

360 2713 462 2785 τῆς
495 2714 874 2785 αἰχμαλωσίας
921 2716 1152 2787 χρόνων,
1180 2714 1297 2769 ἀλλ’
1329 2714 1430 2768 οὐκ
1461 2713 1726 2786 ἐκράτουν
1778 2717 1947 2788 ὑπερ-

361 2807 684 2871 ασπίζοντος
730 2806 826 2862 τοῦ
870 2807 1006 2861 Θεοῦ
1045 2807 1155 2862 τῶν
1202 2807 1468 2863 Ἰουδαίων
1489 2848 1503 2871 ,
1554 2810 1643 2864 ὅτε
1683 2815 1944 2883 παρεῖχον

360 2898 589 2963 ἑαυτοὺς
634 2900 831 2954 ἐκεῖνοι
866 2898 1119 2970 βοηθείας
1157 2898 1362 2966 ἀξίους.
1401 2902 1532 2955 Ὅτε
1562 2902 1620 2956 δὲ
1661 2903 1941 2974 ἥμαρτον,

362 2990 456 3043 καί
481 2990 619 3061 πρὸς
642 2989 723 3061 τῷ
756 2990 831 3061 μὴ
865 2990 1085 3045 ἀκούειν
1114 2990 1225 3046 τῶν
1252 2992 1547 3064 προφητῶν
1576 2992 1657 3047 ἔτι
1689 2994 1783 3047 καὶ
1811 2994 1942 3066 ἀνῄ-

2061 520 2174 579 ait.
2232 518 2364 573 Sion
2416 520 2763 577 abducuntur
2839 537 2872 577 a
2932 524 3256 600 victoribus,
3280 547 3475 604 nempe
3538 536 3637 592 lto-

2056 610 2254 665 stibus.

2132 883 2406 955 Ejusdem.
2468 889 2550 947 Ad
2578 895 2867 965 mysticum
2898 912 3027 953 vero
3048 914 3292 966 sensum,
3320 906 3640 973 speculatri-

2056 974 2139 1030 cis
2163 986 2217 1032 et
2251 983 2712 1051 contemplatricis
2748 985 3046 1056 facultatis,
3075 1005 3197 1060 quae
3227 991 3358 1049 Sion
3389 1007 3633 1067 Vocatur,

2057 1067 2241 1124 multa:
2269 1073 2547 1129 variorum
2584 1076 2901 1148 dogmatum
2931 1081 3033 1137 viae
3066 1092 3224 1148 sunt,
3277 1089 3631 1157 mysticorum

2057 1159 2284 1228 scilicet,
2316 1166 2663 1231 naturalium,
2682 1177 2737 1224 et
2753 1172 3066 1238 met-alium,
3106 1171 3340 1231 fortasse
3372 1187 3426 1232 et
3453 1180 3519 1233 ad
3552 1179 3634 1235 l‘a-

2057 1253 2317 1309 cultatem
2365 1257 2668 1315 disserendi
2706 1261 3127 1331 pertinentium,
3171 1281 3295 1336 quae
3327 1267 3533 1324 ducunt
3565 1271 3634 1324 ad

2016 1364 2017 1367 η
2056 1341 2465 1415 intelligentiam
2512 1351 3026 1424 perceptionemque
3050 1369 3256 1413 rerum.
3296 1356 3434 1414 Cum
3470 1360 3634 1432 igitur

2054 1434 2200 1504 quis,
2226 1436 2429 1492 amissa
2463 1437 2677 1494 illarum
2708 1443 3119 1510 exercitatione,
3153 1446 3414 1506 contusus
3446 1450 3633 1516 fuerit,

2055 1540 2246 1582 omnes
2273 1529 2354 1583 lia:
2380 1530 2480 1586 viae
2510 1531 2696 1603 lugent
2721 1535 2850 1591 dum
2876 1551 2982 1592 non
3008 1547 3261 1596 teruntur
3287 1557 3303 1595 :
3332 1557 3455 1597 cum
3483 1545 3632 1601 enim

2054 1629 2151 1684 per
2179 1632 2274 1671 eas
2307 1617 2437 1684 itur,
2468 1629 2542 1686 et,
2580 1629 2637 1676 ut
2665 1621 2740 1676 ita
2773 1623 2974 1691 dicam,
3010 1633 3393 1697 pet-transitur,
3430 1637 3629 1704 prmdi~

2056 1704 2160 1759 etis
2184 1706 2289 1761 viis
2309 1707 2598 1767 celebritas
2629 1720 2749 1777 est;
2789 1711 2976 1783 lugent
3005 1731 3137 1771 vero
3165 1733 3290 1773 cum
3316 1720 3634 1778 desolantur

1985 1768 2025 1822 Β
2055 1808 2163 1848 non
2202 1797 2515 1865 prrquisitaa
2558 1814 2658 1854 nec
2703 1801 2965 1858 viatorem
3006 1804 3303 1874 habentes,
3343 1822 3634 1879 propterea

2052 1888 2196 1956 quod
2226 1889 2368 1958 rapti
2406 1899 2538 1945 sunt
2567 1891 2661 1963 qui
2693 1909 2790 1963 per
2817 1910 2911 1951 eas
2944 1895 3115 1964 ibant,
3153 1909 3209 1954 et
3242 1900 3311 1955 ab
3347 1901 3633 1959 affectibus

2053 1977 2106 2031 in
2137 1980 2507 2048 captivitatem
2534 1982 2685 2038 ducti
2714 1984 2782 2036 ad
2813 1985 2955 2039 mala
2989 1985 3345 2045 diverterunt.

2119 2068 2281 2140 325
2312 2068 2379 2124 Et
2414 2071 2528 2141 ipsa
2565 2088 2813 2143 oppressa
2852 2078 3229 2135 amaritudine.
3282 2080 3412 2135 Sion
3450 2084 3631 2137 omnis

2048 2156 2352 2214 dulcedinis
2377 2175 2571 2229 expers
2596 2177 2783 2219 secum
2808 2164 2922 2233 ipsa
2957 2165 3011 2220 in
3048 2168 3414 2224 amaritudine
3438 2171 3581 2241 degit
3612 2189 3625 2225 :

2049 2261 2150 2301 nec
2173 2246 2319 2302 enim
2344 2248 2406 2303 τὸ
2434 2252 2833 2325 πικραιωμένη
2857 2258 3183 2312 sumendum
3212 2270 3296 2316 est
3320 2275 3421 2333 pro
3447 2261 3629 2333 aliqua

2048 2352 2144 2392 me
2183 2352 2384 2407 specie.
3229 2362 3232 2366 λ

2119 2427 2276 2487 Vers.
2306 2432 2359 2487 5.
2395 2431 2553 2489 Facti
2574 2445 2697 2489 sunt
2722 2436 3034 2493 tribuluntes
3057 2455 3171 2493 eam
3201 2441 3256 2496 in
3282 2452 3458 2512 caput.
3496 2442 3630 2499 νυν..

2047 2515 2242 2575 borum
2304 2537 2503 2579 sensus
2555 2525 2643 2579 hic
2691 2536 2775 2580 est
2807 2544 2820 2581 :
2854 2526 3186 2583 tribulabant
3215 2530 3415 2588 Judaea:
3450 2537 3629 2606 regio-

2047 2625 2208 2678 nem,
2249 2612 2333 2667 vel
2373 2625 2498 2669 ante
2548 2617 2879 2686 captivitatis
2914 2629 3129 2689 tempus
3169 2622 3430 2678 tribulare
3475 2627 3627 2680 vole-

2046 2698 2197 2768 bant,
2225 2703 2316 2758 sed
2355 2718 2465 2758 non
2493 2707 2874 2775 pravalehant,
2912 2708 3022 2763 Deo
3048 2721 3361 2783 protegente
3388 2712 3629 2783 Iudaeos,

2045 2794 2268 2862 quando
2298 2794 2373 2849 illi
2402 2810 2461 2850 se
2494 2795 2689 2866 dignos
2716 2800 2921 2855 auxilio
2946 2803 3297 2870 praestabant.
3324 2804 3460 2860 Cum
3499 2824 3632 2862 veto

2044 2886 2410 2956 deliquerunt,
2441 2897 2496 2944 et
2523 2891 2815 2961 prophetas
2846 2909 2957 2948 non
2988 2894 3282 2952 audiebant
3305 2896 3401 2952 lilii
3434 2896 3627 2962 lsrat-l,

2044 2972 2138 3028 sed
2171 2975 2337 3031 etiam
2387 2976 2817 3046 interimebant,
2853 2990 2985 3037 tunc
3027 2982 3210 3038 traditi
3265 2995 3392 3040 sunt
3431 2987 3626 3041 ditioni

361 3095 495 3150 ρουν
527 3078 724 3143 αὐτοὺς
756 3081 805 3133 οἱ
840 3081 947 3134 uici
979 3080 1213 3152 Ἰσραὴλ,
1250 3082 1370 3135 τότε
1416 3082 1792 3154 παρεδόθησαν
1828 3064 1941 3149 rei;

2043 3064 2443 3131 tribulantium,
2473 3067 2547 3123 ita
2577 3078 2639 3123 ut
2665 3069 2874 3126 inimici
2900 3086 3091 3128 eorum
3118 3075 3312 3130 tierent
3351 3075 3404 3130 in
3436 3089 3627 3147 caput,

359 3170 632 3223 θλίόουσιν
656 3169 987 3244 ὑποχείριοι,
1031 3171 1173 3226 ὥστε
1199 3173 1327 3236 τοὺς
1372 3172 1600 3243 ἐχθροὺς
1630 3173 1809 3227 αὐτῶν
1849 3191 1942 3242 γε-

354 3259 543 3314 νέσθαι
589 3262 669 3326 εἰς
708 3261 972 3334 κεφαλὴν,
995 3263 1295 3327 τουτέστιν,
1323 3261 1401 3326 ὡς
1428 3261 1723 3335 Σύμμαχος
1752 3266 1939 3336 ἡρμή-

353 3371 564 3419 νευσεν,
591 3356 878 3427 ἄρχοντας.
909 3356 1126 3427 Ἕτεροι
1150 3354 1208 3408 δὲ
1235 3355 1378 3426 τάχα
1407 3353 1558 3428 παρὰ
1572 3355 1701 3419 τοὺς
1729 3355 1941 3411 θλίϐον-

351 3464 452 3511 τας
483 3449 531 3501 οἰ
563 3447 746 3520 ἐχθροὶ
768 3446 921 3512 ὄντες
957 3447 1082 3520 ἢτῇ
1108 3447 1345 3520 ἐπινοίᾳ,
1373 3447 1407 3518 ἢ
1447 3449 1514 3520 τῇ
1545 3448 1844 3504 ὑποστάσει
1877 3451 1936 3504 ἐν

351 3537 577 3609 εὐθηνίᾳ
619 3537 947 3610 ἐτύγχανον,
992 3539 1320 3611 ὑποχειρίων
1347 3542 1462 3603 τοῖς
1497 3539 1738 3594 θλίϐουσι
1783 3559 1938 3611 γενο-

355 3626 532 3698 μένων
558 3627 667 3681 τῶν
691 3628 780 3682 διά
804 3628 873 3683 τὰ
914 3630 1293 3702 ἁμαρτήματα
1329 3629 1934 3703 ἐγκαταλελειμμένων,

349 3716 443 3773 τοῦ
462 3720 669 3793 Κυρίου
689 3724 1127 3787 ταπεινώσαντος
1152 3723 1243 3777 διὰ
1269 3722 1331 3776 τὸ
1354 3722 1558 3794 πλῆθος
1584 3723 1695 3778 τῶν
1731 3724 1935 3795 ἀσεϐη-

352 3811 537 3883 μάτων
562 3813 688 3876 τοὺς
710 3810 1252 3884 παρανενομηκότας,
1287 3811 1381 3864 ἐπὶ
1404 3809 1659 3865 τοσοῦτόν
1683 3827 1747 3879 γε
1775 3809 1936 3866 τοῦτο

352 3905 694 3974 ποιήσαντος,
720 3904 798 3968 ώς
831 3904 965 3976 μηδὲ
994 3906 1109 3969 τοῖς
1130 3903 1348 3976 νηπίοις
1388 3901 1568 3957 αὐτῶν
1589 3901 1739 3957 ἔλεον
1766 3918 1936 3958 κατα-

345 3987 665 4061 λειφθῆναι,
715 3990 853 4044 ἀλλὰ
895 3991 1228 4063 πορευθῆναι
1282 3989 1426 4045 αὐτά
1468 3992 1529 4045 ἐν
1582 3989 1934 4065 αἰχμαλωσίᾳ

344 4077 679 4152 ἐλαυνόμενα
706 4081 811 4134 ὑπὸ
841 4082 1039 4146 παντὸς
1065 4079 1163 4134 τοῦ
1188 4079 1482 4144 θλίσοντος.

421 4172 550 4226 Ὅτι
606 4174 822 4241 Κύριος
867 4172 1293 4227 ἐταπείνωσεν.
1366 4171 1673 4244 ’Δρξάντων
1724 4190 1784 4225 τε
1837 4173 1932 4228 καί

343 4263 759 4335 εὐφρανθέντων
798 4262 877 4335 τῷ
926 4264 1019 4317 τὸν
1069 4263 1276 4333 Κύριον
1333 4261 1422 4317 διὰ
1463 4263 1525 4316 τὸ
1570 4262 1777 4334 πλῆθος
1820 4265 1930 4318 τῶν

341 4353 515 4425 ἀσεὸη
525 4354 710 4426 μάτων
742 4355 823 4419 εἰς
849 4353 1178 4408 ταπείνωσιν
1202 4353 1644 4426 παραδεδωκέναι
1668 4356 1798 4419 τοὺς
1831 4356 1930 4421 τὰς

2044 3155 2151 3211 hoc
2179 3166 2263 3213 est
2284 3158 2363 3212 uti
2392 3157 2755 3230 Symmachus
2785 3161 3172 3235 interpretatus
3196 3177 3300 3231 est,
3326 3167 3627 3238 principes.

2040 3246 2143 3301 Alii
2184 3262 2313 3305 vero
2365 3247 2603 3305 fortasse
2644 3261 2839 3322 praeter
2875 3254 3224 3321 tribulantes,
3259 3256 3406 3328 quod
3439 3269 3627 3316 essent

2038 3336 2122 3390 vel
2148 3352 2231 3403 re,
2272 3337 2356 3393 vel
2402 3339 2733 3410 cogitatione
2783 3341 3012 3409 inimici,
3044 3342 3231 3399 felices
3272 3354 3446 3411 erant,
3495 3361 3622 3402 cum

2039 3427 2240 3487 subditi
2294 3427 2421 3487 facti
2469 3440 2654 3487 essent
2696 3433 3089 3509 tribulantibus
3134 3434 3209 3489 illi
3257 3436 3352 3506 qui
3402 3452 3624 3509 propter

2037 3529 2259 3589 peccata
2293 3520 2534 3577 derelicti
2579 3531 2776 3590 erant,
2822 3524 3145 3581 humiliante
3184 3527 3414 3582 Domino
3445 3536 3625 3587 trans-

2040 3625 2322 3681 gressores
2346 3612 2418 3668 ob
2446 3613 2781 3683 impietatum
2806 3616 3209 3671 multitudinem
3236 3632 3303 3673 eo
3333 3634 3528 3692 usque,
3562 3633 3622 3677 ut

2047 3716 2113 3755 ne
2138 3703 2379 3771 parvulis
2410 3704 2628 3774 quidem
2656 3720 2846 3761 eorum
2880 3706 3258 3763 misericordia
3281 3709 3622 3787 impendere-

2042 3799 2150 3855 tur,
2177 3792 2269 3847 sed
2305 3793 2360 3847 in
2391 3796 2760 3864 captivitatem
2784 3796 3018 3861 abirent,
3044 3806 3098 3854 et
3119 3799 3462 3857 atribulaute
3480 3818 3627 3874 quo-

2046 3883 2178 3939 libet
2199 3894 2507 3956 agerentur.
2740 3884 2745 3887 ’

2106 4145 2248 4211 Quia
2280 4146 2535 4201 Dominus
2571 4145 2686 4200 Itun.
2699 4146 2889 4201 iliavit.
2932 4144 3069 4201 Cum
3100 4146 3342 4207 dominio
3372 4146 3529 4221 potiti
3567 4160 3623 4205 et

2033 4239 2203 4308 gavisi
2247 4248 2452 4303 essent,
2500 4239 2644 4309 quod
2672 4237 2936 4294 Dominus
2959 4239 3030 4293 ob
3058 4239 3459 4295 multitudinem
3509 4241 3623 4295 int-

2033 4332 2292 4400 pietatum
2319 4347 2414 4386 eos
2444 4331 2810 4385 humiliaverit
2834 4331 2925 4401 qui
2948 4339 3104 4402 pacta
3135 4331 3188 4386 in
3214 4332 3388 4389 sacris
3419 4332 3622 4389 litteris

344 4445 406 4498 ἐν
450 4446 565 4509 τοίς
613 4444 795 4515 ἀγίοις
830 4445 1103 4518 συνθήκας
1144 4425 1295 4519 πρὸς
1323 4445 1487 4499 αὐτὸν
1529 4445 1591 4499 οὐ
1633 4448 1932 4521 τετηρηκό-

2040 4427 2246 4485 sancita
2271 4441 2394 4482 cum
2427 4425 2547 4497 ipso
2578 4427 2869 4480 violarunt.

338 4550 463 4599 τας.

419 4626 531 4681 Τοῦ
569 4626 780 4682 αὐτοῦ.
820 4629 1069 4695 Δικαίως
1095 4627 1169 4683 τὰ
1210 4627 1414 4683 δίκαια
1446 4628 1674 4697 διώξεις
1700 4630 1798 4703 (1).
1830 4631 1927 4696 Τίς

352 4716 452 4790 γὰρ
500 4719 562 4773 τὺ
592 4719 799 4774 δίκαιον
831 4721 892 4775 οὐ
937 4720 1162 4786 δικαίως
1204 4719 1426 4786 Mutat;
1473 4720 1828 4786 Διαλαδόντες
1864 4722 1926 4777 δέ

339 4813 550 4875 ἐκετνο,
584 4811 827 4885 εὐχερῶς
858 4811 954 4868 καί¹
999 4813 1094 4866 ἐπὶ
1126 4811 1286 4865 τοῦτο
1331 4811 1766 4883 μετελευσόμεθα
1788 4850 1802 4876 ,
1842 4813 1925 4867 ὅτι

334 4901 457 4956 εστι
493 4902 717 4967 δικαίως
754 4902 817 4955 τὺ
859 4901 1044 4957 ἄδικον
1082 4899 1319 4956 διώκειν.
1371 4899 1660 4972 Ἐξήγησις
1699 4900 1796 4971 μὲν
1829 4899 1922 4954 τοῦ

332 4992 566 5057 δικαίως
592 4994 655 5047 τὸ
688 4993 896 5048 δίκαιον
921 4992 1139 5047 διώκειν
1162 4991 1324 5064 αὕτη,
1358 4991 1499 5045 ἐπὰν
1527 4992 1623 5046 καί
1652 4991 1714 5045 τὸ
1750 5008 1925 5064 πρατ-

330 5083 564 5154 τόμενον
587 5083 829 5154 καθῆκον
855 5080 912 5158 ᾗ,
936 5083 1031 5137 καὶ
1060 5083 1205 5153 ὑγιεῖ
1227 5081 1465 5137 διαθέσει
1491 5081 1781 5155 ἐνεργῆται
1797 5099 1810 5113 ·
1846 5082 1924 5147 ὡς

332 5174 394 5230 cl
420 5192 506 5239 τις
535 5175 888 5247 σωφροσύνην
908 5173 985 5228 ’δι’
1019 5173 1327 5228 ούδὲνάλλο
1355 5173 1389 5244 ἢ
1422 5172 1490 5227 δι’
1515 5172 1684 5245 αὐτὴν
1720 5190 1921 5246 κατορ-

332 5265 534 5330 θώσαι,
569 5267 822 5340 καθάπερ
855 5267 1054 5338 Ἰωσὴφ
1081 5267 1496 5338 ἀναγέγραπται
1525 5265 1886 5335 πεποιηκέναι
1902 5283 1917 5297 ’

330 5357 432 5414 τοῦ
470 5358 531 5414 δὲ
557 5358 759 5425 ἀδίκως
789 5358 853 5412 τὸ
892 5358 1102 5413 δίκαιον
1150 5356 1368 5413 διώκειν
1412 5358 1446 5429 ὴ
1491 5355 1763 5429 σαφήνειά
1802 5357 1921 5411 ἐστι

409 5531 426 5562 ¹
458 5525 617 5586 Deut.
651 5546 763 5598 XVI,
786 5529 879 5584 20.

2100 4623 2373 4695 Ejusdem.
2402 4621 2554 4678 Iuste
2576 4612 2718 4693 quod
2728 4621 2938 4692 justum
2969 4631 3047 4678 est
3066 4627 3390 4696 persequeris
3408 4626 3447 4684 ί.
3478 4626 3619 4696 Quis

2026 4717 2171 4773 enim
2203 4716 2359 4787 quod
2373 4715 2582 4786 justum
2612 4721 2698 4768 est
2727 4728 2836 4769 non
2872 4714 3022 4785 justo
3052 4717 3433 4788 persequitur?
3452 4717 3617 4776 Post-

2027 4824 2195 4878 quam
2224 4808 2363 4875 illud
2394 4808 2943 4877 pertractaverimus,
2987 4804 3146 4862 facile
3171 4810 3333 4865 etiam
3367 4808 3435 4865 ad
3464 4811 3617 4867 istud

2031 4901 2423 4966 transibimus,
2457 4900 2605 4970 quod
2656 4900 2833 4971 possit
2879 4900 3006 4972 quis
3041 4899 3187 4970 quod
3223 4900 3487 4972 injustum
3528 4913 3622 4961 est

2024 4991 2172 5063 iuste
2216 4990 2491 5063 persequi.
2530 4990 2688 5048 Iusto
2718 4991 2863 5063 quod
2900 4991 3112 5064 justum
3142 5000 3227 5049 est
3263 4996 3612 5065 persequitur

2028 5084 2098 5150 is,
2132 5083 2225 5154 qui
2254 5084 2402 5154 quod
2440 5084 2571 5154 agit,
2602 5084 2669 5140 ad
2701 5084 2974 5155 aequitatis
3021 5098 3270 5139 normam
3318 5086 3518 5156 exigit,
3554 5094 3614 5141 et

2031 5176 2227 5237 aﬁ‘tctu
2250 5190 2387 5232 sano
2410 5185 2686 5248 operatur,
2723 5185 2782 5231 ut
2807 5177 2851 5233 si
2880 5175 3005 5247 quis
3031 5175 3336 5232 castitatem
3367 5177 3437 5231 ob
3470 5177 3616 5232 nihil

2026 5268 2172 5323 aliud
2199 5284 2364 5338 quam
2405 5276 2625 5338 propter
2657 5267 2830 5338 ipsam
2870 5267 3209 5335 servaverit,
3253 5267 3609 5336 quemadmo-

2026 5358 2157 5415 dum
2191 5361 2455 5431 scriptum
2480 5370 2567 5417 est
2600 5358 2797 5417 fecisse
2824 5357 3048 5429 Joseph.
3095 5356 3189 5413 Ille
3218 5373 3348 5413 vero
3404 5356 3615 5426 injuste

405 5648 484 5721 (l)
521 5649 676 5705 Licet
717 5648 823 5721 hoc
871 5646 1246 5721 fragmentum
1279 5646 1456 5721 locum
1501 5645 1914 5721 Denteronomii
1952 5647 2202 5721 explicet,
2254 5650 2631 5701 verumtamen
2681 5641 2734 5695 in
2782 5636 3001 5695 Catenis
3030 5649 3168 5691 mss.
3206 5630 3405 5688 dicitur
3430 5630 3528 5687 de-

332 5716 651 5793 promptum
686 5733 752 5774 ος
779 5716 1185 5773 Commentariis
1210 5717 1461 5790 Origenis
1493 5719 1545 5773 in
1588 5717 1839 5772 Threnos.
