4140 6454
471 329 577 382 615

1848 315 1936 371 EX
1978 307 2297 368 ORIGENE'

3615 296 3722 350 616

465 447 608 519 quod
649 445 856 514 justum
901 446 984 494 est
1028 427 1535 519 pcrscquitu_r,gqui
1603 425 1747 519 quod
1797 424 2036 493 :equitati

2156 415 2395 484 τοιαύτη,
2436 410 2576 465 ἐπὰν
2607 409 2671 463 τὸ
2714 406 2954 478 καθῆκον
3004 405 3103 476 μέν
3148 423 3230 468 τις
3287 405 3543 476 ἐπιτελῇ,
3591 425 3723 477 προ-

2156 511 2198 519 “¹
2318 508 2356 519 ⁸·
2507 505 2533 519 Α
2619 505 2646 519 ⁴
2712 502 2725 519 ο
2837 501 2858 518 ιι
2903 518 2920 519 κ
2967 517 2975 519 μ
3015 498 3162 519 una“
3201 497 3296 519 -ιη
3335 499 3476 519 __A_,7
3522 499 3640 519 ,ηιμ
3669 500 3681 516 ,

466 513 683 602 quidem
724 535 1142 583 consentaneum
1187 528 1289 582 est,
1325 517 1484 581 facit,
1535 515 1627 570 sed
1675 513 1867 568 aﬁectu
1919 527 2042 581 per-

467 635 657 681 verso,
710 627 768 669 nt
814 616 857 669 si
890 615 1012 684 quis
1057 617 1197 666 bona
1250 607 1581 678 pauperibus
1636 605 1927 659 distribuat
1973 604 2040 656 ad

468 708 692 778 gloriam
721 705 790 758 ab
817 702 1131 757 hominibus
1161 697 1482 767 captandam
1513 713 1526 749 :
1556 711 1677 764 quae
1704 703 1896 748 vetans
1925 692 2044 746 Sal-

467 809 619 852 vator
648 799 721 850 ait
751 798 770 826 '
809 813 822 849 :
860 792 919 846 Si
948 793 1081 862 facis
1111 791 1510 859 eleemosynam,
1553 788 1658 840 noli
1701 788 1824 839 tuba
1860 802 2044 838 canere

469 900 589 942 ante
639 896 706 952 te,
749 887 883 938 sicut
915 883 1200 953 hypocrita
1240 880 1444 948 faciunt
1497 879 1551 931 in
1598 877 1874 946 synagogis
1909 885 1958 929 et
1989 877 2042 928 in

469 980 616 1043 vicis,
660 987 716 1030 ut
753 976 1165 1044 Itonoriﬁcentur
1204 972 1268 1024 ab
1305 969 1621 1023 hominibus.
1667 968 1819 1023 Juste
1865 980 2042 1023 autem

469 1069 613 1140 quod
655 1068 919 1136 injustam
955 1073 1039 1118 est
1084 1062 1261 1116 facere
1295 1060 1678 1130 intelligendus
1713 1069 1797 1112 est
1843 1060 1916 1123 is,
1953 1057 2043 1126 qui

472 1161 694 1216 meliora
729 1159 830 1214 sibi
861 1155 1134 1226 proponit,
1179 1154 1273 1208 sed
1319 1153 1389 1206 ob
1427 1151 1553 1206 boni
1597 1151 1865 1205 inscitiam
1893 1149 2045 1203 dete-

474 1254 619 1306 riora
660 1250 902 1320 peragit;
943 1247 1121 1317 qualis
1169 1246 1298 1300 olim
1339 1243 1502 1314 326
1540 1253 1657 1297 erat
1704 1241 1903 1296 Paulus
1953 1238 2046 1308 qui

471 1343 686 1414 pietatis
725 1341 839 1394 zelo
886 1337 1159 1393 Ecclesias
1191 1335 1454 1389 tradebat.
1489 1334 1692 1402 lnjuste
1736 1344 1866 1383 vero
1901 1329 2046 1399 quod

473 1435 734 1505 iniustum
763 1441 847 1486 est
872 1432 950 1496 ﬁt,
991 1444 1117 1484 cum
1148 1438 1200 1481 et
1230 1426 1373 1496 quod
1410 1427 1590 1496 agitur
1617 1423 1855 1494 aequitati
1884 1435 2049 1490 repu-

473 1533 622 1598 gnat,
652 1535 707 1580 et
745 1524 942 1579 mentis
971 1521 1311 1591 propositum
1345 1530 1664 1588 perversum
1695 1523 1799 1570 est.

545 1703 698 1758 Vers.
714 1702 768 1755 6.
788 1700 854 1753 Et
873 1713 1108 1769 egressus
1130 1705 1204 1750 est
1222 1712 1252 1748 α
1269 1694 1384 1764 [ilia
1405 1692 1532 1748 Sion
1550 1708 1717 1746 omnis
1735 1691 1892 1744 decor
1910 1689 2045 1760 ejus.

475 1797 677 1850 Littera
729 1809 827 1862 pro
864 1791 1074 1844 viribus
1126 1786 1444 1857 exponenda
1503 1793 1587 1839 est
1651 1783 2050 1854 inquirentibus

473 1901 596 1956 qua:
628 1885 698 1939 sit
723 1883 828 1936 ﬁlia
857 1882 1010 1946 Sion,
1043 1889 1096 1934 et
1125 1879 1178 1933 in
1212 1891 1322 1948 quo
1348 1876 1510 1931 decor
1537 1874 1657 1944 ejus
1685 1873 1970 1938 consistat,
1997 1882 2052 1927 et

474 1993 596 2048 qua:
639 1990 841 2046 pascua
869 1989 991 2043 quae
1027 1987 1136 2026 non
1185 1969 1388 2023 habent
1427 1967 1704 2036 principes
1739 1966 1861 2020 ﬁliai
1897 1964 2050 2030 Sion,

476 2076 648 2128 instar
684 2073 916 2126 arietum
944 2079 1102 2138 pastu
1127 2065 1483 2135 indigentium
1516 2081 1529 2117 :
1561 2071 1614 2116 et
1642 2061 1917 2131 quomodo
1962 2059 2051 2114 isti

476 2165 791 2222 fortitudine
817 2161 1010 2232 privati
1041 2159 1319 2214 ambulent
1344 2169 1469 2210 ante
1502 2154 1693 2210 faciem
1729 2167 2055 2223 persequen-

476 2255 566 2308 tis.
603 2253 950 2306 Arbitramur
994 2250 1178 2317 itaque
1216 2255 1453 2300 montem
1493 2243 1623 2298 Sion
1662 2257 1786 2303 esse
1825 2251 2052 2294 matrem

478 2343 776 2414 Synagoga:
807 2354 929 2409 qua:
972 2338 1024 2392 in
1071 2339 1185 2407 ipsa
1229 2345 1332 2401 est,
1378 2349 1607 2404 qumque
1635 2335 1861 2403 ﬁguram
1894 2331 2056 2385 habet

477 2434 599 2486 ﬁlim.
623 2430 788 2496 Sion;
827 2431 1077 2484 decorem
1103 2441 1230 2480 vero
1258 2425 1380 2479 ﬁlia:
1426 2423 1556 2479 Sion
1585 2424 1899 2478 indumenta
1933 2435 2055 2476 esse

475 2539 597 2593 qua:
648 2522 736 2576 illa
788 2521 1119 2592 possidebat,
1168 2535 1288 2589 qua:
1321 2519 1523 2588 rapina:
1556 2526 1797 2585 tempore
1844 2515 2054 2584 direpta

476 2613 546 2668 ab
576 2612 826 2667 hostibus
853 2653 866 2678 ,
921 2609 1172 2663 abierunt
1211 2607 1278 2660 ab
1310 2605 1396 2660 his
1427 2619 1658 2674 quorum
1689 2603 1850 2656 decor
1877 2609 2053 2667 erant,

477 2706 583 2760 hoc
616 2713 696 2760 est
731 2710 1008 2773 asportata
1051 2708 1207 2767 sunt;
1258 2699 1362 2752 hoc
1399 2696 1596 2766 quippe
1641 2692 1915 2748 eﬂicacius
1961 2707 2056 2746 ex-

477 2796 676 2866 pressit
711 2809 805 2864 per
838 2792 967 2847 illud
1010 2810 1023 2845 :
1059 2789 1311 2861 Egressus
1344 2796 1458 2849 est;
1488 2785 1762 2856 principes
1788 2798 1919 2838 vero
1954 2781 2052 2853 Sy-

478 2901 720 2957 nagogaa,
754 2885 1003 2939 hostibus
1031 2879 1429 2952 ingruentibus,
1462 2877 1813 2945 captivosque
1853 2873 2058 2928 ducen-

477 2979 622 3034 tibus
642 3017 656 3041 ,
689 2984 954 3032 consueto
981 2975 1125 3028 victu
1161 2971 1474 3031 deﬁciente,
1515 2975 1858 3036 comparatos
1887 2965 2057 3019 fuisse

479 3069 742 3124 arietibus
780 3083 890 3121 non
941 3062 1341 3119 invenientibus
1371 3059 1587 3123 cibum;
1621 3067 1675 3114 et
1722 3058 1882 3123 sicut,
1925 3058 2054 3112 dum

479 3161 676 3216 arietes
705 3159 978 3213 ducuntur
1025 3155 1118 3226 qui
1160 3154 1296 3223 pasti
1345 3168 1450 3207 non
1495 3152 1622 3213 sint,
1678 3149 1808 3203 lenti
1855 3150 2058 3204 abeunt

479 3253 747 3309 violentiae
781 3248 1222 3321 prosequentium
1260 3247 1544 3312 cedentes;
1583 3245 1653 3297 ita
1700 3251 1753 3297 et
1785 3243 2059 3312 principes

475 3344 676 3416 captivi
722 3342 886 3408 facti,
927 3342 1056 3396 dum
1099 3340 1152 3394 in
1200 3340 1469 3392 victorum
1526 3337 1644 3390 loca
1696 3337 2058 3401 ducerentur,

477 3435 744 3498 abibant,
813 3447 922 3487 non
970 3430 1024 3485 in
1079 3427 1396 3484 fortitudine
1451 3433 1577 3482 ante
1631 3425 1824 3481 faciem
1871 3440 2046 3496 perse-

476 3524 716 3597 quentis.

552 3701 808 3771 Ejusdem
867 3715 958 3770 per
1008 3714 1296 3770 anagogen.
1336 3695 1558 3769 Mystiee
1607 3709 1739 3750 vero
1788 3695 2057 3765 ejusmodi

480 3793 662 3848 anima
699 3791 808 3846 ﬁlia
835 3799 920 3845 est
952 3789 1120 3857 Sion;
1159 3789 1391 3858 exempli
1431 3789 1625 3858 gratia,
1657 3795 1743 3843 est
1774 3788 1879 3842 ﬁlia
1906 3787 2064 3858 justi-

477 3885 569 3938 tiaa
608 3883 754 3953 iusta
781 3919 795 3945 ,
836 3880 945 3934 ﬁlia
979 3879 1260 3950 sapientia:
1291 3879 1532 3948 sapiens.
1582 3877 1674 3932 Sic
1717 3878 1882 3932 etiam
1934 3893 2057 3932 cum

480 3973 612 4028 Sion
660 3972 879 4042 specula
923 3973 1035 4036 sit,
1102 3971 1431 4040 speculatrix
1484 3981 1538 4026 et
1597 3969 2060 4040 contemplatione

480 4080 639 4124 utens
680 4084 858 4122 rerum
896 4067 1330 4138 investigatrice,
1385 4064 1493 4118 ﬁlia
1541 4062 1672 4118 Sion
1719 4079 1825 4118 non
1864 4064 2059 4119 incon-

479 4173 616 4230 grue
642 4158 871 4212 dicetur.
915 4156 1176 4211 Dccorem
1226 4169 1354 4209 vero
1403 4154 1550 4208 illius
1581 4153 2016 4223 dignitatemque
2042 4193 2056 4217 ,

479 4250 609 4320 quid
634 4249 781 4304 aliud
826 4248 1209 4304 convenienter
1243 4247 1568 4317 putaverim,
1606 4260 1769 4314 quam
1805 4259 1938 4313 opes
1969 4258 2060 4298 vc-

479 4341 654 4395 ritatis
706 4349 1019 4396 sanctorum
1051 4337 1366 4408 dogmatum
1398 4352 1523 4392 cum
1565 4336 1828 4407 sapientia
1879 4336 2062 4405 inspe-

2143 511 2289 563 θέσει
2314 508 2368 560 δὲ
2400 505 2668 576 μοχθηρᾷ,
2697 502 2772 565 ὡς
2805 501 2858 554 εἴ
2894 517 2979 564 τις
3010 498 3165 562 δόξαν
3199 497 3298 568 τὴν
3330 499 3480 570 παρά
3513 499 3724 570 ἀνθρὼ-

2145 617 2261 652 πων
2289 596 2608 668 θηρώμενος
2663 593 2968 663 κοινωνήσῃ
3013 589 3122 642 τῶν
3157 589 3510 658 ὑπαρχόντων
3557 592 3726 661 πένη-

2146 708 2261 744 σιν·
2296 691 2440 758 ειπερ
2471 685 2830 756 ἀπαγορεύων
2857 685 2886 735 ό
2919 683 3109 752 Σωτήρ
3137 697 3328 751 φησιν’
3380 682 3517 735 Ἐὰν
3549 682 3727 750 ποιῇς

2142 783 2565 852 ἐλεημοσύνην
2589 819 2604 844 ,
2662 779 2748 848 μὴ
2805 780 3123 845 σαλπίσῃς
3180 776 3522 844 ἔμπροσθέν
3585 793 3723 840 σου,

2143 873 2343 940 ὥσπερ
2375 874 2428 924 οὶ
2460 868 2777 937 ὑποκριταί
2802 865 3084 920 ποιοῦσιν
3103 867 3175 918 ἐν
3197 865 3326 931 ταῖς
3353 868 3726 936 συναγωγαῖς

2146 965 2244 1020 καί
2283 966 2353 1017 ἐν
2383 963 2512 1028 ταῖς
2543 964 2795 1030 ῥύμαις,
2829 959 2988 1024 ὅπως
3029 957 3410 1022 δοξασθῶσιν
3446 959 3564 1012 ὑπὸ
3611 959 3730 1012 τῶν

2146 1057 2489 1123 ἀνθρώπων.
2523 1054 2596 1105 Τὸ
2626 1052 2682 1104 δέ
2723 1051 2947 1112 δικαίως
2976 1052 3037 1102 τὸ
3081 1049 3265 1103 ἄδικον
3304 1053 3477 1102 ποιεῖν
3509 1050 3728 1122 νοηθείη

2146 1151 2233 1213 ἂν,
2265 1150 2390 1201 ὅταν
2411 1187 2424 1211 ,
2461 1145 2716 1217 προθέσει
2750 1146 2819 1196 τὰ
2851 1143 3136 1212 κρείττονα
3166 1146 3339 1195 ποιεῖν
3374 1161 3460 1206 τις
3503 1143 3727 1214 προελό·

2151 1259 2307 1312 μενος
2327 1282 2340 1305 ,
2374 1241 2503 1310 παρ’
2528 1239 2748 1306 ἄγνοιαν
2780 1234 2875 1288 τοῦ
2908 1234 3073 1287 καλοῦ
3126 1235 3337 1305 πράττῃ
3378 1235 3446 1289 τά
3480 1235 3724 1307 χείρονα·

2147 1333 2331 1395 ὁποῖός
2362 1346 2492 1382 ποτε
2524 1330 2713 1398 γέγονε
2748 1327 2959 1390 Παῦλος
2988 1327 3270 1397 προδιδοὺς
3301 1329 3400 1391 τάς
3434 1329 3731 1399 ἐκκλησίας

2149 1423 2292 1477 κατά
2329 1422 2489 1490 ζῆλον
2520 1419 2846 1482 θεοσεϐείας.
2895 1418 3121 1480 Ἀδίκως
3161 1418 3218 1470 δὲ
3255 1419 3317 1470 τὸ
3356 1419 3558 1480 ἄδικον,
3602 1422 3731 1476 ὅταν

2149 1513 2331 1568 καὶτὸ
2374 1513 2744 1583 πραττόμενον
2782 1511 2966 1564 ἄδικον
2995 1506 3051 1584 ᾖ,
3080 1511 3174 1564 καὶ
3203 1513 3237 1582 ή
3279 1513 3600 1584 προαίρεσις
3633 1529 3731 1568 καί

2150 1605 2496 1677 κοποιητική.

2221 1698 2329 1752 Καὶ
2375 1697 2595 1765 ἐξῆλθε
2619 1695 2689 1750 ἐκ
2727 1695 3019 1766 θυγατρὸς
3053 1695 3206 1749 Σιὼν
3237 1693 3405 1750 πᾶσα
3445 1697 3483 1764 ἡ
3520 1694 3732 1763 εὐπρέ-

2153 1803 2289 1843 πεια
2317 1787 2526 1856 αὐτῆς.
2559 1787 2640 1840 Τὰ
2669 1788 2769 1858 τῆς
2812 1787 3030 1854 λέξεως,
3072 1785 3172 1855 ὅση
3203 1785 3428 1856 δύναμις
3469 1788 3600 1856 ἡμῖν
3640 1803 3735 1839 σας

2153 1880 2473 1951 φηνιστέον,
2525 1877 2837 1943 ἐξετάζουσι
2876 1879 2961 1942 τίς
3003 1880 3035 1948 ἡ
3076 1877 3320 1948 θυγάτηρ
3354 1877 3490 1930 Σιὼν
3537 1878 3630 1930 καὶ
3677 1879 3736 1929 ὲν

2150 1971 2257 2025 τίνι
2289 1971 2488 2042 ἔχουσα
2518 1971 2618 2040 τὴν
2641 1969 3005 2041 εὐπρέπειαν,
3042 1970 3125 2034 τίς
3158 1987 3219 2022 τε
3253 1972 3286 2041 ἡ
3325 1970 3495 2040 νομὴ,
3526 1969 3592 2040 ἠν
3635 1971 3738 2022 οὐκ

2151 2062 2367 2134 ἔχουσιν
2390 2064 2440 2115 οἱ
2476 2062 2738 2134 ἄρχοντες
2775 2063 2873 2133 τῆς
2905 2062 3175 2133 θυγατρὸς
3199 2060 3335 2115 Σιὼν
3373 2061 3528 2132 δίκην
3566 2061 3736 2132 κριῶν

2151 2154 2499 2226 ἀπορούντων
2537 2153 2884 2225 βοσκήσεωςσ
2923 2153 3162 2216 καὶπῶς
3197 2147 3342 2208 οὗτοι
3392 2153 3736 2224 ἐστερημένοι

2157 2247 2337 2317 ίσχύος
2387 2245 2704 2318 πορεύονται
2757 2244 2900 2298 κατά
2947 2244 3236 2314 πρόσωπον
3281 2243 3375 2296 τοῦ
3425 2241 3734 2306 διώκοντος.

2166 2337 2476 2409 Ἠγούμεθα
2509 2337 2565 2390 δέ
2594 2337 2656 2390 τὸ
2685 2337 2780 2407 μὲν
2807 2337 2931 2408 ὅρος
2970 2335 3107 2389 Σιὼν
3137 2336 3346 2407 μητέρα
3380 2331 3517 2388 εἶναι
3544 2336 3641 2404 τῆς
3680 2337 3738 2388 ὲν

2153 2431 2290 2502 αὐτῇ
2319 2429 2672 2498 Συναγωγῆς,
2704 2427 2970 2498 θυγατρὸς
2994 2426 3433 2497 σχηματιζούσης
3457 2427 3553 2496 τῆς
3571 2425 3736 2478 Σιὼνο

2152 2520 2254 2592 τὴν
2286 2520 2343 2574 δὲ
2373 2517 2706 2590 εὐπρέπειαν
2730 2519 2827 2589 τῆς
2848 2517 3117 2588 θυγατρὸς
3144 2516 3282 2570 Σιὼν
3307 2517 3405 2590 τὴν
3431 2519 3621 2588 κτῆσιν
3641 2518 3741 2589 τὴν

2155 2614 2212 2666 ἐν
2236 2611 2466 2672 πέπλοις
2486 2610 2658 2680 αὐτῆς
2678 2627 2692 2640 ·
2713 2611 2835 2680 ἥτις
2863 2609 3074 2679 κτῆσις,
3107 2610 3164 2661 ἐν
3184 2607 3263 2678 τῷ
3292 2608 3468 2680 καιρῷ
3493 2609 3587 2679 τῆς
3609 2625 3742 2680 προ-

2154 2704 2324 2774 νομῆς
2345 2702 2610 2773 ληφθεϊσα
2643 2703 2748 2756 ὑπὸ
2769 2701 2876 2755 τῶν
2908 2700 3204 2770 πολεμίων,
3231 2699 3454 2770 ἐξῆλθεν
3483 2701 3590 2754 ἀπὸ
3620 2699 3744 2754 τού-

2155 2811 2262 2846 των
2284 2785 2402 2847 ὧνό
2433 2793 2636 2864 κόσμος
2660 2787 2748 2862 ἦν,
2781 2792 3060 2844 τουτέστιν
3089 2789 3436 2861 ἐξεκομίσθη·
3449 2789 3605 2843 τοῦτο
3633 2791 3744 2862 γὰρ

2155 2887 2502 2959 ἐμφατικώτε
2510 2904 2600 2959 ρον
2619 2885 2698 2956 τῷ
2713 2884 2974 2954 ἐξῆλθεν
2993 2884 3263 2954 ὼνόμασε’
3284 2885 3410 2946 τοὺς
3428 2883 3485 2936 δὲ
3501 2885 3743 2955 ἡγουμέ-

2155 2997 2280 3045 νους
2320 2979 2419 3051 τῆς
2453 2977 2782 3048 Συναγωγῆς
2805 3017 2819 3041 ,
2865 2976 2953 3030 διὰ
2984 2976 3046 3029 τὺ
3091 2975 3368 3028 ἐκκεῖσθαι
3413 2975 3538 3040 τοὺς
3583 2975 3744 3029 πολε-

2163 3071 2338 3142 μίους,
2372 3071 2466 3124 καὶ
2491 3067 2910 3140 αίχμαλωτίζειν
2949 3066 3290 3139 ἀποροῦντας
3329 3064 3436 3119 τῶν
3475 3067 3742 3138 συνήθων,

2160 3161 2474 3234 ὼμοιῶσθαι
2515 3165 2690 3234 κριοῖς
2747 3159 2844 3230 οὐχ
2891 3158 3205 3230 εὑρίσκουσι
3256 3159 3484 3230 τροφήν.
3535 3160 3744 3231 Ὥσπερ

2164 3255 2409 3324 μέντοιγε
2454 3253 2601 3319 κριοὶ
2653 3251 3000 3321 ἐλαυνόμενοι
3033 3250 3108 3321 μὴ
3153 3251 3452 3322 τραφέντες
3502 3251 3744 3314 ἀσθενῶς

2161 3343 2519 3414 πορεύονται,
2553 3344 2619 3412 τῇ
2660 3339 2872 3411 ἀνάγκῃ
2902 3339 3011 3393 τῶν
3046 3339 3441 3392 ἐπιδιωκόντων
3473 3340 3709 3401 εἴκοντες
3731 3355 3742 3366 ·
3771 3391 3774 3394 ,

2160 3433 2333 3496 οὕτως
2358 3433 2450 3486 καὶ
2483 3433 2530 3485 oi
2558 3432 2818 3503 ἄρχοντες
2847 3430 3180 3500 αἰχμάλωτοι
3206 3429 3506 3501 γενόμενοι,
3541 3430 3744 3496 ἀπαγό-

2164 3544 2314 3597 μενοι
2339 3527 2437 3596 τὴν
2470 3525 2653 3597 χώραν
2685 3524 2793 3577 τῶν
2832 3522 3379 3593 αἰχμώωτισάντων,
3422 3521 3739 3592 ἐπορεύοντο

2160 3619 2260 3671 οὐκ
2279 3619 2337 3670 ἐν
2365 3617 2507 3688 ἰσχύϊ
2530 3617 2649 3670 κατ’
2683 3617 2804 3686 ὄψιν
2837 3615 2930 3669 τοῦ
2959 3616 3265 3678 διώκοντος.

2236 3708 2352 3762 Τοῦ
2383 3707 2569 3762 αὐτοῦ
2605 3708 2755 3762 κατὰ
2778 3704 3113 3777 ἀναγωγήν.
3154 3705 3298 3776 Πρὸς
3347 3705 3405 3758 δὲ
3441 3702 3672 3757 διάνοιαν
3706 3701 3742 3772 ἡ

2159 3799 2336 3852 τοιάδε
2363 3799 2510 3870 ψυχὴ
2540 3797 2786 3869 θυγάτηρ
2820 3797 2937 3850 ἐστὶ
2969 3797 3133 3848 Σιών’
3154 3792 3265 3849 οἷον
3288 3795 3366 3859 ὡς
3399 3795 3648 3864 θυγάτηρ
3669 3791 3745 3844 δι-

2161 3889 2460 3961 καιοσύνης
2497 3891 2530 3960 ἡ
2563 3889 2767 3952 δικαία,
2791 3889 2884 3940 καὶ
2907 3887 3095 3940 τέκνον
3124 3887 3315 3957 σοφίας
3347 3889 3380 3958 ἡ
3416 3887 3580 3956 σοφή·
3606 3885 3748 3938 οὕτω

2160 3981 2238 4044 δὲ,
2259 3980 2381 4032 ἐπεὶ⁷
2404 3977 2542 4032 Σιών
2563 3981 2682 4031 ἐστι
2706 3978 2767 4030 τὸ
2793 3979 3205 4051 σκοπευτήριον,
3225 3979 3259 4048 ἡ
3285 3975 3636 4046 σκοπευτικὴ,
3655 3973 3749 4027 καὶ

2161 4070 2512 4142 θεωρητικῶς
2547 4069 2814 4141 διεξοδικὴ
2839 4069 3086 4140 θυγάτηρ
3120 4069 3256 4122 Σιὼν
3288 4069 3354 4122 ἂν
3377 4069 3606 4135 λέγοιτο.
3643 4067 3745 4118 Ei)-

2162 4165 2432 4234 πρέπειαν
2460 4163 2516 4215 δὲ
2538 4163 2707 4232 αὐτῆς
2730 4163 2822 4215 καὶ
2847 4162 3063 4233 ἀξίωμα
3089 4161 3141 4214 τί
3169 4161 3234 4214 ἂν
3259 4159 3387 4214 ἀλλο
3410 4161 3636 4222 δεόντως
3658 4173 3746 4212 νο-

2165 4253 2320 4325 μιοαί
2328 4269 2434 4323 μην
2456 4251 2488 4322 ἢ
2512 4252 2603 4303 τὸν
2621 4251 2848 4304 πλοῦτον
2868 4250 2976 4303 τῶν
2993 4251 3090 4320 τῆς
3115 4248 3370 4319 ἀληθείας
3396 4249 3533 4318 μετά
3558 4249 3747 4316 σοφίας

2161 4343 2586 4415 τεθεωρημένων
2611 4341 2784 4410 ἁγίων
2812 4341 3132 4412 δογμάτων;
3169 4340 3336 4393 Ἐπάν
3372 4338 3466 4393 οὖν
3497 4341 3750 4412 ἀμελήσῃ

479 4433 728 4490 ctorum?
764 4432 821 4488 Si
855 4433 980 4503 quis
1021 4433 1201 4503 itaque
1252 4433 1582 4503 negligenter
1623 4431 1792 4503 egerit
1826 4440 1948 4501 post
1975 4429 2053 4486 di-

2160 4453 2264 4501 τις,
2287 4436 2424 4506 μετά
2443 4436 2504 4488 τὸ
2536 4433 2838 4505 κτήσασθαι
2866 4434 3083 4505 ἀξίωμα
3103 4435 3197 4488 κει)⁵
3218 4433 3552 4504 εὐπρέπειαν
3574 4433 3668 4501 τῆς
3688 4449 3748 4483 τε

480 4524 701 4592 gnitatis
744 4523 1066 4591 decorisque
1112 4524 1510 4577 assecutionem
1539 4565 1554 4590 ,
1621 4523 1820 4578 amittit
1867 4539 2055 4577 earum

480 4615 880 4684 possessionem
930 4613 1348 4683 divinarumque
1393 4614 1706 4668 divitiarum
1753 4617 2056 4669 incremen-

482 4713 618 4768 tum,
666 4712 719 4756 et
764 4702 1118 4772 egrediuntur
1162 4719 1284 4773 quae
1327 4703 1532 4758 dudum
1572 4704 1690 4773 ejus
1739 4713 2057 4758 ornamenta

478 4807 654 4852 erant.
700 4795 980 4866 Principes
1006 4811 1157 4862 vero,
1199 4797 1293 4867 qui
1328 4797 1493 4853 duces
1524 4798 1787 4853 doctrina:
1816 4797 2056 4862 fuerunt,

478 4898 535 4942 ct
567 4905 730 4942 manu
764 4888 1036 4942 duxerunt
1085 4887 1153 4942 ad
1200 4888 1589 4959 acquirendum
1621 4891 1936 4958 przedictum
1967 4891 2061 4945 de-

481 4997 687 5043 corem,
725 4989 777 5035 et
809 4981 982 5036 instar
1008 4981 1237 5035 arietum
1275 4979 1418 5051 gregi
1445 4981 1802 5049 praeeuntium
1835 4997 1936 5036 nec
1971 4981 2059 5034 in-

482 5073 814 5126 venientium
847 5089 1068 5142 pascua,
1104 5073 1308 5129 redacti
1336 5081 1463 5127 sunt
1486 5081 1540 5127 et
1570 5072 1672 5142 ipsi
1699 5073 1765 5127 ad
1795 5072 2057 5141 inopiam,

485 5164 815 5235 negligentes
846 5180 1171 5220 conservare
1199 5181 1262 5220 ea
1292 5179 1415 5236 quae
1466 5165 1694 5234 seipsos,
1727 5173 1780 5217 et
1813 5164 1965 5227 oves,
2002 5171 2062 5218 ut

483 5257 553 5309 ita
600 5257 800 5322 dicam,
836 5257 1172 5329 impinguare
1205 5265 1473 5328 poterant.
1525 5255 1865 5325 Quapropter
1907 5255 2060 5310 debi-

482 5345 616 5403 litati
649 5358 700 5403 et
731 5365 759 5402 a
788 5359 1142 5420 persequente
1173 5349 1570 5418 comprehensi,
1617 5349 1708 5417 qui
1741 5357 1824 5402 est
1869 5347 2060 5400 advero

482 5439 662 5492 sarius
706 5447 894 5493 noster
921 5438 1194 5504 diabolus,
1251 5446 1376 5491 ante
1420 5438 1571 5491 illum
1619 5436 1885 5506 compulsi
1928 5443 2060 5490 eunt

482 5545 808 5600 quocunque
852 5531 927 5585 illi
975 5533 1174 5585 ducere
1226 5530 1463 5584 libuerit.
1513 5528 1668 5594 Quod
1712 5529 1756 5582 si
1806 5528 2059 5596 praedicta

555 5731 578 5763 ⁸
601 5730 787 5785 Matth.
813 5748 886 5798 vi,
908 5733 962 5786 ‘2.

2163 4527 2366 4580 τούτων
2381 4529 2607 4600 συνοχῆς
2621 4529 2713 4581 καὶ
2728 4530 2825 4600 τῆς
2843 4527 2934 4582 τοῦ
2953 4528 3180 4581 πλούτου
3199 4527 3292 4580 τοῦ
3309 4526 3452 4579 θείου
3472 4526 3748 4598 αὐξήσεως

2166 4619 2415 4690 ἀπορρεῖ,
2448 4622 2542 4673 καὶ
2575 4620 2859 4693 ἐξέρχεται
2889 4619 2956 4673 τὰ
2983 4621 3119 4682 τέως
3151 4620 3353 4689 κόσμος
3387 4619 3557 4688 αὐτῆς
3612 4634 3745 4685 τυγ-

2167 4708 2420 4778 χάνοντα.
2466 4711 2758 4782 ’Ἄρχοντες
2787 4711 2844 4764 δὲ
2867 4713 2916 4763 oi
2949 4711 3284 4781 ἡγησάμενοι
3328 4710 3419 4760 τοῦ
3451 4708 3630 4777 λόγου,
3655 4707 3748 4760 καὶ

2164 4805 2673 4874 χειραγωγήσαντες
2718 4807 2810 4859 ἐπὶ
2838 4805 2937 4875 τὴν
2972 4804 3164 4873 κτῆσιν
3210 4803 3310 4871 τῆς
3345 4800 3749 4872 προειρημένης

2161 4894 2495 4964 εὐπρεπείας
2538 4895 2695 4968 δίκην
2737 4897 2908 4969 κριῶν
2948 4895 3056 4948 τῶν
3105 4893 3463 4966 ἡγησαμένων
3509 4894 3607 4964 τῆς
3640 4891 3748 4944 τῶν

2165 4987 2453 5057 προϐάτων
2487 4988 2719 5060 ποίμνης
2741 4989 2840 5060 οὐχ
2863 4988 3222 5060 εὑρισκόντων
3249 4987 3438 5056 νομὴν,
3464 4987 3521 5038 ἐν
3553 4984 3749 5038 σπάνει

2162 5078 2502 5148 κατέστησαν
2540 5082 2634 5134 καὶ
2685 5081 2860 5146 αὐτοὶ,
2901 5083 3121 5145 ἀνέντες
3166 5082 3263 5154 τὴν
3319 5079 3594 5152 προσοχὴν
3639 5096 3749 5132 των

2161 5167 2476 5240 δυναμένων
2517 5171 2713 5235 αύτούς
2765 5189 2826 5225 τε
2880 5175 2973 5226 καὶ
3027 5173 3095 5226 τά
3128 5175 3406 5244 πρόϐατα,
3459 5172 3524 5224 ἵν’
3574 5171 3748 5234 οὔτως

2165 5256 2326 5324 εἴπω,
2355 5260 2561 5312 πιᾶναι.
2582 5259 2680 5312 Διά
2698 5261 2855 5314 τοῦτο
2871 5262 3281 5333 ἀσθενήσαντες,
3310 5258 3748 5329 καταληφθέντες

2168 5345 2273 5398 ὑπὸ
2313 5348 2407 5400 τοῦ
2445 5347 2767 5413 διώκοντος,
2815 5351 2961 5414 ὅστις
2997 5352 3143 5403 ἐστὶν
3189 5353 3216 5403 ὁ
3269 5349 3536 5409 ἀντίδικος
3588 5345 3745 5418 ⁴ημῶν

2166 5436 2410 5502 διάϐολος
2435 5479 2448 5503 ,
2477 5439 2784 5511 ἔμπροσθεν
2827 5441 2990 5494 αὑτοῦ
3038 5442 3355 5512 πορεύονται
3401 5439 3744 5506 ἐλαυνόμενοι

2166 5524 2273 5594 ὅπη
2302 5527 2506 5592 ἐκεῖνος
2532 5530 2683 5597 ἄγειν
2725 5531 2914 5584 ἐθέλοι.
2964 5531 3086 5583 Ἐὰν
3131 5531 3374 5602 μέντοιγε
3415 5531 3447 5600 ἡ
3488 5543 3747 5600 προειρηο
