4140 6440
378 345 487 407 6i?

1616 338 1921 400 SELECTA
1955 342 2023 400 IN
2061 336 2401 401 TllBENOS.

3534 354 3641 412 618

376 461 517 534 μένη
544 459 789 531 Θυγάτηρ
837 457 975 511 Σιὼν
1016 457 1330 528 ἐπιμέλειαν
1374 457 1665 530 ποιήσηται
1695 457 1791 512 τοῦ
1828 458 1950 512 κάλ·-

2058 457 2167 512 tilia
2190 456 2320 512 Sion
2350 472 2539 515 curam
2573 472 2688 515 sum
2728 460 3151 530 pulchritudinis
3179 477 3243 517 ac
3269 463 3489 523 decoris
3510 484 3637 539 ges-

379 555 503 617 λους
533 552 705 622 αὑτῆς
728 552 822 605 καὶ
851 552 951 622 τῆς
989 550 1320 623 εὐπρεπείας
1345 549 1534 620 αὐτῆς,
1573 551 1665 603 καὶ
1700 549 1955 621 πρόνοιαν

377 644 470 697 τοῦ
497 643 850 715 φρουρεῖσθαι
880 643 941 695 τὸ
969 641 1204 713 ἀξίωμα,
1231 641 1477 711 φαυλίζει
1509 642 1603 695 καὶ
1631 641 1955 713 μυκτηρίζει

375 747 468 788 τον
504 736 804 806 Ἀσσυρίων
847 733 1088 805 βασιλέα,
1129 734 1204 797 ὡς
1245 733 1353 787 ἀπὸ
1384 734 1479 787 τοῦ
1524 735 1747 788 Ἡσαΐου
1780 752 1957 805 μεμα-

378 824 624 898 θήκαμεν
654 827 934 895 λέγοντος’
991 825 1309 895 Ἐφαύλισέ
1335 839 1430 889 σε,
1464 825 1565 879 καὶ
1595 826 1957 896 ἐμυκτήρισέ

377 933 452 973 σε
478 918 772 988 παρθένος
803 916 1068 989 θυγάτηρ
1097 917 1266 973 Σιών.

462 1008 764 1080 Ἐμνήσθη
816 1008 1206 1078 Ἰερουσαλὴμ
1260 1007 1497 1078 ἡμερῶν
1544 1009 1955 1078 ταπεινώσεως

376 1100 584 1169 αὐτῆς.
628 1101 722 1165 Εἰς
745 1100 1049 1171 ἀνάμνησιν
1072 1095 1200 1170 ἦλθε
1234 1098 1340 1152 τῶν
1367 1100 1583 1154 οἰκείων
1623 1101 1955 1174 ἁμαρτημά-

374 1211 502 1257 των,
536 1192 603 1246 δι’
640 1193 677 1248 ἃ
709 1192 931 1261 γέγονεν
951 1195 1032 1256 είς
1054 1190 1452 1262 αἰχμαλωσίαν.
1497 1193 1555 1246 '0
1597 1192 1703 1267 γὰρ
1754 1210 1957 1265 μιμνη-

377 1283 637 1355 σκόμενος
669 1286 728 1337 ὲν
752 1284 830 1354 τῷ
863 1283 930 1336 τὰ
961 1282 1111 1337 δεινὰ
1144 1283 1373 1354 πάσχειν
1399 1283 1460 1337 οὑ
1484 1284 1578 1338 τοῦ
1606 1287 1956 1357 ἐνεστηκότος

377 1377 774 1448 μιμνήσκεται,
819 1375 957 1429 ἀλλὰ
1008 1376 1104 1430 τοῦ
1175 1377 1633 1449 παρεληλυθότος.
1676 1380 1786 1434 Καὶ
1826 1382 1954 1449 μετ’

375 1467 579 1536 ὀλίγα·
621 1468 854 1522 Τοιαῦτα
881 1468 1315 1539 διαπορήσαντες
1346 1470 1405 1523 ἐν
1438 1469 1518 1540 τῷ
1545 1471 1714 1542 τόπῳ,
1747 1473 1841 1526 καὶ
1860 1472 1956 1543 ζη-

374 1557 593 1622 τοῦντες
630 1559 934 1630 ὑπόμνησιν
960 1560 1401 1632 παρεληλυθυίας
1442 1560 1823 1624 ταπεινώσεως
1853 1562 1955 1615 αύ-

374 1645 473 1719 τῆς
498 1651 590 1702 καὶ
615 1651 895 1722 άπωσμῶν
928 1653 1119 1723 αὑτῆς,
1150 1651 1240 1704 διὰ
1262 1651 1325 1703 τὸ
1344 1653 1693 1705 πεπτωκέναι
1713 1652 1803 1705 τὸν
1825 1647 1954 1706 λαὸν

374 1739 545 1810 αὐτῆς
573 1741 654 1804 εἰς
678 1745 867 1811 χεῖρας
896 1740 1130 1812 ἐχθρῶν,
1172 1740 1268 1794 καὶ
1299 1740 1369 1794 τὰ
1402 1742 1771 1813 ἐπιφερόμενα
1814 1743 1951 1815 αὑτῇ
1988 1792 2027 1847 Β

376 1831 799 1903 συμϐεϐηκέναι,
824 1829 1243 1901 ὑποσκοποῦμεν
1285 1831 1360 1902 μὴ
1405 1831 1513 1902 ἄρα
1549 1833 1581 1902 ἡ
1623 1832 1829 1903 κυρίως
1858 1851 1955 1887 τα-

373 1920 630 1982 πείνωσις
665 1920 765 1972 οὑκ
787 1918 921 1989 ἄλλη
945 1920 1030 1982 τίς
1060 1922 1206 1973 ἐστιν
1229 1921 1261 1991 ἢ
1296 1921 1396 1992 τῆς
1420 1922 1693 1995 ἁμαρτίας
1713 1963 1728 1987 ,
1766 1925 1955 1996 ὥσπερ

373 2006 614 2079 ὑψωσις,
644 2013 678 2081 ἡ
717 2010 1089 2081 κατόρθωσις,
1128 2013 1223 2066 καὶ
1245 2014 1511 2084 ἀπωσμὸς
1547 2015 1762 2080 οὐδενὸς
1799 2018 1953 2090 ἐνερ-

370 2098 596 2175 γοῦντος
617 2102 821 2170 γίνεται
851 2102 883 2174 ἢ
918 2104 1019 2174 τῆς
1044 2104 1325 2177 μοχθηρᾶς
1353 2106 1631 2176 πράξεως’
1664 2108 1822 2179 ἱκανὴ
1845 2109 1954 2182 γάρ

372 2189 511 2259 αὑτὴ
539 2188 863 2244 ἀπώσασθαι
880 2193 989 2245 ἀπὸ
1004 2192 1159 2258 Θεοῦ,
1180 2195 1271 2248 καὶ
1295 2194 1495 2258 παντὸς
1515 2194 1609 2248 τοῦ
1631 2195 1772 2249 κατὰ
1792 2197 1954 2265 φύσιν

371 2277 678 2333 καλλίστου.
735 2280 861 2332 Ὅτε
917 2274 1097 2332 τοίνυν
1158 2280 1432 2350 μεθύουσα
1477 2282 1508 2351 ή
1574 2281 1950 2353 Ἰερουσαλὴμ,

368 2368 650 2421 τουτέστιν
680 2371 728 2421 oi
762 2370 1142 2435 κατοικοῦντες
1159 2373 1350 2442 αὐτὴν,
1381 2373 1474 2426 καὶ
1498 2372 1819 2445 ὲξεστηκυῖα
1845 2374 1953 2428 ἀπὸ

366 2459 469 2529 τῆς
507 2460 780 2533 ἁμαρτίας
797 2462 1165 2525 ἐταπεινοῦτο,
1187 2463 1284 2517 οὐκ
1311 2464 1645 2536 ὲπῃσθὰνετο
1673 2465 1764 2518 τοῦ
1788 2466 1952 2520 πταί-

369 2565 575 2619 σματος
593 2567 607 2580 ·
654 2553 743 2605 ὅτε
769 2552 825 2606 δὲ
857 2555 913 2606 αἱ
944 2554 1326 2618 ἀνταποδόσεις
1356 2557 1526 2627 αὐτῆς
1556 2538 1845 2628 ἐληλύθασι
1864 2557 1955 2613 διὰ

366 2640 462 2693 τοῦ
499 2641 590 2695 τὸν
616 2640 743 2696 λαδν
770 2643 945 2714 αὑτῆς
986 2645 1335 2698 πεπτωκέναι
1370 2648 1450 2710 εἰς
1491 2649 1678 2717 χεῖρας
1709 2645 1803 2700 τοῦ
1836 2645 1959 2702 01i-

367 2730 586 2797 ϐοντος,
631 2735 842 2800 οὐδενὸς
888 2736 1026 2807 αὑτῇ
1079 2735 1431 2805 βοηθοῦντος,
1468 2739 1589 2793 τότε
1625 2741 1951 2816 ὑπεμνήσθη

366 2821 477 2874 τῶν
523 2821 590 2876 δι’
638 2822 676 2877 ἃ
717 2824 987 2895 ἔπασχενο
1035 2827 1184 2880 αἴτια
1235 2827 1417 2881 ἐκεῖνα
1459 2831 1953 2904 καταλαμϐάνουσα

367 2905 509 2969 εἶναι
534 2913 628 2969 τοῦ
647 2933 707 2968 τε
728 2916 1071 2970 πεπτωκέναι
1093 2918 1184 2973 τὸν
1211 2919 1340 2972 λαὸν
1354 2921 1524 2993 αὑτῆς
1544 2924 1639 2977 καὶ
1662 2924 1757 3003 τοῦ
1783 2925 1959 2999 άϐοήοι

369 3004 534 3077 θητον
574 3006 739 3078 αὑτὴν
782 3008 1217 3078 καταλελεῖφθαι.
1262 3011 1372 3067 Καὶ
1404 3014 1533 3081 μετ’
1563 3014 1736 3084 ὀλίγα
1759 3031 1772 3046 ·
1825 3016 1950 3071 Ἐὰν

368 3093 425 3147 δὲ
447 3094 624 3148 τοιάδε
648 3095 792 3167 ψυχὴ
822 3091 888 3167 ἦν
921 3097 954 3166 ἡ
987 3097 1365 3169 Ἰερουσαλὴμ,
1400 3099 1549 3167 ἄξιον
1580 3101 1814 3174 ζητῆσαι
1856 3106 1948 3158 τὸν
1973 3120 2018 3179 α

367 3183 496 3238 ὶαδν
519 3186 717 3257 αὐτῆς⁸
756 3182 817 3242 οὗ
846 3190 1136 3253 πίπτοντος
1175 3193 1256 3254 είς
1302 3193 1489 3263 χεῖρας
1532 3192 1838 3262 θλίϐοντος,
1868 3197 1947 3268 τῷ

370 3272 445 3345 μὴ
477 3275 740 3347 ὑπάρχειν
771 3277 965 3350 βοηθὸν
985 3282 1144 3352 αὐτῇ,
1188 3283 1558 3353 μιμνήσκεται
1590 3285 1701 3338 τῶν
1727 3288 1825 3359 τῆς
1845 3306 1946 3342 τα-

365 3365 674 3432 πεινώσεως
703 3370 872 3441 αὐτῆς
897 3372 1119 3444 ἡμερῶν
1139 3412 1154 3437 ,
1189 3373 1270 3426 ἔτι
1310 3374 1367 3427 δὲ
1402 3376 1497 3429 καὶ
1537 3377 1645 3430 τῶν
1678 3378 1822 3433 ίδίων
1851 3380 1946 3445 οὓς

363 3453 595 3527 ἀπώσθη
628 3457 931 3529 άπωσμῶν,
964 3461 1101 3531 πρὸς
1129 3460 1344 3525 τούτοις
1376 3462 1470 3516 καὶ
1506 3464 1946 3536 ὲπιθυμημάτων

364 3541 557 3613 αὐτῆς,
589 3544 691 3598 ὅσα
716 3541 785 3617 ἦν
813 3546 872 3612 ἐξ
894 3546 1138 3619 ἀρχαίων
1169 3548 1414 3620 ήμερῶν.
1447 3550 1589 3622 Ὅρα
1611 3550 1668 3603 δὲ
1702 3552 1751 3603 εἰ
1779 3551 1854 3622 μὴ
1876 3552 1945 3605 τά

363 3634 425 3688 ὲν
451 3637 516 3705 τῇ
541 3636 935 3710 ἐπιστημονικῇ
958 3638 1103 3711 ψυχῇ
1130 3639 1486 3712 θεωρήματα,
1508 3643 1536 3694 ό
1555 3641 1681 3706 λαός
1710 3645 1828 3696 ἐστι
1842 3643 1946 3713 τῆς

375 3723 753 3798 Ἰερουσαλὴμ,
780 3728 947 3792 ὅστις,
982 3729 1132 3800 παρὰ
1160 3730 1222 3782 τὸ
1254 3732 1313 3783 ὲν
1330 3730 1631 3803 ἀπροσεξία
1673 3733 1766 3786 καὶ
1802 3732 1944 3801 ἀμε-

363 3812 483 3884 λείᾳ⁹
505 3817 788 3884 γεγονέναι
810 3819 908 3889 τὴν
925 3818 1318 3891 ψυχὴν,πίπτει
1348 3822 1815 3893 καταϐαλλόμενος
1839 3822 1944 3876 ὑπὸ

365 3905 566 3969 παντὸς
595 3906 690 3959 τοῦ
720 3906 1009 3972 θλίϐοντος.
1049 3910 1309 3982 Ἀπορῤεῖ
1340 3911 1448 3984 γὰρ
1474 3913 1543 3967 τά
1573 3912 1819 3985 δόγματα
1834 3913 1945 3969 τῶν

364 3993 730 4063 ἀμελούντων,
770 3996 1061 4068 θλιϐόμενα
1085 3996 1190 4051 ὑπὸ
1218 3998 1326 4052 τῶν
1352 4002 1450 4071 τὴν
1475 4000 1659 4072 χώραν
1688 4002 1944 4071 ἰσχόντων

365 4085 778 4158 ἁμαρτημάτων
825 4088 977 4159 παρὰ
1025 4088 1103 4159 τῷ
1134 4089 1243 4145 τῶν
1280 4091 1604 4162 κρειττόνων
1632 4092 1940 4163 ἀμελοῦντι,

361 4176 609 4249 οὐδαμῶς
636 4179 813 4250 ἔχοντι
839 4180 938 4253 τὴν
964 4184 1028 4234 ὲκ
1062 4182 1220 4251 λόγου
1257 4182 1529 4254 βοήθειαν.

445 4267 751 4337 Ἁλιαρτίαν
780 4271 1120 4340 ἡμάρτηκεν
1164 4275 1565 4343 Ἰερουσαλήμ.
1624 4275 1680 4328 '0
1723 4275 1824 4347 τῆς
1850 4274 1940 4329 λέ-

364 4354 501 4422 Esto;
532 4359 655 4424 νοῦς
684 4360 924 4426 τοιοῦτός
951 4364 1130 4416 ἐστιν·
1180 4364 1333 4418 Ἐπεὶ
1381 4366 1657 4437 ἁμαρτίαν
1693 4366 1941 4438 ἥμαρτεν

2055 550 2223 617 serit,
2268 559 2323 605 et
2354 552 2568 606 tuendae
2595 553 2843 622 dignitati
2891 555 3189 621 studuerit,
3233 561 3538 615 contemnit
3577 572 3636 619 et

2057 642 2243 699 irridet
2274 645 2621 715 Assyriorum
2655 646 2815 717 327
2849 662 3023 716 regem
3046 688 3060 713 ,
3108 649 3250 703 sicut
3296 667 3391 720 per
3437 654 3641 712 Isaiam.

2055 734 2346 789 didicimus
2397 736 2662 791 dicentem
2698 756 2710 792 :
2749 735 3101 791 Subsannatvit
3140 749 3221 801 te,
3266 752 3316 793 et
3353 742 3527 796 irrisit
3585 753 3636 798 te

2055 825 2199 894 virgo
2226 825 2342 892 ﬁlia
2367 822 2496 880 Sion
2532 827 2572 880 ³.

2130 995 2285 1053 Vers.
2317 999 2373 1054 7.
2432 997 2728 1054 Recordata
2765 1009 2843 1054 est
2892 998 3193 1054 Jerusalem
3224 1001 3430 1057 dierum
3459 1006 3636 1063 Immin

2054 1088 2298 1144 liationis
2342 1108 2474 1145 sum.
2535 1089 2839 1146 Recordata
2870 1100 2956 1147 est
2986 1092 3329 1162 propriorum
3380 1108 3633 1165 peceato-

2055 1197 2177 1237 rum
2218 1181 2289 1238 ob
2334 1190 2463 1254 qua:
2499 1185 2664 1239 ducta
2711 1193 2796 1240 est
2826 1184 2881 1237 in
2909 1185 3296 1255 captivitatem.
3354 1186 3460 1254 Qui
3482 1190 3631 1244 enim

2055 1274 2375 1328 recordatur
2407 1274 2537 1329 dum
2567 1275 2709 1329 mala
2742 1276 2966 1345 patitur,
2996 1292 3104 1330 non
3131 1278 3503 1346 pneseutium,
3536 1282 3639 1336 sed.

2055 1366 2453 1434 praeteritorum
2489 1366 2828 1421 recordatur.
2864 1365 2934 1419 Et
2967 1369 3156 1436 paucis
3185 1368 3406 1438 adjectis
3442 1386 3461 1423 :
3491 1372 3632 1427 Cum

2056 1457 2147 1512 hic
2182 1457 2254 1511 ita
2283 1458 2717 1513 dubitaverimus
2761 1466 2816 1512 et
2840 1460 3259 1528 quaesiverimus
3310 1463 3632 1518 memoriam

2055 1547 2340 1617 praeteritae
2373 1548 2771 1604 humiliationis
2824 1550 2945 1619 ejus
2988 1561 3046 1608 et
3095 1553 3423 1620 ejectionum
3489 1554 3634 1623 ejus,

2055 1655 2181 1695 cum
2226 1639 2460 1709 populus
2509 1639 2630 1709 ejus
2674 1640 2893 1696 caderet
2941 1642 2995 1695 in
3038 1657 3234 1697 manus
3281 1643 3542 1710 hostium,
3575 1657 3635 1700 et
3694 1652 3697 1656 '

2056 1743 2179 1798 qua:
2211 1736 2502 1782 narrantur
2529 1729 2607 1783 illi
2634 1729 2904 1796 evenisse,
2948 1731 3236 1786 videndum
3264 1748 3334 1788 ne
3348 1715 3499 1797 Ton-te
3522 1734 3631 1788 alia

2058 1834 2164 1872 non
2214 1819 2287 1873 sit
2334 1819 2558 1889 proprie
2602 1819 2912 1874 bumiliatio
2959 1837 3122 1890 quam
3173 1825 3424 1891 peccati,
3469 1825 3628 1878 sicuti

2056 1909 2336 1974 exaltatio,
2368 1909 2586 1965 virtutis
2619 1920 2703 1966 est
2731 1911 2999 1980 operatio,
3025 1919 3081 1967 et
3110 1912 3308 1982 ejectio
3347 1914 3498 1975 nullo
3524 1914 3632 1970 alio

2057 2004 2114 2056 tit
2139 2013 2352 2073 agente,
2385 2016 2551 2072 quam
2590 2018 2755 2072 prava
2783 2006 3003 2059 actione
3038 2021 3052 2057 :
3081 2005 3218 2059 satis
3242 2005 3388 2060 enim
3421 2005 3511 2059 illa
3547 2016 3632 2061 est

2055 2092 2123 2145 ad
2158 2092 2528 2161 repellendum
2561 2108 2591 2147 a
2622 2092 2753 2157 Deo,
2784 2104 2839 2149 et
2887 2111 2919 2150 a
2951 2095 3200 2165 quolibet
3250 2097 3358 2152 alio
3392 2100 3628 2153 naturali

2057 2181 2219 2236 bono.
2254 2180 2390 2236 Cum
2423 2182 2588 2252 igitur
2615 2183 2912 2238 temulenta
2958 2183 3283 2253 Jerusalem,
3316 2185 3367 2240 id
3401 2197 3486 2242 est
3509 2188 3629 2257 ejus

2054 2272 2266 2340 incolte,
2318 2284 2373 2330 et
2400 2275 2571 2330 delira
2614 2292 2646 2330 a
2682 2286 2906 2346 peccato
2954 2276 3368 2343 bumlliabatur,
3415 2279 3626 2349 lapsum

2053 2379 2162 2418 non
2194 2367 2551 2435 agnoscebat;
2595 2367 2687 2421 ubi
2720 2383 2848 2423 vero
2879 2368 3268 2424 retributiones
3309 2368 3430 2438 ejus
3459 2371 3627 2426 adve~

2054 2467 2275 2524 nerunt,
2301 2474 2368 2515 eo
2394 2460 2540 2530 quod
2573 2460 2807 2529 populus
2846 2461 2992 2515 illius
3018 2460 3312 2515 cecidisset
3345 2462 3400 2516 in
3429 2477 3629 2519 manus

2054 2550 2390 2615 tribulantis,
2422 2552 2642 2606 nomine
2678 2551 2754 2606 illi
2790 2566 2948 2620 opem
2988 2551 3220 2616 ferente,
3254 2560 3368 2607 tum
3404 2552 3626 2608 demum

2053 2640 2341 2695 recordata
2392 2648 2476 2695 est
2508 2655 2701 2695 eorum
2746 2648 2969 2710 propter
3004 2656 3128 2710 quae
3163 2641 3502 2711 patiebatur;
3536 2644 3629 2699 illa

2054 2731 2172 2802 ipsa
2204 2732 2258 2786 in
2290 2747 2456 2788 causa
2490 2732 2663 2788 fuisse
2690 2732 2997 2801 percipiens
3031 2745 3088 2787 et
3122 2748 3285 2788 casus
3309 2735 3494 2805 populi
3519 2736 3642 2802 sui,-

2051 2832 2108 2879 et
2141 2839 2254 2879 suae
2293 2824 2503 2895 absque
2543 2824 2693 2879 omni
2739 2824 2944 2878 auxilio
2983 2824 3373 2880 dcstitutionis.
3418 2825 3629 2894 Etpou

2052 2930 2222 2983 pauca
2258 2931 2278 2969 :
2315 2912 2373 2968 Si
2420 2928 2551 2970 vero
2592 2914 2867 2984 ejusmodi
2910 2913 3090 2969 anima
3135 2913 3439 2971 Jerusalem
3490 2925 3629 2983 erat,

2051 3006 2274 3076 dignum
2308 3014 2393 3060 est
2419 3005 2695 3075 inquirere
2722 3006 2848 3075 quis
2879 3006 2952 3062 sit
2977 3006 3212 3076 populus
3247 3006 3389 3077 ejus,
3425 3024 3538 3078 quo
3570 3009 3626 3063 in

2051 3110 2247 3151 manus
2278 3094 2588 3150 tribulantis
2624 3094 2887 3161 cadente,
2918 3110 2984 3149 eo
3017 3097 3163 3164 quod
3199 3111 3307 3151 non
3337 3106 3485 3152 esset
3531 3097 3628 3166 qui

2049 3185 2409 3241 auxiliaretur
2431 3184 2827 3253 ei,recordatur
2844 3185 3055 3240 dierum
3075 3185 3473 3245 humiliationis
3494 3205 3627 3257 sua,

2050 3291 2151 3331 nec
2187 3291 2298 3330 non
2340 3284 2395 3331 et
2431 3290 2656 3331 suarum
2699 3291 2838 3346 quas
2891 3278 3119 3346 pertulit
3172 3278 3528 3349 ejectionum,
3574 3291 3630 3337 et

2048 3377 2312 3436 praeterea
2349 3367 2745 3423 desideriorum
2778 3383 2901 3438 quae
2938 3367 3160 3424 fuerunt
3190 3388 3220 3423 ιι
3249 3371 3442 3428 diebus
3481 3373 3624 3428 anti-

2048 3459 2193 3528 quis.
2241 3459 2538 3515 Considera
2574 3458 2761 3530 igitur,
2793 3473 2862 3513 ne
2887 3459 3109 3516 scientis
3144 3462 3341 3517 anima:
3367 3464 3620 3532 specula-

2048 3552 2229 3626 tiones
2260 3551 2495 3621 populus
2516 3548 2820 3604 Jerusalem
2859 3548 2952 3614 sit,
2986 3551 3102 3620 qui,
3133 3553 3392 3621 quoniam
3443 3555 3625 3609 anima

2052 3640 2266 3695 incuria
2314 3650 2643 3711 torporeque
2684 3640 2974 3707 laboravit,
3021 3641 3166 3696 cadit
3215 3658 3243 3696 a
3296 3659 3626 3713 quocunque

2048 3734 2389 3802 opprimente
2433 3731 2697 3801 dejectus.
2753 3730 3086 3787 Socordibus
3131 3733 3331 3803 quippe
3370 3735 3624 3805 dogmata

2047 3823 2294 3879 deﬂuunt
2317 3824 2452 3879 elisa
2487 3838 2517 3878 a
2550 3822 2809 3892 peccatis,
2840 3822 3021 3877 locum
3049 3826 3442 3893 occupantibus
3475 3827 3528 3880 in
3555 3842 3625 3883 eo

2047 3915 2141 3985 qui
2172 3915 2380 3985 potiora
2412 3914 2654 3986 uegligit,
2692 3923 2745 3971 et
2778 3912 3045 3969 auxilium
3086 3930 3118 3970 a
3158 3915 3367 3971 ratione
3410 3918 3619 3974 nullum

2047 4006 2228 4061 habet.

2118 4269 2274 4327 Vers.
2314 4269 2368 4325 8.
2424 4268 2710 4326 Peccatum
2756 4270 2990 4342 peccavit
3035 4269 3352 4341 Jerusalem.
3404 4270 3623 4330 Littera:

2045 4378 2240 4418 sensus
2271 4362 2360 4418 hic
2387 4372 2469 4418 est
2508 4382 2519 4416 :
2562 4361 2830 4428 Quoniam
2861 4359 3163 4417 Jerusalem
3181 4373 3460 4431 peccatum
3496 4381 3615 4433 pec-

371 4448 744 4524 Ἰερουσαλὴμ,
799 4456 856 4507 ὲν
888 4454 1034 4526 σάλῳ
1083 4457 1375 4530 γεγένηται
1438 4460 1531 4511 καὶ
1574 4463 1785 4532 ταραχῇ
1843 4462 1937 4514 ἐπὶ

2049 4456 2205 4519 cavit,
2248 4455 2302 4508 in
2337 4464 2540 4509 tantam
2575 4453 2997 4508 commotionem
3043 4470 3106 4508 ac
3156 4446 3621 4525 perturbationem

356 4543 632 4605 τοσοῦτον,
665 4545 740 4609 ὡς
772 4545 980 4610 πάντας
1023 4549 1149 4611 τοὺς
1189 4549 1451 4621 πρότερον
1484 4551 1804 4617 δοξάζοντας
1841 4555 1940 4606 αὑ-

357 4633 479 4705 τὴν,
512 4634 947 4705 μεταϐαλόντας,
991 4640 1318 4711 ήτιμακέναι
1346 4641 1443 4713 τὴν
1473 4642 1729 4714 τοιαύτην
1762 4643 1937 4708 πόλιν,

358 4727 727 4800 θεασαμένους
777 4732 947 4803 αὐτῆς
990 4733 1089 4805 τὴν
1133 4735 1539 4807 ἀσχημοσύνην.
1574 4736 1722 4809 Αὐτὴ
1771 4739 1827 4791 δὲ
1849 4741 1936 4808 ἐφ’

355 4812 440 4881 οἷς
458 4818 693 4874 πέπονθε
720 4821 808 4875 διὰ
838 4823 906 4876 τὰ
926 4824 1319 4896 ἁμαρτήματα,
1357 4826 1503 4897 σάλῳ
1528 4829 1622 4881 καὶ
1651 4828 1845 4901 ἀτιμίᾳ
1867 4835 1933 4903 τῇ

357 4909 468 4962 ἀπὸ
496 4910 604 4966 τῶν
625 4911 951 4978 δοξαζόντων
989 4917 1382 4987 περιπεσοῦσα,
1416 4921 1765 4985 στενάζουσα,
1810 4924 1937 4977 οὐκ-

356 4997 441 5051 έτι
482 5002 562 5063 εἰς
628 5002 690 5055 τὸ
732 5001 1041 5075 ἔμπροσθεν
1084 5003 1309 5075 ἐλήλυθε
1350 5006 1460 5059 τῶν
1496 5008 1932 5079 ἁμαρτημάτων,

354 5088 494 5144 ἀλλὰ
539 5091 778 5162 μειώσας
806 5096 963 5149 αὐτὰ·
982 5097 1156 5149 ὀπίσω
1203 5096 1619 5171 άνακεχιῦρηκε.
1660 5101 1772 5154 Kal
1803 5105 1934 5171 μετ’

354 5178 532 5249 ὀλίγα
550 5197 563 5210 ο
618 5182 743 5236 Ἐὰν
770 5183 827 5235 δὲ
869 5184 1226 5257 Ἰερουσαλὴμ
1249 5189 1283 5258 ή
1314 5186 1489 5241 τοιάδε
1508 5187 1655 5261 ψυχὴ
1682 5188 1931 5262 λέγηται,

352 5271 617 5347 ἑντρεχής
642 5294 726 5342 τις
759 5282 850 5334 καὶ
877 5280 1154 5354 διορατικὴ
1178 5285 1270 5337 καὶ
1297 5284 1395 5355 τῆς
1420 5284 1512 5338 τοῦ
1541 5284 1676 5338 Θεοῦ
1708 5287 1933 5359 εἰρήνης

348 5361 455 5434 τῆς
483 5365 848 5439 ὑπερεχούσης
879 5371 1057 5424 πάντα
1089 5372 1213 5425 νοῦν
1245 5372 1613 5447 κατανοητικὴ
1632 5414 1647 5437 ,
1691 5375 1812 5428 ἐπεὶ
1845 5377 1936 5429 δυ-

349 5453 515 5507 νατὸν
550 5459 702 5530 παρὰ
735 5461 935 5525 πολλὰς
963 5464 1138 5528 αἰτίας
1170 5466 1261 5518 καὶ
1286 5465 1489 5536 ταύτην
1517 5466 1779 5537 ἁμαρτεῖν
1798 5506 1812 5531 ,
1843 5465 1955 5539 δη-’

2042 4547 2261 4612 incidit,
2306 4556 2367 4600 ut
2413 4562 2603 4600 omnes
2658 4545 2751 4615 qui
2799 4547 2952 4615 prius
3009 4545 3155 4599 illam
3215 4546 3620 4617 gloriﬁcabant,

2042 4647 2250 4693 tnulata
2295 4639 2595 4703 sententia,
2651 4638 2811 4691 talem
2863 4637 3211 4706 despexerint
3259 4636 3472 4706 urbem,
3502 4640 3623 4696 visa

2038 4731 2157 4800 ejus
2191 4731 2509 4801 ignominia.
2558 4728 2679 4799 Ipsa
2735 4739 2917 4784 autem
2961 4739 3183 4800 propter
3225 4747 3288 4785 ea
3327 4748 3449 4801 qua:
3489 4748 3619 4801 pec-

2039 4824 2215 4877 cando
2266 4837 2426 4892 passa
2473 4831 2599 4887 est,
2660 4823 2713 4874 in
2762 4821 3117 4891 agitationem
3166 4832 3218 4889 et
3262 4822 3616 4892 ignominiam

2040 4923 2198 4968 antea
2252 4914 2673 4985 gloriﬁcantium
2733 4914 2908 4984 ipsam
2960 4914 3140 4983 lapsa,
3192 4930 3452 4984 gemens,
3509 4931 3616 4970 non

2038 5003 2270 5072 amplius
2314 5004 2381 5055 ad
2426 5000 2604 5071 priora
2648 5018 2893 5072 regressa
2920 5012 3001 5057 est
3033 5014 3270 5072 peccata.
3301 5006 3393 5060 sed
3421 5020 3484 5059 ea
3511 5006 3619 5059 mi~

2038 5112 2212 5151 nucns
2241 5096 2572 5150 retrocessit.
2620 5093 2684 5147 Et
2713 5095 2897 5163 paucis
2923 5095 3213 5164 interjectis
3237 5110 3254 5148 :
3277 5094 3334 5150 Si
3364 5113 3493 5151 vero
3520 5095 3613 5151 Je-

2039 5188 2273 5242 rusalem
2319 5186 2484 5257 328
2523 5202 2585 5239 ea
2629 5184 2845 5240 dicatur
2890 5201 3075 5240 antma
3105 5203 3226 5256 qua:
3266 5188 3338 5241 sit
3373 5187 3525 5241 velox
3559 5198 3613 5242 et

2035 5279 2341 5350 perspicax,
2358 5286 2410 5333 et
2427 5277 2796 5348 apprehendat
2817 5277 2924 5331 vim
2951 5277 3104 5346 pacis
3129 5277 3217 5331 Dei
3248 5294 3369 5347 quae
3395 5292 3609 5331 omnem

2037 5386 2262 5426 sensum
2307 5377 2622 5438 exsuperat,
2675 5382 2800 5422 cum
2847 5366 2965 5422 lieri
3006 5368 3181 5436 possit
3218 5377 3276 5422 ut
3313 5366 3405 5421 illa
3446 5368 3609 5421 etiam

2036 5473 2092 5519 et
2132 5463 2320 5518 multis
2362 5461 2638 5529 variisque
2664 5458 2732 5514 de
2772 5457 2958 5514 causis
3003 5457 3240 5522 labatur,
3273 5457 3612 5528 signiﬁcatur

346 5544 539 5602 λοῦται
555 5549 617 5603 τὸ
640 5553 720 5614 είς
744 5560 902 5607 σάλον
918 5556 1085 5626 αὐτὴν
1105 5557 1595 5628 μεταπεπτωκέναι
1620 5558 1934 5615 ἀποστᾶσαν

2049 5544 2469 5612 ξοηιίἰοοίἀίεεο
2516 5564 2764 5606 aversam
2813 5563 2845 5602 a
2879 5549 3060 5614 bonis,
3090 5555 3144 5601 et
3185 5548 3251 5602 ad
3290 5546 3432 5601 mala
3477 5561 3615 5602 con-

426 5658 448 5691 ³
477 5660 585 5717 lsa.
614 5680 823 5728 xuvtt,
857 5666 949 5721 22.

425 5755 445 5777 ⁸
466 5753 605 5824 Lege
627 5772 691 5823 με
700 5754 930 5810 ιὼσασα.

666 5852 940 5915 ΡΔτιιοι..
973 5852 1088 5913 Gn.
1132 5851 1298 5912 Xlll.

3215 5848 3297 5913 20
