4140 6448
444 347 566 409 1395

1860 353 1947 408 EX
1986 353 2284 412 ORIGENE

3605 357 3709 423 δελ

444 476 642 519 nauem
668 463 994 533 potentiam,
1023 463 1261 533 abripuit
1283 463 1476 518 ducem
1513 462 1681 518 animi
1730 464 2015 529 rationem,

2127 466 2408 539 δυνάμεως
2423 470 2609 535 αὑτοῦ,
2632 472 2881 526 εἰσέπεσε
2915 472 2991 543 τῷ
3017 464 3350 545 ἡγεμονικῷ,
3380 475 3472 528 καὶ
3500 476 3708 550 ερημον

448 564 513 609 vt
542 555 702 610 bonis
743 555 990 609 orbatam
1034 555 1278 624 reliquit,
1307 563 1664 625 posteaquam
1699 553 1789 609 illa
1830 553 2030 610 del‘ecit

448 662 488 701 τι
513 645 644 700 Deo.
675 646 876 701 Gentes
900 660 1029 701 vero
1060 647 1164 700 hoe
1186 646 1325 699 ‘loco
1350 646 1639 715 allegorice
1662 646 2030 717 intelligenda:

454 748 585 792 sunt
618 752 740 792 esse
768 737 1062 793 multitudo
1090 738 1343 792 vitiorum
1386 738 1759 809 ingresson
1791 739 1844 793 in
1874 740 2027 808 prin-

457 831 631 898 cipem
665 829 861 883 animae
882 838 1087 899 partem
1119 828 1186 883 ad
1225 830 1329 884 hoc
1356 837 1596 884 creatam
1620 838 1682 883 ut
1711 829 1783 884 sit
1809 828 1902 883 Dei
1932 844 2027 883 ca-

456 935 583 989 pax,
618 934 917 990 verumque
939 921 1314 976 sanctuarium
1336 919 1572 975 volentis
1605 919 1659 973 in
1684 935 1823 989 pura
1851 927 2029 974 mente

453 1012 768 1082 quiescere;
815 1027 955 1083 quas
991 1022 1181 1083 gentes
1207 1012 1459 1083 prohibet
1495 1012 1721 1067 omnino
1747 1011 1893 1067 Deus
1920 1009 2027 1066 Ee-

450 1103 675 1160 elesiam
730 1104 960 1175 ingredi.
1016 1105 1157 1172 Quid
1208 1104 1355 1160 enim
1403 1104 1551 1160 aliud
1601 1105 1958 1176 principalius
1993 1119 2024 1160 a

439 1195 566 1250 'Deo
596 1195 933 1265 prohibitum
969 1205 1224 1268 putemus
1274 1197 1487 1265 ingredi
1532 1197 1589 1251 in
1632 1197 1872 1251 animam
1915 1194 2023 1251 Ec-

450 1285 631 1341 clesia!
650 1285 742 1340 Dei
762 1294 1093 1355 cooptatam,
1108 1300 1273 1356 quam
1295 1300 1459 1356 opera
1494 1294 1549 1340 et
1574 1300 1798 1340 sensum
1818 1285 2020 1353 carnis,

445 1389 572 1445 quae
616 1390 748 1431 vere
781 1386 969 1446 gentes
1008 1384 1139 1432 sunt
1176 1375 1412 1431 inimicm
1455 1373 1611 1429 Deo?
1650 1374 1792 1429 Caro
1830 1375 2023 1429 etenim

447 1466 649 1521 militat
701 1467 951 1522 adversus
997 1467 1242 1535 spiritum
1279 1482 1373 1535 per
1411 1466 1794 1535 cogitationem
1840 1465 2020 1520 carnis

446 1550 566 1626 qua:
607 1550 827 1611 inimica
868 1566 946 1612 est
976 1558 1084 1613 Deo
1111 1558 1170 1612 ':
1206 1556 1311 1628 legi
1352 1557 1492 1611 enim
1520 1553 1620 1610 Dei
1661 1570 1764 1609 non
1805 1555 2020 1609 obedit:

445 1662 542 1702 nec
560 1650 701 1703 enim
726 1658 896 1719 potest
919 1650 959 1704 '.

2129 559 2240 613 τῶν
2277 561 2458 616 καλῶν
2489 563 2843 617 καταλέλοιπε
2858 565 2957 635 τὴν
2988 567 3300 620 ἀποστᾶσαν
3341 567 3477 620 Θεοῦ
3504 568 3703 640 ψυχήν.

2131 653 2242 704 Καὶ
2263 651 2391 722 ἔθνη
2426 654 2481 706 δὲ
2507 655 2647 709 κατά
2675 656 2767 709 τὸν
2788 656 2950 708 τόπον
2973 655 3371 728 ἀλληγορητέον
3410 657 3503 720 τὸν
3550 659 3710 731 ὄχλον

2127 744 2239 796 τῶν
2263 744 2472 799 κακιῶν
2490 746 2836 802 εἰσελθόντων
2854 752 2869 770 ¹
2898 750 2979 812 εἰς
3000 748 3063 801 τὸ
3086 748 3489 821 δημιουργηθὲν
3505 753 3708 823 ήγεμο-

2127 835 2275 890 νικὺν
2299 837 2391 890 ἐπὶ
2407 839 2468 891 τὸ
2498 834 2638 891 εἶναι
2668 838 2800 892 Θεοῦ
2828 839 3152 912 χωρητικὸν,
3184 842 3279 893 καὶ
3309 841 3510 912 ἀληθὲς
3548 845 3708 911 ἁγία·-

2130 945 2242 999 σμα
2302 929 2398 983 τοῦ
2441 929 2758 1002 βουλομένου
2798 931 2874 1002 νῷ
2926 931 3150 1004 καθαρῷ
3221 933 3705 990 ἐπαναπαύεσθαιο

2126 1016 2270 1089 ἀπερ
2291 1017 2417 1090 ἔθνη
2445 1020 2778 1092 ἀπαγορεύει
2805 1022 2835 1073 ὁ
2860 1021 2993 1085 Θεὸς
3031 1022 3308 1086 παντελῶς
3347 1023 3569 1078 εἰσιέναι
3625 1028 3708 1091 εἰς

2125 1107 2225 1179 τὴν
2269 1110 2615 1181 Ἐκκλησίαν.
2648 1111 2713 1164 Τί
2740 1110 2852 1183 γὰρ
2880 1112 2946 1166 ἀν
2973 1111 3100 1166 ἀλλο
3129 1113 3461 1187 κυριώτερον
3496 1117 3706 1186 ἀπαγο-

2129 1198 2380 1269 ρεύεσθαι
2405 1200 2698 1273 νομίζομεν
2727 1203 2837 1256 ἀπὸ
2863 1202 3003 1257 Θεοῦ
3037 1205 3376 1277 εἰσέρχεσθαι
3418 1209 3500 1271 εἰς
3523 1208 3704 1279 ψυχὴν

2125 1289 2532 1365 ἀριθμουμένην
2574 1295 2632 1349 ἐν
2676 1294 2970 1367 Ἐκκλησία
3015 1294 3174 1361 Θεοῦ,
3204 1296 3327 1367 ἢτά
3348 1298 3485 1368 ἔργα
3516 1300 3617 1353 καὶ
3642 1299 3707 1353 τὸ

2125 1380 2377 1452 φρόνημα
2419 1381 2520 1452 τῆς
2559 1383 2791 1454 σαρκὸς,
2814 1382 3032 1454 ἀληθῶς
3070 1385 3198 1455 ἔθνη
3224 1387 3398 1459 ἐχθρά
3440 1387 3570 1442 ὅντα
3607 1389 3705 1444 τοῦ

2121 1470 2290 1537 Θεοΰ;
2324 1473 2389 1529 Ἠ
2416 1475 2526 1543 γὰρ
2559 1474 2713 1543 σὰρξ
2747 1476 3131 1543 στρατεύεται
3173 1478 3324 1532 κατὰ
3361 1478 3470 1534 τοῦ
3518 1483 3701 1535 πνεύ-

2115 1581 2303 1635 ματος
2349 1565 2447 1620 διὰ
2483 1567 2588 1622 τοῦ
2634 1566 3016 1637 φρονήματος
3058 1568 3171 1637 τῆς
3208 1574 3437 1639 σαρκὸς
3482 1572 3704 1643 ἐχθρᾶς

2120 1658 2308 1725 οὔσης
2343 1659 2431 1725 εἰς
2465 1659 2614 1712 Θεόν
2636 1676 2652 1691 ’
2678 1658 2761 1725 τῷ
2784 1660 2903 1729 γὰρ,
2917 1661 3078 1729 νόμῳ
3099 1661 3206 1715 τοῦ
3225 1663 3372 1718 Θεοῦ
3403 1665 3518 1734 οὐχ
3554 1660 3701 1720 ὑπο-

2120 1749 2409 1804 τάσσεται
2427 1767 2441 1781 ο
2485 1753 2558 1805 οὐ
2585 1753 2698 1820 γὰρ
2734 1751 3004 1807 δύναται.

516 1825 672 1883 Vers.
705 1827 793 1881 ll.
829 1826 1013 1882 Omnis
1029 1825 1252 1897 populus
1269 1825 1384 1894 ejus
1403 1832 1683 1895 gementes.
1733 1823 1903 1878 Fame
1928 1822 2015 1878 la-

2190 1842 2315 1909 Πᾶς
2341 1846 2374 1897 d
2395 1843 2547 1910 λαὸς
2571 1799 2765 1913 αὐτῆς
2786 1844 3342 1913 καταστεγάζοντες.
3377 1846 3698 1913 Ἐστὲναξαν

404 1991 409 1997 ν
443 1918 701 1976 borantes
734 1926 1076 1991 gemuerunt,
1099 1927 1155 1973 et
1192 1917 1392 1975 modici
1432 1917 1607 1987 gratia
1636 1916 1743 1972 cibi
1775 1916 2018 1971 animam

443 2011 755 2066 reducentis
799 2006 1142 2065 deiicientem
1192 2005 1592 2078 pretiosissima
1635 2019 1868 2076 qumque
1899 2013 2017 2059 tra-

437 2101 659 2158 debant.
707 2100 815 2155 Sed
864 2098 1143 2170 quomodo
1186 2097 1442 2168 pradicta
1483 2096 1864 2152 desiderabilia
1902 2095 2016 2166 jam

440 2194 512 2248 ab
553 2192 804 2248 hostibus
861 2192 1041 2247 ablata
1091 2190 1299 2246 dabant
1349 2189 1419 2244 ad
1466 2189 1757 2245 emendum
1801 2188 2020 2243 cibum?

446 2281 645 2339 Verum
669 2281 914 2336 extendit
935 2280 1152 2350 quidem
1185 2278 1440 2334 inimicus
1468 2294 1689 2334 manum
1714 2278 1781 2333 ad
1806 2277 2013 2336 omnia.

441 2374 536 2428 sed
566 2372 891 2439 exsatialus,
920 2370 1065 2440 quod
1084 2370 1320 2439 cepisset
1347 2383 1470 2438 qua:
1501 2368 1768 2436 libuisset,
1799 2368 2017 2438 reliquit

439 2470 634 2519 eatera
661 2462 861 2533 quibus
884 2461 1070 2517 cibum
1097 2459 1372 2515 emebant.

521 2554 683 2620 Vide,
730 2553 980 2619 Domine,
1025 2561 1076 2605 et
1117 2551 1418 2605 considera.
1476 2549 1668 2604 Istud:
1716 2548 1864 2617 Vide,
1908 2547 2016 2603 Deo

438 2648 597 2712 utine,
640 2644 977 2716 opprobrium
1003 2659 1199 2707 meum,
1243 2643 1423 2696 oratio
1454 2651 1536 2697 est
1559 2640 1861 2697 Jerusalem
1894 2654 2017 2710 quae

440 2748 657 2809 propter
704 2736 903 2792 l‘amem
959 2744 1216 2790 ornatum
1273 2733 1478 2788 amisit.
1557 2734 1640 2787 An
1697 2748 1828 2788 vero
1872 2732 2017 2788 desi-

436 2829 698 2885 derabilia
757 2828 975 2883 diversa
1037 2824 1214 2880 sunt?
1273 2824 1553 2894 Praecipue
1616 2824 1837 2894 quidem
1893 2839 2017 2893 quae

433 2924 547 2994 jam
580 2929 878 2977 memorata
918 2927 1048 2974 sunt
1083 2916 1149 2972 ad
1182 2931 1302 2986 qua:
1333 2915 1593 2971 inimicus
1621 2914 1867 2970 extendit
1894 2929 2012 2969 ma-

436 3030 602 3081 num;
658 3012 852 3069 deinde
905 3009 1251 3081 singulorum
1298 3023 1329 3063 e
1379 3007 1581 3078 populo
1629 3004 2013 3062 desiderabilia

2119 1934 2207 1989 διά
2247 1935 2436 2006 λιμὸν,
2488 1934 2583 1989 καὶ
2619 1937 2824 2007 μικρᾶς
2866 1934 3029 1989 ἕνεκα
3077 1936 3335 2007 βρώσεως
3366 1937 3547 2009 ψυχήν
3579 1939 3700 1991 ἐπι-

2121 2027 2459 2099 στρεφούσης
2519 2026 2875 2081 ἐκλείπουσαν
2929 2031 3190 2100 παρεῖχον
3251 2028 3321 2081 τά
3372 2029 3695 2101 τιμιώτατα.

2118 2119 2243 2183 Πῶς
2269 2119 2325 2173 δὲ
2353 2118 2420 2171 τὰ
2442 2118 2821 2190 προρρηθέντα
2851 2119 3245 2191 ἐπιθυμήματα
3276 2120 3430 2190 παρὰ
3455 2120 3564 2173 τῶν
3599 2137 3699 2174 πο-

2117 2211 2321 2282 λεμίων
2376 2211 2743 2282 ἀπενεχθέντα
2801 2214 3063 2283 παρεῖχον
3110 2213 3191 2274 εἰς
3251 2211 3399 2283 ὠνὴν
3455 2213 3715 2284 τροιρεῑῖιςςΔ

2129 2300 2267 2353 Ἀλλ’
2294 2300 2525 2367 ἐξέτεινε
2553 2301 2650 2371 μὲν
2673 2301 2704 2352 ὁ
2734 2300 2926 2372 ἐχθρὸς
2948 2302 3040 2354 ἐπὶ
3066 2300 3241 2354 πάντα
3274 2301 3372 2373 τὴν
3393 2302 3572 2373 χεῖρα,
3607 2317 3701 2355 κο-

2121 2391 2332 2463 ρεσθείς
2368 2392 2426 2445 δὲ
2464 2390 2542 2462 τῷ
2578 2390 2761 2445 λασεῖν
2799 2391 2943 2462 ἀπερ
2973 2389 3155 2462 ήθελε,
3188 2390 3258 2445 τά
3284 2390 3448 2444 λοιπά
3471 2391 3700 2445 καταλέ-

2116 2483 2325 2547 λοιπεν,
2359 2482 2475 2537 ἀνθ’
2509 2476 2586 2537 ὧν
2617 2483 2875 2553 ἐπρίαντο
2904 2483 3005 2555 τὴν
3034 2484 3261 2555 τροφήν.

2193 2576 2327 2642 Ἴδε,
2360 2577 2557 2644 Κύριε,
2589 2575 2687 2629 καί
2707 2575 3059 2643 ἐπίϐλεψιν.
3097 2573 3244 2645 Εὐχή
3280 2574 3431 2647 παρὰ
3463 2574 3562 2646 τῆς
3603 2575 3702 2629 ἰε-

2118 2665 2423 2738 ρουσαλὴμ,
2455 2665 2547 2718 τό·
2592 2663 2724 2729 Ἴδε,
2757 2664 2951 2731 Κύριε,
2982 2662 3264 2732 τὴν-ἐμὴν
3281 2663 3542 2732 ἀτιμίαν,
3564 2664 3700 2718 ἀπο-
3736 2714 3745 2725 ,

2115 2757 2349 2829 λεσάσης
2380 2756 2470 2810 τὸν
2514 2757 2721 2827 κόσμον
2751 2754 2840 2808 διά
2881 2754 3058 2824 λιμόν.
3104 2755 3332 2825 Μήποτε
3373 2754 3430 2807 δέ
3465 2754 3698 2824 διάφορα

2114 2849 2187 2903 τά
2216 2847 2609 2920 ἐπιθυμήματα
2635 2863 2650 2911 ;
2680 2846 3107 2919 προηγουμένως
3129 2845 3229 2917 μὲν
3255 2845 3324 2900 τὰ
3366 2846 3697 2918 προδεδηλω-

2119 2939 2275 3010 μένα,
2309 2940 2396 3008 ἐφ’
2426 2941 2571 3009 ἀπερ
2602 2939 2630 2991 ὁ
2655 2936 2847 3009 ἐχθρὸς
2874 2936 3107 3004 ἐξέτεινε
3135 2936 3234 3009 τὴν
3254 2940 3441 3009 χεῖρῐιο
3467 2937 3696 3010 δεύτερα

2114 3031 2172 3084 δὲ
2209 3030 2278 3083 τὰ
2318 3030 2437 3094 ἐνὸς
2476 3030 2708 3084 ἐκάστου
2743 3028 2853 3082 τῶν
2890 3028 3001 3082 ἀπὸ
3038 3027 3134 3081 τοῦ
3164 3028 3327 3081 λαοῦ·
3370 3030 3465 3082 καὶ
3490 3028 3562 3083 τά
3594 3029 3699 3100 μὲν

428 3115 601 3163 erunt
637 3108 742 3159 :‘et
776 3102 996 3174 publica
1040 3100 1260 3170 quidem
1299 3098 1559 3164 abstulit,
1606 3095 1845 3167 propriis
1883 3108 2014 3149 vero

2117 3120 2271 3175 κοινά
2306 3121 2659 3194 παρείληφεν,
2687 3120 2807 3174 ἀντὶ
2826 3118 2883 3173 δέ
2903 3120 3011 3173 τῶν
3036 3118 3223 3174 ἰδικῶν
3258 3117 3486 3183 ἐκαστος
3506 3095 3698 3175 ὠνεῖτο

434 3199 672 3271 quisque
720 3196 902 3252 cibum
945 3194 1182 3251 emebat.
1227 3191 1537 3261 Anagogice
1595 3196 1776 3244 autem
1818 3205 1832 3242 :
1871 3186 2016 3243 sicut

439 3288 581 3343 Esau
620 3284 976 3358 primogenita
1026 3297 1127 3338 sua
1180 3294 1280 3351 pro
1331 3295 1457 3336 esca
1504 3279 1767 3344 vendidit,
1812 3277 1881 3332 de
1907 3291 2016 3345 qua

404 3394 637 3438 'nomeu
703 3378 929 3435 sortitus
995 3384 1133 3443 est;
1200 3373 1348 3429 Esau
1414 3372 1562 3427 enim
1625 3371 2015 3441 interpretatur

424 3472 595 3544 .331
623 3481 764 3526 terra
807 3468 990 3532 rubra,
1026 3477 1274 3524 terrenus
1300 3465 1502 3537 quippe
1542 3462 1719 3518 factus
1759 3472 1845 3518 est
1878 3476 2019 3516 eon-

433 3575 640 3637 tempta
673 3564 1123 3635 primogenitum,
1148 3560 1488 3627 terrenisque
1516 3556 1684 3612 rebus
1705 3552 2014 3626 praepositis

424 3678 556 3735 qum
587 3659 758 3717 Iacob
807 3659 889 3714 uti
936 3653 1244 3710 necessaria
1298 3651 1541 3707 secundo
1584 3649 1709 3705 loco
1752 3646 2010 3713 habebat,

421 3758 560 3828 quia
594 3764 753 3811 erant
799 3754 852 3807 in
879 3768 1111 3825 corpore
1152 3772 1166 3807 :
1213 3749 1295 3806 sic
1347 3756 1402 3803 et
1445 3744 1772 3801 Jerusalem.
1817 3741 1923 3797 Sed
1962 3740 2011 3796 is

433 3849 654 3921 quidem
704 3845 1087 3902 desiderabilia
1155 3857 1278 3914 quae
1329 3839 1565 3895 habebat
1606 3836 1814 3893 Iacobo
1862 3834 2013 3890 dedit

430 3941 624 4010 digno,
647 3938 810 3993 etiam
853 3935 899 3991 si
929 3936 1021 3990 illa
1066 3948 1172 3988 non
1200 3937 1584 4002 prmoptasset;
1612 3936 1670 3982 at
1696 3939 1824 3982 vero
1848 3922 2008 3979 πετο-

433 4030 769 4102 solymorum
800 4027 1031 4097 populus
1055 4024 1204 4080 dedit
1243 4034 1297 4078 et
1327 4022 1441 4092 ipse
1470 4019 1691 4091 quidem
1732 4031 1834 4087 pro
1859 4028 2008 4080 esca,

434 4124 527 4178 sed
559 4135 724 4192 quam
761 4108 988 4175 sanctus
1028 4131 1137 4171 non
1178 4118 1603 4184 praeparaverat,
1644 4108 1740 4163 sed
1773 4105 2008 4176 Babylo-

436 4213 534 4281 nii,
568 4213 662 4282 qui
698 4210 1154 4267 desiderabilibus
1187 4208 1329 4262 datis
1365 4202 1581 4259 illusuri
1619 4209 1795 4256 erant.
1846 4196 2011 4252 Novit

420 4302 579 4357 enim
605 4300 773 4356 Jacob
797 4313 996 4355 ornare
1025 4313 1146 4367 qua:
1172 4295 1378 4366 accepit
1400 4294 1469 4349 ab
1496 4292 1670 4356 Esau;
1704 4297 1761 4345 at
1784 4288 2008 4359 Babylo-

424 4392 509 4446 nii
537 4407 643 4446 non
671 4400 899 4446 utuntur
927 4389 1071 4443 datis
1097 4388 1149 4441 iu
1176 4402 1336 4442 suum
1365 4386 1592 4440 bonum.
1628 4379 1719 4436 Sic
1740 4390 1797 4435 et
1823 4379 2007 4435 anima

2119 3215 2343 3288 τροφήν,
2376 3215 2519 3286 Πρὸς
2541 3212 2598 3266 δέ
2623 3212 2932 3284 ἀναγωγὴν,
2953 3211 3143 3283 ὥσπερ
3179 3210 3348 3265 Ἦσαῦ
3381 3211 3608 3266 ἀπέδοτο
3628 3213 3699 3265 τὰ

2118 3305 2458 3377 πρωτοτόκια
2485 3304 2689 3374 τροφῆς
2712 3344 2727 3368 ,
2773 3300 2841 3374 ἦς
2875 3303 3161 3374 ἐπώνυμος
3208 3304 3429 3372 γέγονεν
3452 3319 3466 3334 ·
3524 3305 3698 3376 ἑρμη-

2115 3400 2328 3453 νεύεται
2351 3399 2407 3451 δὲ
2437 3396 2656 3466 ἐρυθρά
2683 3396 2786 3468 γῆ*
2812 3398 2905 3449 καὶ
2940 3396 3046 3468 γὰρ
3067 3397 3283 3465 ἐγένετο
3309 3398 3492 3468 γήϊνος
3526 3414 3695 3451 κατα-

2115 3491 2388 3562 φρονήσας
2414 3488 2514 3560 μὲν
2540 3488 2649 3543 τῶν
2680 3488 3328 3561 πρωτοτοκίων,προηγού
3338 3506 3471 3559 μενοι
3493 3488 3549 3541 δὲ
3577 3507 3696 3544 ποι-

2113 3583 2253 3654 ήσας
2295 3581 2363 3635 τὰ
2391 3582 2553 3653 γήϊνα
2583 3581 2727 3651 ἀπερ
2771 3578 2963 3633 Ἰακὼὸ
2997 3578 3072 3642 ὡς
3093 3580 3365 3648 ἀναγκαῖα
3397 3582 3696 3652 μετήρχετο

2111 3675 2347 3747 δευτέρῳ
2363 3675 2506 3744 λόγῳ
2525 3672 2613 3727 διὰ
2638 3673 2703 3726 τὸ
2730 3672 3015 3743 τυχχάνειν
3052 3673 3110 3724 ὲν
3140 3671 3352 3743 σώματι
3373 3689 3388 3703 ·
3424 3673 3566 3727 οὕτω
3597 3676 3694 3728 καὶ

2123 3764 2499 3837 Ἰερουσαλήμ.
2544 3763 2682 3816 Ἀλλ’
2715 3763 2743 3815 ὁ
2781 3762 2881 3833 μὲν
2907 3760 3089 3814 δίδωσι
3111 3760 3189 3829 τῷ
3214 3761 3352 3832 ἀξίῃ
3384 3762 3577 3815 Ἰακὼϐ
3598 3780 3691 3815 τυ-

2111 3858 2249 3927 χεῖν,
2310 3855 2455 3926 ἀπερ
2508 3849 2654 3925 εἶχεν
2706 3851 3117 3923 ἐπιθυμήματα,
3176 3852 3225 3904 εἰ
3259 3852 3353 3905 καὶ
3398 3854 3472 3923 μή
3525 3853 3692 3908 ταῦτα

2112 3947 2423 4019 προείλετοο
2454 3949 2483 4001 ὸ
2510 3947 2566 4000 δὲ
2595 3946 2716 4010 λαὸς
2760 3944 3111 4016 Ἰερουσαλὴμ
3126 3944 3324 3997 δέδωκε
3351 3947 3449 4014 μὲν
3477 3947 3567 3999 καὶ
3596 3946 3692 3999 αὐ-

2110 4040 2204 4102 τδς
2232 4038 2392 4093 ἓνεκα
2440 4036 2726 4108 βρώσεως,
2773 4035 2887 4089 ἀλλ’
2925 4036 3046 4105 οὑχί
3089 4035 3245 4103 ἁγίου
3278 4035 3480 4107 ταύτην
3527 4052 3693 4090 κατα-

2113 4131 2480 4192 σκευάσαντος
2500 4167 2515 4194 ,
2563 4127 2699 4182 ἀλλὰ
2742 4127 3125 4193 Βαϐυλωνων,
3156 4128 3352 4191 οἵτινες
3388 4127 3691 4199 ἐνυϐρίζειν

2110 4221 2333 4292 ἔμελλον
2358 4223 2469 4283 τοῖς
2498 4219 2727 4273 δοθεῖσιν
2754 4217 3181 4290 ἐπιθυμήμασιν.
3227 4219 3287 4273 '0
3309 4220 3406 4290 μὲν
3446 4219 3554 4291 γὰρ
3584 4220 3691 4274 Ἰα-

2111 4310 2228 4365 κὼὸ
2249 4307 2355 4365 οἶδε
2382 4310 2655 4381 κοσμῆσαι
2677 4308 2748 4362 τὰ
2770 4309 2922 4378 παρά
2962 4308 3132 4363 Ἦσαῦ
3155 4325 3166 4335 ·
3193 4310 3243 4363 οἰ
3269 4309 3326 4363 δὲ
3360 4310 3691 4364 Βαϐυλώνιοι

2111 4403 2172 4456 οὐ
2223 4402 2460 4475 χρῶνται
2507 4403 2618 4465 τοῖς
2674 4400 2902 4455 δοθεῖσιν
2941 4400 3034 4453 ἐπὶ
3061 4400 3174 4471 ἰδίῳ
3206 4399 3376 4471 καλῷ.
3411 4399 3569 4454 Οὕτω
3597 4402 3692 4454 καὶ

428 4484 512 4538 ob
542 4478 725 4537 rerum
761 4478 1200 4537 necessariarum
1225 4476 1467 4548 inopiam
1521 4473 1736 4528 divinas
1791 4468 2011 4540 proiicit

2117 4467 2349 4571 ψυχή-δι’
2372 4495 2606 4569 ἀπορίαν
2632 4495 2740 4549 τῶν
2772 4493 3084 4564 ἀναγκαίων
3115 4467 3340 4565 χρειῶν-
3361 4494 3691 4567 ἀπορρίπτει

434 4566 753 4642 disciplinas
799 4567 1108 4624 volentibus
1158 4581 1255 4637 per
1297 4563 1673 4621 curiositatem
1707 4559 1920 4637 discere
1950 4566 2011 4612 ut

432 4664 724 4723 detrahant
751 4671 804 4717 et
831 4656 1192 4717 subsaunent.

509 4756 658 4812 Vera.
689 4755 775 4811 1⁵5.
815 4753 891 4808 De
918 4753 1124 4808 excelso
1157 4766 1255 4804 suo
1284 4747 1430 4802 misit
1460 4746 1655 4817 ignem.
1694 4740 2010 4797 Incendium

434 4849 488 4904 iu
510 4846 914 4918 expugnatione
948 4842 1273 4913 signiﬁcavit
1299 4838 1444 4909 quod
1470 4835 1782 4904 absumpsit
1823 4831 2012 4887 fortis-

374 4946 378 4951 ’
432 4941 572 4996 sima
615 4938 865 5005 aediﬁcia,
908 4938 992 4991 vel
1027 4934 1411 5006 captivitatem
1445 4929 1650 4985 civium
1698 4928 1750 4981 in
1792 4942 1857 4980 ea
1912 4938 2011 4977 no-

434 5032 723 5097 billorum,
783 5044 1016 5101 quorum
1065 5029 1284 5084 animus
1345 5031 1401 5078 et
1449 5020 1725 5078 exteriora
1786 5025 2012 5088 pr0ptcr

430 5124 772 5181 calamitates
865 5120 1277 5195 quodammodo
1363 5117 1684 5171 urebantur.
1801 5110 2009 5165 Iudicat

432 5219 596 5275 etiam
637 5217 839 5272 infima:
877 5213 1208 5271 conditionis
1249 5208 1497 5263 homines
1549 5206 1619 5259 ad
1685 5204 2001 5259 servitutem

429 5322 619 5383 captos
688 5311 847 5382 quasi
926 5307 1217 5364 venatione
1288 5300 1520 5365 retium,
1577 5296 1682 5367 qui‘
1754 5296 2007 5350 libertate

429 5421 539 5461 non
581 5413 725 5460 recte
767 5401 852 5457 usi
891 5399 1125 5456 fuerant.
1187 5395 1268 5450 Ita
1312 5393 1457 5449 enim
1496 5392 1570 5447 illi
1622 5390 1686 5446 ad
1727 5389 2004 5444 anteriora

432 5506 745 5569 pergentes,
795 5494 1156 5565 posteriorum
1209 5484 1711 5548 obliviscebaritur;
1768 5477 2006 5535 reverte-

431 5589 628 5644 lmutur
669 5597 851 5642 autem
901 5599 930 5638 a
957 5580 1126 5654 gloria
1170 5579 1225 5633 in
1272 5578 1649 5648 ignominiam,
1701 5573 2005 5629 alibertate

506 5710 522 5725 '
539 5703 680 5774 Lege
710 5697 950 5755 εἰσελθου
958 5697 1087 5749 σῶν.

499 5821 519 5852 ⁶
554 5820 670 5879 Gal.
709 5834 758 5884 ν,
797 5814 883 5867 17.
960 5814 979 5843 ⁷
1018 5812 1174 5868 Rom.
1210 5827 1337 5867 vm.
1372 5808 1422 5864 7.

2108 4590 2177 4644 τὰ
2196 4591 2314 4644 θεῖα
2342 4588 2639 4659 μαθήματα
2667 4589 2781 4650 τοῖς
2809 4583 2948 4640 κατὰ
2983 4583 3302 4656 περιεργίαν
3346 4583 3692 4655 βουλομένοις

2112 4682 2205 4735 ἐπὶ
2226 4679 2443 4752 διαὸολῇ
2468 4679 2563 4733 καὶ
2594 4677 2759 4750 χλεύῃ
2793 4675 3003 4747 μαθεῖν.

2194 4770 2297 4835 Ἐξ
2342 4770 2539 4838 ὕψους
2584 4766 2769 4823 αὑτοῦ
2801 4764 3120 4821 ἀπέστειλε
3164 4765 3298 4833 πῦρ.
3339 4765 3443 4818 Τὸν
3490 4766 3584 4819 ἐπὶ
3622 4767 3688 4845 τῇ

2116 4860 2311 4915 ἁλώσει
2330 4859 2630 4932 δεδήλωκεν
2653 4855 2982 4929 ἐμπρησμὸν
3006 4854 3116 4908 τῶν
3145 4856 3512 4926 ἰσχυροτάτων
3541 4857 3688 4909 οἰκο-

2115 4953 2446 5025 δομημάτων
2474 4951 2752 5020 ἁψάμενον
2774 4987 2788 5012 ,
2833 4948 2867 5017 ἢ
2901 4948 2998 5018 τὴν
3026 4946 3226 5001 ἅλωσιν
3255 4946 3365 5001 τῶν
3394 4948 3689 5020 ὑπερεχόν-

2114 5065 2221 5102 των
2243 5042 2301 5101 é‘v
2323 5047 2458 5116 αὐτῇ
2492 5041 2745 5107 πολιτῶν,
2779 5040 2925 5111 ψυχῇ
2961 5057 3022 5092 τε
3050 5038 3144 5092 καὶ
3183 5041 3296 5098 τοῖς
3338 5040 3496 5104 ἐκτὸς
3528 5039 3692 5095 οἰονεὶ

2115 5137 2470 5212 πυρουμένων
2508 5138 2630 5197 ταῖς
2660 5135 2983 5204 συμφοραῖς.
3028 5131 3189 5201 Δηλοῖ
3218 5131 3313 5184 καὶ
3342 5130 3451 5184 τῶν
3490 5132 3689 5185 ὑποδει-

2114 5228 2378 5305 6ηκότων
2403 5231 2503 5301 τὴν
2555 5224 2813 5296 σύλληψιν
2858 5224 2957 5294 τὴν
3008 5224 3089 5286 εἰς
3120 5221 3371 5276 δουλείαν
3410 5221 3691 5294 ὥσπερέν

2113 5323 2259 5395 ἄγρᾳ
2289 5319 2541 5383 δικτύων,
2574 5316 2683 5371 τῶν
2722 5317 2795 5387 μὴ
2830 5313 3009 5377 καλῶς
3044 5313 3404 5385 χρησαμένων
3436 5317 3503 5386 τῇ
3543 5314 3690 5367 ἐλευ-

2113 5414 2289 5488 θερίᾳ.
2328 5408 2489 5468 Ὀὕτω
2525 5409 2634 5481 γὰρ
2676 5405 2855 5471 obiret,
2889 5405 3195 5477 ἔμπροσθεν
3232 5407 3686 5477 ἐπεκτεινόμενοι,

2109 5505 2219 5560 τῶν
2255 5503 2475 5557 ὄπισθεν
2504 5498 2924 5554 ἐπελανθάνοντο
2947 5513 2962 5527 ο
2999 5497 3342 5569 ἀπέστρεφον
3371 5495 3428 5549 δὲ
3463 5495 3571 5549 ἀπὸ
3598 5494 3686 5549 δό-

2114 5596 2210 5668 ξης
2260 5597 2339 5659 εἰς
2374 5592 2632 5663 ἀτιμίαν.
2665 5588 2773 5642 ἀπὸ
2807 5586 3118 5659 ἐλευθερίας
3157 5590 3237 5651 εἰς
3281 5585 3545 5651 δουλείαν,
3593 5583 3686 5637 καὶ
