4140 6448
500 393 607 448 625

1721 386 2035 442 SELECTA.
2070 385 2136 439 IN
2179 385 2519 442 THRENOS.

3622 383 3756 439 ’1526

499 501 785 570 γεγόνασιν
812 500 934 553 ἀντὶ
961 499 1186 566 ἐνδόξων
1214 495 1606 569 ἠμαυρωμένοι
1641 499 1734 551 καὶ¹
1763 499 1987 567 ἀφανεῖς
2017 498 2078 563 ἐξ

2179 499 2233 552 in
2268 497 2606 562 servitutem,
2644 504 2698 548 et
2731 494 2858 549 facti
2892 505 3021 550 sunt
3045 498 3137 565 qui
3170 499 3410 554 illustres
3438 507 3623 560 erant,
3653 497 3756 549 ob-

500 591 724 662 ἀτιμίας
756 591 855 644 καὶ
878 590 1119 661 ὕϐρεως⁸
1155 589 1224 642 δι’
1256 590 1400 658 ἆπερ
1450 589 1525 650 είς
1557 589 1778 659 διηνεκῆ
1823 589 2079 642 πέπτωκε

505 683 680 751 λύπην
711 684 744 752 ἡ
779 682 956 745 πόλις.

587 773 982 842 Ἕηοηγορήθη
1010 774 1106 827 ἐπὶ
1139 773 1210 826 τὰ
1233 772 1578 842 ἀσεϐήματά
1592 789 1711 843 μου
1731 788 1743 802 ·
1770 773 1840 826 ἐν
1868 771 2079 841 χερσίν

503 868 690 923 αὐτοῦ
714 865 1213 933 συνεπλάκησαν.
1265 866 1329 918 Ἦ
1355 865 1604 936 Πρόνοια,
1631 865 1814 936 φησιν,
1846 864 1939 916 ἐπὶ
1966 855 2095 928 τοῖς

505 959 658 1028 ἐμοῖς
695 957 1038 1026 ἀσεϐήμασιν
1071 955 1132 1008 ού
1166 955 1518 1025 κεκοίμηται⁹
1549 953 1682 1016 Θεὸς
1722 951 1850 1021 γὰρ,
1889 949 2078 1021 ὥσπερ

506 1052 586 1113 είς
622 1052 810 1119 χεῖρας
839 1047 1020 1100 λαϐὼν
1052 1047 1211 1107 αὐτὰ,
1244 1045 1333 1098 διά
1369 1046 1470 1114 τῆς
1509 1044 1810 1107 ἐξετάσεως
1841 1044 1955 1104 τοῖς
1989 1040 2078 1093 διὰ

505 1141 602 1210 τὴν
643 1138 999 1192 ἀνταπόδοσιν
1045 1136 1328 1200 ἐνέπλεξεν
1373 1136 1582 1208 ἔργοις·
1620 1135 1714 1188 καὶ
1755 1133 1946 1202 γέγονέ
1987 1149 2078 1202 μοι

503 1229 676 1284 ταῦτα
722 1230 972 1301 καθάπερ
1005 1229 1098 1282 ἐπὶ
1139 1230 1410 1300 τραχήλου
1456 1227 1653 1297 ζυγὸς,
1693 1227 1788 1280 καὶ
1835 1225 2078 1279 δουλείαν

505 1319 773 1390 ἐπέθηκεν
791 1337 804 1350 ·
831 1321 900 1391 ἢν
924 1321 1030 1393 γὰρ
1050 1321 1337 1374 ἐδούλευσα
1359 1319 1438 1391 τῷ
1463 1318 1930 1389 Ναϐουχοδονόσορ
1957 1317 2080 1370 δου-

505 1411 674 1474 λείαν,
706 1411 778 1464 τὰ
803 1411 914 1481 ἐμά
953 1413 1098 1465 ἐστιν
1139 1411 1462 1483 ἀσεϐήματα
1485 1428 1499 1442 ·
1533 1411 1722 1482 διόπερ
1755 1411 1941 1472 ἄτονος
1979 1409 2077 1476 γέ-

505 1517 638 1569 γονα
675 1503 1036 1572 παραδοθεῖσα
1064 1503 1272 1566 τούτοις
1297 1496 1375 1556 ὧν
1411 1502 1709 1573 ὑποστῆναι
1742 1502 1843 1572 τὴν
1882 1500 2077 1552 δεσπο-

505 1591 655 1643 τείαν
692 1591 751 1642 ού
782 1591 1036 1661 δύναμαι.
1070 1593 1178 1646 Kal
1214 1593 1340 1661 μετ’
1374 1592 1569 1658 ὀλίγα·
1627 1591 1685 1642 '0
1724 1589 1886 1656 ζυγὸς
1914 1587 2079 1641 αὐτοῦ

505 1681 646 1734 κατά
676 1682 768 1735 τοῦ
801 1684 1071 1753 τραχήλου
1127 1699 1247 1752 μου.
1287 1682 1568 1734 Δείκνυται
1598 1680 1656 1732 δὲ
1683 1680 1771 1732 διὰ
1807 1677 1903 1731 τοῦ
1936 1694 2079 1748 παρ-

503 1770 654 1833 όντος
701 1772 866 1841 ῥητοῦ
921 1771 1321 1842 τροπικώτερον
1372 1772 1484 1824 δεῖν
1528 1767 1969 1839 ἐκλαμϐάνεσθαι
2009 1766 2082 1820 τά

503 1862 581 1924 ὡς
621 1863 747 1928 περὶ
789 1861 977 1914 παθῶν
1013 1861 1295 1930 ἡμετέρων
1327 1860 1595 1929 λεγόμενα
1628 1858 1756 1928 περὶ
1783 1857 1877 1910 τοῦ
1916 1857 2073 1911 Θεοῦ.
2111 1843 2154 1901 Β

507 1953 630 2014 Ιίῶς
659 1952 766 2022 γάρ
792 1951 858 2006 ἂν
888 1951 1062 2014 ἄλλως
1093 1951 1306 2022 νοηθείη
1338 1951 1408 2004 τὰ
1437 1951 1534 2021 τῆς
1574 1950 1926 2022 Ἰερουσαλὴμ
1951 1951 2078 2018 ἀσε-

505 2043 726 2112 ϐήματα
758 2044 823 2112 τῇ
856 2041 950 2094 τοῦ
994 2041 1128 2095 Θεοῦ
1167 2041 1628 2112 συμπεπλεγμένα
1656 2040 1799 2111 χειρὶ
1832 2040 2076 2111 ἢτροπι-

503 2134 643 2198 κῶς;
675 2135 740 2186 ού
761 2135 867 2204 γὰρ
895 2135 960 2188 ἄν
982 2151 1065 2198 τις
1089 2133 1238 2201 λέγοι
1267 2132 1552 2187 καὶταῦτα
1580 2132 1922 2203 σωματικῶς.
1952 2129 2077 2192 Πῶς

499 2224 558 2276 δὲ
601 2223 699 2275 οὐκ
743 2223 939 2276 ἄτοπον
969 2223 1068 2292 τῆς
1121 2223 1220 2292 μὲν
1271 2222 1624 2292 Ἰερουσαλὴμ
1659 2221 1871 2284 πόλεως
1911 2219 2077 2291 οὔσης

497 2315 590 2367 τὸν
620 2315 884 2386 τράχηλον
911 2314 1276 2386 λαμϐάνεσθαι
1307 2314 1604 2385 τροπικῶς,
1634 2314 1703 2366 τά
1735 2313 1793 2366 δὲ
1823 2311 1958 2366 Θεοῦ
1988 2311 2076 2363 λε-

497 2405 702 2473 γόμενα
747 2405 881 2476 μέλη
921 2406 994 2476 μὴ
1042 2406 1135 2458 τὸν
1166 2405 1331 2458 αὐτὸν
1363 2404 1658 2459 ἀκούεσθαι
1688 2403 1922 2474 τρόπον;
1971 2404 2075 2454 Λε-

498 2495 677 2562 γέσθω
698 2495 753 2548 δὲ
776 2497 847 2548 τὰ
871 2496 966 2549 νῦν
993 2497 1069 2560 ὡς
1094 2497 1198 2550 ὑπὸ
1222 2496 1398 2565 ψυχῆς
1430 2498 1510 2557 είς
1541 2495 1792 2548 ἀσέϐειαν
1824 2491 2075 2545 ὑπνωσά-

499 2600 620 2654 σης,
653 2587 710 2637 ἐν
741 2586 820 2655 τῷ
843 2587 1204 2655 ἀφηνιακέναι
1233 2587 1331 2655 μὲν
1357 2586 1463 2638 ἀπὸ
1482 2585 1577 2638 τοῦ
1612 2584 1879 2656 σωτηρίου
1909 2583 2075 2651 ζυγοῦ

496 2674 591 2726 τοῦ
642 2675 828 2742 ὑγιοῦς
881 2675 1061 2744 λόγου,
1108 2677 1167 2729 ὃν
1220 2679 1248 2729 ὁ
1288 2676 1478 2748 Σωτὴρ
1520 2675 1775 2746 ὀνομάζει
1818 2675 2073 2746 χρηστὸν,

498 2765 762 2819 ὑποδῦναι
787 2767 844 2820 δὲ
887 2768 980 2820 τὸν
1023 2767 1130 2820 τῶν
1162 2767 1545 2838 ἀσεϐημάτων,
1593 2767 1659 2820 δι’
1693 2761 1769 2820 ὧν
1815 2767 2075 2837 ὴτόνησεν

499 2855 762 2923 ἀφεθεῖσα
803 2857 902 2926 τῆς
947 2857 1096 2921 θείας
1129 2860 1448 2929 ἐπισκοπῆς,
1491 2859 1583 2911 καὶ
1614 2858 1976 2929 παραδοθεῖσα
2007 2859 2074 2928 τῇ

503 2944 858 3018 βασιλευούσῃ
889 2948 996 3002 τῶν
1037 2949 1222 3002 κακῶν
1258 2949 1518 3020 ἁμαρτίᾳ,
1546 2944 1614 3019 ἧς
1655 2952 1770 3012 τοῖς
1809 2947 2074 3018 θελήμασι

501 3036 589 3088 διὰ
612 3036 672 3088 τὺ
698 3038 1076 3110 ἀπεριόριστον
1107 3041 1201 3094 καὶ
1230 3041 1454 3110 ἄπειρον
1487 3041 1584 3110 τῆς
1608 3039 1802 3103 κακίας
1833 3039 1892 3092 ού
1919 3038 2076 3090 δύνα-

501 3146 590 3184 ται
627 3130 803 3200 πάντη
837 3131 1198 3201 ὑπουργῆσαι,
1235 3133 1327 3185 καὶ
1372 3132 1531 3203 κόρον
1563 3131 1700 3202 αὐτῇ
1747 3134 2069 3202 παρασχεῖν.

501 3221 762 3274 Ταπεινοὲ
787 3222 843 3274 δὲ
871 3222 1096 3293 ὅντωςὴ
1132 3223 1391 3294 ἁμαρτία,
1428 3224 1523 3277 καὶ
1564 3224 1744 3292 ἀγχει,
1789 3226 1879 3278 καὶ
1926 3227 2075 3280 κάτω

501 3309 718 3379 βλέπειν
746 3314 919 3364 ποιεῖ·
948 3309 1108 3380 ζυγὸς
1131 3313 1188 3366 δὲ
1211 3315 1304 3366 καὶ
1331 3313 1392 3366 τὺ
1423 3313 1657 3377 συνειδὸς
1681 3315 1846 3384 άγχον
1871 3317 1956 3368 ἀεὶ
1983 3318 2076 3371 καὶ⁴

499 3401 820 3472 τιτρῶσκον,
855 3404 949 3455 καὶ
980 3403 1257 3456 ἀνανεύειν
1296 3405 1370 3475 μὴ
1400 3406 1737 3477 συγχωροῦν,
1767 3408 1861 3460 καὶ
1896 3409 2075 3481 πάσης

497 3493 896 3564 ἀφαιρούμενον
925 3497 1256 3568 παρρησίας.
1294 3497 1530 3567 Πάρεσιν
1553 3499 1629 3562 δὲ,
1665 3500 1818 3570 φησὶ,
1850 3501 1947 3554 καὶ
1977 3505 2076 3571 τῆς

501 3582 704 3652 ἰσχύος,
805 3584 879 3656 μὴ
903 3587 1082 3649 καλῶς
1112 3589 1452 3659 ἐχρησάμην,
1477 3589 1726 3662 ἐποίησε,
1763 3591 1855 3645 καὶ
1879 3591 2076 3663 λύομαι

496 3671 568 3726 τὰ
602 3673 895 3746 συνέχοντὰ
929 3693 998 3746 με
1033 3676 1307 3751 θεωροῦσα
1340 3679 1504 3733 κακά.

581 3844 790 3914 Ἐξῆρε
834 3847 1064 3915 πάντας
1096 3850 1236 3916 τοὺς
1285 3854 1574 3921 ἰσχυρούς
1607 3872 1726 3924 μου
1755 3857 1970 3924 Κύριος
2005 3857 2075 3910 ἐν

493 3935 661 4004 μέσῳ
681 3954 819 4004 μου.
855 3939 967 3991 Ούκ
998 3941 1064 3993 ἐκ
1095 3941 1259 4011 μέσου
1289 3959 1392 4013 μου
1422 3945 1612 4016 ἐξῆρεν
1641 3947 1864 4011 αὐτούς·
1894 3950 1942 4000 εἰ
1968 3949 2076 4020 γὰρ

498 4027 592 4080 καὶ
615 4027 1005 4102 ἀπεστερήμην
1038 4033 1236 4097 αὐτῶν,
1264 4034 1378 4087 ἀλλ’
1415 4035 1544 4106 ἐξῆν
1587 4039 1668 4101 είς
1705 4039 1869 4109 ἕτερα
1907 4057 2076 4094 κατα-

496 4118 832 4187 Χρήσασθαιο
864 4119 977 4174 ἀλλ’
1017 4125 1074 4175 ἐν
1112 4125 1268 4194 μέσῳ
1311 4143 1411 4196 μου
1451 4128 1643 4182 παθεῖν
1686 4131 1884 4194 αὐτοὺς
1918 4149 2077 4185 κατε-

494 4207 681 4262 δίκασε
713 4211 780 4264 δι’
813 4212 954 4284 ἅπερ
986 4215 1249 4286 ἠσέϐησα,
1276 4219 1370 4272 καὶ
1402 4219 1732 4274 πεπόνθασιν
1763 4224 1811 4274 οἱ
1832 4223 2076 4277 ἐκλεκτοί

500 4315 603 4368 μου
634 4300 701 4354 τὰ
726 4301 1102 4372 χαλεπώτατα,
1135 4307 1302 4361 αὐτοῦ
1335 4308 1424 4361 τοῦ
1461 4310 1667 4381 Κυρίου
1698 4313 1790 4366 τὸν
1815 4307 1958 4368 οἶνον
1980 4314 2074 4367 τοῦ

495 4389 670 4461 θυμοῦ
696 4394 860 4448 αὑτοῦ
884 4397 942 4448 ἐν
971 4395 1117 4468 ληνῷ
1140 4400 1479 4471 πατήσαντος
1505 4404 1585 4465 είς
1613 4402 1923 4476 πλησμονὴν
1953 4407 2077 4477 ἐμοὶ

2183 591 2328 646 scuri
2357 597 2412 642 et
2441 585 2707 656 ignobiles
2736 586 2807 639 ob
2830 587 3154 653 vituperium
3185 598 3239 640 et
3261 587 3572 656 cpprobcia.
3593 585 3752 637 «Pr-o-

2182 690 2361 749 pterea
2398 677 2454 729 in
2498 674 2886 742 sempiternum
2913 689 3204 728 maerorem
3231 675 3422 728 civitas
3472 673 3687 729 incidit.

2255 769 2410 826 Vers.
2463 771 2552 824 ll.
2622 766 2870 837 Vigilavit
2912 779 3067 833 super
3111 765 3403 827 impietates
3451 782 3630 829 meas,
3692 766 3749 818 in

2181 860 2426 912 manibus
2471 860 2599 912 meis
2654 856 2980 924 complicato:
3028 864 3172 906 sunt.
3222 851 3590 916 Providentia,
3650 855 3748 919 ait,

2181 967 2348 1020 super
2395 953 2531 1004 meis
2580 949 2960 1019 iniquitatibus
3011 961 3116 999 non
3167 945 3550 999 obdormivit:
3608 945 3751 999 Deus

2181 1057 2418 1110 namque
2446 1042 2603 1110 quasi
2649 1039 2904 1093 manibus
2945 1052 3039 1091 eas
3079 1035 3371 1104 accipiens,
3406 1050 3502 1104 per
3531 1035 3748 1104 disqui-

2181 1135 2438 1190 sitionem
2474 1150 2599 1188 cum
2643 1120 2900 1203 operibus
2941 1127 3310 1184 retributionis
3357 1128 3666 1194 convolvit;
3698 1141 3752 1183 et

2178 1223 2384 1280 factum
2442 1225 2575 1278 mihi
2635 1241 2700 1278 ex
2758 1223 2864 1278 illis
2912 1231 2997 1276 est
3043 1231 3302 1290 tanquam
3346 1222 3538 1292 jugum
3589 1235 3751 1290 super

2178 1317 2410 1382 collum,
2446 1325 2502 1370 et
2549 1316 2803 1385 imposita
2857 1313 3115 1370 servitus.
3168 1312 3412 1368 Servitus
3458 1312 3602 1366 enim
3643 1328 3755 1382 qua.

2179 1407 2380 1462 servivi
2435 1405 2954 1463 Nabuchodonosori
2983 1449 2999 1474 ,
3055 1422 3190 1463 meae
3239 1405 3547 1475 impietates
3591 1414 3748 1459 sunt:

2181 1498 2388 1553 idcirco
2424 1498 2698 1567 inﬁrmata
2732 1507 2810 1552 est
2842 1500 3010 1553 uirtus
3057 1515 3192 1561 mea,
3240 1513 3364 1551 nam
3402 1497 3599 1552 tradita
3644 1497 3753 1552 illis

2180 1604 2300 1643 sum
2343 1604 2576 1658 quorum
2623 1589 2772 1643 .l'erre
2815 1590 3155 1644 dominatum
3216 1606 3322 1644 non
3375 1604 3618 1658 possum.
3682 1588 3751 1641 Et

2181 1679 2364 1746 paucis
2387 1678 2673 1747 interjectis
2696 1695 2714 1733 :
2735 1678 2930 1750 Jugum
2962 1680 3108 1734 illius
3131 1694 3294 1748 super
3317 1679 3516 1734 collum
3547 1694 3750 1732 meum.

2184 1765 2279 1822 llis
2310 1768 2490 1823 verbis
2521 1769 2846 1835 ostenditur,
2871 1785 2992 1838 quae
3018 1769 3184 1823 veluti
3207 1785 3302 1838 per
3327 1770 3595 1823 humanos
3623 1768 3750 1823 alliu-

2185 1869 2306 1914 ctus
2353 1858 2462 1914 Deo
2517 1861 2877 1926 tribuuntur,
2943 1862 3169 1929 ﬁgurate
3223 1875 3343 1914 esse
3402 1860 3748 1929 explicanda.

2183 1948 2316 2002 Nam
2357 1951 2630 2018 quomodo
2658 1952 2814 2005 aliter
2843 1951 3248 2022 intelligendum
3275 1951 3380 2005 erit
3401 1949 3760 2021 Jerosolymw—

2184 2039 2490 2109 impietates
2532 2041 2585 2093 in
2609 2039 2704 2095 Dei
2753 2056 2915 2094 manu
2965 2040 3306 2101 convolutas.
3353 2041 3458 2094 nisi
3507 2042 3754 2108 tropice?

2185 2148 2284 2186 nec
2332 2132 2476 2186 enim
2528 2133 2728 2188 dixerit
2783 2133 3055 2203 quispiam
3123 2133 3482 2201 corporaliter
3527 2143 3580 2187 et
3630 2133 3752 2188 illas

2185 2223 2547 2292 accipiendas.
2611 2225 2898 2291 Quomodo
2949 2225 3076 2280 item
3122 2225 3418 2279 absurdum
3473 2240 3579 2279 non
3622 2225 3747 2288 erit,

2183 2312 2510 2379 Jerusalem,
2536 2332 2657 2386 quae
2685 2318 2878 2372 civitas
2909 2326 3013 2382 est,
3053 2317 3251 2371 collum
3287 2316 3514 2387 ﬁgurate
3541 2317 3748 2386 accipi,

2183 2420 2305 2473 qua:
2359 2421 2488 2462 vero
2531 2408 2686 2477 quasi
2737 2408 2981 2461 membra
3028 2407 3122 2461 Dei
3169 2408 3462 2474 dicuntur,
3523 2424 3630 2460 non
3683 2407 3748 2461 ad

2183 2496 2434 2548 eumdem
2486 2496 2708 2566 intelligi
2758 2495 3018 2551 modum?
3065 2495 3324 2551 Dicantur
3365 2511 3496 2550 vero
3541 2496 3656 2551 haec
3696 2497 3750 2551 in

2183 2585 2472 2652 prarsentia
2522 2587 2688 2640 veluti
2731 2587 2800 2641 ab
2847 2587 3055 2652 anima,
3090 2602 3212 2656 quae
3255 2587 3307 2641 in
3353 2588 3626 2657 impietate
3655 2589 3752 2642 ob-

2183 2674 2502 2730 dormiverit
2563 2691 2798 2732 excusso
2857 2677 3081 2732 salutari
3144 2692 3291 2732 sana:
3339 2680 3566 2734 rationis
3600 2677 3752 2748 Iugo,

2182 2766 2330 2834 quod
2362 2765 2610 2822 Salvator
2639 2779 2798 2822 vocat
2819 2784 3020 2833 suave,
3062 2769 3224 2839 332
3267 2778 3322 2824 et
3359 2770 3614 2840 imposito
3651 2772 3753 2825 sibi

2177 2853 2312 2924 jugo
2357 2857 2680 2926 impietatis,
2730 2858 2872 2911 unde
2909 2864 2964 2911 et
3005 2859 3278 2913 inﬁrmata
3318 2859 3389 2914 sit
3427 2859 3608 2914 divina
3650 2875 3755 2929 ope

2181 2945 2464 3014 destitum,
2525 2957 2580 3002 et
2635 2949 2890 3018 nequitia:
2953 2949 3149 3003 tradita
3213 2951 3480 3005 malorum
3532 2952 3752 3021 reginae,

2181 3038 2341 3107 cuius
2383 3039 2619 3105 libidini,
2654 3049 2936 3108 propterea
2963 3042 3108 3110 quod
3145 3041 3355 3097 inﬁnita
3385 3052 3468 3099 est
3509 3053 3562 3098 et
3589 3039 3758 3100 nullis

2181 3131 2346 3186 certis
2394 3131 2694 3190 includitur
2744 3132 3026 3198 terminis,
3069 3133 3345 3190 deservire
3378 3130 3602 3190 Omnino
3643 3151 3752 3190 non

2177 3229 2364 3289 queat,
2410 3222 2640 3294 ejusque
2662 3223 2973 3293 cupidinem
3016 3224 3237 3279 satiare.
3287 3223 3548 3282 llumiliat
3592 3243 3758 3296 porro.

2179 3329 2305 3370 vere
2333 3325 2635 3384 peccatum,
2663 3323 2718 3370 et
2747 3315 2916 3385 angit,
2944 3325 2997 3370 et
3027 3315 3286 3372 deorsum
3333 3317 3532 3372 intueri
3572 3320 3756 3388 cogit;

2174 3401 2367 3472 iugum
2419 3418 2639 3472 quoque
2691 3411 2772 3458 est
2811 3403 3144 3460 conscientia
3187 3421 3402 3476 semper
3446 3424 3651 3478 angens
3690 3424 3752 3465 ac

2177 3493 2514 3559 vulnerans,
2558 3503 2613 3548 et
2655 3507 2874 3548 sursum
2926 3495 3117 3550 oculos
3169 3498 3418 3552 attollere
3476 3514 3582 3551 non
3633 3513 3753 3568 per-

2177 3583 2423 3649 mittens,
2466 3591 2519 3638 et
2562 3584 2713 3638 omni
2761 3584 3012 3639 libertate
3053 3585 3295 3654 privans.
3341 3585 3531 3640 Robur
3565 3588 3752 3652 etiam,

2167 3673 2394 3743 inquit,
2424 3687 2536 3743 quo
2595 3688 2704 3727 non
2735 3674 2871 3728 bene
2915 3689 3014 3729 usa
3054 3689 3175 3730 sum
3215 3677 3514 3743 enervavit,
3555 3676 3750 3732 dissol-

2176 3779 2383 3833 vorque
2410 3763 2552 3819 mala
2577 3764 2780 3833 quibus
2804 3765 3082 3835 opprimor
3111 3775 3399 3821 contuens.

2163 3885 2168 3890 -
2250 3856 2402 3910 Vers.
2444 3856 2531 3909 l5.
2571 3854 2808 3909 Abstulit
2835 3872 3012 3910 omnes
3049 3857 3214 3926 fortes
3245 3873 3385 3912 meos
3411 3857 3669 3913 Dominus
3695 3861 3750 3914 in

2178 3946 2350 4000 medio
2385 3947 2509 3999 mei.
2559 3943 2678 4000 Non
2723 3946 2788 4001 de
2832 3947 3012 4002 medio
3049 3948 3154 4002 mei
3193 3949 3417 4004 abstulit
3448 3964 3584 4004 eos:
3623 3966 3756 4004 nant-

2161 4037 2280 4092 ctsi
2325 4037 2514 4092 orbata
2545 4053 2693 4092 eram
2737 4038 2865 4104 illis,
2908 4037 3003 4093 sed
3046 4039 3244 4094 licebat
3287 4038 3340 4094 in
3377 4041 3516 4096 alios
3545 4041 3752 4100 abusus

2176 4137 2526 4193 convertere;
2576 4144 2766 4183 verum
2813 4130 2935 4184 illos
2964 4130 3020 4184 in
3046 4131 3225 4186 medio
3263 4133 3369 4186 mei
3397 4133 3615 4188 dolores
3639 4136 3747 4204 pati

2161 4233 2274 4274 eos
2297 4220 2682 4276 condemnavit
2701 4229 2925 4290 propter
2941 4237 3003 4276 ea
3018 4237 3138 4292 qua?
3155 4223 3319 4292 impie
3335 4225 3501 4293 gessi,
3516 4234 3570 4280 et
3601 4227 3747 4295 passi

2176 4321 2305 4368 sunt
2347 4312 2700 4367 acerbissima
2753 4313 2909 4368 electi
2951 4314 3092 4380 mei,
3143 4315 3264 4384 ipso
3294 4315 3523 4371 Domino
3559 4317 3744 4372 vinum

2177 4401 2383 4457 furoris
2434 4402 2520 4456 sui
2570 4402 2625 4455 in
2674 4403 2932 4458 torculari
2998 4405 3242 4460 calcante
3287 4406 3354 4461 ad
3403 4407 3744 4463 saturitatem

494 4482 592 4589 καὶ
623 4485 689 4554 τῇ
731 4485 984 4556 παρθένῳ
1012 4487 1103 4542 τοῦ
1141 4489 1564 4558 βασιλικωτάτου
1611 4495 1797 4548 Ἰούδα.
1831 4496 1994 4565 Λέγοι
2027 4499 2070 4550 δ’

2178 4495 2311 4548 mihi
2339 4495 2645 4566 virginique
2673 4497 2835 4567 regiae.
2855 4497 3156 4555 nobilitatis
3177 4499 3337 4557 Juda.
3368 4501 3536 4557 Vocat
3564 4513 3744 4559 autem

495 4568 562 4624 ἂν
603 4573 856 4664 ἰσχυροὺς
905 4577 1002 4645 μὲν
1033 4578 1160 4641 τοὺς
1187 4578 1447 4645 δυνατοὺς
1486 4584 1543 4635 ἐν
1579 4583 1800 4656 πολέμῳ
1840 4587 1934 4640 καὶ
1971 4591 2070 4658 τῆς

2178 4586 2348 4642 fortes
2389 4599 2646 4643 strenuos
2682 4590 2903 4659 quidem
2945 4591 2999 4646 in
3027 4591 3190 4658 bello,
3226 4594 3525 4664 patriaeque
3549 4595 3744 4651 defen-

493 4663 751 4733 πατρίδος
793 4665 1283 4737 ὑπερασπίζοντας,
1311 4673 1601 4738 ἐκλεκτοὺς
1646 4677 1702 4730 δὲ
1751 4679 2068 4747 τοὺς-εὐγε-

2178 4698 2366 4746 sores;
2412 4683 2616 4738 electos
2663 4699 2793 4739 vero
2827 4685 3056 4752 nobiles,
3093 4687 3177 4740 vel
3221 4688 3513 4758 sapientes.
3569 4689 3747 4760 Expo-

491 4753 604 4814 νεῖς
649 4752 839 4850 ἢτοὺς
877 4757 1095 4826 σοφούς.
1131 4761 1424 4832 Σαφηνίζει
1469 4765 1526 4818 δὲ
1551 4765 1632 4829 τὸ,
1683 4768 1879 4835 ληνὸν
1926 4770 2070 4823 ἑπά-

2178 4773 2321 4828 nitur
2348 4785 2528 4829 autem
2556 4775 2761 4830 dictum
2789 4777 2915 4843 hoc,
2950 4778 3184 4832 torcular
3211 4752 3458 4845 calcavit,
3482 4797 3578 4850 per
3612 4752 3743 4838 illud

492 4855 659 4907 τησε,
690 4843 753 4896 τὸ
777 4847 902 4916 περὶ
925 4847 1024 4919 τῆς
1047 4849 1156 4903 τῶν
1181 4853 1519 4924 ἁμαρτωλῶν
1545 4859 1813 4927 τιμωρίας
1837 4860 1895 4911 ἐν
1917 4859 2068 4913 Ψαλ-

2178 4865 2316 4934 nuod
2357 4866 2410 4918 in
2441 4866 2676 4922 Psalmis
2717 4868 2784 4922 de
2820 4877 3167 4938 peccatorum
3216 4871 3392 4939 pinnis
3437 4843 3666 4928 liabetur
3687 4874 3741 4928 ’τ

495 4935 616 5028 μοῖς
631 4936 964 5028 εἰρημένον·
997 4941 1292 5010 Ποτήριον
1331 4945 1402 4998 ἐν
1430 4947 1584 5014 χειρὶ
1625 4950 1848 5016 Κυρίου
1893 4951 2064 5006 οἴνου

2178 4955 2329 5012 Calia:
2353 4957 2408 5010 in
2441 4973 2603 5012 manu
2631 4957 2846 5012 Domini
2867 4959 2975 5013 vini
2993 4961 3142 5023 meri,
3161 4959 3356 5028 plenus
3376 4962 3553 5026 mi‘sto,
3584 4963 3743 5018 incli-

491 5023 773 5122 ἀκράτου,
803 5031 1033 5122 ,πλῆρες
1063 5033 1454 5104 κεράσματος,
1485 5037 1792 5110 κλινόμενον
1823 5042 1888 5096 ἐκ
1910 5042 2066 5097 τοῦδέ

2178 5057 2338 5103 natus
2362 5063 2428 5102 ex
2461 5048 2566 5104 hoc
2595 5049 2687 5118 qui
2719 5050 2943 5118 punitur
2969 5051 3036 5105 ad
3066 5023 3230 5107 alium
3258 5023 3740 5122 punitum-donee

411 5127 414 5129 ·
489 5130 633 5178 τινος
651 5116 744 5170 τοῦ
766 5118 1128 5192 κολαζομένου
1146 5124 1236 5176 ἐπὶ
1261 5125 1352 5178 τὸν
1361 5126 1754 5199 σχολαζόμενον,
1775 5131 1879 5194 ἕως
1903 5132 2068 5186 πίωσι

2178 5139 2405 5194 biberint
2429 5154 2606 5194 omnes
2644 5150 2944 5209 peccatores
2963 5149 3150 5204 terrm;
3180 5139 3602 5198 faece-reservata
3633 5144 3738 5199 illis

490 5204 715 5302 πάντες
741 5211 795 5262 οἱ
823 5209 1157 5280 ἁμαρτωλοὶ
1193 5215 1306 5284 τῆς
1344 5215 1590 5290 γῆς-,τῆς
1623 5221 1820 5292 τρυγὸς
1851 5223 2065 5277 ὑπολει-

2178 5231 2259 5300 qui
2287 5230 2467 5286 adhuc
2497 5204 2672 5300 magis
2701 5241 3191 5301 peccatorestsunt;
3215 5233 3268 5287 in
3294 5247 3432 5302 quos
3462 5247 3737 5302 posuemo

490 5298 734 5370 πομένης
777 5305 890 5366 τοῖς
916 5305 1390 5380 ἀμαρτωλοτέροις
1432 5310 1511 5364 ἔτι
1549 5313 1752 5367 τούτων
1791 5316 2065 5389 ὑπάρχου-

2178 5324 2268 5378 reex
2291 5323 2668 5378 evacuabitur.

491 5404 597 5454 σιν,
632 5393 711 5456 εἰς
754 5393 847 5458 οὓς
887 5397 1228 5464 τελευταίους
1267 5405 1297 5456 ὁ
1341 5403 1566 5473 τρυγίας
1607 5407 2054 5478 ἐκκενωθήσεται.

563 5485 762 5548 Ληνὸν
774 5487 1039 5556 ἐπάτησε
1058 5494 1271 5562 Κύριος
1289 5495 1562 5563 παρθένῳ
1581 5500 1821 5566 θυγατρὶ
1855 5500 2055 5553 Ἰούδα.

2241 5499 2498 5555 Torcnl'ar
2560 5500 2786 5554 calcavit
2831 5501 3086 5554 Dominus
3148 5497 3343 5569 uirgini
3387 5499 3518 5569 ﬁlia:
3561 5498 3724 5556 Iuda.

489 5567 566 5624 Οὐ
599 5574 832 5642 χαλεπὸν
859 5579 913 5631 δὲ
939 5581 1065 5635 ἰδεῖν
1088 5584 1204 5648 πῶς
1235 5587 1390 5658 ληνὸν
1419 5590 1660 5660 ἐπάτησε
1693 5590 1894 5660 Κύριος
1923 5608 2060 5662 παρ-

2178 5592 2386 5650 Dillicile
2410 5605 2538 5647 vero
2560 5606 2664 5646 non
2695 5600 2778 5646 est
2801 5607 2960 5648 nosse
2987 5591 3261 5661 quomodo
3285 5591 3522 5648 torcular
3546 5589 3726 5646 Domis

593 5755 616 5786 ⁸
650 5749 792 5808 Psal.
827 5769 1019 5826 anv,
1046 5762 1098 5814 9.
