4140 6448
497 345 595 406 πί

1906 355 1995 411 EX
2037 354 2347 415 ORIGENE

3644 368 3750 424 πε

499 466 714 523 viduata
773 469 874 536 sit,
908 477 999 536 et,
1046 467 1193 541 quod
1240 468 1653 524 acerbissimum
1706 481 1825 539 est,
1878 475 2043 531 hostil

2167 477 2328 549 χειρί.
2377 477 2819 548 Προσωποποιίας
2847 478 2901 532 δὲ
2924 477 3110 550 οὗσης,
3136 482 3199 534 οὑ
3221 480 3305 534 δεῖ
3334 481 3517 554 ζητεῖν
3542 485 3751 553 πόλεως

499 575 685 615 manu.
755 559 894 615 Cum
939 577 1068 617 vero
1109 562 1197 616 hic
1239 561 1621 632 prosopopoeia
1669 562 1779 629 sit,
1830 580 1937 618 non
1984 582 2044 622 es

2172 569 2379 622 κοιλίαν
2407 569 2692 634 τεκοῦσαν,
2719 571 2810 624 καὶ
2840 570 3067 643 καρδίαν
3087 572 3404 645 λελυμένην.

496 648 824 717 qumrendus
881 660 1066 704 venter
1109 651 1263 706 urbis
1306 652 1401 723 qui
1451 651 1693 722 peperit,
1733 664 1787 708 et
1831 669 1929 710 cor
1977 671 2068 712 so-

564 820 719 877 Vers.
756 824 845 878 2|.
889 825 1101 892 Audite,
1149 832 1386 896 obsecro,
1434 833 1560 902 quia
1612 835 1897 905 ingemisco
1948 851 2062 905 ego.

493 910 732 967 Partitur
780 929 1088 971 sermonem
1135 934 1298 974 suum
1342 919 1648 977 Jerusalem
1696 926 1763 979 ad
1814 925 2065 981 inimicos

489 1019 520 1057 a
544 1004 747 1072 quibus
782 1004 957 1059 audiri
991 1008 1124 1071 vult,
1159 1018 1213 1063 et
1249 1010 1315 1064 ad
1350 1010 1542 1067 Deum.
1582 1012 1687 1068 Sed
1713 1014 1842 1084 quid
1874 1016 2066 1070 invitat

492 1096 676 1148 hostes
702 1094 768 1148 ad
800 1097 1172 1152 audiendum?
1206 1100 1318 1156 Cur
1350 1103 1418 1157 ad
1443 1101 1610 1158 Deum
1648 1106 1825 1175 inquit
1855 1107 2064 1163 laetatos

487 1198 584 1237 eos
605 1182 810 1241 fuisse?
831 1185 1105 1245 Fortassis
1130 1192 1311 1261 igitur,
1333 1194 1459 1263 quia
1485 1196 1712 1251 cadente
1733 1196 2061 1267 Jerusalem,

487 1273 637 1329 salus
684 1273 826 1331 facta
868 1289 953 1333 est
995 1283 1246 1349 gentibus
1295 1285 1359 1338 ad
1406 1289 1809 1354 provocandam
1839 1290 2064 1345 aemula-

485 1363 713 1429 tionem,
732 1374 788 1421 et
814 1370 1031 1436 quando
1057 1372 1326 1441 plenitudo
1354 1378 1586 1445 gentium
1613 1381 1899 1447 advenerit,
1937 1392 2063 1438 tunc

483 1452 645 1525 335
678 1458 846 1511 omnis
874 1457 1048 1514 Israel
1092 1463 1388 1519 salvabitur
1417 1469 1478 1518 ⁸³.
1529 1468 1718 1524 Priora
1769 1472 1835 1527 ad
1873 1482 2062 1543 gentes

484 1547 801 1615 prophetice
838 1550 992 1615 dicit,
1028 1558 1332 1623 posteriora
1366 1574 1494 1614 vero
1529 1561 1595 1614 ad
1621 1561 1807 1617 Deum.
1849 1564 2061 1620 Dolori-

486 1632 591 1690 bus
630 1637 821 1692 relicta
857 1655 1012 1705 sum,
1064 1652 1121 1697 ut
1169 1644 1347 1699 locum
1401 1648 1695 1716 haberetis,
1741 1661 1795 1709 et
1842 1664 2060 1726 propter

480 1740 580 1781 vos
606 1725 828 1784 inimica
860 1729 970 1785 Deo
999 1731 1141 1788 facta
1171 1750 1315 1801 sum,
1349 1738 1475 1794 licet
1504 1743 1803 1797 secundum
1837 1745 2061 1800 electio-

2252 820 2569 873 Ἀκούσατε
2594 819 2695 888 δὴ,
2727 819 2818 875 ὅτι
2846 819 3108 882 στενάζω
3129 822 3262 893 ἐγώ.
3291 821 3517 895 Μερίζει
3538 827 3629 880 τὸν
3663 826 3749 882 λό-

2167 926 2262 978 γον
2319 911 2674 983 Ἰερουσαλὴμ
2732 912 2871 984 πρὸς
2917 914 3048 977 τοὺς
3104 915 3333 986 ὲχθροὺς
3383 916 3478 981 οὓς
3519 919 3749 974 ἀκοῦσαι

2167 1000 2446 1071 βούλεται,
2491 1004 2583 1056 καὶ
2632 1005 2769 1076 πρὸς
2805 1005 2897 1059 τὸν
2933 1005 3084 1060 Θεόν.
3139 1008 3298 1061 Ἀλλὰ
3340 1009 3395 1061 τί
3441 1010 3750 1081 παρακαλεῖ

2166 1094 2304 1164 πρὸς
2330 1094 2500 1165 ἀκοὴν
2530 1096 2657 1160 τοὺς
2691 1096 2954 1168 ἑχθρούςς
2986 1098 3052 1150 Τί
3079 1098 3138 1151 δέ
3176 1116 3310 1169 φησι
3340 1100 3421 1171 τῷ
3457 1101 3577 1171 Θεῷ
3617 1102 3748 1175 περὶ

2165 1184 2346 1237 αὐτῶν
2388 1183 2466 1249 ὡς
2515 1185 2821 1257 ὲχάρησανς
2874 1187 3100 1258 Μήποτε
3149 1188 3326 1243 τοίνυν
3385 1190 3480 1243 ἐπὶ
3523 1189 3603 1261 τῷ
3646 1192 3746 1262 τῆς

2177 1274 2531 1346 Ἰερουσαλὴμ
2572 1275 2982 1348 παραπτώματι
3018 1277 3240 1346 γέγονεν
3270 1281 3304 1350 η
3348 1282 3591 1351 σωτηρία
3633 1284 3745 1348 τοὶς

2163 1361 2372 1415 ἔθνεσιν
2437 1365 2516 1427 είς
2555 1364 2617 1417 τὺ
2660 1364 3058 1436 παραζηλῶσαι
3099 1366 3332 1430 αὐτούς’
3369 1370 3465 1422 καὶ
3503 1371 3634 1423 ὅταν
3675 1371 3744 1424 τὸ

2163 1450 2454 1520 πλήρωμα
2477 1450 2596 1504 τῶν
2633 1451 2825 1505 ἐθνῶν
2862 1452 3130 1521 εἰσέλθῃ,
3161 1456 3294 1508 τότε
3324 1454 3444 1523 πᾶς
3495 1458 3744 1525 Ἰσραὴλ

2162 1539 2518 1607 σωθήσεται.
2548 1541 2693 1613 Πρὸς
2728 1544 2854 1606 τοὺς
2884 1544 2993 1598 ἀπὸ
3016 1544 3124 1598 τῶν
3146 1544 3318 1599 seven
3345 1547 3413 1601 si
3442 1549 3636 1620 πρῶτα
3664 1550 3745 1604 λέ-

2160 1648 2249 1699 γει
2279 1634 2654 1704 προφητικῶς,
2688 1636 2825 1707 πρὸς
2855 1635 2944 1689 τὸν
2984 1635 3116 1690 Θεὸν
3147 1637 3204 1689 δὲ
3232 1638 3299 1691 τὰ
3328 1638 3573 1712 δεύτερα.
3615 1642 3741 1711 Ἐγ-

2161 1723 2519 1795 κατελείφθην
2550 1725 2764 1790 παθεῖν,
2796 1726 2881 1780 ἵνα
2913 1727 3097 1801 χώραν
3129 1729 3330 1801 λάϐητε
3348 1748 3362 1762 ·
3414 1733 3510 1786 καὶ
3542 1733 3742 1803 γέγονα

479 1830 600 1869 nem
631 1815 827 1873 dilecta
860 1834 1078 1894 prepter
1104 1836 1289 1895 patres
1334 1846 1535 1886 essem.
1589 1832 1712 1889 Ideo
1754 1836 2047 1891 lamentum

2157 1815 2224 1869 δι’
2253 1819 2396 1889 ὑμᾶς
2423 1819 2596 1891 ἐχθρὰ
2630 1820 2726 1874 τοῦ
2756 1822 2915 1886 Θεοῦ,
2965 1824 3168 1896 καίπερ
3192 1826 3335 1880 κατὰ
3373 1828 3474 1900 τὴν
3510 1829 3742 1903 ικλσγὴν

478 1919 660 1958 meum
704 1909 1011 1977 audientes,
1043 1929 1265 1969 causam
1306 1934 1527 1988 quoque
1573 1920 1716 1978 illius
1749 1923 2049 1995 iutelligite.

475 1991 700 2052 Penitus
745 1999 891 2054 enim
949 2012 1170 2074 propter
1218 2017 1455 2063 vestram
1508 2012 1738 2067 salutem
1796 1991 2054 2071 dereiicta

472 2099 620 2153 sum,
649 2103 759 2143 non
801 2091 1007 2149 habens
1042 2095 1193 2151 illum
1227 2100 1324 2168 qui
1366 2116 1582 2171 semper
1619 2118 1707 2158 me
1739 2110 2056 2163 consolatur

474 2184 599 2243 post
634 2191 797 2233 casus
845 2183 1138 2241 malorum.
1189 2186 1348 2244 Nunc
1394 2193 1541 2246 enim
1578 2194 1771 2267 defecit
1813 2198 2052 2269 princeps

471 2278 539 2316 ea:
560 2265 737 2335 Iuda,
767 2280 817 2324 et
848 2274 960 2326 dua:
990 2292 1018 2329 e
1044 2276 1242 2344 femore
1285 2280 1402 2349 ejus
1438 2298 1460 2337 :
1496 2284 1631 2337 venit
1652 2265 1806 2343 enim
1840 2290 1927 2342 cui
1965 2265 2052 2346 re-

470 2368 682 2411 seruata
705 2370 878 2427 erant,
905 2367 1225 2433 exspectatio
1247 2369 1475 2437 gentium
1496 2372 1559 2437 ¹⁸,
1581 2373 1740 2442 cujus
1766 2377 2052 2445 sanguinis

478 2446 614 2501 ultio
661 2449 844 2517 faciet,
892 2464 952 2511 ut
998 2471 1159 2513 nemo
1206 2459 1399 2532 sitqui
1445 2465 1683 2537 amplius
1735 2469 2050 2526 consoletur

468 2536 790 2600 Jerusalem.

538 2720 887 2791 Ingrediatur
900 2729 1072 2783 omnis
1090 2731 1299 2786 malitia
1315 2749 1495 2788 eorum
1509 2744 1632 2790 ante
1653 2736 1844 2807 faciem
1871 2746 2040 2798 tuam.

466 2807 581 2866 .‘ioc
619 2824 726 2879 est,
758 2831 827 2872 ne
855 2820 1200 2889 permittatur
1243 2823 1479 2896 amplius
1523 2840 1657 2882 usus
1693 2829 1913 2885 malitiae
1945 2845 2045 2884 eo-

468 2918 614 2967 rum,
645 2907 738 2960 sed
773 2907 1067 2976 objiciatur
1113 2914 1288 2968 oculis
1325 2917 1455 2979 tuis,
1493 2926 1552 2971 ut
1589 2919 1633 2973 si
1670 2920 1795 2989 quis
1828 2930 2046 2993 rogaret

465 2993 691 3050 vulnera
726 2997 780 3050 in
808 3010 1161 3069 conspectum
1196 3006 1387 3060 medici
1417 3008 1603 3063 venire
1650 3019 1710 3063 ut
1747 3011 2041 3080 perfectam

464 3085 750 3141 sanitatem
785 3093 1001 3159 assequi
1032 3104 1235 3162 posset.
1259 3095 1371 3153 Hoc
1396 3099 1541 3152 enim
1572 3115 1677 3155 vox
1708 3102 1821 3168 illa,
1845 3106 2038 3170 omnis,

465 3174 663 3232 innuit.
717 3178 944 3237 Beatum
985 3185 1185 3256 quippe
1222 3198 1305 3243 est
1342 3191 1613 3261 praecipue
1650 3193 1869 3263 quidem
1921 3211 2034 3251 non

2067 3152 2116 3215 C

2157 1909 2416 1982 ἀγαπητὴ
2439 1911 2527 1965 διὰ
2558 1914 2683 1975 τοὺς
2714 1914 2953 1986 πατέρας
2991 1916 3333 1988 ὑπάρχουσα.
3365 1920 3455 1973 Διὸ
3484 1921 3577 1975 τὸν
3604 1922 3738 1993 ἐμὸν

2155 2000 2486 2066 ἀκούσαντες
2530 2004 2852 2075 στεναγμὸν,
2893 2008 2987 2060 καὶ
3029 2009 3131 2079 τὴν
3169 2010 3351 2063 αἰτίαν
3394 2011 3585 2065 τούτου
3616 2015 3741 2085 νοή-

2158 2108 2305 2145 σατε.
2355 2093 2549 2148 Τέλεον
2579 2094 2690 2167 γὰρ
2730 2097 2814 2164 ἐφ’
2849 2097 3092 2171 ὑμετέρᾳ
3141 2101 3386 2174 σωτηρίᾳ
3438 2104 3739 2169 ἐγκαταλέ-

2153 2185 2404 2256 λειμμαι,
2430 2187 2504 2259 μὴ
2530 2187 2730 2258 ῑχουσα
2752 2189 2846 2244 τὸν
2877 2190 2963 2244 ἀεί
2992 2208 3060 2261 με
3083 2193 3578 2265 παραμυθούμενον
3601 2199 3740 2265 μετὰ

2154 2277 2349 2347 πεῖραν
2418 2276 2641 2330 κακῶν·
2692 2276 2789 2331 νῦν
2840 2278 2950 2350 γὰρ
3032 2280 3346 2346 ἐξέλειπεν
3406 2284 3609 2353 ἄρχων
3668 2285 3737 2362 ἐξ

2167 2367 2382 2431 Ἰούδα,
2433 2368 2534 2474 καί
2590 2370 2926 2439 ἡγούμενος
2965 2371 3037 2426 ἐκ
3093 2372 3215 2426 τῶν
3261 2373 3472 2442 μηρῶν
3524 2376 3737 2476 actos:

2149 2548 2360 2616 ἐθνῶν,
2395 2545 2570 2623 οὗπερ
2621 2550 3006 2622 ἐκδικουμὲνου
3049 2553 3150 2607 τοῦ
3188 2555 3441 2627 αἵματος,
3492 2556 3669 2621 οὐδεὶς
3695 2562 3727 2613 ὁ

2151 2642 2488 2713 παρακαλῶν
2521 2643 2603 2696 ἔτι
2630 2644 2731 2715 τὴν
2762 2644 3141 2717 Ἰερουσαλήμ.

2221 2733 2499 2789 Εἰσί-,ιθοι
2531 2734 2699 2790 πᾶσα
2722 2737 2763 2804 ἡ
2799 2739 2979 2792 κακία
2999 2739 3201 2792 αὐτῶν
3225 2739 3376 2798 κατὰ
3408 2744 3741 2810 πρόσωπόν

2147 2841 2286 2879 σου.
2321 2824 2614 2891 τουτέστι,
2646 2827 2722 2899 μὴ
2750 2828 2846 2881 ἐπὶ
2876 2828 3037 2882 πλέον
3069 2828 3243 2901 ἀφεθῇ
3281 2832 3515 2903 χρῆσθαι
3553 2835 3736 2892 αὐτῶν

2146 2915 2181 2983 ἡ
2203 2913 2394 2979 κακία,
2419 2914 2629 2982 γένοιτο
2648 2914 2707 2969 δέ
2731 2933 2826 2970 σου
2855 2919 2914 2971 ὲν
2930 2920 3227 2991 ἐπισκοπῇ,
3245 2920 3321 2984 ὡς
3343 2923 3396 2975 εί
3414 2940 3497 2986 τις
3517 2922 3736 2991 εὔξαιτο

2144 3004 2434 3076 τραύματα
2491 3009 2574 3071 είς
2618 3008 2742 3077 ὄψιν
2789 3007 2964 3063 ὲλθείν
2986 3010 3203 3083 ιίατροῦ
3250 3012 3388 3084 πρὸς
3434 3013 3497 3067 τδ
3544 3018 3736 3085 τυχεῖν

2146 3096 2356 3160 τελείας
2389 3098 2603 3162 ἰάσεως.
2635 3098 2806 3153 Τοῦτο
2831 3100 2942 3172 γὰρ
2966 3102 3048 3166 τὸ,
3084 3101 3273 3160 πᾶσα.
3306 3103 3592 3176 Μακάρων
3628 3106 3730 3178 μὶν

2146 3187 2255 3260 γὰρ
2290 3188 2524 3258 μάλιστα
2557 3189 2620 3242 τὸ
2655 3189 2731 3260 μὴ
2760 3191 3048 3262 ἁμαρτεῖν,
3080 3192 3331 3265 δεύτερον
3364 3194 3422 3248 δὲ
3448 3195 3515 3250 τὸ
3542 3198 3727 3252 πᾶσαν

461 3279 706 3333 peccare,
743 3270 939 3328 deinde
968 3288 1094 3329 vero
1122 3290 1340 3333 omnem
1383 3290 1624 3336 nostram
1690 3284 2035 3355 iniquitatem

2151 3279 2302 3350 ἡμῶν
2328 3280 2743 3337 ἐπισκοπεῖσθαι
2772 3282 2924 3353 παρὰ
2944 3282 3081 3337 Θεοῦ
3102 3284 3203 3356 τὴν
3234 3286 3453 3341 κακίαν.

461 3369 492 3408 a
517 3354 628 3410 Deo
661 3358 877 3428 inspici.

534 3446 605 3500 Et
638 3451 1060 3517 supervindemia
1095 3471 1205 3510 eos.
1238 3456 1776 3528 Supervindemiare,
1807 3479 1890 3520 est
1914 3477 2041 3536 post

456 3536 788 3593 vindemiam
853 3542 1063 3599 modica
1123 3561 1246 3617 quae
1307 3549 1494 3604 relicta
1558 3564 1687 3607 sunt
1737 3555 2032 3625 colligere:

456 3627 601 3692 quod
655 3623 861 3689 faciunt
906 3645 1191 3702 pauperes.
1237 3634 1391 3694 Sicut
1434 3639 1620 3708 igitur,
1656 3623 1892 3713 quando
1927 3646 2033 3701 mei

455 3713 768 3786 diligentem
813 3734 1001 3779 curam
1042 3724 1292 3793 gerebas,
1336 3729 1587 3797 palmites
1634 3747 1789 3787 meos
1834 3749 2028 3791 omnes

429 3819 633 3878 usque
678 3813 745 3866 ad
793 3814 1053 3869 minimos
1115 3821 1490 3890 expurgahas,
1536 3838 1701 3892 prava
1749 3827 2031 3892 excideris,

453 3900 708 3957 auferens
754 3919 912 3961 uvam
964 3906 1105 3963 fellis
1153 3917 1209 3963 et
1253 3911 1444 3968 botros
1491 3916 1903 3983 amaritudinis;
1957 3916 2029 3972 ita

456 4004 606 4045 meos
634 4006 851 4059 quoque
888 3995 1230 4057 adversarios
1264 4015 1479 4057 racema
1521 4022 1533 4056 :
1577 4003 1681 4058 hoc
1713 4005 1858 4058 enim
1892 4006 2027 4060 mihi

456 4079 587 4134 utile
618 4090 723 4147 est,
754 4082 824 4146 si,
851 4094 1139 4157 postquam
1179 4089 1281 4160 ipsi
1308 4091 1548 4160 perfecte
1578 4095 1773 4149 salvati
1800 4093 2025 4165 fuerint,

447 4185 549 4242 ego
593 4173 759 4227 etiam
809 4176 1110 4232 secundum
1154 4189 1338 4249 tuum,
1386 4201 1421 4237 o
1454 4182 1703 4251 Domine,
1750 4186 2022 4256 judicium

2209 3463 2322 3517 Καὶ
2376 3463 2784 3533 ἐπιφύλλισον
2834 3466 3061 3534 αὐτοῖς.
3130 3468 3507 3537 Ἐπιφυλλίσαι
3553 3469 3611 3523 δὲ
3661 3472 3723 3529 τὸ

2140 3555 2280 3624 μετὰ
2313 3556 2583 3626 τρυγητὸν
2609 3558 2677 3611 τὰ
2705 3559 2914 3629 βραχέα
2951 3559 3060 3612 τῶν
3088 3559 3556 3627 καταλειφθέντων
3595 3562 3720 3615 ἑπι-

2134 3646 2365 3714 τρυγᾷν,
2394 3646 2531 3717 ὅπερ
2574 3647 2817 3702 ποιοῦσιν
2860 3650 2910 3701 οἱ
2939 3650 3190 3718 πένητες.
3234 3649 3441 3719 Ὥσπερ
3468 3644 3595 3714 οὖν,
3626 3650 3717 3703 ὅτε

2138 3737 2240 3807 μὲν
2288 3738 2619 3802 ὲπεσκόπεις
2670 3739 2973 3810 ἐπιμελῶς,
3029 3739 3320 3810 ὲκάθαιρες
3364 3740 3434 3792 τὰ
3464 3739 3719 3810 κλήματά

2137 3844 2239 3899 μου
2294 3828 2472 3881 πάντα
2523 3828 2595 3882 τὰ
2651 3831 2872 3902 χείρονα
2923 3831 3086 3902 μέχρι
3138 3829 3247 3883 τῶν
3303 3831 3715 3900 σμικροτάτων,

2133 3919 2433 3990 περιαίρων
2462 3919 2563 3989 τὴν
2593 3920 2871 3992 σταφυλὴν
2909 3922 3009 3992 τῆς
3040 3921 3203 3992 χολῆς
3234 3920 3330 3974 καὶ
3359 3922 3487 3983 τοὺς
3519 3921 3715 3991 βότρυς

2131 4010 2234 4080 τῆς
2267 4009 2513 4082 πικρίας,
2539 4011 2683 4065 οὕτω
2713 4014 2841 4075 τοὺς
2868 4013 3037 4082 ἐμοὺς
3068 4012 3297 4083 ἐχθροὺς
3326 4012 3675 4080 ἑπιφὺλλισον
3693 4029 3708 4042 ο

2130 4101 2288 4155 τοῦτο
2325 4102 2436 4172 γάρ
2468 4118 2560 4173 μοι
2606 4102 2912 4166 λυσιτελὲς,
2946 4102 3083 4170 εἴγε
3107 4101 3224 4170 μετ’
3267 4101 3464 4164 αὐτοὺς
3491 4100 3711 4165 τελείως

2131 4191 2408 4255 σωθέντας
2453 4190 2610 4261 κάγὼ
2660 4194 2799 4246 κατὰ
2849 4191 2949 4262 τὴν
2994 4192 3133 4261 σὴν,
3175 4185 3223 4244 ὧ
3267 4191 3463 4263 Κύριε,
3496 4190 3709 4260 κρίσιν,

447 4264 679 4319 salutem
718 4280 1000 4336 assequar.
1042 4267 1154 4326 Hos
1182 4286 1283 4342 ego
1309 4274 1496 4333 videns
1536 4277 1888 4333 vehementer
1924 4280 2024 4333 do-

2151 4280 2383 4354 τεύξομαι
2410 4283 2681 4354 σωτηρίας
2699 4300 2713 4315 ο
2739 4283 2830 4347 οὓς
2856 4284 3040 4354 ὁρῶσα
3070 4283 3379 4354 λελύπημαί
3396 4300 3457 4337 τε
3478 4284 3706 4355 σφόδρα,

449 4354 563 4418 leo,
611 4368 806 4423 meque
845 4357 1023 4431 ipsum
1071 4360 1398 4430 ctmdetuno,
1432 4365 1827 4444 inspectionem
1872 4380 2021 4429 tuam

2151 4374 2224 4429 ιαὶ
2256 4376 2532 4444 κατέγνων
2561 4377 2826 4448 ἐμαυτῆς,
2860 4376 2963 4452 τῆς
2982 4375 3286 4446 ἐπισκοπῆς
3311 4377 3409 4447 τῆς
3427 4376 3579 4445 παρὰ
3609 4354 3706 4428 σοῦ

448 4441 768 4516 implorans.

1047 4537 1278 4597 CAPUT
1342 4543 1408 4598 11.

522 4622 671 4679 Vers.
710 4626 765 4680 ὅ.
808 4628 1075 4702 Confregit
1107 4633 1164 4686 in
1201 4636 1285 4688 ira
1314 4636 1515 4704 furoris
1548 4640 1632 4693 sui
1660 4656 1815 4696 omne
1849 4658 2016 4697 cornu

449 4714 639 4769 Israel.
670 4713 859 4772 Simile
881 4728 964 4774 est
984 4720 1300 4778 Davidicum
1329 4724 1460 4781 illud
1487 4728 1563 4779 ’τε
1596 4727 1791 4783 Omnia
1817 4746 2019 4786 cornua

2054 4493 2100 4551 Ι)
2127 4465 2355 4538 δεομένη
2368 4502 2381 4516 .

2924 4598 2938 4611 .
2978 4558 3043 4610 Β.

2782 4559 2938 4613 ΚΕΦ.
2978 4559 3043 4610 Β.

2198 4645 2590 4701 Συνέκλασεν
2633 4647 2705 4700 ἐν
2731 4646 2882 4717 ὁρτῇ
2924 4648 3115 4715 θυμοῦ
3148 4648 3335 4703 αὑτοῦ
3364 4649 3491 4705 πᾶν
3522 4650 3702 4717 κέρας

2137 4736 2402 4804 Ἰσραήλ.
2447 4738 2672 4807 Ὅμοιον
2714 4737 2867 4809 παρὰ
2908 4739 3071 4795 Δαυτδ
3099 4739 3191 4792 τόο
3241 4739 3446 4794 Πάντα
3488 4740 3562 4795 τὰ
3606 4739 3701 4794 κέ-

424 4800 778 4880 peccatorum
809 4812 1125 4883 confringet.
1172 4814 1425 4887 lntclligit
1461 4827 1641 4874 autem
1683 4837 1831 4879 nunc
1869 4826 2019 4894 prin-

2151 4800 2268 4879 aria
2285 4800 2405 4879 τῶν
2424 4800 3166 4895 ’συνθλάσει
3188 4828 3349 4897 Λέγει
3371 4830 3429 4883 δὲ
3455 4828 3552 4882 νῦν
3570 4828 3699 4892 τοὺς

439 4897 618 4968 i-ipcs,
673 4899 728 4954 in
777 4902 979 4971 quibus
1029 4906 1209 4975 gentis
1260 4907 1431 4961 robur
1479 4909 1731 4966 consistit
1775 4913 1918 4970 sicut
1961 4916 2015 4969 in

2151 4914 2409 4984 ὲρχοντας,
2442 4917 2505 4970 ὲν
2528 4914 2611 4981 οἷς
2634 4919 2668 4989 ἠ
2694 4916 2790 4974 τοῦ
2823 4919 3008 4983 ἔθνους
3035 4922 3187 4991 ἰσχὺς
3214 4921 3472 4991 καθάπερ
3496 4922 3556 4975 ιν
3585 4922 3698 4983 τοῖς

441 4990 742 5059 cornigeris
771 4993 1131 5060 animalibus;
1155 5004 1210 5049 et
1229 4995 1357 5065 quia
1382 5000 1736 5066 pmeminent
1764 5019 2012 5077 corpore,

2151 5009 2479 5081 ερασφόροις
2500 5010 2607 5064 τῶν
2639 5011 2793 5075 ζώων
2812 5030 2826 5043 υ
2858 5013 2952 5067 καὶ
2972 5013 3106 5067 διότι
3135 5013 3228 5066 τοῦ
3254 5014 3500 5086 σώματος
3521 5013 3696 5086 ἔξοχοι

437 5081 581 5136 sicut
630 5083 891 5151 primates
938 5084 1197 5139 subditis.
1251 5085 1441 5144 Daniel
1490 5106 1710 5161 quoque
1752 5098 2013 5154 cornibus

2151 5100 2257 5155 ατὰ
2300 5100 2411 5157 τῶν.
2436 5102 2694 5173 ὑπηκόων
2726 5104 2777 5157 οἱ
2805 5103 3085 5176 ἄρχοντες.
3128 5107 3239 5160 Καὶ
3277 5081 3477 5179 Δανιὴλ
3505 5106 3562 5160 δὲ

436 5188 599 5242 regna
638 5173 977 5245 comparavit
1006 5173 1070 5227 “.
1103 5172 1386 5245 Signiﬁcat
1413 5188 1469 5234 et
1490 5195 1663 5236 cornu
1706 5187 2013 5254 superioris

2151 5191 2393 5253 ασιλείας
2422 5172 2689 5248 ἀπείκασε
2712 5172 2928 5267 κέρασι.
2961 5197 3124 5268 Δηλοί
3146 5198 3203 5251 δε
3235 5199 3330 5252 καὶ
3359 5172 3457 5269 τὴν
3491 5200 3691 5270 ὑπερο-

435 5264 631 5316 animze
677 5262 847 5331 partis
896 5261 1123 5329 fastum,
1174 5274 1234 5321 ut
1276 5283 1402 5323 cum
1449 5271 1653 5326 dicitur
1678 5276 1720 5309 “
1767 5291 1780 5326 :
1829 5275 2010 5332 Nolite

2157 5284 2240 5338 ίαν
2269 5284 2363 5338 τοῦ
2398 5286 2727 5356 ἡγεμονικοῦ
2755 5261 2817 5340 τί)
2849 5261 3037 5358 κέρας,
3067 5288 3143 5351 ὡς
3164 5290 3223 5342 ὲν
3254 5288 3331 5358 τῷ
3347 5307 3359 5318 ·
3396 5261 3494 5358 dli;
3523 5261 3692 5345 ἐπαί-

428 5352 681 5406 extollm
725 5353 782 5405 in
819 5353 987 5407 altum
1033 5372 1194 5411 cornu
1236 5371 1485 5416 oestrum.
1532 5363 1797 5422 Avertens
1841 5368 2007 5434 igitur

2151 5391 2242 5429 ets
2289 5378 2373 5443 είς
2620 5376 2687 5430 τὸ
2727 5352 3136 5448 “meper.
3185 5352 3553 5452 Ἀποστρέᾴίας
3597 5376 3691 5435 οὖν

432 5454 729 5499 retrorsum
795 5446 1091 5501 salvantem
1159 5466 1422 5518 manum,
1486 5455 1616 5511 fecit
1664 5458 1788 5512 illos
1842 5459 2003 5516 facile

2151 5464 2273 5519 ὑτοῦ
2304 5467 2403 5537 τὴν
2430 5466 2707 5532 σώζουσαν
2740 5471 2916 5539 χεῖρα,
2942 5446 3053 5532 τοῖς
3081 5468 3358 5539 πολεμίοις
3386 5446 3688 5535 εὐαλώτους

429 5540 818 5608 expugnabiles
866 5542 1149 5610 hostibus,
1197 5565 1338 5619 quos
1384 5559 1439 5605 et
1483 5551 1758 5609 flammam
1820 5557 2002 5611 omnia

2151 5558 2385 5629 ποίησεν,
2416 5557 2510 5622 οὓς
2544 5558 2609 5629 δὴ
2643 5560 2738 5613 καὶ⁵
2770 5559 2941 5629 φλόγα
2987 5560 3163 5614 πάντα
3201 5560 3527 5615 δαπανῶσαν
3556 5559 3685 5619 ἑκά·

521 5712 563 5749 "
605 5713 758 5775 Rom.
798 5733 916 5785 xm,
953 5719 1038 5778 ιο.
1119 5724 1160 5755 ¹⁸
1197 5727 1332 5788 Gen,
1368 5744 1514 5794 sus,
1546 5728 1631 5785 {0.
1714 5733 1754 5763 ”
1781 5731 1925 5795 Psal.
1961 5751 2143 5800 Lxxiv,
2176 5736 2258 5791 lt.
2377 5735 2420 5768 "
2446 5737 2578 5792 Dan.
2613 5753 2728 5806 nu,
2759 5739 2811 5793 5.
2896 5741 2936 5773 ¹⁹
2962 5741 3105 5798 Psal.
3138 5758 3321 5813 anv,
3353 5742 3409 5799 ε.
3520 5766 3525 5773 ι
