4140 6446
379 398 487 459 853

1612 380 1916 441 SELECTA
1954 375 2024 434 ΚΝ
2056 376 2401 433 TIIBENOS.

3526 370 3634 427 634

383 521 556 572 λεσεν.
583 516 771 577 Εἴποις
815 512 859 566 δ’
892 512 960 567 ἂν
1004 509 1102 565 καὶ
1145 509 1261 565 πᾶν
1286 505 1487 576 ὑψηλὸν
1533 503 1712 575 νόημα
1756 501 1923 571 κέρας
1942 538 1955 562 ,

2064 495 2412 549 devorantem
2443 490 2681 562 appellm
2694 489 2752 543 it.
2789 489 2995 545 Dixeris
3020 489 3182 547 etiam
3210 504 3377 546 cornu
3410 504 3631 546 onmem

387 611 482 664 καὶ
515 608 628 678 πῦρ
659 607 727 659 τὰ
743 602 900 671 πάθη
928 602 1039 670 τῆς
1056 600 1312 669 ἀτιμίας,
1345 592 1424 661 οἷς
1444 599 1473 651 ὁ
1490 592 1825 666 πλημμελῶν
1842 608 1956 645 πα-

391 702 681 774 ραδίδοται,
726 699 906 750 πᾶσαν
929 695 1030 765 τὴν
1058 692 1358 746 κυκλοῦσαν
1375 688 1646 750 ἀπολέσας
1684 684 1956 756 βοήθειαν,

389 771 531 844 κατά
560 789 653 841 τόο
682 783 1053 854 Παρεμϐαλεῖ
1083 781 1338 851 ἅγγελος
1361 779 1580 847 Κυρίου
1612 776 1817 841 κύκλῳ
1842 771 1961 826 τῶν

388 878 778 950 φοϐουμένων
801 875 1004 929 αὐτόν.

473 967 756 1022 Ἑνέτεινε
780 965 963 1029 τόξον
987 961 1195 1026 αὐτοῦ,
1227 961 1311 1026 ὡς
1336 957 1567 1028 ἐχθρός.
1607 954 1719 1008 Καὶ
1753 952 1863 1023 γάρ
1899 952 1959 1003 ὲν

388 1058 468 1130 τῷ
490 1057 605 1129 ναῷ
632 1057 731 1119 τὰς
776 1054 990 1125 σφαγάς
1024 1052 1331 1123 ἐτόλμησαν
1369 1050 1419 1100 οἱ
1467 1046 1710 1116 πολέμιοι
1751 1059 1961 1112 συγχω-

393 1149 606 1222 ροῦντος
641 1145 738 1203 τοῦ
768 1145 924 1200 Θεοῦ.
960 1142 1155 1206 Καλῶς
1177 1142 1235 1194 δὲ
1261 1141 1351 1205 τὸ,
1374 1139 1456 1204 ὠς
1484 1136 1690 1205 ἐχθρός
1718 1151 1732 1165 ο
1762 1134 1823 1186 οὐ
1853 1132 1961 1202 γὰρ

386 1239 686 1312 ἐχθραίνων
714 1237 930 1300 κολάζει
958 1236 988 1288 ὁ
1018 1234 1170 1299 Θεὸς,
1199 1232 1311 1288 ἀλλ’
1333 1230 1612 1301 ὠφελῆσαι
1645 1226 1962 1298 βουλόμενος

389 1334 423 1403 ἢ
450 1334 580 1395 τοὺς
613 1331 922 1400 πάσχοντας
958 1327 992 1397 ἦ
1027 1327 1152 1389 τοὺς
1181 1324 1437 1398 ὁρῶντας.
1476 1319 1684 1391 Σκηνὴν
1717 1318 1776 1372 δὲ
1807 1315 1963 1370 καλεῖ

389 1424 480 1476 τὸν
509 1422 638 1477 ναὸν
663 1421 804 1475 κατά
826 1420 887 1474 τὸ
925 1418 986 1484 ἐξ
1015 1417 1191 1490 ἀρχῆς
1216 1416 1495 1485 άγίασμα,
1536 1414 1631 1466 καὶ
1678 1410 1830 1476 τόξον
1860 1408 1962 1480 τὴν

387 1513 767 1586 τιμωρητικὴν
810 1511 1037 1582 δύναμιν
1065 1510 1140 1573 ὼς
1174 1510 1233 1561 ὲν
1265 1505 1608 1573 Ἆϐϐακούμ’
1654 1501 1964 1556 Ἐντείνων

387 1604 646 1671 ἐντενεῖς
704 1602 770 1656 τὸ
813 1598 994 1667 τόξον
1033 1616 1150 1656 σου
1173 1598 1275 1653 ἐπὶ
1324 1598 1399 1651 τὰ
1436 1595 1714 1664 σκῆπτρα
1734 1632 1751 1658 ,
1799 1591 1962 1661 λέγει

384 1696 630 1763 Κύριος,
672 1693 772 1756 τὰς
816 1690 1196 1761 ἀντικειμένας
1248 1687 1489 1759 δηλονότι
1534 1685 1710 1755 ἀρχάς
1757 1700 1820 1736 τε
1868 1685 1963 1736 καὶ

355 1783 650 1848 εὲξουσίας.
716 1784 774 1838 '0
805 1782 936 1844 Υἱὸς
963 1782 1043 1846 δὲ,
1085 1777 1235 1843 δεξιά
1282 1778 1378 1831 τοῦ
1430 1776 1563 1829 Θεοῦ
1607 1776 1702 1828 καὶ
1747 1773 1961 1843 Πατρὺς

385 1870 877 1943 ὐπάρχων,σφόδρα
906 1865 1341 1938 κατηγωνίσατο,
1363 1861 1671 1923 καταλύσας
1694 1860 1789 1913 καὶ
1817 1858 1919 1912 ἀπε
1927 1874 1960 1928 ρ

385 1964 443 2014 ἐν
474 1958 588 2030 ναῷ
619 1959 752 2013 Θεοῦ
794 1958 1026 2029 ἔστησαν
1058 1955 1252 2009 εἴδωλα
1296 1952 1495 2024 (ταῦτα
1545 1949 1653 2020 γὰρ
1694 1947 1961 2017 ἐπιθυμή-

389 2067 537 2120 ματα
566 2048 860 2120 ὀφθαλμῶν
876 2046 919 2117 ),
947 2043 1272 2107 ἀποκτείνας
1297 2042 1418 2098 ἀντὶ
1447 2040 1554 2094 τῶν
1578 2038 1809 2092 εἰδώλων
1836 2037 1961 2099 τοὺς

389 2139 778 2209 ὲνοικήσαντας
800 2136 1079 2206 δαίμονας.

457 2229 855 2283 Κατεπόντισε
886 2225 1087 2291 πάσας
1133 2223 1240 2289 τὰς
1278 2221 1489 2290 βάρεις
1513 2218 1719 2275 αὐτοῦ.
1765 2218 1961 2289 Βάρεις

383 2321 483 2383 τάς
506 2320 681 2383 οἰκίας
715 2319 897 2391 φησὶν,
924 2318 1067 2388 άπερ
1089 2316 1413 2381 ,ϐασιλείας
1453 2312 1713 2378 ἐξέδωκεν
1751 2312 1779 2363 ὁ
1816 2310 1961 2380 Σύμ-

386 2426 575 2481 μαχος.
629 2406 1100 2477 Ἐπαναλαμὸάνει
1132 2405 1187 2457 δὲ
1218 2405 1344 2467 τοὺς
1382 2402 1632 2474 θρήνους,
1665 2401 1740 2465 ὡς
1771 2401 1837 2456 ἄν
1875 2418 1960 2464 τις

332 2542 337 2545 .
383 2499 475 2550 ἐπὶ
501 2497 685 2550 πένθει
713 2495 1044 2568 περιαλγῶν.
1067 2494 1237 2548 Πάλιν
1259 2493 1316 2546 δὲ
1343 2493 1634 2558 δείκνυσιν,
1667 2492 1742 2556 ὡς
1766 2510 1958 2546 ταπει-

382 2588 470 2641 νὸν
517 2587 773 2658 λογισμὸν
811 2586 905 2640 καὶ
946 2585 1204 2655 ταπεινὴν
1236 2583 1525 2653 ἀνείληφεν
1552 2583 1760 2637 ἔννοιαν
1779 2624 1794 2648 ,
1821 2583 1957 2636 καθ-

384 2678 710 2750 αιρεθέντων
759 2676 866 2729 τῶν
908 2676 983 2738 ὡς
1045 2674 1361 2745 οἰκημάτων
1419 2689 1479 2726 τε
1524 2673 1620 2727 καὶ
1653 2673 1958 2745 φρουρίων,

384 2769 635 2840 καθάπερ
687 2765 1036 2838 πληρούντων
1080 2765 1142 2818 τὸ
1188 2763 1542 2837 ἡγεμονικόν·
1603 2765 1795 2837 ἀρεταὶ
1860 2763 1960 2835 μὲν

384 2861 492 2933 γάρ
521 2859 594 2912 τὰ
629 2860 934 2931 οἰκήματα·
970 2857 1061 2909 ὑπ’
1091 2855 1269 2910 αὐτῶν
1304 2856 1413 2928 γάρ
1447 2855 1792 2927 σκεπόμεθαο
1832 2857 1958 2925 ὀχυ-

389 2951 618 3024 ρώματα
654 2948 714 3003 δὲ
764 2950 814 3001 oi
859 2947 1242 3019 ἀναντίρρητοι
1283 2946 1548 3018 λογισμοί.
1599 2946 1675 2999 Οὐ
1715 2945 1824 3018 γάρ
1864 2945 1959 2998 ἐπὶ

386 3039 642 3110 χειρόνων
673 3036 769 3092 νῦν
794 3039 828 3108 ἡ
861 3036 1178 3105 καθαίρεσις
1213 3036 1551 3107 ὑψωμάτων,
1585 3035 1959 3106 ἐπαιρομένων

392 3130 530 3183 κατά
555 3130 652 3200 τῆς
681 3126 932 3197 γνώσεως
957 3125 1053 3180 τοῦ
1098 3127 1233 3180 Θεοῦ
1255 3144 1269 3158 ’
1307 3127 1428 3180 οὐδὲ
1469 3127 1792 3198 ταπεινότης
1835 3126 1957 3179 καθ’

386 3219 452 3288 ἦν
483 3235 569 3281 τις
618 3216 874 3288 μανθάνει
920 3216 992 3269 τὰ
1039 3215 1376 3287 δικαιώματα
1419 3215 1515 3269 τοῦ
1560 3215 1725 3269 Θεοῦο
1783 3215 1957 3270 ταῦτα

386 3314 493 3387 γὰρ
507 3313 699 3384 χαρᾶς,
732 3310 844 3364 ἀλλ’
873 3310 934 3363 οὐ
964 3309 1161 3383 θρήνου
1194 3309 1437 3379 πέφυκεν
1463 3309 1608 3377 ἀξια.

455 3493 566 3548 Kal
587 3491 942 3547 διεπέτασεν
958 3492 1038 3559 ὠς
1056 3491 1326 3561 ἄμπελον
1351 3490 1417 3546 τὸ
1436 3489 1724 3561 σκήνωμα
1745 3491 1954 3547 αὐτοῦ.

384 3585 595 3655 Σκηνὴν
642 3583 742 3655 μὲν
786 3584 878 3637 τὸν
924 3584 1051 3637 ναὸν
1069 3618 1088 3646 ,
1134 3581 1377 3652 ἄμπελον
1404 3582 1461 3634 δὲ
1516 3582 1615 3635 καὶ
1659 3583 1958 3653 ἀμπελῶνα

381 3674 529 3743 λέγει
557 3674 649 3729 τὸν
683 3675 898 3746 Ἰσραὴλ
928 3673 1072 3728 κατά
1090 3675 1186 3730 ’τόο
1223 3675 1522 3743 Ἄμπελον
1551 3673 1621 3738 ἐξ
1652 3675 1956 3745 Αἰγύπτου

377 3765 660 3835 μετῆρας,
696 3764 849 3836 παρά
882 3764 1044 3817 Δαυίδ
1063 3781 1076 3795 ·
1113 3765 1227 3827 καὶ,
1273 3763 1570 3832 Ἄμπελὼν
1590 3765 1842 3833 ἐγενήθη
1875 3763 1957 3830 τῷ

379 3856 772 3925 ἠγαπημένῳ,
821 3854 973 3928 ποιρά
1011 3854 1230 3924 Ἡσαΐᾳ.
1276 3854 1387 3907 Καὶ
1439 3854 1603 3908 Δαυὶδ
1651 3855 1750 3924 μὲν
1792 3851 1951 3908 εἶπεν

383 3948 517 4000 Ἵνα
568 3947 627 4000 τί
678 3946 949 4012 καθεῖλες
996 3946 1106 3999 τὸν
1163 3945 1437 4015 φραγμὸν
1465 3944 1697 4014 αὺτῆςί
1743 3945 1839 4000 καὶ
1886 3945 1956 4000 τά

377 4035 507 4105 ἑξῆς
525 4054 538 4067 ·
579 4039 609 4090 ὁ
638 4037 697 4092 δὲ
747 4037 977 4100 Ἡσαΐας
994 4054 1009 4068 ν
1055 4038 1347 4107 Ἀφείλετο
1392 4036 1501 4091 τὸν
1529 4036 1804 4107 φραγμὸν
1848 4038 1956 4092 αὑ-

378 4127 507 4189 τοῦ,
538 4128 632 4181 καὶ
657 4127 726 4181 τά
755 4128 848 4181 ὲπὶ
874 4127 1068 4198 τούτῳ.
1099 4128 1285 4182 Ταῦτα
1319 4128 1414 4182 καὶ
1439 4130 1470 4181 ὁ
1498 4127 1689 4199 παρὼν
1714 4126 1953 4198 ἐδήλωσε

377 4218 605 4289 θρῆνος
638 4218 922 4283 συστείλας
952 4218 1147 4273 ἑαυτοῦ
1184 4220 1282 4291 τὴν
1327 4218 1571 4292 φρουράν
1603 4220 1633 4272 ὁ
1669 4217 1802 4281 Θεὸς
1839 4220 1953 4282 τοίς

377 4309 1019 4381 πολεμίοις-παρέδωκεν,
1050 4310 1233 4364 οὐκέτι
1268 4311 1472 4378 κύκλῳ
1503 4309 1690 4365 αὑτοῦ
1727 4325 1950 4380 παρεμ-

375 4400 707 4466 ϐάλλοντος
729 4400 1009 4470 ἀγγέλου,
1031 4400 1118 4454 διὰ
1144 4401 1207 4454 τὸ
1241 4402 1315 4473 μὴ
1342 4401 1622 4471 φοϐεῖσθαι
1668 4401 1758 4456 τὸν
1796 4402 1946 4455 Θεόν.

2063 585 2351 640 sublimem
2387 589 2701 648 sensum,et
2730 580 2907 650 ignem
2946 581 3215 649 passiones
3239 583 3542 650 ignominia:
3562 581 3632 649 ",

2059 675 2261 746 quibus
2308 684 2558 745 peccator
2607 672 2861 737 traditur,
2927 670 3133 725 amisso
3181 674 3331 727 οιιιιιί
3389 673 3629 729 circum-

2062 771 2296 825 vallante
2342 770 2578 832 auxilio,
2619 768 2777 838 juxta
2811 766 2941 821 illud
2969 765 3054 819 ἰε
3110 763 3369 818 Imminet
3414 762 3631 832 angelus

2059 861 2278 916 Domini
2310 863 2365 915 in
2401 861 2626 915 circuitu
2669 858 2967 913 timentium
2999 855 3170 909 illum.

2129 952 2295 1023 336
2333 950 2487 1007 Vers.
2517 953 2573 1005 4.
2617 949 2856 1005 Tetendit
2887 962 3068 1001 arcum
3096 961 3252 998 suum
3273 944 3428 1015 quasi
3454 944 3632 997 inimi-

2058 1059 2174 1097 cus.
2244 1041 2459 1096 Etenim
2506 1042 2693 1096 hostes
2756 1039 2810 1093 in
2851 1037 3083 1108 templo,
3123 1033 3235 1090 Deo
3268 1033 3631 1104 permittente,

2061 1134 2237 1190 caedes
2281 1132 2462 1187 facere
2521 1133 2643 1188 ausi
2685 1140 2835 1187 sunt.
2885 1129 3054 1184 Recte
3109 1140 3240 1180 vero
3285 1125 3490 1181 dictum
3527 1135 3630 1188 est.

2058 1224 2213 1294 quasi
2239 1225 2521 1287 inimicus;
2552 1238 2660 1277 non
2689 1222 2834 1279 enim
2866 1218 3181 1275 inimicitias
3205 1229 3466 1272 exercens
3493 1212 3634 1269 Deus

2062 1316 2250 1384 punit,
2291 1315 2384 1369 sed
2427 1314 2687 1384 prodesse
2734 1312 2923 1367 volens
2962 1309 3045 1364 vel
3081 1308 3147 1362 iis
3196 1307 3292 1376 qui
3326 1304 3631 1373 patiuntur,

2059 1406 2144 1459 vel
2189 1406 2255 1460 iis
2287 1406 2378 1475 qui
2419 1405 2620 1458 vident.
2686 1402 3119 1459 Tabernaculum
3164 1414 3328 1470 porro
3371 1394 3630 1464 templum

2061 1504 2218 1550 vocat
2245 1502 2463 1565 propter
2488 1496 2770 1564 antiquunm
2813 1492 3182 1548 sanctuarium
3207 1508 3223 1557 ;
3278 1503 3465 1543 arcum
3496 1501 3635 1565 quo-

2060 1598 2167 1654 que
2207 1559 2313 1636 vim
2347 1559 2642 1645 ultricem,
2681 1590 2740 1634 ut
2783 1581 2837 1637 in
2882 1581 3120 1635 Aliarum
3159 1576 3356 1646 legitur
3396 1572 3474 1623 ":
3521 1559 3634 1623 Ex-

2061 1673 2275 1728 tendens
2319 1681 2562 1727 extendes
2605 1688 2789 1727 arcum
2829 1681 2977 1724 tuum
3017 1670 3073 1721 iu
3105 1677 3331 1734 sceptra,
3366 1663 3498 1716 dicit
3529 1659 3635 1715 Do-

2064 1767 2257 1831 minus,
2285 1766 2627 1821 adversarios
2652 1765 2858 1821 scilicet
2878 1762 3212 1834 principatus
3237 1767 3292 1812 et
3316 1762 3632 1826 potestates.

1994 1841 2032 1894 Β
2062 1859 2234 1915 Filius
2264 1868 2470 1926 autem,
2515 1859 2608 1924 qui
2662 1856 2884 1913 dextera
2915 1854 3008 1909 Dei
3038 1851 3215 1907 Patris
3257 1857 3362 1911 est,
3417 1845 3632 1901 fortiter

2061 1951 2291 2017 devicit,
2330 1950 2624 2005 destructis
2662 1948 2827 2006 etiam
2864 1945 3024 2001 idolis
3052 1958 3174 2014 quae
3201 1941 3255 1995 in
3284 1939 3482 2008 templo
3510 1950 3632 1991 cre-

2061 2051 2147 2096 cta
2177 2051 2335 2096 erant
2378 2043 2517 2113 (hzec
2550 2040 2695 2097 enim
2727 2047 2856 2096 sunt
2883 2034 3264 2092 desiderabilia
3299 2028 3630 2099 oculorum),

2062 2148 2159 2203 pro
2194 2133 2357 2188 idolis
2384 2131 2640 2187 occidens
2669 2128 3041 2185 inhabitantes
3077 2127 3371 2179 dit-itiones.

2134 2221 2286 2278 Vers.
2325 2223 2380 2277 5.
2420 2221 2708 2276 Absorbuit
2742 2236 2918 2274 omnes
2953 2228 3126 2271 turres
3153 2215 3289 2284 ejus.
3318 2213 3422 2268 Per
3453 2219 3632 2265 turres

2059 2316 2255 2371 domos
2287 2314 2565 2383 intelligit;
2591 2312 2955 2383 Symmachus
2994 2307 3201 2378 palatia
3242 2305 3633 2372 interpretatus

2059 2414 2163 2461 est.
2198 2404 2410 2475 Repetit
2436 2413 2617 2458 autem
2646 2403 2903 2467 lamenta,
2936 2408 2994 2454 ut
3020 2398 3113 2468 qui
3142 2398 3196 2451 in
3221 2395 3367 2448 luctu
3397 2391 3634 2447 niaxime

2059 2497 2226 2552 dolet.
2258 2495 2470 2550 Rursus
2510 2492 2749 2548 ostendit
2785 2507 2843 2546 se
2874 2490 3134 2544 humilem
3184 2498 3408 2541 sensum
3446 2489 3502 2537 ct
3535 2495 3633 2535 σου

2060 2588 2377 2659 gitationem
2426 2586 2688 2640 humilem
2743 2583 3081 2650 suscepisse,
3128 2575 3423 2633 destructis
3469 2570 3632 2642 quasi

2061 2672 2491 2728 habitationibus
2541 2680 2597 2726 et
2643 2668 3064 2733 munitionibus,
3116 2665 3318 2736 quibus
3366 2661 3634 2731 quodam-

2059 2764 2227 2819 modo
2255 2763 2514 2833 impletur
2537 2762 2789 2831 princeps
2820 2759 3016 2814 animae
3045 2771 3192 2827 pars.
3216 2753 3457 2808 Virtutes
3485 2749 3631 2805 enim

2060 2864 2191 2912 sunt
2227 2854 2622 2916 habitationes,
2670 2851 2779 2907 illis
2808 2850 2952 2904 enim
2999 2849 3263 2918 tegimur;
3297 2841 3633 2898 munitiones

2058 2961 2190 3002 vero
2258 2944 2703 3001 ratiocinationes
2764 2941 2966 3011 quibus
3026 2937 3206 2994 resisti
3265 2950 3373 2990 non
3430 2939 3629 3002 potest.

2058 3036 2177 3092 Non
2204 3037 2350 3092 enim
2381 3035 2437 3089 in
2463 3034 2661 3088 malam
2690 3039 2897 3102 partem
2930 3028 3018 3083 hic
3043 3025 3311 3095 accipitur
3332 3019 3632 3077 destructio

2061 3128 2408 3184 altitudinum
2476 3124 2849 3180 extollendum
2910 3136 2970 3176 se
3027 3119 3293 3174 adversus
3344 3111 3631 3170 scientiam

2061 3220 2254 3285 Dei“;
2294 3233 2394 3273 nec
2443 3215 2763 3286 intelligitur
2813 3209 3142 3270 humiliatio.
3185 3218 3276 3278 per
3313 3221 3477 3276 quam
3504 3205 3630 3276 quis

2061 3313 2154 3368 Dei
2196 3311 2615 3383 iustiﬁcationes
2665 3304 2898 3363 addiscit
2921 3307 2990 3357 ⁸⁵.
3062 3299 3190 3356 Ησιο
3235 3299 3381 3355 enim
3430 3297 3630 3368 gaudio

2061 3413 2212 3470 sum,
2247 3418 2354 3458 non
2385 3402 2533 3457 luctu
2563 3399 2748 3470 digna.

2135 3497 2289 3551 Vers.
2325 3493 2380 3548 6.
2423 3492 2492 3547 Et
2524 3490 2777 3561 expandit
2825 3489 2978 3558 quasi
3024 3489 3181 3542 vitem
3229 3481 3630 3539 tabernaculum

2058 3600 2238 3638 suum.-
2268 3582 2704 3638 Tahernaculu‘m
2737 3579 2955 3649 quidem
2989 3577 3272 3645 templum,
3304 3574 3469 3628 vitem
3500 3579 3629 3624 vero

2059 3689 2126 3727 ac
2149 3674 2361 3727 vineam
2392 3669 2645 3726 lsraelem
2678 3675 2854 3730 vocat,
2876 3664 3031 3733 juxta
3067 3662 3196 3716 illud
3223 3658 3535 3713 Davidicum
3560 3656 3627 3707 ἰι

2068 3765 2285 3819 Vineam
2331 3777 2399 3816 ea:
2422 3760 2656 3830 zEgypIo
2701 3756 3029 3827 asportasti;
3066 3764 3120 3807 et
3157 3750 3299 3819 apud
3332 3749 3526 3805 lsaiam
3549 3747 3626 3801 ὀς

2065 3854 2231 3908 Vinea
2264 3853 2411 3921 facta
2442 3859 2518 3904 est
2549 3848 2764 3902 dilecto.
2800 3845 2867 3898 Et
2892 3843 3060 3897 David
3090 3840 3309 3910 quidem
3345 3837 3529 3893 subdit
3551 3834 3625 3889 ":

2056 3945 2129 4000 Ut
2156 3942 2291 4014 quid
2309 3940 2624 3995 destruxisti
2665 3952 2835 4005 sepem
2866 3932 3020 4002 ejus?
3051 3939 3110 3986 et
3140 3944 3263 3999 quae
3293 3934 3628 3997 sequuntur;

2053 4036 2225 4091 lsaias
2254 4045 2383 4086 vero
2403 4031 2449 4063 ⁸⁸
2476 4048 2492 4084 :
2519 4027 2749 4084 Abstulit
2783 4038 2954 4096 sepem
2980 4023 3116 4092 ejus,
3153 4030 3208 4077 et
3233 4034 3357 4089 qua:
3385 4032 3629 4085 sequen-

2052 4138 2164 4184 tur.
2236 4123 2362 4180 l'lzec
2397 4123 2565 4179 etiam
2634 4133 2875 4190 praesens
2950 4113 3266 4170 lamentatio
3325 4109 3626 4167 denotavit.

2054 4219 2226 4283 Deus,
2268 4214 2518 4272 custodia
2575 4226 2676 4267 sua
2723 4216 3034 4269 contracta,
3083 4204 3333 4259 hostibus
3383 4199 3625 4264 tradidit,

2053 4326 2164 4365 non
2197 4307 2433 4378 amplius
2473 4306 2531 4358 in
2572 4302 2797 4357 circuitu
2843 4298 2959 4367 ejus
2980 4295 3166 4367 angelo
3218 4292 3534 4353 imminente
3555 4288 3625 4355 ”,

2051 4416 2120 4456 eo
2151 4399 2299 4469 quod
2335 4396 2507 4451 Deum
2548 4409 2661 4448 non
2705 4392 2940 4447 timeret.
2975 4386 3244 4456 Tempora
3289 4396 3507 4452 quoque
3538 4394 3627 4434 se-

378 4492 707 4563 Κατήργησε
756 4491 813 4545 δὲ
857 4492 951 4546 καὶ
1005 4492 1131 4556 τοὺς
1180 4472 1323 4546 κατὰ
1367 4493 1530 4564 νόμον
1578 4494 1659 4557 είς
1698 4492 1951 4564 λατρείαν

2056 4491 2297 4548 cundum
2338 4489 2513 4558 legem
2557 4485 2625 4540 ad
2650 4483 2858 4539 cultum
2898 4479 3168 4536 destinata
3203 4474 3357 4530 irrita
3391 4472 3538 4536 fecit,
3566 4479 3631 4526 ut

377 4585 622 4656 καιροὺς,
649 4584 726 4648 ὡς
747 4585 807 4639 ὲν
852 4585 1054 4657 Ἡσαΐᾳ
1079 4584 1241 4655 φησί·
1270 4585 1573 4652 Νηστείαν
1602 4585 1700 4639 καί
1738 4586 1953 4654 ἀργίαν

2058 4585 2113 4638 in
2142 4581 2278 4636 Isaia
2309 4580 2509 4650 legitur
2533 4579 2579 4611 ³ο
2610 4594 2625 4630 :
2653 4575 2950 4645 Jejuuium,
2987 4582 3040 4627 et
3076 4572 3265 4635 otium,
3289 4576 3340 4623 et
3377 4566 3627 4625 solemni-

376 4673 479 4728 καὶ
523 4674 632 4741 τὰς
670 4675 880 4744 ἑορτὰς
917 4674 1088 4746 ὑμῶν
1124 4676 1290 4745 μισεῖ
1333 4677 1371 4744 ἡ
1424 4676 1594 4746 ψυχή
1619 4694 1767 4746 μου·
1812 4679 1950 4749 ὅπερ

378 4764 549 4835 λήθην
596 4766 853 4821 ἐκάλεσεν
876 4808 892 4832 ,
941 4768 1057 4821 ἀλλ’
1088 4768 1187 4838 οὐιχ
1232 4768 1308 4830 ὡς
1363 4768 1534 4833 πάθος
1588 4770 1943 4842 ἀνθρώπινον.

378 4855 671 4924 Παρώξυνε
695 4856 754 4911 δὲ
780 4858 1002 4928 βασιλέα
1031 4860 1125 4915 καὶ⁹
1157 4859 1309 4928 ἱερέα
1348 4859 1811 4927 ἀγανακτοῦντας,
1840 4862 1945 4927 ὅτι,

377 4946 535 5017 μερὶς
578 4945 730 5011 ὄντες
771 4947 907 5004 Θεοῦ
930 4988 948 5012 ,
1002 4948 1224 5005 τοιαῦτα
1273 4952 1405 5022 παρ’
1436 4951 1775 5006 ἀσεϐούντων
1822 4952 1948 5022 ὑφί-

379 5052 623 5091 στανται.

454 5120 755 5184 Ἀπώσατο
774 5131 988 5198 Κύριος
1013 5131 1441 5201 θυσιαστήριον
1466 5132 1673 5188 αὐτοῦ.
1701 5133 1783 5187 Τά
1807 5133 1947 5189 λειτ-

373 5219 607 5290 ουργικὰ
633 5221 915 5290 παρέδωκε
945 5222 1145 5293 σκεύη,
1196 5223 1393 5294 μηκέτι
1424 5226 1546 5286 ταῖς
1578 5227 1709 5295 παρ’
1730 5224 1944 5278 ἀσεϐῶν

373 5306 587 5371 θυσίαις
631 5308 1108 5382 εὐαρεστούμενος,
1134 5310 1274 5364 κατά
1304 5311 1367 5365 τό
1384 5328 1397 5341 ⁸
1459 5312 1947 5382 Ὁλοκαυτώματα

372 5396 575 5466 κριῶν,
608 5398 706 5452 καὶ
752 5400 936 5469 στέαρ
972 5401 1206 5469 ἀρνῶν,
1260 5404 1360 5457 καὶ
1395 5398 1540 5472 αἷμα
1573 5405 1802 5472 ταύρων
1842 5407 1943 5461 καί

375 5486 604 5556 τράγων
629 5491 701 5543 οὐ
729 5490 1049 5560 βούλομαι.
1080 5493 1368 5565 Παρέδωκε
1393 5494 1450 5549 δὲ
1491 5495 1579 5548 καὶ
1621 5495 1683 5547 τὸ
1723 5496 1943 5567 συνέχον

2044 4685 2197 4730 tates
2243 4681 2441 4726 uestras
2497 4670 2609 4724 odit
2684 4671 2864 4723 anima
2899 4683 3038 4729 mea,
3075 4667 3217 4734 quod
3263 4665 3353 4720 hic
3387 4661 3622 4719 oblivio-

2055 4783 2182 4823 nem
2210 4765 2443 4825 vocavit,
2471 4764 2565 4819 sed
2594 4779 2701 4818 non
2735 4772 2794 4817 ut
2820 4763 3119 4816 humanum
3164 4758 3443 4815 aﬂectum.
3495 4755 3625 4811 Irri-r

2055 4860 2189 4916 tavit
2236 4873 2455 4929 quoque
2499 4871 2685 4930 regem
2733 4867 2791 4911 et
2839 4854 3180 4911 sacerdotem
3238 4867 3386 4923 aegro
3435 4848 3623 4905 animo

2051 4953 2287 5009 ferentes
2307 4951 2476 5023 quod,
2495 4966 2621 5007 cum
2645 4948 2823 5021 portio
2844 4947 2941 5003 Dei
2964 4954 3170 5003 essent.
3192 4944 3322 4999 talia
3347 4942 3417 4998 ab
3439 4940 3623 5011 impiis

2052 5051 2385 5115 paterentur.

2123 5134 2278 5191 Vers.
2317 5134 2370 5190 7.
2409 5133 2621 5203 Repulit
2645 5131 2899 5187 Dominus
2924 5130 3096 5185 altare
3116 5143 3295 5184 sum.
3326 5124 3463 5181 Vasa
3497 5120 3620 5193 qui-

2051 5227 2153 5281 bus
2187 5223 2255 5279 ad
2285 5222 2647 5280 ministerium
2690 5237 2828 5292 opus
2858 5227 3006 5280 erat.
3039 5216 3280 5278 tradidit,
3324 5213 3617 5280 impiorum

2050 5314 2323 5372 sacriﬁcia
2367 5328 2656 5384 respuens,
2721 5312 3022 5369 secundum
3085 5304 3215 5359 illud
3241 5303 3281 5334 "
3309 5322 3324 5360 :
3351 5302 3616 5358 Holocau-

2051 5416 2255 5461 tomata
2286 5407 2538 5470 arietum,
2590 5414 2641 5459 et
2672 5404 2883 5472 adipem
2925 5415 3205 5471 agnorum,
3234 5405 3283 5450 et
3308 5392 3618 5464 sanguinem

2052 5510 2328 5554 taurorum
2355 5507 2404 5551 et
2426 5496 2697 5550 hircorum
2737 5495 2878 5549 nolo.
2912 5490 3159 5547 Tradidit
3189 5488 3350 5543 etiam
3395 5498 3614 5540 murum

446 5682 677 5759 "qu-
711 5701 748 5748 I,
778 5686 951 5759 26L:l
980 5687 1119 5742 Psal.
1150 5705 1343 5753 XXXIII,
1376 5691 1428 5746 8.
1491 5693 1537 5725 “
1562 5693 1758 5747 Hahae.
1792 5709 1876 5759 ιιι,
1906 5695 1958 5748 9.
2002 5695 2048 5727 ³³
2077 5693 2117 5748 ll
2138 5696 2262 5748 Cor.
2302 5710 2353 5753 ιι.
2380 5693 2431 5747 5.
2507 5693 2552 5724 ³⁵
2577 5690 2718 5746 Psal.
2749 5703 2937 5752 cxvm,
2968 5686 3079 5759 7|.
3135 5684 3345 5759 'f_Psal.
3379 5696 3585 5741 uxvut

521 5725 677 5737 ..ν-ι..
712 5725 748 5748 ι,
785 5725 869 5740 -v.
980 5725 996 5740 ι
1020 5725 1119 5742 δυσ.
1152 5725 1343 5753 anni”,
1376 5725 1428 5746 υ.
1562 5725 1758 5747 "auat.-
1795 5725 1876 5759 III,
1908 5725 1955 5748 υ.

374 5754 427 5809 ιι,
510 5752 556 5787 ⁸⁸
576 5751 685 5812 lsa.
712 5756 821 5820 v,l.
848 5757 892 5788 ⁸⁷
908 5755 1049 5812 Psal.
1083 5774 1267 5829 LXXIX,
1299 5761 1377 5817 l3.
1456 5762 1622 5820 "lsa.
1658 5780 1708 5829 ι’,
1743 5765 1795 5818 5.
1876 5762 1955 5816 ²⁹Ι

2077 5725 2117 5748 ιι
2139 5725 2262 5748 μυι.
2307 5725 2353 5753 ιι.
2380 5725 2431 5747 υ.
2578 5725 2594 5742 1
2619 5725 2718 5746 διιι.
2750 5725 2937 5752 nam",
2977 5725 3055 5739 ιι.
3200 5725 3221 5738 ιι
3244 5725 3345 5741 ..ιι-ι.
3379 5725 3610 5751 --.ιν-υ,

2056 5765 2085 5820 l.
2123 5779 2320 5831 χχχιιι,
2346 5764 2398 5817 8.
2474 5762 2515 5794 ³⁸
2540 5761 2643 5817 lsa.
2680 5777 2720 5825 ι,
2750 5762 2833 5817 14.
2909 5759 2950 5791 "
2971 5757 3103 5812 ibid.
3144 5756 3231 5812 i9.
