4140 6456
572 373 679 430 659

1998 361 2085 419 EX
2125 361 2430 421 ORIGENE

3723 350 3837 408 om

569 492 737 561 igitur
759 491 851 562 qui
879 489 1146 561 judicium
1178 503 1285 541 non
1322 486 1531 551 credit,
1567 487 1750 541 audiet
1795 487 1910 541 lnec
1957 487 2139 540 verba.

2249 483 2494 537 ἀπιστῶν
2521 484 2584 552 τῇ
2611 480 2811 553 κρίσει,
2841 478 2950 533 τῶν
2976 477 3238 549 ῥημάτων
3274 474 3475 529 τούτων
3510 470 3828 527 ἀκούσεται.

568 582 773 636 Omnes
800 580 1073 649 propheta:
1098 578 1211 631 haec
1244 577 1630 645 praedicebant,
1665 587 1720 630 et
1764 592 1794 630 a
1819 575 2011 629 diebus
2041 590 2141 628 an-

569 672 736 741 tiquis
790 669 1004 739 Moyses
1070 668 1124 721 in
1169 666 1596 722 Deuteronomio
1641 666 1757 722 haec
1812 665 2144 736 praenuntia-

568 773 668 817 rat.

636 850 793 906 Vcrs.
832 851 919 905 Π.
951 849 1212 905 Clamavit
1230 867 1321 904 cor
1342 862 1518 904 eorunt
1542 851 1613 903 ad
1639 849 1940 904 Dominum.
1965 848 2144 915 Quan-

564 945 745 1014 doque
773 941 1056 1012 Scriptura
1110 943 1458 997 sermonibus
1488 943 1681 997 atl'ectu
1718 943 1914 1012 plenis,
1950 951 2004 995 et
2038 941 2142 996 illis

563 1051 687 1107 quae
712 1049 872 1090 sensu
903 1042 1109 1100 carent,
1142 1034 1329 1089 tribuit
1349 1051 1571 1089 sensum
1595 1052 1606 1088 :
1633 1034 1802 1089 colles
1831 1033 2142 1087 exsilientes

564 1129 828 1184 inducens
861 1138 1181 1197 montesque
1210 1128 1567 1190 exsultantes,
1607 1136 1660 1181 et
1687 1127 1855 1181 colles
1892 1142 1955 1181 ac
2003 1126 2143 1196 lapi-

565 1222 663 1275 des
693 1228 860 1274 testes
883 1221 1141 1284 advocat;
1164 1218 1310 1289 quod
1334 1219 1418 1271 Ιιίιο
1444 1218 1557 1273 lieri
1583 1234 1688 1272 non
1723 1225 1955 1288 poterat,
1984 1234 2142 1272 muro

564 1315 634 1367 ab
670 1313 922 1366 hostibus
943 1311 1056 1381 jam
1089 1326 1300 1365 everso.
1333 1311 1519 1364 Murus
1554 1312 1737 1380 itaque
1765 1311 1853 1364 hic
1886 1318 1969 1364 est
1998 1325 2091 1364 res
2122 1353 2137 1378 ,

564 1414 619 1459 ct
650 1406 875 1474 princip'
898 1422 950 1468 s,
980 1413 1035 1458 et
1064 1405 1381 1475 quicunque
1406 1413 1651 1474 potentes
1684 1406 1957 1459 civitatem
2020 1421 2142 1459 mu-

566 1512 750 1551 rorum
785 1497 955 1551 instar
973 1497 1309 1569 muniebant,
1329 1512 1466 1566 quos
1491 1496 1742 1552 hortatur
1763 1510 1819 1553 ut
1835 1499 1993 1570 juges
2025 1514 2142 1569 pa:-

568 1590 807 1643 nitentize
840 1590 1109 1660 lacrymas
1141 1589 1401 1656 fundant,
1434 1607 1572 1659 quas
1604 1599 1781 1644 movet
1809 1606 2026 1660 semper
2054 1592 2140 1644 in-

566 1681 843 1735 tuentibus
866 1683 1050 1749 lapsus
1080 1698 1269 1736 nmrus
1296 1701 1309 1749 ;
1341 1682 1441 1744 Ine,
1476 1683 1686 1752 inquit,
1723 1693 1852 1739 sunt
1876 1683 2004 1747 illis,
2034 1682 2138 1737 nisi

564 1774 706 1826 torte
728 1789 918 1827 rursus
946 1773 1145 1827 indicet
1176 1776 1390 1829 virtutis
1438 1775 1567 1828 olim
1611 1776 1969 1830 custodientis
2000 1791 2138 1830 mm-

2249 574 2456 636 Πάντες
2484 569 2578 625 οὖν
2606 573 2655 625 οἱ
2691 572 2966 642 προφῆται
2997 569 3167 622 ταῦτα
3215 564 3511 638 προῦλεγον
3531 604 3547 628 ,
3586 562 3647 628 ἐξ
3688 564 3833 633 ἠμε-

2253 664 2361 734 ρῶν
2381 664 2437 716 δὲ
2463 664 2707 735 ἀρχαίων
2736 665 2765 717 ό
2787 662 3026 731 Μωῦσῆς
3046 663 3104 714 ὲν
3124 658 3202 729 τῷ
3223 655 3628 728 Δευτερονομίῳ
3654 654 3832 708 ταῦτα

2249 774 2383 827 προε
2391 758 2646 828 μήνυσεν.

2329 849 2575 915 Ἐϐόησε
2604 845 2819 913 καρδία
2836 842 3035 898 αὐτῶν
3059 840 3209 910 πρὸς
3233 840 3472 906 Κύριον.
3524 835 3713 888 Ἔστιν
3739 834 3833 888 ὅτε

2248 938 2570 1010 περιπαθεῖς
2589 939 2623 1007 ἡ
2652 935 2843 1007 Γραφὴ
2865 934 2992 996 τοὺς
3016 932 3208 999 λόγους
3233 930 3395 990 ποιεῖ,
3421 927 3518 980 καὶ
3545 926 3657 987 τοῖς
3680 926 3834 976 ἀναι-

2250 1033 2464 1104 σθήτοις
2491 1031 2705 1085 δίδωσιν
2731 1027 3005 1097 αἴσθησιν,
3030 1021 3357 1092 ἁλλομένους
3385 1035 3443 1071 τε
3463 1016 3685 1087 βουνοὺς
3711 1016 3829 1069 εἰσ-

2248 1124 2476 1193 άγουσα,
2512 1124 2607 1176 καὶ
2641 1122 2745 1190 ὄρη
2802 1117 3132 1189 σκιρτῶντα,
3157 1115 3252 1169 καὶ
3280 1112 3501 1183 βουνοὺς
3533 1110 3628 1164 καὶ
3648 1108 3831 1173 λίθους

2251 1216 2585 1288 μαρτύρεται
2611 1232 2624 1244 ³
2666 1215 2804 1283 ὅπερ
2827 1214 2884 1265 ὲν
2915 1209 3124 1271 τούτοις
3150 1206 3430 1267 ἀδύνατον,
3470 1203 3564 1258 τοῦ
3611 1202 3832 1272 τείχους

2249 1308 2354 1361 ὑπὸ
2380 1306 2489 1360 τῶν
2521 1304 2795 1373 πολεμίων
2824 1297 3232 1371 καθῃρημένου.
3256 1297 3444 1365 Τεῖχος
3468 1289 3563 1348 οῦν
3594 1292 3834 1347 ἐνταῦθα

2249 1394 2501 1469 βασιλεὺς
2526 1413 2607 1457 τε,
2631 1396 2725 1449 καὶ
2753 1393 3034 1464 ἄρχοντες,
3062 1390 3158 1443 καὶ
3199 1389 3313 1442 ὅσοι
3356 1386 3586 1456 δυνάμει
3624 1383 3833 1454 ταύτην

2248 1489 2718 1560 περιτειχίζοντος,
2751 1485 2846 1549 οὓς
2868 1485 3009 1549 ἀξιοῖ
3039 1481 3183 1553 χέειν
3207 1478 3490 1551 μετανοίας
3513 1477 3836 1531 ἀδιάλειπτοι

2246 1580 2475 1647 δάκρυα,
2507 1579 2543 1633 ἃ
2564 1582 2674 1641 τοῖς
2696 1578 2864 1648 όρῷσι
2894 1577 2981 1629 διὰ
3010 1574 3212 1637 παντὸς
3245 1569 3495 1641 προξενεῖ
3519 1568 3827 1631 πεπτωκόςο

2246 1671 2437 1731 ταῦτα,
2462 1670 2646 1739 φησιν,
2672 1668 2909 1737 ὑπάρχει
2934 1666 3140 1730 αὐτοῖς,
3185 1664 3281 1717 καὶ
3321 1662 3368 1714 εί
3412 1661 3487 1730 μὴ
3539 1658 3699 1717 πάλιν
3729 1656 3833 1728 τὴν

2245 1760 2425 1829 λύπην
2469 1759 2726 1830 σημαίνει
2760 1757 2858 1826 τῆς
2904 1755 3072 1809 παλαι
3116 1754 3457 1826 φρουρούσης
3505 1750 3857 1823 δυνάμεως,⁵

561 1878 763 1925 rorem,
796 1862 1139 1933 hyperbolice
1174 1864 1276 1918 hoc
1305 1867 1642 1935 exprimens.
1676 1864 1744 1919 In
1775 1866 2137 1930 tribulatione,

2243 1850 2615 1921 ὑπερϐολικῶς
2649 1848 2807 1902 τοῦτο
2837 1846 3033 1917 δηλῶν.
3078 1847 3180 1898 Ἐν
3228 1844 3431 1912 θλίψει
3487 1842 3583 1905 δὲ,
3637 1842 3790 1909 λέγει
3802 1879 3832 1907 ρ

566 1953 825 2023 inquit“,
854 1953 1066 2007 Domini
1115 1958 1381 2011 recordati
1409 1970 1529 2012 sunt
1565 1974 1630 2012 ex
1677 1969 1785 2013 toto
1812 1962 1984 2014 corde.
2029 1960 2143 2018 Hoc

559 2050 746 2115 igitur,
783 2046 977 2114 inquit.
1010 2047 1172 2103 facite
1209 2060 1368 2104 nocte
1398 2050 1594 2120 dieque
1625 2050 1987 2122 lacrymantes
2012 2093 2027 2117 ,
2088 2062 2143 2107 et

564 2140 615 2190 in
646 2134 904 2190 cubilibus
928 2139 1115 2191 vestris
1142 2141 1558 2209 compungimini
1581 2141 1649 2207 ",
1676 2157 1852 2211 neque
1886 2157 1980 2197 vos
2010 2159 2143 2213 pru-

558 2228 747 2282 denter
781 2227 1021 2285 facturos
1046 2228 1378 2297 existimate,
1409 2233 1454 2287 si
1483 2235 1797 2301 temperatis
1824 2249 1853 2288 a
1883 2234 2140 2305 lacrymis

559 2320 890 2390 paenitentia:
921 2340 935 2388 ;
969 2332 1096 2377 sunt
1119 2324 1263 2377 enim
1300 2324 1366 2378 ad
1398 2324 1650 2380 salutem.
1678 2323 1981 2381 Prudenter
2012 2344 2141 2384 vero

555 2412 668 2483 agit
717 2413 763 2467 is
807 2413 899 2482 qui
932 2430 1039 2467 non
1076 2430 1105 2468 a
1150 2415 1329 2478 bonis,
1364 2415 1455 2469 sed
1485 2431 1514 2469 a
1546 2416 1706 2472 malis
1755 2428 1954 2472 cessat.
1989 2417 2139 2472 Mem

554 2512 665 2559 tem
687 2504 865 2574 itaque
881 2520 1094 2573 semper
1113 2496 1234 2561 cum
1255 2507 1472 2561 Christo
1491 2508 1691 2565 habeas
1706 2509 2141 2579 conjunctam,ut

554 2607 609 2652 te
626 2597 786 2667 quasi
821 2599 1080 2669 pupillam
1109 2601 1252 2656 oculi
1277 2603 1551 2658 custodiat
1575 2620 1875 2676 mlirusque
1903 2605 2001 2660 tibi
2023 2606 2135 2661 ﬂat.

628 2687 782 2745 Vers.
822 2691 909 2745 l9.
938 2689 1356 2760 Surge,ea:snlta
1387 2696 1439 2748 in
1467 2705 1636 2750 nocte.
1682 2698 1960 2753 Attentum
2010 2698 2142 2754 facit

553 2780 800 2833 animum
842 2796 972 2846 nox,
1003 2782 1291 2853 colligente
1335 2800 1457 2839 sese
1508 2786 1690 2840 anima
1742 2802 1838 2856 per
1874 2804 2137 2845 sensuum

553 2871 813 2939 quietem.
845 2869 998 2927 Tunc
1024 2872 1180 2941 jubet
1204 2875 1450 2927 ineditari
1508 2876 1560 2928 in
1594 2879 1878 2947 praeceptis
1905 2879 2031 2943 Dei,
2085 2889 2141 2935 et

553 2976 678 3016 cum
715 2960 913 3017 Davide
939 2963 1118 3018 dicere
1144 2965 1189 2996 δε
1222 2984 1233 3019 :
1270 2964 1440 3020 Nocte
1474 2984 1593 3020 cum
1625 2969 1783 3023 corde
1834 2988 1945 3025 meo
1986 2989 2139 3027 emero

553 3054 781 3119 citabar,
806 3064 855 3108 et
882 3055 1145 3109 sarriebat
1173 3058 1393 3126 spiritus
1415 3075 1580 3116 meus.
1608 3061 1745 3116 Cum
1775 3078 1880 3117 nox
1912 3064 1966 3117 in
2006 3081 2139 3135 qua-

553 3154 680 3200 tuor
702 3147 909 3216 vigilias
938 3148 1110 3203 divisa
1141 3149 1242 3214 sit,
1268 3151 1434 3206 dicito
1461 3167 1582 3207 cum
1620 3153 1786 3208 David
1810 3155 1853 3188 ⁸⁸
1886 3174 1898 3209 :
1934 3156 2137 3210 Antici-
2162 3187 2207 3245 ο

550 3246 803 3307 paverunt
838 3239 1048 3308 vigilias
1077 3242 1217 3295 oculi
1250 3244 1390 3307 mei;
1425 3254 1481 3299 et
1502 3261 1626 3300 cum
1658 3245 1899 3301 Abacnm
1928 3249 2014 3301 ὀι
2067 3248 2133 3303 In

555 3330 797 3384 custodia
828 3348 944 3384 mea
979 3334 1149 3397 stabo,
1175 3344 1223 3388 et
1254 3338 1532 3406 exquirant
1561 3338 1687 3408 quid
1710 3338 1955 3410 loquetur
1976 3341 2032 3394 in
2057 3358 2135 3396 me

557 3419 813 3476 Dominus
844 3423 1007 3478 Deus.
1041 3425 1195 3480 Tunc
1218 3427 1361 3480 enim
1394 3427 1609 3497 inquies
1639 3431 1682 3461 ⁸¹
1718 3448 1731 3484 :
1767 3429 2034 3502 Loquetur
2046 3449 2137 3501 pa-

549 3533 662 3572 cem
684 3518 737 3571 in
759 3518 952 3586 populo
974 3533 1090 3575 suo.
1135 3517 1399 3576 Exercere
1436 3521 1599 3591 igitur
1623 3521 1675 3574 in
1713 3532 1873 3577 nocte
1901 3540 2137 3593 prmsen-

552 3608 625 3664 tis
649 3609 832 3677 saeculi
856 3627 869 3676 ;
895 3625 998 3662 non
1025 3609 1171 3663 enim
1199 3621 1273 3662 est
1310 3612 1402 3664 tibi
1438 3609 1580 3663 lucta
1621 3613 1872 3667 adversus
1918 3616 2136 3685 sangui-

551 3717 666 3754 nem
697 3711 745 3754 et
772 3717 1018 3767 carnem,
1049 3700 1139 3752 sed
1171 3702 1418 3754 adversus
1450 3703 1781 3774 principatus
1817 3716 1862 3758 et
1904 3715 2136 3774 potesta-

551 3805 626 3848 tes
649 3792 736 3858 ⁸²;
769 3794 938 3847 nescis
978 3794 1118 3846 enim
1156 3794 1367 3862 quando
1407 3793 1666 3849 Dominus
1693 3796 1882 3849 domus
1919 3799 2083 3851 veniet
2114 3815 2133 3863 ,'

549 3899 689 3946 sero,
717 3900 786 3936 an
814 3883 989 3938 media
1020 3895 1168 3939 nocte
1187 3926 1203 3949 ,
1236 3885 1312 3938 vel
1355 3885 1631 3955 gallicinio
1657 3930 1672 3955 ,
1726 3888 1803 3941 vel
1839 3904 1989 3942 mane
2013 3904 2031 3941 :
2073 3905 2136 3943 ne

549 3974 828 4027 adveniens
858 3984 1061 4042 repente
1086 3976 1319 4030 inveniat
1350 3993 1444 4029 nos
1476 3978 1791 4031 dormientes
1822 3978 1890 4031 ⁸³.
1917 3978 1980 4032 Et
2013 3995 2136 4033 rur-

548 4078 647 4119 sus
677 4062 726 4096 “
761 4080 775 4117 :
802 4063 860 4119 Si
892 4067 1053 4119 scires
1075 4083 1180 4136 qua
1212 4066 1398 4137 vigilia
1435 4070 1602 4120 noctis
1633 4066 1778 4120 latro
1803 4068 1975 4135 venit,
2002 4069 2136 4139 vigi-

549 4157 690 4225 lares
716 4158 917 4228 utique,
939 4175 1030 4213 nec
1050 4160 1246 4214 sineres
1275 4158 1436 4228 eﬂ'odi
1454 4159 1670 4212 domum
1695 4168 1866 4213 tuam.

625 4457 763 4511 Leva
784 4459 856 4511 ad
882 4474 1003 4512 eum
1025 4472 1213 4513 manus
1231 4468 1374 4514 tuas.
1407 4460 1686 4517 Bonorum
1720 4460 1973 4518 videlicet
1997 4477 2125 4532 ope-

551 4565 675 4604 rum
696 4559 843 4604 actu.
894 4548 1010 4605 Non
1050 4550 1249 4621 exigua
1282 4567 1369 4607 res
1412 4552 1630 4621 agitur,
1688 4569 1811 4608 cum
1867 4554 1936 4611 ob
1960 4555 2133 4610 divini

550 4636 702 4692 verbi
728 4635 1001 4695 deiectum
1029 4638 1241 4707 parvuli
1295 4640 1369 4694 tui
1398 4640 1563 4713 350
1592 4643 1866 4707 deﬁciant,
1897 4654 1950 4699 et
1989 4654 2133 4700 stent

551 4726 608 4781 in
628 4726 896 4796 principio
917 4729 1164 4787 omnium
1191 4730 1554 4799 compitorum
1590 4745 1982 4806 praeceptorum
2009 4735 2128 4800 Dei,

552 4830 654 4872 nec
685 4817 937 4886 progredi
965 4817 1178 4886 possint
1223 4819 1431 4891 absque
1459 4821 1555 4880 Dei
1588 4840 1864 4883 concursu
1893 4835 1950 4881 et
1990 4840 2133 4896 pane

550 4921 648 4961 cor
671 4906 1051 4962 conﬁrmante.

629 4999 783 5056 Vers.
812 5000 905 5057 20.
952 5001 1101 5066 Vide,
1134 5002 1374 5069 Domine,
1430 5018 1478 5062 et
1525 5008 1805 5062 considera
1832 5024 1985 5078 quem
2018 5008 2132 5062 vin-

550 5094 884 5149 demiaveris.
916 5093 1053 5149 Cum
1087 5096 1412 5153 adhortatus
1435 5108 1581 5156 esset
1614 5099 1878 5169 propheta
1901 5138 1917 5162 ,
1971 5098 2130 5155 Jeru-

551 5188 722 5242 salem
752 5196 993 5256 permota
1010 5196 1114 5255 est,
1145 5189 1386 5259 dicitque
1405 5190 1471 5244 ad
1496 5189 1662 5245 Deum
1694 5192 1740 5223 ³⁵
1776 5209 1789 5246 :
1824 5190 1908 5246 Ne
1924 5202 2131 5248 avertas

552 5279 743 5347 [aciem
771 5290 916 5334 tuam
938 5297 972 5334 a
1002 5296 1103 5335 me.
1143 5279 1359 5351 Respice
1387 5283 1441 5335 in
1481 5297 1561 5334 me
1583 5321 1601 5348 ,
1648 5292 1696 5337 et
1731 5283 1975 5339 miserere
2006 5286 2131 5343 mei.

556 5369 640 5425 Ne
666 5373 722 5426 in
757 5373 935 5442 furore
965 5386 1054 5428 tuo
1080 5390 1275 5444 arguas
1308 5389 1410 5438 me,
1447 5389 1607 5443 neque
1633 5376 1688 5428 in
1731 5376 1815 5430 ira
1844 5385 1937 5431 tua
1965 5380 2131 5433 corri-

553 5465 671 5524 pias
702 5482 803 5519 me.
839 5465 1010 5536 Major
1038 5475 1124 5521 est
1144 5466 1300 5536 plaga
1317 5481 1481 5534 quam
1508 5474 1700 5521 natura
1723 5466 1959 5524 humana
1988 5469 2132 5529 ferre

624 5582 640 5598 ‘
675 5576 837 5633 Forte
867 5579 1155 5649 legendum
1186 5578 1446 5649 σύναψον,
1483 5579 1586 5646 vel,
1622 5580 1938 5635 συναπτέον.

661 5724 705 5754 ⁵⁸
741 5721 879 5778 Osce
908 5737 982 5787 VI,
1015 5725 1065 5774 l.
1141 5722 1344 5779 “Psal.
1370 5740 1443 5788 iv,
1519 5725 1572 5780 5.

1680 5723 1723 5755 ⁵⁸
1748 5722 1891 5780 Psal.
1926 5740 2110 5789 um,
2148 5724 2200 5781 7.
2292 5725 2334 5756 ’δ’
2365 5722 2522 5788 ibid.,
2563 5725 2615 5779 5.

2243 1943 2344 1997 τοῦ
2386 1943 2608 2010 Κυρίου
2653 1939 3050 2009 ἐμνήσθησαν
3087 1937 3157 2001 ἐξ
3202 1936 3352 2003 ὅλης
3393 1933 3504 2003 τῆς
3558 1934 3829 2002 καρδίας.

2243 2032 2415 2087 Τοῦτο
2457 2031 2636 2084 τοίνυν
2679 2032 2944 2100 ποιήσατε
2967 2069 2981 2092 ,
3030 2029 3195 2099 φησιν
3214 2067 3229 2091 ,
3272 2026 3465 2090 νυκτὸς
3491 2025 3585 2079 καὶ
3615 2024 3841 2095 ἡμέρας

2239 2120 2587 2194 δακρύοντες,
2620 2121 2714 2174 καὶ
2730 2120 2829 2173 ἐπὶ
2859 2119 2988 2185 ταῖς
3004 2119 3228 2183 κοίταις
3253 2114 3417 2185 ὑμῶν
3436 2115 3829 2184 κατανύτητω

2244 2214 2380 2285 μηδὲ
2407 2214 2568 2285 νῆψιν
2601 2211 2821 2283 ἡγεῖσθε
2850 2210 2949 2281 τὴν
2979 2210 3089 2264 ἀπὸ
3115 2208 3321 2262 τούτων
3341 2206 3661 2277 ἀπαλλαγήν
3685 2223 3698 2236 ·
3734 2221 3837 2275 με-

2240 2304 2460 2366 τανοίας
2510 2304 2621 2374 γὰρ
2663 2304 2743 2366 είς
2795 2300 3072 2372 σωτηρίαν
3103 2300 3240 2355 ἐστί.
3280 2300 3461 2370 Νήφει
3514 2298 3572 2351 δέ
3615 2315 3699 2361 τις
3728 2298 3836 2351 οὐκ

2239 2396 2482 2465 ἀγαθῶν,
2508 2394 2644 2448 ἀλλὰ
2671 2395 2928 2466 χειρόνων
2963 2393 3290 2462 παυόμενος.
3315 2391 3418 2444 Τὸν
3456 2389 3513 2443 δὲ
3551 2388 3677 2444 νοῦν
3700 2406 3834 2444 συν-

2244 2487 2410 2543 άπτον
2444 2492 2461 2510 ⁸
2484 2488 2570 2541 διὰ
2599 2487 2798 2550 παντὸς
2827 2486 2965 2558 πρὸς
2996 2483 3250 2559 Χριστὸν,
3274 2484 3423 2547 ὅπως
3460 2482 3525 2536 ἄν
3562 2498 3623 2534 σε
3663 2480 3837 2549 φυλά-

2241 2578 2381 2645 ξειεν
2405 2577 2481 2642 ὡς
2514 2578 2682 2650 κόρην
2711 2574 2989 2646 ὀφθαλμοῦ
3020 2590 3093 2629 κα
3146 2591 3228 2627 σοι
3258 2576 3437 2644 τεῖχος
3474 2571 3718 2643 γένηται.

2323 2668 2595 2733 Ἀνάστα,
2627 2668 2995 2739 (traditaque
3035 2667 3106 2720 ἐν
3138 2666 3330 2720 νυκτί.
3379 2663 3748 2737 Προσεκτικὺν
3791 2664 3833 2733 ἡ

2240 2758 2357 2823 νὺξ,
2403 2757 2848 2829 συστρεφομένης
2889 2758 2948 2809 ὲν
2994 2757 3130 2826 αὐτῇ
3165 2754 3266 2824 τῆς
3318 2753 3496 2824 ψυχῆς
3516 2754 3576 2806 ἐν
3610 2756 3678 2825 τῇ
3719 2751 3835 2807 τῶι

2241 2847 2546 2919 αἰσθήσεων
2578 2847 2816 2919 ἠρεμίᾳ·
2853 2845 2972 2899 τότε
3005 2843 3216 2897 κελεύει
3241 2843 3471 2914 μελετᾷν
3502 2844 3561 2896 ὲν
3591 2844 3712 2905 ταῖς
3738 2842 3833 2896 ἑν·-

2240 2939 2420 3002 τολαῖς
2448 2938 2541 2991 τοῦ
2562 2936 2720 3000 Θεοῦ,
2746 2936 2842 2990 καὶ
2866 2934 3043 3003 λέγειν
3067 2933 3206 3005 μετὰ
3228 2932 3320 2986 τοῦ
3364 2932 3528 2986 Δαυῖδ
3544 2948 3559 2964 ·
3593 2931 3833 2998 Νυκτὸς

2234 3028 2388 3098 μετὰ
2410 3026 2518 3095 τῆς
2539 3026 2790 3095 καρδίας
2818 3043 2938 3095 μου
2965 3023 3378 3094 ήδολέσχουν,
3421 3021 3522 3077 καί
3558 3022 3834 3077 tam

2240 3117 2306 3171 τὸ
2330 3116 2567 3187 πνεῦμά
2589 3134 2731 3186 μου.
2755 3115 2868 3185 Τῆς
2887 3114 2945 3167 δὲ
2970 3113 3164 3174 νυκτὸς
3187 3114 3266 3176 είς
3282 3112 3552 3183 τέσσαρας
3581 3108 3834 3180 φυλακὰς

2240 3208 2595 3281 διῃρημένης,
2627 3208 2753 3276 λέγε
2787 3206 2925 3279 μετὰ
2950 3205 3044 3259 τοῦ
3077 3205 3241 3259 Δαυτδ
3259 3222 3272 3235 ’
3304 3201 3837 3272 Προκατελὰὄοντο

2240 3300 2519 3369 φυλακὰς
2556 3301 2611 3352 ol
2661 3298 2959 3367 ὀφθαλμοί
2983 3313 3134 3366 μουυ
3164 3297 3260 3350 καὶ
3294 3294 3432 3367 μετὰ
3476 3292 3790 3363 ’Δὸϐακούμ
3810 3309 3830 3323 ·

2253 3389 2379 3443 Ἐπί
2420 3389 2532 3458 τῆς
2572 3386 2852 3458 φυλακῆς
2889 3405 3009 3457 μου
3044 3385 3347 3456 στήσομαι
3367 3426 3383 3451 ,
3424 3387 3523 3440 καὶ
3558 3386 3833 3439 ἀποσκο-⁵

2240 3480 2448 3534 πεύσω
2490 3479 2546 3532 τί
2585 3476 2848 3544 λαλήσει
2887 3477 2959 3529 ἐν
3004 3477 3135 3545 ἐμοὶ
3165 3477 3378 3543 Κύριος
3405 3477 3438 3529 d
3491 3475 3656 3540 Θεός.
3691 3473 3834 3528 Τότε

2240 3569 2351 3639 γὰρ
2379 3569 2546 3638 ἐρεῖς,
2567 3568 2671 3631 ὅτι,
2707 3565 2977 3633 Ara/hicat
3003 3565 3256 3635 εἰρήνην
3276 3563 3379 3617 ἐπὶ
3402 3563 3507 3617 τὸν
3528 3563 3685 3618 λαὸν
3716 3565 3830 3617 αὺ-

2241 3658 2368 3712 τοῦ.
2412 3658 2792 3728 Ἀδολὲσχησον
2818 3652 2911 3711 οῦν
2936 3658 2994 3710 ὲν
3013 3656 3169 3712 νυκτῖ⁷
3194 3654 3287 3708 τοῦ
3316 3654 3581 3726 παρόντος
3607 3654 3827 3719 αἰῶνοςο

2245 3752 2328 3804 οὐ
2375 3749 2485 3821 γάρ
2517 3750 2652 3805 ἐστί
2684 3767 2767 3803 σοι
2797 3751 2834 3818 ἡ
2863 3747 3029 3817 πάλη
3069 3748 3221 3817 πρὸς
3262 3742 3405 3816 alpis
3451 3747 3548 3800 καὶ
3605 3745 3829 3814 σάρκα,

2240 3841 2402 3896 ἀλλὰ
2433 3840 2584 3908 πρὸς
2602 3838 2711 3906 τὰς
2737 3841 2929 3909 ἀρχὰς
2949 3879 2966 3905 ,
3010 3838 3163 3906 πρὸς
3198 3835 3304 3902 τὰς
3345 3834 3631 3901 ἐξουσίας
3654 3851 3668 3865 ·
3711 3836 3830 3890 οὐκ

2241 3932 2410 3998 οἶδας
2439 3932 2550 4000 γὰρ
2586 3932 2733 3984 πότε
2760 3933 2793 3984 ό
2813 3931 3032 3998 Κύριος
3057 3927 3168 3995 τῆς
3189 3928 3383 3991 οἰκίας
3405 3925 3665 3996 ἔρχεται,
3687 3924 3826 3995 ὀψὲ,

2241 4024 2281 4093 ἢ
2326 4023 2728 4093 μεσονυκτίφ,
2776 4021 2815 4089 ἦ
2864 4018 3382 4088 ἁλεκτροφωνίας,
3424 4017 3463 4085 ἢ
3501 4016 3674 4086 πρωΐ,
3712 4016 3826 4086 μὴ,

2241 4113 2434 4168 ἐλθὼν
2464 4113 2778 4183 ἐξαίφνης,
2798 4111 3031 4181 captio?)
3063 4109 3222 4182 ἡμᾶς
3250 4108 3672 4174 καθεύδοντας.
3715 4108 3830 4163 Καὶ

2244 4207 2406 4260 πάλιν
2425 4223 2438 4236 ⁸
2476 4210 2548 4261 Et
2578 4207 2688 4276 γὰρ
2724 4205 2890 4274 ᾕδεις
2912 4206 3057 4272 ποίᾳ
3087 4200 3334 4274 φυλακῇ
3362 4205 3395 4256 ὁ
3432 4199 3699 4267 κλέπτης
3729 4200 3829 4267 ἕρ-

2243 4311 2428 4364 χεται,
2461 4294 2872 4364 imm-(imaue
2918 4294 2997 4347 ἂν
3019 4291 3118 4346 καὶ
3149 4294 3261 4347 οὐκ
3294 4289 3371 4345 ἃν
3391 4289 3603 4355 ετασας
3629 4287 3830 4357 διορυ-

2245 4388 2424 4457 τῆναι
2452 4386 2565 4454 τὴν
2594 4386 2782 4455 οὶκίαν
2813 4401 2954 4440 σου.

2313 4474 2490 4547 Ἆρον
2520 4478 2671 4545 πρὸς
2702 4476 2888 4532 αὐτὸν
2915 4473 3119 4545 χεῖράς
3154 4490 3293 4530 σου.
3321 4473 3420 4527 Διὰ
3446 4473 3546 4544 τῆς
3574 4469 3681 4525 τῶν
3722 4487 3830 4524 κα-

2237 4569 2346 4625 λῶν
2375 4568 2659 4641 ὲργασίας.
2716 4568 2791 4621 Οὐ
2828 4570 2958 4638 περὶ
2988 4566 3096 4621 τῶν
3144 4566 3419 4638 τυχόντων
3460 4566 3489 4618 ὁ
3535 4560 3707 4630 ἀγὼν,
3752 4560 3827 4614 δι’

2238 4659 2472 4731 ἀπορίαν
2490 4658 2580 4712 τοῦ
2599 4656 2743 4711 θείου
2768 4657 2926 4725 λόγου
2947 4656 3054 4710 τῶν
3077 4656 3186 4711 σῶν
3209 4655 3566 4711 ἐκλειπόντων
3589 4651 3825 4722 νηπίων,

2239 4750 2334 4802 καὶ
2363 4748 2669 4819 ἱσταμένων
2702 4747 2790 4799 ἐπ’
2823 4747 3000 4817 ἀρχῆς
3035 4745 3222 4800 πασῶν
3248 4745 3443 4810 ἐξόδων
3473 4742 3700 4797 ἐντολῶν
3726 4739 3825 4794 τοῦ

2237 4840 2395 4906 Θεοῦ,
2432 4841 2525 4894 καὶ
2556 4838 2825 4910 προῦῆναι
2855 4837 2930 4908 μὴ
2962 4837 3274 4907 δυναμένων
3306 4837 3435 4891 ἄνευ
3466 4834 3601 4888 Θεοῦ
3629 4847 3826 4917 συνερ-

2238 4931 2381 5000 γίας,
2404 4928 2612 4984 καὶτοῦ
2646 4926 2989 5000 στηρίζοντος
3018 4927 3181 4998 ἄρτου
3214 4924 3462 4996 καρδίαν.
3762 4998 3767 5003 _

2313 5019 2445 5083 Ἴδε,
2475 5018 2670 5086 Κύριε,
2700 5015 2800 5071 καί
2852 5016 3189 5084 cumwa
3225 5015 3345 5068 τίνι
3381 5012 3828 5082 ἐπεφύλλισας.

2235 5110 2343 5165 Τοῦ
2366 5109 2646 5183 προφήτου
2674 5106 3105 5180 παραινέσαντος
3125 5148 3140 5171 ,
3185 5103 3536 5178 Ἰερουσαλὴμ
3570 5099 3825 5170 ἐπείσθη,

2235 5203 2330 5257 καὶ
2349 5201 2495 5271 λέγει
2520 5199 2656 5273 πρὸς
2684 5199 2774 5254 τὸν
2798 5199 2930 5254 Θεόν
2949 5214 2963 5229 ⁸
2996 5198 3092 5269 Μὴ
3118 5194 3518 5265 ἀποστρέψῃς
3535 5194 3604 5248 τὸ
3632 5191 3827 5261 πρόσ-

2233 5294 2398 5348 ωπόν
2460 5306 2579 5347 σου
2642 5290 2744 5346 ἀπ’
2789 5289 2957 5359 ἐμοῦ.
3021 5289 3381 5358 Ἑπίϐλεψον
3423 5286 3517 5342 ἐπ’
3557 5286 3682 5356 ἐμὲ,
3722 5283 3827 5338 καὶ

2238 5384 2501 5452 ἐλέησόν
2526 5399 2627 5451 με.
2654 5380 2753 5450 Μὴ
2780 5381 2861 5448 τῷ
2893 5379 3057 5451 θινμῷ
3085 5398 3202 5437 σου
3233 5378 3492 5450 ἐλέγξῃς
3534 5395 3612 5447 με
3629 5414 3643 5438 ,
3666 5372 3830 5444 μηδὲ

2238 5474 2313 5545 τῇ
2344 5472 2490 5544 ὀργῇ
2536 5488 2651 5529 σου
2697 5472 3030 5543 παιδεύσῃς
3056 5491 3152 5543 με.
3206 5470 3424 5535 Μείζων
3473 5465 3831 5541 ἀνθρωπίνης

2719 5724 2766 5754 ⁸⁸
2795 5721 2962 5776 Ahac.
2992 5739 3051 5793 ιι,
3086 5721 3135 5775 l.
3230 5723 3272 5793 “7'
3297 5721 3435 5777 Psal.
3473 5735 3723 5793 Lxsslv,
3762 5719 3828 5785 9.

555 5784 601 5823 "
645 5792 843 5866 Ephes.
874 5784 1072 5857 νυνὶ.
1152 5794 1196 5825 ⁸³
1226 5792 1391 5850 Marc.
1432 5784 1585 5860 ⁷χιιι,
1632 5795 1717 5849 55.
1795 5794 1839 5826 ³³
1866 5794 1998 5851 Luc.
2029 5784 2123 5860 sit,

2322 5796 2365 5828 ⁸⁵
2395 5784 2539 5851 Psal.
2576 5811 2725 5862 sxvr,
2757 5793 2810 5848 9.
2854 5809 3003 5859 sxw,
3036 5792 3115 5847 l6.
3144 5809 3214 5861 vi,
3237 5792 3290 5847 2.
