4140 6494
344 318 446 375 CH

1577 315 1887 372 SELECTA
1929 314 1993 370 IN
2034 314 2377 371 THRENOS.

3502 327 3656 405 uta

355 438 566 509 φύσεως
616 438 649 507 ή
693 435 896 508 πληγή.
953 432 1081 489 οἶδα
1134 434 1423 507 παραϐᾶσα
1464 436 1553 491 τὸν
1596 438 1757 508 νόμον
1784 478 1797 500 .
1844 440 1926 491 καὶ

2039 439 2230 508 possit.
2286 438 2411 492 Scio
2446 439 2613 509 legem
2664 448 2810 495 tuam
2846 456 2876 496 a
2923 457 3009 497 me
3040 444 3296 501 violatam
3323 485 3340 511 ,
3378 447 3643 520 ideoque

349 531 463 592 τοῖς
485 527 735 583 ἐντεῦθεν
771 527 1065 600 ἐπιτιμίοις
1095 529 1451 600 ὑποκειμένη,
1480 529 1538 582 ἐν
1565 526 1647 593 οἷς
1680 533 1795 584 ἐστι
1844 532 1935 584 καὶ

350 619 439 673 τό’
477 618 640 690 thin)
675 620 747 673 τὰ
778 622 997 690 ἔγγονα
1016 617 1122 687 τῆς
1146 621 1377 685 κοιλίας
1413 637 1529 673 σου
1552 660 1566 683 ,
1603 621 1748 687 κρέα
1788 619 1936 675 υἱῶν

348 728 491 774 σου,
540 711 639 765 καί
676 711 1015 781 θυγατέρων
1051 729 1185 765 σου.
1243 713 1524 783 Ἐνόμιζον
1563 713 1668 776 ἕως
1707 713 1935 784 ἀπειλῆς

350 796 491 856 εἶναι
522 802 591 855 τὰ
613 803 856 873 ῥήματα.
897 804 1128 871 Ἕγνων,
1162 803 1356 875 Κύριε,
1390 805 1473 857 ὅτι
1516 807 1549 858 ό
1586 805 1769 874 νόμος
1816 822 1934 858 σου

350 892 622 961 ἀλήθεια.
669 895 883 965 Ἱερέως
914 894 971 947 δὲ
1000 896 1094 947 καὶ
1121 896 1399 967 προφήτου
1431 895 1648 967 σφαγὴν
1676 897 1778 948 οὐκ
1803 897 1935 949 ἐπυ-

354 985 528 1057 θόμην
560 988 618 1042 ἐν
651 987 800 1059 μέσῳ
821 986 946 1058 νεῷ.

434 1075 873 1146 Ἐκοιμήθησαν
911 1080 999 1144 είς
1038 1078 1153 1146 τὴν
1192 1076 1409 1143 ἔξοδον
1465 1078 1784 1147 παιδάριον
1834 1078 1932 1133 καὶ

346 1166 707 1233 πρεσϐύτης.
748 1167 873 1219 Ἐπὶ
905 1169 975 1238 γῇ
1008 1162 1150 1238 ἦσαν
1177 1167 1500 1239 ἐρριμμένοι
1541 1167 1742 1231 πάντες
1771 1168 1821 1220 οί
1866 1167 1934 1220 δι’

349 1256 560 1326 ἡλικίαν
588 1258 723 1329 πρὸς
754 1258 881 1323 τοὺς
903 1259 1099 1322 πόνους
1120 1257 1390 1323 ἀδύνατοι,
1414 1258 1593 1331 θέαμα
1617 1259 1737 1313 λίαν
1770 1259 1935 1313 ἐλεει-

346 1345 457 1410 νὸν,
498 1348 574 1411 ὡς
620 1349 715 1401 καὶ
753 1349 887 1401 νέων
936 1348 1119 1421 σφαγὴ
1164 1353 1257 1405 καὶ
1306 1351 1610 1423 παρθένων.
1664 1350 1789 1403 Εἴθε
1839 1352 1934 1403 καὶ

344 1436 551 1491 τούτων
577 1439 784 1506 σφαγαὶ
810 1438 937 1510 πρὶν
966 1442 1047 1503 είς
1068 1436 1212 1510 ζωήν
1230 1441 1557 1512 πικροτέραν
1591 1440 1929 1509 ἀπάγεσθαιί

349 1529 560 1596 Ἔξοδοι
597 1526 653 1583 δὲ
691 1530 836 1603 ζωῆς
867 1530 935 1585 τὰ
968 1531 1196 1601 βιωτικὰ
1226 1534 1549 1603 πράγματα,
1587 1533 1645 1585 ἐν
1675 1527 1758 1595 οἷς
1785 1535 1931 1585 ἐκοι-

344 1622 598 1693 μήθησαν
653 1624 726 1695 μὴ
765 1627 1242 1697 γρηγορήσαντες,
1296 1626 1434 1696 μηδὲ
1477 1626 1932 1698 προσευξάμενοι,

2041 528 2239 582 factam
2275 544 2361 582 me
2386 544 2505 583 esse
2545 543 2829 598 pcenarum
2866 546 3035 596 ream,
3071 534 3210 588 inter
3252 552 3392 605 quas
3415 547 3471 593 et
3522 540 3626 595 illa

2038 629 2157 673 est:
2189 619 2437 673 Comedes
2466 620 2605 688 [ilics
2633 622 2827 674 ventris
2874 624 2974 687 tui,
3015 639 3197 677 carnes
3222 626 3458 693 ﬁliorum
3485 638 3626 686 tuo-

2039 727 2157 764 rum
2177 721 2226 764 et
2257 711 2492 778 ﬁliarum
2522 721 2735 765 tuarum
2763 712 2829 763 ⁵⁸.
2880 710 3106 767 Nonnisi
3144 716 3306 770 verba
3362 731 3483 773 esse
3511 735 3623 789 pn-

2043 804 2247 859 tabam.
2295 803 2556 874 Cognovi,
2610 804 2861 867 Domine,
2892 805 3153 873 quoniam
3218 807 3301 859 lea:
3333 816 3426 862 tua
3473 813 3620 865 aeri-

2037 905 2119 950 tas
2148 897 2215 949 ⁵⁷.
2247 896 2558 952 Sacerdotis
2589 912 2721 952 vero
2740 908 2797 963 et
2826 897 3106 967 prophetae
3130 912 3315 951 necem
3350 915 3460 953 non
3512 915 3616 956 au-

2035 986 2144 1039 divi
2173 986 2226 1039 in
2260 986 2437 1041 medio
2467 988 2689 1057 templo.

2112 1070 2265 1127 Vers.
2307 1074 2399 1130 2l.
2447 1074 2784 1129 Dormierunt
2835 1077 2891 1129 in
2925 1076 3010 1130 via
3055 1076 3307 1144 parvulus
3353 1085 3402 1135 et
3431 1092 3612 1133 sem.

2034 1161 2479 1221 Prostratierant
2508 1165 2563 1220 in
2616 1167 2701 1220 via
2762 1182 2953 1221 omnes
2994 1167 3087 1237 qui
3135 1178 3357 1238 propter
3391 1178 3610 1223 aetatem

2033 1255 2312 1312 laboribus
2343 1267 2501 1313 erant
2543 1258 2799 1329 impares.
2837 1260 3209 1328 spectaculmn
3249 1261 3409 1331 plane
3441 1262 3610 1317 mise-

2032 1350 2226 1415 rabile,
2250 1366 2404 1420 teque
2429 1360 2489 1406 ut
2508 1353 2682 1408 caedes
2704 1354 2969 1423 juvenem
3001 1363 3055 1408 et
3085 1354 3380 1424 virginum.
3427 1354 3611 1425 Atque

2034 1440 2248 1496 utinam
2280 1452 2334 1497 et
2358 1443 2409 1496 hi
2439 1442 2675 1499 fuissent
2703 1446 2964 1516 perempti
3006 1456 3298 1518 antequam
3326 1457 3512 1505 essent
3540 1450 3608 1504 ad

2035 1531 2201 1584 vitam
2230 1533 2564 1587 acerbiorem
2608 1534 2849 1590 adducti.
2880 1534 3077 1593 Plateze
3110 1554 3240 1593 vero
3271 1541 3395 1595 vita:
3430 1557 3609 1599 saecu-

2036 1622 2172 1676 laria
2205 1625 2417 1694 negotia
2444 1634 2592 1691 sunt,
2627 1626 2680 1680 in
2712 1628 2911 1696 quibus
2935 1630 3299 1696 dormierunt,
3318 1635 3463 1702 quod
3499 1650 3607 1688 non

343 1713 655 1777 κλείσαντες
691 1714 747 1766 δὲ
795 1715 931 1786 πρὸς
971 1715 1244 1786 ἁμαρτίαν
1292 1715 1386 1768 καὶ
1426 1714 1763 1785 εὐφροσύνην
1806 1717 1926 1777 τοὺς

2037 1712 2355 1782 vigilassent
2383 1731 2558 1785 neque
2589 1726 2862 1781 orassent,
2886 1718 2982 1774 sed
3006 1719 3333 1775 clausissent
3378 1721 3445 1775 ad
3478 1738 3609 1792 pec-

340 1805 439 1873 τῆς
466 1804 643 1876 ψυχῆς
670 1790 1001 1877 ὀφθαλμούς.
1037 1806 1146 1856 Καὶ
1167 1805 1311 1867 τίνες
1347 1798 1526 1869 oin-ct;
1563 1807 1625 1857 Εί
1665 1805 1765 1875 μὲν
1801 1823 1926 1858 παι-

2034 1806 2267 1859 candum
2296 1816 2350 1861 et
2376 1808 2444 1862 ad
2484 1809 2788 1879 voluptates
2813 1811 3010 1866 anima:
3043 1813 3252 1867 oculos.
3284 1812 3351 1869 Et
3383 1790 3607 1884 quinam

337 1894 525 1963 δάρια,
561 1896 622 1947 οὐ
663 1896 975 1966 θαυμαστὸν
1004 1897 1179 1965 ἄγαν
1227 1897 1346 1951 νυνὶ
1375 1896 1431 1948 δέ
1462 1896 1568 1966 πρὸ
1618 1895 1820 1949 τούτων
1879 1898 1927 1950 οί

340 1984 627 2049 δοκοῦντες
650 1986 1049 2059 προϐεϐηκέναι
1070 1988 1190 2042 κατ’
1218 1987 1440 2059 ἀρετὴν,
1468 1990 1562 2041 καὶ
1597 1990 1706 2051 πᾶς
1742 1988 1799 2041 δὲ
1832 1987 1931 2060 τὴν

341 2076 517 2148 ψυχὴν
560 2076 912 2149 ἀδιάφθορος,
954 2078 1049 2131 καὶ
1094 2078 1316 2142 δυνατὸς
1355 2080 1412 2130 ἐν
1460 2077 1678 2149 πολέμῳ
1708 2080 1931 2148 γέγονεν

341 2167 557 2239 ἐχθροῖς
579 2168 906 2240 ὑποχείριος.
956 2169 1029 2221 Σὺ
1061 2168 1140 2233 δὲ,
1186 2167 1261 2231 ὡς
1289 2168 1512 2237 ἀγαθὸς,
1542 2168 1639 2240 τὴν
1676 2168 1931 2241 τοιαύτην

341 2260 521 2314 αὐτῶν
545 2260 879 2325 καταπαύεις
909 2261 1075 2332 ζωὴν,
1100 2261 1195 2314 καὶ
1219 2262 1577 2332 κατατέμνεις
1609 2263 1790 2316 πᾶσαν
1832 2264 1931 2316 αὐ-

339 2351 448 2404 τῶν
497 2351 755 2405 σύστασιν
782 2351 880 2423 τήν
902 2353 995 2406 ἐπὶ
1019 2352 1194 2424 κακῷ.

422 2438 750 2507 Ἐκάλεσας
778 2440 1008 2511 ἡμέραν
1037 2441 1250 2511 ἑορτῆς
1302 2445 1617 2511 παροικίας
1657 2461 1779 2513 μου
1819 2461 1929 2498 κυ-

337 2530 574 2585 κλόθεν.
618 2533 679 2585 Οἱ
706 2531 890 2605 κύκλῳ
920 2552 1042 2606 μου,
1080 2535 1234 2605 φησὶ,
1276 2534 1376 2606 τὴν
1425 2535 1684 2590 Ἰουδαίαν
1720 2537 1931 2591 οἰκοῦν-

336 2640 429 2689 τες
458 2623 555 2696 τὴν
576 2626 656 2688 είς
684 2625 785 2696 ἐμὲ
800 2626 992 2698 ἑορτὴν
1013 2624 1264 2696 ἐνόμιζον
1288 2628 1629 2699 καταφυγὴν,
1654 2630 1929 2701 σωτηρίαν

337 2716 585 2769 ἐντεῦθεν
607 2715 950 2780 ἐλπίζοντες’
979 2708 1055 2770 ὧν
1086 2716 1259 2780 οὐδεὶς
1285 2716 1669 2771 ὑπολέλειπται
1712 2718 1802 2772 διὰ
1831 2718 1930 2791 τὴν

339 2807 439 2880 σὴν
468 2809 651 2873 αὐτοῖς
683 2808 1069 2879 ἐπενεχθεῖσαν
1095 2810 1286 2881 ὀργήν.
1311 2810 1387 2862 Δι’
1420 2803 1496 2865 ὧν
1516 2809 1624 2883 γὰρ
1658 2811 1927 2882 ἥμαρτον,

339 2900 526 2956 πολλοὶ⁵
550 2901 646 2955 καὶ
668 2901 884 2956 δυνατοὶ
916 2901 1208 2971 γεγόνασιν
1232 2901 1439 2976 ἐχθροί.

995 2994 1152 3047 ΚΕΦ.
1194 2995 1267 3047 Γ’.

422 3082 565 3153 Ἐγὼ
606 3082 764 3153 ἀνὴρ
813 3087 849 3140 ό
878 3083 1131 3149 βλέπων
1170 3069 1490 3156 ἇτωχείαν.
1537 3087 1697 3141 Δεινὰ
1724 3088 1924 3160 συνέϐη

337 3171 417 3244 τῷ
444 3174 700 3247 προφήτῃ
725 3175 819 3228 καὶ
850 3174 979 3246 πρὶν
1020 3174 1221 3229 ἁλῶναι
1259 3174 1357 3247 τὴν
1382 3176 1537 3230 πόλιν
1588 3177 1683 3231 καὶ
1721 3179 1926 3250 ταύτης

336 3262 787 3333 ἐαλωκυίας.Διὸ,
813 3263 1204 3337 στοιχειώσεως
1226 3267 1422 3339 ἐτέρας
1450 3268 1740 3340 κατάρχων
1757 3308 1774 3334 ,
1803 3271 1928 3322 ἐαυ-

333 3350 428 3407 τδν
456 3354 785 3427 ἀποδύρεται
822 3357 1095 3427 πτωχείαν
1123 3357 1266 3430 ὁρῶν
1293 3358 1391 3411 καὶ
1419 3359 1658 3431 ἐρημίαν
1692 3360 1793 3431 τῆς
1831 3361 1927 3415 πό-

334 3444 472 3509 λεως
506 3446 594 3500 διὰ
642 3447 892 3503 παιδείαν
940 3450 1168 3520 Κυρίου.
1218 3450 1330 3505 Καὶ
1378 3451 1541 3514 αὐτὸς
1584 3451 1736 3505 οὐδὲν
1763 3448 1926 3525 ἦττον

332 3535 556 3608 γέγονεν
595 3537 653 3591 ἐν
697 3538 873 3611 ἐνδείᾳ
920 3539 1173 3609 ἀγαθῶν,
1208 3541 1327 3613 ἃμα
1362 3542 1461 3614 μὲν
1505 3542 1564 3597 ἐν
1604 3544 1926 3615 περιστάσει

332 3622 571 3695 γεγονὼς
599 3627 761 3699 ήνίκα
787 3628 1010 3695 τούτους
1037 3630 1349 3702 ἐξήλεγχεν,
1393 3631 1535 3686 ὥστε
1562 3632 1740 3702 λέγειν
1757 3650 1770 3664 ·
1802 3637 1927 3688 Διε-

329 3716 554 3774 τέλεσα
576 3721 1077 3791 μυκτηριζόμενος
1097 3722 1307 3778 πᾶσαν
1345 3723 1463 3792 τὴν
1503 3723 1765 3794 ἡμέραν·
1808 3725 1924 3797 ἅμα

331 3809 390 3865 δὲ
420 3812 512 3866 καὶ
530 3815 653 3877 ταῖς
679 3813 788 3867 τῶν
815 3814 1005 3867 δεινῶν
1040 3815 1222 3869 αὐτῶν
1267 3815 1539 3870 κοινωνῶν
1592 3820 1921 3887 συμφοραῖς,

329 3901 423 3953 καὶ
453 3906 519 3976 τῇ
552 3906 617 3958 ἐκ
660 3905 1003 3978 συμπαθείας
1044 3906 1226 3978 ὀδύνῃ.
1258 3908 1397 3979 Φησὶ
1431 3907 1489 3961 δέ
1520 3907 1615 3961 καὶ
1652 3907 1794 3961 κατά
1833 3908 1924 3962 τὸν

329 3995 500 4049 Δαυῖδ
517 4012 529 4025 ·
550 3997 699 4051 Σκιὰ
723 3996 982 4052 θανάτου
1003 3982 1440 4067 ἐπεσκίασέμε.
1464 3999 1631 4053 Ὅταν
1662 3998 1771 4070 γὰρ
1791 3999 1921 4072 δοκῇ

330 4085 471 4161 πρὸς
501 4086 677 4159 βραχὺ
702 4087 900 4142 διδόναι
924 4089 1038 4153 τοῖς
1063 4089 1248 4154 πόνοις
1275 4087 1591 4161 ἀνακωχὴν,
1634 4086 1791 4154 αὖθις
1815 4108 1922 4145 πα-

331 4178 611 4251 λινδρομεῖ
637 4178 858 4251 διηνεκῆ
889 4180 1159 4251 τιμωρίαν
1188 4179 1531 4251 ποιούμενος.

382 4322 387 4327 .
418 4271 780 4342 Ἐπέστρεψε
812 4272 980 4342 χεῖρα
1009 4272 1196 4328 αὐτοῦ
1225 4273 1380 4341 ὅλην
1408 4273 1526 4343 τὴν
1567 4273 1817 4345 ἡμέραν.
1850 4275 1922 4329 Τὸ

331 4363 491 4432 ὅλην
529 4363 644 4433 τὴν
691 4364 919 4435 ’ἡμέραν
955 4364 1104 4437 δηλοῖ
1124 4367 1250 4421 καθ’
1273 4363 1546 4434 ἑκάστην
1565 4366 1921 4436 ἡμέρανέὼς

2033 1905 2164 1952 sunt
2197 1897 2292 1951 hi?
2321 1897 2376 1953 Si
2400 1899 2619 1969 quidem
2652 1903 2885 1970 parvuli,
2921 1918 3026 1956 non
3057 1904 3212 1959 valde
3255 1906 3609 1976 mirandum;

2033 2002 2180 2041 nunc
2205 2002 2332 2041 vero
2358 1999 2485 2044 ante
2511 1990 2610 2045 bos
2638 1992 2673 2045 ii
2694 2002 2822 2047 sunt
2853 1993 2946 2062 qui
2989 1993 3042 2048 in
3080 1995 3280 2050 virtute
3310 1995 3611 2065 profecisse

2031 2076 2305 2142 videntur,
2338 2079 2430 2133 sed
2456 2088 2511 2133 et
2541 2080 2722 2135 omnis
2754 2082 2941 2136 animo
2981 2081 3353 2153 incorruptus,
3380 2093 3435 2139 et
3468 2086 3610 2140 bello

2033 2166 2191 2223 fortis
2218 2168 2272 2223 in
2301 2170 2562 2226 ditionem
2596 2172 2947 2229 inimicorum
2980 2176 3231 2230 redactus
3258 2188 3361 2231 est.
3399 2175 3481 2232 Tu
3510 2193 3606 2233 au‘

2031 2266 2165 2325 tem,
2187 2268 2445 2330 tanquam
2462 2262 2659 2326 bonus.
2676 2265 2767 2318 tali
2790 2281 2977 2320 eorum
3000 2268 3124 2323 vitae
3149 2271 3311 2323 tinem
3339 2271 3595 2340 imponis,

2030 2362 2333 2418 eorumque
2352 2365 2545 2405 omnes
2575 2361 2803 2406 conatus
2834 2354 2901 2407 ad
2936 2355 3138 2408 malum
3169 2354 3493 2426 confringis.

2031 2442 2038 2448 ’
2103 2438 2258 2496 Vers.
2287 2441 2377 2497 22.
2413 2441 2627 2497 Vocain
2653 2443 2792 2497 diem
2813 2444 3165 2499 solemuitatis
3182 2447 3442 2515 parmcias
3464 2463 3608 2501 mem

2029 2530 2094 2584 de
2124 2533 2368 2586 circuitu.
2401 2533 2505 2600 Qui
2529 2534 2675 2588 circa
2708 2550 2818 2599 me,
2860 2536 3036 2605 inquit
3058 2575 3075 2597 ,
3118 2534 3363 2591 Judaeam
3396 2538 3608 2594 habita—

2029 2620 2184 2687 bant,
2219 2624 2617 2679 solemnitatem
2652 2640 2807 2678 suam
2850 2640 2974 2680 esse
3007 2627 3395 2682 existimabant
3423 2629 3491 2683 ad
3519 2643 3612 2684 me

2028 2714 2348 2786 confugere,
2372 2715 2602 2770 salutem
2638 2717 2764 2772 inde
2792 2728 3110 2787 sperantes;
3159 2733 3396 2788 quorum
3445 2733 3611 2775 nemo

2030 2814 2311 2875 superstes
2339 2818 2423 2861 est
2450 2807 2520 2862 ob
2554 2815 2701 2862 tuam
2734 2807 2789 2861 in
2820 2822 2916 2864 eos
2947 2809 3151 2863 illatam
3183 2810 3341 2864 iram.
3382 2809 3462 2864 0b
3486 2825 3610 2881 quae

2028 2899 2174 2957 enim
2198 2907 2525 2970 peccarunt,
2554 2901 2755 2954 multos
2789 2909 2844 2954 et
2864 2908 3113 2969 potentes
3142 2901 3380 2958 habuere
3396 2902 3606 2959 hostes.

2681 2990 2834 3046 CAP.
2865 2991 2951 3046 ΙΙΙ.

2102 3080 2260 3138 Vers.
2291 3080 2343 3135 1.
2381 3078 2494 3152 Ego
2525 3081 2604 3136 vir
2627 3080 2804 3135 videns
2828 3090 3211 3151 paupertatem.
3237 3082 3379 3138 Ante
3402 3091 3457 3138 et
3485 3092 3610 3153 post

2031 3175 2186 3231 urbis
2208 3175 2479 3231 excidium
2513 3174 2696 3245 gravia
2729 3189 2926 3245 passus
2948 3184 3031 3231 est
3057 3175 3341 3246 propheta.
3396 3174 3608 3233 Idcirco

2029 3283 2227 3324 novam
2256 3269 2654 3323 elementorum
2674 3267 2869 3321 seriem
2899 3267 3144 3331 ordiens,
3168 3278 3341 3323 semet
3362 3266 3609 3337 deplorat

2026 3360 2221 3416 videns
2254 3367 2629 3429 paupertatem
2662 3356 3125 3427 solitudinemque
3163 3357 3403 3412 civitatis
3431 3359 3609 3413 corri-

2024 3452 2207 3522 piente
2236 3450 2488 3505 Domino.
2530 3448 2648 3520 Ipse
2691 3465 2912 3520 quoque
2966 3450 3324 3505 nihilominus
3375 3451 3603 3520 p~nuria

2026 3546 2297 3601 bonorum
2327 3544 2630 3608 laborabat,
2660 3551 2774 3597 tum
2804 3542 2875 3595 ob
2924 3542 3220 3595 discrimen
3248 3544 3391 3610 quod
3437 3542 3607 3597 subiit

2025 3652 2122 3693 eos
2148 3634 2547 3705 redarguendo,
2582 3634 2654 3688 ita
2680 3641 2738 3685 ut
2768 3632 2970 3687 diceret
3000 3633 3046 3663 "
3082 3649 3096 3685 ι
3134 3630 3466 3686 Perseveravi
3488 3631 3609 3686 tub-

2025 3737 2285 3783 sannatus
2313 3735 2424 3779 tota
2474 3725 2596 3787 die;
2655 3731 2766 3777 tum
2823 3722 2952 3792 quia
2994 3723 3365 3776 calamitatum
3411 3737 3603 3778 eorum

2024 3819 2299 3889 particeps
2324 3823 2463 3879 erat,
2491 3824 2547 3870 et
2581 3812 3079 3868 commiserationis
3122 3812 3315 3866 aﬂectu
3357 3813 3602 3871 dolebat.

2025 3909 2169 3963 Dicit
2188 3908 2351 3963 etiam
2378 3921 2503 3961 cum
2533 3904 2737 3959 Davide
2760 3921 2774 3957 :
2802 3904 2846 3934 ⁵³
2879 3902 3077 3957 Umbra
3105 3905 3290 3957 mortis
3336 3906 3605 3973 cooperuit

2024 4019 2127 4057 me.
2157 4001 2294 4057 Cum
2326 3998 2471 4054 enim
2501 3997 2661 4070 34],
2690 3996 2904 4053 videtur
2946 3997 3012 4051 ad
3063 3996 3336 4050 modicum
3391 4005 3605 4067 tempus

2025 4094 2274 4150 inducias
2295 4092 2566 4149 malorum
2597 4091 2728 4145 dare
2759 4127 2775 4152 ,
2822 4104 3017 4143 rursus
3049 4086 3277 4143 recurrit
3311 4102 3603 4158 perennem

2025 4184 2267 4240 inferens
2301 4184 2665 4253 punitionem.

2095 4274 2251 4330 Vers.
2285 4274 2337 4327 5.
2364 4271 2630 4326 Convertit
2662 4286 2875 4324 manum
2902 4286 3052 4325 suam
3072 4277 3184 4324 tota
3211 4271 3313 4324 die.
3338 4268 3470 4323 Tota
3494 4270 3605 4337 die,

2023 4368 2164 4424 idem
2196 4364 2467 4436 signiﬁcat
2500 4379 2563 4418 ac
2597 4364 2840 4434 quotidie
2868 4381 2880 4416 :
2931 4362 3076 4416 sicut
3100 4360 3263 4415 etiam
3317 4360 3458 4430 apud
3496 4358 3603 4414 Da-

331 4450 488 4524 παρὰ
545 4452 623 4525 τῷ
688 4453 869 4507 Δαυῖδ⁸
936 4454 1122 4522 Ὅλην
1178 4453 1294 4523 τὴν
1346 4452 1576 4525 ἡμέραν
1643 4455 1922 4526 πολεμῶν

2029 4459 2115 4514 vid
2145 4458 2190 4490 “
2224 4476 2237 4512 :
2276 4457 2409 4512 Tota
2450 4456 2536 4509 die
2560 4456 2874 4527 impugnans
2898 4452 3169 4506 tribulavit
3198 4469 3295 4505 me.
3337 4450 3472 4507 Illud
3505 4468 3607 4508 au-

330 4542 548 4613 ἔθλιψέ
566 4562 662 4615 με.
691 4545 956 4617 Σημαίνοι
988 4545 1033 4598 δ’
1068 4546 1135 4600 ἂν
1173 4546 1254 4612 τὸ,
1291 4548 1582 4616 Ἔστρεψε
1609 4547 1778 4618 χεῖρα
1808 4551 1917 4603 αὑ-

332 4632 465 4700 τοῦ,
500 4636 593 4690 καὶ
632 4638 714 4692 ὅτι
755 4637 923 4692 πάλαι
960 4655 1050 4709 μοι
1082 4637 1151 4692 τὰ
1182 4636 1363 4709 ἀγαθὰ
1391 4639 1664 4711 χορηγῶν,
1691 4639 1787 4696 νῦν
1819 4641 1918 4706 τὰς

296 4736 299 4737 ⁷
332 4725 581 4791 παιδείας
613 4727 829 4797 ἐπάγει,
861 4728 1109 4802 καθάπερ
1138 4727 1372 4794 ἀλλάξας
1400 4730 1498 4802 τὴν
1526 4733 1702 4802 χεῖρα.

419 4816 786 4874 Ἐπαλαίωσε
812 4818 1011 4889 σάρκα
1039 4838 1180 4891 μου,
1211 4837 1265 4874 κ.
1305 4837 1356 4876 τ.
1391 4826 1434 4874 ε.
1465 4820 1574 4893 Τὴν
1611 4822 1916 4895 σαθρότητα

330 4911 432 4985 τὴν
463 4912 747 4983 συμϐᾶσαν
779 4913 913 4985 ἡμῖν
936 4914 1002 4966 ἐκ
1027 4911 1127 4983 τῆς
1148 4912 1422 4985 ἁμαρτίας
1452 4913 1726 4983 σημαίνει.
1898 4978 1903 4985 ,

324 5066 331 5073 _
412 5000 522 5058 Τοῦ
572 5004 782 5059 αὑτοῦ.
833 5004 1095 5077 Συμφορὰ
1144 5003 1254 5077 γὰρ
1299 5003 1557 5076 ἐπίμονος
1597 5006 1917 5078 γεροντικὴν

328 5086 620 5151 ἀσθένειαν
654 5098 891 5167 ἐμποιεῖ.

372 5214 380 5221 ·
418 5186 861 5266 Ἀνφσιοδόμησε
891 5188 1017 5243 κατ’
1047 5188 1219 5259 ἐμοῦ.
1247 5189 1323 5243 Οὐ
1350 5187 1459 5262 γὰρ
1496 5190 1677 5262 ἀφῆκέ
1706 5207 1773 5262 με
1797 5191 1918 5244 δια-

329 5279 529 5349 φυγεῖν
556 5278 645 5349 τὰ,
671 5279 821 5334 δεινὰ
865 5281 1199 5352 πανταχόθεν
1246 5280 1722 5352 πολιορκούμενον.
1756 5281 1920 5352 Λέγοι

329 5368 378 5425 δ’
413 5369 479 5424 ἂν
512 5368 642 5447 ἴσως
685 5370 780 5425 καὶ
811 5372 873 5426 τὸ
912 5363 1239 5446 περιϐληθὲν
1269 5375 1337 5445 τῇ
1365 5372 1518 5427 πόλει
1551 5376 1729 5444 τεῖχος
1757 5372 1918 5427 πολέ-

324 5476 485 5533 μιον.

418 5534 515 5629 ἐν
550 5552 884 5619 σκοτεινοῖς
905 5553 1148 5610 exactae
1172 5571 1270 5625 με.
1307 5553 1418 5628 Τὴν
1451 5554 1620 5627 αὐτὴν
1657 5554 1795 5628 μετὰ
1821 5555 1916 5610 τοῦ

2028 4560 2136 4604 tem
2172 4568 2185 4603 :
2226 4547 2490 4604 Convertit
2518 4562 2732 4599 manant
2758 4560 2933 4608 suam,
2969 4542 3277 4613 significare
3314 4542 3477 4597 etiam
3505 4558 3607 4614 po-

2027 4644 2152 4709 terit
2183 4640 2326 4712 quod
2357 4639 2485 4693 olim
2516 4638 2647 4692 mihi
2679 4622 2822 4692 botia
2857 4622 3232 4708 suppeditans,
3265 4651 3409 4689 nunc
3437 4635 3606 4691 casti—

2024 4735 2271 4804 gationes
2294 4730 2478 4796 infert,
2500 4746 2665 4785 manu
2692 4728 2848 4797 quasi
2875 4742 3162 4783 conversa.

2096 4826 2255 4884 γεγε.
2285 4826 2339 4880 4.
2381 4823 2649 4878 Velustam
2690 4822 2812 4892 fecit
2836 4837 3046 4875 carnem
3073 4835 3259 4884 meam,
3297 4830 3402 4873 rte.
3442 4817 3601 4875 Debi-

2019 4919 2222 4973 litatem
2248 4917 2302 4971 in
2338 4916 2494 4973 nobis
2514 4931 2577 4970 ex
2609 4920 2832 4984 peccato
2858 4922 3032 4966 ortam
3065 4910 3351 4982 signiﬁcat.

2024 5058 2029 5065 .
2093 5007 2372 5079 Ejusdem.
2404 5007 2637 5063 Assidue
2658 5004 2858 5075 quippe
2880 5001 3163 5058 calamitas
3186 4999 3413 5055 senilem
3442 4998 3603 5055 nobis

2019 5101 2181 5158 eflieit
2206 5099 2654 5156 imbecillitatem.

2093 5191 2252 5248 Vers.
2288 5192 2346 5247 5.
2377 5189 2691 5260 xEdt'ﬁcavit
2722 5196 2906 5242 contra
2936 5201 3038 5239 me.
3068 5180 3187 5238 Non
3223 5181 3368 5238 enim
3399 5181 3569 5251 pcrmi

2019 5285 2091 5343 sit
2121 5300 2207 5339 me
2232 5284 2470 5355 undique
2490 5281 2773 5336 obsidione
2807 5291 3129 5348 oppressum
3165 5274 3401 5343 effugere
3435 5272 3599 5348 mise-

2018 5376 2149 5432 rias.
2184 5375 2438 5445 lntclligit
2489 5372 2723 5428 fortasse
2757 5369 2923 5424 etiam
2967 5366 3207 5421 hostium
3238 5378 3455 5418 murum
3486 5376 3600 5431 quo

2017 5466 2210 5521 civitas
2240 5464 2345 5521 fuit
2371 5460 2804 5519 circumvallata.

2089 5553 2248 5612 Vers.
2273 5554 2327 5610 6.
2354 5552 2423 5608 In
2455 5551 2693 5606 obscuris
2729 5544 3009 5603 collocavit
3036 5558 3137 5597 me.
3168 5540 3401 5597 Easdem
3432 5553 3596 5598 vocrs

397 5729 450 5764 ”
474 5729 632 5786 Deut.
675 5745 871 5801 xxvm,
905 5733 994 5789 55.
1070 5735 1114 5766 "
1139 5733 1286 5792 Psal.
1314 5748 1504 5802 cxvnt,
1540 5733 1666 5790 M2.
1739 5734 1786 5767 ⁸⁸
1819 5732 2019 5793 Jerem.
2048 5750 2142 5804 xx,
2165 5734 2217 5790 7.
2259 5734 2305 5768 '°
2330 5732 2476 5790 Psal.
2510 5746 2665 5799 xuu,
2695 5728 2788 5786 20.
2864 5727 2911 5760 “
2941 5724 3089 5784 Psal.
3115 5741 3205 5784 ιν.
