4140 6430
492 262 597 357 et“:

491 508 549 565 iu
578 511 854 576 manibus,
887 512 936 564 id
969 509 1275 580 signiﬁcare
1309 510 1560 563 videtur:
1591 520 1850 579 tanquam
1876 511 1930 564 in
1962 526 2071 564 ma—

493 616 602 657 nus
642 611 925 658 sumentes
974 601 1354 671 cogitationes,
1392 602 1773 657 rxamiuemus
1822 618 1891 657 an
1923 618 2073 672 purae

490 693 624 748 sint.

561 781 720 839 νει-ε.
752 786 842 840 45.
871 785 1143 855 Oper-uiui
1168 786 1224 839 in
1254 785 1455 855 furore.
1490 785 1666 840 Etiam
1690 786 1807 841 htec
1832 796 1961 841 sunt
1978 804 2072 842 sn-

478 875 719 941 .perioris
759 877 1126 933 confessionis
1171 893 1297 948 pars
1346 879 1594 948 quaedam
1639 897 1654 934 :
1710 880 1876 934 veluti
1923 881 2068 935 euim

488 967 742 1022 tenebras
766 984 797 1023 e
820 970 962 1024 nube
986 970 1224 1025 eﬂ‘udisti
1250 970 1406 1025 nobis
1429 970 1773 1025 calamitates
1793 986 1809 1036 ;
1833 980 1889 1025 et
1912 973 2071 1042 longe

487 1057 698 1126 positos
745 1073 775 1113 a
824 1071 874 1115 te
923 1071 1245 1131 persecutus
1289 1078 1385 1129 es,
1430 1064 1677 1118 occidisti
1733 1063 2070 1120 mortiticans

486 1159 712 1217 peccato
761 1166 857 1221 per
908 1167 1117 1222 poenas.
1156 1152 1221 1207 Et
1256 1156 1385 1224 qu'a
1436 1164 1657 1224 peccata
1692 1166 1878 1210 nostra
1907 1170 2007 1212 nos
2036 1171 2069 1211 ιι

486 1247 539 1290 te
583 1237 921 1307 dividebant,
981 1251 1241 1311 tanquam
1295 1245 1471 1297 nubes
1518 1244 1821 1313 interjecta,
1880 1260 2069 1314 preces

487 1338 688 1385 nostra
715 1333 782 1385 ad
804 1342 855 1386 te
877 1348 984 1386 non
1006 1334 1390 1402 perveniebant
1405 1334 1477 1394 ;"'
1514 1334 1614 1389 διε
1630 1335 1775 1389 enim
1800 1334 2071 1389 columba:

487 1421 647 1475 nobis
682 1438 789 1477 non
816 1435 973 1477 erant
1000 1426 1066 1478 ad
1099 1425 1559 1493 supervolauduin
1582 1440 1648 1479 ac
1668 1425 1957 1480 dicendum
1976 1426 2024 1458 "
2050 1445 2065 1482 :

488 1508 557 1563 lu
594 1510 703 1563 Deo
736 1513 1101 1581 tramgrcdiar
1146 1529 1377 1567 murum.
1412 1510 1528 1567 Non
1559 1516 1706 1567 enim
1753 1514 1911 1569 facile
1950 1523 2071 1569 erat

485 1603 817 1671 pertransire
843 1615 1147 1673 peccatum,
1171 1605 1372 1674 quippe
1400 1604 1548 1673 quod
1578 1606 1811 1659 solidum
1836 1615 1890 1659 et
1914 1614 2067 1661 tene-

486 1693 764 1748 Lricosum
801 1706 902 1758 tst,
934 1703 1120 1765 utpote
1152 1693 1394 1766 Spiritus
1428 1695 1603 1751 sancti
1636 1711 1852 1766 expers.

554 1867 711 1923 νοτε.
741 1868 832 1923 47.
876 1868 1059 1923 Timor
1086 1877 1136 1923 et
1180 1870 1334 1939 {uror
1362 1870 1538 1941 factus
1566 1879 1645 1924 est
1689 1869 1859 1925 nobis.
1905 1870 2057 1942 Sym-

482 1962 734 2028 machus,
772 1972 963 2015 terror.
992 1961 1132 2017 'l‘oto
1178 1978 1275 2016 ore
1306 1962 1710 2018 absorbuerunt
1759 1979 1858 2018 nos
1907 1974 1957 2018 et
2011 1966 2063 2019 in

480 2052 814 2125 profundum
853 2055 1123 2110 malorum
1154 2056 1316 2109 delati
1348 2071 1562 2120 sumus,
1601 2057 1815 2111 timoris
1845 2071 1909 2111 ac
1944 2065 2063 2112 tur-

480 2146 721 2201 bationis
778 2147 973 2216 pleni:
1033 2147 1180 2201 cadit
1231 2147 1377 2200 enim
1437 2157 1692 2215 peccator
1744 2149 1795 2200 in
1852 2150 2062 2203 foveam

484 2254 646 2302 quam
703 2238 857 2299 fodit,
906 2253 1006 2307 pro
1059 2239 1127 2293 iis
1174 2255 1297 2308 quae
1327 2239 1559 2308 deliquit
1592 2254 1782 2309 poenas
1818 2241 2060 2298 solvens.

485 2324 551 2379 Et
582 2326 843 2395 quoniam
875 2336 1003 2380 ante
1028 2328 1416 2381 contritionem
1451 2330 1707 2397 przeredit
1731 2332 2063 2386 contumelia

482 2419 636 2486 juxta
684 2415 1056 2480 Salomoncm,
1095 2418 1199 2472 hoc
1229 2428 1334 2484 est,
1377 2420 1654 2489 superbia,
1689 2422 1815 2476 elati
1847 2439 2061 2490 sumus,

485 2509 682 2577 inquit,
710 2519 765 2564 et
792 2510 1035 2564 contriti.
1072 2507 1226 2565 Unde
1247 2522 1299 2566 et
1333 2510 1499 2567 David
1536 2515 1687 2568 canit
1713 2516 1759 2546 '"
1788 2533 1802 2569 :
1842 2514 1927 2570 Ne
1963 2519 2065 2571 att-

482 2602 652 2653 ueniat
694 2602 823 2656 mihi
853 2619 940 2671 pes
984 2603 1262 2672 superbiw,
1302 2614 1352 2658 et
1396 2620 1585 2661 manus
1626 2614 1920 2677 peccatoris
1958 2629 2063 2667 non

482 2702 686 2745 ιιιουειιι
715 2710 813 2747 me.

550 2782 714 2855 3η
785 2784 932 2840 Vers.
991 2786 1082 2841 48.
1137 2786 1461 2843 Emissiones
1526 2805 1791 2859 aquarum
1843 2791 2064 2848 deducet

481 2872 668 2924 erutus
703 2889 845 2925 meus
882 2891 1039 2943 super
1068 2877 1436 2930 contritiouem
1481 2877 1611 2944 ﬁlia!
1643 2879 1826 2947 papuli
1849 2882 1968 2935 mei.
1998 2880 2066 2935 Et

484 2971 565 3018 tot
591 2963 732 3017 mala
766 2980 985 3034 passus,
1024 2983 1125 3036 pro
1172 2983 1364 3021 eorum
1414 2970 1732 3026 auctoribus
1784 2972 1949 3028 dolet.
1984 2971 2062 3028 Ita

480 3055 716 3108 ettart'tas
737 3072 839 3109 non
864 3059 1059 3126 cogitat
1085 3060 1286 3110 malum
1316 3058 1382 3111 ⁸¹.

557 3146 712 3200 Vere.
746 3146 836 3202 49.
870 3146 1069 3202 Oculus
1100 3165 1244 3202 meus
1276 3149 1558 3218 absorptus
1582 3159 1678 3205 est.
1715 3150 1883 3218 Quasi
1914 3153 2061 3209 dice-
2088 3146 2131 3177 "'

483 3246 565 3292 ret
593 3255 607 3291 :
631 3237 826 3293 oculus
856 3253 1011 3291 meus
1032 3240 1360 3307 defatigatus
1390 3250 1494 3306 cst,
1529 3250 1584 3295 et
1606 3258 1716 3297 non
1750 3244 1966 3309 tacebit,
1992 3260 2060 3299 eo

480 3328 627 3399 quod
665 3343 770 3381 non
817 3330 888 3383 sit
917 3341 1096 3386 cessat
1119 3346 1172 3383 ο.
1221 3332 1584 3403 Symmachus
1617 3335 1756 3390 dixit
1793 3356 1807 3391 :
1857 3337 2060 3392 Oculus

481 3435 626 3473 meus
660 3421 913 3485 perstitit,
942 3430 990 3473 et
1014 3437 1115 3473 non
1138 3425 1380 3487 cessarit,
1415 3441 1474 3477 eo
1502 3427 1643 3496 quod
1673 3445 1777 3481 ttutt
1816 3441 1949 3483 esset
1976 3446 2061 3484 rea

481 3510 724 3576 lautia;
751 3510 1103 3582 Septuaginta
1135 3523 1315 3568 autem
1344 3516 1673 3585 signiﬁcant,
1702 3522 1848 3589 quod
1885 3522 2061 3576 oculis

479 3609 642 3660 etiam
676 3607 1039 3678 lacrymarum
1072 3609 1226 3679 copia
1255 3609 1560 3676 inﬁrmatis,
1586 3628 1694 3666 nou
1721 3623 1901 3667 tamen
1928 3614 2060 3669 mihi

483 3699 798 3767 temperavi,
835 3715 863 3753 a
901 3698 1121 3768 planctu
1158 3716 1373 3756 cessare
1414 3718 1519 3757 non
1550 3706 1772 3771 valens;
1811 3709 2063 3778 Symma-

481 3788 618 3844 chus
642 3804 789 3855 vcrn,
821 3792 962 3859 quod
994 3793 1333 3861 perseveravi
1387 3794 1712 3866 lacrymaus,
1750 3813 1848 3851 nec
1895 3799 2063 3852 inter-

482 3882 640 3946 misi;
687 3883 904 3937 assidna
953 3885 1153 3953 quippe
1203 3885 1378 3938 oratio
1426 3898 1476 3939 et
1511 3886 1874 3957 lacrymarum
1907 3888 2058 3959 copia

484 3970 651 4028 Deum
686 3974 750 4027 ad
782 3974 1211 4029 misericordiam
1248 3977 1492 4032 trahunt.

557 4060 710 4119 Vers.
765 4066 853 4120 51.
914 4065 1114 4120 Oculus
1171 4083 1317 4121 meus
1376 4070 1685 4123 raremabit.
1755 4069 2065 4125 Concidunt

480 4157 625 4212 cnim
667 4174 753 4212 me
803 4160 1078 4231 lacrymaa,
1108 4160 1251 4214 sicut
1289 4160 1451 4214 vitem
1503 4161 1735 4226 diligens
1768 4162 2065 4216 vindemia-

483 4257 607 4314 tor;
654 4257 709 4302 at
738 4242 1038 4304 secundum
1071 4246 1486 4320 Symmachum,
1519 4251 1769 4320 quoniam
1800 4251 2063 4307 demerse-

1906 297 1996 355 EX
2037 297 2343 356 OIHGENE

567 419 723 476 νοτε.
769 421 855 475 ιι.
902 420 1151 475 ιευεηιιη
1191 419 1353 472 corda
1408 429 1608 473 nostra.
1657 419 1862 473 chare
1907 419 2072 473 corda
2106 423 2149 479 Α

3652 305 3757 360 688

2264 418 2669 488 Ἇναλάὸωμεν
2695 417 2941 486 καρδίας
2974 419 3160 488 ἡμῶν.
3193 419 3265 473 Τὸ
3297 418 3586 475 ἀναλαϐεῖν
3626 441 3757 496 διαρ-

2173 511 2289 575 δίας
2321 513 2414 565 ἐπὶ
2443 512 2643 583 χειρῶν
2687 511 2835 564 δοκεῖ
2859 511 3052 583 δηλοῦν
3086 515 3166 569 τό·
3195 514 3357 566 οἱονεὶ
3398 513 3538 584 μετὰ
3569 519 3758 589 χεῖρας

2173 602 2430 665 λαϐόντες
2484 603 2582 664 τὰς
2636 602 2845 657 ἑαυτῶν
2896 602 3103 666 ἐννοίας
3161 603 3541 676 ἐξετάσωμεν,
3597 604 3755 681 εἴπερ

2175 694 2283 745 εἰσὶ
2321 693 2580 764 καθαραί.

2257 784 2710 851 ’Ἀπεσκέπασας
2754 786 2825 839 ἐν
2871 787 3055 857 θυμῷ.
3091 788 3201 842 Καὶ
3250 787 3419 841 ταῦτα
3472 788 3756 860 φθασάσης

2173 875 2616 947 ἐξομολογήσεως
2657 878 2821 950 μέρος
2842 894 2855 907 ’
2889 879 2967 942 ὡς
2996 879 3104 950 γὰρ
3131 879 3320 942 σκότος
3343 881 3476 949 ἡμῖν
3509 883 3574 934 ἐκ
3599 881 3752 952 νεφέ-

2171 972 2271 1045 λης
2303 974 2583 1044 ἐπήγαγες
2611 974 2710 1049 τᾲς
2739 974 2848 1027 τῶν
2878 974 3069 1028 δεινῶν
3098 975 3468 1047 περιστάσεις,
3515 978 3608 1030 καί⁵
3652 992 3760 1048 μα-

2172 1064 2310 1136 κρὰν
2352 1064 2512 1129 ὄντας
2551 1066 2661 1118 ἀπὸ
2696 1063 2791 1118 σοῦ
2831 1064 3180 1131 κατεδίωξας,
3218 1065 3506 1129 ἀπώλεσας
3543 1066 3759 1141 νεκρῶν

2169 1155 2237 1225 τῇ
2270 1153 2518 1226 ἁμαρτίᾳ
2543 1154 2631 1207 διὰ
2661 1155 2759 1224 τῆς
2786 1153 3075 1227 τιμωρίας.
3107 1154 3217 1208 Καὶ
3241 1155 3469 1222 ἐπείπερ
3494 1157 3549 1209 αῖ
3579 1158 3758 1227 ἁμαρ.

2167 1244 2279 1298 τίαι
2316 1244 2476 1316 ήμῶν
2510 1245 2727 1300 διίστων
2769 1246 2919 1316 ἡμᾶς
2963 1246 3073 1299 ἀπὸ
3113 1246 3231 1311 σοῦ,
3271 1244 3461 1320 ὥσπερ
3492 1246 3755 1319 διατειχι-

2169 1337 2370 1410 ζούσης
2398 1338 2651 1409 νεφέλης,
2680 1339 2782 1392 οὐκ
2807 1338 3037 1408 ἔφθανεν
3065 1339 3224 1410 ἡμῶν
3250 1342 3283 1411 ἡ
3315 1340 3592 1412 προσευχὴ
3617 1339 3757 1412 πρὸς

2170 1428 2231 1481 σέ
2249 1446 2264 1460 θ
2293 1429 2354 1483 οὐ
2397 1428 2506 1501 γὰρ
2534 1431 2752 1501 εἴχομεν
2781 1430 3061 1501 πτέρυγας
3088 1432 3418 1502 περιστερᾶς
3446 1431 3757 1502 ὑπερίπτα-

2172 1518 2297 1574 σθαί
2317 1537 2377 1573 τε
2422 1521 2514 1573 καὶ
2544 1519 2723 1590 λέγειν
2741 1537 2756 1552 ο
2803 1522 2900 1575 Ἑν
2930 1520 3010 1587 τῷ
3040 1521 3162 1587 Θεῷ
3190 1521 3603 1591 ὑπερϐήσομαι
3639 1520 3753 1575 τεῒ-

2169 1627 2307 1680 χοςο
2351 1612 2419 1665 ού
2463 1611 2572 1683 γὰρ
2616 1608 2684 1683 ἦν
2726 1612 2949 1683 εὐχερὲς
2995 1612 3289 1684 παρελθεῖν
3315 1614 3414 1683 τὴν
3452 1614 3751 1685 ἁμαρτίαν,

2172 1701 2399 1772 στερεὰν
2429 1719 2489 1755 τε
2514 1698 2682 1756 οὖσαν
2714 1704 2811 1756 καὶ
2842 1703 3140 1775 σκοτεινὴν,
3177 1704 3492 1775 Πνεύματος
3523 1706 3753 1777 ἄμοιρον

2097 1775 2140 1831 Β
2168 1791 2347 1860 ἁγίου.

2240 1887 2431 1952 Φόϐος
2442 1886 2538 1939 καί
2562 1886 2748 1956 θυμὸς
2762 1886 3019 1957 ἐγενήθη
3042 1885 3204 1955 ἡμῖν.
3230 1883 3547 1958 Σύμμαχος,
3574 1890 3757 1959 πτόη-

2166 1993 2286 2044 σις.
2339 1978 2485 2050 Ὅλῳ
2536 1978 2767 2049 στόματι
2812 1977 3069 2031 κατέπιον
3116 1980 3286 2050 ἡμᾶς,
3320 1983 3413 2032 καὶ
3460 1982 3540 2043 εἰς
3587 1980 3754 2050 βάθος

2166 2068 2354 2122 κακῶν
2407 2068 2815 2141 ὑπηνέχθημεν,
2865 2069 3030 2139 φόϐου
3086 2070 3180 2123 καὶ
3234 2071 3482 2141 ταραχῆς
3538 2073 3755 2143 ἐμπλη-

2168 2159 2385 2224 σθέντες
2403 2177 2417 2191 °
2453 2160 2717 2231 ἐμπίπτει
2745 2161 2855 2231 γὰρ
2895 2162 2975 2223 είς
3002 2161 3061 2214 ὃν
3091 2160 3268 2233 ὤρυξε
3297 2161 3486 2234 βόθρον
3513 2165 3542 2215 ὁ
3567 2164 3755 2234 ἁμαρ-

2165 2251 2352 2316 τωλὸς,
2380 2251 2554 2316 διδοὺς
2583 2245 2657 2305 ὧν
2703 2253 2917 2323 ἥμαρτε
2960 2251 3136 2315 δίκας.
3173 2253 3281 2306 Καὶ
3314 2253 3435 2305 ἐπεὶ
3470 2252 3573 2325 πρὸ
3619 2270 3748 2307 συν-

2165 2344 2356 2415 τριΰῆς
2380 2345 2596 2413 ἡγεῖται
2622 2341 2778 2415 ὕϐρις
2804 2342 2949 2396 κατὰ
2976 2344 3066 2396 τὸν
3096 2343 3438 2415 Σολομῶν-τα,
3468 2344 3756 2400 τουτέστιν

2167 2435 2535 2507 ὑπερηφανία,
2571 2435 2892 2507 ἐπήρθημέν
2913 2451 2973 2488 τε
3001 2435 3095 2487 καὶ
3136 2434 3551 2507 συνετρίϐημεν.
3586 2436 3761 2490 Ὅθεν

2165 2526 2195 2577 ό
2226 2524 2390 2580 Δαυῖδ
2420 2526 2679 2598 μελῳδεῖ·
2709 2529 2767 2580 Μ
2774 2526 2806 2595 ἡ
2844 2526 3064 2581 ἐλθέτω
3106 2543 3209 2597 μοι
3240 2526 3394 2593 ποῦς
3441 2529 3750 2599 ὑπερηφα-

2165 2616 2321 2684 νίας,
2356 2617 2456 2671 καῖ
2486 2619 2614 2688 χεὶρ
2645 2619 2996 2690 ἀμτιρτωλοῦ
3023 2616 3110 2690 μὴ
3143 2620 3442 2675 ualerium
3470 2636 3568 2691 με.

2248 2797 2513 2867 Ἆφέσεις
2540 2795 2775 2850 ὑδάτων
2800 2795 3044 2861 κατάξει
3078 2799 3112 2851 ό
3153 2796 3460 2866 ὀφθαλμός
3480 2813 3604 2867 μου
3648 2795 3753 2851 ἐπὶ

2166 2890 2233 2942 τὸ
2278 2890 2619 2957 σύντριμμα
2662 2886 2775 2956 τῆς
2817 2887 3110 2957 θυγατρὸς
3149 2887 3258 2942 τοῦ
3285 2887 3441 2941 λαοῦ
3462 2906 3606 2958 μου.
3638 2889 3754 2945 Καὶ

2166 2979 2401 3034 τοσαῦτα
2439 2978 2650 3045 παθὼν,
2677 2978 2788 3032 τῶν
2818 2978 3157 3049 δεδρακότων
3194 2978 3516 3050 ὖπεραλγεῖ.
3556 2979 3749 3047 Οὕτως

2168 3074 2206 3140 ἡ
2234 3070 2435 3140 ἀγάπη
2456 3071 2522 3124 τὸ
2545 3070 2737 3124 κακὸν
2759 3072 2833 3125 οὐ
2862 3069 3175 3140 λογίζεται.

2247 3163 2301 3215 '0
2332 3162 2639 3232 ὀφθαλμὸς
2661 3178 2781 3230 μου
2812 3164 3132 3230 κατεπόθη.
3173 3162 3319 3216 ’Δντὶ
3336 3161 3432 3216 τοῦ
3450 3180 3466 3195 ·
3513 3163 3753 3235 Ὀφθαλ-

2167 3252 2268 3324 μός
2327 3270 2430 3323 μου
2469 3251 2765 3322 κατεπόθη,
2800 3252 2895 3306 καὶ
2936 3253 2997 3306 οὐ
3030 3255 3314 3323 σιγήσεται
3345 3253 3441 3308 τοῦ
3490 3255 3564 3327 μὴ
3608 3252 3751 3311 εἶναι

2164 3344 2410 3415 ἔκνηψιν,
2449 3345 2747 3416 Σύμμαχος
2779 3341 2963 3398 εἶπεν·
3009 3346 3072 3398 '0
3111 3347 3422 3416 ὀφθαλμός
3448 3365 3568 3417 μου
3601 3347 3754 3402 ὑπέ-

2158 3451 2387 3504 μεινεν,
2424 3434 2520 3486 καὶ
2554 3436 2664 3486 οὐκ
2694 3434 3002 3487 ἐπαύσατο
3030 3434 3137 3487 τοῦ
3175 3433 3263 3503 μὴ
3306 3431 3459 3488 εἶναι
3493 3434 3708 3487 ἄνεσιν
3729 3450 3748 3466 ο

2163 3522 2380 3592 δηλοῦσι
2398 3522 2456 3575 δέ
2471 3523 2521 3575 οἱ
2546 3522 3075 3594 μένἙῦδομήκοντα,
3095 3524 3176 3576 ὅτι
3194 3524 3287 3577 καὶ
3314 3524 3428 3577 τῶν
3454 3521 3756 3594 ὀφθαλμῶν

2165 3615 2230 3667 ἐκ
2256 3614 2496 3684 πλήθους
2528 3613 2779 3682 δακρύων
2795 3614 3177 3685 ὴσθενηκότων
3202 3614 3264 3667 οὺ
3291 3615 3554 3669 διέλειπον
3586 3616 3748 3682 ὅλως,

2164 3705 2435 3776 ἀνανῆψαι
2465 3704 2558 3758 τοῦ
2589 3703 2869 3776 κλαυθμοῦ
2905 3706 2979 3775 μὴ
3014 3704 3312 3775 δυνάμενος
3331 3723 3344 3734 ·
3375 3708 3404 3759 ό
3433 3706 3490 3759 δέ
3518 3707 3751 3779 Σύμμα-

2164 3814 2278 3868 χος,
2325 3798 2430 3860 ὅτι,
2480 3796 2745 3867 ἐπέμεινα
2785 3813 2845 3849 τε
2889 3796 3160 3867 δακρύων,
3195 3797 3291 3849 καὶ
3338 3798 3399 3849 ού
3445 3798 3751 3853 διέλειπον⁸

2165 3888 2441 3959 προσευχὴ
2496 3887 2606 3961 γὰρ
2651 3887 2875 3959 ἐκτενὴς
2913 3887 3008 3940 καὶ
3057 3887 3308 3958 δακρύων
3350 3888 3603 3954 ἐπίτασις
3652 3890 3751 3945 τὸν

2163 3981 2296 4035 Θεὸν
2330 3982 2549 4051 ἐφέλκει
2588 3982 2725 4053 πρὸς
2752 3980 2918 4034 ἔλεον.

2246 4074 2301 4126 '0
2331 4074 2637 4141 ὀφθαλμός
2664 4090 2784 4141 μου
2827 4070 3190 4141 ἐπιφυλιιεῖ.
3236 4073 3584 4126 Κατακόπτει
3636 4080 3747 4146 γάρ

2170 4182 2237 4235 με
2263 4164 2334 4218 τὰ
2362 4164 2593 4235 δάκρυα,
2620 4165 2870 4234 καθάπερ
2904 4163 3144 4235 ἄμπελον
3178 4163 3411 4236 ἀκριϐὴς
3431 4169 3710 4236 τρυγητής
3727 4181 3748 4199 ο

2165 4256 2307 4309 κατὰ
2350 4255 2406 4308 δὲ
2437 4254 2754 4326 Σύμμαχον,
2802 4253 2892 4306 ὅτι
2945 4252 3391 4307 κατεπόντισάν
3415 4272 3494 4324 με
3525 4259 3596 4309 τὰ
3640 4253 3751 4309 δά-

484 4348 606 4392 runt
653 4356 734 4393 me
780 4339 1053 4410 tacryma‘,
1098 4342 1417 4411 metaphora
1463 4342 1533 4395 ab
1588 4341 1657 4394 iis
1688 4342 1849 4396 ducta
1880 4345 1971 4412 qui
2010 4344 2064 4399 in

2167 4365 2342 4416 κρυα,
2369 4349 2435 4419 τῇ
2469 4347 2575 4400 τῶν
2601 4347 2658 4398 ὲν
2692 4345 2849 4400 ὕδασι
2877 4346 3217 4419 πνιγομένων
3245 4350 3547 4419 μεταφορᾷ.
3586 4349 3753 4403 Ὑπο-

484 4433 643 4500 aquis
689 4430 1045 4488 suﬂ‘ocautur.
1084 4432 1191 4487 Sed
1227 4434 1505 4488 sustinens
1554 4434 1839 4490 sustinebo
1876 4435 2059 4491 Domi-

2168 4439 2344 4511 μένων
2374 4438 2430 4490 δὲ
2464 4438 2719 4508 ὑπομενῶ
2752 4437 2841 4490 τὸν
2886 4438 3109 4510 Κύριον,
3151 4439 3310 4509 μέχρι
3354 4439 3447 4491 τοῦ
3475 4440 3750 4511 ἀποστρέ-

486 4539 615 4576 ιιιιιη
646 4523 819 4578 dnucc
852 4532 1059 4579 avertat
1094 4524 1287 4578 faciem
1334 4539 1489 4579 suam
1539 4540 1568 4578 a
1616 4526 1791 4581 nobis.
1829 4526 2060 4594 Quando

484 4612 683 4667 dicitur
720 4610 865 4667 Deus
913 4614 1204 4684 respicere,
1241 4614 1295 4668 id
1347 4613 1618 4685 signiﬁcat
1651 4616 1825 4686 ipsum
1876 4619 1930 4672 in
1958 4634 2060 4674 nos

487 4704 687 4760 intueri
718 4704 1154 4779 nonﬁcdignari.
1188 4705 1323 4759 Illud
1370 4721 1517 4773 vero,
1547 4724 1659 4777 pra:
1699 4711 1925 4777 cunctis,
1968 4727 2061 4766 ex-

487 4799 659 4869 ponit,
714 4813 995 4869 apponeus
1050 4799 1105 4851 in
1165 4808 1404 4865 cunctas,
1447 4801 1550 4856 hoc
1610 4811 1713 4870 est,
1751 4803 1817 4858 de
1872 4820 2061 4859 earum

2164 4547 2284 4598 φειν
2308 4529 2370 4581 τὸ
2404 4529 2692 4600 πρόσωπον
2727 4527 2892 4581 αὑτοῦ
2926 4529 3017 4597 ἀφ’
3047 4528 3226 4600 ἡμῶν.
3259 4530 3332 4583 Τὸ
3380 4531 3641 4602 διακόψαι
3670 4531 3746 4585 ’δέ

2164 4621 2256 4675 τὸν
2287 4620 2441 4683 Θεὸν,
2492 4620 2551 4673 τὸ
2592 4620 2695 4690 τῆς
2741 4621 3047 4691 ἐπισκοπῆς
3097 4623 3245 4692 ἡμᾶς
3295 4622 3525 4689 ἀξιῶσαι
3574 4623 3752 4695 δηλοῖ.

2178 4712 2485 4786 Ἐξηγεῖται
2517 4713 2573 4766 δὲ
2606 4714 2668 4767 τὸ
2696 4712 2854 4781 παρὰ
2891 4711 3118 4779 πάσας,
3146 4714 3245 4767 ἐπὶ
3281 4714 3484 4781 πάσας
3525 4716 3752 4784 ἐπενεγ-

2166 4803 2299 4873 κὼν,
2347 4806 2624 4860 τουτέστιν
2657 4805 2749 4858 ἐπὶ⁵
2796 4808 2914 4868 ταῖς
2944 4802 3121 4859 αὐτῶν
3169 4810 3510 4876 συμφοραῖς·
3540 4808 3600 4861 τὸ
3640 4809 3750 4882 γὰρ

487 4890 772 4955 aerumnis;
834 4906 957 4943 nam
990 4890 1270 4946 muliebris
1314 4909 1476 4948 sexus
1507 4893 1645 4947 virili
1697 4896 2068 4950 miserabilior

2167 4897 2300 4969 θῆλυ
2332 4898 2489 4967 γένος
2513 4897 2608 4951 τοῦ
2642 4897 2749 4951 τῶν
2783 4897 3030 4969 ἀρρένων
3056 4897 3430 4969 ἐλεεινότερον.

487 4993 593 5042 est.

558 5071 714 5130 Vcrs.
737 5075 825 5130 5‘2.
860 5073 1119 5130 Venantes
1151 5077 1319 5131 renati
1339 5088 1464 5132 sunt
1483 5094 1563 5131 me
1588 5079 1743 5148 quasi
1768 5095 1936 5142 avem,
1955 5086 2062 5133 etc.

487 5166 620 5234 Quae
643 5184 836 5237 passus
865 5178 948 5223 est
973 5180 1159 5223 narrat
1182 5188 1195 5222 :
1222 5170 1452 5239 injectus
1477 5170 1620 5223 enim
1649 5168 1749 5223 fuit
1777 5171 1828 5223 in
1860 5170 2064 5236 lacum,

2239 5078 2603 5147 Θηρεύοντες
2623 5076 2965 5147 ἐθήρευσάν
2984 5094 3066 5147 με
3091 5078 3170 5143 ὡς
3192 5077 3532 5146 στρουθίον.
3567 5079 3633 5131 Ἀ
3653 5073 3749 5128 πέ-

2170 5167 2329 5221 πονθε
2367 5167 2545 5236 λέγει·
2578 5167 2837 5240 ἐνεϐλήθη
2860 5169 2968 5239 γὰρ
3014 5166 3223 5238 λάκκῳ,
3270 5167 3389 5235 καὶ,
3436 5170 3562 5221 ὅσον
3614 5163 3752 5238 ἧκεν

486 5270 560 5328 et,
588 5274 852 5332 quantum
888 5263 940 5315 in
983 5262 1089 5317 illis
1142 5260 1264 5328 fuit,
1309 5272 1558 5315 mortuus
1590 5268 1704 5327 cst;
1743 5262 1836 5314 scd
1874 5272 2068 5332 prteter

2169 5258 2249 5323 εἰς
2290 5258 2552 5321 ἐκείνους,
2586 5257 2854 5310 ἀπέθανεν
2876 5276 2888 5288 -
2924 5256 3116 5320 σωθεὶς
3144 5257 3201 5310 δέ
3229 5257 3361 5328 παρ’
3389 5256 3579 5310 ἐλπίδα
3624 5261 3754 5313 ἐϐόα

487 5365 639 5422 Spem
671 5367 859 5423 sospes
883 5368 1006 5406 cum
1056 5349 1219 5406 David
1253 5351 1525 5405 clamabat
1557 5351 1603 5381 θ’
1639 5368 1653 5404 :
1703 5349 1897 5404 Anima
1946 5367 2063 5403 mea

2175 5347 2314 5418 μετὰ
2340 5349 2432 5402 τοῦ
2473 5349 2669 5402 Δαυῒδο
2718 5350 2779 5403 Ἠ
2803 5347 2973 5419 ψυχή
3001 5366 3120 5418 μου
3166 5349 3249 5416 ὡς
3295 5350 3617 5418 στρουθίον
3660 5349 3754 5416 1p-

488 5441 623 5495 st'cut
657 5457 839 5509 passer
866 5451 1043 5510 erepta
1070 5449 1148 5494 est
1193 5440 1256 5492 de
1288 5440 1474 5507 laqueo
1519 5440 1856 5502 venantium;
1890 5455 2065 5509 neque

2167 5441 2366 5508 ρύσθη
2401 5441 2469 5494 ἑκ
2498 5440 2607 5509 τῆς
2657 5441 2907 5511 παγίδος
2934 5440 3053 5495 τῶν
3097 5442 3504 5508 θηρευόντιωι·
3537 5442 3599 5494 οὐ
3642 5443 3757 5513 γὰρ

488 5527 632 5581 enim
665 5528 719 5581 in
753 5521 949 5583 terrain
980 5530 1173 5583 cadere
1215 5536 1428 5597 poterat
1459 5528 1655 5600 absque
1697 5527 1858 5583 Patre
1890 5531 1982 5600 qui
1994 5531 2061 5584 ~in

2167 5524 2236 5600 ἦν
2280 5533 2465 5585 πεσεῖν
2517 5532 2610 5584 ἐπὶ
2644 5533 2741 5603 τὴν
2786 5532 2890 5601 γῆν
2935 5530 3081 5586 ἄνευ
3127 5530 3234 5585 τοῦ
3264 5532 3496 5600 Πατρός
3544 5531 3650 5586 τοῦ
3682 5531 3754 5583 ἐν

564 5706 608 5740 ’⁸
640 5706 781 5765 ι’διιι.
821 5726 927 5779 Liv,
959 5711 988 5764 7
1091 5714 1137 5746 τ’
1163 5710 1308 5769 Psal.
1339 5730 1472 5781 ινιι,
1496 5715 1585 5771 30.
1662 5716 1707 5747 ⁸ο
1737 5714 1883 5772 Psal.
1907 5729 2068 5784 xxxv,

2167 5721 2192 5771 ι.
2271 5715 2361 5771 ⁸⁸1
2397 5718 2523 5774 Cor.
2560 5732 2680 5787 xui,
2712 5717 2764 5775 5.
2814 5718 2886 5752 '“
2920 5717 3122 5777 Psalm.
3155 5735 3347 5787 cum,
3378 5718 3427 5773 Ἰ.
