4140 6460
351 376 450 431 549

1598 363 1906 419 SEI.ECTA
1947 360 2014 414 IN
2053 359 2400 415 THRENOS.

3507 373 3615 428 630

350 498 477 565 τοῖς
522 492 824 563 οὐρανοῖς,
858 490 1000 544 κατὰ
1046 489 1140 559 τὴν
1175 487 1268 540 τοῦ
1321 488 1570 557 Σωτῆρος
1621 487 1828 556 φωνήν.
1867 485 1938 536 Ἣ

2052 484 2188 537 rariis
2233 493 2332 545 est,
2385 492 2441 534 ut
2471 482 2547 535 ait
2581 481 2826 536 Salvator
2869 484 2935 538 ⁸³.
2976 485 3065 538 Vel
3111 489 3272 557 igitur
3307 492 3372 544 de
3405 506 3462 544 se
3499 493 3620 558 ipso

349 589 530 643 τοίνυν
582 587 650 639 δι’
677 583 869 638 ἑαυτόν
901 598 1086 652 φησιν,
1121 579 1156 650 ἢ
1188 580 1282 632 καὶ
1313 578 1380 632 τὰ
1412 578 1505 631 τοῦ
1538 577 1670 631 λαοῦ
1703 577 1938 631 οἰκειού-

357 697 519 751 μενος
552 676 721 748 πάθη.
766 675 925 728 Ἀλλὰ
950 674 1028 736 τὸ,
1052 670 1302 739 δωρεὰν,
1333 670 1460 742 περὶ
1489 669 1682 723 ἑαυτοῦ
1717 669 1942 732 εἰκότως

353 775 422 826 ἂν
452 773 682 841 λέγοιτο.
727 768 793 822 Τί
824 767 934 838 γὰρ
965 767 1163 829 αὐτοὺς
1204 765 1449 836 ἠδίκησε,
1491 765 1690 835 μᾶλλον
1736 764 1793 817 δὲ
1845 764 1944 816 οὐκ

355 862 720 936 εὐηργέτησεν
741 877 755 925 ;

444 954 780 1017 Ἐδίκασας,
804 952 1002 1020 Κύριε,
1033 968 1087 1004 κ.
1118 967 1169 1002 τ.
1205 950 1254 1003 ὲ.
1294 947 1574 1001 Ἐδίκασεν
1595 950 1623 1001 ό
1651 948 1783 1011 Θεὸς
1812 949 1946 1001 ἁπο-

356 1049 576 1111 κτείνας
602 1049 694 1102 τὸν
726 1044 1201 1114 ψευδοπροφήτην,
1236 1043 1330 1094 καὶ
1371 1042 1463 1094 τὸν
1516 1041 1737 1110 βασιλέα
1770 1058 1947 1110 παρα-

357 1140 501 1203 δοὺς,
532 1139 625 1192 καὶ
673 1138 768 1190 ἐπὶ
810 1133 904 1190 τοῦ
953 1132 1191 1206 Χριστοῦ
1239 1131 1516 1202 παραδοὺς
1549 1133 1610 1185 τὸ
1663 1131 1816 1194 έθνος
1867 1134 1946 1194 εἰς

360 1231 587 1284 ἅλωσιν.

441 1320 586 1392 Ἐγὼ
614 1320 682 1374 δὲ
707 1321 800 1374 ἐπ’
831 1315 1179 1388 ὀφθαλμοὺς
1209 1315 1428 1370 αὐτῶν.
1455 1316 1530 1369 To
1555 1316 1632 1379 δὲ,
1680 1314 1821 1384 Ἐγὼ
1851 1314 1945 1368 ἐπ’

359 1412 710 1482 ὀφθαλμοὺς
738 1410 957 1476 αὐτῶν,
990 1413 1072 1466 ὅτι
1103 1412 1274 1482 βαρὺς
1297 1410 1446 1481 ἥμην
1477 1411 1660 1473 αὐτοῖς
1693 1407 1788 1461 καὶ
1819 1424 1946 1476 φαι-

361 1507 606 1577 νόμενος.

446 1595 795 1663 Ἀποδώσεις
820 1595 1027 1663 αὐτοῖς
1044 1594 1450 1662 ἀνταπόδομα,
1473 1593 1670 1660 Κύριε,
1701 1591 1851 1644 κατὰ
1877 1591 1950 1644 τὰ

357 1689 504 1757 ἔργα
529 1687 649 1754 τῶν
668 1687 881 1757 χειρῶν
908 1687 1126 1742 αὐτῶν.
1155 1687 1348 1752 Ἔλεγε
1380 1685 1476 1738 καὶ
1497 1682 1734 1754 πρόσθεν
1755 1700 1769 1714 ·
1799 1685 1950 1735 Συν-

359 1781 619 1837 τέλεσον
647 1783 890 1847 αὐτοὺς,
929 1780 1028 1835 καὶ
1054 1781 1225 1834 ἔσται
1254 1795 1371 1833 σου
1415 1780 1447 1830 ὁ
1490 1779 1674 1842 λόγος
1701 1775 1832 1845 ἐμοὶ
1861 1775 1949 1840 εἰς

357 1874 751 1941 εὐφροσύνην
776 1872 874 1924 καὶ
899 1869 1092 1939 χαρὰν
1114 1871 1362 1939 καρδίας
1385 1885 1524 1939 μου.
1551 1867 1736 1920 Ταῦτα
1757 1865 1947 1935 γέγονε

365 1963 506 2034 μετὰ
535 1964 634 2035 τὴν
676 1963 818 2016 κατὰ
850 1963 944 2016 τοῦ
989 1963 1242 2034 Σωτῆρος
1272 1961 1584 2032 ἐπιϐουλὴν,
1616 1961 1706 2014 ὅτε
1737 1976 1944 2013 παντα-

360 2053 462 2123 χοῦ
494 2053 894 2124 διεσπάρησανο
923 2049 1057 2124 ἦλθε
1089 2053 1198 2124 γὰρ
1243 2053 1335 2106 ἐπ’
1378 2046 1586 2116 ἀὐτοὺς
1636 2052 1759 2107 πᾶν
1806 2046 1950 2120 αἷμα

363 2143 600 2198 δίκαιον
618 2145 892 2213 ἐκχυθέν.
919 2145 992 2197 Τὸ
1022 2143 1200 2196 τοίνυν
1243 2143 1556 2196 συντελέσαι
1584 2142 1647 2196 τὺ
1677 2143 1830 2206 τέλος
1856 2143 1950 2195 λα·-

363 2234 479 2287 6εῖν
502 2234 598 2304 τὴν
631 2235 750 2288 κατ’
780 2234 976 2298 αὐτοὺς
997 2233 1275 2305 λατρείαν,
1310 2233 1402 2286 καὶ
1426 2233 1488 2286 τὸ
1515 2234 1712 2304 μηκέτι
1736 2250 1950 2304 χρημα-

363 2325 534 2388 τίζειν
562 2325 715 2389 ἔθνος
741 2325 897 2379 Θεοῦ.

446 2415 799 2482 Ἀποδώσεις
818 2417 1022 2484 αὐτοῖς
1054 2418 1541 2488 ὑπερασπισμόν,
1566 2417 1814 2485 καρδίας
1830 2433 1949 2485 μου

357 2509 608 2578 μόχθον.
645 2509 766 2562 Ὅτι
792 2509 985 2573 δώσεις
1021 2510 1204 2574 αὐτοῖς
1234 2509 1432 2581 μόχθον
1464 2511 1542 2573 είς
1573 2508 1824 2578 αἴσθησιν
1857 2506 1948 2560 τοῦ

363 2601 515 2664 ποῖος
546 2601 790 2671 ὑπῆρχες
825 2602 1213 2672 ὑπερασπίζων
1244 2600 1443 2666 αὐτῶν,
1473 2602 1558 2654 ἴνα
1589 2617 1647 2654 σε
1672 2599 1766 2654 καὶ
1789 2598 1950 2652 πάλιν

364 2691 703 2764 ζητήσωσιν·
747 2693 795 2742 εί
829 2691 885 2744 δὲ
921 2691 1017 2762 μὴ,
1043 2689 1428 2756 καταδιώξεις
1465 2689 1688 2755 αὐτοὺς
1710 2689 1781 2742 ἐν
1803 2686 1952 2757 ὀργῆ

365 2800 502 2840 σου.

1038 2876 1196 2928 ΚΕΦ.
1239 2878 1310 2927 Δθ.

438 2967 570 3035 Πῶς
596 2968 1087 3037 ἀμαυρωθήσεται
1116 2969 1392 3036 χρυσίον.
1417 2967 1528 3037 Τῆς
1552 2964 1648 3018 νῦν
1673 2970 1946 3039 παροῦσης

365 3061 634 3133 τετάρτης
688 3062 1077 3131 στοιχειώσεως
1135 3060 1457 3130 ἀρχόμενος,
1508 3059 1599 3112 τὸν
1657 3060 1780 3132 περὶ
1813 3052 1950 3114 ’τῶν

365 3153 643 3222 ἐπιφανῶν
683 3152 976 3225 ἐξαιρέτως
1002 3152 1306 3206 ἐπανέλαϐε
1337 3151 1553 3222 θρῆνον,
1585 3151 1947 3224 ὴμαυρῶσθαι
1975 3176 2022 3240 c

363 3243 536 3312 λέγων
572 3243 672 3315 τὴν
713 3245 1035 3311 ὲτκφάνειαν
1080 3241 1447 3314 ἐκκεχυμένον
1488 3259 1547 3294 τε
1579 3241 1732 3313 δίκην
1760 3243 1949 3306 ὓδατος

362 3335 685 3405 ἠφανίσθαι.

447 3428 854 3498 Ἐξεχύθησαν
881 3428 1037 3481 λίθοι
1080 3427 1253 3497 ἅγιοι.
1290 3427 1470 3495 Ἅγιοι
1499 3425 1557 3479 δὲ
1585 3427 1661 3488 ὡς
1704 3425 1949 3480 ἐκλεκτοὶ

359 3522 451 3576 διὰ
479 3522 606 3584 τοὺς
629 3521 892 3591 πατέρας,
920 3519 952 3591 ἢ
981 3519 1068 3574 διὰ
1091 3520 1217 3583 τοὺς
1244 3521 1342 3573 σὺν
1381 3519 1612 3590 Ἰωακὶμ
1644 3518 1950 3588 ληφθέντας

360 3616 572 3686 ἁγίους,
625 3614 719 3678 οὒς
775 3615 1043 3668 ἀπείκασε
1100 3613 1287 3676 σύκοις
1343 3615 1615 3684 χρηστοῖς.
1662 3611 1773 3666 Καὶ
1819 3611 1948 3681 μετ’

360 3707 566 3778 ἀλίνασ
613 3706 836 3772 Ὲξόδων
869 3705 946 3769 δὲ,
976 3705 1086 3758 τῶν
1112 3704 1222 3758 ἀπὸ
1249 3703 1350 3774 τῆς
1374 3703 1536 3772 ἁγίας
1569 3703 1674 3774 γῆς
1704 3705 1950 3771 ἀπάγου-

361 3798 472 3853 σῶν
495 3801 574 3862 είς
601 3797 897 3865 ἀπώλειαν,
926 3797 1018 3850 καὶ
1037 3798 1117 3860 εἰς
1140 3795 1232 3848 τὸν
1260 3794 1446 3864 νοητὸν
1474 3791 1834 3855 Βαϐυλώνιον,
1860 3792 1948 3844 ἵνα

358 3892 694 3947 παιδευθῶσι
731 3891 807 3963 μὴ
839 3877 1196 3962 βλασφημείν.
1231 3889 1421 3952 Εἴποις
1454 3888 1499 3942 δ’
1539 3887 1606 3941 ἂν
1630 3885 1724 3939 τὸν
1751 3883 1947 3955 θρῆνον

357 3987 455 4042 καὶ
494 3987 587 4039 ἐπὶ
636 3984 745 4038 τῶν
791 3986 856 4036 ἐκ
903 3982 1212 4045 θεοσεϐείας
1268 3979 1733 4051 μεταϐαλλόντων,
1788 3975 1946 4046 εἴπερ

357 4072 470 4130 εἷεν
502 4075 784 4146 ἐπίσημοι,
815 4075 908 4128 καὶ
939 4071 1146 4143 πλάνης
1173 4073 1390 4142 ἡγοῖντο
1409 4071 1520 4133 τοῖς
1549 4067 1750 4132 ἄλλοις,
1780 4082 1948 4120 κατα-

357 4168 608 4230 λιπόντες
641 4167 739 4238 μὲν
771 4165 871 4237 τὴν
905 4163 1087 4234 πηγὴν
1120 4161 1213 4216 τοῦ
1247 4159 1447 4227 ζῶντος
1481 4158 1693 4220 ὓδατος,
1724 4155 1947 4225 γεγονό-

357 4274 448 4322 τες
479 4258 536 4312 δὲ
581 4256 772 4310 λάκκοι
816 4251 1289 4324 συντετριμμένοι,
1337 4250 1387 4302 οἳ
1425 4249 1486 4303 οὐ
1539 4248 1790 4302 δύνανται
1822 4243 1944 4298 στέ-

356 4364 500 4416 γειν.
553 4345 716 4399 Ὅθεν
767 4344 994 4407 εἰκότως
1045 4341 1324 4412 ἐκχέονται
1375 4339 1504 4411 περὶ
1544 4338 1752 4406 πλάνην
1797 4336 1947 4405 ἀορι-

361 4438 634 4500 στοῦντες.

2047 575 2310 643 loquitur,
2346 574 2428 627 vel
2451 574 2612 628 etiam
2648 576 2829 644 populi
2860 590 3134 632 aerumnas
3161 595 3255 646 pro
3282 582 3396 635 suis
3433 583 3619 640 liabet.

2047 667 2248 723 Verum
2278 668 2428 730 illud,
2464 669 2656 737 gratis,
2686 670 3067 722 convenienter
3108 671 3174 723 de
3219 672 3336 740 ipso
3384 674 3619 734 dicetur.

2047 759 2187 826 Quid
2220 762 2364 815 enim
2399 760 2505 813 illis
2538 760 2867 813 incommodi
2901 776 3138 830 unquam
3171 764 3372 828 attulit,
3406 767 3489 821 vel
3509 784 3620 837 quo

2048 853 2229 919 potius
2252 851 2515 906 beneﬁcio
2546 867 2654 904 non
2692 851 2910 904 all‘ecit?

2123 943 2279 998 Vcrs.
2313 942 2402 996 58.
2433 941 2726 1005 Judicasti,
2776 943 3018 1006 Domine,
3065 951 3168 997 etc.
3204 941 3479 998 iudicavit
3518 945 3627 1000 Do-

2049 1037 2250 1099 minus,
2281 1035 2754 1104 pseudopropheta
2784 1035 3111 1104 interempto
3143 1051 3376 1105 regequc
3399 1038 3623 1106 tradito,

2047 1126 2281 1195 denique
2332 1134 2553 1195 propter
2608 1125 2891 1180 Clu-istum
2945 1134 3104 1195 gente
3151 1124 3204 1178 in
3256 1125 3624 1193 captivitatem

2050 1217 2360 1270 amandata.

2124 1307 2282 1362 Vers.
2319 1307 2408 1361 65.
2439 1307 2552 1377 Ego
2578 1320 2754 1362 autem
2787 1310 2840 1361 in
2871 1309 3051 1362 oculos
3080 1326 3285 1364 eorum.
3311 1308 3481 1365 lllud:
3513 1311 3625 1382 Ego

2049 1416 2205 1467 super
2238 1399 2416 1453 oculos
2441 1416 2642 1466 eorum,
2678 1399 2820 1454 idem
2857 1410 2938 1457 est
2971 1417 3034 1456 ac
3067 1402 3112 1456 si
3142 1401 3290 1457 dicat
3327 1421 3339 1456 :
3377 1402 3490 1474 Ego
3520 1405 3629 1461 illis

2050 1491 2134 1543 vel
2170 1491 2288 1544 solo
2319 1499 2541 1560 aspectu
2583 1491 2845 1545 molestus
2877 1506 3049 1545 erant.

2129 1580 2284 1636 Vers.
2323 1581 2412 1636 64.
2461 1582 2734 1637 Retribues
2773 1584 2850 1636 eis
2897 1583 3340 1653 retributionem,
3384 1586 3629 1655 Domine,

2043 1673 2208 1742 juxta
2231 1689 2389 1742 opera
2413 1690 2669 1727 manuum
2693 1690 2932 1728 suarum.
2967 1675 3193 1731 Dicebat
3216 1679 3378 1732 etiam
3413 1695 3579 1749 supra
3612 1699 3626 1735 :

2055 1764 2316 1820 Consume
2355 1764 2498 1829 illos,
2526 1775 2578 1818 et
2603 1766 2703 1819 erit
2739 1774 2862 1819 tuus
2901 1782 3071 1820 sermo
3111 1767 3240 1820 mihi
3271 1769 3323 1821 in
3358 1767 3628 1835 lwtitiam,

2054 1866 2104 1910 et
2135 1857 2388 1927 gaudium
2411 1857 2587 1912 cordis
2611 1858 2730 1912 mei.
2767 1855 2892 1913 Haec
2925 1869 3226 1913 evenerunt
3264 1871 3384 1928 post
3415 1861 3547 1914 inita
3575 1861 3629 1914 in

2053 1948 2392 2004 Salvatorem
2447 1959 2696 2005 nostrum
2750 1950 3074 2005 insidiarum
3109 1951 3361 2015 consilia,
3398 1967 3524 2006 eum
3575 1954 3628 2006 in

2052 2055 2246 2096 omnes
2293 2051 2475 2110 partes
2518 2041 2754 2110 dispersi
2800 2051 2930 2096 sunt
2976 2059 2988 2095 :
3031 2043 3182 2097 venit
3231 2043 3433 2112 quippe
3476 2060 3634 2112 super

2052 2131 2171 2186 illos
2197 2132 2367 2186 omnis
2394 2133 2612 2202 sanguis
2633 2132 2813 2200 justus
2843 2132 3064 2200 e/Tusns.
3097 2132 3508 2190 Consumuntur
3539 2138 3635 2191 ita—

2050 2239 2180 2294 que,
2217 2240 2342 2280 cum
2377 2225 2561 2280 cultus
2593 2225 2812 2280 illorum
2849 2227 3011 2281 ﬁnem
3040 2226 3258 2296 accipit,
3285 2243 3462 2298 neque
3489 2229 3630 2283 ultra

2053 2313 2147 2369 Dci
2188 2330 2320 2385 gens
2364 2315 2742 2370 nominantur.

2123 2405 2281 2462 Vers.
2313 2406 2401 2460 65.
2427 2405 2628 2461 Redde:
2651 2409 2725 2461 eis
2759 2416 3134 2477 tegumentum,
3157 2407 3332 2461 cordis
3358 2409 3457 2462 mei
3482 2408 3630 2464 labo-

2054 2516 2183 2553 rem.
2213 2498 2376 2570 345
2421 2499 2692 2564 Quoniam
2742 2499 2898 2553 dabis
2948 2500 3054 2554 illis
3091 2499 3355 2564 laborem,
3401 2508 3460 2553 ut
3505 2515 3626 2555 sen-

2055 2590 2194 2644 tiant
2231 2591 2356 2661 quis
2403 2599 2752 2659 quantusque
2787 2606 2940 2645 esses
2968 2590 3098 2644 dum
3136 2590 3258 2644 illos
3303 2599 3632 2660 protegeres,

2053 2689 2114 2736 ut
2140 2697 2335 2736 rursus
2377 2690 2428 2735 te
2476 2689 2758 2750 quaerant;
2802 2681 3069 2753 alioquin,
3111 2681 3275 2753 (vers.
3313 2680 3404 2750 66)
3455 2698 3630 2750 perse-

2052 2773 2228 2842 queris
2257 2787 2344 2826 eos
2380 2773 2434 2824 in
2465 2773 2546 2824 ira
2572 2782 2683 2824 tua.

2710 2860 2866 2916 CAP.
2909 2860 2998 2917 IV.

2125 2954 2281 3012 νοτε.
2331 2955 2384 3010 1.
2440 2953 2716 3020 Quomodo
2784 2953 3160 3011 obscurabitur
3212 2969 3422 3008 aurum.
3477 2952 3635 3008 Initio

2055 3049 2218 3120 hujus
2247 3054 2457 3118 quarta:
2486 3045 2924 3102 elementationis
2963 3045 3406 3101 lamentationem
3442 3048 3634 3116 praeci-

2053 3156 2160 3212 pue
2192 3141 2261 3195 de.
2295 3137 2571 3195 nobilibus
2610 3138 2925 3208 resumpsit,
2960 3137 3265 3193 claritatem
3302 3139 3520 3209 generis
3554 3139 3635 3194 in-

2057 3233 2253 3303 quiens
2302 3231 2652 3287 obscuratam
2701 3230 2870 3286 fuisse
2912 3238 2968 3284 et
3015 3231 3190 3285 instar
3237 3246 3395 3300 aquae
3444 3230 3632 3288 cﬂ'usae

2054 3323 2364 3379 evanuisse.

2129 3413 2296 3483 Eﬂ'usi
2316 3423 2438 3468 sunt
2468 3413 2668 3485 lapides
2694 3414 2883 3467 sancti.
2912 3411 3126 3480 Sancti,
3158 3415 3284 3485 quia
3317 3415 3474 3470 electi
3504 3430 3634 3485 pro-

2060 3512 2182 3574 pter
2204 3513 2405 3573 patres,
2431 3505 2515 3558 vel
2536 3512 2758 3574 propter
2781 3519 2876 3558 eos
2896 3516 3110 3560 sanctos
3131 3508 3222 3574 qui
3245 3521 3350 3560 una
3369 3522 3491 3561 cum
3516 3507 3639 3561 Joa-

2063 3599 2168 3654 cim
2210 3601 2352 3671 capti
2399 3609 2553 3665 sunt,
2598 3616 2734 3670 quos
2764 3601 2974 3655 ﬁcubus
3015 3600 3172 3656 bonis
3215 3602 3536 3658 assimilarat
3561 3602 3632 3656 “.

2055 3687 2124 3742 Et
2163 3689 2350 3758 paucis
2379 3688 2670 3757 interjectis
2705 3701 2723 3740 :
2765 3684 3016 3748 Viarum,
3047 3700 3236 3740 earum
3269 3699 3483 3756 nempe,
3513 3701 3636 3755 qua).

2053 3795 2083 3834 a
2111 3791 2253 3834 terra
2289 3787 2477 3833 sancta
2511 3779 2719 3831 ducunt
2757 3777 2809 3832 in
2845 3775 3170 3846 perniciem,
3201 3783 3256 3830 et
3289 3775 3628 3845 spiritualem

2052 3869 2433 3941 Babylonium,
2464 3877 2523 3923 ut
2554 3868 2770 3922 discant
2815 3882 2923 3921 non
2976 3867 3376 3936 blaspliemare.
3421 3865 3635 3920 Poteris

2052 3963 2182 4016 item
2217 3959 2660 4016 lamentationem
2706 3969 2894 4028 aptare
2926 3958 2997 4014 iis
3026 3958 3120 4028 qui
3163 3973 3193 4012 a
3226 3957 3322 4013 Dei
3365 3958 3514 4013 cultu
3548 3972 3636 4014 re-

2051 4055 2272 4119 cedunt,
2307 4052 2353 4108 si
2387 4051 2628 4107 celebres
2659 4051 2789 4116 sint,
2830 4050 3110 4119 ducesque
3159 4051 3364 4105 erroris
3408 4065 3466 4104 se
3512 4049 3636 4104 aliis

2053 4148 2351 4218 praebeant,
2385 4145 2478 4216 qui
2513 4145 2706 4200 relicto
2749 4143 2898 4198 fonte
2949 4157 3105 4213 aqua;
3146 4143 3281 4197 vivae
3323 4142 3450 4196 facti
3506 4151 3635 4197 sunt

2051 4239 2205 4292 lacus
2230 4238 2450 4292 contriti
2493 4253 2603 4292 non
2637 4235 2878 4290 valentes
2919 4234 3216 4289 continere.
3253 4233 3404 4289 Unde
3438 4233 3634 4286 merito

2049 4329 2406 4384 ell'untluntur
2436 4327 2568 4382 dum
2598 4328 2652 4382 in
2685 4326 2871 4380 varios
2902 4323 3220 4378 dilabuntur
3253 4338 3488 4378 errores.

433 4533 496 4584 Oi
524 4492 638 4584 υἱοὶ
669 4527 823 4582 Σιὼν
862 4529 916 4580 οἱ
947 4525 1141 4595 τίμιοι.
1175 4523 1238 4576 υἱ
1267 4521 1547 4592 κομῶντες
1578 4519 1671 4572 ἐπὶ
1702 4517 1940 4587 πλούτῳ,

2123 4503 2282 4559 Vers.
2315 4503 2371 4557 2.
2407 4501 2543 4555 Filii
2579 4499 2711 4556 Sion
2761 4501 2966 4571 inclyti.
3009 4492 3246 4563 Divitiis,
3293 4499 3488 4569 inquit,
3536 4498 3636 4553 llo-

359 4623 544 4692 φησὶν,
567 4621 602 4691 ἦ
631 4618 725 4673 καὶ
750 4616 974 4691 χρυσίου
1001 4612 1318 4684 τιμιώτεροι
1345 4610 1461 4674 πῶς
1488 4609 1630 4664 οὕτω
1659 4611 1770 4672 τοῖς
1793 4609 1945 4660 εὖτε-

355 4714 474 4768 λέσι
529 4713 623 4766 καὶ
680 4707 1118 4781 συντριϐομένοις
1175 4705 1513 4777 ἀπαχθέντες
1577 4704 1657 4765 εἰς
1704 4699 1944 4754 δουλείαν

357 4789 735 4876 είκάσθησανξ
767 4803 911 4872 Ἔφη
954 4801 1010 4854 δὲ
1052 4799 1261 4861 τούτοις
1309 4798 1505 4858 αὐτοὺς
1550 4791 1945 4856 ἀπεικάζεσθαι

359 4897 454 4951 καὶ
501 4895 686 4966 ἡνίκα,
719 4888 994 4945 κατελθὼν
1045 4890 1126 4950 εἰς
1158 4887 1251 4939 τὸν
1299 4879 1448 4938 οἷκον
1496 4883 1590 4936 τοῦ
1633 4881 1942 4954 κεραμέως,

254 5032 275 5048 .
357 4987 538 5042 λαϐὼν
567 4987 785 5054 ἀγγεῖον
816 4981 1151 5054 συνέτριψεν.
1198 4976 1508 5040 Ἀπεικάζει
1540 4975 1598 5028 δὲ
1625 4974 1823 5037 αὐτοὺς
1847 4973 1942 5026 καὶ

370 5078 599 5140 Ἡσαΐας
643 5077 793 5131 πόλει
843 5072 1106 5144 πεσούσῃ,
1140 5071 1248 5125 Καὶ
1298 5069 1372 5121 τὰ
1408 5069 1707 5136 πτώματα,
1747 5064 1942 5133 λέγων,

356 5168 546 5237 αὐτῆς
589 5169 760 5221 ἔσται
806 5165 885 5231 ὠς
930 5163 1346 5231 συντρίμματα
1395 5157 1637 5228 ἀγγείου
1662 5155 1942 5224 ὀστρακί-

359 5278 489 5317 νου.

425 5353 538 5408 Καί
575 5369 642 5424 γε
671 5349 995 5421 δράκοντες
1032 5345 1334 5412 ἐξέδυσαν
1367 5341 1661 5412 μαστούς.
1693 5338 1830 5410 Περὶ
1857 5338 1939 5390 λιι

361 5443 466 5517 μού
498 5443 607 5498 τῶν
635 5442 859 5508 ἐνδόξων
892 5441 1043 5510 λέγει
1074 5437 1311 5510 βρεφῶν,
1344 5435 1422 5498 ὼς
1452 5432 1552 5505 τῆς
1587 5429 1942 5502 Ἰερουσαλὴμ

359 5536 498 5611 μηδὲ
533 5539 646 5600 τοῖς
679 5536 891 5606 ἀγρίοις
921 5531 1080 5598 ζώοις
1104 5531 1308 5602 ὁμοίως
1335 5527 1502 5600 θηλὴν
1527 5524 1696 5595 αὐτῆς
1729 5524 1944 5594 προτεῖ-

354 5649 448 5687 ναι
485 5627 872 5698 δεδυνημένης.
932 5624 994 5677 Ἦ
1034 5623 1090 5676 δὲ
1130 5619 1226 5674 τοῦ
1272 5619 1479 5682 πάθους
1524 5614 1821 5686 ὑπερϐολὴ⁸
1851 5613 1945 5666 καὶ

2053 4605 2254 4654 rentes.
2287 4594 2367 4648 vel
2407 4595 2571 4648 etiam
2596 4607 2734 4648 auro
2768 4591 3146 4662 pretiosiores,
3185 4591 3461 4662 quomodo
3486 4591 3634 4646 vasis

2050 4689 2251 4744 vilibus
2283 4687 2680 4759 fragilibnsque
2707 4684 3012 4754 comparati
3054 4693 3184 4740 sunt
3213 4684 3266 4738 in
3313 4684 3631 4739 servitutem

2052 4780 2307 4836 abducti?
2340 4777 2437 4834 llis
2473 4787 2654 4833 autem
2699 4776 2905 4832 similes
2937 4776 3062 4829 illos
3113 4775 3277 4830 etiam
3312 4775 3470 4842 dixit,
3504 4791 3630 4831 cum

2051 4873 2387 4929 descendens
2413 4871 2468 4925 in
2511 4871 2732 4925 domum
2763 4869 2910 4939 ﬁguli
2953 4878 3232 4938 arreptum
3273 4881 3370 4922 vas
3414 4867 3633 4924 confre-

2052 4968 2128 5039 git
2159 4968 2227 5020 ⁸⁸.
2256 4965 2424 5020 lsaias
2452 4963 2617 5016 etiam
2651 4977 2747 5017 eos
2778 4969 3064 5030 comparat
3093 4959 3214 5014 solo
3241 4967 3472 5028 aequata:
3505 4960 3635 5013 civi-

2053 5059 2146 5116 tati
2192 5077 2206 5113 :
2259 5056 2325 5110 Et
2362 5073 2540 5122 casus,
2583 5053 2763 5123 inquit
2801 5052 2867 5120 “,
2904 5051 3054 5106 illius
3087 5059 3262 5116 erunt,
3307 5051 3463 5116 quasi
3513 5050 3631 5117 fra-

2053 5160 2261 5222 gmenta
2294 5149 2433 5202 vasis
2465 5147 2702 5202 Iestacei.

2125 5327 2280 5383 Vers.
2340 5326 2396 5380 '5.
2437 5322 2620 5378 Etiam
2663 5321 2916 5374 dracones
2965 5316 3290 5371 nudaverant
3348 5325 3633 5367 mammas.

2054 5422 2127 5477 De
2154 5421 2299 5475 fame
2331 5417 2596 5473 nobilium
2628 5426 2921 5484 puerorum
2951 5408 3214 5478 loquitur,
3238 5403 3383 5473 quod
3410 5401 3638 5457 Jerusa-

2055 5515 2159 5570 lem
2190 5528 2293 5568 nec
2320 5509 2644 5565 immanium
2679 5520 2832 5560 more
2867 5503 3174 5558 belluarum
3221 5510 3490 5551 mammas
3522 5493 3632 5549 illis

2054 5608 2296 5679 praebere
2322 5601 2562 5676 patuerit
2595 5619 2608 5654 :
2646 5595 2916 5668 siquidem
2951 5591 3154 5649 doloris
3182 5603 3445 5647 excessus
3463 5586 3624 5644 etiam

432 5804 480 5837 ⁸⁸
502 5801 694 5858 Matth.
726 5816 780 5862 κ,
814 5797 906 5854 29.
985 5797 1030 5827 ⁸³
1063 5795 1262 5850 Jerem.
1293 5809 1443 5848 χειν.
1524 5788 1785 5846 “Jerem.
1824 5803 1940 5854 xu,

2111 5784 2156 5816 ⁸⁸
2185 5781 2288 5838 lsa.
2317 5793 2448 5843 xxx,
2484 5775 2570 5828 Η.

759 5893 1034 5955 Pauor"
1080 5891 1197 5951 Gn.
1244 5889 1415 5951 Xlll.

334 5982 384 5999 εδ

3309 5859 3381 5921 21
