4140 6444
351 384 457 441 657

1599 385 1909 441 SELECTA
1949 383 2013 437 IN
2056 381 2400 436 THRENOS.

3515 373 3624 429 658

378 510 379 513 “
421 503 542 557 ὀτι
571 504 953 574 ἀνήρθησαν,
984 507 1082 561 καί
1112 524 1176 576 γε
1197 507 1643 573 ἐσαλεὺθησαν.
1687 507 1848 575 Δηλοῖ
1877 504 1921 557 δὲ

2109 500 2251 566 Quia
2289 499 2524 553 succensi
2569 507 2712 557 sunt.
2778 514 2929 566 «.th
2967 500 3122 551 stium
3170 500 3416 550 commoti
3449 494 3621 567 359

348 594 411 647 τὸ
436 594 557 663 μὲν.
578 595 961 663 cirris-concute,
979 597 1038 650 16
1065 598 1165 667 τῆς
1191 597 1443 661 ἁλώσεως
1474 597 1603 670 πῦρ,
1621 598 1683 650 τὸ
1701 598 1779 662 δὲ,
1800 597 1936 650 ἐσαρ

352 686 682 752 λεύθηοάν,
720 688 819 757 τὴν
848 689 929 751 είς
956 687 1197 742 δουλείαν
1240 689 1597 760 μετάστασινθ
1641 690 1702 743 τὸ
1749 690 1827 755 δὲ,
1862 692 1934 743 οὺ

347 773 437 843 μὴ
463 774 814 842 προσθῶσιν
840 777 947 831 τοῦ
971 779 1299 848 παροικεῖν,
1330 780 1413 833 ὅτι
1434 779 1653 851 διηνεκῆ
1678 782 1935 851 σχήσουσι

354 865 666 935 παροικίαν,
697 867 955 941 δευτέρας
986 870 1181 940 μηκέτι
1208 871 1471 941 δεόμενοι.

424 1049 757 1115 Πρόσωπον
784 1052 1008 1121 Κυρίου
1028 1054 1202 1122 μερὶς
1232 1054 1449 1110 αὐτῶν.
1485 1054 1597 1126 Τὴν
1630 1055 1781 1126 παρά
1803 1056 1937 1125 Χρι-

357 1140 483 1192 στοῦ
513 1144 784 1213 τιμωρίαν
809 1143 983 1214 δηλοῖ·
1015 1143 1165 1216 λέγει
1189 1145 1299 1218 γάρ
1330 1148 1358 1200 6
1379 1146 1541 1200 Δαυῖδ
1561 1162 1576 1176 ’
1605 1148 1938 1215 Πρόσωπον

353 1228 424 1283 δὲ
450 1234 669 1299 Κυρίου
707 1234 807 1288 ἐπὶ
838 1236 1162 1304 ποιοῦντας
1190 1237 1365 1292 κακά.
1410 1239 1527 1292 Ούκ
1554 1238 1938 1293 ἐπιϐλέπονται

353 1319 411 1372 δὲ
445 1322 573 1393 παρ’
605 1324 792 1390 αὐτοῦ,
824 1326 1075 1397 μένοντες
1104 1329 1241 1402 ὅπερ
1273 1329 1440 1383 εἰσίν·
1471 1329 1622 1385 ὅταν
1661 1331 1772 1401 γὰρ
1809 1334 1936 1385 εισ-

352 1407 502 1479 ἐλθῃ
532 1411 599 1466 τὸ
621 1414 913 1485 πλήρωμα
933 1417 1050 1471 τῶν
1074 1419 1286 1484 ἐθνῶν,
1310 1418 1430 1486 πᾶς
1463 1421 1711 1490 Ἰσραὴλ
1743 1419 1938 1487 σωθή-

354 1511 544 1564 σεται,
610 1504 704 1555 καὶ
763 1503 950 1559 λοιπὸν
993 1506 1071 1570 ὡς
1120 1508 1307 1571 πιστὸς
1353 1509 1723 1563 ὲπιδλέπεται.
1773 1511 1836 1562 Εἰ
1880 1509 1938 1564 δὲ

354 1587 615 1657 γράφοιτο
637 1593 807 1662 μερὶς
835 1596 1055 1661 αὐτῶν,
1087 1599 1265 1669 δῆλον,
1291 1600 1373 1653 ὅτι
1403 1599 1653 1666 ἐξιόντων
1679 1602 1744 1653 ἐκ
1772 1600 1938 1671 μέσου

351 1677 535 1747 φησίν.
570 1682 707 1754 Περὶ⁵
727 1683 784 1736 δὲ
805 1685 915 1739 τῶν
948 1686 1222 1756 πολεμίων
1249 1687 1310 1741 τό
1330 1704 1344 1718 ·
1376 1689 1709 1755 Πρόσωπον
1736 1688 1940 1756 ἱερέων

347 1766 460 1819 οὐκ
484 1767 708 1824 ἔλαϐον
723 1788 738 1802 ·
774 1773 984 1838 πάντας
1009 1774 1118 1845 γὰρ
1145 1777 1455 1848 ἀπήγαγον.

420 1947 543 2000 Ἔτι
576 1950 766 2007 ὄντων
788 1955 974 2024 ἡμῶν,
1009 1976 1062 2012 κ.
1101 1976 1153 2013 τ.
1192 1958 1240 2013 ἔ.
1271 1960 1407 2015 Ὑπὸ
1436 1962 1543 2016 τῶν
1572 1964 1936 2035 αἰχμαλώτων

347 2034 379 2086 6
408 2035 566 2104 λόγος
590 2037 727 2093 εἶναι
755 2042 923 2110 δοκεῖ,
961 2048 1360 2117 μετανοούντων
1389 2052 1478 2122 ἐφ’
1500 2048 1584 2118 οἷς
1614 2034 1935 2124 Αίγυπτίοις

350 2125 451 2216 και
488 2128 793 2201 Ἀσσυρίοις
831 2135 969 2206 πρὸς
1002 2135 1257 2209 βοήθειαν
1297 2142 1658 2213 ἐπερείδοντο.
1697 2133 1926 2216 Λέγοιτο

349 2213 397 2267 δ’
427 2215 495 2270 ἂν
521 2219 831 2289 ἀκολούθως
862 2227 968 2281 ὑπὸ
999 2228 1108 2282 τῶν
1147 2231 1213 2283 ἐκ
1254 2234 1559 2306 περιτομῆς
1607 2213 1935 2294 πιστευσάν-

347 2320 486 2360 των·
521 2310 861 2385 ὲξελίπομεν,
894 2318 981 2373 διὰ
1021 2321 1186 2391 κενῆς
1232 2325 1313 2388 εἰς
1362 2325 1453 2378 τὸν
1493 2326 1658 2398 νόμον
1688 2328 1935 2395 ἐλπίζον-

344 2409 466 2490 ξεςᾲο
516 2400 579 2454 '0
611 2407 719 2473 γὰρ
756 2408 940 2476 νόμος
963 2410 1131 2472 σώζει
1169 2414 1409 2481 οὐδένα,
1442 2418 1691 2490 καθάπερ
1725 2415 1877 2476 εἶπεν
1903 2423 1934 2475 6

345 2482 815 2556 Παῦλος.ούκοῦν
841 2501 961 2554 οὐδὲ
988 2504 1037 2557 οί
1067 2504 1366 2576 ἠρτημένοι
1404 2508 1500 2562 τοῦ
1532 2482 1697 2582 νόμου
1734 2510 1933 2585 βοηθῆ-

346 2593 436 2632 σαι
470 2584 607 2652 μετά
634 2586 730 2657 τὴν
759 2590 917 2662 χάριν
941 2592 1277 2665 δυνήσονται.

316 2664 320 2669 ⁴
378 2763 403 2766 _
434 2674 874 2750 Ἐθηρεύσαμεν
893 2664 1142 2753 μικροὺς
1170 2686 1355 2757 ἡμῶν.
1408 2691 1544 2746 Ὑπὸ
1565 2693 1675 2766 γὰρ
1703 2694 1797 2749 τοῦ
1828 2697 1934 2752 Σω-

344 2763 508 2862 τῆρος
554 2767 725 2833 ἁλιεῖς
768 2773 1073 2845 ἀνθρώπων
1118 2779 1532 2852 ἀποδειχθέντες
1582 2763 1655 2840 oi-
1692 2789 1931 2862 μαθηταὶ

346 2854 441 2951 ἔθη
452 2874 608 2951 ρευον
643 2862 930 2951 Ἰουδαίους
952 2871 1074 2933 ταῖς
1091 2872 1253 2942 φρεσὶ
1282 2875 1530 2945 νηπίους,
1557 2879 1630 2949 μὴ
1664 2854 1762 2951 τῆν
1790 2854 1929 2937 ⁴τίλα-

344 2945 495 3032 τεῖαν
529 2948 621 2999 καὶ
670 2949 982 3025 εὐρύχωρον
1029 2956 1138 3010 τῶν
1196 2960 1447 3030 πατέρων
1489 2945 1729 3032 βαδίζειν
1772 2968 1924 3021 όδόν’

344 3029 554 3102 οὕσπερ
585 3035 647 3107 δὴ
683 3040 776 3092 καὶ
807 3043 835 3094 6
859 3042 1050 3116 Σωτὴρ
1080 3029 1400 3118 ὑπῃνίττετο
1421 3029 1595 3120 λέγων
1616 3069 1628 3083 ’
1682 3053 1929 3109 Ἐάσατε

345 3122 418 3176 τὰ
454 3127 660 3185 παιδία
689 3131 892 3187 ἐλθεῖν
922 3136 1076 3205 πρὸς
1099 3138 1198 3206 μέ.

413 3218 468 3268 Κ
467 3216 639 3285 οῡφοι
659 3221 937 3289 ἐγένοντο
948 3228 1004 3280 oi
1019 3228 1334 3297 διώκοντες
1360 3231 1519 3301 ἡμᾶς
1542 3234 1694 3304 ὑπὲρ
1709 3237 1924 3304 ἀετοὺς

338 3307 620 3401 augurari.
686 3313 912 3386 Ἱστορεῖ
937 3318 1044 3392 γὰρ
1088 3319 1412 3392 ἰὡσηππος,
1451 3325 1529 3389 ὡς
1558 3327 1680 3381 οὐδὲ
1724 3329 1792 3383 τά
1817 3329 1920 3401 ὅρη

338 3397 467 3460 τοὺς
498 3399 802 3469 φεύγοντας
831 3406 1107 3463 διέσωσεν.
1153 3411 1301 3466 Ἐκεῖ
1336 3411 1518 3468 τοίνυν
1544 3416 1691 3487 ἡμᾶς
1735 3397 1921 3473 ἒλκονλ

336 3503 430 3552 τες
482 3490 737 3559 ἥπτοντο,
791 3496 956 3567 ἤγουν
1014 3500 1152 3572 πρὸς
1207 3501 1364 3575 δίκην
1419 3504 1738 3576 ἀνήφθησαν
1796 3508 1918 3562 καθ’

336 3578 514 3650 ήμῶν.
570 3583 762 3638 Νοοῖτο
811 3586 856 3639 δ’
884 3587 952 3642 ἂν
999 3591 1092 3644 καὶ
1141 3593 1272 3664 περὶ
1314 3592 1424 3648 τῶν
1460 3596 1793 3663 ἀποστόλων,
1842 3593 1920 3654 ὧν

337 3668 687 3746 ἀνεκαινίσθη
718 3678 800 3743 ὡς
826 3679 1005 3736 ἀετοῦ
1029 3683 1069 3751 ή
1100 3684 1331 3751 νεότης.

407 3765 648 3834 Πνεῦμα
663 3770 988 3837 προσώπου
1005 3773 1192 3843 ἡμῶν,
1214 3793 1267 3830 κ.
1286 3760 1338 3831 τ.
1362 3777 1405 3831 ἒ.
1426 3779 1581 3844 Τινὲς
1597 3780 1827 3851 ἔφασαν,
1841 3783 1919 3849 ὡς

334 3853 397 3907 ὲν
422 3858 535 3920 τοῖς
566 3857 860 3929 ἐξαιρέτοις
894 3863 1318 3937 διαφανέστερον
1338 3868 1429 3922 τὸν
1467 3871 1679 3926 Ἰωσίαν
1703 3873 1912 3945 θρηνεῖ.

340 3945 608 4012 Ἥλπιξον
626 3949 735 4022 γὰρ
751 3953 841 4006 διὰ
867 3956 968 4025 τῆς
996 3957 1160 4012 αὑτοῦ
1196 3959 1511 4026 θεοσεϐείας
1545 3965 1917 4038 ἀνασταθῆναι

332 4036 435 4107 τὴν
464 4039 531 4091 Ἱε
539 4041 819 4113 ρουσαλὴμ
835 4044 893 4097 ὲν
917 4045 1067 4116 μέσῳ
1083 4047 1253 4103 ἐθνῶν
1269 4050 1349 4114 εἰς
1362 4050 1519 4117 δόξαν
1535 4069 1550 4083 ⁸
1568 4055 1627 4108 ὲν
1643 4054 1792 4127 μέσῳ
1807 4036 1915 4130 γὰρ

332 4123 557 4198 ἒθνῶνη
594 4127 948 4203 Ἰερουσαλήμ
965 4149 980 4164 ·
999 4132 1167 4199 τύπος
1194 4135 1252 4189 δὲ
1279 4132 1453 4204 οὗτος,
1478 4123 1911 4212 φασὶ,Χριστού,

330 4214 422 4270 διά
436 4217 535 4283 τὰς
560 4220 789 4290 ἀνομίας
804 4223 1080 4296 τεθνηκὼς
1105 4228 1200 4281 τοῦ
1229 4229 1382 4295 λαοῦ,
1402 4232 1575 4286 καίτοι
1591 4234 1692 4288 οὐκ
1708 4237 1768 4291 ὲν
1791 4239 1913 4303 ταῖς

328 4307 429 4362 τοῦ
453 4308 583 4362 λαοῦ
615 4311 917 4385 συνελήφθη
966 4316 1304 4390 διαφθοραῖς,
1343 4321 1460 4376 ἀλλ’
1491 4323 1568 4387 ὡς
1596 4325 1913 4400 ἀπαγορεύ-

330 4414 528 4463 σαντος
573 4401 666 4455 τοῦ
714 4406 996 4476 προφήτου
1037 4412 1373 4483 συναντήσας
1428 4414 1625 4485 Νεχαὼ
1677 4419 1908 4489 Φαραὼ,

2037 603 2180 646 sunt.
2214 591 2412 655 Verbo,
2456 592 2690 643 succensi
2724 601 2868 653 sunt,
2912 589 3247 656 signiﬁcatur
3279 587 3613 658 captivitatis

2036 682 2382 745 incendium;
2427 682 2598 736 verbo
2638 689 2842 745 autem,
2877 679 3123 731 commoti
3171 689 3314 740 sunt,
3349 678 3616 732 transitus

2038 775 2104 829 ad
2138 775 2477 830 servitutem.
2504 773 2638 828 Illud
2673 779 2876 837 autem,
2908 786 3011 822 non
3040 772 3232 822 addent
3259 768 3522 832 habitare,
3547 767 3616 821 si-

2037 867 2259 938 gnilicat
2296 879 2587 935 perennem
2613 863 2727 919 fore
2762 877 2950 917 eorum
2977 861 3294 921 incolattnn,
3321 875 3421 913 nec
3441 859 3615 914 altero

2038 964 2400 1103 opzifsistie.
2456 1045 2640 1100 Facies
2689 1044 2897 1097 Domini
2940 1058 3060 1111 pars
3107 1056 3307 1095 eorum.
3344 1036 3542 1093 Pteuas
3582 1053 3615 1093 a

2037 1141 2261 1195 Christo
2309 1147 2558 1207 sumptas
2594 1136 2868 1208 signiticat
2907 1153 2921 1187 :
2973 1134 3047 1187 ait
3090 1130 3292 1201 quippe
3325 1128 3492 1183 David
3525 1127 3614 1183 “‘:

2043 1230 2237 1284 Facies
2262 1239 2439 1283 autem
2468 1228 2685 1282 Domini
2704 1242 2860 1297 super
2894 1227 3146 1296 facientes
3185 1222 3346 1278 mala.
3374 1219 3494 1275 Non
3526 1234 3617 1274 re-

2038 1324 2347 1392 spiciuntur
2391 1322 2461 1376 ab
2491 1334 2579 1384 eo,
2636 1319 2768 1374 dum
2816 1329 3042 1374 manent
3097 1319 3242 1387 quod
3288 1325 3448 1381 sunt;
3496 1328 3616 1366 cum

2036 1413 2176 1466 enim
2204 1411 2479 1466 intraverit
2526 1409 2799 1479 plenitudo
2821 1406 3074 1478 gerlium,
3104 1418 3227 1461 tunc
3251 1405 3420 1460 omnis
3443 1402 3616 1458 Israel

2038 1502 2337 1556 salvabitur
2378 1500 2447 1567 ¹³,
2477 1509 2706 1567 tumque
2735 1509 2794 1554 ut
2822 1499 2999 1554 ﬁdelis
3026 1499 3335 1568 respicitur.
3379 1496 3437 1552 Si
3487 1510 3617 1551 vero

2037 1593 2311 1649 scribatur
2338 1607 2461 1661 pars
2490 1606 2692 1656 eorum,
2723 1592 2777 1644 Id
2810 1605 2943 1646 sane
2969 1592 3047 1645 ait
3070 1591 3139 1645 de
3159 1590 3565 1661 egredientibus
3585 1606 3618 1646 ο

2042 1684 2241 1740 medio.
2276 1682 2349 1738 De
2380 1682 2630 1738 hostibus
2667 1697 2798 1737 vero
2840 1681 3247 1752 intelligendum
3282 1681 3415 1737 illud
3452 1700 3465 1736 :
3507 1679 3617 1751 1σά-

2040 1778 2173 1832 ciem
2216 1776 2550 1830 sacer-datum
2583 1790 2687 1828 non
2716 1784 3058 1843 acceperunt;
3107 1789 3297 1829 omnes
3336 1776 3481 1830 enim
3516 1775 3615 1830 ab-

1961 1844 2007 1901 B
2034 1866 2329 1921 duxerunt.

2060 1992 2065 1995 -
2108 1957 2263 2013 Vers.
2302 1956 2390 2010 i7.
2427 1954 2563 2010 Cum
2608 1954 2782 2009 adhuc
2827 1953 3253 2017 subsisteremus,
3296 1964 3401 2011 etc.
3447 1955 3493 2007 A
3520 1970 3617 2010 ca-

2036 2048 2202 2118 ptivis
2238 2049 2354 2104 haec
2396 2047 2505 2103 dici
2552 2046 2809 2102 videntur
2849 2047 3170 2116 paenitentia
3200 2046 3416 2115 ductis,
3465 2048 3615 2118 quod

2036 2140 2417 2212 Egyptiorum
2449 2138 2913 2210 Assyriorumque
2953 2138 3175 2193 auxiliis
3205 2138 3457 2196 ﬁderent.
3499 2139 3615 2195 Dici

2035 2232 2151 2287 haec
2189 2239 2313 2300 apte
2346 2238 2579 2301 possunt
2609 2228 2679 2283 ab
2707 2227 2774 2283 iis
2810 2226 2906 2298 qui
2930 2244 2962 2283 e
2991 2228 3410 2286 circumcisione
3439 2231 3618 2286 credi-

2033 2321 2233 2377 derunt
2258 2339 2272 2376 :
2296 2320 2598 2377 deiecimus
2626 2318 2832 2375 frustra
2861 2318 2918 2373 in
2947 2319 3120 2390 legem
3149 2329 3434 2392 sperantes
3462 2339 3477 2377 :
3503 2321 3619 2378 Lex

2033 2413 2173 2468 enim
2195 2415 2455 2468 neminem
2486 2412 2682 2477 salvat,
2709 2418 2769 2466 ut
2792 2410 2872 2465 ait
2894 2409 3098 2468 Paulus
3129 2412 3195 2468 ιδ.
3226 2411 3338 2469 Nec
3379 2414 3458 2470 illi
3483 2430 3617 2486 ergo

2033 2506 2127 2576 qui
2165 2521 2197 2561 a
2246 2507 2362 2577 lege
2404 2506 2661 2576 pendent,
2709 2502 2978 2559 auxilium
3029 2505 3172 2561 ferre
3215 2515 3338 2575 post
3382 2510 3613 2578 gratiam

2033 2608 2311 2670 poterunt.

2037 2712 2041 2719 ι
2117 2690 2303 2747 Veneti
2328 2709 2511 2747 sumus
2536 2693 2786 2763 parvulos
2810 2705 3042 2749 nostros.
3079 2694 3226 2750 Facti
3259 2695 3407 2751 enim
3435 2711 3466 2750 a
3494 2695 3616 2752 Salo

2035 2791 2221 2837 vatore
2245 2783 2498 2853 discipuli
2527 2784 2829 2852 piscatores
2848 2784 3157 2852 hominum,
3191 2784 3410 2843 Iudaeos
3433 2795 3617 2844 mente

2030 2874 2290 2944 parvulos
2317 2874 2679 2939 venabantur,
2713 2890 2782 2929 ne
2812 2890 2909 2944 per
2944 2874 3108 2930 latam
3139 2876 3492 2948 amplamque
3519 2892 3617 2948 pa.-

2031 2970 2179 3017 trum
2210 2963 2352 3017 viam
2388 2962 2572 3018 irent:
2608 2976 2751 3033 quos
2785 2963 2949 3019 etiam
2996 2962 3248 3020 Salvator
3291 2966 3613 3025 subindica-

2029 3055 2124 3109 bat
2150 3054 2260 3111 illis
2287 3053 2468 3111 verbis
2492 3055 2534 3089 ¹⁸
2568 3074 2582 3110 :
2616 3054 2789 3112 Sinite
2813 3059 3060 3129 purrulos
3090 3059 3262 3115 venire
3283 3060 3353 3115 ad
3387 3077 3492 3117 nte.

2096 3235 2256 3294 Vers.
2289 3239 2376 3295 i9.
2412 3237 2570 3294 Leues
2611 3240 2745 3309 facti
2769 3252 2893 3296 sunt
2923 3254 3278 3313 persecutores
3308 3249 3477 3303 nostri
3517 3266 3614 3304 sn-

2023 3340 2116 3395 per
2142 3327 2353 3398 aquilas
2387 3328 2525 3384 meti.
2561 3328 2752 3387 Tradit
2790 3334 2936 3388 enim
2970 3334 3242 3407 Josepbus
3284 3353 3354 3394 ne
3398 3349 3612 3399 montes

2023 3417 2244 3486 quidem
2280 3417 2618 3490 fugientibus
2656 3423 2952 3493 profuisse.
2986 3424 3118 3483 Illuc
3151 3429 3318 3499 igitur
3353 3446 3455 3487 nos
3498 3441 3610 3488 tra-

2023 3507 2215 3564 hentes
2243 3510 2703 3579 accendebantur,
2736 3514 2842 3569 hoc
2877 3525 2981 3580 est,
3014 3519 3234 3575 accensi
3264 3530 3397 3577 sunt
3422 3522 3476 3577 in
3505 3538 3607 3579 nos

2021 3595 2091 3650 ad
2115 3612 2307 3668 poenas
2341 3600 2660 3671 exigendas.
2707 3602 3050 3674 lntelligatur
3078 3607 3245 3661 etiam
3275 3613 3345 3664 de
3379 3617 3606 3679 aposto-

2017 3686 2109 3753 lis,
2139 3703 2377 3758 quorum
2405 3691 2544 3744 sicut
2574 3692 2771 3761 aquilis
2794 3703 3052 3750 renovata
3081 3705 3166 3751 est
3183 3696 3435 3765 juventus
3456 3699 3519 3752 “.

2091 3776 2249 3834 Vere.
2309 3779 2401 3835 20.
2455 3780 2688 3852 Spiritus
2734 3782 2894 3852 faciei
2947 3794 3164 3854 nostrae,
3207 3795 3317 3843 etc.
3364 3787 3601 3856 Quidam

2017 3867 2294 3936 dixerunt,
2325 3869 2466 3925 inter
2492 3872 2801 3943 praecipuos
2828 3875 3033 3931 clarius
3059 3876 3150 3932 hic
3173 3875 3382 3934 Josiam
3411 3880 3607 3952 deplo-

2018 3961 2153 4016 rari.
2186 3960 2490 4032 Sperabam
2510 3964 2656 4021 enim
2682 3966 2831 4022 illius
2861 3967 3062 4038 pietate
3084 3971 3449 4029 extollendam
3471 3989 3599 4032 esse

2014 4050 2314 4109 Jerusalem
2342 4056 2397 4110 in
2433 4056 2615 4111 medio
2637 4057 2880 4128 gentium
2912 4060 2981 4114 ad
3015 4061 3284 4131 gloriam:
3320 4064 3375 4120 in
3412 4066 3597 4123 medio

2014 4161 2255 4216 namque
2288 4148 2534 4217 gentium
2577 4146 2883 4205 Jerusalem
2914 4159 3026 4216 est;
3060 4160 3246 4222 typum
3279 4170 3411 4211 vero
3451 4157 3599 4214 hunc

2012 4236 2217 4292 Christi
2257 4238 2431 4294 fuisse
2480 4248 2758 4307 asserunt,
2800 4255 2926 4296 cum
2960 4257 3061 4312 pro
3095 4244 3381 4314 iniquitate
3407 4250 3595 4319 populi

2011 4328 2084 4382 sit
2112 4339 2382 4395 mortuus,
2417 4338 2473 4385 et
2493 4337 2675 4388 tamen
2712 4332 2767 4387 in
2798 4335 3242 4405 corruptionibus
3270 4339 3453 4408 populi
3485 4356 3594 4396 non

2014 4419 2410 4490 deprehensus,
2444 4422 2538 4477 sed
2564 4422 2695 4492 quia
2737 4424 3062 4493 prohibente
3089 4429 3351 4499 propheta
3391 4447 3594 4490 occur-

328 4490 537 4565 καίπερ
571 4495 708 4565 πρὸς
740 4497 902 4553 αὑτὸν
934 4498 1034 4554 οὐκ
1074 4501 1308 4556 ἐθέλοντι
1351 4506 1711 4577 μαχέσασθαι.
1752 4513 1913 4568 Κατά

2025 4511 2091 4565 rit
2122 4511 2340 4567 hechao
2367 4490 2663 4580 Pharaoni,
2696 4490 2824 4572 licet
2855 4518 3060 4573 nolenti
3090 4490 3335 4591 pugnare
3354 4538 3479 4579 cum
3501 4541 3590 4581 eo.

325 4582 514 4639 τοίνυν
536 4586 630 4639 τὸν
662 4585 808 4642 θεῖον
838 4590 1155 4657 ἀπόστολον,
1199 4594 1483 4668 κάλυμμα
1506 4599 1589 4666 τῷ
1612 4604 1910 4671 προσώπῳ

325 4675 440 4729 τῶν
464 4678 728 4734 Ἰουδαίων
758 4683 1064 4750 ἐπίκειται,
1099 4688 1396 4757 Μωυσέως
1421 4692 1906 4769 ἀναγινωσκομέ-

325 4785 473 4860 retr
505 4771 599 4824 ἐὰν
622 4773 681 4826 δὲ
705 4775 1009 4848 ἐπιστραφῇ
1040 4779 1177 4850 πρὸς
1216 4782 1438 4854 Κύριον,
1473 4792 1909 4860 περιαιρεῖταιτὺ

328 4859 622 4932 κάλυμμα·
654 4864 755 4918 όδὲ
782 4866 984 4938 Κύριος
998 4868 1060 4921 τὸ
1081 4870 1297 4941 πνεῖ)μά
1311 4876 1448 4929 ἐστι.
1465 4875 1563 4930 Διά
1585 4859 1753 4934 δὲτοῦ
1774 4900 1907 4955 προ-

325 4952 501 5023 φήτου
535 4955 699 5026 ῥητὸν
728 4958 946 5030 πνεῦμα
974 4960 1123 5030 λέγει
1150 4962 1240 5017 τὸν
1265 4965 1492 5038 Κύριον.
1522 4965 1623 5035 Οἷς
1656 4967 1751 5027 οὖν
1783 4952 1904 5028 ὲπίο

320 5057 507 5096 κειται
541 5045 826 5118 κάλυμμα,
862 5049 962 5103 οὐκ
1002 5049 1069 5104 ἂν
1103 5052 1307 5109 εἴποιεν
1325 5072 1340 5086 ’
1383 5059 1629 5129 Πνεῦμα
1671 5064 1905 5131 προσώ-

320 5146 447 5187 που
466 5134 639 5204 ἡμῶν
661 5139 915 5206 Χριστὸς
950 5142 1184 5211 Κύριος,
1219 5143 1334 5196 ἀλλ’
1362 5147 1411 5199 οἱ
1445 5149 1902 5224 ἀνακεκαλυμμέ-

320 5237 403 5292 νῳ
430 5224 708 5298 προσώπῳ
733 5228 813 5293 είς
840 5228 999 5296 δόξαν
1032 5232 1240 5304 Κυρίου
1270 5238 1787 5310 κατοπτριζόμενοι,
1825 5237 1902 5299 ὧν

315 5310 411 5367 ἀεὶ
440 5316 548 5386 πρὸ
572 5314 681 5369 τῶν
711 5317 811 5389 τῆς
840 5319 1078 5386 διανοίας
1106 5323 1398 5396 ὀφθαλμῶν
1423 5327 1574 5382 ἐστιν
1598 5330 1628 5383 6
1665 5331 1900 5402 Ktiptog-

316 5402 400 5467 ὡς
429 5404 606 5477 δῆλον,
630 5410 714 5463 ὅτι
745 5411 807 5464 16
838 5413 1139 5485 ὲνεργῆσαν
1168 5417 1228 5468 ὲν
1257 5417 1371 5480 τοῖς
1398 5416 1708 5489 προφήταις
1741 5423 1904 5480 πνεῦ-

320 5509 406 5583 μα
434 5490 505 5566 ἦν
532 5498 562 5550 6
589 5499 844 5571 Χριστὸς,
871 5501 932 5566 ὃς
979 5505 1072 5558 καὶ
1101 5504 1522 5579 ὲνανθρωπήσας
1566 5513 1752 5583 φησὶν,
1781 5517 1903 5571 Αὐ-

316 5581 427 5651 τὸς
459 5590 492 5640 ὀ
523 5586 732 5643 λαλῶν
757 5590 1016 5663 πάρειμι,
1050 5596 1210 5661 αὐτὸς
1257 5596 1338 5653 ὢν
1371 5597 1608 5672 πνεῦμα,
1629 5581 1745 5657 καὶ
1788 5605 1904 5660 Κύ-

397 5698 439 5732 ¹¹
467 5698 614 5779 Ifsal.
640 5706 950 5779 nxttt,_i7.
1031 5709 1073 5742 ⁸³
1096 5708 1253 5766 Rom.
1286 5728 1362 5779 ιιι,
1396 5714 1485 5771 25.

320 5767 412 5822 Η.
489 5771 532 5803 ⁸³
565 5770 668 5828 Isa.
702 5789 799 5840 ιιι.
823 5767 883 5830 ti.

1586 5716 1627 5747 “
1655 5716 1772 5774 Gal.
1814 5734 1895 5789 ιιι,
1924 5721 2010 5778 Η.

2017 4599 2207 4672 Itaque
2254 4604 2555 4659 secundum
2592 4604 2837 4662 divinum
2884 4609 3206 4680 Apottolum
3248 4614 3312 4680 ⁸⁷,
3364 4615 3594 4673 uelamen

2014 4695 2244 4764 positum
2266 4705 2343 4749 est
2365 4712 2522 4765 super
2546 4697 2739 4767 faciem
2767 4697 3100 4769 Iudaeorum,
3129 4705 3258 4759 dum
3284 4705 3490 4778 Moyses
3516 4710 3594 4765 ίερ

2014 4784 2191 4854 gitur;
2226 4786 2374 4856 quod
2408 4787 2453 4841 si
2485 4803 2788 4847 conversus
2820 4791 2984 4849 fuerit
3027 4794 3096 4849 ad
3136 4794 3454 4866 Dominum,
3492 4815 3594 4857 au-

2012 4869 2187 4930 fertur
2225 4877 2507 4945 velamen;
2562 4877 2827 4938 Dominus
2879 4899 3009 4940 vero
3061 4887 3287 4956 spiritus
3326 4899 3433 4946 est.
3489 4889 3591 4949 llic

2011 4966 2274 5037 propheta
2323 4968 2576 5038 spiritum
2609 4972 2743 5027 dicit
2772 4972 3088 5033 Dominum.
3125 4977 3165 5032 li
3196 4979 3359 5048 igitur
3386 4980 3599 5053 quibus,

2011 5057 2257 5114 velamen
2305 5063 2714 5132 superpositum
2761 5076 2867 5134 est,
2911 5067 3094 5124 dicere
3146 5086 3254 5126 non
3318 5084 3587 5143 possunt,

2008 5150 2229 5220 spiritus
2258 5155 2366 5207 oris
2392 5157 2561 5209 nostri
2589 5155 2832 5214 Christus
2861 5158 3160 5228 Dominus;
3184 5165 3277 5220 sed
3306 5167 3404 5236 qui
3434 5182 3587 5229 reva-

2008 5243 2117 5299 lata
2167 5244 2307 5301 faeie
2358 5247 2588 5319 gloriam
2641 5248 2859 5305 Domini
2916 5255 3297 5321 speculantur,
3346 5273 3582 5328 quorum

2006 5348 2222 5405 semper
2247 5352 2362 5407 pra:
2391 5340 2570 5396 oculis
2597 5341 2798 5397 mentis
2822 5352 2905 5397 est
2933 5342 3220 5402 Dominus.
3251 5346 3388 5402 Nam
3406 5351 3585 5420 spiri-

2003 5435 2120 5482 tum
2173 5428 2266 5498 qui
2310 5428 2475 5500 350
2520 5440 2779 5502 operatus
2828 5444 2912 5490 est
2964 5435 3020 5490 in
3066 5437 3367 5506 prophetis,
3413 5440 3584 5511 liquet

2003 5517 2287 5576 Christum
2315 5521 2507 5588 fuisse,
2538 5524 2633 5593 qui
2658 5525 2822 5579 etiam
2853 5525 3019 5581 homo
3046 5523 3224 5582 iactus
3244 5529 3428 5585 ait":
3459 5529 3583 5602 Ipse

2002 5610 2095 5680 qui
2124 5609 2377 5681 loquebar
2416 5612 2606 5668 adsunt
2635 5627 2654 5677 ;
2684 5629 2809 5669 cum
2849 5615 2967 5685 ipse
2994 5616 3067 5672 sit
3103 5618 3348 5689 spiritus,
3385 5632 3441 5679 et
3469 5621 3582 5682 Do-

2128 5724 2171 5757 υ
2200 5722 2391 5781 Matth.
2423 5741 2505 5793 ιν,
2525 5725 2610 5783 lt].
2683 5713 2686 5716 ’
2724 5725 2768 5759 ¹⁶
2796 5724 2887 5784 Ps.
2916 5743 3010 5796 cu,
3036 5730 3089 5786 5.
3204 5733 3245 5765 "
3274 5730 3317 5791 ll
3344 5734 3477 5794 Cor.
3493 5751 3586 5810 tu,
