4140 6490
406 417 514 476 069

1845 404 2142 468 .lIOMlLIA
2178 405 2217 464 Ι.

3581 419 3699 475 670

408 547 588 591 autem
616 543 735 605 post
773 533 882 588 lucc
914 532 1146 586 conversi
1174 546 1276 583 non
1308 529 1526 599 fuerint,
1569 529 1855 583 cmendabo
1884 545 1992 583 eos.
2027 545 2071 599 Α
2100 545 2290 583 meum.
2320 527 2514 598 lgneus
2540 536 2624 583 est
2654 544 2685 583 a
2714 530 2936 586 renibus
2964 546 3137 599 usque
3171 532 3237 586 ad
3267 533 3525 590 deorsum
3571 532 3681 588 Do-
3727 552 3733 557 -

409 625 608 682 Omnia
629 622 720 677 Dei
745 638 866 692 qum
895 621 1145 675 videntur
1169 635 1355 673 amara
1383 635 1527 684 esse,
1555 618 1607 671 in
1633 619 1992 673 eruditionem

409 724 466 772 et
495 713 733 778 remedia
767 712 1077 783 proﬁciunt.
1120 710 1363 765 Medicus
1403 718 1487 764 est
1526 708 1690 774 Deus,
1722 718 1876 778 pater
1914 717 2005 763 est

413 803 578 868 Deus,
606 804 859 859 dominus
895 812 979 857 est
1020 817 1126 856 non
1156 816 1336 870 asper,
1373 801 1471 855 sed
1511 799 1649 853 lenis
1688 808 1770 853 est
1817 798 2006 852 domi-

412 911 540 951 nus.
570 894 626 950 Si
661 896 876 950 veneris
916 894 988 948 ad
1032 908 1127 948 eos
1167 893 1260 962 qui
1310 891 1481 961 puniti
1524 899 1657 945 sunt
1698 889 2005 945 secundum

413 987 630 1057 eloquia
660 986 1091 1056 Scripturarum,
1122 998 1393 1052 compone
1420 981 1738 1050 Scripturas
1762 979 2006 1049 Scriptu-

414 1078 514 1143 ris,
542 1085 601 1130 ut
629 1085 682 1130 et
706 1086 756 1130 te
770 1075 1069 1145 Apostolus
1092 1074 1270 1135 docet,
1287 1082 1338 1126 et
1356 1072 1567 1125 videbis
1583 1070 1659 1125 ibi
1682 1070 2004 1125 dulcissima

413 1181 555 1232 esse,
591 1166 688 1220 ubi
715 1167 1065 1220 amarissima
1100 1164 1511 1219 existimantur.
1533 1160 1809 1230 Scriptum
1834 1169 1921 1214 est
1947 1162 2006 1216 in

414 1259 717 1328 propheta:
762 1258 887 1311 Non
934 1257 1172 1312 vindicat
1214 1255 1293 1308 bis
1332 1255 1386 1307 in
1421 1253 1651 1323 idipsum
1690 1253 1748 1306 in
1773 1251 2003 1320 judicio.

414 1348 728 1404 Vindicavit
757 1350 929 1405 semel
958 1351 1009 1402 in
1036 1347 1244 1417 judicio
1267 1362 1362 1416 per
1393 1346 1681 1408 diluvium,
1709 1343 2007 1398 vindicavit

416 1440 584 1494 semel
633 1440 685 1493 in
730 1440 939 1511 judicio
986 1454 1150 1508 super
1202 1437 1501 1493 Sodomam
1523 1448 1578 1494 et
1604 1436 2006 1497 Gomorrham,

416 1531 712 1588 vindicavit
762 1532 929 1586 semel
982 1531 1036 1585 in
1089 1530 1299 1599 judicio
1355 1545 1524 1599 super
1574 1528 1893 1599 Egyptum,
1952 1534 2009 1579 et

417 1633 670 1680 sexcenta
720 1622 894 1677 millia
928 1621 1320 1677 lsraelitarum.
1356 1619 1475 1676 Noli
1511 1620 1830 1674 existimare
1860 1616 2006 1686 quod

416 1714 534 1769 haec
571 1715 707 1769 ultio
746 1728 907 1783 pmna
948 1722 1156 1766 tantum
1195 1710 1360 1765 fuerit
1403 1709 1803 1779 peccatoribus,
1849 1708 2008 1778 quasi

415 1813 539 1873 post
566 1812 797 1857 mortem
827 1811 882 1856 et
914 1800 1184 1870 supplicia
1227 1800 1428 1853 iterum
1471 1814 1502 1852 a
1548 1796 1816 1868 supplicio
1856 1798 2009 1853 exci~

2099 620 2309 676 minus.
2343 619 2722 674 Geuerationis
2747 620 2892 674 enim
2918 628 2974 674 et
3002 621 3243 677 libidinis
3269 639 3432 691 opera
3469 625 3678 689 gehen-

2098 726 2187 765 ua:
2227 710 2509 779 suppliciis
2559 711 2952 779 corripiuntur.
3001 709 3197 780 lgneus
3243 722 3327 767 est
3367 712 3535 776 Deus,
3582 713 3678 768 sed

2102 818 2211 856 non
2238 812 2389 859 totus
2410 809 2499 857 est.
2527 802 2745 872 igneus.
2773 801 3068 871 Superiora
3097 801 3218 871 ejus
3239 803 3500 860 electrum
3532 812 3684 861 sunt.

2101 892 2377 949 Electrum
2410 909 2525 949 non
2557 895 2737 950 solum
2774 903 3026 965 argento,
3057 909 3249 949 verum
3291 904 3345 949 et
3378 910 3515 950 auro
3560 909 3693 962 prem

2101 986 2297 1041 tiosius
2335 994 2436 1041 est.
2472 984 2748 1040 Electrum
2796 993 2979 1040 autem
3028 999 3132 1053 pro
3172 983 3419 1051 exemplo
3459 982 3695 1050 [uigoris

2104 1071 2384 1143 Scriptura
2413 1076 2614 1144 posuit,
2645 1089 2752 1129 non
2787 1073 2934 1143 quod
2969 1073 3117 1129 Deus.
3146 1089 3269 1128 vere
3297 1074 3559 1128 electrum
3594 1073 3693 1130 sit.

2102 1163 2169 1221 Et
2194 1167 2473 1234 quomodo
2500 1182 2609 1220 non
2639 1174 2723 1221 est
2755 1165 2862 1220 tale
2891 1166 3153 1220 electrum
3188 1164 3332 1221 Deus
3362 1166 3524 1234 quale
3549 1164 3693 1219 vitio-

2104 1255 2266 1314 batur
2295 1273 2311 1309 :
2336 1256 2419 1311 sic
2444 1271 2558 1311 nou
2578 1267 2665 1311 est
2694 1256 2821 1311 talis
2839 1255 2981 1326 ignis
3008 1258 3194 1328 qualis
3213 1273 3247 1311 a
3268 1257 3493 1312 renibus
3517 1269 3693 1325 usque

2106 1349 2179 1404 ad
2209 1347 2409 1419 pedum
2438 1348 2607 1403 linem
2652 1351 2923 1419 apparuit.
2977 1349 3127 1420 ignis
3162 1349 3267 1404 iste
3306 1347 3606 1410 consumit,
3636 1356 3694 1404 et

2106 1455 2220 1495 non
2252 1446 2335 1494 est
2359 1441 2676 1508 appositum
2704 1440 2835 1509 quid
2884 1449 3196 1502 consumat,
3243 1449 3302 1493 ut
3344 1447 3398 1491 tu
3438 1451 3697 1506 quaerens

2108 1529 2350 1598 reperias
2374 1529 2503 1598 quid
2538 1528 2609 1585 sit
2635 1528 2769 1584 illud
2796 1529 2939 1599 quod
2970 1544 3007 1583 α
3034 1528 3133 1583 Dei
3159 1529 3281 1598 igne
3323 1525 3691 1583 ctmsumi’tnr.

2109 1619 2252 1675 Deus
2283 1630 2463 1675 noster
2486 1620 2621 1690 ignis
2656 1636 2965 1675 consumens
3008 1629 3086 1675 est
3116 1620 3183 1674 ⁸⁸.
3226 1620 3370 1685 Quid
3415 1618 3692 1675 consumit

2111 1709 2255 1781 ignis
2286 1709 2423 1766 iste?
2457 1707 2576 1765 Non
2608 1709 2755 1780 ligna
2792 1724 2917 1777 qua:
2947 1710 3247 1774 cernimus,
3281 1724 3388 1763 non
3433 1707 3696 1766 sensibile

2112 1799 2324 1866 lentum,
2366 1815 2475 1855 non
2529 1799 2785 1869 stipulam
2818 1814 2947 1868 quae
2988 1799 3231 1863 videtur,
3267 1796 3364 1853 sed
3406 1797 3451 1852 si
3500 1810 3695 1865 superi

418 1893 603 1961 piendi
637 1893 772 1948 sint.
815 1890 1159 1945 Punitisunt
1207 1890 1263 1943 in
1314 1890 1567 1959 praesenti
1615 1907 1685 1946 ne
1729 1892 1787 1945 in
1828 1892 2012 1947 futuro
2045 1885 2088 1942 Β
2113 1893 2469 1952 adilicaveris
2499 1891 2856 1949 fundamento
2889 1888 3024 1946 Jesu
3066 1888 3267 1945 Christi
3290 1903 3461 1957 opera
3487 1886 3696 1956 μεοωὶ

413 1984 615 2053 jugiter
657 1983 1002 2052 punirentur.
1044 1980 1217 2037 Cerne
1251 1997 1541 2052 pauperem
1586 1983 1640 2036 in
1684 1981 2001 2054 Evangelia,

421 2078 680 2148 squalore
703 2086 757 2131 et
781 2075 1009 2146 penuria
1039 2074 1323 2144 premitur,
1360 2084 1417 2129 et
1445 2083 1629 2145 postea
1673 2075 1728 2129 in
1766 2076 2002 2131 Abl'aliai

423 2169 547 2224 sinu
583 2166 898 2238 requiescit.
930 2165 1155 2236 Recepit
1178 2166 1320 2221 mala
1351 2181 1452 2221 sua
1482 2165 1536 2219 in
1565 2166 1677 2220 vita
1701 2181 1820 2221 sua.
1851 2164 2003 2221 Unde

423 2260 532 2316 scis
567 2276 638 2313 an
665 2257 966 2327 receperint
991 2258 1127 2327 quin
1156 2257 1211 2311 in
1239 2257 1445 2313 diluvio
1475 2266 1605 2312 sunt
1629 2259 1828 2321 necati,
1859 2258 2002 2313 mala

418 2366 521 2406 sua
553 2352 607 2405 in
636 2351 784 2407 vita?
815 2348 967 2405 Unde
998 2353 1139 2405 nosti
1183 2361 1445 2405 utrumne
1475 2350 1724 2405 restituta
1760 2352 1871 2406 sint
1903 2351 2006 2405 So-

418 2441 596 2497 domae
648 2451 702 2496 et
750 2441 1072 2496 Gomorrhte
1119 2442 1264 2495 mala
1309 2456 1412 2499 sua
1450 2441 1509 2495 in
1548 2441 1657 2496 vita
1699 2443 1839 2498 sua?
1863 2442 2005 2497 Audi

419 2534 795 2589 testimonium
832 2531 1264 2602 Scripturarum,
1302 2533 1386 2587 vis
1418 2530 1761 2588 Testamenti
1796 2533 2007 2590 Veteris

417 2625 795 2680 testimonium
817 2624 1074 2679 discere?
1100 2621 1198 2677 Vis
1225 2621 1359 2677 Novi
1398 2623 1654 2678 edoceri?
1686 2622 2009 2679 Iicstituetnr

419 2716 751 2772 bodoma‘in
794 2718 1112 2787 antiquum;
1156 2731 1211 2769 et
1246 2716 1424 2771 adhuc
1450 2716 1672 2772 dubitas
1716 2733 1786 2771 an
1833 2718 2009 2773 bonus

418 2810 491 2864 sit
543 2808 809 2863 Dominus
852 2808 1085 2877 puniens
1132 2806 1481 2864 Sodomitas?
1531 2807 1883 2864 Tolerabilius
1910 2810 2010 2863 erit

420 2910 580 2953 ter-rw
607 2896 960 2952 Sodomorum
984 2907 1033 2951 et
1059 2896 1527 2953 Comorrhteornm
1556 2900 1611 2953 in
1633 2900 1720 2954 dic
1735 2899 2009 2968 judicii",

325 3051 336 3062 _
417 2987 551 3043 dicit
584 2988 850 3044 Dominus
880 2988 1150 3044 miserans
1179 2988 1517 3045 Sodomitas.
1568 2989 1849 3060 Benignus
1880 3006 2013 3062 ergo

420 3091 505 3137 est
533 3082 699 3148 Deus,
731 3082 969 3138 clemens
999 3092 1083 3137 est
1114 3081 1276 3137 Deus.
1320 3080 1498 3137 Solem
1526 3099 1679 3136 suurn
1709 3098 1836 3143 vere
1878 3086 2012 3139 oriri

422 3174 554 3243 facit
567 3190 721 3243 super
734 3173 894 3227 bonos
909 3183 961 3227 et
982 3175 1151 3228 malos
1183 3189 1202 3227 :
1223 3183 1274 3227 et
1286 3174 1422 3243 pluit
1444 3189 1572 3228 vere
1586 3189 1746 3243 super
1755 3175 1937 3244 justas
1959 3184 2010 3230 et

421 3266 649 3333 injustas
675 3265 741 3329 ³⁸,
778 3281 885 3320 non
925 3266 1101 3321 solum
1144 3267 1291 3319 hunc
1335 3279 1497 3333 quem
1526 3265 1701 3320 oculis
1732 3267 2011 3322 cernimus

420 3358 613 3423 solem,
636 3358 729 3411 sed
749 3366 803 3411 et
825 3356 980 3411 illum
1013 3358 1183 3413 solem
1198 3356 1291 3426 qui
1310 3356 1486 3410 oculis
1503 3355 1702 3410 mentis
1725 3357 2009 3425 aspicitur.

422 3448 532 3516 ligo
565 3446 743 3500 malus
778 3461 950 3512 eram,
977 3455 1032 3501 et
1055 3454 1208 3501 ortus
1235 3453 1321 3501 est
1362 3446 1495 3499 mihi
1523 3446 1606 3500 sol
1627 3446 1871 3516 justitire.
1898 3445 2013 3517 Ego

418 3536 597 3591 nnalus
609 3551 781 3600 eram,
805 3547 860 3590 et
872 3537 1023 3592 venit
1038 3553 1202 3607 super
1220 3552 1309 3592 me
1321 3537 1505 3608 pluvia
1520 3537 1768 3607 justitiaa.
1790 3538 2012 3597 Bonitas

419 3625 515 3681 Dei
557 3635 642 3682 est
672 3628 837 3685 etiam
871 3629 925 3681 in
962 3628 1049 3682 bis
1078 3642 1201 3696 quae
1227 3643 1414 3683 amara
1442 3630 1848 3685 existimantur.

490 3719 544 3773 3.
587 3719 758 3789 Igitur
790 3719 844 3772 in
877 3720 1098 3775 civitate
1131 3720 1465 3775 constitutus
1509 3731 1589 3775 est
1640 3722 1927 3792 propheta,
1959 3731 2015 3779 et
2054 3697 2058 3700 i

421 3825 586 3867 cerne
620 3826 744 3881 quae
783 3811 988 3876 videat,
1038 3826 1108 3866 ne
1148 3811 1380 3866 dolores
1412 3812 1611 3867 sentiat
1657 3813 2010 3882 captivitatis,

421 3902 679 3958 deorsum
707 3902 853 3957 videt
887 3902 1134 3966 labores,-
1161 3902 1255 3957 sed
1285 3917 1507 3957 sursum
1538 3903 1759 3957 elevans
1797 3904 2010 3971 oculos,

421 4006 640 4066 apertos
663 3995 894 4065 suspicit
919 3996 1112 4060 caelos,
1139 3995 1315 4049 cernit
1340 3996 1442 4049 sibi
1476 4005 1717 4050 reserata
1745 3997 2010 4065 cmlestia,

420 4087 567 4142 videt
595 4087 1009 4142 similitudinem
1052 4086 1240 4157 gloriae
1287 4084 1402 4150 Dei,
1436 4087 1583 4142 videt
1620 4096 1860 4157 quatuor
1889 4087 2012 4142 ani-

418 4178 608 4242 utalia,
655 4177 724 4232 de
765 4177 967 4246 quibus
1001 4177 1212 4231 multus
1238 4191 1420 4231 sermo
1467 4186 1523 4232 et
1561 4177 1796 4233 diﬂleilis
1843 4179 2014 4235 inter-

416 4269 666 4340 pretatio
685 4277 770 4322 est
789 4267 855 4321 ³⁷.
890 4266 1083 4321 Cernit
1110 4265 1361 4336 aurigam
1401 4275 1640 4336 quatuor
1667 4268 2009 4324 animalium.

420 4360 609 4416 Cernit
635 4369 783 4414 rotas
809 4373 870 4413 se
894 4358 1128 4412 invicem
1158 4358 1525 4419 continentes.
1549 4358 1753 4429 Auriga
1777 4367 2014 4429 quatuor

419 4451 745 4519 animalium
790 4465 899 4506 non
935 4457 1083 4506 totus
1113 4459 1199 4507 est
1238 4450 1452 4521 igneus,
1501 4451 1599 4508 sed
1640 4450 1949 4521 pubetenus
1980 4467 2012 4507 ι

2100 1986 2136 2041 ii
2142 1999 2270 2056 gna,
2287 1999 2456 2054 opera
2472 1983 2678 2047 peccati
2697 1982 2906 2047 tonum,
2924 1996 3090 2051 opera
3106 1980 3312 2050 peccati
3327 1978 3585 2035 inferiora
3602 1977 3701 2035 sti-

2102 2079 2309 2148 pulam,
2329 2077 2478 2133 venit
2493 2076 2657 2146 ignis.
2675 2087 2727 2130 et
2742 2075 2996 2130 universa
3014 2075 3115 2129 ista
3139 2072 3435 2129 examinat.
3455 2070 3591 2138 Quis
3610 2079 3697 2127 est

2104 2169 2208 2227 iste
2223 2167 2637 2241 iguisquemlex
2653 2167 2928 2236 pradicet,
2951 2174 3005 2220 et
3029 2166 3369 2235 evangelium
3390 2178 3498 2219 non
3524 2160 3689 2219 tacet?

2109 2261 2537 2335 Uniuscujusque
2559 2279 2691 2333 opus
2720 2262 2874 2332 quale
2903 2262 2997 2330 sit,
3015 2262 3153 2331 ignis
3185 2257 3515 2330 probabit".
3549 2255 3694 2322 Quid

2105 2365 2215 2422 cst,
2227 2356 2505 2425 Apostole,
2535 2355 2684 2426 ignis
2695 2354 2797 2411 iste
2809 2352 2902 2423 qui
2918 2353 3114 2423 probat
3127 2365 3293 2421 opera
3315 2356 3504 2405 nostra
3520 2345 3699 2412 iQuis

2106 2455 2193 2503 est
2215 2447 2359 2517 ignis
2383 2447 2493 2503 iste
2519 2447 2599 2505 sic
2630 2445 2869 2515 sapiens,
2894 2452 2954 2497 ut
2975 2441 3251 2500 custodiat
3270 2454 3468 2497 aurum
3488 2450 3696 2501 meum,

2109 2547 2170 2595 ut
2190 2547 2481 2608 argentum,
2503 2554 2686 2595 meum
2709 2537 3057 2607 splendidius
3080 2532 3354 2596 ostendat,
3382 2538 3447 2585 ut
3467 2529 3698 2583 illaesum

2112 2629 2386 2700 relinquat
2408 2645 2532 2687 eum
2565 2628 2663 2698 qui
2690 2628 2746 2682 in
2772 2641 2861 2683 me
2887 2635 2973 2685 est
3004 2625 3240 2694 lapidem
3289 2620 3613 2691 pretiosum,
3638 2624 3700 2671 ut

2112 2721 2256 2779 mala
2300 2728 2510 2777 tantmn
2563 2726 2855 2775 consumat
2897 2732 3023 2786 quae
3050 2714 3176 2777 l‘eci,
3210 2727 3332 2782 quae
3362 2706 3699 2779 superaedili~

2112 2812 2230 2866 cavi
2263 2812 2431 2881 ligna,
2472 2809 2685 2875 fenum,
2716 2807 3017 2879 stipulam?
3066 2805 3203 2873 Quis
3251 2811 3339 2860 at
3379 2802 3484 2857 iste
3525 2795 3700 2868 ignis?

2113 2903 2299 2974 Ignem
2340 2904 2455 2960 veni
2499 2905 2727 2971 mittere.
2752 2917 2909 2965 super
2950 2909 3168 2963 terram,
3200 2906 3249 2951 et
3285 2909 3444 2966 quant
3483 2889 3603 2947 bdo
3638 2896 3700 2946 tu

2113 2997 2438 3052 accendatur
2471 2998 2537 3048 δ’.
2570 2994 2732 3053 Jesus
2776 2993 3034 3049 Christus
3084 2990 3236 3055 dicit,
3270 3002 3434 3059 quam
3477 2982 3595 3038 solo
3639 2988 3702 3035 nt

2104 3088 2223 3157 jam
2238 3087 2580 3142 accendatur.
2609 3085 2796 3139 Battus
2814 3083 2962 3139 enim
2990 3093 3095 3147 est,
3109 3089 3163 3135 et
3179 3079 3329 3134 novit
3341 3091 3470 3147 quta
3492 3075 3538 3130 si
3561 3072 3705 3143 ignis

2114 3178 2219 3231 iste
2250 3175 2419 3231 fuerit
2442 3191 2732 3240 «census,
2770 3172 2977 3228 malitia
3007 3178 3387 3227 consumctur.
3425 3164 3701 3233 Scriptum

2114 3277 2200 3324 est
2228 3269 2281 3324 in
2305 3268 2625 3340 prophetis:
2655 3265 3023 3334 Sanctiﬁcasit
3070 3278 3188 3317 οιιιιι
3218 3262 3275 3315 in
3317 3259 3427 3330 igni
3468 3256 3703 3321 ardenti,

2111 3371 2165 3416 et
2187 3363 2389 3416 voravit
2413 3372 2668 3430 tanquam
2697 3359 2877 3428 {citum
2901 3356 3115 3410 sileant.
3138 3351 3206 3407 Et
3250 3365 3469 3406 rursum
3492 3366 3511 3403 :
3537 3346 3708 3401 Eruik

2115 3453 2181 3507 tit
2207 3452 2467 3506 Dominus
2496 3449 2729 3511 Sabaoth
2755 3450 2807 3502 in
2834 3458 2982 3502 tutan
3023 3448 3274 3499 honorent
3305 3439 3702 3503 contumeliam,

2111 3552 2163 3598 et
2195 3544 2252 3596 in
2295 3553 2443 3596 tuam
2472 3543 2698 3612 gloriam
2743 3540 2879 3611 ignis
2915 3539 3108 3591 ardens
3150 3532 3477 3600 accenditur,
3509 3530 3566 3588 id
3601 3532 3701 3599 est,

2114 3645 2175 3690 ut
2211 3643 2265 3689 tu
2307 3633 2652 3704 gloriﬁceris,
2684 3631 2954 3685 emittitur
2980 3628 3120 3699 ignis
3155 3628 3212 3681 in
3251 3642 3416 3696 opera
3455 3632 3705 3696 peccato-

2115 3741 2243 3780 rum
2279 3734 2522 3779 tuorum.
2556 3721 2652 3778 Vis
2692 3721 2873 3776 adhuc
2919 3735 2949 3773 a
2993 3718 3259 3789 propheta
3299 3717 3534 3781 discere,
3572 3713 3702 3783 quia

2113 3823 2391 3870 tormenta
2426 3811 2556 3867 boni
2585 3809 2681 3868 Dei
2719 3809 2831 3865 sint
2866 3809 2937 3863 ad
2969 3808 3257 3863 utilitatem
3281 3820 3472 3862 eorum
3513 3803 3609 3874 qui
3637 3818 3702 3858 ea

2113 3907 2392 3963 sustinent
2420 3901 2762 3959 constituta?
2789 3900 3052 3956 Ausculta
3090 3897 3342 3953 eumdem
3379 3895 3700 3967 prophetam

2112 3996 2383 4052 dicentem
2410 3994 2458 4027 “
2482 4009 2501 4050 :
2530 3993 2709 4048 Habes
2735 3995 2985 4047 carbones
3005 3991 3165 4061 ignis,
3186 3987 3387 4045 sedebis
3416 4002 3571 4056 super
3589 4000 3699 4050 ros,

2111 4093 2155 4146 ii
2184 4099 2341 4149 erunt
2375 4089 2472 4144 tibi
2512 4086 2803 4157 adjutario.
2843 4083 2971 4141 Hauc
3017 4081 3307 4153 oportebat
3343 4078 3699 4144 abscondere,

2112 4194 2171 4240 et
2202 4186 2257 4239 in
2287 4184 2529 4240 medium
2563 4196 2673 4237 nou
2712 4178 2980 4249 proferre,
3027 4176 3121 4233 sed
3175 4173 3413 4230 bmretici
3454 4186 3555 4226 nos
3590 4170 3702 4226 im-

2114 4278 2346 4348 pellunt,
2394 4284 2455 4330 ut
2499 4272 2726 4330 celanda
2774 4270 3067 4329 eli'eramus
3111 4267 3168 4323 in
3207 4265 3530 4336 publicum:
3570 4262 3697 4332 quia

2113 4379 2261 4425 tecta
2287 4375 2417 4423 sunt
2435 4365 2636 4421 utiliter
2655 4361 2799 4432 apud
2829 4376 2949 4427 eos,
2979 4359 3072 4428 qui
3097 4358 3281 4412 adhuc
3307 4355 3516 4426 parvuli
3543 4355 3701 4424 juxta

2114 4463 2313 4517 animae
2356 4466 2573 4514 aetatem
2619 4462 2769 4519 sunt,
2800 4452 2895 4523 qui
2941 4459 3087 4509 metu
3140 4449 3383 4518 indigent
3412 4448 3703 4517 magistro-

422 4544 673 4614 pedibus,
706 4552 761 4598 et
797 4542 993 4598 exinde
1024 4556 1205 4612 usque
1248 4542 1317 4595 ad
1364 4557 1640 4598 summum
1678 4543 1866 4599 electri
1905 4543 2012 4598 iul.
2042 4559 2086 4617 ο
2116 4567 2264 4617 mm,
2298 4550 2463 4605 minis
2490 4555 2548 4605 et
2580 4544 2893 4604 terroribus
2908 4540 3241 4612 corripiendi
3271 4548 3433 4607 sunt,
3477 4548 3538 4595 ut
3573 4553 3704 4608 pos-

425 4653 555 4708 gare
583 4636 786 4691 rutilat.
818 4634 937 4689 Non
968 4634 1115 4689 enim
1142 4634 1319 4689 solum
1348 4642 1618 4689 tormenta
1645 4635 1806 4690 habet
1828 4635 2007 4693 Deus:

425 4737 556 4785 sunt
588 4727 643 4783 in
675 4742 742 4783 eo
782 4727 948 4782 etiam
989 4724 1289 4796 refrigeria.
1331 4723 1495 4779 Ponit
1540 4735 1879 4801 peccatores,
1917 4727 2012 4783 sed

425 4836 521 4892 per
533 4835 598 4876 ea
614 4819 912 4876 ministeria
927 4817 1091 4888 356
1103 4832 1226 4887 qua
1235 4816 1491 4872 deorsum
1507 4826 1654 4873 sunt.
1670 4816 1856 4888 Neque
1866 4819 2012 4874 enim

422 4913 689 4983 propheta
724 4912 904 4982 ignem
936 4910 1073 4965 vidit
1102 4910 1156 4963 in
1192 4909 1390 4978 capite,
1421 4910 1598 4964 autin
1632 4911 1718 4965 his
1747 4912 2009 4971 membris

429 5017 549 5072 qua:
575 5017 605 5056 a
653 5001 963 5056 lumborum
999 4998 1238 5054 conﬁnio
1283 4999 1350 5052 ad
1394 5014 1607 5055 suntma
1648 5009 2007 5072 consurgunt.

429 5092 624 5165 lgneus
652 5100 737 5149 est
766 5090 1052 5153 Dominus,
1080 5089 1175 5144 sed
1204 5104 1236 5144 a
1267 5089 1492 5144 renibus
1530 5105 1704 5160 usque
1727 5091 1794 5146 ad
1824 5092 2008 5162 pedes,

429 5193 491 5239 ut
534 5184 872 5240 demonstret
921 5195 1018 5237 eos
1066 5180 1162 5251 qui
1220 5180 1276 5235 iu
1333 5182 1685 5251 generatione
1721 5190 2012 5238 versantur

432 5274 556 5345 igne
584 5273 851 5344 indigere.
888 5270 1057 5328 Renis
1095 5270 1300 5342 quippe
1332 5270 1511 5327 ctutns
1549 5270 1878 5341 signiﬁcatio
1904 5282 2008 5329 est.

424 5366 621 5421 Adhuc
677 5366 731 5419 in
781 5363 987 5420 lumbis
1037 5360 1315 5418 Abraham
1374 5363 1547 5432 patris
1597 5372 1723 5419 erat
1765 5364 1895 5421 Levi
1940 5365 2010 5432 ³³,

428 5458 651 5527 quando
681 5457 733 5511 ei
766 5457 1008 5512 occurrit
1040 5454 1459 5512 Melchisedech.
1493 5454 1564 5509 Et
1596 5455 1650 5510 in
1688 5457 1900 5526 psalmo
1928 5457 2011 5513 di-

426 5550 572 5604 citur
595 5549 679 5604 ³⁹ε
712 5550 789 5603 0c
841 5548 1021 5617 [ructu
1059 5547 1227 5604 lumbi
1271 5549 1348 5602 tui
1392 5562 1585 5617 ponant
1626 5564 1782 5617 super
1836 5550 2010 5605 sech

504 5734 550 5767 ³⁸
582 5733 771 5789 Matth.
806 5752 860 5798 κ,
896 5735 982 5791 l5.

438 5806 481 5837 “
517 5804 686 5861 lCor.
702 5814 796 5871 ‘m,
836 5804 920 5862 lii.

1075 5736 1119 5767 “
1145 5736 1343 5791 Matth.
1375 5751 1431 5800 ν,
1464 5736 1553 5795 45.

999 5806 1044 5838 θ’
1072 5804 1204 5874 Luc.
1233 5820 1331 5874 xu,
1388 5809 1473 5864 49.

1647 5738 1690 5770 ³⁷
1720 5737 1916 5794 Ezecb.
1945 5756 1982 5794 ι.

2093 5738 2139 5773 ³⁸
2163 5738 2323 5795 llebr.
2351 5754 2447 5793 vn.
2496 5696 2499 5699 ν

1628 5807 1672 5840 ⁸⁸
1701 5807 1805 5865 lsa.
1843 5825 2009 5879 xum,
2049 5809 2136 5880 ll,
2170 5810 2257 5865 15.
2334 5808 2380 5842 ⁸⁵
2412 5806 2555 5866 Paul.
2588 5823 2716 5875 xxx,
2747 5807 2838 5861 20.

2116 4645 2230 4699 sint
2257 4639 2523 4710 consequi
2561 4637 2898 4702 bonitatem,
2928 4643 2988 4691 ut
3026 4649 3124 4704 per
3167 4648 3354 4690 amara
3392 4631 3631 4688 remedia
3668 4645 3701 4688 tt

2117 4736 2435 4792 vulneribus
2463 4741 2809 4803 peccatorum
2840 4726 3136 4798 aliquando
3162 4725 3450 4784 desistant.
3476 4721 3703 4792 Semper

2117 4828 2265 4885 enim
2308 4830 2653 4881 sacramenta
2696 4819 2795 4878 Del
2849 4826 3071 4888 promer
3118 4816 3376 4886 parvulos
3422 4813 3701 4872 auditores

2116 4916 2482 4974 voluminibus
2528 4911 2856 4984 quibusdam
2902 4908 3248 4979 operiuntur.
3293 4905 3466 4971 Quam
3509 4920 3702 4975 magna

2118 5005 2405 5063 multitudo
2435 5002 2730 5059 dulcedinis
2770 5011 2895 5068 tua,
2916 5000 3158 5067 Domine,
3185 5016 3346 5071 quam
3378 4996 3701 5055 abscondisti

2116 5098 2421 5157 timentibus
2453 5106 2502 5152 te
2521 5096 2587 5152 ιδ.
2621 5095 2779 5165 Legis
2803 5103 2858 5150 et
2886 5093 3274 5163 prophetarum
3299 5090 3443 5147 Deus
3473 5088 3693 5148 abscon-

2115 5192 2199 5247 dit
2245 5188 2648 5247 multitudinem
2698 5184 2958 5243 bonitatis
3007 5198 3123 5242 suac
3168 5197 3276 5238 non
3327 5177 3697 5250 diligentibus,

2117 5282 2211 5338 sed
2239 5279 2558 5338 timentibus
2584 5292 2663 5334 se.
2692 5274 2912 5334 Parvuli
2947 5274 3148 5357 quippe
3174 5282 3303 5331 sunt
3338 5285 3439 5327 nec
3471 5276 3715 5345 possunt,

2116 5386 2242 5428 cum
2272 5370 2644 5428 emolumento
2676 5383 2781 5425 suo
2816 5366 3030 5425 discere
3061 5364 3209 5434 quod
3240 5367 3491 5421 amentur
3535 5373 3565 5417 ιι
3605 5373 3713 5426 pa:

2114 5470 2222 5525 tre,
2263 5479 2332 5519 nu
2368 5461 2761 5524 dissolvantur,
2809 5473 2878 5515 ne
2919 5455 3222 5526 despiciant
3253 5451 3550 5513 bonitatem
3578 5449 3697 5510 Dei,

2113 5556 2458 5627 Quapropter
2517 5567 2644 5611 cum
2695 5550 2937 5609 audieris
2994 5549 3064 5609 de
3110 5545 3296 5618 populi
3347 5541 3710 5644 captivitate.)

2546 5736 2591 5768 "
2624 5735 2775 5809 Dsal.
2794 5750 2980 5809 cum,
3027 5734 3114 5793 ll.
3225 5731 3271 5766 δ’
3295 5730 3456 5796 Hebr.
3485 5746 3582 5800 xu,
3605 5733 3698 5791 29.
