4140 6430
465 371 560 426 671

1652 375 1981 433 ORIGENIS
2013 374 2081 430 IN
2123 376 2564 433 EZECHIELEM

3631 378 3738 436 672

465 485 628 538 crede
661 487 877 556 quidem
933 504 1056 543 vere
1113 491 1376 545 accidisse
1432 508 1552 545 cant
1596 493 1754 561 juxta
1806 491 2047 545 historia:
2078 496 2122 550 Α
2154 477 2464 556 ιίιιιιιὶιίθιη,
2506 490 2751 559 aliasque
2783 490 3050 543 virtutes?
3078 489 3244 557 Igitur
3286 490 3337 542 in
3365 491 3734 558 captivitatem

463 568 650 635 ﬁdem,
688 575 778 627 sed
819 576 871 628 in
923 577 1137 646 signum
1185 581 1258 632 rei
1310 580 1535 635 alterius
1588 581 1953 650 praecessisse,
1993 587 2049 633 et

466 665 805 732 subsequens
835 669 1171 735 signiﬁcasse
1212 673 1552 742 mysterium.
1588 671 1722 726 Nam
1763 684 1818 726 et
1853 681 1909 726 tu
1951 673 2044 741 qui

465 756 677 808 vocaris
709 757 1010 825 ﬁdi-lis,qui
1041 761 1316 829 conspicis
1340 764 1822 830 paccm,Christus
1845 765 2046 833 quippe

462 856 565 908 pax
600 852 784 896 nostra
817 854 920 906 est,
951 846 1004 898 in
1031 845 1334 902 Jerusalem
1363 853 1745 906 commoraris.
1780 853 1834 906 Si
1861 863 2042 908 autem

463 932 798 997 peccaveris.
830 933 1172 1004 derelinquet
1202 947 1256 992 te
1289 941 1523 993 visitatio
1569 942 1683 1006 Dei,
1725 954 1778 997 et
1812 944 2044 998 traderis

457 1020 705 1088 captivus
749 1021 1273 1087 Nabuchodonosor.
1332 1040 1381 1083 et
1437 1032 1667 1087 traditus
1717 1033 1935 1090 duceris
1989 1037 2041 1090 in

417 1179 426 1190 Ι
457 1106 806 1179 Babylonem.
839 1113 976 1168 Cum
1006 1117 1150 1170 enim
1183 1119 1412 1173 confusa
1451 1120 1614 1176 fuerit
1641 1125 1821 1178 anima
1878 1135 1967 1179 tua
2011 1145 2042 1180 a

458 1199 602 1253 vitiis
629 1213 681 1253 et
713 1205 1243 1271 perturbationibus,
1273 1211 1563 1266 abduceris
1592 1214 1646 1266 in
1685 1213 2039 1286 Babylonem,

453 1293 714 1379 quoniam
753 1293 988 1366 Babylon
1023 1300 1266 1368 confusio
1297 1303 1702 1372 interpretatur.
1740 1307 1804 1362 Et
1845 1309 1888 1363 si
1919 1326 2042 1363 rur-

453 1397 576 1435 sum
611 1386 984 1452 pwnitcutiatn
1020 1394 1218 1460 egeris.
1255 1407 1308 1446 et
1341 1410 1435 1462 per
1475 1399 1885 1453 conversionem
1929 1403 2039 1456 veri

451 1473 636 1527 cordis
670 1476 1102 1534 misericordiam
1137 1481 1228 1537 Dei
1261 1483 1658 1554 impetraveris,
1688 1490 1921 1545 mittitur
1943 1493 2038 1546 tibi

458 1561 657 1620 Esdras
688 1568 779 1636 qui
811 1579 861 1622 te
891 1571 1148 1638 reducat,
1194 1584 1248 1628 et
1289 1576 1560 1631 aediﬁcare
1607 1578 1773 1634 laciat
1821 1580 2041 1639 Jerusa-

455 1656 580 1709 lem.
620 1656 822 1713 Esdras
848 1661 1046 1730 quippe
1074 1663 1468 1734 interpretatur
1505 1669 1744 1738 adjutor,
1779 1682 1834 1726 et
1871 1676 2041 1730 mitti-

454 1753 544 1796 tur
590 1747 684 1800 tibi
735 1750 960 1803 verbum
1005 1753 1207 1820 juvans
1258 1766 1316 1810 ut
1365 1761 1656 1815 revertaris
1703 1763 1758 1816 in
1805 1766 2037 1833 patriam

452 1848 622 1890 tuam.
656 1837 1073 1898 Sacramentum
1099 1854 1267 1900 estet
1310 1847 1360 1901 id
1401 1851 1546 1918 quod
1583 1851 1638 1906 in
1677 1855 1964 1925 aenigmate
1983 1868 2037 1914 et

448 1943 478 1980 a
517 1926 732 1984 Danielc
757 1933 982 1997 dicitur,
1017 1947 1070 1989 et
1098 1938 1168 1990 ab
1201 1937 1466 2016 Apostolo
1499 1944 1865 2004 abscondente
1889 1953 2036 2019 pari-

445 2024 528 2070 ter
553 2027 606 2071 et
641 2021 912 2077 revelante
939 2036 1215 2080 narratur.
1244 2027 1300 2082 In
1332 2029 1503 2086 Adam
1531 2049 1720 2090 omnes
1743 2041 2032 2107 morimur,

443 2111 597 2206 etin
644 2112 866 2206 Christo
912 2133 1106 2173 omnes
1152 2121 1492 2180 vivilicamur
1541 2127 1608 2180 ⁸⁸.
1668 2128 1792 2186 Fuit
1833 2134 2034 2206 quippe

444 2199 615 2253 Adam
671 2202 724 2255 itt
775 2207 1052 2272 paradiso,
1104 2211 1198 2265 sed
1251 2228 1477 2282 serpens
1531 2199 1867 2288 captivitatis
1911 2199 2032 2294 ejus

443 2309 610 2348 causa
636 2299 864 2363 exstitit,
894 2312 948 2355 et
982 2303 1108 2360 fecit
1137 2319 1196 2362 ut
1223 2311 1519 2378 cjieeretur
1549 2317 1663 2372 sive
1707 2321 1775 2375 de
1808 2321 2032 2380 Jerusa-

444 2385 571 2475 lem,
614 2388 728 2443 sive
773 2391 841 2447 de
886 2398 1158 2466 paradiso,
1200 2411 1253 2456 et
1298 2406 1505 2461 veniret
1552 2412 1606 2463 in
1659 2412 1836 2468 locum
1887 2416 2031 2475 hunc

441 2473 829 2565 lacrymarunt.
862 2485 1098 2555 Serpens
1131 2491 1304 2547 hostis
1339 2505 1423 2550 est
1454 2502 1764 2558 contrarius
1795 2507 2026 2565 veritati.

440 2562 765 2622 Contrarius
799 2582 980 2627 autem
1018 2593 1124 2631 non
1155 2597 1183 2633 a
1221 2582 1490 2655 principio
1523 2603 1742 2648 creatus
1783 2607 1887 2660 est,
1930 2562 2028 2653 ne;

438 2671 545 2724 que
571 2660 756 2714 statim
787 2678 952 2733 super
982 2677 1174 2736 pectus
1214 2684 1270 2727 et
1300 2681 1542 2732 ventré'm
1577 2697 1738 2738 suum
1778 2689 2026 2744 ambula-

436 2745 533 2835 vit,
560 2764 736 2820 neque
765 2752 866 2808 fuit
896 2757 966 2812 ab
997 2758 1154 2816 initio
1188 2765 1532 2824 maledictus.
1572 2771 1743 2828 Sicuti
1775 2776 1946 2832 Adam
1974 2790 2029 2835 et

435 2834 545 2890 Eva
581 2846 915 2926 nonstatim
954 2861 1012 2902 ut
1053 2849 1180 2906 facti
1229 2866 1358 2909 sunt
1401 2875 1765 2926 peccaverunt
1804 2885 1818 2921 :
1862 2871 1932 2922 ita
1973 2834 2027 2924 ct

435 2935 658 3024 serpens
695 2925 798 2982 l'uit
837 2930 1133 3002 aliquando
1177 2954 1286 2992 non
1321 2925 1570 3013 serpens,
1603 2964 1727 3002 cum
1778 2952 1831 3005 in
1874 2971 2028 3024 para-

433 3011 556 3066 diso
599 3017 919 3076 deliciarum
969 3039 1296 3087 moraretur.
1334 3011 1488 3090 Unde
1528 3011 1714 3106 postea
1759 3011 2024 3102 corruens

434 3107 505 3155 ob
539 3118 756 3172 peccata
791 3116 988 3168 meruit
1020 3119 1208 3174 audire
1231 3121 1312 3175 “z
1353 3123 1429 3177 Tu
1461 3129 1796 3196 signacuium
1838 3137 2026 3190 simili-

433 3197 659 3265 tudinis,
685 3217 877 3258 corona
903 3207 1107 3262 decoris
1135 3213 1189 3264 iu
1215 3218 1470 3281 paradiso
1503 3220 1595 3274 Dei
1637 3235 1793 3278 natus
1827 3244 1902 3290 es,
1928 3229 2022 3281 do-

433 3303 525 3340 nec
559 3290 766 3346 inuenta
794 3306 872 3349 est
905 3298 1164 3367 iniquitas
1211 3305 1267 3358 in
1310 3317 1378 3372 te,
1432 3314 1722 3369 ambulaui
1763 3319 2023 3374 immacu-

431 3377 574 3432 latus
602 3382 656 3434 in
701 3386 943 3443 omnibus
991 3391 1087 3444 viis
1126 3394 1251 3449 tuis.
1295 3395 1370 3452 De
1419 3417 1528 3469 quo
1566 3405 1729 3458 etiam
1763 3406 1863 3463 Job
1902 3427 2021 3465 me-

432 3479 630 3569 morat,
845 3478 897 3530 in
932 3493 1227 3550 conspectu
1263 3490 1655 3558 omnipotentis
1689 3494 1782 3551 Dei
1827 3516 2020 3569 supcr-

430 3561 612 3654 hierit.
641 3564 842 3622 Cecidit
871 3571 1070 3641 quippe
1097 3575 1160 3629 de
1185 3579 1312 3632 caelo
1336 3579 1553 3651 Lucifer
1579 3587 1671 3654 qui
1697 3604 1849 3642 ntuue
1882 3561 2023 3646 orie-

427 3653 604 3722 batur,
631 3661 888 3715 contritus
918 3674 995 3716 est
1023 3683 1182 3736 super
1210 3681 1408 3726 terram
1430 3674 1494 3728 ⁸⁷.
1540 3653 1672 3733 Vide
1702 3695 2017 3739 consonan-

428 3743 556 3843 tiam
590 3749 889 3843 prophetici
927 3760 1340 3832 evangelicique
1377 3770 1672 3826 sermonis.
1718 3769 2018 3843 Prophetes

425 3835 598 3935 dicit
627 3841 824 3896 Cecidit
861 3845 926 3900 de
963 3850 1091 3903 ccelo
1136 3851 1352 3924 Lucifer
1389 3860 1480 3928 qui
1532 3878 1683 3916 mane
1723 3835 2014 3935 oriebatur,

425 3933 684 3987 contritus
713 3947 790 3989 est
819 3956 974 4009 super
1011 3952 1228 3999 terram.
1263 3947 1424 4005 Jesus
1463 3956 1705 4024 loquitur
1732 3958 1776 3990 “'
1803 3977 1816 4012 :
1862 3933 2016 4016 Vides

426 4027 546 4121 hanc
575 4024 838 4084 Satanam
863 4036 1016 4102 quasi
1047 4035 1229 4106 fulgur
1246 4041 1310 4094 de
1339 4044 1466 4098 cwlo
1496 4047 1790 4104 cadentem.
1821 4051 1876 4104 In
1903 4068 2014 4121 quo

423 4117 600 4173 dilfert
627 4121 806 4177 dicere
835 4126 1034 4198 l'ulgur,
1057 4142 1150 4186 aut
1162 4131 1473 4191 Luciferum
1492 4138 1558 4193 de
1572 4141 1712 4195 coelo
1729 4117 2014 4200 ruentem?

422 4210 577 4277 Quod
618 4217 683 4269 ad
709 4218 871 4289 357
901 4237 1011 4277 rem
1045 4228 1298 4294 pertinet,
1333 4230 1514 4286 omnis
1555 4238 1917 4292 consonantia
1944 4240 2012 4296 de

419 4303 646 4360 cadente
685 4320 787 4364 est.
841 4311 985 4368 Deus
1027 4319 1225 4388 quippe
1268 4330 1498 4376 tnortem
1544 4340 1654 4379 non
1700 4325 1862 4393 fecit,
1909 4348 2010 4387 nec

422 4396 682 4452 malitiam
733 4415 989 4470 operatus
1034 4418 1138 4462 est.
1179 4409 1433 4467 Liberum
1484 4416 1772 4472 arbitrium
1823 4431 1876 4476 ct
1909 4423 2009 4477 ho-

2072 1834 2111 1888 Β

2055 3180 2096 3236 C

2150 580 2449 643 ducuntur,
2495 581 2588 650 qui
2631 590 2854 649 prapter
2900 590 3117 648 peccata
3154 595 3251 632 sua
3295 581 3574 635 servitutis
3621 598 3737 637 me»

2150 685 2308 723 ruerc
2340 669 2625 738 supplicia.
2657 665 2721 719 Et
2759 666 2904 719 venit
2941 663 3096 719 .lesus
3143 665 3394 719 Christus
3439 667 3736 734 praedicam

2149 759 2378 827 captivis
2411 758 2810 818 remissionem,
2836 765 2891 810 et
2919 757 3078 810 caecis
3105 757 3280 810 visum
3303 755 3371 811 '°.
3399 755 3504 811 Iste
3535 757 3738 812 clamat

2147 852 2227 904 eis
2258 851 2350 918 qui
2382 860 2510 904 sunt
2539 851 2592 904 in
2622 850 2875 912 vinculis,
2908 849 3254 918 egredimini;
3285 858 3338 903 et
3377 849 3444 904 iis
3478 850 3572 919 qui
3610 865 3733 904 ver-

2147 953 2341 996 santur
2374 946 2428 994 in
2465 941 2722 1002 tenebris.
2757 941 2942 994 ridete.
2985 939 3049 994 Et
3085 957 3186 994 nos
3225 940 3430 995 fuimus
3457 941 3510 994 in
3547 941 3734 996 vincu-

2146 1035 2213 1087 lis
2262 1042 2631 1102 prccatorum,
2676 1041 2730 1086 et
2780 1048 2880 1086 uos
2926 1033 3222 1102 aliquando
3274 1033 3628 1087 versabamnr
3675 1033 3730 1086 in

2147 1126 2416 1186 tenebris,
2471 1125 2762 1179 adversum
2828 1134 3066 1178 rectores
3130 1125 3474 1178 tenebrarum
3539 1123 3734 1179 mundi

2147 1216 2308 1271 istius
2335 1227 2713 1271 eonecrtantcs
2745 1236 2757 1271 :
2791 1217 2939 1271 venit
2977 1216 3136 1271 Jesus
3171 1217 3414 1270 omnium
3445 1217 3734 1286 propheta-

2146 1323 2266 1360 rum
2325 1307 2551 1361 vocibus
2588 1308 2938 1376 praidicatns.
2979 1309 3168 1362 dicens
3219 1307 3432 1378 ligatis,
3479 1308 3639 1374 exite,
3677 1315 3732 1362 et

2142 1397 2458 1450 constitutis
2484 1397 2537 1450 in
2571 1399 2828 1464 tenebris,
2860 1397 3098 1466 aspicite.

2213 1576 2265 1628 4.
2303 1573 2358 1628 Si
2390 1584 2571 1628 autem
2618 1576 2703 1628 vis
2744 1573 2934 1627 audire
2968 1571 3305 1628 Ezechielem
3345 1571 3514 1625 lilium
3552 1571 3733 1626 homi-

2143 1670 2229 1723 nis
2264 1670 2316 1722 in
2350 1669 2664 1737 captivitate
2710 1666 3097 1736 praedicantem
3121 1707 3136 1732 ,
3170 1675 3225 1720 et
3270 1666 3372 1720 iste
3413 1675 3573 1736 typus
3610 1672 3734 1719 erat

2142 1763 2366 1818 Christi.
2403 1760 2532 1814 Ideo
2567 1761 2769 1830 factum
2795 1769 2872 1814 est
2899 1799 2913 1822 ,
2962 1759 3038 1813 ait
3064 1759 3133 1822 “,
3165 1758 3219 1812 iu
3251 1758 3516 1810 tricesimo
3564 1770 3726 1812 anno.

2142 1853 2194 1905 in
2219 1864 2409 1922 quarto
2437 1869 2628 1916 mense,
2655 1853 2708 1906 in
2730 1852 2916 1921 quinta
2940 1852 3154 1915 mensis,
3178 1861 3227 1905 et
3256 1867 3348 1922 ego
3370 1867 3518 1905 eram
3538 1852 3593 1904 in
3619 1866 3733 1906 me-

2142 1947 2232 1999 dio
2257 1945 2580 2015 captivitatis
2610 1961 2758 1998 secus
2788 1945 2985 2013 ﬂumen
3025 1943 3237 1998 Chobar
3259 1987 3274 2010 ,
3319 1954 3369 1998 et
3411 1945 3581 2014 aperti
3602 1955 3728 1999 sunt

2141 2039 2276 2092 caeli.
2307 2037 2477 2092 Secus
2514 2035 2738 2092 ﬂuvium
2773 2050 2904 2105 ergo
2927 2035 3147 2089 Cbobar
3179 2033 3427 2090 Ezechiel
3464 2051 3588 2088 cum
3631 2035 3733 2088 tri—

2141 2131 2288 2201 ginta
2328 2139 2475 2184 esset
2499 2136 3025 2196 annorum,apertos
3051 2127 3184 2181 vidit
3207 2127 3396 2181 caelos.
3428 2125 3495 2181 Et
3540 2125 3730 2181 Domi-

2143 2236 2246 2274 nus
2275 2219 2436 2274 Jesns
2467 2218 2719 2273 Christus
2756 2217 3023 2286 incipiens
3052 2226 3170 2271 erat
3188 2218 3345 2287 quasi
3373 2217 3594 2288 triginta
3623 2233 3732 2271 an-

2141 2327 2337 2365 norum
2364 2326 2521 2366 secus
2540 2309 2764 2364 ﬂuvium
2791 2307 3110 2372 Iordanem,
3139 2318 3194 2364 et
3226 2310 3396 2378 aperti
3425 2320 3554 2364 sunt
3577 2309 3726 2366 cceli.

2140 2404 2204 2458 Et
2236 2420 2332 2474 per
2367 2419 2587 2459 omnem
2622 2401 2960 2473 prophetiam
2992 2401 3260 2456 Ezechieli
3295 2402 3496 2456 dicitur
3543 2421 3556 2456 :
3613 2400 3728 2458 Fili

2139 2496 2386 2550 hominis.
2437 2494 2572 2561 Quis
2609 2501 2794 2548 autem
2842 2493 2987 2548 ﬁlius
3031 2493 3302 2557 hominis,
3348 2504 3410 2548 ut
3455 2493 3727 2549 Dominus

2139 2603 2296 2642 meus
2335 2584 2497 2641 Jcsus
2547 2584 2834 2640 Christus?
2876 2583 3260 2653 Respondeant
3301 2584 3434 2638 mihi
3483 2584 3724 2640 haeretici

2137 2680 2230 2749 qui
2269 2678 2603 2732 nativitatem
2637 2677 2783 2731 illius
2815 2686 2874 2730 ut
2897 2677 3223 2746 phantasma
3249 2676 3479 2731 eludunt
3510 2696 3523 2730 :
3551 2692 3726 2746 quare

2135 2772 2394 2826 Christus
2429 2771 2572 2824 ﬁlius
2605 2769 2845 2824 hominis
2871 2769 3212 2838 appellatur?
3253 2766 3364 2838 Ego
3406 2767 3615 2823 allirmo
3655 2770 3723 2823 ti-

2137 2861 2267 2915 lium
2299 2861 2539 2915 hominis
2579 2874 2705 2914 eum
2739 2858 2930 2915 fuisse.
2986 2857 3120 2913 Nam
3163 2859 3257 2929 qui
3301 2860 3722 2928 passionesas-

2136 2954 2372 3022 sumpsit
2410 2953 2714 3015 humanas,
2750 2966 2973 3006 necesse
3016 2961 3098 3006 est
3142 2958 3201 3004 ut
3237 2959 3362 3004 ante
3405 2951 3718 3020 passionem

2135 3043 2441 3113 susceperit
2465 3043 2824 3096 nativitatem.
2863 3039 3049 3110 Neque
3073 3040 3218 3095 enim
3247 3041 3422 3110 potuit
3446 3041 3718 3098 humanos

2134 3136 2383 3199 allectus,
2413 3135 2596 3197 verba,
2625 3131 3070 3198 consuetudines,
3105 3146 3345 3191 crucem,
3379 3140 3610 3185 mortem
3633 3147 3718 3186 re-

2131 3225 2333 3294 cipere,
2359 3223 2405 3276 si
2440 3237 2550 3276 non
2595 3221 2861 3290 reciperet
2906 3221 3265 3277 humanitatis
3307 3221 3617 3276 exordium.
3652 3220 3714 3274 Et

2131 3330 2476 3384 consequens
2491 3322 2610 3368 erat
2626 3314 2964 3367 nativitatem
2984 3313 3106 3381 ejus
3128 3310 3462 3377 attlerente's,
3498 3311 3719 3366 auferre

2128 3407 2294 3461 etiam
2329 3405 2661 3474 passionem,
2691 3414 2744 3458 et
2775 3404 3096 3474 simpliciter
3119 3405 3320 3467 dicere,
3345 3421 3453 3458 non
3479 3413 3563 3458 est
3591 3419 3717 3458 eru-

2128 3499 2322 3553 eiﬁxus
2347 3495 2528 3551 Jesus.
2566 3495 2722 3550 Nunc
2743 3512 2870 3550 vero
2908 3512 3126 3550 crucem
3171 3495 3470 3557 conﬁteris.
3505 3505 3561 3550 et
3603 3512 3712 3550 non

2127 3590 2409 3645 erubescis
2431 3587 2636 3644 ludatis
2671 3589 2990 3644 scandalum
3022 3589 3328 3659 praedicans
3361 3591 3712 3653 cruciﬁxum,

2126 3690 2179 3733 et
2209 3679 2462 3750 gentibus
2489 3679 2778 3733 stultitiam
2812 3680 2880 3744 ";
2908 3689 2961 3733 et
2985 3679 3168 3734 minus
3207 3680 3528 3734 scandalum
3582 3695 3714 3748 pas-

2126 3771 2283 3826 sione
2309 3771 2393 3824 vel
2433 3781 2628 3831 morte.
2665 3769 2950 3824 erubescis
2990 3769 3328 3822 nativitatem
3374 3769 3496 3836 ejus
3534 3769 3711 3824 conli-

2125 3861 2248 3915 teri.
2289 3859 2560 3914 Nimirum
2621 3860 2805 3913 minus
2844 3859 3085 3913 scandali
3139 3867 3219 3912 est
3275 3857 3464 3913 Jesum
3520 3867 3712 3914 natum

2124 3953 2315 4019 fuisse,
2339 3967 2504 4022 quam
2531 3960 2830 4009 mortuum.
2852 3959 2946 4004 ant
2977 3949 3020 4002 si
3044 3950 3364 4004 scandalum
3394 3949 3708 4004 Christiana

2122 4045 2256 4100 ﬁdes
2274 4061 2379 4099 non
2394 4053 2632 4108 veretur,
2649 4058 2747 4097 cur
2761 4043 2922 4096 times
2938 4043 3118 4095 dicere
3136 4042 3370 4108 minora,
3388 4041 3482 4111 qui
3499 4041 3710 4110 majora

2120 4152 2290 4192 ausus
2322 4151 2383 4190 es
2420 4134 2692 4190 conﬁteri?
2733 4133 3038 4187 Praesertim
3083 4149 3207 4187 cum
3255 4133 3510 4188 nativitas
3561 4133 3709 4188 illius

2119 4243 2228 4282 non
2254 4243 2318 4282 ex
2352 4228 2561 4282 semine
2589 4226 2690 4279 viri
2719 4234 2774 4279 et
2805 4225 3054 4280 mulieris
3091 4239 3289 4279 somno
3328 4227 3708 4282 convenientis

2117 4334 2241 4376 esse
2262 4319 2537 4383 credatur,
2575 4318 2666 4372 sed
2693 4316 2851 4384 juxta
2883 4317 3161 4386 prophetae
3190 4318 3469 4388 eloquium
3511 4319 3704 4373 dicen-

2117 4415 2188 4468 tis
2223 4414 2268 4445 ⁵³
2303 4431 2316 4467 :
2349 4411 2481 4466 Ecce
2506 4412 2649 4481 virgo
2680 4411 2732 4462 in
2758 4420 2903 4463 utero
2934 4411 3211 4479 concipiet,
3235 4421 3286 4464 et
3313 4413 3483 4480 pariet
3505 4412 3701 4480 ﬁlium,

420 4487 551 4588 mini
579 4498 631 4588 et
662 4493 854 4561 angelo
882 4496 947 4548 ad
977 4498 1238 4555 universa
1263 4505 1528 4570 permisit.
1570 4506 1667 4562 llic
1697 4511 1811 4576 jam
1843 4513 2004 4569 intel-
2035 4532 2080 4588 ι)
2113 4515 2163 4560 ετ
2195 4505 2467 4559 vocabili"
2501 4518 2689 4556 nomen
2714 4503 2828 4571 eius
2855 4501 3189 4558 Ευωταηκελο
3242 4501 3356 4557 "0°
3384 4504 3702 4578 qu°d.di°i‘

417 4579 690 4650 ligrndum
754 4595 837 4638 est
895 4592 1170 4656 quomodo
1237 4610 1333 4662 per
1391 4599 1598 4653 arbitrii
1645 4601 1951 4661 libertatem
1984 4648 1999 4672 ,

414 4672 508 4725 alii
558 4673 623 4725 ad
688 4675 954 4732 bonorum
1005 4685 1422 4742 conscemlerint
1477 4695 1869 4762 summitatem,
1907 4702 2000 4755 alii

416 4766 723 4820 ('OI'I‘UCI'illl
754 4769 806 4821 in
843 4772 1063 4827 malitia:
1099 4774 1452 4843 profundum.
1488 4781 1566 4836 Tu
1615 4802 1765 4850 vero,
1809 4789 1998 4856 homo,

413 4868 584 4920 quare
630 4872 736 4910 non
787 4858 870 4914 vis
916 4862 1144 4918 arbitrio
1190 4875 1243 4921 te
1292 4877 1386 4922 tuo
1433 4871 1789 4930 derelictum?
1818 4879 2000 4945 Quare

413 4960 556 5012 azgrc
585 4947 695 5002 l'ers
741 4951 872 5018 niti,
918 4953 1188 5022 laborare,
1234 4964 1581 5032 contendere,
1621 4978 1671 5022 el
1721 4986 1816 5037 per
1857 4973 1997 5028 bona

412 5051 575 5105 epeia
610 5049 660 5093 te
688 5041 865 5109 ipsunt
906 5061 1128 5102 causam
1163 5059 1270 5106 tua:
1306 5055 1419 5108 ﬁeri
1452 5058 1684 5114 salutis?
1714 5063 1795 5115 An
1823 5065 1997 5134 magis

412 5139 464 5184 te
508 5131 797 5190 delectabit
833 5138 1226 5210 dormientem,
1269 5154 1324 5200 et
1368 5146 1422 5201 in
1476 5151 1588 5205 otio
1634 5131 1993 5212 constitutum

411 5233 610 5317 interna
646 5230 1004 5317 prospetitatc
1031 5237 1408 5304 requiescere?
1435 5237 1602 5295 Pater
1627 5259 1793 5308 meus,
1818 5245 1996 5317 inquit

410 5311 675 5372 Dominus
694 5315 854 5375 Jc'sus
882 5320 1139 5381 Christus
1168 5327 1236 5391 δ’,
1269 5345 1432 5399 usque
1461 5333 1614 5385 modo
1646 5311 1917 5402 operatur,
1941 5351 1992 5394 et

405 5419 500 5474 ego
530 5424 737 5476 operor,
769 5420 823 5466 et
864 5414 957 5468 tibi
994 5416 1245 5486 displicet
1285 5421 1498 5489 operari
1537 5425 1665 5492 quid
1713 5425 1782 5479 ad
1827 5442 1994 5498 opera

409 5508 571 5596 natus
612 5503 710 5556 es?
756 5503 874 5560 Non
915 5509 996 5564 vis
1037 5526 1176 5580 opus
1221 5522 1372 5567 tuum
1421 5514 1536 5569 ﬁeri
1571 5517 1862 5588 justitiam,
1905 5537 1993 5577 sa-

413 5601 688 5657 pientiam,
719 5599 1066 5655 castitatem?
1097 5601 1211 5658 Non
1249 5605 1330 5659 vis
1364 5613 1515 5660 tuum
1557 5623 1694 5677 opus
1719 5625 1841 5666 esse
1882 5611 1992 5667 ior-

519 5727 612 5816 "_l
641 5733 899 5816 ξομ-λγ,
929 5739 1022 5816 2:}.
1102 5741 1144 5816 ff
1170 5740 1367 5816 Czrcb,
1400 5762 1591 5808 xxviii,
1623 5746 1757 5801 l'let
1795 5749 1875 5803 l5.
1957 5751 1995 5783 "7

2128 5791 2132 5804 .
2163 5765 2273 5816 xiv,
2308 5747 2391 5801 19..

415 5811 486 5852 Iv.
567 5801 605 5831 "
645 5801 844 5860 Ezeeh.
897 5825 933 5875 I,
976 5809 1022 5862 Ι.
1103 5812 1146 5843 ⁸³
1181 5801 1412 5869 ΙΟοι-.ἰ.
1487 5816 1529 5846 ⁵³
1558 5801 1660 5874 lea.
1691 5834 1786 5884 vn,

2111 4607 2200 4650 tur
2225 4592 2567 4657 Emmanuel,
2602 4607 2709 4644 non
2749 4606 2916 4644 uuutn
2956 4607 3151 4645 nomen
3207 4602 3397 4660 sonat,
3442 4593 3536 4648 sed
3580 4607 3694 4646 rem

2109 4686 2400 4756 signiﬁcat.
2435 4682 2772 4736 Adveniente
2802 4683 3002 4751 quippe
3044 4681 3172 4737 Jesu
3209 4684 3474 4750 dicimus,
3511 4685 3699 4744 nobis-

2107 4793 2233 4833 cum
2288 4775 2572 4829 Dominus.
2625 4772 2742 4827 Non
2778 4774 2979 4828 frustra
3004 4790 3134 4846 ergo
3172 4775 3222 4826 itt
3249 4777 3530 4830 tricesimo
3553 4792 3698 4831 anno

2109 4869 2396 4939 prophetat
2453 4866 2722 4922 Ezechiel.
2778 4864 2915 4920 Nam
2968 4876 3024 4920 et
3087 4881 3288 4920 nomen
3351 4867 3474 4935 ejus
3521 4867 3694 4938 ﬁgura

2106 4962 2310 5016 Christi
2338 4970 2442 5016 est.
2474 4959 2866 5028 Interpretatur
2889 4959 3093 5028 quippe
3125 4957 3379 5014 Ezechiel
3411 4961 3695 5029 imperium

2106 5053 2228 5118 Dei;
2259 5054 2550 5122 imperium
2576 5062 2760 5107 autem
2791 5051 2884 5107 Dei
2913 5052 3098 5107 nullus
3135 5061 3240 5119 est,
3291 5051 3394 5108 nisi
3437 5051 3696 5108 Christus

2101 5149 2283 5204 Jesus.
2311 5147 2483 5202 Filius
2508 5160 2727 5216 quoque
2753 5143 2884 5200 Buzi
2909 5144 3189 5208 scribitur,
3232 5144 3380 5214 quod
3423 5145 3694 5214 interpre-

2105 5251 2250 5295 tatur
2275 5247 2624 5308 contemptus.
2657 5236 2716 5290 Si
2748 5237 2935 5291 venias
2962 5235 3030 5290 ad
3066 5235 3374 5301 haereticos,
3406 5245 3462 5290 et
3499 5237 3696 5293 audias

2103 5347 2200 5387 eos
2229 5339 2550 5400 spernentes
2591 5337 2669 5383 'et
2701 5341 2800 5396 pro
2849 5325 3021 5382 nihilo
3053 5326 3316 5382 ducentes
3348 5328 3689 5393 Creatorem,

2100 5432 2155 5478 et
2201 5422 2426 5491 insuper
2474 5422 2640 5476 etiam
2680 5418 3074 5485 criminantes,
3119 5418 3330 5474 videbis
3369 5418 3527 5489 juxta
3568 5420 3690 5476 illos

2099 5514 2551 5584 contemptissimi
2576 5513 2855 5568 Creatoris
2877 5509 3075 5567 Filium
3107 5510 3396 5568 Dominum
3433 5526 3686 5570 nostrum

2100 5611 2287 5665 Jesum
2315 5605 2618 5660 Christum.
2651 5601 2809 5668 Quod
2855 5602 2899 5655 si
2935 5603 3060 5674 quis
3089 5603 3425 5670 reluctatur,
3470 5615 3526 5660 et
3574 5619 3683 5659 non

2473 5747 2514 5778 "
2539 5743 2668 5800 Luc.
2698 5758 2752 5810 κ,
2785 5743 2868 5800 l8.
2946 5742 2989 5774 δ’
3019 5742 3178 5798 Joan.
3210 5758 3264 5807 v,
3299 5742 3382 5799 l7.
3457 5743 3503 5775 ⁸⁸
3543 5741 3677 5800 Luc.
