  <div class='ocr_page' id='page_1' title='image "/cluster/home/n/w/nwhite01/storage/ocr_20150623/13:no.3/coo.31924054872910/344.png"; bbox 0 0 4140 6502; ppageno 0'>
   <div class='ocr_carea' id='block_1_1' title="bbox 420 394 531 451">
    <p class='ocr_par' dir='ltr' id='par_1_1' title="bbox 420 394 531 451">
     <span class='ocr_line' id='line_1_1' title="bbox 420 394 531 451; baseline 0.009 -1"><span class='ocrx_word' id='word_1_1' title='bbox 420 394 531 451; x_wconf 69' lang='grc' dir='ltr'><strong>θῗΰ</strong></span> 
     </span>
    </p>
   </div>
   <div class='ocr_carea' id='block_1_2' title="bbox 1868 383 2238 441">
    <p class='ocr_par' dir='ltr' id='par_1_2' title="bbox 1868 383 2238 441">
     <span class='ocr_line' id='line_1_2' title="bbox 1868 383 2238 441; baseline -0.005 0"><span class='ocrx_word' id='word_1_2' title='bbox 1868 383 2159 441; x_wconf 75' lang='lat' dir='ltr'><strong>HOMILIA</strong></span> <span class='ocrx_word' id='word_1_3' title='bbox 2196 385 2238 440; x_wconf 84' lang='lat' dir='ltr'><strong>l.</strong></span> 
     </span>
    </p>
   </div>
   <div class='ocr_carea' id='block_1_3' title="bbox 3593 396 3704 451">
    <p class='ocr_par' dir='ltr' id='par_1_3' title="bbox 3593 396 3704 451">
     <span class='ocr_line' id='line_1_3' title="bbox 3593 396 3704 451; baseline -0.018 0"><span class='ocrx_word' id='word_1_4' title='bbox 3593 396 3704 451; x_wconf 62' lang='lat'><strong>674</strong></span> 
     </span>
    </p>
   </div>
   <div class='ocr_carea' id='block_1_4' title="bbox 424 499 3700 577">
    <p class='ocr_par' dir='ltr' id='par_1_4' title="bbox 424 499 3700 577">
     <span class='ocr_line' id='line_1_4' title="bbox 424 499 3700 577; baseline 0.001 -15"><span class='ocrx_word' id='word_1_5' title='bbox 424 508 542 564; x_wconf 87' lang='lat' dir='ltr'><strong>vult</strong></span> <span class='ocrx_word' id='word_1_6' title='bbox 568 522 690 577; x_wconf 84' lang='lat' dir='ltr'><strong>quae</strong></span> <span class='ocrx_word' id='word_1_7' title='bbox 713 507 1105 577; x_wconf 80' lang='lat' dir='ltr'><strong>exposuimus,</strong></span> <span class='ocrx_word' id='word_1_8' title='bbox 1150 504 1307 575; x_wconf 89' lang='lat' dir='ltr'><strong>quasi</strong></span> <span class='ocrx_word' id='word_1_9' title='bbox 1358 503 1701 575; x_wconf 77' lang='lat' dir='ltr'><strong>prophetiam</strong></span> <span class='ocrx_word' id='word_1_10' title='bbox 1743 504 2008 571; x_wconf 80' lang='lat' dir='ltr'><strong>recipere,</strong></span> <span class='ocrx_word' id='word_1_11' title='bbox 2040 505 2083 561; x_wconf 73' lang='grc' dir='ltr'>Α</span> <span class='ocrx_word' id='word_1_12' title='bbox 2112 499 2492 554; x_wconf 82' lang='lat' dir='ltr'><strong>:t‘itttumsuunt</strong></span> <span class='ocrx_word' id='word_1_13' title='bbox 2532 501 2777 556; x_wconf 83' lang='lat' dir='ltr'><strong>tribulat.</strong></span> <span class='ocrx_word' id='word_1_14' title='bbox 2812 501 2937 559; x_wconf 69' lang='lat' dir='ltr'><strong>Haec</strong></span> <span class='ocrx_word' id='word_1_15' title='bbox 2960 502 3165 560; x_wconf 85' lang='lat' dir='ltr'><strong>idcirco</strong></span> <span class='ocrx_word' id='word_1_16' title='bbox 3203 517 3517 565; x_wconf 23' lang='lat' dir='ltr'><strong>memorata.</strong></span> <span class='ocrx_word' id='word_1_17' title='bbox 3545 523 3700 573; x_wconf 84' lang='lat' dir='ltr'><strong>sunt,</strong></span> 
     </span>
    </p>
   </div>
   <div class='ocr_carea' id='block_1_5' title="bbox 423 594 2007 669">
    <p class='ocr_par' dir='ltr' id='par_1_5' title="bbox 423 594 2007 669">
     <span class='ocr_line' id='line_1_5' title="bbox 423 594 2007 669; baseline -0.006 -15"><span class='ocrx_word' id='word_1_18' title='bbox 423 614 666 669; x_wconf 70' lang='lat' dir='ltr'><strong>quaeram</strong></span> <span class='ocrx_word' id='word_1_19' title='bbox 693 598 764 653; x_wconf 89' lang='lat' dir='ltr'><strong>ab</strong></span> <span class='ocrx_word' id='word_1_20' title='bbox 783 613 848 653; x_wconf 90' lang='lat' dir='ltr'><strong>eo</strong></span> <span class='ocrx_word' id='word_1_21' title='bbox 877 615 976 654; x_wconf 89' lang='lat' dir='ltr'><strong>cur</strong></span> <span class='ocrx_word' id='word_1_22' title='bbox 1007 598 1270 668; x_wconf 89' lang='lat' dir='ltr'><strong>scriptum</strong></span> <span class='ocrx_word' id='word_1_23' title='bbox 1303 603 1386 651; x_wconf 85' lang='lat' dir='ltr'><strong>est</strong></span> <span class='ocrx_word' id='word_1_24' title='bbox 1438 596 1491 649; x_wconf 91' lang='lat' dir='ltr'><strong>in</strong></span> <span class='ocrx_word' id='word_1_25' title='bbox 1544 594 1828 649; x_wconf 90' lang='lat' dir='ltr'><strong>tricesimo</strong></span> <span class='ocrx_word' id='word_1_26' title='bbox 1862 608 2007 645; x_wconf 79' lang='lat' dir='ltr'><strong>anno</strong></span> 
     </span>
    </p>
   </div>
   <div class='ocr_carea' id='block_1_6' title="bbox 423 685 2004 759">
    <p class='ocr_par' dir='ltr' id='par_1_6' title="bbox 423 685 2004 759">
     <span class='ocr_line' id='line_1_6' title="bbox 423 685 2004 759; baseline -0.004 -16"><span class='ocrx_word' id='word_1_27' title='bbox 423 692 546 745; x_wconf 69' lang='lat' dir='ltr'><strong>vitae</strong></span> <span class='ocrx_word' id='word_1_28' title='bbox 570 690 866 744; x_wconf 81' lang='lat' dir='ltr'><strong>Ezechielis</strong></span> <span class='ocrx_word' id='word_1_29' title='bbox 891 700 1107 759; x_wconf 86' lang='lat' dir='ltr'><strong>apertos</strong></span> <span class='ocrx_word' id='word_1_30' title='bbox 1134 689 1305 745; x_wconf 75' lang='lat' dir='ltr'><strong>fuisse</strong></span> <span class='ocrx_word' id='word_1_31' title='bbox 1332 688 1524 753; x_wconf 75' lang='lat' dir='ltr'><strong>cmlos,</strong></span> <span class='ocrx_word' id='word_1_32' title='bbox 1556 696 1610 741; x_wconf 89' lang='lat' dir='ltr'><strong>ct</strong></span> <span class='ocrx_word' id='word_1_33' title='bbox 1643 685 1844 741; x_wconf 81' lang='lat' dir='ltr'><strong>vidisse</strong></span> <span class='ocrx_word' id='word_1_34' title='bbox 1878 700 2004 739; x_wconf 84' lang='lat' dir='ltr'><strong>eum</strong></span> 
     </span>
    </p>
   </div>
   <div class='ocr_carea' id='block_1_7' title="bbox 420 776 2005 851">
    <p class='ocr_par' dir='ltr' id='par_1_7' title="bbox 420 776 2005 851">
     <span class='ocr_line' id='line_1_7' title="bbox 420 776 2005 851; baseline -0.004 -14"><span class='ocrx_word' id='word_1_35' title='bbox 420 797 516 838; x_wconf 81' lang='lat' dir='ltr'><strong>cas</strong></span> <span class='ocrx_word' id='word_1_36' title='bbox 558 782 798 837; x_wconf 83' lang='lat' dir='ltr'><strong>visiones</strong></span> <span class='ocrx_word' id='word_1_37' title='bbox 832 797 953 851; x_wconf 74' lang='lat' dir='ltr'><strong>qua:</strong></span> <span class='ocrx_word' id='word_1_38' title='bbox 992 784 1046 836; x_wconf 90' lang='lat' dir='ltr'><strong>in</strong></span> <span class='ocrx_word' id='word_1_39' title='bbox 1085 783 1224 836; x_wconf 89' lang='lat' dir='ltr'><strong>libro</strong></span> <span class='ocrx_word' id='word_1_40' title='bbox 1271 782 1391 850; x_wconf 84' lang='lat' dir='ltr'><strong>ejus</strong></span> <span class='ocrx_word' id='word_1_41' title='bbox 1442 780 1812 834; x_wconf 69' lang='lat' dir='ltr'><strong>contineantur.</strong></span> <span class='ocrx_word' id='word_1_42' title='bbox 1862 776 2005 844; x_wconf 77' lang='lat' dir='ltr'><strong>Quid</strong></span> 
     </span>
    </p>
   </div>
   <div class='ocr_carea' id='block_1_8' title="bbox 423 867 2006 940">
    <p class='ocr_par' dir='ltr' id='par_1_8' title="bbox 423 867 2006 940">
     <span class='ocr_line' id='line_1_8' title="bbox 423 867 2006 940; baseline -0.004 -15"><span class='ocrx_word' id='word_1_43' title='bbox 423 872 556 926; x_wconf 91' lang='lat' dir='ltr'><strong>mihi</strong></span> <span class='ocrx_word' id='word_1_44' title='bbox 586 873 808 940; x_wconf 83' lang='lat' dir='ltr'><strong>prodest</strong></span> <span class='ocrx_word' id='word_1_45' title='bbox 830 888 1099 927; x_wconf 86' lang='lat' dir='ltr'><strong>annorum</strong></span> <span class='ocrx_word' id='word_1_46' title='bbox 1126 886 1411 934; x_wconf 90' lang='lat' dir='ltr'><strong>numerus,</strong></span> <span class='ocrx_word' id='word_1_47' title='bbox 1431 870 1535 923; x_wconf 89' lang='lat' dir='ltr'><strong>nisi</strong></span> <span class='ocrx_word' id='word_1_48' title='bbox 1561 869 1684 932; x_wconf 91' lang='lat' dir='ltr'><strong>hoc,</strong></span> <span class='ocrx_word' id='word_1_49' title='bbox 1721 867 2006 921; x_wconf 87' lang='lat' dir='ltr'><strong>utdiscam</strong></span> 
     </span>
    </p>
   </div>
   <div class='ocr_carea' id='block_1_9' title="bbox 426 963 2007 1033">
    <p class='ocr_par' dir='ltr' id='par_1_9' title="bbox 426 963 2007 1033">
     <span class='ocr_line' id='line_1_9' title="bbox 426 963 2007 1033; baseline 0.001 -16"><span class='ocrx_word' id='word_1_50' title='bbox 426 964 701 1019; x_wconf 85' lang='lat' dir='ltr'><strong>tricesimo</strong></span> <span class='ocrx_word' id='word_1_51' title='bbox 732 979 878 1018; x_wconf 88' lang='lat' dir='ltr'><strong>anno</strong></span> <span class='ocrx_word' id='word_1_52' title='bbox 902 974 954 1020; x_wconf 92' lang='lat' dir='ltr'><strong>et</strong></span> <span class='ocrx_word' id='word_1_53' title='bbox 973 964 1237 1019; x_wconf 83' lang='lat' dir='ltr'><strong>Salvatori</strong></span> <span class='ocrx_word' id='word_1_54' title='bbox 1264 973 1317 1018; x_wconf 83' lang='lat' dir='ltr'><strong>et</strong></span> <span class='ocrx_word' id='word_1_55' title='bbox 1344 964 1619 1033; x_wconf 69' lang='lat' dir='ltr'><strong>propheta:</strong></span> <span class='ocrx_word' id='word_1_56' title='bbox 1640 963 1810 1018; x_wconf 77' lang='lat' dir='ltr'><strong>caelos</strong></span> <span class='ocrx_word' id='word_1_57' title='bbox 1835 963 2007 1018; x_wconf 82' lang='lat' dir='ltr'><strong>fuisse</strong></span> 
     </span>
    </p>
   </div>
   <div class='ocr_carea' id='block_1_10' title="bbox 424 1056 2007 1125">
    <p class='ocr_par' dir='ltr' id='par_1_10' title="bbox 424 1056 2007 1125">
     <span class='ocr_line' id='line_1_10' title="bbox 424 1056 2007 1125; baseline 0.001 -16"><span class='ocrx_word' id='word_1_58' title='bbox 424 1064 714 1121; x_wconf 88' lang='lat' dir='ltr'><strong>reseratos,</strong></span> <span class='ocrx_word' id='word_1_59' title='bbox 750 1065 805 1110; x_wconf 94' lang='lat' dir='ltr'><strong>ct</strong></span> <span class='ocrx_word' id='word_1_60' title='bbox 845 1056 1180 1125; x_wconf 80' lang='lat' dir='ltr'><strong>spiritalibus</strong></span> <span class='ocrx_word' id='word_1_61' title='bbox 1219 1056 1479 1125; x_wconf 81' lang='lat' dir='ltr'><strong>spiritalia</strong></span> <span class='ocrx_word' id='word_1_62' title='bbox 1515 1070 1877 1124; x_wconf 89' lang='lat' dir='ltr'><strong>comparans,</strong></span> <span class='ocrx_word' id='word_1_63' title='bbox 1913 1070 2007 1110; x_wconf 89' lang='lat' dir='ltr'><strong>co-</strong></span> 
     </span>
    </p>
   </div>
   <div class='ocr_carea' id='block_1_11' title="bbox 424 1144 2006 1215">
    <p class='ocr_par' dir='ltr' id='par_1_11' title="bbox 424 1144 2006 1215">
     <span class='ocr_line' id='line_1_11' title="bbox 424 1144 2006 1215; baseline 0.001 -18"><span class='ocrx_word' id='word_1_64' title='bbox 424 1159 679 1212; x_wconf 80' lang='lat' dir='ltr'><strong>gnoscam</strong></span> <span class='ocrx_word' id='word_1_65' title='bbox 713 1146 964 1198; x_wconf 88' lang='lat' dir='ltr'><strong>universa</strong></span> <span class='ocrx_word' id='word_1_66' title='bbox 995 1160 1118 1215; x_wconf 71' lang='lat' dir='ltr'><strong>qua:</strong></span> <span class='ocrx_word' id='word_1_67' title='bbox 1151 1145 1352 1215; x_wconf 89' lang='lat' dir='ltr'><strong>scripta</strong></span> <span class='ocrx_word' id='word_1_68' title='bbox 1392 1147 1554 1207; x_wconf 87' lang='lat' dir='ltr'><strong>sunt’,</strong></span> <span class='ocrx_word' id='word_1_69' title='bbox 1591 1144 1835 1213; x_wconf 78' lang='lat' dir='ltr'><strong>ejusdem</strong></span> <span class='ocrx_word' id='word_1_70' title='bbox 1883 1160 2006 1198; x_wconf 85' lang='lat' dir='ltr'><strong>esse</strong></span> 
     </span>
    </p>
   </div>
   <div class='ocr_carea' id='block_1_12' title="bbox 423 1235 2003 1306">
    <p class='ocr_par' dir='ltr' id='par_1_12' title="bbox 423 1235 2003 1306">
     <span class='ocr_line' id='line_1_12' title="bbox 423 1235 2003 1306; baseline 0 -19"><span class='ocrx_word' id='word_1_71' title='bbox 423 1235 516 1291; x_wconf 85' lang='lat' dir='ltr'><strong>Dei</strong></span> <span class='ocrx_word' id='word_1_72' title='bbox 550 1237 874 1292; x_wconf 76' lang='lat' dir='ltr'><strong>sermones?</strong></span> <span class='ocrx_word' id='word_1_73' title='bbox 898 1236 1109 1306; x_wconf 84' lang='lat' dir='ltr'><strong>Quippe</strong></span> <span class='ocrx_word' id='word_1_74' title='bbox 1143 1236 1299 1291; x_wconf 85' lang='lat' dir='ltr'><strong>verba</strong></span> <span class='ocrx_word' id='word_1_75' title='bbox 1323 1237 1642 1304; x_wconf 86' lang='lat' dir='ltr'><strong>sapientium</strong></span> <span class='ocrx_word' id='word_1_76' title='bbox 1677 1245 1735 1289; x_wconf 87' lang='lat' dir='ltr'><strong>ut</strong></span> <span class='ocrx_word' id='word_1_77' title='bbox 1776 1236 2003 1301; x_wconf 75' lang='lat' dir='ltr'><strong>stimuli,</strong></span> 
     </span>
    </p>
   </div>
   <div class='ocr_carea' id='block_1_13' title="bbox 418 1322 2004 1398">
    <p class='ocr_par' dir='ltr' id='par_1_13' title="bbox 418 1322 2004 1398">
     <span class='ocr_line' id='line_1_13' title="bbox 418 1322 2004 1398; baseline -0.001 -18"><span class='ocrx_word' id='word_1_78' title='bbox 418 1336 468 1380; x_wconf 91' lang='lat' dir='ltr'><strong>et</strong></span> <span class='ocrx_word' id='word_1_79' title='bbox 501 1329 657 1396; x_wconf 85' lang='lat' dir='ltr'><strong>quasi</strong></span> <span class='ocrx_word' id='word_1_80' title='bbox 687 1328 823 1381; x_wconf 78' lang='lat' dir='ltr'><strong>clavi</strong></span> <span class='ocrx_word' id='word_1_81' title='bbox 843 1328 899 1381; x_wconf 88' lang='lat' dir='ltr'><strong>in</strong></span> <span class='ocrx_word' id='word_1_82' title='bbox 929 1329 1098 1381; x_wconf 88' lang='lat' dir='ltr'><strong>altunt</strong></span> <span class='ocrx_word' id='word_1_83' title='bbox 1124 1329 1345 1397; x_wconf 72' lang='lat' dir='ltr'><strong>confixi,</strong></span> <span class='ocrx_word' id='word_1_84' title='bbox 1373 1329 1500 1398; x_wconf 89' lang='lat' dir='ltr'><strong>quia</strong></span> <span class='ocrx_word' id='word_1_85' title='bbox 1528 1322 2004 1397; x_wconf 69' lang='lat' dir='ltr'><strong>&#39;compungentibus</strong></span> 
     </span>
    </p>
   </div>
   <div class='ocr_carea' id='block_1_14' title="bbox 419 1418 2007 1491">
    <p class='ocr_par' dir='ltr' id='par_1_14' title="bbox 419 1418 2007 1491">
     <span class='ocr_line' id='line_1_14' title="bbox 419 1418 2007 1491; baseline -0.001 -18"><span class='ocrx_word' id='word_1_86' title='bbox 419 1421 537 1473; x_wconf 86' lang='lat' dir='ltr'><strong>dati</strong></span> <span class='ocrx_word' id='word_1_87' title='bbox 563 1428 683 1473; x_wconf 88' lang='lat' dir='ltr'><strong>sunt</strong></span> <span class='ocrx_word' id='word_1_88' title='bbox 707 1436 739 1472; x_wconf 80' lang='grc' dir='ltr'><em>α</em></span> <span class='ocrx_word' id='word_1_89' title='bbox 769 1432 979 1488; x_wconf 77' lang='lat' dir='ltr'><strong>pastore</strong></span> <span class='ocrx_word' id='word_1_90' title='bbox 1000 1436 1104 1473; x_wconf 87' lang='lat' dir='ltr'><strong>uno</strong></span> <span class='ocrx_word' id='word_1_91' title='bbox 1140 1420 1208 1474; x_wconf 68' lang='grc'><strong>⁵⁵.</strong></span> <span class='ocrx_word' id='word_1_92' title='bbox 1250 1420 1362 1491; x_wconf 85' lang='lat' dir='ltr'><strong>Ego</strong></span> <span class='ocrx_word' id='word_1_93' title='bbox 1393 1429 1445 1475; x_wconf 89' lang='lat' dir='ltr'><strong>et</strong></span> <span class='ocrx_word' id='word_1_94' title='bbox 1476 1420 1579 1475; x_wconf 91' lang='lat' dir='ltr'><strong>hoc</strong></span> <span class='ocrx_word' id='word_1_95' title='bbox 1611 1421 1756 1491; x_wconf 90' lang='lat' dir='ltr'><strong>quod</strong></span> <span class='ocrx_word' id='word_1_96' title='bbox 1806 1418 2007 1473; x_wconf 86' lang='lat' dir='ltr'><strong>dicitur</strong></span> 
     </span>
    </p>
   </div>
   <div class='ocr_carea' id='block_1_15' title="bbox 419 1511 2003 1582">
    <p class='ocr_par' dir='ltr' id='par_1_15' title="bbox 419 1511 2003 1582">
     <span class='ocr_line' id='line_1_15' title="bbox 419 1511 2003 1582; baseline -0.001 -18"><span class='ocrx_word' id='word_1_97' title='bbox 419 1512 477 1565; x_wconf 88' lang='lat' dir='ltr'><strong>in</strong></span> <span class='ocrx_word' id='word_1_98' title='bbox 507 1522 697 1581; x_wconf 90' lang='lat' dir='ltr'><strong>quarto</strong></span> <span class='ocrx_word' id='word_1_99' title='bbox 721 1527 895 1565; x_wconf 80' lang='lat' dir='ltr'><strong>mense</strong></span> <span class='ocrx_word' id='word_1_100' title='bbox 925 1512 1111 1582; x_wconf 88' lang='lat' dir='ltr'><strong>quinta</strong></span> <span class='ocrx_word' id='word_1_101' title='bbox 1135 1513 1347 1576; x_wconf 86' lang='lat' dir='ltr'><strong>mensis,</strong></span> <span class='ocrx_word' id='word_1_102' title='bbox 1391 1512 1546 1582; x_wconf 79' lang='lat' dir='ltr'><strong>juxta</strong></span> <span class='ocrx_word' id='word_1_103' title='bbox 1590 1511 2003 1581; x_wconf 82' lang='lat' dir='ltr'><strong>possibilitatem</strong></span> 
     </span>
    </p>
   </div>
   <div class='ocr_carea' id='block_1_16' title="bbox 418 1602 2002 1673">
    <p class='ocr_par' dir='ltr' id='par_1_16' title="bbox 418 1602 2002 1673">
     <span class='ocr_line' id='line_1_16' title="bbox 418 1602 2002 1673; baseline -0.001 -15"><span class='ocrx_word' id='word_1_104' title='bbox 418 1618 616 1659; x_wconf 86' lang='lat' dir='ltr'><strong>sensus</strong></span> <span class='ocrx_word' id='word_1_105' title='bbox 645 1604 747 1657; x_wconf 89' lang='lat' dir='ltr'><strong>mei</strong></span> <span class='ocrx_word' id='word_1_106' title='bbox 791 1602 1158 1673; x_wconf 75' lang='lat' dir='ltr'><strong>investigatis,</strong></span> <span class='ocrx_word' id='word_1_107' title='bbox 1196 1618 1389 1671; x_wconf 88' lang='lat' dir='ltr'><strong>precor</strong></span> <span class='ocrx_word' id='word_1_108' title='bbox 1424 1618 1455 1657; x_wconf 88' lang='lat' dir='ltr'><strong>a</strong></span> <span class='ocrx_word' id='word_1_109' title='bbox 1504 1603 1617 1657; x_wconf 93' lang='lat' dir='ltr'><strong>Deo</strong></span> <span class='ocrx_word' id='word_1_110' title='bbox 1662 1613 1720 1657; x_wconf 91' lang='lat' dir='ltr'><strong>ut</strong></span> <span class='ocrx_word' id='word_1_111' title='bbox 1764 1603 2002 1671; x_wconf 88' lang='lat' dir='ltr'><strong>idipsum</strong></span> 
     </span>
    </p>
   </div>
   <div class='ocr_carea' id='block_1_17' title="bbox 416 1691 2007 1763">
    <p class='ocr_par' dir='ltr' id='par_1_17' title="bbox 416 1691 2007 1763">
     <span class='ocr_line' id='line_1_17' title="bbox 416 1691 2007 1763; baseline 0 -17"><span class='ocrx_word' id='word_1_112' title='bbox 416 1692 622 1761; x_wconf 83' lang='lat' dir='ltr'><strong>possim</strong></span> <span class='ocrx_word' id='word_1_113' title='bbox 658 1691 958 1763; x_wconf 84' lang='lat' dir='ltr'><strong>intelligere</strong></span> <span class='ocrx_word' id='word_1_114' title='bbox 989 1692 1132 1762; x_wconf 89' lang='lat' dir='ltr'><strong>quod</strong></span> <span class='ocrx_word' id='word_1_115' title='bbox 1163 1691 1570 1761; x_wconf 82' lang='lat' dir='ltr'><strong>Scripturarum</strong></span> <span class='ocrx_word' id='word_1_116' title='bbox 1602 1692 1724 1762; x_wconf 89' lang='lat' dir='ltr'><strong>ejus</strong></span> <span class='ocrx_word' id='word_1_117' title='bbox 1754 1692 2007 1763; x_wconf 76' lang='lat' dir='ltr'><strong>congruit</strong></span> 
     </span>
    </p>
   </div>
   <div class='ocr_carea' id='block_1_18' title="bbox 415 1782 2006 1853">
    <p class='ocr_par' dir='ltr' id='par_1_18' title="bbox 415 1782 2006 1853">
     <span class='ocr_line' id='line_1_18' title="bbox 415 1782 2006 1853; baseline 0.003 -16"><span class='ocrx_word' id='word_1_118' title='bbox 415 1784 705 1838; x_wconf 74' lang='lat' dir='ltr'><strong>voluntati.</strong></span> <span class='ocrx_word' id='word_1_119' title='bbox 760 1782 948 1839; x_wconf 86' lang='lat' dir='ltr'><strong>Novus</strong></span> <span class='ocrx_word' id='word_1_120' title='bbox 1001 1797 1181 1836; x_wconf 88' lang='lat' dir='ltr'><strong>annus</strong></span> <span class='ocrx_word' id='word_1_121' title='bbox 1230 1782 1479 1837; x_wconf 90' lang='lat' dir='ltr'><strong>imminet</strong></span> <span class='ocrx_word' id='word_1_122' title='bbox 1516 1783 1630 1853; x_wconf 89' lang='lat' dir='ltr'><strong>jam</strong></span> <span class='ocrx_word' id='word_1_123' title='bbox 1677 1783 1913 1848; x_wconf 69' lang='lat' dir='ltr'><strong>Judaeis,</strong></span> <span class='ocrx_word' id='word_1_124' title='bbox 1951 1795 2006 1841; x_wconf 87' lang='lat' dir='ltr'><strong>et</strong></span> 
     </span>
    </p>
   </div>
   <div class='ocr_carea' id='block_1_19' title="bbox 415 1874 2004 1946">
    <p class='ocr_par' dir='ltr' id='par_1_19' title="bbox 415 1874 2004 1946">
     <span class='ocr_line' id='line_1_19' title="bbox 415 1874 2004 1946; baseline 0.001 -16"><span class='ocrx_word' id='word_1_125' title='bbox 415 1874 629 1946; x_wconf 86' lang='lat' dir='ltr'><strong>primus</strong></span> <span class='ocrx_word' id='word_1_126' title='bbox 678 1874 887 1929; x_wconf 89' lang='lat' dir='ltr'><strong>mensis</strong></span> <span class='ocrx_word' id='word_1_127' title='bbox 934 1875 1077 1943; x_wconf 88' lang='lat' dir='ltr'><strong>apud</strong></span> <span class='ocrx_word' id='word_1_128' title='bbox 1122 1889 1219 1928; x_wconf 88' lang='lat' dir='ltr'><strong>eos</strong></span> <span class='ocrx_word' id='word_1_129' title='bbox 1264 1889 1294 1928; x_wconf 88' lang='lat' dir='ltr'><strong>a</strong></span> <span class='ocrx_word' id='word_1_130' title='bbox 1335 1875 1459 1929; x_wconf 91' lang='lat' dir='ltr'><strong>novi</strong></span> <span class='ocrx_word' id='word_1_131' title='bbox 1500 1877 1627 1929; x_wconf 91' lang='lat' dir='ltr'><strong>anni</strong></span> <span class='ocrx_word' id='word_1_132' title='bbox 1684 1887 2004 1936; x_wconf 85' lang='lat' dir='ltr'><strong>numeratur</strong></span> 
     </span>
    </p>
   </div>
   <div class='ocr_carea' id='block_1_20' title="bbox 417 1964 2001 2034">
    <p class='ocr_par' dir='ltr' id='par_1_20' title="bbox 417 1964 2001 2034">
     <span class='ocr_line' id='line_1_20' title="bbox 417 1964 2001 2034; baseline 0.009 -24"><span class='ocrx_word' id='word_1_133' title='bbox 417 1966 666 2025; x_wconf 70' lang='lat' dir='ltr'><strong>exordio,</strong></span> <span class='ocrx_word' id='word_1_134' title='bbox 700 1967 895 2034; x_wconf 83' lang='lat' dir='ltr'><strong>Agitur</strong></span> <span class='ocrx_word' id='word_1_135' title='bbox 924 1974 1106 2020; x_wconf 86' lang='lat' dir='ltr'><strong>autem</strong></span> <span class='ocrx_word' id='word_1_136' title='bbox 1132 1964 1347 2022; x_wconf 80' lang='lat' dir='ltr'><strong>Pascha</strong></span> <span class='ocrx_word' id='word_1_137' title='bbox 1370 1966 1437 2018; x_wconf 84' lang='lat' dir='ltr'><strong>de</strong></span> <span class='ocrx_word' id='word_1_138' title='bbox 1459 1979 1689 2020; x_wconf 83' lang='lat' dir='ltr'><strong>numero</strong></span> <span class='ocrx_word' id='word_1_139' title='bbox 1706 1967 1827 2021; x_wconf 89' lang='lat' dir='ltr'><strong>novi</strong></span> <span class='ocrx_word' id='word_1_140' title='bbox 1850 1969 2001 2024; x_wconf 84' lang='lat' dir='ltr'><strong>anni.</strong></span> 
     </span>
    </p>
   </div>
   <div class='ocr_carea' id='block_1_21' title="bbox 424 2052 2006 2121">
    <p class='ocr_par' dir='ltr' id='par_1_21' title="bbox 424 2052 2006 2121">
     <span class='ocr_line' id='line_1_21' title="bbox 424 2052 2006 2121; baseline 0.005 -16"><span class='ocrx_word' id='word_1_141' title='bbox 424 2052 758 2121; x_wconf 79' lang='lat' dir='ltr'><strong>Principium</strong></span> <span class='ocrx_word' id='word_1_142' title='bbox 792 2055 1048 2108; x_wconf 77' lang='lat' dir='ltr'><strong>mensium</strong></span> <span class='ocrx_word' id='word_1_143' title='bbox 1074 2054 1172 2107; x_wconf 83' lang='lat' dir='ltr'><strong>iste</strong></span> <span class='ocrx_word' id='word_1_144' title='bbox 1200 2053 1343 2108; x_wconf 79' lang='lat' dir='ltr'><strong>vobis</strong></span> <span class='ocrx_word' id='word_1_145' title='bbox 1381 2057 1480 2109; x_wconf 84' lang='lat' dir='ltr'><strong>erit</strong></span> <span class='ocrx_word' id='word_1_146' title='bbox 1511 2057 1564 2110; x_wconf 90' lang='lat' dir='ltr'><strong>in</strong></span> <span class='ocrx_word' id='word_1_147' title='bbox 1612 2056 1875 2112; x_wconf 79' lang='lat' dir='ltr'><strong>mensibus</strong></span> <span class='ocrx_word' id='word_1_148' title='bbox 1909 2074 2006 2114; x_wconf 61' lang='lat' dir='ltr'><strong>an.</strong></span> 
     </span>
    </p>
   </div>
   <div class='ocr_carea' id='block_1_22' title="bbox 417 2142 1999 2216">
    <p class='ocr_par' dir='ltr' id='par_1_22' title="bbox 417 2142 1999 2216">
     <span class='ocr_line' id='line_1_22' title="bbox 417 2142 1999 2216; baseline 0.008 -23"><span class='ocrx_word' id='word_1_149' title='bbox 417 2142 474 2194; x_wconf 85' lang='lat' dir='ltr'><strong>ni</strong></span> <span class='ocrx_word' id='word_1_150' title='bbox 501 2142 568 2195; x_wconf 81' lang='lat'><strong>&quot;.</strong></span> <span class='ocrx_word' id='word_1_151' title='bbox 600 2143 682 2198; x_wconf 82' lang='lat' dir='ltr'><strong>Ab</strong></span> <span class='ocrx_word' id='word_1_152' title='bbox 720 2143 825 2198; x_wconf 90' lang='lat' dir='ltr'><strong>hoc</strong></span> <span class='ocrx_word' id='word_1_153' title='bbox 857 2158 1003 2197; x_wconf 89' lang='lat' dir='ltr'><strong>anno</strong></span> <span class='ocrx_word' id='word_1_154' title='bbox 1039 2159 1263 2197; x_wconf 88' lang='lat' dir='ltr'><strong>numera</strong></span> <span class='ocrx_word' id='word_1_155' title='bbox 1301 2144 1432 2198; x_wconf 90' lang='lat' dir='ltr'><strong>mihi</strong></span> <span class='ocrx_word' id='word_1_156' title='bbox 1454 2154 1708 2214; x_wconf 87' lang='lat' dir='ltr'><strong>quartum</strong></span> <span class='ocrx_word' id='word_1_157' title='bbox 1734 2163 1999 2216; x_wconf 86' lang='lat' dir='ltr'><strong>mensem,</strong></span> 
     </span>
    </p>
   </div>
   <div class='ocr_carea' id='block_1_23' title="bbox 418 2232 2001 2305">
    <p class='ocr_par' dir='ltr' id='par_1_23' title="bbox 418 2232 2001 2305">
     <span class='ocr_line' id='line_1_23' title="bbox 418 2232 2001 2305; baseline 0.004 -17"><span class='ocrx_word' id='word_1_158' title='bbox 418 2242 473 2288; x_wconf 89' lang='lat' dir='ltr'><strong>et</strong></span> <span class='ocrx_word' id='word_1_159' title='bbox 494 2233 732 2304; x_wconf 85' lang='lat' dir='ltr'><strong>intellige</strong></span> <span class='ocrx_word' id='word_1_160' title='bbox 760 2233 1095 2304; x_wconf 81' lang='lat' dir='ltr'><strong>baptizatum</strong></span> <span class='ocrx_word' id='word_1_161' title='bbox 1125 2232 1310 2288; x_wconf 81' lang='lat' dir='ltr'><strong>Jesum</strong></span> <span class='ocrx_word' id='word_1_162' title='bbox 1342 2235 1395 2288; x_wconf 94' lang='lat' dir='ltr'><strong>in</strong></span> <span class='ocrx_word' id='word_1_163' title='bbox 1427 2246 1624 2305; x_wconf 67' lang='lat' dir='ltr'><strong>(litarto</strong></span> <span class='ocrx_word' id='word_1_164' title='bbox 1656 2254 1845 2294; x_wconf 84' lang='lat' dir='ltr'><strong>mense</strong></span> <span class='ocrx_word' id='word_1_165' title='bbox 1874 2243 2001 2296; x_wconf 87' lang='lat' dir='ltr'><strong>novi</strong></span> 
     </span>
    </p>
   </div>
   <div class='ocr_carea' id='block_1_24' title="bbox 417 2324 2001 2396">
    <p class='ocr_par' dir='ltr' id='par_1_24' title="bbox 417 2324 2001 2396">
     <span class='ocr_line' id='line_1_24' title="bbox 417 2324 2001 2396; baseline 0.005 -18"><span class='ocrx_word' id='word_1_166' title='bbox 417 2325 565 2379; x_wconf 89' lang='lat' dir='ltr'><strong>anni.</strong></span> <span class='ocrx_word' id='word_1_167' title='bbox 600 2324 677 2378; x_wconf 87' lang='lat' dir='ltr'><strong>Eo</strong></span> <span class='ocrx_word' id='word_1_168' title='bbox 705 2325 851 2379; x_wconf 77' lang='lat' dir='ltr'><strong>enim</strong></span> <span class='ocrx_word' id='word_1_169' title='bbox 887 2340 1074 2380; x_wconf 87' lang='lat' dir='ltr'><strong>mense</strong></span> <span class='ocrx_word' id='word_1_170' title='bbox 1097 2327 1190 2394; x_wconf 89' lang='lat' dir='ltr'><strong>qui</strong></span> <span class='ocrx_word' id='word_1_171' title='bbox 1223 2327 1365 2396; x_wconf 90' lang='lat' dir='ltr'><strong>apud</strong></span> <span class='ocrx_word' id='word_1_172' title='bbox 1398 2325 1675 2385; x_wconf 79' lang='lat' dir='ltr'><strong>Romanos</strong></span> <span class='ocrx_word' id='word_1_173' title='bbox 1704 2329 2001 2388; x_wconf 71' lang='lat' dir='ltr'><strong>Ianuarius</strong></span> 
     </span>
    </p>
   </div>
   <div class='ocr_carea' id='block_1_25' title="bbox 416 2417 2001 2495">
    <p class='ocr_par' dir='ltr' id='par_1_25' title="bbox 416 2417 2001 2495">
     <span class='ocr_line' id='line_1_25' title="bbox 416 2417 2001 2495; baseline 0.006 -24"><span class='ocrx_word' id='word_1_174' title='bbox 416 2425 782 2486; x_wconf 88' lang='lat' dir='ltr'><strong>nuncupatur,</strong></span> <span class='ocrx_word' id='word_1_175' title='bbox 813 2417 1147 2488; x_wconf 83' lang='lat' dir='ltr'><strong>baptismum</strong></span> <span class='ocrx_word' id='word_1_176' title='bbox 1175 2418 1390 2475; x_wconf 91' lang='lat' dir='ltr'><strong>Domini</strong></span> <span class='ocrx_word' id='word_1_177' title='bbox 1420 2420 1623 2476; x_wconf 81' lang='lat' dir='ltr'><strong>factum</strong></span> <span class='ocrx_word' id='word_1_178' title='bbox 1651 2436 1775 2478; x_wconf 86' lang='lat' dir='ltr'><strong>esse</strong></span> <span class='ocrx_word' id='word_1_179' title='bbox 1797 2439 2001 2495; x_wconf 80' lang='lat' dir='ltr'><strong>cogno-</strong></span> 
     </span>
    </p>
   </div>
   <div class='ocr_carea' id='block_1_26' title="bbox 411 2509 1999 2585">
    <p class='ocr_par' dir='ltr' id='par_1_26' title="bbox 411 2509 1999 2585">
     <span class='ocr_line' id='line_1_26' title="bbox 411 2509 1999 2585; baseline 0.005 -22"><span class='ocrx_word' id='word_1_180' title='bbox 411 2509 639 2576; x_wconf 84' lang='lat' dir='ltr'><strong>scimus,</strong></span> <span class='ocrx_word' id='word_1_181' title='bbox 671 2510 764 2579; x_wconf 87' lang='lat' dir='ltr'><strong>qui</strong></span> <span class='ocrx_word' id='word_1_182' title='bbox 794 2518 881 2565; x_wconf 92' lang='lat' dir='ltr'><strong>est</strong></span> <span class='ocrx_word' id='word_1_183' title='bbox 911 2512 1118 2567; x_wconf 86' lang='lat' dir='ltr'><strong>mensis</strong></span> <span class='ocrx_word' id='word_1_184' title='bbox 1138 2523 1370 2582; x_wconf 86' lang='lat' dir='ltr'><strong>quartus</strong></span> <span class='ocrx_word' id='word_1_185' title='bbox 1401 2514 1471 2567; x_wconf 90' lang='lat' dir='ltr'><strong>ab</strong></span> <span class='ocrx_word' id='word_1_186' title='bbox 1499 2529 1647 2568; x_wconf 87' lang='lat' dir='ltr'><strong>anno</strong></span> <span class='ocrx_word' id='word_1_187' title='bbox 1680 2516 1999 2585; x_wconf 81' lang='lat' dir='ltr'><strong>novojuxta</strong></span> 
     </span>
    </p>
   </div>
   <div class='ocr_carea' id='block_1_27' title="bbox 411 2598 2001 2673">
    <p class='ocr_par' dir='ltr' id='par_1_27' title="bbox 411 2598 2001 2673">
     <span class='ocr_line' id='line_1_27' title="bbox 411 2598 2001 2673; baseline 0.004 -19"><span class='ocrx_word' id='word_1_188' title='bbox 411 2602 855 2670; x_wconf 81' lang='lat' dir='ltr'><strong>supputationem</strong></span> <span class='ocrx_word' id='word_1_189' title='bbox 886 2598 1263 2656; x_wconf 66' lang='lat' dir='ltr'><strong>Hebraeorum.</strong></span> <span class='ocrx_word' id='word_1_190' title='bbox 1293 2602 1359 2656; x_wconf 88' lang='lat' dir='ltr'><strong>Et</strong></span> <span class='ocrx_word' id='word_1_191' title='bbox 1380 2603 1508 2672; x_wconf 86' lang='lat' dir='ltr'><strong>quia</strong></span> <span class='ocrx_word' id='word_1_192' title='bbox 1531 2604 1599 2657; x_wconf 87' lang='lat' dir='ltr'><strong>de</strong></span> <span class='ocrx_word' id='word_1_193' title='bbox 1623 2612 1861 2673; x_wconf 83' lang='lat' dir='ltr'><strong>quatuor</strong></span> <span class='ocrx_word' id='word_1_194' title='bbox 1889 2607 2001 2660; x_wconf 86' lang='lat' dir='ltr'><strong>ele-</strong></span> 
     </span>
    </p>
   </div>
   <div class='ocr_carea' id='block_1_28' title="bbox 412 2691 2000 2765">
    <p class='ocr_par' dir='ltr' id='par_1_28' title="bbox 412 2691 2000 2765">
     <span class='ocr_line' id='line_1_28' title="bbox 412 2691 2000 2765; baseline 0.004 -20"><span class='ocrx_word' id='word_1_195' title='bbox 412 2692 612 2746; x_wconf 86' lang='lat' dir='ltr'><strong>mentis</strong></span> <span class='ocrx_word' id='word_1_196' title='bbox 636 2691 828 2746; x_wconf 91' lang='lat' dir='ltr'><strong>mundi</strong></span> <span class='ocrx_word' id='word_1_197' title='bbox 858 2693 1168 2748; x_wconf 87' lang='lat' dir='ltr'><strong>subsistens</strong></span> <span class='ocrx_word' id='word_1_198' title='bbox 1204 2706 1407 2763; x_wconf 84' lang='lat' dir='ltr'><strong>corpus</strong></span> <span class='ocrx_word' id='word_1_199' title='bbox 1435 2703 1832 2765; x_wconf 87' lang='lat' dir='ltr'><strong>assumpserat,</strong></span> <span class='ocrx_word' id='word_1_200' title='bbox 1859 2696 2000 2751; x_wconf 89' lang='lat' dir='ltr'><strong>reci-</strong></span> 
     </span>
    </p>
   </div>
   <div class='ocr_carea' id='block_1_29' title="bbox 408 2783 1997 2856">
    <p class='ocr_par' dir='ltr' id='par_1_29' title="bbox 408 2783 1997 2856">
     <span class='ocr_line' id='line_1_29' title="bbox 408 2783 1997 2856; baseline 0.004 -18"><span class='ocrx_word' id='word_1_201' title='bbox 408 2785 567 2856; x_wconf 88' lang='lat' dir='ltr'><strong>piens</strong></span> <span class='ocrx_word' id='word_1_202' title='bbox 606 2783 773 2839; x_wconf 86' lang='lat' dir='ltr'><strong>etiam</strong></span> <span class='ocrx_word' id='word_1_203' title='bbox 806 2799 1002 2840; x_wconf 86' lang='lat' dir='ltr'><strong>sensus</strong></span> <span class='ocrx_word' id='word_1_204' title='bbox 1044 2785 1355 2847; x_wconf 89' lang='lat' dir='ltr'><strong>humanos,</strong></span> <span class='ocrx_word' id='word_1_205' title='bbox 1406 2786 1530 2840; x_wconf 90' lang='lat' dir='ltr'><strong>ideo</strong></span> <span class='ocrx_word' id='word_1_206' title='bbox 1574 2785 1801 2842; x_wconf 79' lang='lat' dir='ltr'><strong>forsitan</strong></span> <span class='ocrx_word' id='word_1_207' title='bbox 1841 2798 1896 2843; x_wconf 91' lang='lat' dir='ltr'><strong>et</strong></span> <span class='ocrx_word' id='word_1_208' title='bbox 1941 2793 1997 2844; x_wconf 86' lang='lat' dir='ltr'><strong>in</strong></span> 
     </span>
    </p>
   </div>
   <div class='ocr_carea' id='block_1_30' title="bbox 410 2876 1997 2947">
    <p class='ocr_par' dir='ltr' id='par_1_30' title="bbox 410 2876 1997 2947">
     <span class='ocr_line' id='line_1_30' title="bbox 410 2876 1997 2947; baseline 0.004 -18"><span class='ocrx_word' id='word_1_209' title='bbox 410 2884 607 2947; x_wconf 87' lang='lat' dir='ltr'><strong>quarto</strong></span> <span class='ocrx_word' id='word_1_210' title='bbox 635 2890 844 2940; x_wconf 90' lang='lat' dir='ltr'><strong>mense,</strong></span> <span class='ocrx_word' id='word_1_211' title='bbox 871 2885 924 2931; x_wconf 90' lang='lat' dir='ltr'><strong>et</strong></span> <span class='ocrx_word' id='word_1_212' title='bbox 970 2876 1025 2931; x_wconf 93' lang='lat' dir='ltr'><strong>in</strong></span> <span class='ocrx_word' id='word_1_213' title='bbox 1066 2877 1262 2947; x_wconf 90' lang='lat' dir='ltr'><strong>quinto</strong></span> <span class='ocrx_word' id='word_1_214' title='bbox 1303 2876 1392 2932; x_wconf 88' lang='lat' dir='ltr'><strong>die</strong></span> <span class='ocrx_word' id='word_1_215' title='bbox 1420 2877 1626 2934; x_wconf 89' lang='lat' dir='ltr'><strong>mensis</strong></span> <span class='ocrx_word' id='word_1_216' title='bbox 1651 2887 1737 2934; x_wconf 90' lang='lat' dir='ltr'><strong>est</strong></span> <span class='ocrx_word' id='word_1_217' title='bbox 1765 2879 1997 2936; x_wconf 90' lang='lat' dir='ltr'><strong>intuitus</strong></span> 
     </span>
    </p>
   </div>
   <div class='ocr_carea' id='block_1_31' title="bbox 413 2968 708 3023">
    <p class='ocr_par' dir='ltr' id='par_1_31' title="bbox 413 2968 708 3023">
     <span class='ocr_line' id='line_1_31' title="bbox 413 2968 708 3023; baseline 0 -1"><span class='ocrx_word' id='word_1_218' title='bbox 413 2968 708 3023; x_wconf 81' lang='lat' dir='ltr'><strong>visionem.</strong></span> 
     </span>
    </p>
   </div>
   <div class='ocr_carea' id='block_1_32' title="bbox 480 3056 1992 3130">
    <p class='ocr_par' dir='ltr' id='par_1_32' title="bbox 480 3056 1992 3130">
     <span class='ocr_line' id='line_1_32' title="bbox 480 3056 1992 3130; baseline 0.001 -16"><span class='ocrx_word' id='word_1_219' title='bbox 480 3059 536 3114; x_wconf 79' lang='lat'><strong>5.</strong></span> <span class='ocrx_word' id='word_1_220' title='bbox 572 3056 640 3111; x_wconf 84' lang='lat' dir='ltr'><strong>Et</strong></span> <span class='ocrx_word' id='word_1_221' title='bbox 664 3075 758 3130; x_wconf 90' lang='lat' dir='ltr'><strong>ego</strong></span> <span class='ocrx_word' id='word_1_222' title='bbox 786 3075 929 3113; x_wconf 88' lang='lat' dir='ltr'><strong>erant</strong></span> <span class='ocrx_word' id='word_1_223' title='bbox 952 3061 1006 3113; x_wconf 88' lang='lat' dir='ltr'><strong>in</strong></span> <span class='ocrx_word' id='word_1_224' title='bbox 1038 3059 1210 3114; x_wconf 88' lang='lat' dir='ltr'><strong>medio</strong></span> <span class='ocrx_word' id='word_1_225' title='bbox 1233 3060 1578 3128; x_wconf 85' lang='lat' dir='ltr'><strong>captivitatis.</strong></span> <span class='ocrx_word' id='word_1_226' title='bbox 1610 3058 1837 3115; x_wconf 75' lang='lat' dir='ltr'><strong>Videtur</strong></span> <span class='ocrx_word' id='word_1_227' title='bbox 1859 3059 1992 3115; x_wconf 88' lang='lat' dir='ltr'><strong>mihi</strong></span> 
     </span>
    </p>
   </div>
   <div class='ocr_carea' id='block_1_33' title="bbox 411 3150 2062 3230">
    <p class='ocr_par' dir='ltr' id='par_1_33' title="bbox 411 3150 2062 3230">
     <span class='ocr_line' id='line_1_33' title="bbox 411 3150 2062 3230; baseline 0.001 -25"><span class='ocrx_word' id='word_1_228' title='bbox 411 3151 665 3215; x_wconf 67' lang='lat' dir='ltr'><strong>irnnicé&#39;);</strong></span> <span class='ocrx_word' id='word_1_229' title='bbox 686 3152 890 3206; x_wconf 91' lang='lat' dir='ltr'><strong>dictum</strong></span> <span class='ocrx_word' id='word_1_230' title='bbox 922 3170 935 3204; x_wconf 92' lang='lat'>:</span> <span class='ocrx_word' id='word_1_231' title='bbox 970 3150 1039 3205; x_wconf 82' lang='lat' dir='ltr'><strong>Et</strong></span> <span class='ocrx_word' id='word_1_232' title='bbox 1064 3168 1156 3221; x_wconf 88' lang='lat' dir='ltr'><strong>ego</strong></span> <span class='ocrx_word' id='word_1_233' title='bbox 1186 3168 1331 3205; x_wconf 85' lang='lat' dir='ltr'><strong>eram</strong></span> <span class='ocrx_word' id='word_1_234' title='bbox 1359 3152 1414 3204; x_wconf 87' lang='lat' dir='ltr'><strong>in</strong></span> <span class='ocrx_word' id='word_1_235' title='bbox 1439 3150 1611 3205; x_wconf 86' lang='lat' dir='ltr'><strong>medio</strong></span> <span class='ocrx_word' id='word_1_236' title='bbox 1638 3153 1987 3221; x_wconf 81' lang='lat' dir='ltr'><strong>captivitatis.</strong></span> <span class='ocrx_word' id='word_1_237' title='bbox 2018 3173 2062 3230; x_wconf 71' lang='grc' dir='ltr'>ο</span> 
     </span>
    </p>
   </div>
   <div class='ocr_carea' id='block_1_34' title="bbox 409 3243 1992 3315">
    <p class='ocr_par' dir='ltr' id='par_1_34' title="bbox 409 3243 1992 3315">
     <span class='ocr_line' id='line_1_34' title="bbox 409 3243 1992 3315; baseline 0 -16"><span class='ocrx_word' id='word_1_238' title='bbox 409 3243 477 3299; x_wconf 85' lang='lat' dir='ltr'><strong>Et</strong></span> <span class='ocrx_word' id='word_1_239' title='bbox 504 3260 604 3314; x_wconf 89' lang='lat' dir='ltr'><strong>ego</strong></span> <span class='ocrx_word' id='word_1_240' title='bbox 633 3262 646 3298; x_wconf 94' lang='lat'>:</span> <span class='ocrx_word' id='word_1_241' title='bbox 676 3244 833 3315; x_wconf 84' lang='lat' dir='ltr'><strong>quasi</strong></span> <span class='ocrx_word' id='word_1_242' title='bbox 860 3243 905 3298; x_wconf 87' lang='lat' dir='ltr'><strong>si</strong></span> <span class='ocrx_word' id='word_1_243' title='bbox 929 3244 1076 3299; x_wconf 89' lang='lat' dir='ltr'><strong>dicat</strong></span> <span class='ocrx_word' id='word_1_244' title='bbox 1095 3244 1252 3313; x_wconf 82' lang='lat' dir='ltr'><strong>juxta</strong></span> <span class='ocrx_word' id='word_1_245' title='bbox 1284 3243 1573 3298; x_wconf 88' lang='lat' dir='ltr'><strong>historiam</strong></span> <span class='ocrx_word' id='word_1_246' title='bbox 1602 3244 1823 3314; x_wconf 90' lang='lat' dir='ltr'><strong>quidem</strong></span> <span class='ocrx_word' id='word_1_247' title='bbox 1859 3259 1992 3315; x_wconf 89' lang='lat' dir='ltr'><strong>pro-</strong></span> 
     </span>
    </p>
   </div>
   <div class='ocr_carea' id='block_1_35' title="bbox 406 3334 1989 3407">
    <p class='ocr_par' dir='ltr' id='par_1_35' title="bbox 406 3334 1989 3407">
     <span class='ocr_line' id='line_1_35' title="bbox 406 3334 1989 3407; baseline 0.002 -19"><span class='ocrx_word' id='word_1_248' title='bbox 406 3334 589 3405; x_wconf 89' lang='lat' dir='ltr'><strong>pheta,</strong></span> <span class='ocrx_word' id='word_1_249' title='bbox 616 3343 669 3389; x_wconf 89' lang='lat' dir='ltr'><strong>ct</strong></span> <span class='ocrx_word' id='word_1_250' title='bbox 700 3350 801 3406; x_wconf 83' lang='lat' dir='ltr'><strong>ego</strong></span> <span class='ocrx_word' id='word_1_251' title='bbox 840 3334 934 3405; x_wconf 87' lang='lat' dir='ltr'><strong>qui</strong></span> <span class='ocrx_word' id='word_1_252' title='bbox 982 3350 1090 3389; x_wconf 92' lang='lat' dir='ltr'><strong>non</strong></span> <span class='ocrx_word' id='word_1_253' title='bbox 1133 3334 1359 3389; x_wconf 86' lang='lat' dir='ltr'><strong>tenebar</strong></span> <span class='ocrx_word' id='word_1_254' title='bbox 1398 3334 1454 3388; x_wconf 92' lang='lat' dir='ltr'><strong>in</strong></span> <span class='ocrx_word' id='word_1_255' title='bbox 1493 3335 1732 3404; x_wconf 91' lang='lat' dir='ltr'><strong>peccatis</strong></span> <span class='ocrx_word' id='word_1_256' title='bbox 1780 3337 1989 3407; x_wconf 90' lang='lat' dir='ltr'><strong>p0puli,</strong></span> 
     </span>
    </p>
   </div>
   <div class='ocr_carea' id='block_1_36' title="bbox 402 3426 1988 3497">
    <p class='ocr_par' dir='ltr' id='par_1_36' title="bbox 402 3426 1988 3497">
     <span class='ocr_line' id='line_1_36' title="bbox 402 3426 1988 3497; baseline 0.002 -16"><span class='ocrx_word' id='word_1_257' title='bbox 402 3442 552 3482; x_wconf 89' lang='lat' dir='ltr'><strong>eram</strong></span> <span class='ocrx_word' id='word_1_258' title='bbox 591 3428 643 3481; x_wconf 87' lang='lat' dir='ltr'><strong>itt</strong></span> <span class='ocrx_word' id='word_1_259' title='bbox 673 3427 851 3482; x_wconf 90' lang='lat' dir='ltr'><strong>medio</strong></span> <span class='ocrx_word' id='word_1_260' title='bbox 879 3427 1210 3497; x_wconf 80' lang='lat' dir='ltr'><strong>captivitatis</strong></span> <span class='ocrx_word' id='word_1_261' title='bbox 1248 3445 1262 3481; x_wconf 91' lang='lat'><strong>:</strong></span> <span class='ocrx_word' id='word_1_262' title='bbox 1286 3426 1440 3497; x_wconf 82' lang='lat' dir='ltr'><strong>juxta</strong></span> <span class='ocrx_word' id='word_1_263' title='bbox 1466 3428 1777 3497; x_wconf 79' lang='lat' dir='ltr'><strong>allegoriam</strong></span> <span class='ocrx_word' id='word_1_264' title='bbox 1807 3430 1988 3484; x_wconf 83' lang='lat' dir='ltr'><strong>autem</strong></span> 
     </span>
    </p>
   </div>
   <div class='ocr_carea' id='block_1_37' title="bbox 402 3517 1989 3589">
    <p class='ocr_par' dir='ltr' id='par_1_37' title="bbox 402 3517 1989 3589">
     <span class='ocr_line' id='line_1_37' title="bbox 402 3517 1989 3589; baseline 0.002 -17"><span class='ocrx_word' id='word_1_265' title='bbox 402 3517 676 3583; x_wconf 87' lang='lat' dir='ltr'><strong>Christus,</strong></span> <span class='ocrx_word' id='word_1_266' title='bbox 711 3527 766 3574; x_wconf 91' lang='lat' dir='ltr'><strong>et</strong></span> <span class='ocrx_word' id='word_1_267' title='bbox 797 3534 900 3589; x_wconf 85' lang='lat' dir='ltr'><strong>ego</strong></span> <span class='ocrx_word' id='word_1_268' title='bbox 922 3518 1045 3573; x_wconf 90' lang='lat' dir='ltr'><strong>veni</strong></span> <span class='ocrx_word' id='word_1_269' title='bbox 1076 3518 1131 3572; x_wconf 91' lang='lat' dir='ltr'><strong>in</strong></span> <span class='ocrx_word' id='word_1_270' title='bbox 1163 3519 1342 3573; x_wconf 90' lang='lat' dir='ltr'><strong>locum</strong></span> <span class='ocrx_word' id='word_1_271' title='bbox 1371 3519 1725 3588; x_wconf 80' lang='lat' dir='ltr'><strong>captivitatis.</strong></span> <span class='ocrx_word' id='word_1_272' title='bbox 1759 3521 1885 3575; x_wconf 89' lang='lat' dir='ltr'><strong>veni</strong></span> <span class='ocrx_word' id='word_1_273' title='bbox 1920 3520 1989 3575; x_wconf 88' lang='lat' dir='ltr'><strong>ad</strong></span> 
     </span>
    </p>
   </div>
   <div class='ocr_carea' id='block_1_38' title="bbox 403 3609 1991 3679">
    <p class='ocr_par' dir='ltr' id='par_1_38' title="bbox 403 3609 1991 3679">
     <span class='ocr_line' id='line_1_38' title="bbox 403 3609 1991 3679; baseline 0.003 -16"><span class='ocrx_word' id='word_1_274' title='bbox 403 3624 500 3663; x_wconf 83' lang='lat' dir='ltr'><strong>eos</strong></span> <span class='ocrx_word' id='word_1_275' title='bbox 532 3610 689 3674; x_wconf 85' lang='lat' dir='ltr'><strong>lines,</strong></span> <span class='ocrx_word' id='word_1_276' title='bbox 719 3610 810 3664; x_wconf 89' lang='lat' dir='ltr'><strong>ubi</strong></span> <span class='ocrx_word' id='word_1_277' title='bbox 839 3611 1005 3677; x_wconf 78' lang='lat' dir='ltr'><strong>servi,</strong></span> <span class='ocrx_word' id='word_1_278' title='bbox 1037 3609 1125 3664; x_wconf 80' lang='lat' dir='ltr'><strong>ubi</strong></span> <span class='ocrx_word' id='word_1_279' title='bbox 1150 3609 1350 3679; x_wconf 90' lang='lat' dir='ltr'><strong>captivi</strong></span> <span class='ocrx_word' id='word_1_280' title='bbox 1371 3610 1776 3666; x_wconf 87' lang='lat' dir='ltr'><strong>detinebantur.</strong></span> <span class='ocrx_word' id='word_1_281' title='bbox 1812 3611 1991 3668; x_wconf 83' lang='lat' dir='ltr'><strong>Habes</strong></span> 
     </span>
    </p>
   </div>
   <div class='ocr_carea' id='block_1_39' title="bbox 404 3701 1989 3775">
    <p class='ocr_par' dir='ltr' id='par_1_39' title="bbox 404 3701 1989 3775">
     <span class='ocr_line' id='line_1_39' title="bbox 404 3701 1989 3775; baseline 0.002 -18"><span class='ocrx_word' id='word_1_282' title='bbox 404 3702 714 3758; x_wconf 84' lang='lat' dir='ltr'><strong>istiusmodi</strong></span> <span class='ocrx_word' id='word_1_283' title='bbox 746 3701 1046 3757; x_wconf 82' lang='lat' dir='ltr'><strong>Saivatoris</strong></span> <span class='ocrx_word' id='word_1_284' title='bbox 1074 3704 1246 3757; x_wconf 88' lang='lat' dir='ltr'><strong>nostri</strong></span> <span class='ocrx_word' id='word_1_285' title='bbox 1276 3718 1443 3759; x_wconf 91' lang='lat' dir='ltr'><strong>voces</strong></span> <span class='ocrx_word' id='word_1_286' title='bbox 1477 3703 1531 3759; x_wconf 91' lang='lat' dir='ltr'><strong>in</strong></span> <span class='ocrx_word' id='word_1_287' title='bbox 1563 3705 1862 3775; x_wconf 88' lang='lat' dir='ltr'><strong>prophetis,</strong></span> <span class='ocrx_word' id='word_1_288' title='bbox 1900 3705 1989 3760; x_wconf 87' lang='lat' dir='ltr'><strong>in-</strong></span> 
     </span>
    </p>
   </div>
   <div class='ocr_carea' id='block_1_40' title="bbox 403 3794 1987 3867">
    <p class='ocr_par' dir='ltr' id='par_1_40' title="bbox 403 3794 1987 3867">
     <span class='ocr_line' id='line_1_40' title="bbox 403 3794 1987 3867; baseline 0.002 -19"><span class='ocrx_word' id='word_1_289' title='bbox 403 3796 678 3867; x_wconf 90' lang='lat' dir='ltr'><strong>dignantis</strong></span> <span class='ocrx_word' id='word_1_290' title='bbox 709 3796 836 3867; x_wconf 79' lang='lat' dir='ltr'><strong>quia</strong></span> <span class='ocrx_word' id='word_1_291' title='bbox 872 3811 978 3849; x_wconf 89' lang='lat' dir='ltr'><strong>non</strong></span> <span class='ocrx_word' id='word_1_292' title='bbox 1028 3794 1295 3850; x_wconf 80' lang='lat' dir='ltr'><strong>faciamus</strong></span> <span class='ocrx_word' id='word_1_293' title='bbox 1331 3794 1500 3866; x_wconf 79' lang='lat'><strong>358</strong></span> <span class='ocrx_word' id='word_1_294' title='bbox 1539 3795 1791 3851; x_wconf 89' lang='lat' dir='ltr'><strong>homines</strong></span> <span class='ocrx_word' id='word_1_295' title='bbox 1825 3796 1987 3866; x_wconf 83' lang='lat' dir='ltr'><strong>digna</strong></span> 
     </span>
    </p>
   </div>
   <div class='ocr_carea' id='block_1_41' title="bbox 402 3882 1984 3956">
    <p class='ocr_par' dir='ltr' id='par_1_41' title="bbox 402 3882 1984 3956">
     <span class='ocr_line' id='line_1_41' title="bbox 402 3882 1984 3956; baseline 0 -16"><span class='ocrx_word' id='word_1_296' title='bbox 402 3886 807 3955; x_wconf 79' lang='lat' dir='ltr'><strong>dispensatione</strong></span> <span class='ocrx_word' id='word_1_297' title='bbox 833 3886 975 3954; x_wconf 89' lang='lat' dir='ltr'><strong>ejus,</strong></span> <span class='ocrx_word' id='word_1_298' title='bbox 1004 3893 1059 3940; x_wconf 90' lang='lat' dir='ltr'><strong>et</strong></span> <span class='ocrx_word' id='word_1_299' title='bbox 1080 3882 1317 3940; x_wconf 79' lang='lat' dir='ltr'><strong>maxime</strong></span> <span class='ocrx_word' id='word_1_300' title='bbox 1344 3900 1447 3940; x_wconf 91' lang='lat' dir='ltr'><strong>nos</strong></span> <span class='ocrx_word' id='word_1_301' title='bbox 1472 3886 1566 3956; x_wconf 89' lang='lat' dir='ltr'><strong>qui</strong></span> <span class='ocrx_word' id='word_1_302' title='bbox 1595 3886 1647 3940; x_wconf 91' lang='lat' dir='ltr'><strong>in</strong></span> <span class='ocrx_word' id='word_1_303' title='bbox 1674 3901 1799 3940; x_wconf 91' lang='lat' dir='ltr'><strong>eum</strong></span> <span class='ocrx_word' id='word_1_304' title='bbox 1830 3896 1984 3956; x_wconf 88' lang='lat' dir='ltr'><strong>puta-</strong></span> 
     </span>
    </p>
   </div>
   <div class='ocr_carea' id='block_1_42' title="bbox 404 3975 1989 4048">
    <p class='ocr_par' dir='ltr' id='par_1_42' title="bbox 404 3975 1989 4048">
     <span class='ocr_line' id='line_1_42' title="bbox 404 3975 1989 4048; baseline -0.001 -15"><span class='ocrx_word' id='word_1_305' title='bbox 404 3994 526 4033; x_wconf 85' lang='lat' dir='ltr'><strong>mur</strong></span> <span class='ocrx_word' id='word_1_306' title='bbox 549 3981 791 4033; x_wconf 82' lang='lat' dir='ltr'><strong>credere.</strong></span> <span class='ocrx_word' id='word_1_307' title='bbox 816 3977 959 4032; x_wconf 87' lang='lat' dir='ltr'><strong>Dicit</strong></span> <span class='ocrx_word' id='word_1_308' title='bbox 978 3978 1180 4048; x_wconf 90' lang='lat' dir='ltr'><strong>quippe</strong></span> <span class='ocrx_word' id='word_1_309' title='bbox 1208 3977 1275 4032; x_wconf 90' lang='lat' dir='ltr'><strong>ad</strong></span> <span class='ocrx_word' id='word_1_310' title='bbox 1294 3975 1510 4031; x_wconf 88' lang='lat' dir='ltr'><strong>Patrem</strong></span> <span class='ocrx_word' id='word_1_311' title='bbox 1538 3992 1700 4032; x_wconf 89' lang='lat' dir='ltr'><strong>suum</strong></span> <span class='ocrx_word' id='word_1_312' title='bbox 1730 3978 1778 4009; x_wconf 80' lang='grc'><strong>⁵⁸</strong></span> <span class='ocrx_word' id='word_1_313' title='bbox 1808 3995 1821 4031; x_wconf 90' lang='lat'><strong>:</strong></span> <span class='ocrx_word' id='word_1_314' title='bbox 1855 3976 1989 4042; x_wconf 75' lang='lat' dir='ltr'><strong>Qua:</strong></span> 
     </span>
    </p>
   </div>
   <div class='ocr_carea' id='block_1_43' title="bbox 402 4068 1987 4140">
    <p class='ocr_par' dir='ltr' id='par_1_43' title="bbox 402 4068 1987 4140">
     <span class='ocr_line' id='line_1_43' title="bbox 402 4068 1987 4140; baseline -0.003 -12"><span class='ocrx_word' id='word_1_315' title='bbox 402 4071 611 4128; x_wconf 73' lang='lat' dir='ltr'><strong>utilitas</strong></span> <span class='ocrx_word' id='word_1_316' title='bbox 644 4072 700 4124; x_wconf 88' lang='lat' dir='ltr'><strong>in</strong></span> <span class='ocrx_word' id='word_1_317' title='bbox 729 4071 986 4140; x_wconf 84' lang='lat' dir='ltr'><strong>sanguine</strong></span> <span class='ocrx_word' id='word_1_318' title='bbox 1012 4085 1145 4135; x_wconf 86' lang='lat' dir='ltr'><strong>meo,</strong></span> <span class='ocrx_word' id='word_1_319' title='bbox 1169 4068 1296 4123; x_wconf 88' lang='lat' dir='ltr'><strong>dum</strong></span> <span class='ocrx_word' id='word_1_320' title='bbox 1326 4069 1583 4123; x_wconf 82' lang='lat' dir='ltr'><strong>descendo</strong></span> <span class='ocrx_word' id='word_1_321' title='bbox 1605 4070 1658 4122; x_wconf 89' lang='lat' dir='ltr'><strong>in</strong></span> <span class='ocrx_word' id='word_1_322' title='bbox 1687 4070 1987 4135; x_wconf 85' lang='lat' dir='ltr'><strong>corruptio-</strong></span> 
     </span>
    </p>
   </div>
   <div class='ocr_carea' id='block_1_44' title="bbox 403 4161 1987 4235">
    <p class='ocr_par' dir='ltr' id='par_1_44' title="bbox 403 4161 1987 4235">
     <span class='ocr_line' id='line_1_44' title="bbox 403 4161 1987 4235; baseline -0.001 -17"><span class='ocrx_word' id='word_1_323' title='bbox 403 4167 550 4222; x_wconf 75' lang='lat' dir='ltr'><strong>nem?</strong></span> <span class='ocrx_word' id='word_1_324' title='bbox 583 4163 840 4235; x_wconf 85' lang='lat' dir='ltr'><strong>Nunquid</strong></span> <span class='ocrx_word' id='word_1_325' title='bbox 867 4163 1209 4233; x_wconf 80' lang='lat' dir='ltr'><strong>conﬁtebitur</strong></span> <span class='ocrx_word' id='word_1_326' title='bbox 1242 4161 1338 4218; x_wconf 62' lang='lat' dir='ltr'><strong>tibi</strong></span> <span class='ocrx_word' id='word_1_327' title='bbox 1366 4163 1561 4233; x_wconf 82' lang='lat' dir='ltr'><strong>pulvis,</strong></span> <span class='ocrx_word' id='word_1_328' title='bbox 1585 4173 1679 4216; x_wconf 85' lang='lat' dir='ltr'><strong>aut</strong></span> <span class='ocrx_word' id='word_1_329' title='bbox 1703 4164 1987 4218; x_wconf 84' lang='lat' dir='ltr'><strong>annuntia-</strong></span> 
     </span>
    </p>
   </div>
   <div class='ocr_carea' id='block_1_45' title="bbox 402 4254 1984 4326">
    <p class='ocr_par' dir='ltr' id='par_1_45' title="bbox 402 4254 1984 4326">
     <span class='ocr_line' id='line_1_45' title="bbox 402 4254 1984 4326; baseline -0.001 -15"><span class='ocrx_word' id='word_1_330' title='bbox 402 4257 477 4311; x_wconf 77' lang='lat' dir='ltr'><strong>bit</strong></span> <span class='ocrx_word' id='word_1_331' title='bbox 509 4258 785 4312; x_wconf 81' lang='lat' dir='ltr'><strong>veritatem</strong></span> <span class='ocrx_word' id='word_1_332' title='bbox 809 4255 985 4310; x_wconf 84' lang='lat' dir='ltr'><strong>tuam?</strong></span> <span class='ocrx_word' id='word_1_333' title='bbox 1017 4255 1245 4311; x_wconf 86' lang='lat' dir='ltr'><strong>Invenio</strong></span> <span class='ocrx_word' id='word_1_334' title='bbox 1267 4270 1489 4326; x_wconf 87' lang='lat' dir='ltr'><strong>quoque</strong></span> <span class='ocrx_word' id='word_1_335' title='bbox 1514 4264 1568 4311; x_wconf 88' lang='lat' dir='ltr'><strong>et</strong></span> <span class='ocrx_word' id='word_1_336' title='bbox 1596 4255 1758 4311; x_wconf 88' lang='lat' dir='ltr'><strong>aliam</strong></span> <span class='ocrx_word' id='word_1_337' title='bbox 1797 4254 1984 4310; x_wconf 89' lang='lat' dir='ltr'><strong>istius-</strong></span> 
     </span>
    </p>
   </div>
   <div class='ocr_carea' id='block_1_46' title="bbox 400 4344 1984 4417">
    <p class='ocr_par' dir='ltr' id='par_1_46' title="bbox 400 4344 1984 4417">
     <span class='ocr_line' id='line_1_46' title="bbox 400 4344 1984 4417; baseline -0.001 -16"><span class='ocrx_word' id='word_1_338' title='bbox 400 4345 550 4402; x_wconf 84' lang='lat' dir='ltr'><strong>modi</strong></span> <span class='ocrx_word' id='word_1_339' title='bbox 581 4361 795 4411; x_wconf 86' lang='lat' dir='ltr'><strong>vocem,</strong></span> <span class='ocrx_word' id='word_1_340' title='bbox 818 4361 942 4416; x_wconf 73' lang='lat' dir='ltr'><strong>quae</strong></span> <span class='ocrx_word' id='word_1_341' title='bbox 968 4360 1034 4401; x_wconf 78' lang='lat' dir='ltr'><strong>ex</strong></span> <span class='ocrx_word' id='word_1_342' title='bbox 1060 4344 1361 4401; x_wconf 86' lang='lat' dir='ltr'><strong>Salvatoris</strong></span> <span class='ocrx_word' id='word_1_343' title='bbox 1385 4346 1556 4401; x_wconf 90' lang='lat' dir='ltr'><strong>nostri</strong></span> <span class='ocrx_word' id='word_1_344' title='bbox 1587 4361 1820 4417; x_wconf 89' lang='lat' dir='ltr'><strong>persona</strong></span> <span class='ocrx_word' id='word_1_345' title='bbox 1847 4345 1984 4401; x_wconf 86' lang='lat' dir='ltr'><strong>dici-</strong></span> 
     </span>
    </p>
   </div>
   <div class='ocr_carea' id='block_1_47' title="bbox 401 4438 1981 4510">
    <p class='ocr_par' dir='ltr' id='par_1_47' title="bbox 401 4438 1981 4510">
     <span class='ocr_line' id='line_1_47' title="bbox 401 4438 1981 4510; baseline 0.002 -19"><span class='ocrx_word' id='word_1_346' title='bbox 401 4446 491 4493; x_wconf 89' lang='lat' dir='ltr'><strong>tur</strong></span> <span class='ocrx_word' id='word_1_347' title='bbox 514 4453 613 4508; x_wconf 88' lang='lat' dir='ltr'><strong>per</strong></span> <span class='ocrx_word' id='word_1_348' title='bbox 643 4439 962 4510; x_wconf 89' lang='lat' dir='ltr'><strong>pr0phetam</strong></span> <span class='ocrx_word' id='word_1_349' title='bbox 995 4448 1328 4509; x_wconf 83' lang='lat' dir='ltr'><strong>quaerentem</strong></span> <span class='ocrx_word' id='word_1_350' title='bbox 1360 4438 1576 4495; x_wconf 89' lang='lat' dir='ltr'><strong>animas</strong></span> <span class='ocrx_word' id='word_1_351' title='bbox 1605 4440 1792 4509; x_wconf 89' lang='lat' dir='ltr'><strong>plenas</strong></span> <span class='ocrx_word' id='word_1_352' title='bbox 1815 4439 1981 4510; x_wconf 84' lang='lat' dir='ltr'><strong>justi-</strong></span> 
     </span>
    </p>
   </div>
   <div class='ocr_carea' id='block_1_48' title="bbox 399 4505 2055 4607">
    <p class='ocr_par' dir='ltr' id='par_1_48' title="bbox 399 4505 2055 4607">
     <span class='ocr_line' id='line_1_48' title="bbox 399 4505 2055 4607; baseline 0.001 -26"><span class='ocrx_word' id='word_1_353' title='bbox 399 4528 509 4594; x_wconf 68' lang='lat' dir='ltr'><strong>liae,</strong></span> <span class='ocrx_word' id='word_1_354' title='bbox 535 4528 723 4598; x_wconf 89' lang='lat' dir='ltr'><strong>plenas</strong></span> <span class='ocrx_word' id='word_1_355' title='bbox 750 4543 1013 4584; x_wconf 88' lang='lat' dir='ltr'><strong>sensuum</strong></span> <span class='ocrx_word' id='word_1_356' title='bbox 1050 4529 1385 4596; x_wconf 81' lang='lat' dir='ltr'><strong>divinorum,</strong></span> <span class='ocrx_word' id='word_1_357' title='bbox 1428 4529 1618 4600; x_wconf 89' lang='lat' dir='ltr'><strong>plenas</strong></span> <span class='ocrx_word' id='word_1_358' title='bbox 1660 4537 1976 4607; x_wconf 82' lang='lat' dir='ltr'><strong>sanctorum</strong></span> <span class='ocrx_word' id='word_1_359' title='bbox 2011 4505 2055 4561; x_wconf 73' lang='grc' dir='ltr'><strong>ί)</strong></span> 
     </span>
    </p>
   </div>
   <div class='ocr_carea' id='block_1_49' title="bbox 398 4616 1977 4690">
    <p class='ocr_par' dir='ltr' id='par_1_49' title="bbox 398 4616 1977 4690">
     <span class='ocr_line' id='line_1_49' title="bbox 398 4616 1977 4690; baseline -0.001 -17"><span class='ocrx_word' id='word_1_360' title='bbox 398 4616 699 4685; x_wconf 77' lang='lat' dir='ltr'><strong>fructuum,</strong></span> <span class='ocrx_word' id='word_1_361' title='bbox 726 4629 781 4676; x_wconf 88' lang='lat' dir='ltr'><strong>et</strong></span> <span class='ocrx_word' id='word_1_362' title='bbox 809 4628 1117 4690; x_wconf 67' lang='lat' dir='ltr'><strong>quaerentes</strong></span> <span class='ocrx_word' id='word_1_363' title='bbox 1152 4619 1397 4676; x_wconf 87' lang='lat' dir='ltr'><strong>veritatis</strong></span> <span class='ocrx_word' id='word_1_364' title='bbox 1429 4634 1592 4675; x_wconf 88' lang='lat' dir='ltr'><strong>veros</strong></span> <span class='ocrx_word' id='word_1_365' title='bbox 1629 4620 1839 4686; x_wconf 89' lang='lat' dir='ltr'><strong>botros,</strong></span> <span class='ocrx_word' id='word_1_366' title='bbox 1884 4621 1977 4676; x_wconf 91' lang='lat' dir='ltr'><strong>sed</strong></span> 
     </span>
    </p>
   </div>
   <div class='ocr_carea' id='block_1_50' title="bbox 397 4709 1980 4782">
    <p class='ocr_par' dir='ltr' id='par_1_50' title="bbox 397 4709 1980 4782">
     <span class='ocr_line' id='line_1_50' title="bbox 397 4709 1980 4782; baseline 0.001 -18"><span class='ocrx_word' id='word_1_367' title='bbox 397 4710 760 4768; x_wconf 74' lang='lat' dir='ltr'><strong>itttenientem</strong></span> <span class='ocrx_word' id='word_1_368' title='bbox 787 4712 1053 4782; x_wconf 90' lang='lat' dir='ltr'><strong>plurimos</strong></span> <span class='ocrx_word' id='word_1_369' title='bbox 1085 4721 1399 4781; x_wconf 87' lang='lat' dir='ltr'><strong>peccatores</strong></span> <span class='ocrx_word' id='word_1_370' title='bbox 1422 4720 1479 4766; x_wconf 90' lang='lat' dir='ltr'><strong>et</strong></span> <span class='ocrx_word' id='word_1_371' title='bbox 1499 4709 1769 4767; x_wconf 84' lang='lat' dir='ltr'><strong>inferaces</strong></span> <span class='ocrx_word' id='word_1_372' title='bbox 1807 4713 1980 4766; x_wconf 90' lang='lat' dir='ltr'><strong>bono-</strong></span> 
     </span>
    </p>
   </div>
   <div class='ocr_carea' id='block_1_51' title="bbox 395 4799 1977 4873">
    <p class='ocr_par' dir='ltr' id='par_1_51' title="bbox 395 4799 1977 4873">
     <span class='ocr_line' id='line_1_51' title="bbox 395 4799 1977 4873; baseline 0.001 -18"><span class='ocrx_word' id='word_1_373' title='bbox 395 4816 541 4864; x_wconf 91' lang='lat' dir='ltr'><strong>rum,</strong></span> <span class='ocrx_word' id='word_1_374' title='bbox 566 4810 621 4856; x_wconf 87' lang='lat' dir='ltr'><strong>et</strong></span> <span class='ocrx_word' id='word_1_375' title='bbox 643 4802 848 4857; x_wconf 86' lang='lat' dir='ltr'><strong>ideirco</strong></span> <span class='ocrx_word' id='word_1_376' title='bbox 873 4801 1142 4856; x_wconf 84' lang='lat' dir='ltr'><strong>dicentem</strong></span> <span class='ocrx_word' id='word_1_377' title='bbox 1169 4801 1215 4833; x_wconf 83' lang='grc'><strong>⁵⁷</strong></span> <span class='ocrx_word' id='word_1_378' title='bbox 1254 4820 1267 4855; x_wconf 87' lang='lat'>:</span> <span class='ocrx_word' id='word_1_379' title='bbox 1302 4799 1420 4855; x_wconf 83' lang='lat' dir='ltr'><strong>Heu</strong></span> <span class='ocrx_word' id='word_1_380' title='bbox 1463 4802 1591 4855; x_wconf 83' lang='lat' dir='ltr'><strong>mihi</strong></span> <span class='ocrx_word' id='word_1_381' title='bbox 1624 4803 1751 4873; x_wconf 86' lang='lat' dir='ltr'><strong>quia</strong></span> <span class='ocrx_word' id='word_1_382' title='bbox 1801 4803 1977 4872; x_wconf 78' lang='lat' dir='ltr'><strong>factus</strong></span> 
     </span>
    </p>
   </div>
   <div class='ocr_carea' id='block_1_52' title="bbox 394 4887 1980 4960">
    <p class='ocr_par' dir='ltr' id='par_1_52' title="bbox 394 4887 1980 4960">
     <span class='ocr_line' id='line_1_52' title="bbox 394 4887 1980 4960; baseline 0.004 -21"><span class='ocrx_word' id='word_1_383' title='bbox 394 4902 512 4940; x_wconf 83' lang='lat' dir='ltr'><strong>sum</strong></span> <span class='ocrx_word' id='word_1_384' title='bbox 533 4888 669 4941; x_wconf 87' lang='lat' dir='ltr'><strong>sicut</strong></span> <span class='ocrx_word' id='word_1_385' title='bbox 698 4889 789 4958; x_wconf 88' lang='lat' dir='ltr'><strong>qui</strong></span> <span class='ocrx_word' id='word_1_386' title='bbox 814 4887 1018 4960; x_wconf 76' lang='lat' dir='ltr'><strong>colligit</strong></span> <span class='ocrx_word' id='word_1_387' title='bbox 1053 4888 1308 4958; x_wconf 82' lang='lat' dir='ltr'><strong>stipulam</strong></span> <span class='ocrx_word' id='word_1_388' title='bbox 1330 4890 1386 4943; x_wconf 90' lang='lat' dir='ltr'><strong>itt</strong></span> <span class='ocrx_word' id='word_1_389' title='bbox 1423 4906 1607 4952; x_wconf 81' lang='lat' dir='ltr'><strong>inesse,</strong></span> <span class='ocrx_word' id='word_1_390' title='bbox 1639 4900 1690 4947; x_wconf 87' lang='lat' dir='ltr'><strong>et</strong></span> <span class='ocrx_word' id='word_1_391' title='bbox 1712 4891 1850 4946; x_wconf 74' lang='lat' dir='ltr'><strong>sicut</strong></span> <span class='ocrx_word' id='word_1_392' title='bbox 1888 4908 1980 4946; x_wconf 89' lang='lat' dir='ltr'><strong>ra-</strong></span> 
     </span>
    </p>
   </div>
   <div class='ocr_carea' id='block_1_53' title="bbox 395 4980 1976 5052">
    <p class='ocr_par' dir='ltr' id='par_1_53' title="bbox 395 4980 1976 5052">
     <span class='ocr_line' id='line_1_53' title="bbox 395 4980 1976 5052; baseline 0.004 -20"><span class='ocrx_word' id='word_1_393' title='bbox 395 4994 565 5034; x_wconf 86' lang='lat' dir='ltr'><strong>cemos</strong></span> <span class='ocrx_word' id='word_1_394' title='bbox 593 4980 648 5033; x_wconf 88' lang='lat' dir='ltr'><strong>itt</strong></span> <span class='ocrx_word' id='word_1_395' title='bbox 676 4981 961 5047; x_wconf 80' lang='lat' dir='ltr'><strong>vindemia,</strong></span> <span class='ocrx_word' id='word_1_396' title='bbox 985 4980 1055 5035; x_wconf 87' lang='lat' dir='ltr'><strong>ad</strong></span> <span class='ocrx_word' id='word_1_397' title='bbox 1078 4998 1237 5052; x_wconf 88' lang='lat' dir='ltr'><strong>quam</strong></span> <span class='ocrx_word' id='word_1_398' title='bbox 1264 4999 1369 5036; x_wconf 88' lang='lat' dir='ltr'><strong>tton</strong></span> <span class='ocrx_word' id='word_1_399' title='bbox 1409 4985 1639 5049; x_wconf 87' lang='lat' dir='ltr'><strong>supersit</strong></span> <span class='ocrx_word' id='word_1_400' title='bbox 1679 4987 1861 5039; x_wconf 86' lang='lat' dir='ltr'><strong>botrus</strong></span> <span class='ocrx_word' id='word_1_401' title='bbox 1906 4987 1976 5039; x_wconf 88' lang='lat' dir='ltr'><strong>ad</strong></span> 
     </span>
    </p>
   </div>
   <div class='ocr_carea' id='block_1_54' title="bbox 393 5071 1979 5142">
    <p class='ocr_par' dir='ltr' id='par_1_54' title="bbox 393 5071 1979 5142">
     <span class='ocr_line' id='line_1_54' title="bbox 393 5071 1979 5142; baseline 0.005 -18"><span class='ocrx_word' id='word_1_402' title='bbox 393 5072 826 5126; x_wconf 85' lang='lat' dir='ltr'><strong>manducandum</strong></span> <span class='ocrx_word' id='word_1_403' title='bbox 846 5074 1137 5142; x_wconf 83' lang='lat' dir='ltr'><strong>primitiva.</strong></span> <span class='ocrx_word' id='word_1_404' title='bbox 1166 5071 1277 5128; x_wconf 86' lang='lat' dir='ltr'><strong>Heu</strong></span> <span class='ocrx_word' id='word_1_405' title='bbox 1306 5075 1460 5128; x_wconf 91' lang='lat' dir='ltr'><strong>mihi.</strong></span> <span class='ocrx_word' id='word_1_406' title='bbox 1485 5076 1639 5142; x_wconf 80' lang='lat' dir='ltr'><strong>Quod</strong></span> <span class='ocrx_word' id='word_1_407' title='bbox 1663 5078 1979 5132; x_wconf 77' lang='lat' dir='ltr'><strong>dicitur/ten</strong></span> 
     </span>
    </p>
   </div>
   <div class='ocr_carea' id='block_1_55' title="bbox 394 5164 1981 5237">
    <p class='ocr_par' dir='ltr' id='par_1_55' title="bbox 394 5164 1981 5237">
     <span class='ocr_line' id='line_1_55' title="bbox 394 5164 1981 5237; baseline 0.005 -20"><span class='ocrx_word' id='word_1_408' title='bbox 394 5164 546 5231; x_wconf 84' lang='lat' dir='ltr'><strong>mihi,</strong></span> <span class='ocrx_word' id='word_1_409' title='bbox 588 5180 697 5220; x_wconf 90' lang='lat' dir='ltr'><strong>non</strong></span> <span class='ocrx_word' id='word_1_410' title='bbox 734 5176 819 5221; x_wconf 87' lang='lat' dir='ltr'><strong>est</strong></span> <span class='ocrx_word' id='word_1_411' title='bbox 847 5164 1194 5237; x_wconf 87' lang='lat' dir='ltr'><strong>primogeniti</strong></span> <span class='ocrx_word' id='word_1_412' title='bbox 1224 5166 1392 5221; x_wconf 88' lang='lat' dir='ltr'><strong>totius</strong></span> <span class='ocrx_word' id='word_1_413' title='bbox 1423 5178 1706 5230; x_wconf 64' lang='lat' dir='ltr'><strong>creaturae,</strong></span> <span class='ocrx_word' id='word_1_414' title='bbox 1738 5186 1847 5223; x_wconf 89' lang='lat' dir='ltr'><strong>non</strong></span> <span class='ocrx_word' id='word_1_415' title='bbox 1895 5178 1981 5225; x_wconf 87' lang='lat' dir='ltr'><strong>est</strong></span> 
     </span>
    </p>
   </div>
   <div class='ocr_carea' id='block_1_56' title="bbox 394 5242 1973 5332">
    <p class='ocr_par' dir='ltr' id='par_1_56' title="bbox 394 5242 1973 5332">
     <span class='ocr_line' id='line_1_56' title="bbox 394 5242 1973 5332; baseline 0.006 -23"><span class='ocrx_word' id='word_1_416' title='bbox 394 5242 698 5313; x_wconf 74' lang='lat' dir='ltr'><strong>divinitatis</strong></span> <span class='ocrx_word' id='word_1_417' title='bbox 721 5244 848 5324; x_wconf 77' lang='lat' dir='ltr'><strong>vox,</strong></span> <span class='ocrx_word' id='word_1_418' title='bbox 880 5258 973 5313; x_wconf 88' lang='lat' dir='ltr'><strong>sed</strong></span> <span class='ocrx_word' id='word_1_419' title='bbox 1003 5259 1256 5313; x_wconf 83' lang='lat' dir='ltr'><strong>humanae</strong></span> <span class='ocrx_word' id='word_1_420' title='bbox 1281 5258 1480 5313; x_wconf 65' lang='lat' dir='ltr'><strong>animm</strong></span> <span class='ocrx_word' id='word_1_421' title='bbox 1499 5276 1661 5329; x_wconf 89' lang='lat' dir='ltr'><strong>quam</strong></span> <span class='ocrx_word' id='word_1_422' title='bbox 1699 5263 1936 5332; x_wconf 84' lang='lat' dir='ltr'><strong>suscepit</strong></span> <span class='ocrx_word' id='word_1_423' title='bbox 1960 5282 1973 5317; x_wconf 92' lang='lat'>:</span> 
     </span>
    </p>
   </div>
   <div class='ocr_carea' id='block_1_57' title="bbox 392 5348 1977 5422">
    <p class='ocr_par' dir='ltr' id='par_1_57' title="bbox 392 5348 1977 5422">
     <span class='ocr_line' id='line_1_57' title="bbox 392 5348 1977 5422; baseline 0.002 -17"><span class='ocrx_word' id='word_1_424' title='bbox 392 5350 539 5405; x_wconf 89' lang='lat' dir='ltr'><strong>unde</strong></span> <span class='ocrx_word' id='word_1_425' title='bbox 562 5348 727 5405; x_wconf 75' lang='lat' dir='ltr'><strong>infert</strong></span> <span class='ocrx_word' id='word_1_426' title='bbox 755 5350 800 5384; x_wconf 81' lang='grc'><strong>⁵⁸</strong></span> <span class='ocrx_word' id='word_1_427' title='bbox 830 5369 843 5405; x_wconf 90' lang='lat'><strong>:</strong></span> <span class='ocrx_word' id='word_1_428' title='bbox 893 5349 1012 5406; x_wconf 87' lang='lat' dir='ltr'><strong>Heu</strong></span> <span class='ocrx_word' id='word_1_429' title='bbox 1046 5350 1214 5413; x_wconf 80' lang='lat' dir='ltr'><strong>mihi,</strong></span> <span class='ocrx_word' id='word_1_430' title='bbox 1255 5351 1437 5403; x_wconf 88' lang='lat' dir='ltr'><strong>anima</strong></span> <span class='ocrx_word' id='word_1_431' title='bbox 1482 5367 1616 5416; x_wconf 87' lang='lat' dir='ltr'><strong>mea,</strong></span> <span class='ocrx_word' id='word_1_432' title='bbox 1652 5353 1797 5422; x_wconf 68' lang='lat' dir='ltr'><strong>quia~</strong></span> <span class='ocrx_word' id='word_1_433' title='bbox 1821 5355 1977 5422; x_wconf 88' lang='lat' dir='ltr'><strong>periit</strong></span> 
     </span>
    </p>
   </div>
   <div class='ocr_carea' id='block_1_58' title="bbox 392 5443 1976 5514">
    <p class='ocr_par' dir='ltr' id='par_1_58' title="bbox 392 5443 1976 5514">
     <span class='ocr_line' id='line_1_58' title="bbox 392 5443 1976 5514; baseline 0.003 -19"><span class='ocrx_word' id='word_1_434' title='bbox 392 5451 655 5498; x_wconf 74' lang='lat' dir='ltr'><strong>revertens</strong></span> <span class='ocrx_word' id='word_1_435' title='bbox 678 5460 711 5497; x_wconf 91' lang='lat' dir='ltr'><strong>a</strong></span> <span class='ocrx_word' id='word_1_436' title='bbox 751 5452 915 5507; x_wconf 87' lang='lat' dir='ltr'><strong>terra,</strong></span> <span class='ocrx_word' id='word_1_437' title='bbox 949 5453 997 5497; x_wconf 89' lang='lat' dir='ltr'><strong>et</strong></span> <span class='ocrx_word' id='word_1_438' title='bbox 1028 5443 1119 5514; x_wconf 89' lang='lat' dir='ltr'><strong>qui</strong></span> <span class='ocrx_word' id='word_1_439' title='bbox 1160 5443 1392 5512; x_wconf 83' lang='lat' dir='ltr'><strong>corrigat</strong></span> <span class='ocrx_word' id='word_1_440' title='bbox 1426 5443 1565 5497; x_wconf 87' lang='lat' dir='ltr'><strong>inter</strong></span> <span class='ocrx_word' id='word_1_441' title='bbox 1603 5443 1834 5499; x_wconf 79' lang='lat' dir='ltr'><strong>homines</strong></span> <span class='ocrx_word' id='word_1_442' title='bbox 1871 5463 1976 5500; x_wconf 86' lang='lat' dir='ltr'><strong>non</strong></span> 
     </span>
    </p>
   </div>
   <div class='ocr_carea' id='block_1_59' title="bbox 393 5531 1980 5604">
    <p class='ocr_par' dir='ltr' id='par_1_59' title="bbox 393 5531 1980 5604">
     <span class='ocr_line' id='line_1_59' title="bbox 393 5531 1980 5604; baseline 0.004 -20"><span class='ocrx_word' id='word_1_443' title='bbox 393 5540 493 5587; x_wconf 78' lang='lat' dir='ltr'><strong>est.</strong></span> <span class='ocrx_word' id='word_1_444' title='bbox 532 5531 726 5588; x_wconf 85' lang='lat' dir='ltr'><strong>Omnes</strong></span> <span class='ocrx_word' id='word_1_445' title='bbox 753 5534 806 5587; x_wconf 87' lang='lat' dir='ltr'><strong>in</strong></span> <span class='ocrx_word' id='word_1_446' title='bbox 829 5532 1085 5603; x_wconf 85' lang='lat' dir='ltr'><strong>sanguine</strong></span> <span class='ocrx_word' id='word_1_447' title='bbox 1106 5532 1446 5601; x_wconf 87' lang='lat' dir='ltr'><strong>judicantur,</strong></span> <span class='ocrx_word' id='word_1_448' title='bbox 1474 5533 1828 5603; x_wconf 83' lang='lat' dir='ltr'><strong>unusquisque</strong></span> <span class='ocrx_word' id='word_1_449' title='bbox 1854 5551 1980 5604; x_wconf 83' lang='lat' dir='ltr'><strong>pro-</strong></span> 
     </span>
    </p>
   </div>
   <div class='ocr_carea' id='block_1_60' title="bbox 461 5739 968 5807">
    <p class='ocr_par' dir='ltr' id='par_1_60' title="bbox 461 5739 968 5807">
     <span class='ocr_line' id='line_1_60' title="bbox 461 5739 968 5807; baseline 0.006 -15"><span class='ocrx_word' id='word_1_450' title='bbox 461 5740 509 5773; x_wconf 76' lang='lat'><strong>“</strong></span> <span class='ocrx_word' id='word_1_451' title='bbox 537 5739 719 5796; x_wconf 82' lang='lat' dir='ltr'><strong>Ecclc.</strong></span> <span class='ocrx_word' id='word_1_452' title='bbox 754 5756 853 5807; x_wconf 74' lang='lat' dir='ltr'><strong>stt,</strong></span> <span class='ocrx_word' id='word_1_453' title='bbox 879 5742 968 5797; x_wconf 79' lang='lat' dir='ltr'><strong>il.</strong></span> 
     </span>
    </p>
   </div>
   <div class='ocr_carea' id='block_1_61' title="bbox 399 5809 865 5880">
    <p class='ocr_par' dir='ltr' id='par_1_61' title="bbox 399 5809 865 5880">
     <span class='ocr_line' id='line_1_61' title="bbox 399 5809 865 5880; baseline 0.006 -16"><span class='ocrx_word' id='word_1_454' title='bbox 399 5810 445 5844; x_wconf 75' lang='lat'><strong>”</strong></span> <span class='ocrx_word' id='word_1_455' title='bbox 468 5809 572 5868; x_wconf 88' lang='lat' dir='ltr'><strong>lsa.</strong></span> <span class='ocrx_word' id='word_1_456' title='bbox 621 5825 767 5880; x_wconf 64' lang='grc' dir='ltr'><strong>κων,</strong></span> <span class='ocrx_word' id='word_1_457' title='bbox 810 5811 865 5867; x_wconf 76' lang='grc'><strong>4.</strong></span> 
     </span>
    </p>
   </div>
   <div class='ocr_carea' id='block_1_62' title="bbox 1043 5738 2651 5807">
    <p class='ocr_par' dir='ltr' id='par_1_62' title="bbox 1043 5738 2651 5807">
     <span class='ocr_line' id='line_1_62' title="bbox 1043 5738 2651 5807; baseline 0.001 -12"><span class='ocrx_word' id='word_1_458' title='bbox 1043 5741 1092 5774; x_wconf 83' lang='grc'><strong>⁸⁸</strong></span> <span class='ocrx_word' id='word_1_459' title='bbox 1119 5739 1291 5796; x_wconf 81' lang='lat' dir='ltr'><strong>Exod.</strong></span> <span class='ocrx_word' id='word_1_460' title='bbox 1330 5756 1429 5797; x_wconf 68' lang='lat' dir='ltr'><strong>stt.</strong></span> <span class='ocrx_word' id='word_1_461' title='bbox 1465 5738 1521 5795; x_wconf 75' lang='lat'><strong>2.</strong></span> <span class='ocrx_word' id='word_1_462' title='bbox 1601 5739 1649 5771; x_wconf 79' lang='lat'><strong>“</strong></span> <span class='ocrx_word' id='word_1_463' title='bbox 1673 5738 1819 5796; x_wconf 82' lang='lat' dir='ltr'><strong>Psal.</strong></span> <span class='ocrx_word' id='word_1_464' title='bbox 1857 5743 2124 5807; x_wconf 76' lang='lat' dir='ltr'><strong>xxtx,&#39;i0.</strong></span> <span class='ocrx_word' id='word_1_465' title='bbox 2197 5742 2242 5775; x_wconf 84' lang='lat'><strong>&quot;’</strong></span> <span class='ocrx_word' id='word_1_466' title='bbox 2275 5740 2438 5797; x_wconf 89' lang='lat' dir='ltr'><strong>Micb.</strong></span> <span class='ocrx_word' id='word_1_467' title='bbox 2475 5755 2573 5807; x_wconf 84' lang='lat' dir='ltr'><strong>vn,</strong></span> <span class='ocrx_word' id='word_1_468' title='bbox 2600 5742 2651 5797; x_wconf 82' lang='lat' dir='ltr'><strong>i.</strong></span> 
     </span>
    </p>
   </div>
   <div class='ocr_carea' id='block_1_63' title="bbox 976 5808 2213 5882">
    <p class='ocr_par' dir='ltr' id='par_1_63' title="bbox 976 5808 2213 5882">
     <span class='ocr_line' id='line_1_63' title="bbox 976 5808 2213 5882; baseline 0.002 -17"><span class='ocrx_word' id='word_1_469' title='bbox 976 5811 1018 5844; x_wconf 82' lang='lat'>“</span> <span class='ocrx_word' id='word_1_470' title='bbox 1051 5810 1250 5882; x_wconf 83' lang='lat' dir='ltr'><strong>Ephes.</strong></span> <span class='ocrx_word' id='word_1_471' title='bbox 1278 5827 1351 5876; x_wconf 83' lang='lat' dir='ltr'><strong>tv,</strong></span> <span class='ocrx_word' id='word_1_472' title='bbox 1386 5810 1439 5866; x_wconf 88' lang='lat'><strong>8.</strong></span> <span class='ocrx_word' id='word_1_473' title='bbox 1519 5811 1563 5843; x_wconf 74' lang='lat'><strong>&quot;</strong></span> <span class='ocrx_word' id='word_1_474' title='bbox 1595 5808 1785 5867; x_wconf 81' lang='lat' dir='ltr'><strong>Matth.</strong></span> <span class='ocrx_word' id='word_1_475' title='bbox 1822 5828 1976 5879; x_wconf 79' lang='lat' dir='ltr'><strong>xvttt,</strong></span> <span class='ocrx_word' id='word_1_476' title='bbox 2016 5812 2102 5867; x_wconf 78' lang='grc'><strong>10.</strong></span> <span class='ocrx_word' id='word_1_477' title='bbox 2207 5809 2213 5814; x_wconf 81' lang='grc'><em>’</em></span> 
     </span>
    </p>
   </div>
   <div class='ocr_carea' id='block_1_64' title="bbox 2108 592 3703 671">
    <p class='ocr_par' dir='ltr' id='par_1_64' title="bbox 2108 592 3703 671">
     <span class='ocr_line' id='line_1_64' title="bbox 2108 592 3703 671; baseline 0.009 -27"><span class='ocrx_word' id='word_1_478' title='bbox 2108 592 2237 660; x_wconf 82' lang='lat' dir='ltr'><strong>quia</strong></span> <span class='ocrx_word' id='word_1_479' title='bbox 2265 592 2338 646; x_wconf 90' lang='lat' dir='ltr'><strong>ait</strong></span> <span class='ocrx_word' id='word_1_480' title='bbox 2374 593 2662 662; x_wconf 83' lang='lat' dir='ltr'><strong>prophetes</strong></span> <span class='ocrx_word' id='word_1_481' title='bbox 2684 598 2709 650; x_wconf 87' lang='lat'><strong>’:</strong></span> <span class='ocrx_word' id='word_1_482' title='bbox 2750 594 2818 648; x_wconf 85' lang='lat' dir='ltr'><strong>Et</strong></span> <span class='ocrx_word' id='word_1_483' title='bbox 2842 611 2935 665; x_wconf 88' lang='lat' dir='ltr'><strong>ego</strong></span> <span class='ocrx_word' id='word_1_484' title='bbox 2960 612 3106 649; x_wconf 88' lang='lat' dir='ltr'><strong>eram</strong></span> <span class='ocrx_word' id='word_1_485' title='bbox 3134 597 3189 650; x_wconf 82' lang='lat' dir='ltr'><strong>in</strong></span> <span class='ocrx_word' id='word_1_486' title='bbox 3217 601 3387 654; x_wconf 85' lang='lat' dir='ltr'><strong>medio</strong></span> <span class='ocrx_word' id='word_1_487' title='bbox 3412 604 3703 671; x_wconf 77' lang='lat' dir='ltr'><strong>captivita-</strong></span> 
     </span>
    </p>
   </div>
   <div class='ocr_carea' id='block_1_65' title="bbox 2111 682 3703 763">
    <p class='ocr_par' dir='ltr' id='par_1_65' title="bbox 2111 682 3703 763">
     <span class='ocr_line' id='line_1_65' title="bbox 2111 682 3703 763; baseline 0.008 -29"><span class='ocrx_word' id='word_1_488' title='bbox 2111 684 2177 735; x_wconf 87' lang='lat' dir='ltr'><strong>tis</strong></span> <span class='ocrx_word' id='word_1_489' title='bbox 2192 682 2355 751; x_wconf 74' lang='lat' dir='ltr'><strong>juazta</strong></span> <span class='ocrx_word' id='word_1_490' title='bbox 2376 685 2573 753; x_wconf 84' lang='lat' dir='ltr'><strong>ﬂumen</strong></span> <span class='ocrx_word' id='word_1_491' title='bbox 2603 685 2834 751; x_wconf 83' lang='lat' dir='ltr'><strong>Chobar,</strong></span> <span class='ocrx_word' id='word_1_492' title='bbox 2867 687 3014 757; x_wconf 89' lang='lat' dir='ltr'><strong>quod</strong></span> <span class='ocrx_word' id='word_1_493' title='bbox 3051 686 3435 757; x_wconf 78' lang='lat' dir='ltr'><strong>interpretatur</strong></span> <span class='ocrx_word' id='word_1_494' title='bbox 3459 697 3703 763; x_wconf 84' lang='lat' dir='ltr'><strong>gravitu-</strong></span> 
     </span>
    </p>
   </div>
   <div class='ocr_carea' id='block_1_66' title="bbox 2108 772 3703 846">
    <p class='ocr_par' dir='ltr' id='par_1_66' title="bbox 2108 772 3703 846">
     <span class='ocr_line' id='line_1_66' title="bbox 2108 772 3703 846; baseline 0.008 -21"><span class='ocrx_word' id='word_1_495' title='bbox 2108 773 2196 827; x_wconf 87' lang='lat' dir='ltr'><strong>do.</strong></span> <span class='ocrx_word' id='word_1_496' title='bbox 2230 772 2424 830; x_wconf 85' lang='lat' dir='ltr'><strong>Gravis</strong></span> <span class='ocrx_word' id='word_1_497' title='bbox 2455 784 2639 830; x_wconf 85' lang='lat' dir='ltr'><strong>autctn</strong></span> <span class='ocrx_word' id='word_1_498' title='bbox 2667 787 2751 831; x_wconf 89' lang='lat' dir='ltr'><strong>est</strong></span> <span class='ocrx_word' id='word_1_499' title='bbox 2782 777 2946 846; x_wconf 89' lang='lat' dir='ltr'><strong>hujus</strong></span> <span class='ocrx_word' id='word_1_500' title='bbox 2976 778 3161 832; x_wconf 68' lang='lat' dir='ltr'><strong>saeculi</strong></span> <span class='ocrx_word' id='word_1_501' title='bbox 3191 777 3415 846; x_wconf 79' lang='lat' dir='ltr'><strong>ﬂuvius,</strong></span> <span class='ocrx_word' id='word_1_502' title='bbox 3464 783 3612 836; x_wconf 88' lang='lat' dir='ltr'><strong>sicut</strong></span> <span class='ocrx_word' id='word_1_503' title='bbox 3646 790 3703 839; x_wconf 86' lang='lat' dir='ltr'><strong>et</strong></span> 
     </span>
    </p>
   </div>
   <div class='ocr_carea' id='block_1_67' title="bbox 2109 865 3703 943">
    <p class='ocr_par' dir='ltr' id='par_1_67' title="bbox 2109 865 3703 943">
     <span class='ocr_line' id='line_1_67' title="bbox 2109 865 3703 943; baseline 0.006 -24"><span class='ocrx_word' id='word_1_504' title='bbox 2109 865 2237 919; x_wconf 83' lang='lat' dir='ltr'><strong>alibi</strong></span> <span class='ocrx_word' id='word_1_505' title='bbox 2271 877 2485 922; x_wconf 87' lang='lat' dir='ltr'><strong>sacrate</strong></span> <span class='ocrx_word' id='word_1_506' title='bbox 2503 868 2724 924; x_wconf 84' lang='lat' dir='ltr'><strong>dicitur.</strong></span> <span class='ocrx_word' id='word_1_507' title='bbox 2760 868 2825 923; x_wconf 86' lang='lat' dir='ltr'><strong>Et</strong></span> <span class='ocrx_word' id='word_1_508' title='bbox 2843 871 3002 939; x_wconf 79' lang='lat' dir='ltr'><strong>juxta</strong></span> <span class='ocrx_word' id='word_1_509' title='bbox 3036 870 3312 939; x_wconf 90' lang='lat' dir='ltr'><strong>simplices</strong></span> <span class='ocrx_word' id='word_1_510' title='bbox 3340 887 3561 943; x_wconf 88' lang='lat' dir='ltr'><strong>quoque</strong></span> <span class='ocrx_word' id='word_1_511' title='bbox 3619 875 3703 929; x_wconf 84' lang='lat' dir='ltr'><strong>bi-</strong></span> 
     </span>
    </p>
   </div>
   <div class='ocr_carea' id='block_1_68' title="bbox 2108 955 3703 1032">
    <p class='ocr_par' dir='ltr' id='par_1_68' title="bbox 2108 955 3703 1032">
     <span class='ocr_line' id='line_1_68' title="bbox 2108 955 3703 1032; baseline 0.008 -24"><span class='ocrx_word' id='word_1_512' title='bbox 2108 955 2333 1010; x_wconf 89' lang='lat' dir='ltr'><strong>storiam</strong></span> <span class='ocrx_word' id='word_1_513' title='bbox 2391 958 2845 1030; x_wconf 78' lang='lat' dir='ltr'><strong>explicatzjuxta</strong></span> <span class='ocrx_word' id='word_1_514' title='bbox 2896 976 2993 1017; x_wconf 92' lang='lat' dir='ltr'><strong>eos</strong></span> <span class='ocrx_word' id='word_1_515' title='bbox 3065 976 3197 1015; x_wconf 87' lang='lat' dir='ltr'><strong>vero</strong></span> <span class='ocrx_word' id='word_1_516' title='bbox 3240 963 3334 1032; x_wconf 91' lang='lat' dir='ltr'><strong>qui</strong></span> <span class='ocrx_word' id='word_1_517' title='bbox 3386 965 3703 1032; x_wconf 70' lang='lat' dir='ltr'><strong>spiritaliter</strong></span> 
     </span>
    </p>
   </div>
   <div class='ocr_carea' id='block_1_69' title="bbox 2111 1045 3704 1124">
    <p class='ocr_par' dir='ltr' id='par_1_69' title="bbox 2111 1045 3704 1124">
     <span class='ocr_line' id='line_1_69' title="bbox 2111 1045 3704 1124; baseline 0.007 -23"><span class='ocrx_word' id='word_1_518' title='bbox 2111 1045 2425 1117; x_wconf 89' lang='lat' dir='ltr'><strong>Scripturas</strong></span> <span class='ocrx_word' id='word_1_519' title='bbox 2448 1051 2700 1113; x_wconf 87' lang='lat' dir='ltr'><strong>audiunt,</strong></span> <span class='ocrx_word' id='word_1_520' title='bbox 2727 1053 2794 1107; x_wconf 91' lang='lat' dir='ltr'><strong>de</strong></span> <span class='ocrx_word' id='word_1_521' title='bbox 2814 1052 2996 1107; x_wconf 85' lang='lat' dir='ltr'><strong>anima</strong></span> <span class='ocrx_word' id='word_1_522' title='bbox 3028 1052 3321 1123; x_wconf 81' lang='lat' dir='ltr'><strong>signiﬁcat,</strong></span> <span class='ocrx_word' id='word_1_523' title='bbox 3351 1069 3472 1124; x_wconf 81' lang='lat' dir='ltr'><strong>qua:</strong></span> <span class='ocrx_word' id='word_1_524' title='bbox 3500 1056 3553 1109; x_wconf 92' lang='lat' dir='ltr'><strong>in</strong></span> <span class='ocrx_word' id='word_1_525' title='bbox 3579 1058 3704 1113; x_wconf 57' lang='lat' dir='ltr'><strong>vitae</strong></span> 
     </span>
    </p>
   </div>
   <div class='ocr_carea' id='block_1_70' title="bbox 2111 1139 3701 1216">
    <p class='ocr_par' dir='ltr' id='par_1_70' title="bbox 2111 1139 3701 1216">
     <span class='ocr_line' id='line_1_70' title="bbox 2111 1139 3701 1216; baseline 0.006 -23"><span class='ocrx_word' id='word_1_526' title='bbox 2111 1139 2271 1195; x_wconf 88' lang='lat' dir='ltr'><strong>istius</strong></span> <span class='ocrx_word' id='word_1_527' title='bbox 2306 1143 2558 1197; x_wconf 89' lang='lat' dir='ltr'><strong>inciderit</strong></span> <span class='ocrx_word' id='word_1_528' title='bbox 2603 1145 2872 1199; x_wconf 86' lang='lat' dir='ltr'><strong>turbines.</strong></span> <span class='ocrx_word' id='word_1_529' title='bbox 2921 1143 3093 1215; x_wconf 85' lang='lat' dir='ltr'><strong>Super</strong></span> <span class='ocrx_word' id='word_1_530' title='bbox 3129 1146 3358 1214; x_wconf 82' lang='lat' dir='ltr'><strong>ﬂumina</strong></span> <span class='ocrx_word' id='word_1_531' title='bbox 3408 1145 3701 1216; x_wconf 78' lang='lat' dir='ltr'><strong>Babylonis</strong></span> 
     </span>
    </p>
   </div>
   <div class='ocr_carea' id='block_1_71' title="bbox 2109 1230 3701 1302">
    <p class='ocr_par' dir='ltr' id='par_1_71' title="bbox 2109 1230 3701 1302">
     <span class='ocr_line' id='line_1_71' title="bbox 2109 1230 3701 1302; baseline 0.005 -19"><span class='ocrx_word' id='word_1_532' title='bbox 2109 1230 2183 1283; x_wconf 89' lang='lat' dir='ltr'><strong>ibi</strong></span> <span class='ocrx_word' id='word_1_533' title='bbox 2209 1232 2439 1286; x_wconf 84' lang='lat' dir='ltr'><strong>sedimus</strong></span> <span class='ocrx_word' id='word_1_534' title='bbox 2477 1245 2528 1286; x_wconf 88' lang='lat' dir='ltr'><strong>et</strong></span> <span class='ocrx_word' id='word_1_535' title='bbox 2570 1235 2811 1302; x_wconf 76' lang='lat' dir='ltr'><strong>ﬂeuimus</strong></span> <span class='ocrx_word' id='word_1_536' title='bbox 2847 1234 2974 1288; x_wconf 85' lang='lat' dir='ltr'><strong>dum</strong></span> <span class='ocrx_word' id='word_1_537' title='bbox 3018 1237 3418 1288; x_wconf 86' lang='lat' dir='ltr'><strong>recordaremur</strong></span> <span class='ocrx_word' id='word_1_538' title='bbox 3464 1234 3615 1299; x_wconf 85' lang='lat' dir='ltr'><strong>Sion,</strong></span> <span class='ocrx_word' id='word_1_539' title='bbox 3644 1237 3701 1291; x_wconf 87' lang='lat' dir='ltr'><strong>in</strong></span> 
     </span>
    </p>
   </div>
   <div class='ocr_carea' id='block_1_72' title="bbox 2108 1319 3700 1396">
    <p class='ocr_par' dir='ltr' id='par_1_72' title="bbox 2108 1319 3700 1396">
     <span class='ocr_line' id='line_1_72' title="bbox 2108 1319 3700 1396; baseline 0.007 -24"><span class='ocrx_word' id='word_1_540' title='bbox 2108 1319 2365 1375; x_wconf 86' lang='lat' dir='ltr'><strong>salicibus</strong></span> <span class='ocrx_word' id='word_1_541' title='bbox 2403 1324 2456 1375; x_wconf 91' lang='lat' dir='ltr'><strong>in</strong></span> <span class='ocrx_word' id='word_1_542' title='bbox 2490 1325 2661 1378; x_wconf 88' lang='lat' dir='ltr'><strong>medio</strong></span> <span class='ocrx_word' id='word_1_543' title='bbox 2694 1326 2807 1395; x_wconf 81' lang='lat' dir='ltr'><strong>ejus</strong></span> <span class='ocrx_word' id='word_1_544' title='bbox 2843 1326 3211 1395; x_wconf 85' lang='lat' dir='ltr'><strong>suspendimus</strong></span> <span class='ocrx_word' id='word_1_545' title='bbox 3251 1342 3450 1395; x_wconf 86' lang='lat' dir='ltr'><strong>organa</strong></span> <span class='ocrx_word' id='word_1_546' title='bbox 3491 1337 3700 1396; x_wconf 86' lang='lat' dir='ltr'><strong>nostra,</strong></span> 
     </span>
    </p>
   </div>
   <div class='ocr_carea' id='block_1_73' title="bbox 2107 1412 3701 1489">
    <p class='ocr_par' dir='ltr' id='par_1_73' title="bbox 2107 1412 3701 1489">
     <span class='ocr_line' id='line_1_73' title="bbox 2107 1412 3701 1489; baseline 0.008 -25"><span class='ocrx_word' id='word_1_547' title='bbox 2107 1413 2234 1480; x_wconf 89' lang='lat' dir='ltr'><strong>quia</strong></span> <span class='ocrx_word' id='word_1_548' title='bbox 2266 1412 2380 1466; x_wconf 87' lang='lat' dir='ltr'><strong>illic</strong></span> <span class='ocrx_word' id='word_1_549' title='bbox 2414 1414 2874 1484; x_wconf 86' lang='lat' dir='ltr'><strong>interrogaverunt</strong></span> <span class='ocrx_word' id='word_1_550' title='bbox 2918 1434 3013 1472; x_wconf 87' lang='lat' dir='ltr'><strong>nos</strong></span> <span class='ocrx_word' id='word_1_551' title='bbox 3043 1419 3135 1488; x_wconf 83' lang='lat' dir='ltr'><strong>qui</strong></span> <span class='ocrx_word' id='word_1_552' title='bbox 3170 1420 3405 1489; x_wconf 79' lang='lat' dir='ltr'><strong>captivos</strong></span> <span class='ocrx_word' id='word_1_553' title='bbox 3433 1420 3701 1476; x_wconf 72' lang='lat' dir='ltr'><strong>duxerunt</strong></span> 
     </span>
    </p>
   </div>
   <div class='ocr_carea' id='block_1_74' title="bbox 2109 1505 3698 1584">
    <p class='ocr_par' dir='ltr' id='par_1_74' title="bbox 2109 1505 3698 1584">
     <span class='ocr_line' id='line_1_74' title="bbox 2109 1505 3698 1584; baseline 0.009 -29"><span class='ocrx_word' id='word_1_554' title='bbox 2109 1519 2225 1568; x_wconf 87' lang='lat' dir='ltr'><strong>nos,</strong></span> <span class='ocrx_word' id='word_1_555' title='bbox 2252 1505 2407 1558; x_wconf 87' lang='lat' dir='ltr'><strong>verba</strong></span> <span class='ocrx_word' id='word_1_556' title='bbox 2434 1509 2766 1562; x_wconf 84' lang='lat' dir='ltr'><strong>canticorum</strong></span> <span class='ocrx_word' id='word_1_557' title='bbox 2789 1510 2859 1563; x_wconf 77' lang='grc'><strong>⁵³.</strong></span> <span class='ocrx_word' id='word_1_558' title='bbox 2883 1512 2957 1564; x_wconf 90' lang='lat' dir='ltr'><strong>Ita</strong></span> <span class='ocrx_word' id='word_1_559' title='bbox 2980 1519 3111 1565; x_wconf 90' lang='lat' dir='ltr'><strong>sunt</strong></span> <span class='ocrx_word' id='word_1_560' title='bbox 3132 1509 3356 1566; x_wconf 82' lang='lat' dir='ltr'><strong>ﬂumina</strong></span> <span class='ocrx_word' id='word_1_561' title='bbox 3386 1512 3698 1584; x_wconf 81' lang='lat' dir='ltr'><strong>Babylonis,</strong></span> 
     </span>
    </p>
   </div>
   <div class='ocr_carea' id='block_1_75' title="bbox 2104 1594 3701 1671">
    <p class='ocr_par' dir='ltr' id='par_1_75' title="bbox 2104 1594 3701 1671">
     <span class='ocr_line' id='line_1_75' title="bbox 2104 1594 3701 1671; baseline 0.009 -26"><span class='ocrx_word' id='word_1_562' title='bbox 2104 1594 2260 1664; x_wconf 77' lang='lat' dir='ltr'><strong>juxta</strong></span> <span class='ocrx_word' id='word_1_563' title='bbox 2293 1612 2415 1665; x_wconf 74' lang='lat' dir='ltr'><strong>qua:</strong></span> <span class='ocrx_word' id='word_1_564' title='bbox 2459 1599 2711 1653; x_wconf 84' lang='lat' dir='ltr'><strong>sedentes</strong></span> <span class='ocrx_word' id='word_1_565' title='bbox 2748 1610 2804 1654; x_wconf 89' lang='lat' dir='ltr'><strong>et</strong></span> <span class='ocrx_word' id='word_1_566' title='bbox 2853 1602 3269 1657; x_wconf 80' lang='lat' dir='ltr'><strong>reminiscentes</strong></span> <span class='ocrx_word' id='word_1_567' title='bbox 3302 1603 3491 1671; x_wconf 76' lang='lat' dir='ltr'><strong>patria:</strong></span> <span class='ocrx_word' id='word_1_568' title='bbox 3533 1606 3701 1660; x_wconf 72' lang='lat' dir='ltr'><strong>cmic-</strong></span> 
     </span>
    </p>
   </div>
   <div class='ocr_carea' id='block_1_76' title="bbox 2109 1689 3694 1766">
    <p class='ocr_par' dir='ltr' id='par_1_76' title="bbox 2109 1689 3694 1766">
     <span class='ocr_line' id='line_1_76' title="bbox 2109 1689 3694 1766; baseline 0.008 -25"><span class='ocrx_word' id='word_1_569' title='bbox 2109 1689 2230 1754; x_wconf 89' lang='lat' dir='ltr'><strong>stis,</strong></span> <span class='ocrx_word' id='word_1_570' title='bbox 2266 1689 2451 1760; x_wconf 77' lang='lat' dir='ltr'><strong>lugent</strong></span> <span class='ocrx_word' id='word_1_571' title='bbox 2480 1699 2644 1760; x_wconf 88' lang='lat' dir='ltr'><strong>atque</strong></span> <span class='ocrx_word' id='word_1_572' title='bbox 2667 1692 2974 1762; x_wconf 80' lang='lat' dir='ltr'><strong>deplorant,</strong></span> <span class='ocrx_word' id='word_1_573' title='bbox 3007 1694 3097 1747; x_wconf 92' lang='lat' dir='ltr'><strong>ubi</strong></span> <span class='ocrx_word' id='word_1_574' title='bbox 3122 1695 3468 1763; x_wconf 83' lang='lat' dir='ltr'><strong>suspendunt</strong></span> <span class='ocrx_word' id='word_1_575' title='bbox 3490 1711 3694 1766; x_wconf 82' lang='lat' dir='ltr'><strong>organa</strong></span> 
     </span>
    </p>
   </div>
   <div class='ocr_carea' id='block_1_77' title="bbox 2109 1779 3699 1853">
    <p class='ocr_par' dir='ltr' id='par_1_77' title="bbox 2109 1779 3699 1853">
     <span class='ocr_line' id='line_1_77' title="bbox 2109 1779 3699 1853; baseline 0.006 -20"><span class='ocrx_word' id='word_1_576' title='bbox 2109 1794 2227 1843; x_wconf 87' lang='lat' dir='ltr'><strong>sua,</strong></span> <span class='ocrx_word' id='word_1_577' title='bbox 2284 1779 2338 1833; x_wconf 91' lang='lat' dir='ltr'><strong>in</strong></span> <span class='ocrx_word' id='word_1_578' title='bbox 2374 1781 2636 1835; x_wconf 87' lang='lat' dir='ltr'><strong>salicibus</strong></span> <span class='ocrx_word' id='word_1_579' title='bbox 2690 1781 2826 1851; x_wconf 71' lang='lat' dir='ltr'><strong>legis</strong></span> <span class='ocrx_word' id='word_1_580' title='bbox 2867 1791 2921 1835; x_wconf 90' lang='lat' dir='ltr'><strong>ct</strong></span> <span class='ocrx_word' id='word_1_581' title='bbox 2960 1784 3344 1853; x_wconf 81' lang='lat' dir='ltr'><strong>mysteriorum</strong></span> <span class='ocrx_word' id='word_1_582' title='bbox 3388 1784 3505 1841; x_wconf 88' lang='lat' dir='ltr'><strong>Dei.</strong></span> <span class='ocrx_word' id='word_1_583' title='bbox 3549 1786 3699 1843; x_wconf 81' lang='lat' dir='ltr'><strong>Scri-</strong></span> 
     </span>
    </p>
   </div>
   <div class='ocr_carea' id='block_1_78' title="bbox 2109 1872 3697 1946">
    <p class='ocr_par' dir='ltr' id='par_1_78' title="bbox 2109 1872 3697 1946">
     <span class='ocr_line' id='line_1_78' title="bbox 2109 1872 3697 1946; baseline 0.006 -20"><span class='ocrx_word' id='word_1_584' title='bbox 2109 1879 2263 1937; x_wconf 85' lang='lat' dir='ltr'><strong>ptum</strong></span> <span class='ocrx_word' id='word_1_585' title='bbox 2293 1880 2376 1925; x_wconf 85' lang='lat' dir='ltr'><strong>est</strong></span> <span class='ocrx_word' id='word_1_586' title='bbox 2416 1873 2471 1925; x_wconf 84' lang='lat' dir='ltr'><strong>in</strong></span> <span class='ocrx_word' id='word_1_587' title='bbox 2519 1872 2758 1942; x_wconf 88' lang='lat' dir='ltr'><strong>quodam</strong></span> <span class='ocrx_word' id='word_1_588' title='bbox 2795 1873 2964 1936; x_wconf 90' lang='lat' dir='ltr'><strong>libro,</strong></span> <span class='ocrx_word' id='word_1_589' title='bbox 3010 1875 3139 1945; x_wconf 88' lang='lat' dir='ltr'><strong>quia</strong></span> <span class='ocrx_word' id='word_1_590' title='bbox 3189 1876 3455 1946; x_wconf 80' lang='lat' dir='ltr'><strong>salignam</strong></span> <span class='ocrx_word' id='word_1_591' title='bbox 3503 1894 3697 1935; x_wconf 85' lang='lat' dir='ltr'><strong>omnes</strong></span> 
     </span>
    </p>
   </div>
   <div class='ocr_carea' id='block_1_79' title="bbox 2107 1962 3694 2033">
    <p class='ocr_par' dir='ltr' id='par_1_79' title="bbox 2107 1962 3694 2033">
     <span class='ocr_line' id='line_1_79' title="bbox 2107 1962 3694 2033; baseline 0.006 -18"><span class='ocrx_word' id='word_1_592' title='bbox 2107 1962 2392 2017; x_wconf 80' lang='lat' dir='ltr'><strong>credentes</strong></span> <span class='ocrx_word' id='word_1_593' title='bbox 2417 1964 2690 2033; x_wconf 88' lang='lat' dir='ltr'><strong>accipiant</strong></span> <span class='ocrx_word' id='word_1_594' title='bbox 2721 1979 3005 2018; x_wconf 89' lang='lat' dir='ltr'><strong>coronam.</strong></span> <span class='ocrx_word' id='word_1_595' title='bbox 3034 1963 3102 2018; x_wconf 90' lang='lat' dir='ltr'><strong>Et</strong></span> <span class='ocrx_word' id='word_1_596' title='bbox 3128 1967 3183 2021; x_wconf 90' lang='lat' dir='ltr'><strong>in</strong></span> <span class='ocrx_word' id='word_1_597' title='bbox 3212 1964 3348 2023; x_wconf 80' lang='lat' dir='ltr'><strong>Isaia</strong></span> <span class='ocrx_word' id='word_1_598' title='bbox 3378 1967 3583 2023; x_wconf 89' lang='lat' dir='ltr'><strong>dicitur</strong></span> <span class='ocrx_word' id='word_1_599' title='bbox 3603 1970 3651 2002; x_wconf 78' lang='lat'><strong><em>°°</em></strong></span> <span class='ocrx_word' id='word_1_600' title='bbox 3677 1986 3694 2025; x_wconf 88' lang='lat'><strong>:</strong></span> 
     </span>
    </p>
   </div>
   <div class='ocr_carea' id='block_1_80' title="bbox 2110 2048 3702 2127">
    <p class='ocr_par' dir='ltr' id='par_1_80' title="bbox 2110 2048 3702 2127">
     <span class='ocr_line' id='line_1_80' title="bbox 2110 2048 3702 2127; baseline 0.004 -22"><span class='ocrx_word' id='word_1_601' title='bbox 2110 2048 2325 2105; x_wconf 85' lang='lat' dir='ltr'><strong>Orietur</strong></span> <span class='ocrx_word' id='word_1_602' title='bbox 2343 2053 2497 2123; x_wconf 88' lang='lat' dir='ltr'><strong>quasi</strong></span> <span class='ocrx_word' id='word_1_603' title='bbox 2525 2055 2579 2106; x_wconf 89' lang='lat' dir='ltr'><strong>itt</strong></span> <span class='ocrx_word' id='word_1_604' title='bbox 2607 2054 2779 2107; x_wconf 84' lang='lat' dir='ltr'><strong>medio</strong></span> <span class='ocrx_word' id='word_1_605' title='bbox 2814 2070 2966 2124; x_wconf 74' lang='lat' dir='ltr'><strong>aquae</strong></span> <span class='ocrx_word' id='word_1_606' title='bbox 3013 2055 3229 2124; x_wconf 75' lang='lat' dir='ltr'><strong>fenum,</strong></span> <span class='ocrx_word' id='word_1_607' title='bbox 3271 2066 3322 2110; x_wconf 92' lang='lat' dir='ltr'><strong>et</strong></span> <span class='ocrx_word' id='word_1_608' title='bbox 3353 2058 3497 2111; x_wconf 81' lang='lat' dir='ltr'><strong>satia:</strong></span> <span class='ocrx_word' id='word_1_609' title='bbox 3539 2074 3702 2127; x_wconf 81' lang='lat' dir='ltr'><strong>super</strong></span> 
     </span>
    </p>
   </div>
   <div class='ocr_carea' id='block_1_81' title="bbox 2105 2144 3692 2218">
    <p class='ocr_par' dir='ltr' id='par_1_81' title="bbox 2105 2144 3692 2218">
     <span class='ocr_line' id='line_1_81' title="bbox 2105 2144 3692 2218; baseline 0.006 -24"><span class='ocrx_word' id='word_1_610' title='bbox 2105 2159 2300 2212; x_wconf 83' lang='lat' dir='ltr'><strong>aquam</strong></span> <span class='ocrx_word' id='word_1_611' title='bbox 2329 2145 2603 2212; x_wconf 81' lang='lat' dir='ltr'><strong>ﬂuentem.</strong></span> <span class='ocrx_word' id='word_1_612' title='bbox 2634 2144 2701 2199; x_wconf 83' lang='lat' dir='ltr'><strong>Et</strong></span> <span class='ocrx_word' id='word_1_613' title='bbox 2733 2147 2788 2199; x_wconf 90' lang='lat' dir='ltr'><strong>in</strong></span> <span class='ocrx_word' id='word_1_614' title='bbox 2817 2146 3164 2202; x_wconf 88' lang='lat' dir='ltr'><strong>solemnttate</strong></span> <span class='ocrx_word' id='word_1_615' title='bbox 3196 2146 3315 2215; x_wconf 87' lang='lat' dir='ltr'><strong>Dei,</strong></span> <span class='ocrx_word' id='word_1_616' title='bbox 3350 2149 3573 2218; x_wconf 87' lang='lat' dir='ltr'><strong>quando</strong></span> <span class='ocrx_word' id='word_1_617' title='bbox 3602 2158 3692 2205; x_wconf 85' lang='lat' dir='ltr'><strong>ta-</strong></span> 
     </span>
    </p>
   </div>
   <div class='ocr_carea' id='block_1_82' title="bbox 2105 2232 3699 2308">
    <p class='ocr_par' dir='ltr' id='par_1_82' title="bbox 2105 2232 3699 2308">
     <span class='ocr_line' id='line_1_82' title="bbox 2105 2232 3699 2308; baseline 0.008 -23"><span class='ocrx_word' id='word_1_618' title='bbox 2105 2232 2397 2289; x_wconf 66' lang='lat' dir='ltr'><strong>bernacula</strong></span> <span class='ocrx_word' id='word_1_619' title='bbox 2424 2236 2545 2305; x_wconf 90' lang='lat' dir='ltr'><strong>ejus</strong></span> <span class='ocrx_word' id='word_1_620' title='bbox 2581 2249 3006 2306; x_wconf 83' lang='lat' dir='ltr'><strong>componuntur,</strong></span> <span class='ocrx_word' id='word_1_621' title='bbox 3035 2238 3276 2308; x_wconf 75' lang='lat' dir='ltr'><strong>saiignos</strong></span> <span class='ocrx_word' id='word_1_622' title='bbox 3300 2254 3487 2295; x_wconf 85' lang='lat' dir='ltr'><strong>ramos</strong></span> <span class='ocrx_word' id='word_1_623' title='bbox 3517 2239 3571 2294; x_wconf 90' lang='lat' dir='ltr'><strong>in</strong></span> <span class='ocrx_word' id='word_1_624' title='bbox 3610 2251 3699 2297; x_wconf 84' lang='lat' dir='ltr'><strong>ta-</strong></span> 
     </span>
    </p>
   </div>
   <div class='ocr_carea' id='block_1_83' title="bbox 2104 2322 3154 2384">
    <p class='ocr_par' dir='ltr' id='par_1_83' title="bbox 2104 2322 3154 2384">
     <span class='ocr_line' id='line_1_83' title="bbox 2104 2322 3154 2384; baseline 0.008 -8"><span class='ocrx_word' id='word_1_625' title='bbox 2104 2322 2526 2380; x_wconf 87' lang='lat' dir='ltr'><strong>bernaculorum</strong></span> <span class='ocrx_word' id='word_1_626' title='bbox 2560 2326 2762 2380; x_wconf 80' lang='lat' dir='ltr'><strong>lixione</strong></span> <span class='ocrx_word' id='word_1_627' title='bbox 2790 2329 3154 2384; x_wconf 73' lang='lat' dir='ltr'><strong>constituunt.</strong></span> 
     </span>
    </p>
   </div>
   <div class='ocr_carea' id='block_1_84' title="bbox 2172 2414 3694 2493">
    <p class='ocr_par' dir='ltr' id='par_1_84' title="bbox 2172 2414 3694 2493">
     <span class='ocr_line' id='line_1_84' title="bbox 2172 2414 3694 2493; baseline 0.005 -24"><span class='ocrx_word' id='word_1_628' title='bbox 2172 2414 2227 2469; x_wconf 78' lang='lat'><strong>6.</strong></span> <span class='ocrx_word' id='word_1_629' title='bbox 2263 2414 2424 2470; x_wconf 83' lang='lat' dir='ltr'><strong>Secus</strong></span> <span class='ocrx_word' id='word_1_630' title='bbox 2449 2418 2672 2487; x_wconf 83' lang='lat' dir='ltr'><strong>ﬂuvium</strong></span> <span class='ocrx_word' id='word_1_631' title='bbox 2696 2415 2928 2472; x_wconf 85' lang='lat' dir='ltr'><strong>Cltobar.</strong></span> <span class='ocrx_word' id='word_1_632' title='bbox 2962 2416 3134 2474; x_wconf 88' lang='lat' dir='ltr'><strong>Secus</strong></span> <span class='ocrx_word' id='word_1_633' title='bbox 3160 2420 3360 2476; x_wconf 81' lang='lat' dir='ltr'><strong>ﬂumen</strong></span> <span class='ocrx_word' id='word_1_634' title='bbox 3394 2422 3538 2477; x_wconf 89' lang='lat' dir='ltr'><strong>istud</strong></span> <span class='ocrx_word' id='word_1_635' title='bbox 3566 2437 3694 2493; x_wconf 82' lang='lat' dir='ltr'><strong>gra-</strong></span> 
     </span>
    </p>
   </div>
   <div class='ocr_carea' id='block_1_85' title="bbox 2103 2494 3692 2585">
    <p class='ocr_par' dir='ltr' id='par_1_85' title="bbox 2103 2494 3692 2585">
     <span class='ocr_line' id='line_1_85' title="bbox 2103 2494 3692 2585; baseline 0.007 -27"><span class='ocrx_word' id='word_1_636' title='bbox 2103 2506 2390 2563; x_wconf 90' lang='lat' dir='ltr'><strong>vissimum</strong></span> <span class='ocrx_word' id='word_1_637' title='bbox 2423 2509 2633 2564; x_wconf 73' lang='lat' dir='ltr'><strong>szrculi.</strong></span> <span class='ocrx_word' id='word_1_638' title='bbox 2670 2509 2741 2562; x_wconf 85' lang='lat' dir='ltr'><strong>Et</strong></span> <span class='ocrx_word' id='word_1_639' title='bbox 2767 2511 2939 2585; x_wconf 70' lang='lat' dir='ltr'><strong>aperti</strong></span> <span class='ocrx_word' id='word_1_640' title='bbox 2972 2522 3095 2565; x_wconf 85' lang='lat' dir='ltr'><strong>sunt</strong></span> <span class='ocrx_word' id='word_1_641' title='bbox 3139 2512 3276 2566; x_wconf 73' lang='lat' dir='ltr'><strong>creti.</strong></span> <span class='ocrx_word' id='word_1_642' title='bbox 3321 2512 3505 2568; x_wconf 81' lang='lat' dir='ltr'><strong>Clausi</strong></span> <span class='ocrx_word' id='word_1_643' title='bbox 3533 2494 3692 2569; x_wconf 63' lang='lat' dir='ltr'><strong>eran&#39;t</strong></span> 
     </span>
    </p>
   </div>
   <div class='ocr_carea' id='block_1_86' title="bbox 2102 2599 3692 2672">
    <p class='ocr_par' dir='ltr' id='par_1_86' title="bbox 2102 2599 3692 2672">
     <span class='ocr_line' id='line_1_86' title="bbox 2102 2599 3692 2672; baseline 0.004 -19"><span class='ocrx_word' id='word_1_644' title='bbox 2102 2599 2248 2666; x_wconf 69' lang='lat' dir='ltr'><strong>creti,</strong></span> <span class='ocrx_word' id='word_1_645' title='bbox 2273 2608 2327 2654; x_wconf 92' lang='lat' dir='ltr'><strong>et</strong></span> <span class='ocrx_word' id='word_1_646' title='bbox 2351 2599 2422 2654; x_wconf 90' lang='lat' dir='ltr'><strong>ad</strong></span> <span class='ocrx_word' id='word_1_647' title='bbox 2456 2602 2751 2656; x_wconf 82' lang='lat' dir='ltr'><strong>adventum</strong></span> <span class='ocrx_word' id='word_1_648' title='bbox 2778 2601 2980 2656; x_wconf 86' lang='lat' dir='ltr'><strong>Christi</strong></span> <span class='ocrx_word' id='word_1_649' title='bbox 3007 2604 3179 2672; x_wconf 80' lang='lat' dir='ltr'><strong>aperti</strong></span> <span class='ocrx_word' id='word_1_650' title='bbox 3202 2614 3353 2667; x_wconf 87' lang='lat' dir='ltr'><strong>sunt,</strong></span> <span class='ocrx_word' id='word_1_651' title='bbox 3381 2613 3440 2657; x_wconf 90' lang='lat' dir='ltr'><strong>ut</strong></span> <span class='ocrx_word' id='word_1_652' title='bbox 3475 2619 3692 2659; x_wconf 83' lang='lat' dir='ltr'><strong>resera-</strong></span> 
     </span>
    </p>
   </div>
   <div class='ocr_carea' id='block_1_87' title="bbox 2103 2690 3693 2767">
    <p class='ocr_par' dir='ltr' id='par_1_87' title="bbox 2103 2690 3693 2767">
     <span class='ocr_line' id='line_1_87' title="bbox 2103 2690 3693 2767; baseline 0.003 -24"><span class='ocrx_word' id='word_1_653' title='bbox 2103 2690 2172 2744; x_wconf 91' lang='lat' dir='ltr'><strong>tis</strong></span> <span class='ocrx_word' id='word_1_654' title='bbox 2199 2690 2308 2745; x_wconf 90' lang='lat' dir='ltr'><strong>illis</strong></span> <span class='ocrx_word' id='word_1_655' title='bbox 2333 2691 2543 2746; x_wconf 86' lang='lat' dir='ltr'><strong>veniret</strong></span> <span class='ocrx_word' id='word_1_656' title='bbox 2576 2706 2742 2761; x_wconf 87' lang='lat' dir='ltr'><strong>super</strong></span> <span class='ocrx_word' id='word_1_657' title='bbox 2770 2706 2897 2746; x_wconf 89' lang='lat' dir='ltr'><strong>eum</strong></span> <span class='ocrx_word' id='word_1_658' title='bbox 2931 2691 3172 2763; x_wconf 84' lang='lat' dir='ltr'><strong>Spiritus</strong></span> <span class='ocrx_word' id='word_1_659' title='bbox 3207 2704 3433 2751; x_wconf 88' lang='lat' dir='ltr'><strong>sanctus</strong></span> <span class='ocrx_word' id='word_1_660' title='bbox 3461 2696 3517 2750; x_wconf 83' lang='lat' dir='ltr'><strong>in</strong></span> <span class='ocrx_word' id='word_1_661' title='bbox 3560 2711 3693 2767; x_wconf 80' lang='lat' dir='ltr'><strong>spc-.</strong></span> 
     </span>
    </p>
   </div>
   <div class='ocr_carea' id='block_1_88' title="bbox 2099 2780 3688 2854">
    <p class='ocr_par' dir='ltr' id='par_1_88' title="bbox 2099 2780 3688 2854">
     <span class='ocr_line' id='line_1_88' title="bbox 2099 2780 3688 2854; baseline 0.006 -19"><span class='ocrx_word' id='word_1_662' title='bbox 2099 2782 2184 2836; x_wconf 83' lang='lat' dir='ltr'><strong>cie</strong></span> <span class='ocrx_word' id='word_1_663' title='bbox 2229 2780 2725 2853; x_wconf 70' lang='lat' dir='ltr'><strong>columbae.Nequc</strong></span> <span class='ocrx_word' id='word_1_664' title='bbox 2755 2784 2902 2840; x_wconf 86' lang='lat' dir='ltr'><strong>enim</strong></span> <span class='ocrx_word' id='word_1_665' title='bbox 2938 2795 3153 2854; x_wconf 82' lang='lat' dir='ltr'><strong>poterat</strong></span> <span class='ocrx_word' id='word_1_666' title='bbox 3171 2787 3238 2841; x_wconf 84' lang='lat' dir='ltr'><strong>ad</strong></span> <span class='ocrx_word' id='word_1_667' title='bbox 3273 2801 3377 2842; x_wconf 89' lang='lat' dir='ltr'><strong>nos</strong></span> <span class='ocrx_word' id='word_1_668' title='bbox 3406 2801 3688 2843; x_wconf 80' lang='lat' dir='ltr'><strong>commea-</strong></span> 
     </span>
    </p>
   </div>
   <div class='ocr_carea' id='block_1_89' title="bbox 2099 2870 3688 2942">
    <p class='ocr_par' dir='ltr' id='par_1_89' title="bbox 2099 2870 3688 2942">
     <span class='ocr_line' id='line_1_89' title="bbox 2099 2870 3688 2942; baseline 0.006 -18"><span class='ocrx_word' id='word_1_669' title='bbox 2099 2886 2158 2925; x_wconf 90' lang='lat' dir='ltr'><strong>re</strong></span> <span class='ocrx_word' id='word_1_670' title='bbox 2205 2870 2311 2927; x_wconf 90' lang='lat' dir='ltr'><strong>nisi</strong></span> <span class='ocrx_word' id='word_1_671' title='bbox 2352 2872 2587 2942; x_wconf 92' lang='lat' dir='ltr'><strong>primum</strong></span> <span class='ocrx_word' id='word_1_672' title='bbox 2613 2873 2681 2927; x_wconf 91' lang='lat' dir='ltr'><strong>ad</strong></span> <span class='ocrx_word' id='word_1_673' title='bbox 2729 2889 2844 2929; x_wconf 66' lang='lat' dir='ltr'><strong>suae</strong></span> <span class='ocrx_word' id='word_1_674' title='bbox 2876 2883 3088 2930; x_wconf 75' lang='lat' dir='ltr'><strong>naturae</strong></span> <span class='ocrx_word' id='word_1_675' title='bbox 3113 2885 3423 2932; x_wconf 86' lang='lat' dir='ltr'><strong>consortem</strong></span> <span class='ocrx_word' id='word_1_676' title='bbox 3455 2878 3688 2934; x_wconf 80' lang='lat' dir='ltr'><strong>descen-</strong></span> 
     </span>
    </p>
   </div>
   <div class='ocr_carea' id='block_1_90' title="bbox 2097 2962 3690 3038">
    <p class='ocr_par' dir='ltr' id='par_1_90' title="bbox 2097 2962 3690 3038">
     <span class='ocr_line' id='line_1_90' title="bbox 2097 2962 3690 3038; baseline 0.004 -20"><span class='ocrx_word' id='word_1_677' title='bbox 2097 2963 2288 3018; x_wconf 89' lang='lat' dir='ltr'><strong>disset.</strong></span> <span class='ocrx_word' id='word_1_678' title='bbox 2318 2964 2568 3020; x_wconf 83' lang='lat' dir='ltr'><strong>Ascendit</strong></span> <span class='ocrx_word' id='word_1_679' title='bbox 2597 2962 2760 3021; x_wconf 82' lang='lat' dir='ltr'><strong>Jesus</strong></span> <span class='ocrx_word' id='word_1_680' title='bbox 2793 2967 2848 3020; x_wconf 89' lang='lat' dir='ltr'><strong>in</strong></span> <span class='ocrx_word' id='word_1_681' title='bbox 2887 2965 3080 3035; x_wconf 86' lang='lat' dir='ltr'><strong>altum,</strong></span> <span class='ocrx_word' id='word_1_682' title='bbox 3105 2968 3370 3038; x_wconf 84' lang='lat' dir='ltr'><strong>captivam</strong></span> <span class='ocrx_word' id='word_1_683' title='bbox 3398 2970 3553 3025; x_wconf 68' lang='lat' dir='ltr'><strong>duxit</strong></span> <span class='ocrx_word' id='word_1_684' title='bbox 3591 2987 3690 3025; x_wconf 83' lang='lat' dir='ltr'><strong>ca-</strong></span> 
     </span>
    </p>
   </div>
   <div class='ocr_carea' id='block_1_91' title="bbox 2095 3055 3691 3131">
    <p class='ocr_par' dir='ltr' id='par_1_91' title="bbox 2095 3055 3691 3131">
     <span class='ocr_line' id='line_1_91' title="bbox 2095 3055 3691 3131; baseline 0.008 -24"><span class='ocrx_word' id='word_1_685' title='bbox 2095 3055 2417 3124; x_wconf 82' lang='lat' dir='ltr'><strong>ptivitatem,</strong></span> <span class='ocrx_word' id='word_1_686' title='bbox 2441 3058 2642 3124; x_wconf 82' lang='lat' dir='ltr'><strong>accepit</strong></span> <span class='ocrx_word' id='word_1_687' title='bbox 2667 3059 2808 3112; x_wconf 86' lang='lat' dir='ltr'><strong>dona</strong></span> <span class='ocrx_word' id='word_1_688' title='bbox 2831 3058 2888 3113; x_wconf 91' lang='lat' dir='ltr'><strong>in</strong></span> <span class='ocrx_word' id='word_1_689' title='bbox 2911 3059 3236 3116; x_wconf 73' lang='lat' dir='ltr'><strong>hominibus.</strong></span> <span class='ocrx_word' id='word_1_690' title='bbox 3268 3059 3376 3124; x_wconf 81' lang='lat' dir='ltr'><strong>Qui</strong></span> <span class='ocrx_word' id='word_1_691' title='bbox 3399 3062 3691 3131; x_wconf 77' lang='lat' dir='ltr'><strong>descendit,</strong></span> 
     </span>
    </p>
   </div>
   <div class='ocr_carea' id='block_1_92' title="bbox 2095 3147 3691 3223">
    <p class='ocr_par' dir='ltr' id='par_1_92' title="bbox 2095 3147 3691 3223">
     <span class='ocr_line' id='line_1_92' title="bbox 2095 3147 3691 3223; baseline 0.004 -22"><span class='ocrx_word' id='word_1_692' title='bbox 2095 3148 2208 3218; x_wconf 87' lang='lat' dir='ltr'><strong>ipse</strong></span> <span class='ocrx_word' id='word_1_693' title='bbox 2233 3156 2310 3202; x_wconf 82' lang='lat' dir='ltr'><strong>est</strong></span> <span class='ocrx_word' id='word_1_694' title='bbox 2339 3147 2432 3218; x_wconf 88' lang='lat' dir='ltr'><strong>qui</strong></span> <span class='ocrx_word' id='word_1_695' title='bbox 2478 3148 2716 3202; x_wconf 81' lang='lat' dir='ltr'><strong>ascendit</strong></span> <span class='ocrx_word' id='word_1_696' title='bbox 2746 3165 2906 3219; x_wconf 86' lang='lat' dir='ltr'><strong>super</strong></span> <span class='ocrx_word' id='word_1_697' title='bbox 2937 3164 3116 3204; x_wconf 84' lang='lat' dir='ltr'><strong>omnes</strong></span> <span class='ocrx_word' id='word_1_698' title='bbox 3153 3151 3309 3206; x_wconf 75' lang='lat' dir='ltr'><strong>ctelos</strong></span> <span class='ocrx_word' id='word_1_699' title='bbox 3343 3163 3401 3205; x_wconf 87' lang='lat' dir='ltr'><strong>ut</strong></span> <span class='ocrx_word' id='word_1_700' title='bbox 3447 3152 3691 3223; x_wconf 80' lang='lat' dir='ltr'><strong>impleret</strong></span> 
     </span>
    </p>
   </div>
   <div class='ocr_carea' id='block_1_93' title="bbox 2096 3238 3687 3316">
    <p class='ocr_par' dir='ltr' id='par_1_93' title="bbox 2096 3238 3687 3316">
     <span class='ocr_line' id='line_1_93' title="bbox 2096 3238 3687 3316; baseline 0.004 -23"><span class='ocrx_word' id='word_1_701' title='bbox 2096 3240 2292 3295; x_wconf 85' lang='lat' dir='ltr'><strong>omnia.</strong></span> <span class='ocrx_word' id='word_1_702' title='bbox 2328 3238 2397 3293; x_wconf 78' lang='lat' dir='ltr'><strong>Et</strong></span> <span class='ocrx_word' id='word_1_703' title='bbox 2423 3241 2534 3311; x_wconf 88' lang='lat' dir='ltr'><strong>ipse</strong></span> <span class='ocrx_word' id='word_1_704' title='bbox 2557 3242 2703 3296; x_wconf 85' lang='lat' dir='ltr'><strong>dedit</strong></span> <span class='ocrx_word' id='word_1_705' title='bbox 2737 3242 2873 3297; x_wconf 82' lang='lat' dir='ltr'><strong>alios</strong></span> <span class='ocrx_word' id='word_1_706' title='bbox 2897 3243 3189 3311; x_wconf 86' lang='lat' dir='ltr'><strong>apostolos,</strong></span> <span class='ocrx_word' id='word_1_707' title='bbox 3215 3244 3354 3298; x_wconf 87' lang='lat' dir='ltr'><strong>alios</strong></span> <span class='ocrx_word' id='word_1_708' title='bbox 3377 3247 3687 3316; x_wconf 70' lang='lat' dir='ltr'><strong>prop/tetas,</strong></span> 
     </span>
    </p>
   </div>
   <div class='ocr_carea' id='block_1_94' title="bbox 2094 3332 3691 3409">
    <p class='ocr_par' dir='ltr' id='par_1_94' title="bbox 2094 3332 3691 3409">
     <span class='ocr_line' id='line_1_94' title="bbox 2094 3332 3691 3409; baseline 0.006 -24"><span class='ocrx_word' id='word_1_709' title='bbox 2094 3332 2229 3386; x_wconf 88' lang='lat' dir='ltr'><strong>alios</strong></span> <span class='ocrx_word' id='word_1_710' title='bbox 2248 3333 2620 3403; x_wconf 87' lang='lat' dir='ltr'><strong>evangelistas,</strong></span> <span class='ocrx_word' id='word_1_711' title='bbox 2652 3333 2791 3387; x_wconf 89' lang='lat' dir='ltr'><strong>alios</strong></span> <span class='ocrx_word' id='word_1_712' title='bbox 2823 3344 3065 3404; x_wconf 84' lang='lat' dir='ltr'><strong>pastores</strong></span> <span class='ocrx_word' id='word_1_713' title='bbox 3088 3345 3138 3389; x_wconf 90' lang='lat' dir='ltr'><strong>et</strong></span> <span class='ocrx_word' id='word_1_714' title='bbox 3172 3338 3456 3407; x_wconf 80' lang='lat' dir='ltr'><strong>magistros</strong></span> <span class='ocrx_word' id='word_1_715' title='bbox 3488 3340 3545 3392; x_wconf 86' lang='lat' dir='ltr'><strong>in</strong></span> <span class='ocrx_word' id='word_1_716' title='bbox 3566 3355 3691 3409; x_wconf 83' lang='lat' dir='ltr'><strong>per-</strong></span> 
     </span>
    </p>
   </div>
   <div class='ocr_carea' id='block_1_95' title="bbox 2093 3424 3285 3495">
    <p class='ocr_par' dir='ltr' id='par_1_95' title="bbox 2093 3424 3285 3495">
     <span class='ocr_line' id='line_1_95' title="bbox 2093 3424 3285 3495; baseline 0.004 -17"><span class='ocrx_word' id='word_1_717' title='bbox 2093 3424 2371 3495; x_wconf 80' lang='lat' dir='ltr'><strong>fectionem</strong></span> <span class='ocrx_word' id='word_1_718' title='bbox 2398 3437 2706 3481; x_wconf 86' lang='lat' dir='ltr'><strong>sanctorum</strong></span> <span class='ocrx_word' id='word_1_719' title='bbox 2744 3428 2810 3481; x_wconf 84' lang='grc'><strong>⁶¹.</strong></span> <span class='ocrx_word' id='word_1_720' title='bbox 3280 3474 3285 3477; x_wconf 54' lang='grc' dir='ltr'><strong>ς</strong></span> 
     </span>
    </p>
   </div>
   <div class='ocr_carea' id='block_1_96' title="bbox 2167 3516 3687 3588">
    <p class='ocr_par' dir='ltr' id='par_1_96' title="bbox 2167 3516 3687 3588">
     <span class='ocr_line' id='line_1_96' title="bbox 2167 3516 3687 3588; baseline 0.005 -17"><span class='ocrx_word' id='word_1_721' title='bbox 2167 3517 2219 3572; x_wconf 84' lang='lat'><strong>7.</strong></span> <span class='ocrx_word' id='word_1_722' title='bbox 2259 3520 2446 3588; x_wconf 80' lang='lat' dir='ltr'><strong>Aperti</strong></span> <span class='ocrx_word' id='word_1_723' title='bbox 2489 3526 2612 3573; x_wconf 85' lang='lat' dir='ltr'><strong>sunt</strong></span> <span class='ocrx_word' id='word_1_724' title='bbox 2649 3518 2788 3573; x_wconf 73' lang='lat' dir='ltr'><strong>creti.</strong></span> <span class='ocrx_word' id='word_1_725' title='bbox 2828 3516 2947 3573; x_wconf 89' lang='lat' dir='ltr'><strong>Non</strong></span> <span class='ocrx_word' id='word_1_726' title='bbox 3000 3518 3200 3574; x_wconf 73' lang='lat' dir='ltr'><strong>suﬁicit</strong></span> <span class='ocrx_word' id='word_1_727' title='bbox 3247 3536 3419 3575; x_wconf 90' lang='lat' dir='ltr'><strong>unum</strong></span> <span class='ocrx_word' id='word_1_728' title='bbox 3482 3532 3687 3578; x_wconf 70' lang='lat' dir='ltr'><strong>castum</strong></span> 
     </span>
    </p>
   </div>
   <div class='ocr_carea' id='block_1_97' title="bbox 2092 3609 3683 3679">
    <p class='ocr_par' dir='ltr' id='par_1_97' title="bbox 2092 3609 3683 3679">
     <span class='ocr_line' id='line_1_97' title="bbox 2092 3609 3683 3679; baseline 0.003 -16"><span class='ocrx_word' id='word_1_729' title='bbox 2092 3609 2291 3679; x_wconf 85' lang='lat' dir='ltr'><strong>aperiri</strong></span> <span class='ocrx_word' id='word_1_730' title='bbox 2326 3628 2340 3665; x_wconf 90' lang='lat'><strong>:</strong></span> <span class='ocrx_word' id='word_1_731' title='bbox 2379 3610 2702 3679; x_wconf 85' lang='lat' dir='ltr'><strong>aperiuntur</strong></span> <span class='ocrx_word' id='word_1_732' title='bbox 2733 3609 2978 3678; x_wconf 83' lang='lat' dir='ltr'><strong>plurimi,</strong></span> <span class='ocrx_word' id='word_1_733' title='bbox 3013 3622 3072 3665; x_wconf 92' lang='lat' dir='ltr'><strong>ut</strong></span> <span class='ocrx_word' id='word_1_734' title='bbox 3102 3611 3442 3667; x_wconf 81' lang='lat' dir='ltr'><strong>descendant</strong></span> <span class='ocrx_word' id='word_1_735' title='bbox 3467 3627 3576 3665; x_wconf 87' lang='lat' dir='ltr'><strong>non</strong></span> <span class='ocrx_word' id='word_1_736' title='bbox 3608 3613 3683 3668; x_wconf 85' lang='lat' dir='ltr'><strong>ab</strong></span> 
     </span>
    </p>
   </div>
   <div class='ocr_carea' id='block_1_98' title="bbox 2093 3700 3683 3772">
    <p class='ocr_par' dir='ltr' id='par_1_98' title="bbox 2093 3700 3683 3772">
     <span class='ocr_line' id='line_1_98' title="bbox 2093 3700 3683 3772; baseline 0.001 -17"><span class='ocrx_word' id='word_1_737' title='bbox 2093 3715 2224 3766; x_wconf 92' lang='lat' dir='ltr'><strong>uno,</strong></span> <span class='ocrx_word' id='word_1_738' title='bbox 2256 3701 2351 3755; x_wconf 89' lang='lat' dir='ltr'><strong>sed</strong></span> <span class='ocrx_word' id='word_1_739' title='bbox 2383 3702 2455 3755; x_wconf 85' lang='lat' dir='ltr'><strong>ab</strong></span> <span class='ocrx_word' id='word_1_740' title='bbox 2492 3700 2752 3755; x_wconf 86' lang='lat' dir='ltr'><strong>omnibus</strong></span> <span class='ocrx_word' id='word_1_741' title='bbox 2781 3700 2938 3756; x_wconf 68' lang='lat' dir='ltr'><strong>cretis</strong></span> <span class='ocrx_word' id='word_1_742' title='bbox 2975 3702 3156 3772; x_wconf 77' lang='lat' dir='ltr'><strong>angeli</strong></span> <span class='ocrx_word' id='word_1_743' title='bbox 3188 3704 3257 3757; x_wconf 89' lang='lat' dir='ltr'><strong>ad</strong></span> <span class='ocrx_word' id='word_1_744' title='bbox 3295 3717 3393 3757; x_wconf 88' lang='lat' dir='ltr'><strong>eos</strong></span> <span class='ocrx_word' id='word_1_745' title='bbox 3430 3704 3525 3772; x_wconf 89' lang='lat' dir='ltr'><strong>qui</strong></span> <span class='ocrx_word' id='word_1_746' title='bbox 3567 3704 3683 3758; x_wconf 84' lang='lat' dir='ltr'><strong>sat-</strong></span> 
     </span>
    </p>
   </div>
   <div class='ocr_carea' id='block_1_99' title="bbox 2090 3792 3686 3862">
    <p class='ocr_par' dir='ltr' id='par_1_99' title="bbox 2090 3792 3686 3862">
     <span class='ocr_line' id='line_1_99' title="bbox 2090 3792 3686 3862; baseline 0.002 -16"><span class='ocrx_word' id='word_1_747' title='bbox 2090 3792 2254 3847; x_wconf 88' lang='lat' dir='ltr'><strong>vandi</strong></span> <span class='ocrx_word' id='word_1_748' title='bbox 2282 3801 2432 3847; x_wconf 92' lang='lat' dir='ltr'><strong>sunt.</strong></span> <span class='ocrx_word' id='word_1_749' title='bbox 2469 3792 2661 3862; x_wconf 87' lang='lat' dir='ltr'><strong>Angeli</strong></span> <span class='ocrx_word' id='word_1_750' title='bbox 2694 3792 2789 3861; x_wconf 90' lang='lat' dir='ltr'><strong>qui</strong></span> <span class='ocrx_word' id='word_1_751' title='bbox 2816 3793 3184 3847; x_wconf 84' lang='lat' dir='ltr'><strong>ascendebant</strong></span> <span class='ocrx_word' id='word_1_752' title='bbox 3207 3802 3263 3849; x_wconf 90' lang='lat' dir='ltr'><strong>et</strong></span> <span class='ocrx_word' id='word_1_753' title='bbox 3283 3794 3686 3850; x_wconf 79' lang='lat' dir='ltr'><strong>descendebant</strong></span> 
     </span>
    </p>
   </div>
   <div class='ocr_carea' id='block_1_100' title="bbox 2090 3881 3683 3953">
    <p class='ocr_par' dir='ltr' id='par_1_100' title="bbox 2090 3881 3683 3953">
     <span class='ocr_line' id='line_1_100' title="bbox 2090 3881 3683 3953; baseline 0 -13"><span class='ocrx_word' id='word_1_754' title='bbox 2090 3898 2258 3953; x_wconf 88' lang='lat' dir='ltr'><strong>super</strong></span> <span class='ocrx_word' id='word_1_755' title='bbox 2283 3881 2485 3936; x_wconf 87' lang='lat' dir='ltr'><strong>Filium</strong></span> <span class='ocrx_word' id='word_1_756' title='bbox 2515 3882 2784 3950; x_wconf 88' lang='lat' dir='ltr'><strong>hominis,</strong></span> <span class='ocrx_word' id='word_1_757' title='bbox 2820 3891 2875 3937; x_wconf 91' lang='lat' dir='ltr'><strong>et</strong></span> <span class='ocrx_word' id='word_1_758' title='bbox 2911 3894 3265 3940; x_wconf 84' lang='lat' dir='ltr'><strong>accesserunt</strong></span> <span class='ocrx_word' id='word_1_759' title='bbox 3305 3885 3370 3938; x_wconf 92' lang='lat' dir='ltr'><strong>ad</strong></span> <span class='ocrx_word' id='word_1_760' title='bbox 3411 3899 3536 3938; x_wconf 89' lang='lat' dir='ltr'><strong>eum</strong></span> <span class='ocrx_word' id='word_1_761' title='bbox 3559 3921 3578 3950; x_wconf 95' lang='lat'><strong>,</strong></span> <span class='ocrx_word' id='word_1_762' title='bbox 3624 3895 3683 3940; x_wconf 84' lang='lat' dir='ltr'><strong>et</strong></span> 
     </span>
    </p>
   </div>
   <div class='ocr_carea' id='block_1_101' title="bbox 2090 3973 3683 4046">
    <p class='ocr_par' dir='ltr' id='par_1_101' title="bbox 2090 3973 3683 4046">
     <span class='ocr_line' id='line_1_101' title="bbox 2090 3973 3683 4046; baseline 0.002 -17"><span class='ocrx_word' id='word_1_763' title='bbox 2090 3973 2478 4029; x_wconf 82' lang='lat' dir='ltr'><strong>ministrabant</strong></span> <span class='ocrx_word' id='word_1_764' title='bbox 2505 3973 2578 4029; x_wconf 87' lang='lat' dir='ltr'><strong>ei.</strong></span> <span class='ocrx_word' id='word_1_765' title='bbox 2611 3973 3022 4030; x_wconf 85' lang='lat' dir='ltr'><strong>Descenderunt</strong></span> <span class='ocrx_word' id='word_1_766' title='bbox 3062 3984 3247 4030; x_wconf 83' lang='lat' dir='ltr'><strong>autem</strong></span> <span class='ocrx_word' id='word_1_767' title='bbox 3280 3978 3457 4046; x_wconf 78' lang='lat' dir='ltr'><strong>angeli</strong></span> <span class='ocrx_word' id='word_1_768' title='bbox 3484 4016 3499 4035; x_wconf 86' lang='lat'><strong>.</strong></span> <span class='ocrx_word' id='word_1_769' title='bbox 3550 3978 3683 4046; x_wconf 74' lang='lat' dir='ltr'><strong>quia</strong></span> 
     </span>
    </p>
   </div>
   <div class='ocr_carea' id='block_1_102' title="bbox 2087 4066 3685 4137">
    <p class='ocr_par' dir='ltr' id='par_1_102' title="bbox 2087 4066 3685 4137">
     <span class='ocr_line' id='line_1_102' title="bbox 2087 4066 3685 4137; baseline 0.004 -16"><span class='ocrx_word' id='word_1_770' title='bbox 2087 4067 2242 4137; x_wconf 90' lang='lat' dir='ltr'><strong>prior</strong></span> <span class='ocrx_word' id='word_1_771' title='bbox 2290 4067 2646 4123; x_wconf 87' lang='lat' dir='ltr'><strong>descenderat</strong></span> <span class='ocrx_word' id='word_1_772' title='bbox 2702 4066 2957 4123; x_wconf 85' lang='lat' dir='ltr'><strong>Christus</strong></span> <span class='ocrx_word' id='word_1_773' title='bbox 3003 4078 3308 4125; x_wconf 73' lang='lat' dir='ltr'><strong>metuentes</strong></span> <span class='ocrx_word' id='word_1_774' title='bbox 3345 4069 3685 4127; x_wconf 70' lang='lat' dir='ltr'><strong>descendere</strong></span> 
     </span>
    </p>
   </div>
   <div class='ocr_carea' id='block_1_103' title="bbox 2088 4157 3682 4231">
    <p class='ocr_par' dir='ltr' id='par_1_103' title="bbox 2088 4157 3682 4231">
     <span class='ocr_line' id='line_1_103' title="bbox 2088 4157 3682 4231; baseline 0.003 -18"><span class='ocrx_word' id='word_1_775' title='bbox 2088 4157 2405 4229; x_wconf 90' lang='lat' dir='ltr'><strong>priusquam</strong></span> <span class='ocrx_word' id='word_1_776' title='bbox 2456 4157 2726 4214; x_wconf 90' lang='lat' dir='ltr'><strong>Dominus</strong></span> <span class='ocrx_word' id='word_1_777' title='bbox 2764 4159 3029 4213; x_wconf 90' lang='lat' dir='ltr'><strong>virtutum</strong></span> <span class='ocrx_word' id='word_1_778' title='bbox 3076 4160 3325 4214; x_wconf 89' lang='lat' dir='ltr'><strong>omnium</strong></span> <span class='ocrx_word' id='word_1_779' title='bbox 3384 4173 3682 4231; x_wconf 79' lang='lat' dir='ltr'><strong>rerumque</strong></span> 
     </span>
    </p>
   </div>
   <div class='ocr_carea' id='block_1_104' title="bbox 2086 4249 3679 4321">
    <p class='ocr_par' dir='ltr' id='par_1_104' title="bbox 2086 4249 3679 4321">
     <span class='ocr_line' id='line_1_104' title="bbox 2086 4249 3679 4321; baseline 0 -16"><span class='ocrx_word' id='word_1_780' title='bbox 2086 4250 2424 4321; x_wconf 82' lang='lat' dir='ltr'><strong>praeciperet.</strong></span> <span class='ocrx_word' id='word_1_781' title='bbox 2458 4249 2691 4317; x_wconf 86' lang='lat' dir='ltr'><strong>Quando</strong></span> <span class='ocrx_word' id='word_1_782' title='bbox 2724 4258 2907 4304; x_wconf 86' lang='lat' dir='ltr'><strong>autem</strong></span> <span class='ocrx_word' id='word_1_783' title='bbox 2943 4251 3193 4304; x_wconf 79' lang='lat' dir='ltr'><strong>viderunt</strong></span> <span class='ocrx_word' id='word_1_784' title='bbox 3229 4251 3528 4320; x_wconf 82' lang='lat' dir='ltr'><strong>principem</strong></span> <span class='ocrx_word' id='word_1_785' title='bbox 3572 4253 3679 4305; x_wconf 86' lang='lat' dir='ltr'><strong>mi-</strong></span> 
     </span>
    </p>
   </div>
   <div class='ocr_carea' id='block_1_105' title="bbox 2084 4340 3680 4406">
    <p class='ocr_par' dir='ltr' id='par_1_105' title="bbox 2084 4340 3680 4406">
     <span class='ocr_line' id='line_1_105' title="bbox 2084 4340 3680 4406; baseline 0 -9"><span class='ocrx_word' id='word_1_786' title='bbox 2084 4341 2217 4397; x_wconf 73' lang='lat' dir='ltr'><strong>litia:</strong></span> <span class='ocrx_word' id='word_1_787' title='bbox 2244 4341 2483 4398; x_wconf 64' lang='lat' dir='ltr'><strong>caelestis</strong></span> <span class='ocrx_word' id='word_1_788' title='bbox 2517 4342 2569 4396; x_wconf 90' lang='lat' dir='ltr'><strong>in</strong></span> <span class='ocrx_word' id='word_1_789' title='bbox 2604 4342 2955 4398; x_wconf 86' lang='lat' dir='ltr'><strong>terrestribus</strong></span> <span class='ocrx_word' id='word_1_790' title='bbox 2979 4340 3117 4397; x_wconf 83' lang='lat' dir='ltr'><strong>locis</strong></span> <span class='ocrx_word' id='word_1_791' title='bbox 3146 4343 3504 4406; x_wconf 87' lang='lat' dir='ltr'><strong>commorari,</strong></span> <span class='ocrx_word' id='word_1_792' title='bbox 3549 4351 3680 4397; x_wconf 89' lang='lat' dir='ltr'><strong>tunc</strong></span> 
     </span>
    </p>
   </div>
   <div class='ocr_carea' id='block_1_106' title="bbox 2084 4434 3676 4506">
    <p class='ocr_par' dir='ltr' id='par_1_106' title="bbox 2084 4434 3676 4506">
     <span class='ocr_line' id='line_1_106' title="bbox 2084 4434 3676 4506; baseline 0.001 -18"><span class='ocrx_word' id='word_1_793' title='bbox 2084 4450 2180 4506; x_wconf 91' lang='lat' dir='ltr'><strong>per</strong></span> <span class='ocrx_word' id='word_1_794' title='bbox 2208 4443 2451 4505; x_wconf 89' lang='lat' dir='ltr'><strong>apertam</strong></span> <span class='ocrx_word' id='word_1_795' title='bbox 2482 4435 2627 4489; x_wconf 85' lang='lat' dir='ltr'><strong>viam</strong></span> <span class='ocrx_word' id='word_1_796' title='bbox 2656 4435 2890 4506; x_wconf 86' lang='lat' dir='ltr'><strong>ingressi</strong></span> <span class='ocrx_word' id='word_1_797' title='bbox 2921 4444 3049 4491; x_wconf 90' lang='lat' dir='ltr'><strong>sunt</strong></span> <span class='ocrx_word' id='word_1_798' title='bbox 3072 4442 3363 4504; x_wconf 86' lang='lat' dir='ltr'><strong>sequentes</strong></span> <span class='ocrx_word' id='word_1_799' title='bbox 3391 4434 3676 4490; x_wconf 89' lang='lat' dir='ltr'><strong>dominum</strong></span> 
     </span>
    </p>
   </div>
   <div class='ocr_carea' id='block_1_107' title="bbox 2092 4526 3680 4597">
    <p class='ocr_par' dir='ltr' id='par_1_107' title="bbox 2092 4526 3680 4597">
     <span class='ocr_line' id='line_1_107' title="bbox 2092 4526 3680 4597; baseline -0.001 -15"><span class='ocrx_word' id='word_1_800' title='bbox 2092 4541 2278 4592; x_wconf 88' lang='lat' dir='ltr'><strong>suum,</strong></span> <span class='ocrx_word' id='word_1_801' title='bbox 2308 4535 2362 4581; x_wconf 91' lang='lat' dir='ltr'><strong>et</strong></span> <span class='ocrx_word' id='word_1_802' title='bbox 2397 4535 2648 4596; x_wconf 88' lang='lat' dir='ltr'><strong>parentes</strong></span> <span class='ocrx_word' id='word_1_803' title='bbox 2680 4526 2941 4581; x_wconf 83' lang='lat' dir='ltr'><strong>voluntati</strong></span> <span class='ocrx_word' id='word_1_804' title='bbox 2980 4529 3101 4597; x_wconf 89' lang='lat' dir='ltr'><strong>ejus</strong></span> <span class='ocrx_word' id='word_1_805' title='bbox 3138 4527 3228 4596; x_wconf 90' lang='lat' dir='ltr'><strong>qui</strong></span> <span class='ocrx_word' id='word_1_806' title='bbox 3275 4526 3556 4582; x_wconf 84' lang='lat' dir='ltr'><strong>distribuit</strong></span> <span class='ocrx_word' id='word_1_807' title='bbox 3581 4540 3680 4581; x_wconf 83' lang='lat' dir='ltr'><strong>eos</strong></span> 
     </span>
    </p>
   </div>
   <div class='ocr_carea' id='block_1_108' title="bbox 2090 4618 3674 4676">
    <p class='ocr_par' dir='ltr' id='par_1_108' title="bbox 2090 4618 3674 4676">
     <span class='ocr_line' id='line_1_108' title="bbox 2090 4618 3674 4676; baseline 0.001 -2"><span class='ocrx_word' id='word_1_808' title='bbox 2090 4620 2345 4675; x_wconf 89' lang='lat' dir='ltr'><strong>custodes</strong></span> <span class='ocrx_word' id='word_1_809' title='bbox 2373 4620 2709 4674; x_wconf 86' lang='lat' dir='ltr'><strong>credentium</strong></span> <span class='ocrx_word' id='word_1_810' title='bbox 2744 4620 2951 4673; x_wconf 89' lang='lat' dir='ltr'><strong>nomini</strong></span> <span class='ocrx_word' id='word_1_811' title='bbox 2986 4635 3109 4674; x_wconf 90' lang='lat' dir='ltr'><strong>suo.</strong></span> <span class='ocrx_word' id='word_1_812' title='bbox 3145 4618 3226 4674; x_wconf 87' lang='lat' dir='ltr'><strong>Tu</strong></span> <span class='ocrx_word' id='word_1_813' title='bbox 3276 4619 3389 4675; x_wconf 89' lang='lat' dir='ltr'><strong>heri</strong></span> <span class='ocrx_word' id='word_1_814' title='bbox 3425 4620 3530 4676; x_wconf 89' lang='lat' dir='ltr'><strong>sub</strong></span> <span class='ocrx_word' id='word_1_815' title='bbox 3557 4620 3674 4675; x_wconf 67' lang='lat' dir='ltr'><strong>das--</strong></span> 
     </span>
    </p>
   </div>
   <div class='ocr_carea' id='block_1_109' title="bbox 2089 4708 3680 4781">
    <p class='ocr_par' dir='ltr' id='par_1_109' title="bbox 2089 4708 3680 4781">
     <span class='ocr_line' id='line_1_109' title="bbox 2089 4708 3680 4781; baseline 0.001 -19"><span class='ocrx_word' id='word_1_816' title='bbox 2089 4710 2277 4763; x_wconf 79' lang='lat' dir='ltr'><strong>monia</strong></span> <span class='ocrx_word' id='word_1_817' title='bbox 2305 4723 2449 4776; x_wconf 88' lang='lat' dir='ltr'><strong>eras,</strong></span> <span class='ocrx_word' id='word_1_818' title='bbox 2483 4708 2647 4763; x_wconf 87' lang='lat' dir='ltr'><strong>hodie</strong></span> <span class='ocrx_word' id='word_1_819' title='bbox 2681 4709 2784 4764; x_wconf 90' lang='lat' dir='ltr'><strong>sub</strong></span> <span class='ocrx_word' id='word_1_820' title='bbox 2808 4710 3020 4781; x_wconf 78' lang='lat' dir='ltr'><strong>angelo.</strong></span> <span class='ocrx_word' id='word_1_821' title='bbox 3059 4708 3258 4771; x_wconf 86' lang='lat' dir='ltr'><strong>Nolite,</strong></span> <span class='ocrx_word' id='word_1_822' title='bbox 3291 4710 3466 4780; x_wconf 89' lang='lat' dir='ltr'><strong>inquit</strong></span> <span class='ocrx_word' id='word_1_823' title='bbox 3493 4709 3680 4764; x_wconf 71' lang='lat' dir='ltr'><strong>Domi-‘-</strong></span> 
     </span>
    </p>
   </div>
   <div class='ocr_carea' id='block_1_110' title="bbox 2087 4802 3674 4873">
    <p class='ocr_par' dir='ltr' id='par_1_110' title="bbox 2087 4802 3674 4873">
     <span class='ocr_line' id='line_1_110' title="bbox 2087 4802 3674 4873; baseline 0.001 -17"><span class='ocrx_word' id='word_1_824' title='bbox 2087 4817 2192 4858; x_wconf 91' lang='lat' dir='ltr'><strong>nus</strong></span> <span class='ocrx_word' id='word_1_825' title='bbox 2225 4803 2623 4868; x_wconf 75' lang='lat' dir='ltr'><strong>“,contemnere</strong></span> <span class='ocrx_word' id='word_1_826' title='bbox 2647 4818 2812 4855; x_wconf 88' lang='lat' dir='ltr'><strong>unum</strong></span> <span class='ocrx_word' id='word_1_827' title='bbox 2841 4802 2905 4857; x_wconf 88' lang='lat' dir='ltr'><strong>de</strong></span> <span class='ocrx_word' id='word_1_828' title='bbox 2936 4804 3169 4857; x_wconf 81' lang='lat' dir='ltr'><strong>minimis</strong></span> <span class='ocrx_word' id='word_1_829' title='bbox 3197 4804 3317 4856; x_wconf 86' lang='lat' dir='ltr'><strong>istis</strong></span> <span class='ocrx_word' id='word_1_830' title='bbox 3342 4804 3435 4873; x_wconf 91' lang='lat' dir='ltr'><strong>qui</strong></span> <span class='ocrx_word' id='word_1_831' title='bbox 3462 4811 3592 4858; x_wconf 87' lang='lat' dir='ltr'><strong>sunt</strong></span> <span class='ocrx_word' id='word_1_832' title='bbox 3619 4804 3674 4858; x_wconf 85' lang='lat' dir='ltr'><strong>in</strong></span> 
     </span>
    </p>
   </div>
   <div class='ocr_carea' id='block_1_111' title="bbox 2083 4894 3675 4968">
    <p class='ocr_par' dir='ltr' id='par_1_111' title="bbox 2083 4894 3675 4968">
     <span class='ocr_line' id='line_1_111' title="bbox 2083 4894 3675 4968; baseline 0.001 -19"><span class='ocrx_word' id='word_1_833' title='bbox 2083 4894 2350 4950; x_wconf 80' lang='lat' dir='ltr'><strong>Ecclesia.</strong></span> <span class='ocrx_word' id='word_1_834' title='bbox 2380 4894 2547 4948; x_wconf 80' lang='lat' dir='ltr'><strong>Amen</strong></span> <span class='ocrx_word' id='word_1_835' title='bbox 2580 4894 2719 4948; x_wconf 89' lang='lat' dir='ltr'><strong>enim</strong></span> <span class='ocrx_word' id='word_1_836' title='bbox 2745 4896 2864 4948; x_wconf 84' lang='lat' dir='ltr'><strong>dico</strong></span> <span class='ocrx_word' id='word_1_837' title='bbox 2894 4894 3070 4963; x_wconf 83' lang='lat' dir='ltr'><strong>vobis,</strong></span> <span class='ocrx_word' id='word_1_838' title='bbox 3112 4897 3236 4967; x_wconf 87' lang='lat' dir='ltr'><strong>quia</strong></span> <span class='ocrx_word' id='word_1_839' title='bbox 3273 4895 3449 4968; x_wconf 84' lang='lat' dir='ltr'><strong>angeli</strong></span> <span class='ocrx_word' id='word_1_840' title='bbox 3492 4910 3675 4950; x_wconf 85' lang='lat' dir='ltr'><strong>eorum</strong></span> 
     </span>
    </p>
   </div>
   <div class='ocr_carea' id='block_1_112' title="bbox 2081 4985 3679 5059">
    <p class='ocr_par' dir='ltr' id='par_1_112' title="bbox 2081 4985 3679 5059">
     <span class='ocr_line' id='line_1_112' title="bbox 2081 4985 3679 5059; baseline -0.001 -18"><span class='ocrx_word' id='word_1_841' title='bbox 2081 5003 2173 5056; x_wconf 87' lang='lat' dir='ltr'><strong>per</strong></span> <span class='ocrx_word' id='word_1_842' title='bbox 2187 4986 2365 5039; x_wconf 88' lang='lat' dir='ltr'><strong>omnia</strong></span> <span class='ocrx_word' id='word_1_843' title='bbox 2389 4988 2561 5041; x_wconf 86' lang='lat' dir='ltr'><strong>vident</strong></span> <span class='ocrx_word' id='word_1_844' title='bbox 2589 4986 2781 5055; x_wconf 77' lang='lat' dir='ltr'><strong>faciem</strong></span> <span class='ocrx_word' id='word_1_845' title='bbox 2810 4986 2992 5041; x_wconf 85' lang='lat' dir='ltr'><strong>Patris</strong></span> <span class='ocrx_word' id='word_1_846' title='bbox 3017 4989 3108 5059; x_wconf 90' lang='lat' dir='ltr'><strong>qui</strong></span> <span class='ocrx_word' id='word_1_847' title='bbox 3133 4996 3210 5042; x_wconf 88' lang='lat' dir='ltr'><strong>est</strong></span> <span class='ocrx_word' id='word_1_848' title='bbox 3235 4987 3291 5042; x_wconf 88' lang='lat' dir='ltr'><strong>in</strong></span> <span class='ocrx_word' id='word_1_849' title='bbox 3315 4986 3479 5042; x_wconf 67' lang='lat' dir='ltr'><strong>satis.</strong></span> <span class='ocrx_word' id='word_1_850' title='bbox 3504 4985 3679 5042; x_wconf 77' lang='lat' dir='ltr'><strong>Obsc-</strong></span> 
     </span>
    </p>
   </div>
   <div class='ocr_carea' id='block_1_113' title="bbox 2080 5077 3673 5149">
    <p class='ocr_par' dir='ltr' id='par_1_113' title="bbox 2080 5077 3673 5149">
     <span class='ocr_line' id='line_1_113' title="bbox 2080 5077 3673 5149; baseline -0.001 -16"><span class='ocrx_word' id='word_1_851' title='bbox 2080 5087 2323 5149; x_wconf 90' lang='lat' dir='ltr'><strong>quuntur</strong></span> <span class='ocrx_word' id='word_1_852' title='bbox 2358 5079 2518 5133; x_wconf 85' lang='lat' dir='ltr'><strong>saluti</strong></span> <span class='ocrx_word' id='word_1_853' title='bbox 2558 5086 2662 5131; x_wconf 68' lang='lat' dir='ltr'><strong>tuae</strong></span> <span class='ocrx_word' id='word_1_854' title='bbox 2688 5077 2887 5149; x_wconf 80' lang='lat' dir='ltr'><strong>angeli,</strong></span> <span class='ocrx_word' id='word_1_855' title='bbox 2926 5078 3172 5135; x_wconf 89' lang='lat' dir='ltr'><strong>concessi</strong></span> <span class='ocrx_word' id='word_1_856' title='bbox 3208 5087 3340 5134; x_wconf 85' lang='lat' dir='ltr'><strong>sunt</strong></span> <span class='ocrx_word' id='word_1_857' title='bbox 3386 5080 3451 5134; x_wconf 87' lang='lat' dir='ltr'><strong>ad</strong></span> <span class='ocrx_word' id='word_1_858' title='bbox 3501 5078 3673 5132; x_wconf 84' lang='lat' dir='ltr'><strong>mini-</strong></span> 
     </span>
    </p>
   </div>
   <div class='ocr_carea' id='block_1_114' title="bbox 2081 5167 3673 5236">
    <p class='ocr_par' dir='ltr' id='par_1_114' title="bbox 2081 5167 3673 5236">
     <span class='ocr_line' id='line_1_114' title="bbox 2081 5167 3673 5236; baseline -0.002 -11"><span class='ocrx_word' id='word_1_859' title='bbox 2081 5172 2309 5225; x_wconf 89' lang='lat' dir='ltr'><strong>sterium</strong></span> <span class='ocrx_word' id='word_1_860' title='bbox 2342 5168 2464 5223; x_wconf 88' lang='lat' dir='ltr'><strong>Filii</strong></span> <span class='ocrx_word' id='word_1_861' title='bbox 2498 5167 2614 5236; x_wconf 92' lang='lat' dir='ltr'><strong>Dei,</strong></span> <span class='ocrx_word' id='word_1_862' title='bbox 2651 5177 2706 5222; x_wconf 88' lang='lat' dir='ltr'><strong>et</strong></span> <span class='ocrx_word' id='word_1_863' title='bbox 2731 5169 2921 5226; x_wconf 89' lang='lat' dir='ltr'><strong>dicunt</strong></span> <span class='ocrx_word' id='word_1_864' title='bbox 2948 5171 3090 5226; x_wconf 87' lang='lat' dir='ltr'><strong>inter</strong></span> <span class='ocrx_word' id='word_1_865' title='bbox 3124 5186 3184 5225; x_wconf 85' lang='lat' dir='ltr'><strong>se</strong></span> <span class='ocrx_word' id='word_1_866' title='bbox 3216 5190 3227 5225; x_wconf 95' lang='lat'><strong>:</strong></span> <span class='ocrx_word' id='word_1_867' title='bbox 3257 5172 3300 5226; x_wconf 90' lang='lat' dir='ltr'><strong>si</strong></span> <span class='ocrx_word' id='word_1_868' title='bbox 3332 5172 3421 5224; x_wconf 83' lang='lat' dir='ltr'><strong>ille</strong></span> <span class='ocrx_word' id='word_1_869' title='bbox 3447 5171 3673 5224; x_wconf 76' lang='lat' dir='ltr'><strong>descru-</strong></span> 
     </span>
    </p>
   </div>
   <div class='ocr_carea' id='block_1_115' title="bbox 2082 5258 3671 5330">
    <p class='ocr_par' dir='ltr' id='par_1_115' title="bbox 2082 5258 3671 5330">
     <span class='ocr_line' id='line_1_115' title="bbox 2082 5258 3671 5330; baseline -0.002 -16"><span class='ocrx_word' id='word_1_870' title='bbox 2082 5259 2188 5325; x_wconf 91' lang='lat' dir='ltr'><strong>dit,</strong></span> <span class='ocrx_word' id='word_1_871' title='bbox 2218 5267 2273 5314; x_wconf 93' lang='lat' dir='ltr'><strong>ct</strong></span> <span class='ocrx_word' id='word_1_872' title='bbox 2302 5258 2587 5314; x_wconf 80' lang='lat' dir='ltr'><strong>descendit</strong></span> <span class='ocrx_word' id='word_1_873' title='bbox 2625 5258 2678 5314; x_wconf 92' lang='lat' dir='ltr'><strong>in</strong></span> <span class='ocrx_word' id='word_1_874' title='bbox 2707 5275 2942 5330; x_wconf 88' lang='lat' dir='ltr'><strong>corpus,</strong></span> <span class='ocrx_word' id='word_1_875' title='bbox 2987 5261 3031 5315; x_wconf 88' lang='lat' dir='ltr'><strong>si</strong></span> <span class='ocrx_word' id='word_1_876' title='bbox 3067 5260 3285 5317; x_wconf 88' lang='lat' dir='ltr'><strong>mortali</strong></span> <span class='ocrx_word' id='word_1_877' title='bbox 3336 5260 3559 5316; x_wconf 90' lang='lat' dir='ltr'><strong>indutus</strong></span> <span class='ocrx_word' id='word_1_878' title='bbox 3586 5266 3671 5312; x_wconf 83' lang='lat' dir='ltr'><strong>est</strong></span> 
     </span>
    </p>
   </div>
   <div class='ocr_carea' id='block_1_116' title="bbox 2082 5351 3673 5422">
    <p class='ocr_par' dir='ltr' id='par_1_116' title="bbox 2082 5351 3673 5422">
     <span class='ocr_line' id='line_1_116' title="bbox 2082 5351 3673 5422; baseline -0.003 -17"><span class='ocrx_word' id='word_1_879' title='bbox 2082 5365 2270 5415; x_wconf 88' lang='lat' dir='ltr'><strong>carne,</strong></span> <span class='ocrx_word' id='word_1_880' title='bbox 2303 5359 2356 5405; x_wconf 94' lang='lat' dir='ltr'><strong>et</strong></span> <span class='ocrx_word' id='word_1_881' title='bbox 2382 5351 2644 5405; x_wconf 90' lang='lat' dir='ltr'><strong>sustinuit</strong></span> <span class='ocrx_word' id='word_1_882' title='bbox 2676 5366 2919 5415; x_wconf 91' lang='lat' dir='ltr'><strong>crucem,</strong></span> <span class='ocrx_word' id='word_1_883' title='bbox 2951 5359 3005 5406; x_wconf 89' lang='lat' dir='ltr'><strong>et</strong></span> <span class='ocrx_word' id='word_1_884' title='bbox 3036 5366 3135 5422; x_wconf 92' lang='lat' dir='ltr'><strong>pro</strong></span> <span class='ocrx_word' id='word_1_885' title='bbox 3162 5351 3478 5406; x_wconf 87' lang='lat' dir='ltr'><strong>hominibus</strong></span> <span class='ocrx_word' id='word_1_886' title='bbox 3523 5364 3673 5402; x_wconf 87' lang='lat' dir='ltr'><strong>mor-</strong></span> 
     </span>
    </p>
   </div>
   <div class='ocr_carea' id='block_1_117' title="bbox 2083 5442 3667 5513">
    <p class='ocr_par' dir='ltr' id='par_1_117' title="bbox 2083 5442 3667 5513">
     <span class='ocr_line' id='line_1_117' title="bbox 2083 5442 3667 5513; baseline -0.001 -17"><span class='ocrx_word' id='word_1_887' title='bbox 2083 5452 2213 5496; x_wconf 90' lang='lat' dir='ltr'><strong>tuus</strong></span> <span class='ocrx_word' id='word_1_888' title='bbox 2240 5450 2345 5506; x_wconf 86' lang='lat' dir='ltr'><strong>est,</strong></span> <span class='ocrx_word' id='word_1_889' title='bbox 2374 5442 2504 5507; x_wconf 90' lang='lat' dir='ltr'><strong>quid</strong></span> <span class='ocrx_word' id='word_1_890' title='bbox 2536 5456 2637 5496; x_wconf 89' lang='lat' dir='ltr'><strong>nos</strong></span> <span class='ocrx_word' id='word_1_891' title='bbox 2671 5443 3045 5511; x_wconf 82' lang='lat' dir='ltr'><strong>quiescimus?</strong></span> <span class='ocrx_word' id='word_1_892' title='bbox 3090 5443 3221 5512; x_wconf 86' lang='lat' dir='ltr'><strong>quid</strong></span> <span class='ocrx_word' id='word_1_893' title='bbox 3252 5442 3529 5513; x_wconf 84' lang='lat' dir='ltr'><strong>parcimus</strong></span> <span class='ocrx_word' id='word_1_894' title='bbox 3562 5452 3667 5494; x_wconf 79' lang='lat' dir='ltr'><strong>no-</strong></span> 
     </span>
    </p>
   </div>
   <div class='ocr_carea' id='block_1_118' title="bbox 2083 5531 3671 5606">
    <p class='ocr_par' dir='ltr' id='par_1_118' title="bbox 2083 5531 3671 5606">
     <span class='ocr_line' id='line_1_118' title="bbox 2083 5531 3671 5606; baseline -0.002 -16"><span class='ocrx_word' id='word_1_895' title='bbox 2083 5534 2192 5591; x_wconf 86' lang='lat' dir='ltr'><strong>bis?</strong></span> <span class='ocrx_word' id='word_1_896' title='bbox 2222 5532 2319 5589; x_wconf 87' lang='lat' dir='ltr'><strong>Eia</strong></span> <span class='ocrx_word' id='word_1_897' title='bbox 2351 5538 2544 5589; x_wconf 84' lang='lat' dir='ltr'><strong>omnes</strong></span> <span class='ocrx_word' id='word_1_898' title='bbox 2575 5535 2753 5606; x_wconf 78' lang='lat' dir='ltr'><strong>angeli</strong></span> <span class='ocrx_word' id='word_1_899' title='bbox 2784 5535 3181 5590; x_wconf 88' lang='lat' dir='ltr'><strong>descendamus</strong></span> <span class='ocrx_word' id='word_1_900' title='bbox 3207 5550 3237 5588; x_wconf 94' lang='lat' dir='ltr'><strong>c</strong></span> <span class='ocrx_word' id='word_1_901' title='bbox 3267 5534 3430 5590; x_wconf 76' lang='lat' dir='ltr'><strong>cmto.</strong></span> <span class='ocrx_word' id='word_1_902' title='bbox 3462 5531 3585 5587; x_wconf 64' lang='lat' dir='ltr'><strong>ideo</strong></span> <span class='ocrx_word' id='word_1_903' title='bbox 3612 5535 3671 5587; x_wconf 85' lang='lat' dir='ltr'><strong>et</strong></span> 
     </span>
    </p>
   </div>
   <div class='ocr_carea' id='block_1_119' title="bbox 2729 5740 3664 5812">
    <p class='ocr_par' dir='ltr' id='par_1_119' title="bbox 2729 5740 3664 5812">
     <span class='ocr_line' id='line_1_119' title="bbox 2729 5740 3664 5812; baseline 0.005 -18"><span class='ocrx_word' id='word_1_904' title='bbox 2729 5742 2775 5775; x_wconf 75' lang='grc'><strong>⁸⁸</strong></span> <span class='ocrx_word' id='word_1_905' title='bbox 2811 5742 2942 5797; x_wconf 89' lang='lat' dir='ltr'><strong>ibid.</strong></span> <span class='ocrx_word' id='word_1_906' title='bbox 2967 5742 3020 5795; x_wconf 68' lang='grc'><strong>2.</strong></span> <span class='ocrx_word' id='word_1_907' title='bbox 3100 5743 3145 5773; x_wconf 75' lang='grc'>⁵⁸</span> <span class='ocrx_word' id='word_1_908' title='bbox 3182 5740 3325 5797; x_wconf 85' lang='lat' dir='ltr'><strong>Psal.</strong></span> <span class='ocrx_word' id='word_1_909' title='bbox 3362 5757 3584 5812; x_wconf 68' lang='lat' dir='ltr'><strong>curm,</strong></span> <span class='ocrx_word' id='word_1_910' title='bbox 3608 5743 3664 5799; x_wconf 68' lang='lat'><strong>4.</strong></span> 
     </span>
    </p>
   </div>
  </div>
