2070 3214
244 166 299 194 675

845 167 1008 197 omoENts
1025 167 1060 195 tN
1080 167 1297 196 EZECHIELEM
1335 161 1339 165 ’

1812 170 1876 198 σκλ

244 217 391 252 mmittulo
407 225 509 252 militia:
524 222 645 252 easiestis
654 229 713 252 erat
724 225 895 252 laudantium
910 232 937 253 et
949 227 1032 261 glori-
1048 231 1068 256 Α
1083 226 1193 260 quidam
1209 226 1245 252 dii
1263 225 1340 257 estis,
1358 224 1503 260 et‘quidam
1517 234 1570 253 non
1582 226 1669 260 estis;
1687 234 1793 260 verum,
1806 235 1866 255 om-

244 269 385 297 ﬂeantimn
402 270 497 301 Deum,
506 270 619 305 quando
635 275 715 297 natus
730 276 772 297 est
780 270 916 298 Christus.
930 271 1028 299 Omnia

244 315 348 349 angelis
361 315 440 349 plena
452 319 526 346 sunt;
544 315 618 347 veni,
638 315 748 349 angele,
776 315 885 350 suscipe
901 324 1028 344 sermone

242 367 405 388 cottversum
419 361 453 387 ub
465 367 559 387 errore
573 360 699 395 pristino,
715 368 730 387 a
744 361 868 388 doctrina
880 362 1029 389 daemonio-

242 413 313 437 rmn,
328 406 362 432 ab
377 406 519 440 iniquitate
534 406 559 432 in
578 406 662 433 altum
675 407 803 441 loquente
818 417 823 434 :
836 412 863 435 ct
876 408 1027 442 suscipiens

241 458 302 476 eum
321 451 399 484 quasi
417 451 538 478 medicus
559 451 649 478 bonus
671 451 785 478 confuve
807 457 888 486 atque
905 454 1030 480 institue:

242 497 370 530 parvulus
386 502 436 524 est.
453 496 534 523 hodie
556 497 677 523 nascitur
694 505 776 524 senex
802 505 998 531 repuerasecns
1018 507 1024 526 :

239 548 266 568 et
280 542 388 576 suscipe
405 542 526 568 tribuens
541 542 564 568 ei
581 542 745 576 baptismum
766 542 892 569 secunda:
914 551 1025 578 regene-

239 587 363 617 rationis,
382 592 408 614 ot
430 587 532 614 advoca
548 587 595 614 tibi
610 588 677 614 alios
696 588 786 614 socios
807 588 949 615 ministerii
976 589 1025 621 tui,

239 637 270 658 ut
291 632 381 659 cuncti
407 633 508 666 pariter
524 640 572 659 eos
596 633 641 666 qui
664 633 812 667 aliquando
829 634 932 668 decepti
951 638 1023 665 sunt,

237 678 368 706 erudiatis
380 679 412 704 ad
426 679 514 704 Iidem.
530 678 661 704 Gaudium
673 680 740 705 enim
752 685 790 706 est
808 680 895 714 majus
907 681 934 706 in
951 681 1023 707 uelis

237 731 315 756 super
329 731 410 749 unum
425 728 585 757 peccatore»:
601 725 779 758 penitentiam
794 729 928 759 agentem.
946 732 1025 758 quam

238 777 319 801 supra
343 770 485 802 nonaginta
505 777 593 795 not-em
606 770 694 803 justas
714 769 809 804 quibus
830 778 881 797 non
899 775 937 796 est
960 778 1023 804 opus

238 814 390 847 ptenitentia
404 815 435 841 ⁵³.
455 815 576 841 Exsultat
595 816 683 842 nnmis
704 821 827 843 creatura
840 837 849 848 ,
873 817 1024 843 collactalnr

237 865 264 886 et
278 860 416 893 applaudit
427 860 468 886 bis
485 860 531 894 qui
547 860 670 887 salvandi
685 864 759 886 sunt.
776 860 843 887 Nam
863 862 1023 895 exspectatio

235 911 365 932 creatum
383 906 564 932 reuelationem
582 906 697 933 ﬁliorum
722 907 768 933 Dei
787 911 918 940 exspectat
939 908 972 935 “.
990 907 1023 934 Et

236 952 300 979 licet
310 952 396 979 nolint
407 952 425 979 ii
438 953 483 987 qui
498 952 652 987 Seripturas
665 954 829 987 apostolicus
842 953 1022 986 interpolave-

235 1003 297 1025 runt
315 998 466 1026 istiusmodi
487 1006 626 1026 sermones
642 999 733 1027 inesse
756 999 832 1026 libris
845 1006 940 1026 eorum
961 999 1022 1033 qui-

235 1044 286 1070 bus
299 1044 383 1078 possit
397 1048 502 1071 creator
515 1044 641 1071 Christus
653 1044 810 1078 approhari,
824 1048 963 1077 exspectat
981 1048 1021 1070 ta-

236 1098 297 1116 men
313 1091 401 1118 omnis
410 1096 535 1117 creawra
555 1091 624 1117 lilios
641 1090 698 1120 Dei,
716 1090 825 1124 quando
843 1090 990 1116 liberentur
1006 1098 1020 1116 a

234 1135 343 1168 delicto,
361 1136 470 1171 quando
481 1136 640 1164 auferantur
652 1136 686 1163 de
697 1135 791 1162 Zabuli
803 1143 899 1166 manu,
910 1135 1020 1169 quando

235 1187 428 1217 regenerentur
440 1190 455 1210 ι
468 1183 591 1210 Christo.
611 1181 710 1209 Verum
725 1181 782 1217 jam
799 1185 907 1216 tempus
923 1186 974 1212 est,
991 1185 1021 1207 nt

233 1227 402 1262 de-prtcsenti
419 1227 479 1255 loco
505 1227 594 1262 aliqua
620 1232 775 1262 tangamus.
794 1226 865 1254 Vidit
891 1227 1019 1261 propheta

234 1279 286 1297 non
300 1272 450 1303 visionem,
474 1272 520 1298 sed
544 1272 662 1298 visiones
686 1271 742 1298 Dei.
764 1271 856 1304 Quare
877 1279 931 1298 non
954 1272 1019 1298 vidit

235 1322 340 1345 tntum.
368 1315 415 1342 sed
445 1315 577 1349 plurimas
606 1315 748 1343 visiones?
772 1316 841 1343 A-utli
874 1316 1018 1343 Dominum

232 1361 402 1395 polliceth
415 1366 498 1396 atque
508 1362 642 1390 dicentem
660 1371 666 1390 :
682 1362 737 1398 Ego
750 1363 864 1390 risiones
888 1363 1018 1398 multipli-

231 1415 262 1433 ca
266 1407 289 1433 vi
305 1407 338 1433 “.

266 1452 292 1479 8.
309 1452 415 1485 'Quiutu
435 1454 540 1480 inermis.
555 1453 607 1480 Hie
623 1462 712 1482 annus
722 1455 836 1489 quintus
850 1455 1018 1490 captivitatis

232 1498 305 1533 regis
318 1498 453 1525 Joachim.
467 1498 618 1526 Trioesimo
638 1507 710 1526 anno
724 1501 813 1527 rotatis
828 1499 977 1528 Ezechielis
992 1506 1019 1529 et

1080 278 1129 298 IM‘S
1144 271 1180 297 dii
1198 271 1276 298 estis.
1293 270 1321 297 Si
1337 268 1426 298 mitem
1454 272 1639 305 peccaret-itis,
1657 272 1782 299 ausculta
1798 273 1866 308 quid

1079 317 1221 351 sequitur:
1244 316 1293 344 Vos
1308 325 1367 343 vero
1387 321 1415 343 ut
1440 318 1556 345 honaines
1574 319 1730 345 moriemini.
1747 318 1805 345 Non
1824 323 1866 347 est

1080 362 1137 389 hac
1148 363 1227 397 culpa
1255 363 1378 389 vocantis
1402 364 1434 389 ad
1463 364 1590 396 salutem,
1623 372 1677 390 non
1708 364 1863 398 ipsecausa

1080 408 1176 434 mortis
1190 408 1236 441 qui
1255 408 1350 434 invitat
1367 408 1399 434 ad
1427 408 1605 439 divinitatem,
1635 413 1661 435 et
1683 409 1715 435 ad
1746 409 1865 437 caelestis

1079 458 1183 479 natura2
1200 453 1384 487 adoptionem,
1403 454 1448 479 sed
1469 454 1494 479 in
1513 459 1606 480 nostro
1631 459 1750 488 peccato,
1778 459 1806 481 et
1835 455 1864 483 in

1078 504 1172 524 nostro
1188 499 1289 525 scelere
1310 499 1433 525 consistit
1461 499 1532 533 quod
1556 499 1675 525 dicitur:
1698 498 1752 525 Vos
1775 505 1864 526 autem

1078 548 1104 569 ut
1119 544 1235 569 homines
1250 544 1407 575 moriemini,
1435 549 1458 569 et
1480 544 1556 577 quasi
1572 552 1638 569 unus
1652 544 1682 569 de
1701 545 1864 578 principibus

1077 589 1187 614 cadetis.
1204 588 1279 615 Militi
1294 589 1431 623 principes
1449 594 1537 619 erant,
1562 594 1590 615 et
1607 597 1677 615 llllllS
1693 598 1723 615 cx
1745 590 1785 616 eis
1799 581 1862 617 i-or-

1078 635 1141 664 ruit,
1158 635 1189 661 de
1201 639 1294 669 quoet
1309 635 1334 660 in
1354 634 1452 661 Genesi
1473 635 1603 661 scribitur
1618 635 1639 650 "’
1660 644 1666 660 :
1688 635 1755 662 Ecce
1776 636 1862 662 Adam

1076 681 1163 714 [actus
1181 686 1230 711 est,
1249 689 1301 706 non
1315 680 1392 714 quasi
1406 688 1467 710 nos,
1480 681 1525 706 sed
1544 681 1621 714 quasi
1647 689 1713 707 unus
1728 689 1761 707 ea:
1775 682 1860 708 nobis.

1076 725 1145 760 Ergo
1158 726 1268 760 quando
1282 726 1402 760 peccavit
1418 726 1514 753 Adam.
1530 731 1594 753 tunc
1615 729 1703 753 lactus
1719 731 1762 754 est
1780 727 1860 762 quasi

1076 780 1157 799 llllllS.

1112 819 1154 845 10.
1172 818 1205 845 Et
1219 819 1306 852 [nctus
1321 823 1358 844 cu
1370 825 1454 844 sermo
1468 817 1573 844 Domini
1594 818 1628 844 ad
1645 818 1807 845 Esca/tidem
1822 819 1859 854 [i-

1076 863 1139 890 lium
1158 864 1234 891 Buzi.
1261 864 1372 891 Etiamsi
1387 864 1420 891 de
1434 865 1573 892 Salvator.)
1586 865 1646 891 limo
1656 865 1727 891 dicta
1742 865 1860 892 voluens

1075 909 1235 943 intelligere,
1253 918 1285 936 ne
1298 911 1405 942 timeas,
1424 910 1504 936 habet
1518 916 1544 936 et
1567 909 1606 936 sic
1634 909 1760 942 allegoria
1781 908 1859 935 intel-

1074 953 1172 980 lectum
1186 960 1265 981 suum
1280 962 1287 980 :
1305 956 1378 981 Venit
1390 963 1481 982 sermo
1498 954 1604 981 Domitii
1632 955 1664 980 ad
1685 962 1747 980 eum
1764 953 1810 988 qui
1824 953 1859 980 dc

1073 998 1175 1032 virgine
1191 999 1362 1030 nascebatur,
1379 1000 1404 1026 id
1421 1004 1462 1026 est
1474 998 1622 1030 hominem,
1635 1006 1724 1026 sermo
1751 1006 1860 1033 semper

1073 1042 1099 1068 in
1111 1041 1190 1069 Patre
1205 1050 1317 1070 manens
1333 1054 1338 1070 :
1360 1048 1388 1070 ut
1405 1044 1499 1070 tierent
1514 1048 1627 1078 utraque
1644 1051 1739 1074 unum,
1754 1049 1782 1071 et
1795 1052 1861 1070 roti-

1072 1089 1223 1115 sociaretur
1239 1089 1331 1121 homo,
1345 1097 1425 1124 quem
1444 1090 1478 1116 oh
1508 1095 1708 1116 sacramentum
1737 1095 1763 1116 et
1780 1089 1856 1117 saltt-

1072 1137 1125 1160 tetu
1145 1133 1278 1161 universae
1294 1134 1470 1161 humanitatis
1494 1135 1627 1167 indueret,
1641 1135 1775 1162 divinitati
1796 1135 1856 1169 ejus

1071 1183 1098 1206 et
1116 1184 1220 1206 natura:
1234 1180 1365 1215 unigeniti
1392 1181 1449 1208 Dei.
1471 1181 1571 1208 Factus
1593 1187 1632 1208 est
1649 1189 1733 1208 sermo
1751 1181 1856 1208 Domini

1071 1225 1106 1251 ad
1134 1224 1297 1253 Ezechiele":
1322 1227 1409 1260 ﬁlium
1442 1226 1524 1259 Buzi,
1549 1226 1709 1253 sacerdotem
1736 1227 1763 1253 in
1785 1233 1856 1254 terra

1071 1271 1267 1300 Clmlda'orum.
1289 1272 1407 1300 Chaldaei
1433 1273 1467 1300 de
1501 1273 1658 1300 ccelcslihus
1694 1273 1854 1308 disputant;

1070 1316 1187 1344 Chaldtei
1202 1318 1355 1345 nativitates
1368 1319 1507 1345 hominum
1521 1318 1727 1345 ratiocinantur.
1739 1318 1769 1344 In
1784 1324 1856 1345 term

1070 1363 1268 1390 Chaldworum.
1287 1363 1371 1396 Quasi
1398 1365 1420 1391 si
1446 1364 1529 1396 dicat,
1546 1372 1640 1391 eorum
1669 1364 1714 1398 qui
1729 1367 1858 1391 asserunt

1070 1408 1277 1441 fatum,eorum
1308 1410 1355 1444 qui
1383 1418 1482 1437 causas
1502 1410 1686 1437 universitatis
1716 1414 1854 1436 astrorum

1070 1456 1185 1482 circuitu
1202 1456 1350 1482 vindicant.
1386 1455 1437 1482 Iste
1468 1463 1533 1490 ergo
1563 1464 1635 1482 nunc
1657 1463 1746 1487 error,
1762 1460 1789 1482 et
1803 1455 1856 1483 ista

1070 1502 1168 1528 mentis
1184 1501 1347 1535 perversitas
1359 1501 1508 1535 ﬁguraliter
1526 1501 1552 1528 in
1570 1500 1758 1528 Chaldzcorum
1783 1505 1856 1528 terra

232 1545 326 1578 quinto
334 1544 500 1578 capti-vitatis
511 1543 644 1577 Joaehim,
657 1546 786 1580 propheta
798 1547 914 1573 mittitur
926 1547 959 1573 ad
970 1546 1052 1581 Ju—c
1070 1548 1247 1582 significatur.
1277 1546 1310 1574 In
1347 1551 1418 1573 terra
1443 1547 1627 1573 Clialdworum
1657 1555 1730 1573 secus
1757 1547 1856 1581 [lumen

232 1587 315 1616 dans.
329 1588 386 1615 Non
399 1590 521 1624 despexit
531 1590 759 1618 clementissimus
774 1597 859 1626 pater,
872 1599 922 1619 nec
937 1593 1017 1627 longe

231 1639 353 1668 tempore
369 1635 594 1663 incouuuonitum
609 1636 738 1671 populum
754 1637 907 1672 dereliquit.
931 1638 1015 1670 Quin-

230 1683 275 1706 tus
287 1684 329 1706 est
343 1687 441 1707 annus.
451 1679 586 1712 Quantum
605 1681 735 1715 temporis
751 1681 917 1708 intercessit?
928 1682 1012 1714 Quin-

231 1731 285 1760 με
308 1725 372 1751 anni
401 1725 606 1752 intertiuxerunt
629 1734 661 1753 ex
683 1734 738 1760 quo
758 1727 855 1762 captivi
883 1729 1014 1755 serviunt.

235 1769 332 1798 Statim
347 1770 485 1797 descendit
510 1771 628 1805 Spiritus
650 1776 781 1804 sanctus,
804 1772 887 1808 359
910 1773 1018 1807 aperuit

231 1817 324 1848 culos,
341 1822 371 1845 ut
382 1817 409 1844 hi
425 1818 472 1852 qui
490 1818 658 1852 captivitatis
672 1818 737 1853 iugo
751 1821 953 1853 premebantur,
977 1820 1017 1847 vi-

229 1862 326 1890 derent
346 1870 381 1889 ea
407 1871 467 1897 qua:
488 1863 653 1890 videbantur
683 1872 698 1890 ιι
731 1867 871 1898 propheta.
906 1864 1016 1892 Dicente

230 1908 330 1942 quippe
342 1916 376 1935 eo
396 1918 402 1935 :
431 1909 462 1935 Et
478 1909 564 1943 aperti
579 1915 638 1936 sunt
655 1910 729 1940 caeli,
752 1911 869 1944 quodam
887 1911 968 1937 modo
989 1916 1016 1938 et

230 1952 282 1987 ipsi
300 1953 474 1981 intuebantur
488 1955 576 1982 oculis
590 1955 680 1982 cordis
695 1963 756 1990 qua:
771 1956 815 1985 ille
833 1957 914 1984 etiam
928 1957 1017 1984 oculis

229 1999 321 2026 curitis
330 2005 485 2033 aspexerat.

264 2043 292 2071 9.
310 2043 345 2070 Et
363 2044 450 2078 factus
460 2049 594 2072 atumo
612 2045 721 2073 Domini
742 2045 776 2072 ad
803 2045 965 2072 Ezecliielem
983 2046 1017 2079 [i-

230 2089 296 2116 lium
318 2089 385 2116 Buzi
402 2090 575 2117 sacerdotem.
598 2090 694 2118 Sermo
718 2090 826 2118 Domini
836 2090 886 2125 qui
900 2090 926 2117 itt
941 2091 1016 2125 prin-

229 2136 300 2170 cipio
316 2139 374 2163 erat
385 2136 456 2170 apud
471 2135 555 2163 Deum
572 2135 679 2164 Patrem
697 2137 767 2164 Deus
785 2136 1015 2167 Yerbum,sermo

228 2179 276 2213 qui
289 2179 431 2207 credentes
443 2179 525 2207 allicit
544 2180 620 2207 deos.
645 2180 675 2207 Si
700 2181 773 2208 enim
792 2181 861 2208 dixit
875 2180 935 2208 illos
950 2181 1015 2208 deos

1070 1592 1184 1620 Chobar.
1200 1592 1319 1627 Etfacta
1330 1597 1367 1619 est
1393 1592 1448 1618 illic
1459 1601 1537 1626 super
1558 1600 1597 1619 me
1618 1601 1711 1619 manus
1739 1593 1854 1620 Domini.

1070 1639 1101 1666 Et
1120 1647 1211 1667 sermo
1227 1638 1333 1665 Domini
1351 1638 1439 1665 factus
1452 1645 1493 1665 est
1520 1638 1552 1665 ad
1575 1638 1744 1672 prophetam,
1758 1642 1783 1665 et
1797 1645 1858 1664 ma-

1067 1693 1120 1712 nus
1133 1690 1162 1711 ut
1172 1689 1198 1711 et
1212 1683 1291 1711 factis
1307 1688 1452 1710 ornaretur
1463 1688 1490 1710 et
1506 1683 1605 1710 verbis.
1624 1683 1657 1709 Et
1670 1684 1722 1710 ridi
1733 1685 1855 1711 visiones.

1068 1731 1165 1764 Aliqua
1180 1729 1372 1764 perstringam,
1391 1734 1418 1755 et
1428 1729 1491 1756 licet
1514 1736 1564 1763 pro
1579 1730 1703 1764 angustia
1724 1730 1858 1764 temporis

1066 1783 1097 1802 ea
1134 1782 1195 1809 quae
1230 1774 1307 1806 dixi,
1340 1774 1447 1809 possint
1485 1775 1623 1806 sullicere.
1652 1779 1741 1802 tamen
1773 1776 1856 1804 etiam

1066 1821 1099 1847 de
1119 1824 1175 1847 toto
1194 1826 1307 1854 corpore
1321 1818 1435 1846 visionis
1446 1826 1552 1845 summa
1570 1826 1684 1853 quaeque
1700 1819 1802 1846 libabo.

1103 1866 1145 1892 il.
1164 1865 1197 1892 Et
1214 1865 1277 1896 vidi,
1301 1869 1325 1890 et
1341 1872 1399 1891 ecce
1410 1864 1519 1898 spiritus
1548 1872 1655 1898 surgens
1679 1865 1795 1891 verrit»an
1820 1864 1856 1891 ab

1069 1911 1209 1946 Aquilone.
1236 1909 1382 1945 Diligenter
1414 1909 1557 1936 considera
1589 1917 1678 1936 rerum
1708 1917 1854 1937 numerum

1067 1965 1128 1991 qum
1138 1957 1287 1983 dicuntur:
1310 1956 1423 1990 spiritus
1440 1962 1555 1991 surgens
1577 1963 1634 1982 srve
1665 1955 1792 1983 auferens
1808 1963 1856 1994 ve-

1067 2001 1157 2028 nit-bat
1174 2001 1208 2028 ab
1228 2001 1371 2036 Aquilone,
1388 2008 1450 2028 ecce
1463 2008 1517 2027 una
1538 2008 1591 2027 res.
1616 1999 1650 2026 Et
1665 2001 1744 2027 nubes
1758 2009 1855 2035 magno

1066 2050 1123 2072 erat
1138 2046 1165 2072 in
1175 2054 1215 2078 co,
1238 2053 1300 2073 ecce
1316 2046 1385 2072 dum.
1410 2045 1442 2071 Et
1454 2045 1576 2079 splendor
1599 2045 1626 2071 in
1647 2046 1759 2072 circuitu
1776 2046 1853 2080 ejus,

1066 2099 1129 2119 ecce
1153 2097 1217 2118 tres.
1236 2090 1269 2118 Et
1285 2091 1353 2125 ignis
1370 2090 1512 2125 refulgens,
1536 2097 1599 2117 ecce
1624 2095 1751 2124 quatuor.
1772 2089 1806 2117 Et
1824 2091 1855 2117 in

1067 2137 1152 2163 medio
1167 2137 1224 2171 ejus
1239 2137 1307 2163 sicut
1329 2137 1394 2163 visio
1418 2137 1506 2162 electri
1526 2136 1555 2162 in
1582 2137 1667 2163 media
1687 2136 1765 2171 ignis,
1788 2142 1855 2164 eet-So

1067 2181 1198 2215 quinque.
1217 2180 1249 2206 Et
1267 2180 1353 2206 tanien
1367 2180 1393 2206 in
1407 2188 1446 2212 eo,
1461 2187 1524 2207 ecce
1538 2187 1595 2207 sex.
1609 2179 1679 2207 ‘Post
1702 2180 1759 2207 hac
1777 2179 1855 2207 simio

229 2223 263 2250 ad
279 2231 349 2258 quos
359 2231 451 2251 sermo
467 2223 515 2251 Dei
545 2223 634 2252 factus
657 2230 708 2258 est,
722 2230 750 2252 et
776 2233 830 2252 non
844 2230 932 2260 potest
946 2226 1013 2253 solvi
1030 2229 1052 2256 Ι)
1066 2225 1152 2252 litudo
1174 2229 1288 2259 quatuor
1313 2224 1479 2256 animalium,
1497 2230 1522 2251 ct
1549 2225 1615 2251 visio
1636 2233 1735 2257 eorum,
1751 2229 1775 2251 et
1788 2232 1854 2251 nar-

230 2267 381 2302 Scriptura,
396 2267 430 2294 ad
446 2275 625 2303 quoscunque
637 2276 727 2296 sermo
741 2269 788 2296 Dei
805 2269 892 2297 factus
903 2275 953 2303 est,
975 2271 1014 2298 fa-

229 2313 265 2339 cti
279 2317 344 2339 sunt
359 2312 408 2339 dii.
425 2312 550 2340 Ezechiel
567 2321 677 2348 quoque
700 2313 767 2342 deus
779 2313 839 2348 fuit,
851 2316 914 2350 quia
927 2315 1014 2343 factus

229 2361 372 2385 cst-sermo
384 2357 434 2385 Dei
448 2357 482 2384 ad
492 2365 566 2385 eum.
594 2357 650 2393 Ego
678 2359 735 2386 dixi
750 2367 758 2385 :
776 2359 820 2386 Dii
835 2361 908 2393 estis,
925 2365 949 2387 et
963 2360 1015 2395 ﬁlii

228 2402 363 2430 Altissimi
376 2411 474 2429 omnes.
494 2402 544 2429 Vos
555 2411 614 2430 vero
626 2408 655 2430 ut
671 2403 787 2431 homines
805 2405 965 2438 moriemini,
989 2411 1014 2432 et

229 2449 386 2483 quasiunas
398 2457 431 2476 ea:
443 2449 608 2484 principibus
623 2450 722 2477 cadetis
750 2451 781 2476 ⁸⁵.
802 2450 851 2478 Ubi
865 2452 970 2479 habetis
986 2451 1013 2478 in

229 2492 305 2519 Nevo
316 2491 489 2520 Testamento
512 2493 664 2521 istiusmodi
695 2495 954 2529 repromissionem?
985 2495 1013 2522 Si

229 2542 335 2573 opertet
349 2538 527 2566 instrumenta
544 2539 719 2575 distinguere,
747 2545 773 2567 et
787 2541 878 2568 dicere
893 2541 963 2568 inter
985 2549 1015 2568 se

228 2584 392 2615 dissidentes
418 2585 494 2617 deos,
519 2586 590 2620 quod
611 2586 730 2621 equidem
758 2586 834 2613 nefas
859 2590 902 2614 est
932 2587 1013 2613 etiam

228 2631 373 2668 suspicari,
390 2632 435 2658 sed
449 2631 526 2666 juxta
556 2632 715 2660 abusiOnent
734 2631 862 2665 dicimus,
883 2632 1013 2659 audacter

229 2676 350 2710 profecto
367 2677 466 2708 dicam,
488 2676 573 2704 multo
595 2676 725 2711 majorem
752 2675 779 2703 in
807 2675 895 2704 Veteri
920 2675 1015 2704 Testa-

229 2726 322 2749 mento
338 2722 446 2752 ostendi
477 2721 675 2750 humanitatem
699 2729 784 2757 quam
813 2722 840 2750 in
858 2722 942 2750 Novo.
957 2722 1013 2758 Ego

229 2767 309 2794 dixi:
323 2766 368 2794 Dii
381 2769 444 2797 estis
459 2773 484 2796 et
513 2767 564 2803 filii
590 2766 723 2794 Altissimi
744 2776 843 2796 omnes.
867 2767 928 2796 Non
951 2768 1012 2797 ait:

265 2857 289 2874 ⁸⁵
303 2858 368 2886 Luc.
384 2866 428 2890 xv,
444 2859 472 2886 7.
511 2859 533 2876 ‘l'
549 2859 627 2887 Rom.
643 2866 703 2892 vnt,
717 2858 760 2885 19.
798 2857 820 2872 “¹
835 2856 914 2884 Osee.
930 2864 979 2883 xit.

1019 2857 1040 2873 ⁸⁸
1057 2856 1128 2884 Psal.
1146 2864 1240 2891 Lxxxl,
1258 2857 1284 2889 6,
1300 2857 1325 2883 7.

1065 2270 1134 2296 ratio
1147 2269 1254 2296 visionis
1266 2289 1273 2301 ,
1288 2276 1351 2296 ecce
1363 2274 1476 2303 septem.
1492 2269 1526 2295 Et
1553 2270 1579 2295 in
1597 2270 1680 2296 medio
1693 2269 1853 2297 animalium

1064 2314 1141 2348 quasi
1156 2313 1281 2340 carbones
1295 2313 1371 2347 ignis,
1384 2322 1446 2341 ecce
1461 2319 1534 2341 octo.
1550 2314 1616 2347 Quis
1632 2319 1722 2346 potest
1734 2315 1785 2342 ista
1800 2315 1852 2342 mi-

1066 2359 1182 2387 nutatim
1199 2359 1352 2394 exponere?
1365 2358 1431 2391 Quis
1450 2360 1486 2387 ita
1502 2365 1543 2386 est
1568 2367 1652 2393 capax
1668 2359 1780 2394 spiritus
1791 2358 1851 2392 Dei,

1065 2409 1096 2431 ut
1110 2405 1167 2431 haec
1180 2409 1350 2431 sacramenta
1366 2404 1512 2432 dilucidet‘.’
1536 2403 1684 2440 Oportebat
1709 2410 1853 2433 accusato-

1065 2458 1109 2477 Ies
1120 2444 1260 2478 Creatoris
1289 2455 1315 2477 et
1328 2449 1373 2477 Dei
1399 2451 1592 2485 prophetarum
1618 2451 1736 2486 primum
1754 2450 1854 2479 intelli-

1065 2503 1126 2530 gere
1137 2504 1197 2530 quze
1213 2496 1341 2523 dicuntur
1351 2503 1365 2522 a
1378 2496 1527 2531 prophetis,
1549 2502 1575 2523 et
1589 2501 1682 2531 postea
1699 2496 1850 2525 criminari.

1064 2541 1116 2575 Qui
1130 2542 1202 2569 enim
1220 2550 1283 2569 vere
1297 2548 1424 2576 accusat,
1443 2551 1474 2570 ea
1491 2543 1570 2570 debet
1580 2549 1709 2570 accusare
1721 2550 1782 2577 qua:
1798 2549 1852 2569 no-

1064 2589 1113 2615 vit.
1132 2588 1160 2614 Si
1175 2596 1241 2614 vero
1259 2588 1377 2616 lneretiei
1399 2596 1433 2615 ne
1461 2596 1545 2623 prope
1572 2587 1853 2623 quidemsuntintel-

1066 2633 1146 2661 lectui
1167 2633 1268 2667 divino,
1281 2634 1419 2669 quomodo
1430 2634 1626 2661 rationabiliter
1636 2638 1766 2662 accusant
1777 2633 1852 2668 quod

1065 2686 1114 2706 eos
1131 2679 1237 2706 nescire
1251 2679 1456 2706 convincimus?
1480 2679 1590 2706 Discant
1614 2679 1677 2713 quis
1698 2679 1724 2705 in
1741 2679 1794 2705 hac
1811 2677 1854 2705 vi-

1065 2724 1142 2750 sione
1158 2723 1193 2751 sit
1208 2731 1315 2750 scnsus.
1333 2723 1453 2750 Primum
1465 2727 1575 2757 apparet
1585 2723 1697 2757 spiritus
1711 2721 1851 2749 auferens.

1069 2768 1196 2795 Secundo
1215 2768 1299 2796 nubes
1316 2776 1412 2803 magna
1428 2768 1454 2795 in
1478 2768 1573 2802 spiritu
1595 2767 1744 2795 auferente.
1761 2765 1855 2794 Tertio

1369 2857 1390 2873 θ’
1407 2857 1473 2884 Gen.
1497 2865 1538 2891 In,
1557 2858 1599 2884 εξ
