4140 6434
523 411 628 462 (ἲὲῖὶ

1707 413 2032 468 ()lthENlS
2075 414 2136 466 IN
2183 413 2614 472 EZECHIELEM

3680 421 3780 479 681

523 547 642 599 qua:
687 539 812 582 sunt
863 529 1086 582 latenter
1115 527 1434 597 signiﬁcata,
1479 536 1535 580 ut
1588 538 1852 582 monstret
1892 545 1997 582 non
2035 531 2098 583 ad
2132 540 2174 594 Α
2207 531 2309 582 tuis
2328 531 2734 599 justiﬁeaberis,
2761 543 2808 586 et
2840 549 2903 585 ex
2928 535 3250 588 sermonibus
3277 537 3378 588 tuis
3403 536 3784 595 condemnabe-

522 635 644 673 eum
685 619 798 672 ﬁeri
847 617 1204 686 prophetiam,
1235 616 1328 684 qui
1370 624 1560 670 contra
1596 614 1686 670 Dei
1718 617 1877 672 docet
1909 619 2100 672 volnu-

524 723 710 776 tatem,
740 710 833 779 qui
868 705 1148 778 pr0phetat
1193 706 1260 762 de
1307 706 1474 789 corde
1517 724 1636 762 suo.
1690 705 1847 763 Juxta
1892 711 2098 781 simpli-

521 813 636 851 «ειη
684 795 901 864 quidem
937 795 1302 861 intellectum,
1336 795 1557 866 quidam
1603 799 1984 866 prophetarum
2032 804 2098 856 de

521 894 702 946 divino
737 891 938 961 Spiritu
978 892 1293 960 loquentes,
1342 907 1448 946 non
1493 893 1558 947 de
1589 893 1752 948 corde
1794 910 1894 949 suo
1934 894 2095 949 locuti

519 993 662 1046 sunt,
717 983 808 1037 sed
851 984 917 1036 de
969 998 1130 1037 sensu
1171 982 1296 1048 Dei;
1350 982 1570 1052 quidam
1614 1000 1740 1038 vero
1778 984 2096 1039 simulantes

516 1093 572 1128 sc
605 1076 892 1145 prophetas
917 1117 931 1141 ,
983 1086 1143 1144 atque
1171 1075 1412 1130 dicentes
1450 1094 1463 1129 :
1501 1075 1623 1130 Ηωε
1651 1077 1780 1131 dicit
1809 1076 2090 1141 Dominus,

518 1165 746 1220 Domino
783 1182 888 1218 non
935 1166 1191 1235 loquente
1225 1167 1276 1220 in
1307 1167 1419 1231 cis,
1481 1167 1962 1238 pseudopropheue
2001 1184 2094 1223 ex-

514 1257 785 1311 stiterunt.
820 1255 1005 1312 Potest
1034 1268 1214 1312 autem
1251 1267 1306 1312 et
1347 1273 1508 1328 super
1541 1274 1638 1314 eos
1677 1258 1772 1328 qui
1814 1245 2008 1315 docent
2038 1261 2088 1313 in

514 1349 793 1411 Ecclesiis,
823 1353 868 1406 si
901 1353 1056 1406 aliter
1085 1368 1248 1422 quam
1273 1355 1449 1423 poscit
1475 1356 1675 1409 veritas
1705 1355 1922 1422 docent,
1952 1372 2088 1426 prae—

465 1429 468 1436 ’
513 1458 637 1498 sens
665 1457 845 1498 sermo
887 1459 1203 1515 congruere.
1256 1443 1309 1499 Si
1332 1447 1453 1515 quis
1493 1447 1655 1502 etiam
1688 1463 1749 1501 ea
1785 1463 1905 1519 qua
1930 1447 2088 1504 Jesus

512 1533 765 1590 Christus
805 1533 1066 1590 Dominus
1098 1537 1310 1591 locutus
1351 1547 1434 1592 est
1459 1578 1475 1604 ,
1519 1538 1632 1608 ipsa
1681 1555 1834 1609 atque
1875 1539 2084 1605 doceat,

514 1642 617 1679 non
649 1625 716 1678 de
766 1627 929 1680 corde
980 1642 1115 1691 suo,
1161 1628 1252 1681 sed
1287 1628 1353 1681 de
1382 1627 1584 1698 Spiritu
1619 1640 1806 1684 sancto
1850 1630 2087 1700 loquitur

512 1730 788 1769 sermones
813 1715 929 1768 Filii
966 1715 1056 1769 Dei
1079 1716 1227 1772 .lesu.
1264 1719 1318 1771 Si
1352 1719 1623 1774 consentit
1653 1721 1823 1775 sancti
1850 1720 2088 1791 Spiritus

511 1808 791 1871 vofnntati,
827 1809 944 1878 ejus
989 1810 1080 1879 qui
1115 1810 1167 1862 in
1199 1811 1462 1879 apostolis
1505 1811 1719 1868 locutus
1749 1823 1852 1876 est,
1884 1829 1991 1867 non
2018 1815 2084 1868 de

507 1903 666 1956 corde
691 1902 910 1972 proprio
935 1903 1192 1972 loquitur,
1222 1903 1314 1957 sed
1340 1905 1403 1955 de
1435 1903 1598 1958 corde
1625 1902 1862 1974 Spiritus
1887 1906 2080 1970 sancti,

508 1993 599 2061 qui
632 2002 716 2046 est
748 1993 962 2047 locutus
994 1993 1047 2046 in
1079 1991 1265 2057 Paulo,
1302 1993 1394 2062 qui
1428 2001 1510 2048 est
1554 1993 1771 2048 locutus
1802 1995 1854 2046 in
1900 1992 2080 2054 Petro,

506 2083 639 2136 etin
665 2083 876 2137 czeteris
919 2082 1183 2152 apostolis
1207 2091 1291 2136 est
1317 2083 1551 2139 locutus.
1602 2083 1659 2138 Si
1701 2085 1824 2154 quis
1856 2099 1984 2138 vero
2015 2083 2083 2138 le-

507 2188 638 2240 gens
673 2171 1046 2241 Evangelinm,
1081 2175 1359 2242 proprium
1395 2189 1618 2230 sensum
1661 2184 1810 2244 aptat
1843 2171 2084 2246 Evange-

510 2265 604 2330 lio,
645 2279 750 2319 non
789 2267 859 2319 ita
900 2265 1204 2334 intelligens
1229 2274 1287 2318 ut
1315 2263 1579 2320 Dominus
1609 2267 1822 2321 locutus
1844 2276 1948 2331 est,
1982 2268 2081 2322 iste

509 2357 676 2412 lalsus
724 2358 984 2427 propheta
1040 2365 1123 2412 est
1169 2358 1398 2426 loquens
1433 2356 1500 2412 de
1539 2358 1702 2413 corde
1750 2359 1972 2428 proprio
2021 2360 2077 2414 in

508 2449 816 2521 Evangelia.
853 2449 914 2503 Et
957 2451 1022 2504 dc
1071 2449 1338 2505 haereticis
1368 2449 1586 2520 quidem
1621 2452 1754 2505 nihil
1782 2453 2077 2508 absurdum

503 2552 587 2597 est
613 2542 729 2596 haec
761 2542 902 2597 dicta
936 2540 1252 2610 intelligere.
1295 2538 1575 2597 Disserunt
1609 2543 1805 2612 quippe
1836 2545 1991 2612 quasi
2025 2544 2078 2597 in

505 2634 830 2704 Evangeliis,
879 2644 933 2688 et
978 2635 1138 2704 quasi
1166 2633 1232 2688 de
1263 2634 1560 2704 apostolis,
1605 2634 1816 2689 αἰώνων
1849 2651 2075 2691 suorum

504 2725 716 2780 fabulas
767 2727 986 2795 proprio
1039 2726 1204 2781 corde
1251 2736 1618 2794 exponentes,
1658 2742 1764 2780 non
1816 2728 1869 2781 in
1915 2730 2078 2784 corde

504 2817 741 2888 Spiritus
766 2818 960 2872 sancti.
993 2815 1177 2886 Neque
1204 2818 1348 2871 enim
1375 2825 1601 2886 possunt
1625 2818 1806 2872 dicere
1833 2818 1876 2849 ⁸¹
1915 2837 1928 2872 :
1962 2815 2075 2873 Nos

502 2921 676 2964 autem
697 2925 904 2962 sensum
938 2907 1137 2962 Christi
1169 2907 1439 2972 habemus,
1469 2916 1527 2959 ut
1556 2906 1817 2959 videamus
1859 2923 1920 2960 ea
1960 2923 2078 2976 quae

503 3015 534 3051 ιι
570 2997 677 3052 Deo
710 2997 906 3050 donata
947 3006 1067 3050 sunt
1108 2996 1278 3049 nobis.
1317 2994 1454 3050 Cum
1499 3003 1677 3050 autem
1713 3005 1766 3049 et
1803 3011 1963 3064 super
1991 3011 2076 3050 me

503 3089 707 3145 venerit
727 3088 819 3158 qui
857 3085 1010 3142 dicor
1057 3085 1480 3152 ecclesiasticus,
1507 3084 1599 3154 qui
1635 3085 1842 3154 accipio
1876 3086 2072 3141 librum

499 3189 772 3242 sanctum,
821 3187 875 3234 et
917 3179 1060 3233 nitor
1101 3193 1224 3232 eum
1266 3177 1626 3246 interpretari,
1677 3177 1779 3233 hoc
1826 3180 1968 3249 quod
2008 3179 2074 3235 de
2101 3201 2142 3259 ο

504 3268 768 3324 haereticis
804 3267 1024 3336 intelligi
1073 3275 1268 3335 potest,
1301 3279 1486 3334 quaeso
1517 3265 1798 3320 audientes
1845 3273 1905 3320 ut
1946 3266 2070 3321 dili—

501 3369 683 3430 genter
714 3358 1011 3420 attendant,
1056 3367 1109 3410 et
1152 3355 1419 3425 accipiant
1456 3355 1682 3425 gratiam
1718 3355 1970 3426 Spiritus,
2006 3358 2071 3411 de

495 3463 602 3518 qua
639 3447 840 3501 dictum
871 3453 956 3500 est
985 3442 1030 3475 "
1066 3461 1078 3496 ε
1120 3441 1373 3495 Discretio
1404 3441 1707 3512 spirituum,
1758 3450 1815 3496 ut
1861 3441 2067 3510 probati

498 3539 776 3608 trapezitae
803 3536 926 3592 facti
949 3576 964 3602 ,
1015 3533 1298 3604 diligenter
1335 3533 1624 3587 observent
1652 3535 1871 3602 quando
1903 3531 2070 3587 falsus

495 3629 596 3682 sim
630 3627 903 3699 magister,
928 3625 1144 3695 quando
1175 3638 1302 3678 vero
1338 3623 1622 3693 praedicem
1653 3637 1773 3692 qu:e
1807 3631 1934 3678 sunt
1957 3625 2069 3692 pie-

495 3720 619 3774 tatis
665 3733 729 3772 ac
764 3716 1024 3770 veritatis.
1059 3711 1112 3768 Si
1161 3713 1342 3783 itaque
1377 3714 1592 3769 invenio
1622 3714 1673 3767 in
1701 3712 1903 3784 Moyse,
1931 3721 1985 3768 et
2015 3714 2066 3766 in

494 3807 770 3879 prophetis
799 3804 959 3878 363
1005 3818 1222 3859 sensum
1249 3801 1474 3868 Christi,
1515 3817 1620 3858 non
1648 3802 1715 3856 de
1743 3801 1908 3856 corde
1939 3817 2065 3870 pro-

493 3903 630 3972 prio,
669 3901 762 3955 sed
805 3901 872 3954 de
903 3899 977 3968 Sp
1000 3899 1104 3952 ritu
1145 3905 1334 3952 sauclo
1375 3896 1586 3966 loquor.
1637 3893 1692 3949 Si
1725 3901 1905 3949 autem
1935 3894 2065 3946 nihil

491 4007 793 4063 congruum
832 3991 1132 4056 inveniens,
1175 3987 1527 4057 mihimetipsi
1558 3986 1807 4055 contingo
1837 4000 1960 4055 qua:
1989 3987 2058 4039 lo-

490 4104 666 4158 quar,
710 4086 980 4140 ﬂuctuans
1030 4084 1083 4138 in
1137 4079 1484 4137 sermonibus
1530 4079 1622 4147 qui
1668 4087 1796 4132 sunt
1833 4078 1993 4132 alieni
2034 4095 2062 4129 a

493 4181 599 4235 Deo
622 4220 636 4243 ,
686 4179 753 4234 de
791 4192 912 4233 meo
960 4175 1142 4249 potius
1173 4172 1338 4228 corde
1373 4185 1538 4241 quam
1575 4170 1641 4224 de
1676 4168 1767 4222 Dei
1815 4170 2064 4224 sensibus

491 4273 703 4342 loquor.

559 4367 612 4420 5.
655 4363 942 4430 Propheta,
970 4369 1018 4414 et
1051 4360 1192 4413 dices
1228 4356 1495 4426 prophetis
1531 4354 1621 4423 qui
1660 4353 1973 4422 prophetant
2000 4354 2062 4405 de

489 4456 643 4506 corde
667 4470 784 4506 suo.
815 4449 932 4504 Non
957 4451 1033 4503 ait
1052 4447 1370 4518 simpliciter
1392 4445 1459 4499 de
1484 4444 1666 4507 corde,
1691 4443 1783 4497 sed
1807 4443 1872 4497 de
1899 4443 2062 4496 corde

490 4560 609 4597 suo.
645 4542 711 4595 Et
743 4540 1098 4611 praphetabis,
1125 4548 1174 4592 et
1201 4538 1342 4591 dices
1371 4535 1440 4588 ad
1462 4551 1548 4589 eos
1578 4551 1597 4589 .’
1629 4535 1821 4589 Audite
1850 4535 2058 4588 verbum

494 4635 722 4687 Domini.
762 4631 884 4686 Haec
906 4633 972 4686 ad
1007 4646 1115 4694 tne,
1152 4629 1267 4683 [NEC
1296 4629 1361 4683 ad
1391 4641 1515 4682 eum
1537 4627 1812 4692 dicuntur,
1838 4626 1929 4694 qui
1957 4627 2056 4680 do-

487 4740 692 4783 ctorem
717 4742 775 4783 se
795 4740 915 4782 esse
943 4723 1233 4795 promittit,
1258 4732 1311 4777 ul
1341 4723 1502 4777 timor
1526 4721 1618 4776 Dei
1645 4720 1822 4790 major
1849 4719 2057 4773 oriatur

489 4821 543 4874 in
590 4819 767 4886 nobis,
810 4833 878 4873 ne
918 4815 1289 4886 periclitemur
1318 4814 1477 4884 quasi
1526 4813 1628 4869 sub
1660 4812 2055 4868 commentario

462 4901 689 4981 scripto
728 4926 835 4966 non
875 4910 943 4964 ab
983 4907 1319 4971 hominibus,
1353 4906 1446 4960 sed
1477 4906 1546 4959 ab
1584 4906 1790 4973 angelis
1829 4903 1948 4968 Dei,
1977 4904 2055 4958 sie

489 5005 730 5077 proferre
757 5017 1083 5058 sermonem.
1117 4997 1251 5054 Novi
1283 4999 1481 5068 quippe
1507 4997 1654 5066 quia,
1685 5012 1808 5050 cum
1836 4997 1887 5050 in
1907 4998 2054 5066 judi—

485 5099 570 5151 cio
592 5097 680 5150 ille
701 5095 836 5150 ordo
858 5091 1188 5156 consederit,
1213 5089 1281 5144 de
1300 5105 1410 5159 quo
1433 5087 1769 5158 prophetarit
1787 5086 1969 5141 Daniel
1984 5089 2048 5152 ⁸³,

454 5201 537 5259 __et
569 5187 690 5242 libri
733 5185 931 5240 iuerint
973 5183 1167 5251 aperti,
1204 5195 1394 5236 omnes
1439 5179 1543 5232 tnei
1580 5185 1826 5242 conatus,
1861 5191 2052 5230 omnes

455 5265 619 5334 (mea:
657 5277 1022 5346 expositiones
1057 5273 1400 5342 proferentur
1444 5269 1497 5322 in
1530 5267 1790 5330 medium,
1837 5267 1952 5321 sive
2001 5269 2051 5319 in

481 5365 944 5432 justiﬁeationem,
980 5361 1093 5414 sive
1126 5361 1178 5413 in
1215 5355 1718 5412 condemnationem
1761 5369 1958 5410 meam.
1993 5357 2051 5408 lu

481 5453 924 5525 justiﬁcationem
968 5448 1186 5518 quidem
1220 5446 1352 5500 mihi
1383 5453 1566 5509 erunt,
1599 5459 1722 5515 quae
1753 5444 1887 5498 bene
1913 5442 2054 5500 dicta

486 5557 645 5610 sunt;
674 5545 726 5599 in
753 5540 1259 5600 condemnationem
1286 5552 1435 5599 vero,
1469 5552 1532 5591 ea
1559 5551 1680 5606 qua:
1707 5551 1867 5592 secus
1889 5550 2052 5605 quam

489 5639 687 5692 veritas
715 5637 908 5705 poscit,
936 5633 1218 5702 explanata
1251 5650 1263 5685 :
1299 5630 1378 5684 Ex
1403 5631 1752 5692 sermonibus,
1784 5628 1960 5700 inquit
1982 5629 2049 5691 ⁸⁵,

557 5813 597 5844 ⁸³
633 5811 802 5866 lCor.
831 5826 890 5874 ιι,
925 5809 1010 5864 lli.
1085 5812 1129 5842 δ’
1160 5809 1328 5867 lCor.
1361 5824 1456 5874 xu,
1491 5809 1573 5861 l0.
1650 5809 1694 5839 ⁸³
1729 5806 1862 5865 Dan.
1898 5823 1988 5862 ru.

2207 623 2299 687 ris,
2334 624 2489 690 quasi
2527 623 2744 677 habenti
2787 637 2894 677 non
2926 638 3117 680 omnes
3155 639 3437 681 sermones
3478 627 3547 681 de
3580 630 3784 698 quibus

2196 714 2608 782 justilicaretur,
2629 731 2803 784 neque
2836 731 3054 770 rursum
3079 733 3268 772 omnes
3284 732 3566 773 sermones
3581 721 3648 774 de
3664 723 3758 791 qui
3773 753 3782 762 -

2199 806 2300 860 bus
2313 807 2786 862 condemnaretur.
2805 807 2860 862 Si
2880 809 3080 879 aliquis
3095 825 3126 864 a
3145 811 3492 866 sermonibus
3510 827 3680 881 purus
3695 823 3782 868 est

2198 897 2408 961 alienis,
2431 909 2484 954 et
2505 901 2586 954 eis
2615 900 2710 969 qui
2738 903 2951 970 possint
2973 903 3316 972 reprehendi,
3341 918 3410 956 ex
3433 904 3782 960 sermonibus

2198 990 2312 1044 suis
2339 989 2753 1057 justiﬁcahitur,
2775 1000 2828 1044 et
2857 1005 2964 1044 non
2992 992 3468 1046 eondemnabilnr.
3501 991 3557 1047 Si
3589 1005 3776 1049 autem

2197 1095 2472 1151 nunquam
2502 1092 2644 1136 recte
2671 1082 2884 1137 locutus
2911 1093 3015 1150 est,
3037 1084 3128 1139 sed
3153 1099 3370 1154 semper
3392 1085 3620 1154 protulit
3645 1102 3743 1157 pra
3760 1119 3778 1131 ο

2196 1185 2281 1232 va,
2306 1187 2369 1223 ex
2396 1172 2744 1226 sermonibus
2767 1172 2884 1227 suis
2909 1173 3381 1240 condemnabitur,
3409 1183 3464 1228 et
3485 1190 3592 1228 non
3609 1177 3777 1245 justi-

2195 1262 2468 1316 ﬂcabitur.
2509 1260 2708 1317 Verum
2739 1264 2868 1333 quia
2902 1279 3004 1319 nos
3033 1265 3125 1333 qui
3161 1280 3266 1318 non
3305 1280 3496 1320 sumus
3525 1280 3594 1320 ex
3621 1270 3775 1323 omni

2193 1363 2346 1422 parte
2374 1354 2623 1425 perfecti,
2662 1369 2838 1424 neque
2864 1356 2944 1411 sic
2973 1355 3208 1411 dicimus
3237 1368 3295 1410 ιιι
3321 1372 3538 1427 semper
3565 1358 3775 1428 justiti-

2191 1461 2399 1512 cemur,
2442 1461 2618 1516 neque
2647 1447 2727 1502 sic
2756 1461 2788 1502 e
2821 1447 3102 1502 contrario
3132 1462 3325 1502 sumus
3362 1458 3676 1518 peccatores
3709 1462 3769 1508 nt

2190 1550 2404 1606 semper
2436 1536 2864 1591 condemnemur
2904 1553 2919 1590 :
2953 1545 3008 1590 et
3052 1535 3317 1591 habemus
3349 1538 3455 1592 alia
3496 1539 3658 1594 verba
3698 1557 3768 1596 ex

2188 1628 2388 1697 quibus
2414 1627 2797 1696 justiﬁeemur,
2828 1635 2881 1682 et
2927 1627 3032 1682 alia
3071 1642 3137 1682 ex
3182 1627 3386 1697 quibus
3426 1630 3767 1688 «indemne-

2189 1734 2348 1770 mur:
2384 1717 2526 1772 Deus
2563 1732 2728 1786 super
2772 1727 3030 1772 stateram
3081 1733 3237 1773 suam
3282 1729 3513 1790 utraque
3555 1739 3770 1792 ponens

2187 1810 2440 1878 expendit
2471 1809 2781 1879 diligenter,
2811 1817 2866 1864 et
2886 1810 3097 1880 judicat
3119 1812 3172 1865 in
3196 1813 3397 1880 quibus
3420 1813 3602 1881 justus
3631 1816 3768 1880 sim,

2187 1909 2239 1954 et
2269 1901 2321 1953 in
2362 1900 2564 1970 quibus
2595 1901 2940 1958 sermonibus
2970 1901 3436 1957 condemnandus.
3475 1903 3630 1968 Quod
3661 1921 3771 1958 au-

2188 1998 2296 2044 tem
2327 1991 2380 2044 in
2413 1992 2763 2047 sermonibus
2786 1990 2932 2056 facit,
2965 1992 3068 2046 hoc
3092 1990 3232 2045 idem
3264 1991 3391 2046 facit
3415 2002 3468 2046 et
3492 1993 3546 2046 in
3570 1995 3765 2064 gestis.

2183 2078 2415 2136 Necesse
2448 2087 2532 2136 est
2559 2081 2704 2137 enim
2732 2092 2795 2136 ut
2831 2082 2944 2136 sint
2971 2082 3077 2136 alia
3111 2081 3253 2136 iacta
3288 2083 3343 2136 in
3369 2083 3573 2152 quibus
3597 2083 3769 2151 justi-

2184 2174 2433 2237 licemur,
2469 2185 2524 2227 et
2571 2173 2676 2227 alia
2725 2174 2778 2227 in
2822 2173 3022 2243 quibus
3065 2173 3512 2228 condemnemur.
3571 2173 3767 2246 Neque

2182 2265 2328 2318 enim
2361 2267 2440 2320 sic
2465 2264 2736 2334 perfectus
2774 2279 2920 2330 sum,
2951 2274 3009 2320 ut
3051 2267 3236 2319 omnia
3267 2264 3408 2320 facta
3435 2265 3663 2321 habeam
3699 2267 3762 2321 iis

2181 2358 2382 2427 quibus
2400 2358 2582 2426 justus
2609 2357 2894 2422 exsistam,
2936 2370 3110 2426 neque
3141 2355 3221 2410 sic
3247 2366 3517 2425 peccator,
3547 2368 3604 2411 ut
3625 2359 3762 2412 talia

2181 2455 2376 2502 cuncta
2408 2444 2650 2510 fecerim,
2673 2459 2795 2514 qua:
2816 2459 2903 2498 me
2924 2459 2989 2499 ex
3016 2443 3165 2500 omni
3193 2455 3347 2514 parte
3369 2447 3758 2504 condemnem.

2183 2539 2314 2594 Esse
2346 2548 2526 2593 autem
2556 2547 2611 2592 et
2644 2538 2747 2591 alia
2791 2536 2930 2591 facta
2966 2537 3300 2606 istiusmodi,
3329 2544 3384 2591 et
3416 2537 3521 2591 alia
3561 2537 3759 2593 istius-

2179 2630 2347 2695 modi,
2380 2645 2446 2684 ex
2472 2630 2574 2684 hoc
2603 2626 2955 2683 manifestum
2984 2636 3069 2682 est
3094 2627 3239 2696 quod
3269 2627 3470 2682 dicitur
3493 2628 3538 2660 "
3565 2647 3578 2682 :
3607 2627 3760 2693 Quc-

2180 2724 2422 2776 rumdam
2460 2722 2730 2776 hominum
2755 2730 2970 2790 peccata
2994 2719 3275 2788 manifesta
3307 2728 3430 2772 sunt
3453 2721 3757 2787 preceden-

2179 2814 2255 2866 tia
2279 2816 2348 2866 ad
2370 2815 2658 2881 judicium,
2689 2812 3040 2882 quorumdam
3062 2819 3237 2864 autem
3259 2820 3310 2863 et
3338 2809 3750 2880 subsequuntur.

2179 2900 2438 2958 Similiter
2463 2914 2636 2957 autem
2660 2913 2710 2957 et
2733 2903 2867 2956 bona
2894 2903 3038 2970 facta
3064 2901 3343 2970 ntanifesta
3378 2914 3524 2967 sunt,
3554 2914 3603 2956 et
3630 2919 3755 2972 qua

2178 2995 2332 3048 aliter
2371 2996 2628 3049 habentur
2660 2996 2822 3050 latere
2861 3010 2966 3048 non
3008 3005 3244 3064 possunt.
3283 2993 3464 3065 Eque
3491 2995 3555 3049 de
3587 2996 3754 3050 intel-

2177 3085 2427 3143 lcctibus.
2456 3087 2682 3158 Propter
2711 3089 2857 3158 quod
2881 3097 2936 3142 et
2959 3089 3099 3142 inter
3125 3103 3184 3142 se
3207 3087 3435 3142 invicem
3460 3087 3752 3158 cogitatio-

2179 3188 2307 3227 num
2368 3175 2740 3228 accusantium
2805 3175 2921 3230 sive
2977 3173 3426 3231 satisfaciendum
3478 3176 3749 3244 judicium

2178 3280 2264 3319 me
2317 3276 2594 3336 exspectat
2651 3268 2718 3321 de
2775 3268 3029 3324 omnibus
3077 3283 3199 3338 quae
3258 3267 3433 3332 facio,
3483 3285 3604 3338 qua:
3661 3270 3753 3322 iu-

2176 3357 2378 3428 telligo,
2420 3372 2538 3427 quae
2572 3359 2788 3428 loquor,
2837 3367 2890 3414 et
2939 3359 3180 3415 incertus
3209 3359 3458 3428 opperior
3484 3360 3749 3429 quidnam

2176 3448 2305 3502 mihi
2341 3447 2394 3502 in
2439 3449 2530 3502 illo
2567 3447 2776 3517 judicio
2815 3450 2886 3504 sit
2920 3448 3202 3514 futurum;
3232 3459 3546 3520 quantoque
3573 3465 3750 3519 magis

2175 3541 2340 3596 timor
2371 3537 2464 3594 Dei
2500 3539 2631 3594 mihi
2661 3541 2921 3594 incutitur
2956 3541 3022 3594 ad
3050 3541 3355 3610 recipienda
3389 3550 3586 3596 cuncta
3615 3558 3746 3611 quae

2174 3629 2300 3697 feci,
2336 3640 2486 3685 tanto
2518 3631 2691 3701 magis
2721 3631 2996 3686 custodire
3039 3647 3126 3686 me
3155 3632 3347 3698 debeo,
3380 3632 3585 3686 utinam
3614 3634 3748 3703 qui-

2169 3725 2289 3778 dem
2319 3723 2388 3776 ab
2417 3723 2670 3776 omnibus
2703 3723 2974 3791 peccatis!
3007 3723 3091 3777 sin
3125 3733 3305 3778 autem
3335 3724 3439 3779 hoc
3465 3739 3570 3778 non
3607 3739 3741 3794 pos-

2170 3831 2311 3879 sum,
2344 3814 2535 3869 saltem
2577 3829 2773 3883 queam
2811 3829 2840 3868 a
2888 3815 3163 3871 maximis.
3217 3815 3342 3870 llarc
3384 3817 3452 3871 de
3493 3831 3562 3870 eo
3593 3816 3746 3885 quod

2169 3905 2555 3974 proposuimus
2573 3903 2639 3957 de
2661 3903 2959 3972 prophetis,
2989 3905 3082 3973 qui
3118 3905 3446 3974 prophetarit
3474 3905 3542 3960 de
3569 3905 3739 3960 corde

2168 4007 2290 4056 suo,
2315 3993 2380 4046 ad
2402 4008 2541 4062 quos
2561 3993 2757 4047 dicitur
2790 4011 2803 4047 :
2829 3993 3026 4047 Audite
3052 4011 3342 4048 sermonem
3371 3994 3603 4058 Dontini,
3627 3995 3743 4050 hcc

2165 4084 2294 4136 dicit
2333 4084 2542 4137 Adonei
2582 4082 2831 4138 Dominus
2876 4100 2895 4137 :
2949 4083 3037 4139 Vc
3086 4087 3151 4138 iis
3185 4086 3275 4155 qui
3316 4088 3626 4155 prophetant
3670 4088 3740 4139 de

2165 4175 2318 4229 corde
2355 4191 2474 4238 suo,
2521 4176 2611 4245 qui
2654 4175 2928 4229 ambulant
2969 4187 3084 4244 post
3131 4178 3378 4244 spiritum
3411 4193 3587 4230 suum.
3619 4175 3739 4230 Duo

2165 4276 2381 4335 peccata
2409 4276 2556 4330 sunt,
2597 4282 2763 4320 unum
2794 4268 2999 4333 cordis,
3036 4269 3182 4322 aliud
3215 4268 3456 4337 spiritus.
3490 4265 3741 4321 Primum

2162 4358 2229 4412 de
2273 4358 2484 4413 meliori
2535 4367 2688 4428 parte
2733 4359 3039 4422 videamus,
3087 4369 3144 4414 ut
3170 4359 3446 4429 Possimus
3474 4359 3635 4413 etiam
3671 4377 3742 4414 ea

2162 4465 2284 4518 quae
2325 4451 2597 4504 comi-aria
2637 4458 2766 4504 sunt
2813 4451 3181 4505 considerare.
3225 4449 3520 4519 Apostolus
3559 4449 3739 4518 loqui-

2096 4542 2134 4594 D
2168 4551 2254 4594 tur
2275 4541 2319 4571 “
2345 4559 2358 4594 :
2394 4540 2570 4595 Orabo
2599 4542 2813 4610 spiritu,
2846 4541 3006 4594 orabo
3037 4551 3088 4594 et
3117 4557 3291 4595 sensu.
3323 4540 3426 4605 Qui
3456 4555 3654 4595 sensus
3682 4539 3740 4594 in

2164 4631 2325 4684 corde
2353 4631 2514 4685 habet
2541 4631 2930 4686 habitaculum.
2971 4629 3213 4684 Psallam
3247 4631 3462 4700 spiritu,
3500 4629 3730 4699 psallam

2164 4736 2338 4774 sensu.
2373 4720 2541 4792 Igitur
2581 4733 2636 4776 et
2673 4723 2898 4791 spiritus
2925 4731 3030 4788 est,
3064 4731 3118 4777 et
3143 4738 3337 4776 sensus
3371 4722 3425 4775 in
3461 4721 3636 4775 nobis.
3672 4719 3740 4774 Et

2162 4829 2273 4882 quo
2291 4813 2453 4867 modo
2484 4822 2705 4868 sanctus
2735 4822 2855 4867 orat
2883 4813 3097 4883 spiritu,
3119 4821 3243 4865 orat
3262 4820 3316 4864 et
3342 4825 3528 4874 sensu,
3556 4809 3741 4878 psallit

2163 4906 2378 4976 Spit’llll,
2416 4905 2594 4976 psallit
2615 4915 2668 4960 et
2701 4920 2864 4960 sensu
2901 4923 2914 4959 :
2945 4905 3024 4960 sic
3044 4908 3146 4959 iste
3171 4905 3262 4974 qui
3293 4912 3376 4958 est
3409 4903 3577 4959 talsns
3611 4916 3740 4971 pro-

2160 4999 2369 5065 phetes,
2392 4998 2459 5051 de
2488 4997 2652 5052 corde
2667 4997 2909 5067 proprio
2939 4997 3242 5065 prophetat,
3269 5005 3323 5050 et
3347 4995 3594 5050 ambulat
3625 5009 3738 5047 non

2161 5094 2281 5153 post
2302 5083 2560 5153 Spiritum
2581 5083 2694 5149 Dei,
2717 5085 2808 5139 sed
2830 5095 2951 5156 post
2967 5085 3212 5154 spiritum
3230 5099 3412 5139 suum.
3429 5083 3524 5139 Est
3539 5083 3742 5154 quippe

2161 5174 2389 5244 quidam
2423 5176 2650 5244 spiritus
2682 5176 2944 5241 hominis,
2989 5177 3081 5246 qui
3124 5186 3371 5230 versatur
3404 5175 3457 5228 in
3493 5189 3581 5235 eo,
3612 5186 3742 5242 post

2160 5283 2320 5336 quem
2351 5268 2536 5336 procul
2567 5268 2710 5322 absit
2738 5277 2796 5321 ut
2830 5283 2932 5338 ego
2957 5268 3252 5333 ambulem,
3296 5267 3390 5322 sed
3430 5266 3741 5335 intelligens

2163 5365 2412 5412 sanctum
2439 5354 2698 5426 Spiritum
2731 5355 2820 5411 Dei
2856 5365 2979 5426 post
3009 5354 3299 5410 Dominum
3327 5355 3515 5412 Jesum
3548 5370 3734 5409 meum

2162 5449 2454 5504 ambulem.
2483 5447 2666 5519 Itaque
2691 5449 2965 5518 pmpheta:
2995 5449 3087 5518 qui
3118 5451 3443 5518 prophetant
3460 5449 3528 5503 de
3545 5448 3737 5514 corde,

2161 5547 2216 5594 et
2241 5539 2524 5594 ambulant
2551 5548 2674 5609 post
2703 5539 2951 5609 spirituum
2974 5555 3082 5594 non
3109 5549 3216 5593 tam
3242 5538 3332 5593 Dei
3357 5554 3524 5609 quam
3547 5552 3738 5605 suum,

2161 5631 2387 5688 omnino
2413 5631 2560 5700 quod
2593 5630 2779 5685 Graece
2805 5630 3005 5685 dicitur
3030 5630 3092 5683 τὸ
3124 5628 3352 5684 καθόλου
3385 5645 3494 5684 non
3526 5628 3742 5694 vident,

2074 5808 2118 5840 ⁸³
2150 5806 2340 5862 Matth.
2379 5821 2476 5871 xtl,
2515 5805 2603 5862 57.
2673 5806 2717 5836 "
2753 5804 2938 5860 lTim.
2984 5823 3034 5872 v,
3065 5806 3154 5860 24.
3214 5806 3259 5838 ⁸⁸
3289 5806 3304 5860 1
3337 5808 3460 5863 Cor.
3499 5822 3608 5866 τιν,
3643 5809 3734 5864 15.
