4140 6432
362 438 470 497 6‘35

1772 429 2050 485 IiOMlLlA
2093 428 2156 482 ll.

3504 427 3610 481 688

365 565 422 611 et
445 563 529 609 est
553 552 803 622 ambigua
838 566 900 604 ex
936 562 1182 604 sermone
1214 546 1498 603 sententia.
1536 546 1660 600 Sive
1694 562 1839 601 enim
1869 561 1932 601 ea
1963 558 2007 609 Α
2040 544 2237 596 habere
2285 553 2605 595 concessum
2655 548 2756 605 est,
2799 540 2889 609 qui
2933 541 3122 596 audire
3168 557 3200 597 a
3235 532 3359 598 Deo
3409 543 3611 616 dignus

369 659 492 712 qtue
521 651 647 696 sunt
675 640 983 711 generalia,
1033 639 1083 694 id
1118 648 1220 704 est,
1266 638 1538 708 generalia
1580 653 1686 692 non
1731 638 1934 700 vident,

371 736 496 791 licet
538 734 770 804 quadam
795 748 860 786 ex
905 741 1054 801 parte
1084 731 1462 799 conspiciant;
1499 729 1632 791 sive,
1657 727 1811 798 ,quod
1837 742 1939 798 ego

372 825 567 880 melius
595 839 736 888 reor,
768 824 990 877 omnino
1025 837 1130 876 non
1163 822 1364 884 vident,
1401 822 1526 874 licet
1558 821 1658 874 sibi
1689 835 1754 873 ex
1788 828 1940 888 parte

371 916 604 985 quadam
630 915 917 969 videamur
944 913 1142 966 videre.
1171 911 1279 964 Alii
1305 910 1506 981 quippe
1531 912 1582 963 in
1611 909 1766 964 nobis
1795 908 1939 962 oculi

374 1015 502 1061 sunt
538 1005 787 1058 meliores
839 1003 922 1057 his
957 1018 1094 1071 quos
1130 1004 1393 1057 habemus
1439 1002 1492 1054 in
1539 1015 1786 1069 corpore.
1833 997 1939 1064 Qui

371 1099 514 1154 oculi
537 1107 628 1154 aut
649 1095 835 1152 Jesum
874 1095 1163 1149 Dominum
1192 1094 1392 1160 vident,
1425 1093 1516 1163 qui
1549 1107 1643 1147 eos
1675 1092 1740 1145 ad
1765 1105 1823 1144 se
1854 1091 1940 1144 in—

371 1193 628 1248 tuendum
665 1189 892 1251 creavit,
927 1195 1020 1242 aut
1066 1197 1213 1242 certe
1259 1185 1486 1240 omnino
1517 1183 1643 1238 caici
1688 1191 1836 1237 sunt.
1882 1179 1938 1234 Si

374 1296 620 1356 peccator
661 1299 804 1347 sum,
841 1281 978 1335 nihil
1005 1281 1160 1335 video
1190 1293 1290 1333 nec
1322 1291 1546 1347 possum
1579 1276 1826 1330 veritatis
1858 1273 1943 1326 lu-

375 1391 497 1429 men
519 1375 780 1443 aspicere.
808 1370 872 1424 In
886 1370 1150 1440 judicium
1175 1368 1395 1437 quippe,
1425 1366 1503 1420 ait
1520 1365 1587 1429 3',
1612 1366 1667 1417 in
1692 1363 1945 1416 mundum

374 1467 539 1518 istum
567 1464 702 1530 veni,
732 1475 787 1515 ut
820 1478 921 1515 non
952 1461 1184 1515 uidentes
1218 1458 1451 1522 videant,
1481 1465 1530 1509 et
1558 1455 1788 1509 videntes
1821 1452 1946 1507 cruci

381 1557 547 1624 ﬁam;
577 1555 621 1610 si
651 1563 828 1610 autem
851 1555 1057 1624 justus,
1083 1551 1294 1619 accipio
1324 1549 1553 1620 gratiam
1590 1562 1620 1600 a
1660 1545 1768 1601 Deo
1798 1554 1853 1598 et
1881 1545 1948 1598 de

381 1661 464 1699 me
495 1661 712 1715 quoque
734 1645 934 1700 dicitur
962 1645 1171 1697 videns.
1197 1641 1482 1708 Propheta:
1509 1637 1653 1691 enim
1676 1636 1949 1690 vocaban-

377 1745 463 1792 tur
487 1738 895 1793 ante-videntes.
929 1735 998 1789 Et
1021 1735 1111 1805 qui
1141 1734 1303 1796 vides,
1335 1731 1410 1784 ait
1431 1730 1501 1795 ³⁸,
1527 1730 1675 1792 vade,
1699 1727 1949 1781 descende

373 1832 430 1882 in
461 1839 652 1882 terram
675 1826 711 1880 Ι
717 1827 842 1892 uda,
863 1835 912 1880 et
940 1826 1013 1878 ibi
1041 1838 1384 1886 commorare,
1420 1831 1468 1874 et
1495 1819 1568 1873 ibi
1595 1818 1944 1888 prophetabis.

379 1919 446 1972 In
475 1918 655 1972 Bethel
695 1929 872 1970 autem
899 1916 1017 1984 jam
1049 1930 1152 1968 non
1196 1913 1416 1980 adjicies
1446 1919 1504 1964 ut
1545 1911 1838 1980 prophetes.
1883 1908 1950 1964 Et
1981 1891 2023 1946 Β

378 2023 596 2064 rursum
627 2008 753 2062 alibi
772 2007 819 2039 ⁸³
843 2024 858 2060 :
895 2004 1039 2059 Visio
1062 2021 1219 2074 quam
1243 2003 1373 2057 vidit
1400 2001 1575 2056 Isaias
1599 2001 1744 2070 [ilius
1765 2002 1944 2056 Amos.

379 2101 577 2153 Beatus
602 2098 688 2153 cui
714 2096 969 2152 revelahit
993 2095 1256 2150 Dominus
1281 2094 1471 2149 oculos
1493 2093 1559 2148 ad
1588 2092 1818 2148 videnda
1846 2092 1949 2146 mi-

378 2194 568 2248 rabilia
602 2193 667 2247 de
710 2192 825 2262 lege
862 2190 980 2255 Dei,
1013 2192 1169 2259 juxta
1198 2188 1628 2244 obsecrationem
1667 2184 1950 2255 Prophetas

377 2285 608 2339 dicentis
634 2284 681 2316 ”
709 2302 722 2336 :
757 2282 946 2336 Revela
978 2280 1157 2334 oculos
1186 2295 1346 2345 meos,
1376 2288 1424 2332 et
1468 2276 1809 2332 considerabo
1846 2278 1948 2329 mi-

379 2375 570 2428 rabilia
597 2375 662 2428 de
689 2374 797 2444 lege
827 2382 940 2427 tua.

446 2467 499 2521 4.
541 2464 834 2520 Videamus
863 2474 1041 2519 autem
1072 2471 1127 2519 et
1150 2463 1314 2518 alium
1341 2477 1646 2518 sermonem
1670 2474 1766 2530 per
1786 2474 1947 2530 quem

378 2556 862 2626 pseudOpruphetaa
919 2561 973 2608 et
1012 2553 1134 2607 falsi
1185 2552 1428 2622 magistri
1474 2549 1887 2620 corripiuntur:
1919 2563 1946 2602 a

379 2663 514 2717 quo,
547 2661 756 2716 quaeso,
788 2653 848 2699 ut
875 2646 1164 2698 orantibus
1178 2646 1331 2699 vobis
1363 2659 1464 2712 ego
1488 2659 1657 2713 purus
1683 2642 1946 2697 inveniar.

379 2737 511 2801 Quae
531 2735 797 2804 estigitur
823 2733 1125 2802 correptio?
1148 2732 1283 2786 sicut
1306 2731 1480 2801 vulpes
1504 2733 1558 2786 in
1575 2732 1801 2798 deserto,
1828 2747 1952 2802 pro-

375 2829 547 2895 pheta:
564 2826 664 2888 tui,
684 2823 930 2878 Israel“.
953 2824 1166 2877 Animal
1186 2825 1373 2893 vulpes
1391 2839 1621 2894 nequam
1640 2833 1742 2890 est,
1763 2839 1952 2878 versu-

384 2925 522 2978 tum,
558 2915 888 2969 indomabile
899 2923 1002 2979 est,
1018 2912 1193 2968 ferum
1223 2924 1327 2968 est.
1349 2912 1540 2979 Dicite,
1560 2912 1725 2987 364
1741 2914 1815 2968 ait
1833 2913 1952 2967 Sal-

381 3019 535 3061 vator
553 3007 622 3068 ”,
652 3005 796 3074 vulpi
828 3005 921 3058 isti
943 3020 961 3058 :
989 3002 1124 3058 Ecce
1144 3005 1443 3058 sanationes
1464 3005 1678 3074 perficio
1707 3003 1881 3067 hodie,
1900 3013 1948 3057 et

380 3115 522 3160 cras,
556 3107 604 3150 et
642 3099 799 3154 tertia
828 3098 916 3151 die
943 3112 1294 3150 consummor.
1337 3095 1443 3150 Has
1477 3096 1664 3165 vulpes
1693 3111 1948 3150 necessa-

384 3191 492 3243 rias
526 3188 712 3242 habuit
739 3189 1026 3242 adversum
1065 3189 1395 3258 alienigenas
1422 3186 1679 3252 Samson,
1714 3202 1946 3256 quarum
1977 3221 2018 3277 Ο

379 3279 570 3334 caudis
598 3294 721 3334 cum
754 3279 876 3348 igne
902 3279 1099 3332 vinctis
1127 3279 1418 3348 (trecentas
1442 3277 1588 3332 enim
1619 3277 1853 3348 ceperat)
1893 3278 1946 3332 in

377 3371 733 3440 perditionem
759 3385 852 3424 eas
873 3369 1088 3440 frugum
1121 3369 1270 3423 misit
1299 3369 1596 3424 hostilium.
1631 3368 1947 3424 Istiusmodi

376 3467 506 3516 Sunt
551 3458 671 3515 falsi
720 3461 986 3531 magistri,
1021 3460 1246 3526 versuti,
1280 3459 1500 3530 maligni
1545 3469 1598 3514 et
1637 3459 1828 3515 bestiis
1869 3462 1949 3516 εἰ»

379 3554 555 3608 miles.
589 3551 646 3607 Si
677 3552 799 3608 talis
826 3568 970 3620 sum,
1005 3553 1190 3623 vulpes
1220 3569 1341 3608 sum
1376 3571 1392 3608 :
1423 3553 1519 3608 sed
1547 3567 1656 3608 non
1685 3554 1950 3624 simplici-

377 3651 459 3700 ter
489 3644 699 3714 vulpes,
735 3659 925 3699 verum
958 3645 1143 3714 vulpes
1174 3645 1227 3698 in
1263 3645 1516 3708 desertis,
1545 3645 1735 3714 vulpes
1764 3646 1818 3699 in
1852 3660 1949 3714 pa-

376 3735 611 3801 rietinis,
643 3735 833 3804 vulpes
877 3735 934 3789 in
978 3736 1232 3805 rupibus;
1259 3735 1374 3790 INBC
1423 3735 1568 3789 enim
1617 3737 1672 3790 in
1715 3736 1948 3791 diversis

375 3826 628 3882 sensibus
675 3826 1043 3880 continentur.
1101 3824 1426 3895 Vcrsipelles
1481 3827 1567 3881 isti
1615 3836 1669 3881 et
1711 3844 1945 3896 nequam

376 3931 589 3989 semper
616 3921 669 3973 in
698 3919 949 3985 desertis,
990 3932 1203 3987 semper
1229 3918 1282 3970 in
1315 3919 1702 3973 solitudinibus
1726 3934 1947 3973 moran-

374 4019 486 4064 tur.
533 4007 853 4076 Ubicunque
888 4008 1034 4061 enim
1082 4007 1266 4060 anima
1309 4007 1585 4060 habitatur
1634 4023 1664 4062 a
1711 4006 1843 4070 Deo,
1894 4017 1948 4062 et

375 4098 580 4170 Spiritu
603 4107 792 4153 sancto
814 4099 968 4167 plena
997 4105 1100 4162 est,
1131 4095 1204 4150 ibi
1227 4111 1334 4150 non
1363 4104 1539 4165 potest
1565 4098 1943 4153 haereticorum

371 4191 620 4245 doctrina
643 4199 952 4258 penetrare,
984 4200 1084 4242 nec
1111 4187 1253 4241 valet
1271 4202 1459 4241 eorum
1488 4203 1670 4242 sermo
1698 4204 1947 4258 perrum-

372 4298 521 4353 pere.
555 4281 656 4337 Ubi
683 4291 866 4336 autem
899 4279 1133 4335 solitudo
1160 4280 1362 4334 Christi
1395 4288 1498 4346 est,
1538 4282 1629 4335 ubi
1666 4282 1944 4338 desertum

367 4373 616 4445 justitiae,
636 4373 710 4426 ibi
728 4372 1074 4440 nequissimae
1093 4371 1392 4440 disciplinae
1408 4377 1612 4426 venena
1637 4381 1942 4428 versantur.

374 4466 584 4519 Idcirco
612 4464 749 4516 sicut
781 4461 980 4527 culpes,
1024 4461 1101 4515 ait
1122 4461 1190 4525 ”,
1217 4463 1271 4514 in
1298 4460 1518 4515 desertis
1547 4463 1815 4531 propheta:
1844 4466 1942 4530 tui,

2038 641 2123 688 est
2144 633 2190 664 ⁸⁸
2217 650 2229 685 :
2265 629 2340 685 Tu
2365 647 2481 685 vero
2501 643 2582 685 sta
2606 648 2826 686 mecum.
2852 631 3050 686 Verum
3075 649 3184 688 non
3215 635 3352 690 tales
3375 638 3610 705 pseudo-

2041 726 2335 795 prophetae,
2369 739 2478 778 non
2513 724 2644 778 tales
2671 724 2792 779 falsi
2831 724 3078 794 magistri
3113 743 3126 781 :
3155 740 3332 794 neque
3358 728 3504 783 enim
3531 730 3612 786 sic

2040 823 2304 870 steterunt
2331 815 2385 870 in
2415 816 2780 871 firmamento.

2113 909 2166 963 5.
2210 908 2278 961 Et
2318 910 2701 978 congregabant
2741 923 2917 978 greges
2951 923 3108 977 super
3152 909 3366 961 domum
3415 905 3614 977 Israel,

2041 1014 2180 1070 quos
2218 999 2436 1062 docent,
2482 1014 2622 1069 quos
2653 999 2961 1061 instituunt,
3008 999 3122 1054 sive
3149 996 3387 1054 haeretici
3416 1000 3615 1072 dogma

2043 1092 2268 1162 impium
2300 1091 2681 1161 praedicantes,
2715 1091 2829 1146 sive
2862 1090 2981 1145 falsi
3010 1091 3254 1162 magistri
3283 1091 3615 1163 deeipientes

2044 1199 2138 1238 eos
2170 1199 2400 1252 quorum
2433 1197 2593 1237 aures
2621 1183 2896 1252 pruriunt,
2931 1183 3196 1255 colligunt
3233 1199 3423 1255 greges
3467 1186 3617 1241 schi-

2046 1282 2282 1328 smatnm
2307 1274 2594 1326 adversum
2623 1271 2915 1326 Ecclesiam
2943 1270 3058 1340 Dei,
3083 1273 3372 1328 adversum
3394 1273 3619 1328 domum

2046 1365 2235 1418 Israel.
2273 1362 2393 1417 Non
2421 1375 2762 1418 surrexerunt
2783 1365 2873 1434 qui
2898 1364 3126 1418 dicerent
3154 1380 3172 1418 :
3201 1363 3266 1418 In
3285 1363 3376 1420 die
3405 1363 3620 1419 Domini

2049 1452 2188 1525 fa'lsa
2228 1455 2475 1508 videntes.
2523 1453 2586 1506 lli
2629 1470 2737 1508 non
2772 1465 3160 1524 surrexerunt;
3199 1457 3288 1511 isti
3325 1473 3454 1512 vero
3491 1472 3619 1512 sur~

2049 1554 2252 1617 gentes'
2279 1548 2468 1602 dicunt
2492 1546 2536 1579 ⁸⁷
2572 1565 2585 1600 :
2617 1546 2919 1616 Consepnlti
2951 1561 3131 1601 sumus
3166 1548 3378 1603 Christo
3405 1567 3497 1618 per
3525 1549 3621 1604 ba-

2047 1640 2260 1706 ptisma,
2302 1648 2352 1693 et
2403 1640 2828 1692 consurreximus
2874 1641 2938 1694 ei.
2990 1637 3266 1696 Habemus
3315 1643 3516 1712 quippe
3561 1651 3624 1696 ut

2049 1729 2248 1801 pignus
2281 1728 2517 1800 Spiritus
2547 1731 2746 1795 sancti,
2770 1746 2930 1796 quem
2956 1732 3286 1802 accipiemus
3313 1734 3379 1788 ad
3401 1736 3619 1804 plenum

2051 1830 2336 1892 postquam
2390 1823 2595 1877 venerit
2638 1824 2784 1893 quod
2820 1825 3119 1894 perfectum
3155 1833 3270 1888 est,
3308 1828 3388 1881 sic
3426 1827 3622 1896 pignus

2051 1912 2489 1978 resurrectionis,
2525 1914 2651 1984 quia
2676 1915 2729 1967 in
2769 1918 3169 1972 resurrectione
3197 1915 3434 1986 perfecta
3461 1933 3623 1971 nemo

2051 2004 2230 2060 adhuc
2266 2005 2562 2060 resurrexit
2598 2006 2666 2060 de
2692 2007 2871 2062 nobis.
2903 2005 3292 2063 Verumtamen
3321 2011 3626 2064 resurrexi-

2052 2113 2196 2160 mus,
2231 2095 2401 2152 Paulo
2429 2097 2640 2154 dicente
2675 2115 2689 2152 :
2723 2098 3031 2171 Consepulti
3073 2119 3255 2157 sumus
3296 2102 3508 2158 Christo
3535 2120 3628 2174 per

2052 2187 2337 2257 baptisma,
2368 2196 2418 2242 et
2449 2191 2875 2244 consurreximus
2903 2193 2973 2245 ei.
2999 2190 3116 2246 Non
3147 2207 3281 2263 ergo
3307 2207 3625 2249 rosuri-exe-

2051 2289 2199 2344 runt,
2237 2280 2339 2336 hoc
2372 2288 2456 2336 est
2480 2281 2712 2337 necdum
2744 2285 3163 2341 resurrectionis
3194 2286 3462 2357 baptisma
3491 2301 3626 2342 con-

2052 2371 2226 2425 secuti
2264 2381 2391 2426 sunt
2430 2371 2552 2428 falsi
2597 2374 2898 2443 prophetae,
2927 2385 2982 2430 et
3023 2375 3148 2431 falsi
3194 2378 3441 2448 magistri
3476 2396 3494 2433 .:
3521 2379 3630 2444 Qui

2051 2461 2285 2516 dicerth
2315 2464 2369 2517 in
2400 2463 2484 2518 die
2511 2463 2726 2517 Domini
2755 2465 2981 2520 videntes
3013 2484 3131 2538 quae
3174 2468 3316 2538 falsa
3346 2479 3466 2523 sunt
3487 2470 3626 2536 '3'”,

2055 2569 2231 2624 neque
2256 2555 2552 2625 aliquando
2584 2566 2814 2625 possunt
2843 2559 3160 2629 conspicere
3185 2561 3494 2616 veritatem.
3519 2561 3629 2617 Ac-

2053 2645 2174 2715 cipe
2197 2645 2526 2714 exemplum.
2557 2642 2660 2710 Qui
2687 2644 3023 2716 Scripturam
3043 2647 3190 2719 legit,
3214 2658 3266 2702 et
3283 2648 3438 2702 aliter
3461 2663 3627 2719 quam

2054 2737 2254 2807 scripta
2296 2748 2379 2794 est
2425 2740 2644 2810 accipit,
2691 2738 3029 2809 Seripturam
3081 2739 3413 2795 mendaciter
3463 2741 3626 2795 videt.

2054 2827 2159 2894 Qui
2191 2846 2321 2885 vero
2353 2831 2506 2885 audit
2540 2831 2901 2902 Scripturam,
2929 2840 2989 2884 ut
3025 2845 3086 2886 se
3125 2833 3373 2887 veritatis
3417 2833 3599 2886 intelle

2053 2929 2174 2976 ctus
2200 2921 2380 2985 habet,
2403 2931 2457 2975 et
2478 2923 2558 2978 sic
2577 2937 2696 2977 eam
2720 2923 3131 2992 interpretatur,
3156 2922 3301 2977 videt
3321 2923 3627 2978 veritatem.

2054 3008 2122 3063 Et
2154 3011 2324 3065 sancti
2356 3012 2572 3080 quidem
2609 3027 2717 3066 non
2746 3013 3014 3068 divmant.
3051 3012 3174 3068 Non
3199 3015 3338 3068 enim
3374 3015 3628 3069 divinatio

2053 3103 2110 3154 in
2150 3100 2317 3155 Iacob
2344 3103 2382 3156 ⁸.
2439 3101 2761 3159 Peccatores
2795 3119 2922 3158 vero
2953 3103 3203 3160 divinant
3242 3105 3402 3172 falsa,
3443 3107 3630 3162 dicen-

2055 3203 2134 3249 tes
2158 3194 2210 3247 ἐ
2251 3192 2378 3249 Ηωσ
2408 3194 2540 3248 dicit
2568 3195 2846 3260 Dominus,
2870 3205 2922 3250 et
2942 3194 3201 3251 Dominus
3221 3213 3327 3253 non
3351 3199 3495 3253 misit
3520 3217 3628 3255 eos.

2054 3284 2195 3338 Audi
2237 3285 2542 3353 haereticos,
2575 3288 2853 3356 quomodo
2888 3289 3210 3345 traditiones
3252 3292 3627 3360 apostolorqu

2054 3377 2252 3432 habere
2291 3371 2349 3433 se
2377 3379 2581 3434 dicant.
2621 3380 2763 3433 Audi
2803 3380 2970 3436 falsos
3001 3380 3313 3452 magistros,
3352 3385 3629 3452 quomodo

2052 3470 2323 3525 afﬁrmant
2351 3472 2657 3527 doctrinam
2701 3490 2857 3528 suam
2898 3473 3117 3530 Domini
3146 3490 3267 3531 esse
3296 3477 3627 3547 doctrinam,

2052 3575 2274 3614 sensum
2302 3576 2462 3614 suum
2493 3576 2794 3630 congruere
2817 3565 2997 3616 sensui
3035 3563 3449 3632 prophetarum,
3477 3567 3631 3620 ctdi—

2050 3664 2180 3708 cunt
2208 3653 2230 3685 ³
2257 3673 2270 3708 :
2301 3653 2431 3708 Htec
2471 3656 2598 3708 dicit
2641 3655 2918 3721 Dominus,
2953 3666 3002 3710 et
3052 3657 3306 3710 Dominus
3337 3675 3438 3713 non
3481 3662 3628 3716 misit

2049 3760 2156 3799 eos.
2190 3744 2260 3798 Et
2296 3757 2557 3814 eruperunt
2592 3750 2852 3801 suscitare
2881 3765 3189 3803 sermonem.
3225 3749 3349 3804 Non
3378 3753 3628 3808 uisionem

2050 3835 2246 3903 falsam
2284 3837 2545 3894 vidistis?
2582 3837 2648 3893 Et
2682 3839 2737 3892 hi
2774 3839 2919 3893 enim
2947 3840 3136 3893 volunt
3169 3841 3223 3894 in
3253 3841 3627 3901 defensimtcm

2050 3929 2132 3982 sui
2167 3929 2459 3998 quemdam
2510 3945 2609 3999 pro
2650 3945 2709 3985 se
2739 3931 3008 3986 suscitare
3038 3947 3371 4000 sermonem,
3406 3935 3497 3990 sed
3539 3947 3629 3990 ar-

2049 4017 2167 4086 guit
2197 4031 2293 4072 eos
2330 4015 2617 4082 Dominus,
2661 4027 2718 4074 et
2761 4019 2894 4073 dicit
2936 4037 2949 4075 :
2993 4019 3117 4074 Non
3146 4021 3396 4076 uisionem
3431 4023 3629 4092 falsam

2047 4108 2274 4174 vidistis,
2300 4118 2348 4162 et
2374 4109 2723 4164 divinationes
2745 4127 2906 4164 vanas
2933 4110 3099 4166 locuti
3121 4115 3268 4179 estis,
3295 4127 3343 4167 et
3373 4116 3629 4171 dixistis:

2049 4199 2193 4253 Dicit
2237 4199 2512 4264 Dominus,
2547 4211 2599 4255 et
2641 4218 2734 4272 ego
2775 4218 2877 4255 non
2906 4220 3023 4257 sum
3055 4205 3304 4259 locutus?
3343 4205 3630 4275 Propterea

2047 4291 2167 4345 dic:
2187 4291 2317 4346 Hcce
2349 4293 2479 4346 dicit
2506 4293 2785 4357 Dominus,
2816 4312 2910 4364 pro
2937 4311 2996 4349 eo
3025 4296 3164 4365 quod
3186 4313 3448 4352 sermones
3470 4299 3627 4352 vestri

2047 4383 2322 4439 mendaces
2352 4395 2499 4438 sunt.
2534 4384 2696 4440 Orate
2731 4402 2828 4456 pro
2857 4387 3014 4442 nobis
3044 4397 3105 4442 ut
3133 4403 3416 4445 sermones
3449 4390 3625 4444 nostri

2048 4485 2155 4522 non
2206 4471 2315 4524 sint
2372 4471 2514 4525 falsi.
2570 4472 2721 4527 Licet
2767 4473 2988 4543 quidam
3037 4475 3284 4532 homines
3316 4479 3627 4548 ignorantia

373 4558 571 4613 Israel.
609 4557 730 4612 Non
760 4567 1013 4612 steterunt
1039 4557 1096 4610 in
1123 4557 1476 4626 ﬁrmamento.
1513 4557 1568 4611 Si
1597 4559 1944 4613 considerare
1978 4551 2236 4629 Djudicii
2266 4576 2362 4616 eos
2390 4572 2639 4617 asserant
2667 4563 2858 4629 falsos,
2902 4563 3168 4622 Dominus
3207 4582 3316 4622 non
3361 4569 3530 4632 dicat,
3571 4579 3626 4625 et

375 4650 617 4704 volueris
647 4650 958 4719 magistros,
983 4647 1193 4703 videbis
1214 4664 1307 4703 eos
1335 4647 1603 4712 infirmos,
1638 4649 1941 4710 instabiles,

371 4753 430 4798 et
456 4759 560 4798 non
589 4744 826 4797 valentes
851 4741 1031 4796 dicere
1045 4741 1093 4773 ’δ
1120 4760 1134 4796 :
1164 4739 1365 4797 Statuit
1387 4758 1547 4811 supra
1565 4753 1770 4813 petram
1792 4747 1943 4814 pedes

374 4851 538 4899 meos,
563 4843 614 4889 et
645 4833 839 4888 direxit
857 4849 1064 4902 gressus
1087 4849 1246 4887 meos.
1274 4833 1338 4888 Et
1367 4835 1494 4902 quia
1518 4849 1626 4889 non
1657 4845 1786 4890 sunt
1807 4837 1943 4892 tales

375 4938 436 4980 ut
467 4927 735 4993 steterint,
766 4927 988 4980 robusta
1021 4926 1202 4980 radice
1234 4924 1464 4994 fundati,
1495 4927 1617 4981 ideo
1646 4943 1752 4983 non
1779 4939 1944 4984 stete-

375 5027 505 5071 runt
535 5017 587 5069 in
619 5016 982 5082 ﬁrmamento,
1033 5016 1128 5070 sed
1173 5015 1478 5070 dilexerunt
1519 5031 1738 5072 movere
1776 5019 1942 5088 pedes

373 5123 526 5163 suos.
562 5107 657 5162 Est
697 5117 877 5162 autem
918 5117 970 5162 et
1005 5107 1106 5161 hoc
1147 5107 1351 5178 grande
1399 5117 1702 5176 peccatum,
1749 5112 1938 5166 saltem

373 5201 654 5271 paululum
675 5201 840 5270 pedes
867 5218 1102 5261 movere,
1129 5211 1185 5254 ut
1208 5199 1373 5254 David
1398 5201 1676 5268 psalmista
1698 5203 1844 5256 canit
1861 5205 1937 5256 9':

375 5295 551 5354 Quam
578 5294 739 5344 bonus
776 5290 948 5346 Israel
981 5291 1112 5345 Deus
1143 5293 1299 5345 rectis
1320 5289 1505 5344 corde!
1540 5291 1643 5345 Mei
1673 5309 1789 5346 vero
1817 5309 1940 5362 pene

372 5381 617 5436 commoti
653 5392 774 5438 sunt
801 5385 973 5452 pedes.
1023 5383 1220 5437 Beatus
1264 5381 1354 5435 ille
1399 5382 1738 5449 multumque
1785 5381 1934 5448 felix,

373 5472 463 5528 cui
509 5472 888 5528 robustissime
931 5473 1248 5529 consistenti
1298 5472 1487 5527 ﬁrmos
1531 5474 1728 5528 animae
1776 5475 1939 5542 pedes

441 5701 482 5731 ⁸⁷
509 5698 666 5753 .loan.
697 5714 774 5763 Ix,
805 5699 893 5754 39.
935 5699 980 5731 ⁸⁸
1011 5697 1175 5754 Amos
1206 5716 1300 5756 vn.
1328 5700 1414 5764 1‘3,
1449 5700 1525 5754 l3.
1569 5699 1613 5731 ⁸³
1637 5699 1740 5754 lsa.
1775 5717 1812 5762 ι,
1845 5701 1892 5754 l.

2049 5703 2170 5758 ’sat.
2193 5716 2384 5763 cvvut,
2417 5699 2500 5753 18.
2559 5700 2601 5730 ἰ
2632 5696 2825 5752 Ezech.
2852 5711 2968 5762 xm,
2993 5695 3047 5750 4.

2051 4662 2195 4708 recte
2225 4654 2506 4708 nobiscum
2540 4665 2752 4725 agetur.
2791 4656 2844 4710 Si
2874 4673 3002 4712 vero
3039 4659 3186 4714 mille
3214 4659 3496 4716 hominum
3529 4679 3627 4719 eos

2051 4746 2287 4800 dixerint
2317 4761 2497 4813 veros,
2523 4747 2731 4817 judicio
2766 4764 2927 4818 porro
2964 4747 3054 4805 Dei
3087 4749 3289 4806 fuerint
3320 4751 3464 4821 falsi,
3493 4754 3625 4825 quid

2051 4836 2184 4891 mihi
2235 4839 2510 4908 proderit?
2543 4839 2738 4895 Dicunt
2775 4851 2827 4896 et
2877 4839 3209 4898 Marcionita
3251 4847 3498 4916 magistri
3537 4848 3626 4902 sui

2048 4943 2208 4982 veros
2239 4945 2358 4984 esse
2391 4945 2671 4987 sermones
2694 4973 2708 4998 ,
2743 4933 2931 4989 dicunt
2963 4945 3017 4990 et
3045 4933 3316 4990 Valentini
3349 4938 3626 4994 robustis-

2048 5023 2240 5077 simam
2269 5032 2492 5090 sectam,
2512 5025 2605 5095 qui
2627 5025 2934 5080 fabularum
2963 5027 3084 5097 ejus
3110 5037 3416 5083 commenta
3445 5030 3623 5085 susci-

2049 5113 2222 5181 piunt.
2255 5112 2388 5180 Quae
2418 5115 2643 5177 utilitas,
2667 5115 2796 5186 quia
2825 5116 3042 5185 plurimi
3079 5115 3336 5174 Ecclesiae
3364 5117 3616 5173 haeretica

2050 5204 2312 5272 pravitate
2333 5206 2542 5276 decepti
2570 5206 2622 5260 in
2646 5221 2834 5262 eorum
2856 5207 3242 5277 conspiravere
3257 5209 3580 5264 sententiam
3594 5211 3619 5263 ἲ

2048 5292 2161 5350 Hoc
2208 5303 2291 5350 est
2339 5296 2485 5366 quod
2541 5297 2822 5366 quan-itur,
2871 5305 2931 5352 ut
2978 5296 3244 5354 Dominus
3302 5313 3616 5354 sermonum

2047 5399 2291 5439 meorum
2339 5385 2496 5442 testis
2527 5386 2769 5450 assistat,
2810 5392 2871 5439 ut
2906 5385 3021 5455 ipse
3051 5384 3366 5456 comprobet
3395 5400 3518 5455 quae
3544 5385 3622 5440 di-

2044 5483 2246 5528 cuntur
2289 5485 2597 5529 sanctarum
2646 5475 2962 5530 testimonio
3002 5474 3433 5544 Scripturarum.
3484 5473 3620 5531 Pro-

3124 5695 3170 5725 ”
3205 5694 3336 5749 Luc.
3370 5709 3489 5759 un,
3521 5693 3613 5752 33'.

373 5771 419 5802 ⁸³
453 5771 792 5838 Ιεζιειοιιξκιιιι,
825 5769 879 5822 4.
955 5770 1000 5800 ⁸⁸
1024 5770 1162 5827 ΡετιΙ.
1188 5786 1376 5834 xxxix,
1400 5771 1452 5823 5.
1527 5771 1574 5801 ⁸⁸
1606 5769 1748 5826 Psal.
1782 5788 1947 5834 Lxxu,

2062 5774 2116 5826 2.
2184 5773 2233 5804 9‘
2258 5770 2412 5826 Deut.
2444 5767 2500 5835 ν,
2527 5770 2612 5825 51.
2657 5769 2698 5800 θ’
2733 5767 2887 5823 Rom.
2915 5782 2990 5835 vn,
3020 5767 3072 5821 4.
3104 5765 3222 5798 ’Μ’
3259 5763 3454 5822 Etcch.
3489 5779 3614 5834 xm,

374 5841 428 5903 ὕ,
459 5840 512 5893 6.
569 5840 584 5870 ⁸
619 5835 779 5892 Νιιιιι.
818 5854 975 5905 xxut,
1015 5840 1101 5894 ΞΖ).
1158 5840 1177 5870 ³
1206 5839 1398 5895 Ezech.
1433 5855 1553 5907 xm,
1580 5842 1632 5893 ti.
1705 5843 1724 5872 ³
1752 5841 1904 5908 ibid.,
1931 5847 1982 5909 ti,
2008 5835 2057 5908 7,
2082 5843 2136 5896 8.
