4140 6440
497 373 601 431 68⁸1

1673 375 2000 434 ORIGENIS
2039 375 2107 431 IN
2146 376 2587 436 EZECHIELEM

3663 391 3768 446 688

495 510 614 571 pter
637 500 751 556 haec
783 514 913 570 ergo
946 501 1015 554 ad
1055 514 1154 555 nos
1185 498 1312 553 dicit
1343 462 1551 553 Adonai
1586 499 1888 557 Dominus‘
1916 517 1932 558 ;
1973 497 2080 553 Ex.
2111 505 2156 557 Α
2185 499 2314 554 ιιιἰηί
2337 502 2753 572 contemplatur.
2789 502 2983 562 Procul
3015 515 3195 563 autem
3224 506 3370 563 absit
3417 522 3448 562 a
3498 507 3657 564 nobis
3707 519 3770 563 ut

496 591 709 646 tendam
739 607 954 644 aratrum
987 605 1157 643 meam
1197 589 1267 642 ad
1307 589 1585 659 prophetas
1610 598 1700 661 qui
1728 594 1901 646 vident
1933 609 2080 647 men-

495 685 672 738 dacia.
693 681 792 734 Hae
822 680 1275 737 commutationes
1303 691 1431 736 sunt
1455 682 1745 738 adversum
1773 682 1940 740 falsos
1963 701 2080 740 ma-

494 778 716 845 gistros,
761 783 814 830 et
847 789 942 829 eos
970 773 1063 844 qui
1095 773 1397 843 loquuntur
1429 774 1734 829 mendacia.
1788 774 2078 833 Videamus

491 877 673 923 autem
697 866 829 937 quid
869 867 935 920 de
968 865 1053 921 his
1089 866 1454 920 comminetur
1475 866 1496 898 '
1525 885 1538 920 :
1582 865 1650 920 In
1680 867 1962 938 disciplina
1983 884 2080 936 po-

489 961 602 1028 puli
629 959 727 1012 mei
757 975 859 1012 non
889 966 1064 1010 erunt.
1097 955 1214 1010 Non
1247 972 1357 1012 uno
1384 957 1546 1013 modo
1573 975 1604 1012 a
1630 957 1862 1013 Domino
1885 976 2079 1030 pecca-

460 1100 464 1104 .
491 1065 636 1108 tores
667 1052 1061 1122 corripiuntur.
1095 1051 1264 1104 Aliter
1293 1051 1538 1120 arguitur
1573 1052 1805 1121 populus
1838 1051 2074 1122 Domini,

489 1147 648 1202 aliter
688 1147 900 1201 alienus
939 1146 1009 1200 ab
1037 1160 1105 1200 eo
1132 1147 1152 1175 '
1185 1164 1198 1198 :
1234 1143 1368 1210 Fili,
1402 1161 1463 1199 ne
1502 1146 1791 1216 neglexeris
1831 1147 2074 1217 discipli-

490 1254 614 1291 nam
663 1237 903 1301 Domini,
956 1253 1115 1308 neque
1153 1237 1395 1307 {aligeris
1438 1237 1565 1291 dum
1609 1239 1849 1308 argueris
1888 1240 1954 1292 ab
1991 1257 2071 1295 ea.

491 1330 659 1397 Quem
685 1330 825 1384 enim
855 1329 1033 1398 diligit
1057 1327 1327 1382 -Dominus
1351 1329 1600 1399 castigat,
1629 1329 1867 1399 ﬂagellat
1896 1341 2073 1384 autem

489 1440 698 1480 omnem
721 1423 894 1492 ﬁlium
918 1438 1070 1493 quem
1097 1421 1302 1490 recipit.
1327 1419 1509 1491 Argue
1532 1437 1650 1485 nos,
1685 1421 1909 1478 Domine
1931 1467 1945 1490 ,
1978 1440 2068 1478 ve-

492 1531 614 1572 rum
639 1515 694 1570 in
715 1513 948 1584 judicio,
979 1523 1034 1567 et
1062 1527 1172 1566 non
1195 1513 1249 1566 in
1281 1511 1466 1568 furore
1499 1531 1512 1566 :
1541 1514 1644 1568 ista
1677 1515 1949 1585 correptio
1972 1532 2073 1585 po-

2181 590 2414 646 velatam
2434 592 2734 650 habeamus
2760 595 2901 652 hanc
2923 596 3146 654 faciem!
3181 597 3304 654 Haec
3324 615 3496 670 pauca
3514 599 3580 655 de
3606 598 3766 664 facie,

2181 692 2240 738 ut
2266 684 2541 753 possimus
2575 686 2872 757 intelligere
2897 691 3027 760 quid
3066 691 3136 745 sit
3167 691 3312 761 quod
3343 692 3622 762 sequitur:
3657 691 3762 746 0b-

2179 775 2335 844 ﬁrma
2372 775 2562 844 [aciem
2594 786 2741 831 luant
2772 794 2926 847 super
2945 780 3088 847 ﬁlias
3105 783 3288 852 populi
3313 783 3414 837 tui.
3439 780 3546 837 ista
3569 782 3762 848 facies,

2180 866 2232 920 id
2263 876 2345 921 est
2374 867 2671 938 principale
2701 870 2883 924 cordis
2911 873 3105 934 nostri,
3135 873 3242 927 nisi
3276 873 3563 929 obfirmata
3596 873 3766 928 fuerit

2178 974 2342 1028 super
2370 975 2437 1015 eo
2466 961 2611 1030 quod
2640 962 3047 1032 intelligendum
3072 975 3174 1030 est,
3211 974 3269 1020 ut
3302 967 3578 1036 quomodo
3616 967 3768 1022 videt

2177 1051 2258 1105 sic
2293 1052 2581 1107 annuntiet
2609 1053 2996 1126 audientibus,
3027 1057 3157 1111 illud
3187 1058 3330 1127 quod
3361 1056 3625 1128 aspicitur
3651 1073 3762 1114 non

2179 1143 2416 1197 videtur.
2451 1142 2796 1214 lmpossibile
2829 1147 3028 1217 quippe
3059 1157 3144 1204 est
3176 1158 3234 1202 ut
3277 1141 3475 1218 aliquis
3504 1150 3624 1205 sine
3655 1151 3764 1205 ob-

2178 1235 2486 1291 lirmatioue
2511 1237 2713 1301 vultus,
2749 1252 2954 1308 vagus.
2991 1239 3436 1302 ﬂuctuabundus,
3470 1241 3764 1297 circumla-

2177 1334 2263 1378 tus
2287 1326 2435 1378 omni
2475 1336 2635 1380 vento
2657 1327 2919 1384 doctrina:
2939 1371 2954 1394 ,
2986 1330 3164 1384 videat
3187 1332 3332 1400 quod
3358 1332 3551 1397 debet,
3580 1334 3764 1390 videat

2178 1427 2233 1470 ut
2282 1417 2457 1472 debet.
2495 1417 2720 1489 Oportet
2742 1436 2873 1491 ergo
2912 1423 3178 1477 volentem
3210 1423 3510 1494 intelligere
3553 1425 3760 1482 habere

2177 1506 2366 1562 faciem
2393 1509 2446 1562 in
2478 1525 2545 1563 eo
2584 1511 2727 1580 quod
2772 1512 3070 1582 intelligere
3126 1513 3318 1567 nititur
3366 1515 3757 1572 oblirmatam:

492 1606 722 1674 puliest.
747 1603 1030 1674 Correptio
1051 1603 1356 1673 peccatoris
1379 1611 1433 1657 et
1463 1603 1624 1658 alieni
1660 1604 1749 1658 illa
1792 1613 1876 1660 est
1906 1621 2070 1676 quam
2173 1612 2228 1658 et
2255 1603 2325 1658 ob
2359 1605 2497 1660 hanc
2538 1621 2753 1676 semper
2796 1623 3019 1662 causam
3065 1607 3468 1677 prophetaturis
3518 1610 3760 1678 primum

488 1698 673 1768 justus
701 1697 902 1762 renuit,
929 1695 1155 1751 dieeus'
1183 1693 1461 1760 :Dumine,
1491 1713 1551 1750 ne
1582 1697 1634 1749 in
1658 1697 1740 1749 ira
1768 1705 1858 1751 tua
1875 1714 2071 1768 arguas
2169 1693 2392 1761 jubetur
2417 1705 2474 1749 ut
2503 1693 2695 1750 faciem
2720 1712 2876 1750 suam
2909 1698 3234 1762 ol'lirment;
3268 1707 3326 1751 ut
3360 1707 3604 1754 nostram
3646 1715 3754 1754 au-

490 1807 594 1854 me,
626 1805 785 1860 neque
808 1790 862 1843 in
891 1789 1068 1860 furore
1098 1795 1188 1840 tuo
1211 1788 1471 1856 corripias
1496 1804 1594 1842 nte.
1621 1787 1694 1843 De
1716 1788 1868 1844 falsis
1889 1789 2072 1860 itaque
2108 1842 2145 1861 η
2175 1792 2280 1837 lem
2309 1793 2362 1838 et
2390 1799 2491 1840 nos
2514 1786 2789 1856 possimus
2817 1787 3108 1842 oblirmare
3135 1785 3328 1843 faciem
3355 1788 3408 1842 in
3441 1788 3760 1861 Evangelia,

477 1881 788 1954 magistris,
811 1889 866 1936 et
893 1881 960 1936 de
980 1879 1473 1951 pseudoprophetis
1515 1881 1714 1936 dicitur
1737 1881 1758 1913 ⁸
1782 1897 1796 1934 :
1824 1878 1890 1934 In
1910 1879 2071 1936 disci-
2107 1873 2147 1898 "
2173 1873 2228 1928 in
2250 1875 2387 1944 lege.
2413 1876 2466 1930 in
2502 1877 2784 1946 prophetis
2810 1919 2825 1942 ,
2855 1879 2909 1932 in
2944 1879 3224 1948 apostolis.
3247 1878 3474 1934 obﬁrma
3506 1896 3626 1934 eam
3655 1897 3758 1936 su-

473 1975 631 2043 mliua
658 1973 839 2044 populi
861 1973 963 2027 mei
984 1989 1086 2026 non
1107 1982 1282 2040 erunt,
1310 1989 1476 2044 neque
1497 1973 1549 2026 in
1576 1970 1859 2042 Scriptura
1883 1973 2070 2027 domus
2173 1981 2267 2034 Per
2299 1966 2541 2031 Christo,
2566 1975 2621 2022 et
2652 1985 2757 2023 non
2784 1985 2948 2040 super
2971 1971 3156 2026 seculi
3190 1973 3440 2041 negotiis.
3475 1971 3584 2029 Sed
3625 1989 3760 2029 cum

478 2068 661 2122 διενιιά
695 2067 1009 2122 scribentur.
1036 2065 1190 2121 Sicut
1219 2074 1275 2122 et
1298 2067 1428 2122 alibi
1447 2068 1504 2121 ἐ
1532 2066 1821 2121 Deleantur
1845 2067 1910 2121 de
1935 2066 2071 2121 libro
2174 2057 2227 2109 in
2271 2057 2644 2113 mundialibus
2665 2059 2814 2115 curis
2842 2060 3020 2115 anima
3064 2071 3248 2118 nostra
3297 2073 3543 2117 versetur
3566 2106 3582 2130 ,
3622 2080 3754 2120 cum

474 2160 790 2233 visentium,
815 2168 865 2212 et
889 2174 1009 2211 cum
1019 2157 1186 2226 justis
1210 2173 1312 2211 non
1333 2157 1658 2212 scribantur.
1676 2157 1743 2212 Et
1758 2173 1903 2213 nunc
1924 2157 2071 2212 Scri-

487 2261 645 2322 ptura
673 2252 749 2305 ait
777 2269 791 2304 :
824 2248 892 2304 In
920 2249 1190 2319 scriptura
1220 2251 1407 2304 domus
1432 2249 1604 2305 Israel
1626 2267 1728 2305 non
1754 2251 2069 2320 scribentur,

484 2351 534 2396 et
559 2342 615 2394 in
640 2349 840 2395 terram
879 2338 1054 2396 Israel
1091 2355 1193 2393 non
1237 2339 1531 2392 intrabunt.
1573 2337 1739 2394 Extra
1770 2340 2068 2410 repromis—

485 2431 657 2486 sionis
705 2439 905 2484 terram
949 2428 1188 2484 haeretici
1230 2427 1612 2491 morabuntur,
1652 2442 1774 2497 quae
1808 2437 1891 2482 est
1925 2436 2067 2483 terra

487 2519 640 2576 valde
685 2519 848 2585 bona,
894 2527 947 2573 et
977 2519 1032 2572 in
1071 2533 1235 2588 quam
1275 2527 1336 2572 ut
1369 2517 1783 2572 iutroducamur
1822 2533 2067 2586 oramus,

471 2612 541 2665 -in
579 2611 718 2666 libro
759 2609 1058 2664 viventium
1108 2606 1271 2680 365
1333 2616 1458 2663 ante
1521 2608 1818 2679 conscripti
1865 2624 1894 2662 a
1937 2607 2065 2663 Jcsu

485 2703 706 2758 Christo
739 2701 827 2756 cui
859 2708 946 2757 est
978 2699 1150 2773 gloria
1183 2710 1238 2754 et
1269 2699 1559 2771 imperium
1591 2700 1645 2755 in
1670 2700 1866 2755 secula
1895 2716 2070 2756 stet-u-

470 2795 682 2852 .lor.um.
714 2795 906 2848 Amen.

1060 2903 1356 2959 .HOMlLiA
1393 2903 1483 2959 Ill.

480 3069 565 3121 r‘De
593 3083 652 3121 eo
696 3066 834 3134 quod
857 3067 1112 3134 scriptum
1147 3075 1224 3118 est
1259 3065 1332 3115 ‘°:
1370 3082 1388 3115 ι
1434 3063 1540 3116 Fili
1581 3063 2066 3133 o‘tominis,obﬁrma

559 3133 748 3209 [aciem
778 3147 922 3188 tuam
949 3133 1104 3205 super
1139 3133 1281 3204 ﬁlias
1306 3134 1485 3203 populi
1514 3134 1590 3185 tui
1616 3150 1733 3202 qna:
1753 3135 2064 3201 prophetam

559 3206 800 3256 decorde
826 3223 958 3256 suo:
994 3224 1013 3256 ι
1056 3220 1260 3256 usaue:
1305 3223 1323 3255 ι
1381 3204 1617 3256 Oblirmo
1657 3205 1846 3256 faciem
1900 3222 2064 3256 meam

558 3205 800 3264 ὅσσοι-ἀρ
826 3223 958 3269 suo;
994 3224 1013 3258 ι
1056 3220 1260 3274 usque:
1305 3223 1323 3255 ι
1381 3205 1617 3272 0b/irmo
1655 3205 1846 3272 faciem
1900 3222 2067 3260 meam

550 3294 716 3350 super
745 3278 1007 3331 hominem
1022 3275 1199 3339 illum,
1216 3282 1265 3329 et
1288 3287 1479 3344 ponam
1503 3275 1657 3328 illum
1678 3276 1942 3328 desertum
1966 3277 2028 3329 “.
2043 3293 2062 3326 ι

551 3434 610 3489 Δ.
645 3430 891 3488 Ριὶιιιιιιιι
925 3430 991 3484 de
1021 3444 1089 3485 eo
1115 3428 1259 3501 quod
1311 3429 1511 3484 dicitur
1539 3447 1551 3482 :
1609 3428 1848 3497 Oli/imm
1876 3431 2069 3499 faciem

490 3542 655 3588 .uam,
681 3522 1089 3594 requirendum.
1125 3521 1328 3577 Deinde
1361 3522 1404 3576 si
1440 3519 1702 3576 Dominus
1729 3521 1961 3589 dederit,
1985 3522 2068 3576 in-

486 3615 754 3686 vestigare
802 3613 1065 3667 debemus
1117 3611 1258 3667 filias
1331 3610 1514 3681 populi
1560 3612 1951 3680 prophetantes
1999 3613 2067 3667 de

483 3710 650 3763 corde
677 3721 810 3772 suo,
843 3716 894 3760 et
924 3705 1183 3759 facientes
1205 3719 1289 3767 ea,
1323 3703 1376 3756 in
1403 3703 1604 3774 quibus
1636 3719 1730 3758 eas
1763 3703 1855 3759 Dei
1885 3719 2068 3760 sermo

483 3795 766 3866 corripiat.
801 3793 867 3849 Et
900 3794 1045 3865 quod
1080 3794 1154 3849 sit
1198 3794 1304 3848 alia
1351 3794 1516 3848 facies
1555 3793 1629 3864 (6)
1684 3803 1880 3864 prieter
1923 3795 2067 3848 hanc

484 3887 732 3958 corporis
759 3886 932 3942 nostri
979 3885 1172 3940 faciem
1193 3926 1208 3952 ,
1251 3885 1378 3940 licet
1406 3900 1471 3938 ex
1497 3884 1684 3939 multis
1715 3884 2064 3942 manifestum

483 3981 577 4046 sit,
612 3989 852 4035 attamen
879 3986 932 4033 et
954 3994 1018 4031 ex
1061 3978 1144 4032 his
1194 3993 1316 4046 quae
1343 3976 1640 4046 Apostolus
1670 3986 1938 4031 memorat
1985 3977 2067 4029 in-

485 4072 704 4126 dicatur
735 4072 778 4103 "
815 4087 828 4122 :
874 4067 984 4122 Nos
1017 4083 1134 4120 vero
1181 4083 1358 4119 omnes
1403 4065 1631 4120 revelata
1675 4065 1810 4133 facie
1837 4065 2062 4136 gloriam

489 4163 701 4219 Domini
730 4160 1054 4232 speculantes
1076 4199 1089 4221 ,
1128 4159 1181 4210 in
1211 4157 1446 4210 eamdem
1487 4157 1766 4229 imaginem
1796 4155 2064 4223 transfor-

487 4271 697 4310 mamur
730 4271 760 4307 a
796 4252 966 4325 gloria
997 4253 1050 4304 in
1081 4248 1328 4320 gloriam,
1355 4247 1508 4317 quasi
1537 4260 1568 4294 a
1599 4241 1807 4294 Domini
1837 4240 2062 4316 Spiritu.

488 4348 642 4404 lianc
671 4347 865 4404 faciem
907 4343 1246 4414 corporalem
1277 4356 1470 4396 omnes
1508 4340 1756 4396 homines
1799 4341 2065 4396 habemus

491 4441 802 4504 revelatam,
836 4438 939 4492 nisi
977 4436 1114 4490 forte
1145 4434 1554 4489 calamitatibus
1571 4442 1625 4488 et
1653 4434 1922 4504 angustiis
1945 4450 2065 4504 pre—

2168 2163 2386 2218 sempcr
2421 2151 2612 2205 ardeat
2637 2151 2870 2206 habendi
2927 2152 3071 2207 fame
3093 2194 3110 2220 ,
3147 2168 3256 2208 non
3285 2155 3642 2210 obtirmemus
3667 2155 3757 2210 fa-

2169 2239 2308 2294 ciem
2350 2249 2596 2296 nostram
2625 2257 2792 2312 super
2815 2257 2879 2297 ea
2917 2259 3040 2313 qua:
3085 2245 3372 2314 imperavit
3420 2245 3598 2311 Deus,
3655 2245 3764 2304 sed

2169 2345 2336 2399 super
2367 2347 2429 2386 ea
2453 2347 2576 2402 qum
2605 2331 2698 2386 Dei
2733 2343 2860 2388 sunt
2902 2335 3125 2390 adversa
3155 2337 3458 2406 praeceptis.
3490 2336 3625 2404 Quis
3652 2353 3758 2407 pu-

2169 2433 2252 2478 tas
2283 2423 2337 2478 in
2370 2424 2528 2480 nobis
2554 2431 2793 2480 mundus
2823 2435 2908 2481 est
2939 2426 3008 2481 ab
3035 2427 3415 2484 obllrmatione
3463 2429 3619 2485 faciei
3653 2446 3754 2485 su-

2169 2530 2266 2586 per
2297 2515 2384 2570 bis
2402 2531 2524 2586 qua:
2545 2516 2830 2572 interdicta
2863 2519 3027 2572 sunt?
3069 2517 3206 2586 Quis
3243 2519 3298 2574 in
3346 2529 3555 2576 tantum
3594 2522 3757 2576 solli-

2169 2607 2312 2662 citus
2337 2615 2392 2662 et
2422 2614 2639 2670 cautus,
2675 2615 2731 2660 ut
2752 2605 2943 2661 diebus
2975 2622 3038 2662 ac
3064 2609 3384 2664 noctibusin
3411 2627 3474 2665 ea
3502 2612 3759 2668 oblirmet

2167 2699 2350 2754 cordis
2383 2698 2468 2754 sui
2500 2697 2693 2753 faciem
2717 2697 3144 2768 qutmjubentur?

2236 2790 2292 2846 2.
2333 2789 2490 2846 Nunc
2516 2805 2735 2862 quoque
2766 2790 2813 2845 si
2851 2789 3172 2846 intellecturi
3203 2807 3398 2848 sumus
3423 2803 3750 2864 praesentem

2167 2884 2495 2954 scripturam
2545 2881 2822 2952 quomodo
2873 2881 3149 2951 prophetae
3196 2882 3450 2938 dicatur:
3508 2884 3753 2955 Obﬁrma

2169 2975 2360 3046 faciem
2393 2984 2537 3028 tuam
2563 2991 2719 3045 super
2743 2973 2887 3044 ﬁlias
2913 2974 3095 3044 populi
3115 2975 3215 3038 tui,
3242 2985 3302 3029 ut
3326 2975 3507 3032 videat
3533 2992 3596 3032 ea
3624 2995 3752 3048 quae

2167 3067 2413 3122 dicturus
2443 3073 2546 3133 est,
2573 3065 2836 3120 debemus
2869 3065 3160 3121 oblirmare
3182 3065 3613 3136 intelligentiam,
3647 3069 3760 3138 ple-

2170 3174 2302 3213 num
2339 3158 2392 3211 in
2420 3157 2718 3212 tentatione
2750 3157 2930 3213 cordis
2959 3156 3160 3212 habere
3199 3165 3491 3212 tractatum
3521 3160 3649 3228 quid
3681 3160 3760 3214 sit

2172 3252 2274 3306 hac
2296 3251 2441 3320 quod
2470 3249 2807 3321 signiﬁcetur
2830 3291 2845 3314 ,
2885 3258 2946 3304 ut
2980 3249 3197 3305 tandem
3217 3249 3454 3306 ‘ratione
3507 3253 3758 3320 superati

2171 3340 2490 3396 recedamus
2513 3355 2542 3392 a
2570 3338 2769 3393 littera.
2802 3338 2879 3393 Ac
2901 3337 3200 3394 secundum
3239 3353 3585 3394 communem
3621 3343 3754 3411 qui—

2169 3428 2290 3482 dem
2325 3426 2660 3481 intellectum
2701 3427 2953 3481 videntur
2987 3429 3234 3499 quaedam
3258 3428 3380 3483 lilia:
3407 3431 3591 3499 populi
3621 3448 3756 3502 pro-

2169 3511 2451 3580 phetantes
2464 3513 2566 3568 hoc
2579 3513 2724 3583 quod
2747 3514 2993 3584 sequitur
3017 3513 3306 3570 admisisse
3328 3528 3632 3586 peccatum.
3647 3520 3755 3575 As-

2169 3615 2446 3660 sumentes
2475 3605 2758 3660 cervicalia
2793 3605 3153 3672 consuebant,
3185 3618 3517 3666 consuentes
3555 3627 3619 3666 ea
3640 3627 3752 3666 non

2169 3693 2446 3763 ponebant
2469 3710 2530 3750 ca
2569 3697 2672 3750 sub
2694 3699 2892 3767 capite,
2917 3697 3012 3752 sed
3045 3697 3147 3752 sub
3176 3698 3362 3754 cubito
3383 3701 3750 3766 audientium,

2169 3795 2224 3840 et
2259 3786 2623 3842 velaminibus
2649 3787 2976 3857 quibusdam
3008 3790 3257 3859 tegebant
3279 3791 3455 3860 capita
3484 3793 3755 3849 universa:

2167 3879 2362 3935 aetatis.
2389 3877 2513 3936 llaec
2543 3889 2671 3935 sunt
2703 3895 2826 3950 quae
2855 3881 3540 3950 prophetantibustiliabus
3564 3886 3750 3955 populi

2168 3980 2491 4043 reputantur
2510 3971 2666 4042 quasi
2699 3988 2896 4042 magna
2921 3982 3164 4043 peccata.
3193 3973 3328 4041 Quis
3358 3985 3538 4032 autem
3572 3986 3754 4047 potest

2168 4066 2222 4118 in
2261 4066 2426 4119 verbo
2456 4065 2764 4120 consistens
2795 4065 2977 4120 dicere
3015 4066 3142 4135 quia
3167 4105 3184 4131 ,
3214 4068 3260 4122 si
3297 4069 3422 4136 quis
3455 4069 3752 4124 cervicalia

2169 4164 2419 4220 consuat,
2449 4167 2503 4210 et
2531 4165 2759 4210 consuta
2790 4156 2893 4210 sub
2920 4157 3106 4212 cubito
3139 4167 3304 4227 ponat
3335 4161 3596 4228 alterius,
3647 4163 3749 4216 de-

2166 4247 2396 4316 linquat,
2417 4255 2472 4302 et
2500 4263 2530 4301 a
2565 4246 2675 4302 Deo
2705 4249 3062 4318 corripiatur?
3089 4250 3226 4316 Quis
3275 4261 3454 4321 potest
3504 4269 3752 4310 asserere

2167 4339 2318 4408 quia,
2341 4337 2386 4394 si
2411 4340 2536 4408 quis
2569 4339 2834 4393 velamina
2861 4339 3025 4394 faciat
3047 4341 3114 4395 ad
3142 4342 3428 4411 tegendum
3449 4353 3612 4412 caput
3634 4345 3752 4399 uni-

2166 4444 2336 4484 versa:
2361 4429 2564 4491 aetatis,
2598 4429 2760 4500 impie
2780 4430 2942 4500 agat?
2963 4431 3151 4487 Invitis
3173 4432 3329 4487 nobis
3351 4434 3420 4487 ab
3451 4435 3566 4504 ipsa
3594 4433 3745 4489 Scri-

490 4534 709 4586 mimur.
729 4528 923 4583 Vultus
940 4536 1120 4584 autem
1150 4527 1238 4582 ille
1259 4525 1325 4580 de
1351 4540 1462 4596 quo
1481 4538 1662 4581 sermo
1684 4523 1926 4594 Apostoli
1959 4533 2062 4589 est,
2099 4527 2139 4581 D
2171 4533 2326 4590 plura
2355 4521 2650 4578 necessitas
2695 4522 2992 4593 imponitur
3013 4563 3028 4588 ,
3074 4533 3135 4579 ut
3162 4525 3231 4580 ab
3281 4525 3528 4595 apicibus
3559 4527 3754 4582 littere

490 4626 543 4678 in
575 4622 762 4678 multis
791 4629 968 4675 tectus
1019 4627 1146 4682 est,
1202 4624 1257 4672 et
1301 4617 1355 4671 in
1407 4615 1594 4686 paucis
1637 4615 1927 4672 revelatus.
1960 4613 2062 4682 Qui

485 4715 630 4769 enim
662 4713 915 4768 fiduciam
945 4711 1109 4765 habet
1139 4709 1192 4762 in
1238 4708 1346 4763 vita
1377 4707 1725 4762 immaculata
1745 4746 1760 4771 ,
1794 4706 1848 4761 in
1899 4723 2062 4764 sensu

487 4825 642 4872 sano.
670 4807 726 4863 in
761 4807 865 4862 lide
897 4819 1046 4868 vera,
1070 4802 1174 4858 iste
1199 4799 1582 4856 tantummodo
1611 4815 1717 4854 non
1751 4799 1912 4856 habet
1941 4815 2070 4855 con-

489 4902 744 4967 fusionis,
777 4897 1179 4960 fraudulentiae,
1204 4893 1520 4965 peccatique
1543 4891 1806 4959 velamen,
1829 4893 1921 4948 sed
1941 4909 2066 4964 pro-

489 5005 606 5066 pter
628 4979 820 5066 puram
841 4989 1231 5048 conscientiam
1262 4985 1497 5043 revelata
1529 4983 1664 5038 facie
1694 4985 1922 5054 gloriam
1957 4985 2064 5041 Do-

569 5112 589 5143 δ
617 5110 812 5166 Ειοοιι.
851 5124 972 5171 xm,
1009 5107 1094 5161 9..
1148 5105 1172 5137 ³
1207 5103 1338 5158 ibid.
1399 5104 1420 5132 ‘
1447 5101 1602 5156 Prov.
1640 5116 1723 5164 tn,
1772 5101 1857 5165 l-l,
1911 5102 1997 5155 12.

491 5185 536 5219 ¹⁹
570 5182 766 5238 Ezech.
799 5195 920 5244 xm,
959 5177 1048 5232 Π.

557 5308 634 5376 (6)
673 5304 740 5359 Et
766 5303 903 5376 quod
933 5303 1002 5376 sit
1026 5301 1136 5354 alia
1162 5300 1344 5376 [acies,
1369 5307 1478 5376 etc.
1494 5297 1717 5376 Catenae
1740 5295 2065 5376 Graecaeha-

488 5363 670 5449 beitt';
703 5363 925 5449 liiﬁloi
946 5369 1121 5449 λέγει·
1161 5363 2065 5449 Ἇνακεκαέυμμένῳηςτρρσώξφ

645 5446 834 5526 δόξαις
873 5435 1093 5526 Κυρίὸυ
1116 5435 1924 5526 κγατοπτριζόμεξνοικυὺκςῦν
1971 5435 2065 5488 δύο

493 5675 614 5726 μεν,
658 5646 843 5726 «ira:
885 5653 1036 5726 βψινη
1066 5654 1163 5726 τὰς
1194 5646 1431 5726 speqqu
1472 5647 1679 5726 Ορἕοῆν
1725 5648 1919 5726 ξχιὶμεν
1965 5646 2063 5726 τὴν

493 5675 614 5726 μεν,
658 5669 756 5726 τὴν
787 5669 843 5708 oe
885 5669 1036 5721 οψινη
1066 5669 1163 5716 τας
1194 5669 1222 5704 ο
1260 5669 1428 5712 acac.
1472 5669 1679 5701 υυκουν
1725 5669 1919 5716 exop.“
1965 5669 2063 5716 την

493 5726 647 5796 amb;
675 5724 846 5796 iuta)!
872 5723 1014 5796 ὖψιν,
1053 5725 1156 5796 καὶ.
1191 5669 1288 5792 τεν
1315 5720 1482 5796 euros.
1527 5719 1589 5796 ’ξί
1625 5707 2064 5796 ὲ·,ςδς.ὄρασις,.ὁ

489 5795 610 5859 νοῦς
628 5785 765 5849 iii-Ct.
802 5785 1096 5864 Πρέὲιωπον
1117 5793 1172 5845 δὲ
1206 5785 1412 5860 mm,
1441 5791 1469 5842 ὁ
1490 5787 1611 5850 νοῦς
1630 5827 1645 5852 ,
1677 5785 1733 5838 ὃν
1767 5785 1846 5840 δεῖ
1879 5786 2064 5858 στηρι-

2169 4613 2515 4678 reeedentes,
2561 4615 2811 4678 verbum,
2858 4628 2908 4670 et
2956 4615 3302 4685 sapientiam,
3330 4626 3384 4672 et
3416 4618 3751 4673 voluntatem

2169 4705 2288 4776 ejus
2311 4706 2654 4776 requiramus
2699 4708 2766 4760 ad
2809 4707 3099 4777 aperienda
3155 4717 3375 4778 peccata
3406 4723 3530 4778 quae
3557 4710 3751 4764 clausa

2170 4809 2332 4865 sunt,
2364 4797 2430 4852 ad
2459 4797 2814 4853 illuminanda
2862 4814 2986 4869 qua:
3013 4799 3270 4870 caligant,
3303 4811 3362 4856 ut
3396 4801 3670 4871 possimus
3719 4819 3752 4856 a

2171 4890 2460 4946 maledicto
2493 4891 2734 4945 extranei
2763 4890 2901 4946 fieri.

2248 4984 2302 5037 ’5.
2350 4982 2506 5038 Omni
2560 4982 2734 5035 cubito
2779 4998 3031 5036 manuum
3079 4984 3187 5037 sive
3220 5000 3406 5038 manus
3439 4985 3499 5038 ⁸³.
3542 4984 3646 5050 Qui
3694 4984 3758 5041 in

2098 5103 2116 5132 ⁷
2150 5101 2295 5157 Psal.
2332 5115 2404 5159 vt,
2439 5099 2494 5152 2.
2565 5097 2587 5128 ⁸
2615 5097 2810 5154 Ezech.
2873 5115 2992 5163 xm,
3039 5099 3094 5155 9.
3155 5101 3178 5132 ’
3210 5098 3356 5156 Psal.
3409 5115 3598 5164 vatu.
3653 5098 3754 5156 29.

1127 5177 1166 5208 ⁸³
1197 5174 1393 5229 Ezech.
1429 5188 1540 5238 xlv,
1569 5173 1624 5226 8.
1704 5175 1746 5204 "
1782 5172 1820 5226 ll
1849 5174 1973 5226 Cor.
2005 5189 2086 5237 ut,
2124 5172 2212 5225 18.
2290 5169 2334 5200 ¹³
2361 5167 2558 5224 Ezech.
2587 5184 2705 5234 xm,
2742 5168 2828 5223 i8.

2171 5291 2304 5374 ζεει,
2339 5291 2435 5374 tua,
2459 5290 2652 5374 ισχύᾳῃ
2674 5291 3026 5374 ὑπουργῆσαι.
3047 5287 3134 5372 τῷ.
3168 5289 3332 5372 item».
3381 5288 3593 5374 .Paulus
3622 5288 3755 5374 ait;

2175 5381 2195 5413 ι
2227 5362 2477 5416 Rcuelata
2510 5358 2651 5431 facie
2695 5358 2920 5431 gtoriam
2977 5358 3193 5431 Domini
3236 5358 3393 5430 quasi
3439 5361 3492 5412 in
3541 5358 3757 5426 speculo

2170 5429 2555 5486 contuemurd
2595 5429 2723 5484 ι)κά
2745 5430 2909 5502 igitur
2935 5440 3056 5485 sunt
3079 5429 3280 5498 facies:
3308 5440 3477 5500 tegens
3499 5439 3550 5482 et
3590 5438 3756 5494 tecta,

2169 5503 2399 5557 exterior
2439 5509 2489 5555 et
2514 5499 2846 5555 interiorﬁF
2847 5502 3015 5554 aciem
3052 5511 3250 5564 autem,
3291 5499 3556 5567 aspectum
3598 5513 3757 5551 voca-

2160 5589 2309 5638 mus,
2337 5581 2601 5641 aspectum
2620 5587 2736 5623 vero
2759 5572 3002 5624 visiones.
3035 5567 3364 5641 Ezteriorem
3400 5571 3568 5639 igitur
3599 5583 3759 5634 aspe-

2171 5653 2311 5695 ctum
2335 5639 2582 5695 habemus
2612 5650 2661 5694 et
2689 5641 3009 5695 interiorem.
3038 5639 3272 5694 Interior
3303 5641 3454 5702 visio,
3487 5654 3627 5701 utens
3647 5648 3757 5700 est;

2172 5715 2333 5782 facies
2374 5721 2548 5787 autem
2601 5709 2885 5787 spiritalis,
2927 5726 3069 5765 mens
3105 5721 3206 5787 est,
3263 5726 3381 5787 qua
3419 5709 3758 5779 obﬁrmanda

2170 5795 2270 5852 est,
2295 5794 2350 5839 ut
2379 5783 2551 5838 valeat
2573 5783 2876 5836 ministrare
2899 5782 3147 5838 sermoni.
