4140 6436
341 335 444 394 (⁸39

1774 337 2055 395 llOlllLlA
2088 339 2173 396 111.

3487 353 3595 404 690

339 455 484 510 victu
516 453 594 526 (7)
625 452 874 524 corporis
900 453 1146 524 occupati
1171 463 1316 519 sunt,
1342 465 1396 510 et
1428 472 1492 511 ne
1522 472 1616 527 per
1644 459 1912 513 somnium
1948 471 1988 521 Α
2021 463 2172 530 signa
2205 469 2260 516 et
2295 468 2541 531 portenta
2573 460 2640 515 ad
2682 461 3028 530 decipiendos
3049 503 3066 530 ,
3097 462 3142 517 si
3199 464 3319 518 ﬁeri
3368 474 3540 535 potes:
3573 506 3602 530 ,.

341 546 560 617 quidem
593 546 905 615 spirituales
945 547 1128 601 vident
1155 547 1379 603 delicias
1412 591 1426 614 ,
1457 565 1593 620 quas
1649 566 1757 606 non
1821 553 1917 606 ha—

347 640 476 694 bere
496 638 611 693 vult
634 654 814 693 sermo
845 639 1063 695 divinus
1085 639 1270 697 dicens
1301 641 1348 674 “
1378 656 1391 694 :
1433 641 1699 698 Delectare
1725 645 1779 697 in
1812 643 1920 698 Do-

347 731 512 792 mino,
544 739 592 784 et
615 729 763 782 dabit
793 728 886 782 tibi
910 731 1187 800 petitiones
1218 733 1396 787 cordis
1421 734 1498 787 tui
1516 750 1534 799 ,'
1565 736 1657 806 qui
1689 752 1795 790 non
1824 753 1924 791 no-

353 828 548 876 verunt
578 821 906 876 voluntatem
943 822 1245 886 beatorum,
1274 823 1340 878 de
1391 842 1500 894 qua
1545 827 1803 881 scribitur
1827 829 1918 888 ,ίδε

353 913 602 969 Torrente
624 915 912 984 voluptatis
945 924 1050 970 tua:
1076 916 1284 986 potabis
1300 933 1388 972 eos
1413 935 1431 981 ;
1460 920 1743 988 requirunt
1765 920 1922 990 quasi

350 1015 623 1061 amatores
649 1007 879 1061 luxuriae
915 1015 970 1061 et
999 1023 1106 1061 non
1144 1016 1418 1065 amatores
1453 1008 1585 1076 Dei,
1617 1025 1829 1080 semper
1868 1009 1922 1063 in

351 1097 720 1165 corporalibus
755 1114 876 1162 esse
921 1098 1154 1154 deliciis.
1191 1098 1418 1169 Signum
1445 1109 1625 1154 autem
1659 1101 1789 1154 mihi
1848 1101 1924 1154 vi-

349 1188 510 1240 detur
532 1187 825 1257 voluptatis
858 1203 1090 1254 carneze,
1123 1188 1224 1243 sub
1254 1190 1438 1244 cubito
1460 1190 1626 1262 366
1665 1207 1922 1245 manuum

351 1277 588 1332 cervical
623 1289 893 1334 assutum.
924 1279 1059 1345 Quia
1105 1282 1249 1334 enim
1297 1280 1349 1334 in
1389 1292 1632 1350 tempore
1689 1282 1928 1336 discum-

352 1373 513 1427 bendi
545 1374 610 1427 ad
643 1373 902 1428 beneﬁcia
931 1376 1233 1446 corporalia
1278 1376 1531 1430 videmur
1559 1376 1636 1430 uti
1686 1376 1928 1430 consutis

351 1452 700 1534 quibusdam,
735 1476 788 1521 et
819 1482 919 1521 acu
953 1468 1111 1537 pictis
1152 1467 1253 1522 sub
1300 1466 1481 1522 cubito
1530 1481 1791 1520 manuum
1832 1481 1936 1518 no-

351 1566 616 1620 strarnm,
652 1556 880 1611 forsitan
911 1573 1093 1610 sermo
1129 1557 1347 1612 divinus
1381 1572 1474 1626 per
1514 1555 1820 1611 istiusmodi
1869 1556 1930 1607 li-

352 1659 544 1711 guram
576 1653 630 1698 et
681 1654 1063 1716 argumentum
1115 1662 1209 1700 eos
1238 1646 1421 1714 culpat
1451 1645 1741 1714 magistros
1766 1685 1780 1708 ,
1835 1645 1927 1713 qui

355 1749 455 1802 per
484 1735 950 1806 vaniloquentiam
987 1745 1038 1791 et
1071 1737 1258 1791 beatas
1286 1751 1532 1805 quasque
1554 1735 1931 1804 repromissio-

355 1841 453 1880 nes
478 1802 881 1881 multitudinem
922 1828 1258 1882 audientium
1286 1802 1495 1882 libidini
1518 1867 1533 1892 ,
1565 1802 1712 1882 vitiis
1731 1867 1746 1891 ,
1773 1827 1929 1882 volu-
1964 1802 2005 1856 Β

351 1917 596 1986 ptatique
624 1919 962 1987 permittunt.
983 1917 1147 1972 Debet
1177 1921 1320 1973 enim
1336 1919 1428 1973 Dei
1449 1918 1685 1974 Verbum
1709 1928 1762 1974 et
1793 1919 1934 1974 Deus

354 2005 520 2058 homo
545 2021 608 2059 ea
635 2006 911 2074 proferre,
945 2023 1067 2077 quae
1098 2008 1262 2064 saluti
1294 2019 1422 2063 sunt
1475 2007 1714 2062 audienti
1740 2049 1756 2074 ,
1813 2024 1936 2078 quae

352 2095 508 2148 illum
542 2097 827 2152 hortentur
849 2099 914 2153 ad
944 2100 1356 2165 continentiam,
1373 2099 1438 2153 ad
1463 2100 1930 2153 conversationem

354 2203 614 2244 sanorum
649 2199 891 2258 actuum,
921 2193 987 2248 ad
1012 2203 1208 2249 cuneta
1243 2194 1294 2249 in
1324 2210 1445 2264 quae
1466 2195 1628 2250 homo
1655 2195 1934 2252 studiosus

354 2279 602 2334 laborum
633 2290 686 2337 et
707 2298 816 2336 non
853 2283 1140 2339 libidinum
1165 2284 1329 2339 debet
1358 2285 1692 2350 incumbere,
1724 2294 1783 2341 ut
1808 2301 1938 2356 pos-

354 2369 426 2420 sit
451 2384 512 2422 ea
546 2372 809 2441 consequi
845 2388 967 2442 quae
991 2389 1021 2428 a
1077 2373 1184 2428 Deo
1216 2384 1346 2429 sunt
1392 2375 1746 2445 repromissa.
1798 2376 1931 2431 Cum

351 2475 483 2530 ergo
533 2461 730 2531 aliquis
758 2475 919 2533 aptus
947 2465 1195 2520 moribus
1227 2465 1408 2534 populi
1436 2505 1452 2531 ,
1498 2476 1557 2520 ut
1612 2467 1822 2536 placeat
1852 2467 1934 2522 eis

354 2555 556 2624 quibus
587 2570 750 2612 aures
775 2558 1045 2626 pruriunt,
1079 2558 1324 2628 loquitur
1351 2573 1472 2628 quae
1513 2568 1791 2628 gratanter
1838 2574 1933 2615 ac-

353 2647 580 2716 cipiant,
610 2646 852 2718 loquitur
875 2663 996 2718 qua:
1037 2649 1214 2703 vicina
1262 2657 1392 2703 sunt
1449 2650 1756 2720 voluptati,
1810 2652 1934 2708 talis

358 2737 616 2808 magister
650 2740 866 2793 consult
890 2740 1175 2794 cervicalia
1201 2740 1303 2795 sub
1335 2740 1482 2794 omni
1511 2741 1694 2796 cubito
1715 2759 1930 2799 manus.

359 2827 622 2898 Sequitur
650 2830 753 2884 hoc
782 2839 1066 2898 peccaturo
1097 2831 1381 2885 habentem
1403 2873 1418 2897 ,
1456 2843 1515 2888 ut
1548 2833 1715 2889 faciat
1769 2835 1933 2890 etiam

359 2916 592 2973 amictus
625 2919 691 2972 ad
718 2919 1011 2974 velandum
1066 2929 1229 2990 caput
1287 2922 1466 2978 omnis
1518 2925 1714 2981 aetatis.
1765 2924 1936 2996 Cujus

358 3017 538 3062 autem
574 3009 649 3063 rei
679 3009 850 3080 ﬁgura
879 3011 951 3065 sit
977 3009 1138 3068 etiam
1168 3013 1435 3080 velamen,
1487 3016 1705 3073 cautius
1764 3020 1938 3074 consi-

2020 553 2184 605 etiam
2216 551 2416 606 electos
2440 549 2610 606 falsus
2641 549 2916 613 Christus,
2966 558 3018 604 et
3065 550 3236 606 falsus
3276 553 3540 622 propheta
3576 573 3589 606 :

2022 641 2272 695 similiter
2294 649 2348 695 et
2377 640 2429 694 bi
2460 641 2552 710 qui
2604 640 2669 694 al
2729 640 3057 707 voluptatem
3113 640 3368 694 meditata
3398 641 3591 710 depor—

2025 741 2160 799 tant,
2187 743 2239 788 et
2275 733 2376 787 ista
2407 747 2621 802 semper
2650 732 2933 800 inqulrunt
2964 746 3088 800 quae
3114 731 3380 785 delectent
3414 732 3594 801 potius

2025 824 2305 879 audientes
2344 838 2506 893 quam
2557 833 2876 877 convertant
2909 838 2939 876 a
2980 821 3162 886 vitiis,
3204 819 3414 876 faciunt
3447 821 3594 874 vela-

2027 917 2170 969 mina
2200 931 2362 984 super
2384 926 2546 984 caput
2568 929 2676 968 non
2704 915 2865 968 modo
2892 927 3186 980 puerorum
3214 921 3268 967 et
3303 913 3592 982 juvenum,

2026 1006 2141 1068 sed,
2172 1004 2216 1057 si
2242 1005 2354 1060 ﬁeri
2385 1013 2580 1075 potest,
2614 1019 2804 1058 senum
2827 1019 3046 1074 quoque
3065 1013 3117 1058 et
3138 1011 3374 1072 patrum,
3404 1004 3455 1055 in
3476 1011 3592 1057 tan.

2027 1108 2139 1150 tum
2166 1105 2222 1150 ut
2253 1096 2413 1150 etiam
2439 1111 2533 1150 eos
2557 1095 2826 1166 decipiant
2843 1093 2933 1162 qui
2956 1094 3110 1164 juxta
3137 1093 3375 1148 laborem
3401 1093 3596 1147 atiima:

2029 1191 2082 1242 in
2113 1189 2341 1258 spiritali
2389 1197 2546 1243 aetate
2583 1198 2637 1244 et
2676 1189 2827 1242 senio
2870 1195 3269 1256 processerunt.
3305 1183 3370 1239 Et
3423 1185 3606 1255 potuit

2028 1281 2245 1348 quidem
2277 1280 2459 1334 dicere
2490 1281 2779 1349 propheta,
2813 1294 2974 1350 super
3005 1281 3143 1335 lilios
3166 1279 3349 1349 populi
3377 1281 3452 1333 tui
3505 1279 3596 1348 qui

2031 1369 2388 1439 prophetam:
2422 1372 2514 1424 sed
2543 1373 2701 1439 quasi
2730 1386 2918 1426 onmes
2965 1371 3058 1440 qui
3102 1371 3367 1426 velamina
3414 1379 3599 1425 conte--

2033 1470 2179 1526 xanl,
2211 1472 2265 1514 et
2286 1460 2568 1516 cervicalia
2611 1471 2880 1516 consuant
2919 1462 3020 1517 sub
3043 1462 3192 1516 omni
3247 1461 3431 1517 cubito
3479 1476 3598 1515 ma.—

2033 1551 2154 1615 uus,
2183 1552 2436 1607 mulieres
2462 1553 2591 1620 sint,
2624 1562 2678 1607 et
2731 1554 2912 1608 nullus
2945 1555 3086 1608 inter
3107 1570 3202 1608 eos
3231 1554 3330 1607 viri
3384 1553 3614 1608 nomine

2032 1642 2235 1710 dignus,
2261 1641 2546 1708 habeatur,
2577 1643 2652 1696 ait
2678 1643 2936 1712 propheta
2968 1663 2980 1698 :
3021 1641 3084 1697 In
3109 1643 3252 1713 ﬁlias
3293 1641 3474 1713 populi
3525 1630 3601 1696 tui

2032 1747 2149 1800 qua:
2177 1729 2488 1800 prophetarit
2520 1731 2583 1785 de
2605 1732 2759 1785 corde
2790 1748 2885 1786 suo
2905 1774 2920 1799 ,
2947 1741 3000 1787 et
3025 1748 3086 1786 ea
3121 1731 3324 1787 faciunt
3353 1747 3472 1802 qua:
3514 1747 3601 1785 sc.

2033 1832 2296 1893 quuutur.
2323 1821 2658 1880 Eﬁ‘eminataa
2683 1827 2883 1896 quippe
2916 1834 3042 1880 sunt
3071 1840 3260 1880 eorum
3309 1824 3602 1894 magistro-

2033 1935 2154 1972 rum
2181 1928 2235 1974 et
2259 1920 2473 1986 animae,
2506 1930 2561 1974 et
2590 1920 2919 1986 voluntates,
2949 1921 3041 1990 qui
3072 1935 3286 1988 semper
3325 1919 3599 1988 sonantia,

2033 2026 2246 2082 semper
2268 2027 2468 2067 canora
2498 2020 2832 2083 componunt
2857 2030 2870 2066 :
2900 2021 2973 2079 et,
3008 2021 3067 2066 ut
3097 2011 3240 2082 quod
3276 2025 3461 2065 verum
3523 2019 3604 2064 est

2033 2103 2234 2171 dicam,
2258 2104 2393 2159 nihil
2426 2105 2602 2170 virile,
2633 2105 2769 2159 nihil
2793 2104 2951 2170 forte,
2990 2103 3125 2158 nihil
3143 2102 3254 2158 Deo
3277 2103 3501 2174 dignum
3524 2114 3605 2158 est

2034 2197 2087 2250 in
2123 2198 2206 2252 his
2236 2199 2326 2268 qui
2357 2199 2512 2269 juxta
2544 2199 2773 2270 gratiam
2802 2207 2855 2254 et
2887 2199 3221 2254 voluntatem
3268 2197 3601 2253 audientium

2033 2287 2364 2358 praedicant;
2398 2287 2604 2343 idcirco
2643 2303 2839 2344 omnes
2870 2288 3009 2344 ﬁlias
3035 2289 3218 2360 potius
3242 2304 3408 2359 quam
3463 2287 3606 2344 ﬁlios

2034 2381 2171 2438 dixit
2204 2391 2490 2438 assucntes
2522 2382 2826 2437 cervicalia.
2866 2380 2933 2436 Et
2963 2382 3189 2437 observa
3219 2381 3604 2454 proprietatem

2037 2473 2218 2540 verbi;
2251 2484 2517 2528 assuentes
2551 2474 2654 2540 ait,
2703 2490 2811 2528 non
2857 2483 3226 2529 contexentes.
3264 2475 3342 2528 Au
3387 2474 3606 2544 ignoras

2035 2567 2180 2636 quod
2210 2568 2395 2622 tunica
2420 2565 2636 2622 Domini
2665 2567 2743 2620 tui
2767 2565 2896 2621 Jesu
2926 2565 3060 2620 nihil
3081 2567 3135 2620 in
3168 2582 3226 2622 se
3253 2567 3451 2621 habeat
3475 2581 3607 2621 con-

2035 2658 2218 2721 sutile,
2247 2658 2339 2712 sed
2365 2673 2430 2712 ex
2461 2642 2611 2712 omni
2636 2667 2788 2728 parte
2844 2667 3098 2714 contexta
3154 2657 3266 2712 sit?
3313 2655 3434 2713 Ista:
3479 2673 3608 2727 ergo

2035 2757 2308 2804 consuunt
2329 2749 2472 2804 dicta
2495 2749 2652 2804 dietis
2684 2747 3052 2803 fraudulenter
3071 2747 3347 2811 etcallide,
3377 2763 3610 2802 assuen-

2038 2841 2120 2888 tes
2151 2833 2333 2904 potius
2361 2850 2528 2905 quam
2557 2844 2942 2900 contexentes;
2970 2845 3026 2890 et
3071 2834 3278 2890 faciunt
3322 2836 3606 2891 cervicalia

2036 2940 2146 2979 non
2179 2926 2233 2979 in
2259 2925 2460 2995 quibus
2493 2926 2672 2996 capita
2696 2926 2983 2990 reclinent,
3021 2926 3114 2982 sed
3139 2925 3192 2980 in
3227 2925 3426 2995 quibus
3456 2909 3610 2982 cubi-

2038 3025 2175 3083 tum,
2227 3018 2278 3072 id
2316 3028 2397 3072 est
2421 3027 2483 3072 ut
2508 3035 2702 3074 manus
2723 3034 2911 3074 eorum
2945 3035 3052 3075 non
3077 3019 3185 3075 sint
3214 3019 3266 3073 in
3283 3019 3486 3084 labore,
3502 3035 3609 3074 non

359 3101 633 3156 deremus.
674 3100 776 3168 Qui
804 3102 1058 3158 ﬁduciam
1096 3104 1282 3172 habet,
1309 3114 1363 3160 et
1385 3121 1512 3163 vere
1539 3108 1622 3162 vir
1647 3120 1749 3176 est,
1782 3112 1932 3168 vela-
1960 3142 2006 3202 ο
2039 3106 2092 3160 in
2127 3121 2288 3177 apere
2318 3107 2641 3175 lassescant,
2669 3107 2763 3164 sed
2790 3109 2900 3164 sint
2922 3108 2974 3162 in
3003 3108 3210 3178 requie,
3237 3107 3348 3162 sint
3377 3107 3432 3162 iu
3468 3109 3606 3174 otio,

360 3203 483 3244 men
529 3205 636 3245 non
687 3191 846 3247 habet
875 3208 1040 3262 super
1066 3202 1230 3264 caput
1258 3210 1417 3251 suum
1445 3237 1461 3263 ,
1491 3198 1583 3253 sed
1609 3199 1812 3256 intecto
1843 3216 1930 3258 ca-

359 3281 469 3350 pite
500 3291 619 3337 orat
642 3283 966 3350 Dominum,
999 3286 1202 3342 intecto
1227 3289 1402 3358 capite
1455 3291 1784 3361 prophetat,
1839 3311 1935 3365 per

357 3372 574 3443 signum
594 3376 893 3445 corporalis
907 3377 981 3431 rei
1001 3378 1164 3432 etiam
1183 3379 1485 3449 spiritalem
1504 3381 1734 3440 latenter
1751 3395 1936 3442 osten-

355 3467 515 3530 dens,
544 3479 606 3523 ut
629 3469 907 3539 quomodo
953 3487 1060 3525 non
1090 3472 1254 3528 habet
1290 3475 1534 3532 velamen
1577 3494 1741 3549 super
1773 3493 1935 3552 caput

354 3559 540 3614 carnis
571 3577 684 3616 sua:
706 3601 724 3629 ,
768 3561 840 3616 ita
881 3578 989 3617 non
1034 3563 1233 3619 habeat
1266 3568 1507 3623 velamen
1543 3586 1708 3640 super
1729 3574 1934 3644 princi-

355 3651 477 3718 pale
507 3651 686 3705 cordis
719 3652 825 3706 sui.
861 3651 920 3707 Si
956 3653 1079 3720 quis
1127 3671 1258 3711 vero
1299 3657 1643 3714 confusionis
1688 3663 1933 3718 velamen

355 3741 498 3817 gerit
521 3750 574 3796 et
596 3741 821 3811 peccati,
847 3742 949 3797 iste
967 3743 1125 3813 quasi
1160 3745 1445 3801 muliebria
1469 3749 1738 3806 velamina
1776 3753 1937 3807 habet

357 3849 524 3906 super
544 3841 912 3906 caputsuum.
941 3833 1126 3904 Itaque
1170 3851 1296 3890 eum
1330 3837 1529 3907 aliquis
1584 3840 1830 3896 docuerit
1872 3859 1934 3897 ea

355 3944 481 3996 qua:
504 3945 688 3982 aurem
725 3925 906 3999 populi
943 3927 1262 3994 mulceant,
1314 3937 1370 3982 et
1411 3931 1696 3999 strepitum
1756 3935 1936 4003 potius

356 4019 696 4074 laudatorum
723 4037 885 4091 quam
917 4017 1174 4093 gemitum
1206 4028 1477 4083 moveant,
1509 4025 1554 4074 si
1579 4021 1808 4078 blandus
1833 4025 1938 4078 ini-

355 4110 534 4164 micus
565 4112 861 4181 palpaverit
889 4113 1071 4182 potius
1101 4128 1263 4181 quam
1297 4112 1532 4167 secuerit
1569 4113 1812 4182 vulnera,
1849 4123 1930 4169 ta-

354 4200 427 4256 lis
459 4201 626 4256 homo
655 4204 890 4259 amictus
914 4207 1156 4260 contexit
1190 4207 1242 4260 in
1270 4207 1464 4276 capite.
1501 4207 1637 4262 Cum
1667 4215 1850 4263 autem
1881 4207 1933 4263 in

357 4291 699 4348 luxuriosam
730 4295 1034 4363 orationem
1061 4297 1293 4352 dicentis
1317 4313 1374 4352 se
1399 4313 1582 4353 sermo
1614 4297 1850 4363 fuderit,
1885 4309 1938 4354 et

357 4385 415 4439 in
441 4383 702 4440 lascivum
727 4386 1104 4455 persultaverit
1118 4388 1418 4459 eloquium,
1436 4389 1678 4444 contexit
1694 4391 1934 4445 velamen

2036 3198 2147 3253 sint
2173 3200 2226 3253 in
2257 3197 2344 3256 his
2364 3199 2529 3272 gestis
2560 3216 2681 3271 qua:
2701 3199 3070 3270 voluptatibus
3099 3200 3360 3255 serviunt.

2104 3291 2160 3346 4.
2204 3290 2326 3346 llaec
2362 3300 2544 3348 autem
2569 3308 2691 3364 quae
2713 3294 2948 3348 dicimus
2970 3292 3045 3347 ita
3070 3308 3130 3348 se
3149 3291 3350 3348 habere
3372 3299 3484 3347 uta
3510 3306 3612 3348 no-

2035 3381 2122 3438 bis
2144 3382 2413 3438 intellecta
2443 3391 2608 3451 sunt,
2641 3400 2875 3453 sequens
2925 3398 3108 3439 sermo
3143 3381 3419 3453 prophetae
3472 3381 3611 3437 luci-

2035 3475 2159 3532 dius
2174 3476 2430 3544 ostendit,
2454 3477 2641 3533 dicens
2668 3479 2732 3509 ²⁸⁶
2758 3495 2772 3531 :
2800 3475 2846 3530 Η
2853 3493 2927 3532 ωε
2941 3477 3071 3530 dicit
3090 3476 3296 3530 Adonai
3317 3475 3571 3530 Dominus
3587 3491 3617 3532 τ

2039 3565 2175 3622 Ecce
2210 3584 2304 3639 ego
2339 3567 2408 3622 ad
2441 3567 2719 3622 cervicalia
2765 3577 2935 3620 vestra
2967 3567 3023 3620 in
3047 3565 3234 3636 quibus
3263 3581 3351 3620 vos
3393 3580 3612 3619 conver-

2039 3659 2152 3712 titis
2199 3658 2312 3713 illic
2332 3659 2539 3713 animas
2565 3659 2622 3711 in
2655 3656 3073 3712 dissolutionem.
3105 3655 3333 3727 Aperuit
3377 3655 3612 3724 aenigma

2038 3749 2183 3818 quod
2222 3750 2442 3816 latebat,
2467 3749 2753 3818 perspicue
2785 3747 3078 3804 ostendens
3108 3758 3338 3801 consuta
3367 3747 3610 3802 cervica-

2040 3842 2109 3894 lia
2138 3841 2192 3895 in
2228 3839 2642 3894 dissolutionem
2692 3838 2996 3892 animarum
3040 3837 3177 3891 ﬁeri.
3239 3836 3374 3903 Quis
3427 3846 3617 3891 autern-

2040 3937 2219 4000 potest
2243 3945 2406 4000 super
2426 3944 2733 3984 sermonem
2765 3928 2858 3998 qui
2893 3928 3089 3997 legitur
3111 3970 3124 3994 ,
3159 3928 3389 3983 audiens
3434 3928 3615 3983 Deum-

2040 4022 2480 4086 comminantem,
2507 4021 2634 4092 quia
2674 4021 2788 4090 ipse
2826 4020 3133 4089 disrumpat
3175 4020 3336 4075 talem
3376 4020 3606 4076 sutelam

2039 4125 2093 4168 et
2127 4115 2254 4168 talia
2274 4112 2603 4168 cervicalia?
2637 4113 2725 4167 Ait
2748 4113 2935 4167 enim:
2980 4109 3120 4166 Ecce
3135 4127 3235 4181 ego
3270 4126 3380 4166 non
3419 4111 3605 4181 jubeo,

2040 4205 2132 4259 sed
2159 4205 2274 4274 ipse
2301 4204 2586 4273 disrumpo
2621 4202 2903 4258 cervicalia
2939 4211 3168 4257 consula
3200 4203 3303 4256 sub
3336 4203 3485 4256 omni
3514 4217 3611 4256 cu-

2041 4297 2153 4351 bito
2187 4311 2400 4350 manus.
2429 4293 2520 4350 Dei
2548 4311 2684 4364 Opus
2713 4302 2792 4349 est
2823 4307 3040 4348 omnem
3083 4309 3309 4363 arguere
3342 4302 3610 4349 texturam

2041 4399 2092 4444 et
2114 4388 2412 4444 dissolvere
2441 4388 2751 4442 universam
2784 4385 3055 4440 ﬁctionem
3089 4385 3379 4455 pessimam
3415 4425 3430 4449 ,
3491 4401 3613 4456 quae

357 4491 527 4546 super
550 4486 714 4547 caput
740 4479 921 4533 onitiis
973 4480 1170 4546 aetatis,
1211 4496 1318 4534 non
1351 4480 1514 4533 modo
1551 4496 1845 4550 puerorum
1885 4490 1938 4535 et
1970 4482 2012 4535 D
2044 4486 2203 4534 nocet
2229 4477 2315 4532 bis
2345 4477 2438 4548 qui
2471 4477 2664 4531 nolunt
2695 4476 2949 4530 manibus
2976 4475 3190 4546 operari
3223 4516 3238 4541 ,
3293 4476 3388 4532 sed
3419 4477 3620 4532 otiosis

349 4568 640 4639 juvenum,
666 4585 854 4624 verum
879 4579 932 4625 et
970 4586 1181 4626 senum.
1218 4571 1338 4638 Quo
1365 4575 1526 4627 modo
1581 4575 1725 4625 enim
1777 4570 1938 4626 faciet

411 4709 458 4742 “
476 4707 623 4766 Psal.
645 4725 832 4775 xxxvr,
860 4706 918 4766 4.
997 4711 1039 4742 ¹⁸
1067 4709 1209 4768 Psal.
1237 4725 1403 4767 xxxv.
1427 4712 1479 4766 9.
1560 4712 1625 4743 "'
1659 4710 1858 4766 Ezech.
1885 4727 2009 4776 xm,
2039 4710 2131 4766 20.

432 4828 524 4900 (η
543 4827 647 4900 Qui
674 4829 928 4900 inpvictu,
958 4829 1219 4900 etc.Huic
1245 4829 1367 4884 loco
1387 4831 1700 4885 alﬁnitatem
1729 4846 1926 4900 quam-

360 4898 486 4954 dam
515 4899 678 4954 habet
719 4898 966 4954 Gmcum
1016 4899 1378 4970 fragmentum
1408 4902 1510 4954 hoc
1538 4915 1570 4956 e
1594 4898 1801 4956 catenis
1837 4901 1931 4956 de-

361 4977 683 5041 promptum.
705 4985 730 5041 :_
753 4968 1206 5041 _Ilpoaxacpditaitov
1242 4971 1389 5041 tactv
1420 4970 1524 5022 ὑπὸ
1556 4970 1780 5041 ἀγκῶνα
1827 4988 1937 5041 χει-

360 5038 477 5162 ἰπὺς,
503 5041 532 5092 ὁ
555 5038 842 5122 τρυφέὶιδηζ
878 5041 973 5092 καὶ
998 5039 1290 5125 ’φιλήδονος
1328 5038 1472 5108 βίος,
1507 5038 1797 5110 καιέαργῶν
1827 5038 1938 5112 ’ἑὴν

395 5107 625 5162 ογασίαν
655 5125 756 5162 της
773 5109 1138 5162 δικαιοσυνης.
1181 5111 1378 5162 Τουτον
1409 5110 1468 5162 δὲ
1515 5110 1936 5162 ωὸόάπτουσιν.

465 5107 625 5182 adiuv
655 5107 1138 5182 rﬁgo'txatootivncﬁ
1181 5107 1468 5182 Tgsmss
1515 5107 1936 5182 cuppamoumv,

443 5177 606 5248 μηδὲν
638 5176 787 5249 παρὰ
811 5179 881 5232 τὰ
920 5176 1171 5250 ὁρώμενα
1210 5176 1345 5233 εἶναι
1384 5176 1816 5250 δογμαιὲιζοντες,
1850 5179 1938 5233 λέ-

362 5263 582 5319 γοντεςι
631 5248 1045 5319 Φὰῂωμενίθὶαῐ
1086 5250 1310 5318 πίωμεν
1328 5267 1343 5283 ο
1387 5248 1597 5318 αὕριον
1638 5250 1751 5319 γὰρ
1792 5251 1940 5304 ἀπυ-

364 5318 734 5390 θγήσκομενέ
757 5320 882 5383 Τοῖς
912 5318 971 5390 δὲ
997 5319 1270 5390 τοιούτοις-ί
1294 5319 1561 5390 ἀχόλουθᾲ
1602 5318 1738 5380 tam,
1772 5319 1939 5390 μηδὲν

365 5383 506 5440 εἶναι
534 5383 797 5459 ἡμέτερον
833 5387 1118 5459 μακάριον,
1152 5389 1194 5494 ix
1216 5388 1409 5494 [diem
1431 5389 1573 5443 κατὰ
1598 5383 1784 5461 σάρκό
1810 5383 1936 5460 ἤδο-

365 5457 486 5494 υάυ.
513 5457 648 5494 at...“
679 5458 824 5494 ἐκρεῖν
852 5457 1073 5494 emanat.
1108 5461 1179 5494 ι..-
1309 5475 1338 5494 υ
1383 5458 1620 5494 summa“
1678 5459 1936 5494 omnum.

365 5457 493 5538 vﬁv:
513 5457 648 5538 ὅπερ
679 5457 1074 5538 sentientem
1108 5457 1338 5538 ἐπὶςιςὴν
1368 5457 1640 5538 ίβεφᾳλὴγ,
1671 5457 1939 5538 saepe:

366 5526 630 5600 navatam?
659 5527 796 5589 νοὸς,
831 5526 1136 5600 καταφὲῥᾳν
1156 5526 1318 5600 αὑσςδὺ
1346 5530 1429 5600 εἰς
1455 5526 1556 5600 τὴν
1578 5526 1940 5600 ’ἐσχάτηνλὲᾲ-

367 5595 468 5660 ξιν,
507 5597 568 5650 ἵν’
597 5597 692 5678 ἔχῃ
737 5595 878 5678 narra
907 5595 1177 5678 fsudkjg,
1226 5599 1300 5662 ὡς
1319 5599 1366 5678 ’ἡ
1417 5595 1784 5678 ὲπιλαϐςρρζὲνή
1831 5597 1938 5678 ςςῖεν

365 5663 726 5740 γςτννῃτέηῶὗλ,
767 5667 863 5740 καὶ
902 5663 1366 5740 διᾲίνιτονῖἡθνγγδνηὴλ⁷
1391 5663 1801 5740 χρζοῃιατίὰασοξἶ
1831 5663 1938 5729 Ἧς

365 5736 462 5811 τὴν
494 5734 671 5802 δεξιὰν
695 5738 722 5791 ὁ
743 5735 906 5804 νόμος
931 5737 1149 5792 κόπτει·
1181 5734 1270 5792 én‘t
1301 5734 1936 5812 γὸιρἓὺῆτρθσκεφὰλαιον

2041 4570 2124 4624 eis
2150 4567 2248 4623 uti.
2287 4565 2354 4619 Et
2383 4567 2712 4635 disrumpunt
2731 4581 2796 4621 ea
2833 4585 2864 4621 a
2894 4567 3124 4620 brachiis
3149 4568 3334 4622 vestris
3369 4567 3432 4633 ὀί
3459 4567 3510 4623 id
3531 4577 3616 4624 cst

2214 4709 2258 4741 “‘
2286 4709 2418 4763 ibid.

2032 4821 2424 4882 ἁναπαυθείσα.
2455 4822 2555 4895 τῆς
2585 4823 2790 4895 φθρρᾶς
2819 4821 3098 4895 ἐδράξατο.
3129 4825 3368 4881 Cervical
3394 4830 3488 4880 sub
3515 4843 3610 4881 cu-

2033 4895 2142 4967 bito
2167 4908 2374 4957 manus,
2407 4901 2482 4967 est
2508 4894 2613 4948 vita
2639 4893 2930 4967 luxuriosa
2948 4911 3010 4967 ac
3041 4895 3340 4959 libidinosa,
3373 4913 3490 4967 qua!
3511 4895 3608 4967 ju-

2032 4964 2190 5018 stitite
2219 4963 2572 5032 operationem
2613 4963 2864 5017 dissolvit.
2900 4963 3201 5019 Istiusmodi
3230 4963 3454 5020 cervical
3485 4963 3610 5020 con-

2033 5041 2191 5104 suunt
2211 5073 2224 5096 ,
2257 5033 2347 5102 qui
2385 5041 2579 5104 printer
2607 5049 2689 5086 res
2721 5033 2881 5104 oculis
2917 5035 3151 5104 subjecta
3197 5033 3328 5089 nihil
3359 5053 3470 5091 esse
3518 5037 3612 5091 de—

2034 5101 2315 5166 blaterant,
2338 5103 2590 5172 aiuntque
2619 5117 2638 5156 :
2667 5123 2687 5154 ‹
2721 5102 2956 5158 Edamus
2981 5101 3028 5158 et
3049 5105 3304 5172 bibamus,
3330 5123 3448 5161 cras
3472 5108 3612 5160 enim

2038 5173 2343 5245 moriemur.
2365 5191 2382 5221 ι
2406 5172 2501 5245 His
2529 5180 2707 5245 autem
2731 5173 2821 5242 qui
2846 5173 3104 5245 eiusmodi
3130 5185 3272 5238 sunt,
3298 5192 3612 5245 consequens

2036 5251 2109 5295 est
2139 5250 2196 5315 u_t
2231 5241 2376 5315 nulla
2407 5242 2518 5296 alia
2541 5243 2609 5296 sit
2641 5241 2872 5315 humana
2903 5244 3189 5305 beatitudo,
3221 5263 3378 5314 quam
3409 5241 3526 5315 qua:
3557 5247 3614 5298 in

2036 5313 2212 5365 carnis
2256 5311 2520 5384 voluptate
2560 5313 2792 5384 consistit
2824 5329 2842 5366 :
2879 5316 3020 5384 quod
3060 5324 3134 5369 est
3177 5311 3366 5384 capitis
3404 5311 3613 5384 integu-

2036 5390 2286 5452 mentum,
2307 5383 2466 5452 menti
2487 5383 2786 5451 impositum
2806 5383 3059 5446 velamen,
3083 5386 3155 5437 ad
3182 5383 3420 5452 inﬁmum
3442 5383 3613 5452 ipsam

2037 5451 2272 5523 ordinem
2314 5451 2607 5523 deprimens
2651 5461 2709 5505 ut
2753 5452 2942 5506 habeat
2985 5470 3142 5523 super
3186 5451 3376 5523 caput,
3423 5453 3614 5523 quippe

2037 5535 2152 5590 qua:
2178 5521 2420 5591 gignendi
2437 5531 2634 5591 partes
2667 5523 2885 5590 accepit,
2915 5533 2964 5576 et
2993 5521 3270 5591 propterea
3309 5521 3499 5577 mulier
3521 5539 3613 5576 uo-

2039 5589 2159 5644 cata
2181 5589 2283 5644 'est
2309 5605 2328 5642 :
2358 5589 2510 5658 cujus
2542 5591 2812 5644 dexteram
2842 5591 2925 5644 lea:
2963 5589 3240 5646 abscindit.
3273 5593 3628 5658 Requiesccns-

2040 5661 2175 5715 enim
2205 5676 2362 5729 super
2385 5659 2625 5726 cervical,
2658 5662 3042 5728 corruptionem
3070 5659 3444 5733 apprehendit.
