4140 6504
416 336 520 391 6'33

1852 335 2135 392 HOMlLlA
2176 333 2258 390 Ill.

3587 342 3688 399 sm

414 452 535 518 isti;
562 451 614 504 id
644 459 728 506 est
761 451 1063 523 supradicti
1103 452 1426 525 presbyteri,
1477 461 1763 522 posuerunt
1798 453 2001 524 cogita-
2027 457 2074 513 A
2103 453 2270 507 alium
2301 453 2503 519 illo,ut
2555 461 2686 523 puta
2721 463 2880 509 sanat
2917 448 3235 525 emplastro,
3284 455 3378 511 alii
3412 456 3559 514 aliud
3584 463 3689 513 tri-

415 549 582 602 tiones
607 563 734 603 suas
759 548 816 601 in
860 547 1106 602 cordibus
1131 548 1278 614 suis,
1320 556 1373 603 et
1416 562 1624 618 plenam
1654 547 1996 619 iniquitatum

414 652 634 692 suarum
658 648 944 707 posuerunt
970 645 1092 693 ante
1116 638 1303 708 faciem
1335 653 1509 693 suam.
1558 637 1728 692 Nemo
1753 645 1994 692 vestrum

415 729 692 785 existimet
713 729 995 786 cruciatus
1017 730 1182 786 nobis
1204 730 1276 785 ab
1296 729 1405 786 alio
1427 742 1591 799 quam
1617 744 1649 784 a
1671 730 1831 787 nobis
1855 732 1998 787 irro-

414 820 554 888 gari.
606 818 749 876 Deus
799 836 910 876 non
959 820 1092 877 facit
1121 835 1334 891 pmnas,
1386 820 1484 876 sed
1515 835 1580 876 ea
1603 836 1728 892 quae
1755 822 1998 891 patimur

416 911 522 982 ipsi
556 912 712 968 nobis
733 927 1123 984 praeparamus.
1159 911 1348 984 Itaque
1382 913 1698 969 testimonio
1746 929 1858 983 quo
1884 913 1995 970 fre-

414 1011 645 1072 quenter
665 1003 990 1071 usi.sumus,
1010 1005 1176 1059 etiam
1201 1019 1346 1061 nunc
1369 1014 1673 1074 opportune
1689 1012 1909 1065 utamur
1923 1005 1995 1059 ":

414 1094 693 1149 Ambulate
716 1096 771 1150 in
817 1095 1016 1150 lumine
1055 1096 1191 1166 ignis
1208 1096 1389 1161 uestri,
1434 1104 1484 1150 et
1518 1097 1573 1149 in
1592 1096 1812 1165 ﬂantnta
1835 1110 1996 1165 quam

413 1186 753 1241 accendistis.
802 1185 921 1242 Non
969 1194 1054 1242 est
1092 1187 1235 1258 ignis
1262 1186 1485 1243 alterius
1535 1187 1639 1242 nisi
1664 1195 1864 1252 vester,
1901 1189 1995 1257 qui

405 1279 573 1350 ligna,
606 1278 695 1349 qui
732 1277 1013 1348 stipulam,
1043 1278 1140 1349 qui
1180 1278 1469 1333 materiam
1516 1275 1702 1332 futuro
1744 1278 1995 1335 incendio

406 1369 799 1428 cuacervastis.
1492 1382 1505 1389 ‘

477 1462 533 1516 8.
569 1461 710 1517 Dicit
738 1476 873 1530 ergo
901 1460 968 1516 de
1000 1460 1354 1531 presbyteris,
1386 1462 1576 1531 procul
1617 1471 1801 1516 autem
1854 1463 1998 1518 absit

407 1569 438 1606 a
470 1552 629 1607 nobis
654 1569 671 1606 :
719 1550 832 1606 Viri
856 1550 945 1604 isti
974 1561 1264 1619 posuerunt
1286 1554 1629 1623 cogitationes
1656 1571 1782 1609 snas
1798 1555 1854 1608 in
1875 1571 1993 1608 eor-

404 1646 561 1700 dibus
585 1645 717 1708 suis,
758 1654 810 1699 et
843 1658 1056 1712 ponam
1081 1644 1431 1715 iniquitatum
1465 1662 1688 1700 suarum
1708 1656 1995 1715 posuerunt

403 1742 530 1788 ante
557 1734 751 1804 facient
790 1750 966 1789 suam.
1022 1731 1127 1786 Sed
1175 1732 1492 1800 respondens
1532 1734 1849 1804 respondebo
1894 1737 1991 1790 eis.

2102 544 2221 599 buit
2240 542 2718 609 medicamentum,
2748 544 3026 599 nonnullis
3049 546 3195 615 quod
3211 548 3521 602 cauterium
3550 562 3691 605 nun-

2101 641 2331 704 cupatur
2360 633 2609 702 imponit,
2655 632 2826 687 alium
2853 646 3062 696 amara,
3092 632 3261 691 alium
3290 634 3434 688 dulci
3484 644 3690 705 tempe-

2101 734 2186 779 rat
2219 725 2461 795 potione,
2499 723 2786 793 cujusdam
2834 738 2967 778 vero
3006 722 3233 778 vulnera
3275 724 3550 780 crassiore
3578 741 3684 780 un-

2099 815 2262 885 guine
2287 816 2493 871 delinlt.
2526 813 2620 871 Sic
2647 825 2701 870 et
2729 829 2912 875 sermo
2944 814 3037 870 Dei
3074 830 3174 884 pro
3199 816 3559 884 qualitatibus
3589 818 3688 873 ho-
3722 822 3729 828 ’

2099 906 2305 973 minam
2327 906 2593 978 loquitur,
2621 922 2722 962 nec
2758 906 2969 976 passim
3005 905 3296 976 sapientia:
3329 921 3446 961 suae
3496 906 3688 977 ingerit

2097 1010 2458 1057 sacramenta.
2500 1001 2591 1056 Ait
2631 1002 2818 1072 itaque
2847 1016 2861 1052 :
2922 999 3039 1071 Ege
3067 999 3391 1069 respondebo
3411 1001 3539 1055 siin
3566 1005 3688 1073 qui-

2096 1094 2190 1148 bus
2215 1094 2482 1149 detinetur
2511 1110 2657 1153 mens
2687 1092 2837 1163 ejus,
2869 1101 2932 1149 ut
2966 1093 3073 1151 ista
3111 1090 3363 1151 videlicet
3408 1107 3598 1149 curem
3631 1093 3687 1148 in

2096 1182 2294 1253 quibus
2324 1196 2479 1237 mens
2505 1181 2627 1252 ejus
2659 1181 2956 1243 detinetur,
2987 1190 3048 1235 ut
3075 1196 3181 1236 non
3214 1178 3380 1235 iaciat
3410 1179 3687 1235 declinare

2095 1276 2316 1329 domum
2362 1273 2549 1330 Israel.
2586 1273 2915 1343 Quicunque
2952 1273 3192 1345 seipsum
3233 1273 3545 1344 exemplum
3575 1287 3682 1327 non

2097 1365 2297 1434 prmbet
2338 1364 2497 1420 bona:
2531 1364 2690 1431 vitae,
2724 1364 2817 1425 sed
2858 1379 3153 1437 perversos
3183 1365 3403 1430 incedit,
3456 1364 3558 1420 iste
3587 1377 3684 1432 per

2093 1469 2250 1509 suam
2278 1457 2621 1524 pravitatem,
2646 1454 2777 1510 dum
2813 1455 2880 1511 ad
2912 1454 3024 1511 haec
3047 1471 3169 1525 quae
3198 1469 3307 1509 non
3332 1455 3492 1509 debet
3518 1453 3686 1508 incli-

2096 1526 2279 1611 natur,
2307 1541 2442 1598 facit
2467 1543 2877 1613 quodammodo
2915 1544 3080 1599 etiam
3107 1543 3201 1600 Dei
3226 1544 3486 1614 populum
3519 1543 3686 1599 decli-

2097 1647 2229 1688 nare
2282 1634 2587 1689 secundum
2621 1636 2786 1690 corda
2818 1650 3010 1690 eorum
3048 1651 3172 1706 quae
3215 1635 3521 1691 abalienata
3557 1644 3687 1691 sunt

2095 1742 2125 1778 n
2166 1739 2274 1782 me.
2308 1723 2374 1787 Et
2399 1712 2505 1796 qui.
2526 1728 2629 1785 hoc
2652 1725 2784 1783 facit
2832 1728 3134 1787 secundum
3182 1728 3477 1793 alienatum
3529 1743 3683 1784 cora

406 1821 797 1893 Nunquidnam
831 1824 1057 1893 dignum
1088 1828 1173 1875 est
1202 1822 1321 1877 istis
1352 1836 1443 1876 me
1488 1825 1851 1892 respondere,
1900 1827 1999 1896 qui
2034 1810 2071 1861 ll
2106 1812 2235 1879 Deo,
2263 1815 2318 1869 in
2352 1816 2776 1888 cogitationibus
2808 1818 2925 1872 suis
2966 1818 3114 1875 facit.
3146 1817 3373 1895 Propter
3408 1820 3553 1889 quod
3596 1836 3685 1878 re-

406 1923 673 1969 venerant
701 1912 769 1967 ad
786 1920 840 1966 te
862 1912 1185 1981 prophetam
1212 1912 1461 1970 volentes
1478 1914 1689 1971 discere
1714 1930 1997 1975 sermones

407 2004 601 2059 meos?
636 2003 858 2071 Propter
886 2003 984 2056 hoc
1015 2002 1229 2073 loquere
1254 2005 1324 2059 ad
1356 2021 1468 2072 eos,
1500 2015 1551 2062 et
1590 2008 1679 2062 die
1702 2008 1777 2063 eis
1799 2023 1819 2062 :
1866 2008 1997 2065 lices

404 2098 536 2151 dicit
566 2098 778 2155 Adonai
804 2101 1066 2156 Dominus
1095 2116 1114 2156 ι
1161 2098 1336 2154 Homo
1357 2098 1512 2152 homo
1541 2113 1605 2154 ea:
1635 2099 1791 2154 domo
1829 2100 2000 2173 368

410 2187 603 2244 Israel.
618 2190 821 2253 Omnes
845 2192 1098 2249 homines
1120 2190 1231 2245 nati
1255 2205 1446 2246 sumus
1470 2190 1744 2260 homines,
1767 2193 1862 2248 sed
1884 2210 1995 2250 non

406 2294 600 2336 omnes
630 2281 883 2337 homines
930 2281 1189 2337 homines
1246 2295 1461 2347 sumus,
1512 2283 1659 2339 sicut
1693 2284 1997 2353 turpissime

405 2360 627 2425 natavi:
676 2372 729 2426 id
762 2372 997 2439 quodin
1040 2370 1290 2429 Levitico
1339 2375 1603 2445 scriptum
1644 2382 1773 2431 est:
1819 2375 2001 2431 Homo

402 2461 560 2516 homo
595 2462 833 2533 ﬁliorum
885 2463 1079 2529 Israel,
1114 2475 1211 2521 aut
1255 2467 1579 2525 advenarum
1618 2469 1710 2538 qui
1763 2469 1995 2539 appositi

402 2564 526 2607 sunt
570 2555 629 2608 in
655 2555 826 2612 nobis.
867 2556 1052 2612 Estote
1096 2557 1372 2624 homines,
1435 2560 1689 2617 homines
1732 2562 1991 2631 scilicet;

400 2645 531 2713 quia
560 2660 668 2701 non
696 2661 896 2704 clunes
924 2647 1198 2712 heminas,
1247 2649 1500 2707 homines
1543 2660 1691 2709 sunt.
1723 2651 1990 2711 Ostenda—

402 2752 526 2791 mus
551 2736 622 2791 de
676 2736 978 2806 Scripturis
1023 2739 1304 2806 quomodo
1330 2739 1552 2809 quidem
1581 2742 1833 2800 homines
1882 2760 1993 2802 non

406 2828 521 2881 sint
544 2827 818 2883 homines.
853 2827 1026 2882 Honto
1046 2830 1105 2882 in
1124 2829 1320 2885 honore
1343 2833 1546 2899 positus
1572 2848 1679 2887 non
1707 2834 1992 2901 intellexit,

398 2928 740 2987 comparatus
763 2926 842 2973 est
860 2918 1120 2987 iumentis
1141 2919 1534 2989 insipientibus,
1559 2924 1892 2981 assimilatas
1915 2937 1992 2981 est

304 3062 309 3067 ,
397 3009 477 3062 eis
520 3007 589 3061 ⁸³.
611 3008 718 3063 lste
751 3023 861 3063 non
900 3019 987 3064 est
1017 3009 1184 3067 homo
1216 3010 1405 3078 homo,
1435 3013 1532 3071 sed
1578 3013 1746 3072 homo
1773 3015 1993 3085 jumen-

402 3110 537 3153 tum.
578 3098 860 3155 Generatio
884 3103 1203 3169 viperarum,
1227 3103 1344 3172 quis
1376 3105 1603 3161 ostendit
1635 3106 1777 3165 uobis
1805 3108 1989 3178 fugere

400 3190 467 3244 ab
498 3193 581 3245 ira
603 3200 823 3247 uentura
864 3194 957 3248 “‘t
993 3192 1141 3249 Talis
1172 3211 1282 3250 non
1343 3205 1428 3250 est
1461 3195 1628 3255 homo
1660 3198 1844 3266 homo,
1893 3200 1988 3259 sed

400 3295 624 3350 serpens
643 3281 828 3338 homo.
856 3281 997 3353 Equi
1011 3285 1068 3341 in
1091 3284 1317 3352 feminas
1339 3287 1663 3347 insanientes
1682 3288 1814 3357 facti
1841 3302 1986 3357 sunt,

399 3375 757 3444 unusquisque
784 3391 942 3444 super
961 3390 1180 3431 osorem
1213 3378 1445 3445 proximi
1470 3380 1556 3434 sui
1591 3380 1864 3437 hinniebat
1895 3384 1940 3416 ⁸³
1969 3403 1984 3452 ;

395 3474 453 3519 et
484 3465 588 3521 iste
612 3478 722 3522 non
753 3473 839 3523 est
866 3465 1034 3523 homo
1057 3466 1247 3532 homo,
1264 3469 1360 3529 sed
1396 3469 1561 3527 homo
1598 3486 1795 3541 equus.
1831 3475 1988 3531 Absit

398 3554 563 3624 igitur
590 3571 622 3609 a
662 3555 821 3613 nobis
846 3565 905 3613 ut
944 3557 1078 3615 tales
1103 3557 1300 3626 simus,
1322 3561 1417 3629 qui
1453 3576 1766 3623 mereamur
1797 3567 1988 3622 audire

398 3662 507 3701 non
534 3663 655 3703 esse
686 3664 790 3707 nos
812 3649 1066 3709 homines
1093 3650 1363 3717 homines,
1394 3654 1489 3717 sed
1518 3655 1667 3712 aliud
1690 3659 1822 3728 quid
1844 3675 1984 3729 prte-

397 3746 482 3791 tcr
512 3736 792 3799 homines!
823 3737 882 3793 Si
905 3740 1055 3795 enim
1081 3738 1211 3795 boni
1236 3751 1293 3798 et
1330 3746 1602 3806 mansueti
1627 3760 1842 3815 sumus,
1881 3750 1982 3807 du-

398 3829 667 3897 plicamus
689 3830 927 3890 hominis
957 3847 1180 3899 nomen,
1213 3841 1275 3888 ut
1299 3833 1373 3889 sit
1402 3834 1459 3888 in
1500 3837 1664 3893 nobis
1692 3854 1811 3908 non
1852 3841 1986 3895 sim-

398 3916 610 3985 pliciter
640 3918 829 3987 homo,
863 3924 960 3975 sed
981 3921 1144 3978 homo
1168 3922 1357 3978 homo.
1386 3912 1691 3981 Considera
1731 3942 1800 3983 an
1833 3928 1984 3989 iuves

402 4008 524 4063 nire
550 4010 854 4076 valeamus,
879 4012 1014 4081 quid
1036 4012 1110 4067 sit
1149 4012 1285 4069 illud
1317 4014 1466 4084 quod
1504 4031 1703 4073 nomen
1746 4019 1985 4077 hominis

396 4098 660 4167 duplices.
694 4097 925 4169 Quando
948 4101 1050 4159 iste
1081 4101 1246 4157 homo
1284 4104 1379 4173 qui
1417 4112 1504 4159 est
1531 4105 1790 4173 exterior,
1818 4109 1983 4165 homo

397 4189 583 4258 fuerit,
610 4204 679 4245 eo
706 4191 800 4261 qui
827 4200 912 4247 est
942 4191 1168 4251 interior
1189 4193 1356 4253 homo
1383 4203 1638 4264 serpente
1661 4198 1979 4268 exsistente,

397 4294 506 4334 non
537 4287 624 4336 est
669 4281 726 4335 in
771 4282 932 4343 nobis
963 4282 1130 4343 homo
1157 4282 1345 4351 homo,
1381 4284 1476 4339 sed
1522 4293 1733 4340 tantum
1788 4286 1972 4344 homo.

395 4370 626 4434 Quando
650 4386 781 4433 vero
808 4373 1040 4429 interior
1070 4375 1234 4430 homo
1254 4375 1412 4444 juxta
1460 4375 1755 4447 imaginem
1796 4394 1980 4448 perse-

2098 1905 2399 1975 spondetur
2425 1906 2507 1961 eis
2540 1906 2593 1960 in
2623 1906 2689 1962 iis
2718 1906 2769 1960 in
2799 1908 3000 1977 quibus
3034 1908 3308 1963 detinetur
3341 1922 3436 1963 cor
3467 1922 3683 1972 eorum,

2096 2004 2150 2051 et
2170 1997 2370 2053 dicitur
2404 2016 2418 2053 :
2457 1997 2558 2053 Dic
2588 2000 2658 2053 ad
2691 1999 2906 2052 domum
2932 1998 3129 2054 Israel.
3165 1998 3294 2055 Htec
3321 1998 3455 2054 dicit
3476 1998 3684 2051 Adonei

2100 2089 2356 2143 Dominus
2391 2105 2410 2144 :
2451 2087 2867 2159 Convertimini,
2924 2101 2974 2144 et
3028 2091 3247 2147 avertite
3288 2105 3374 2144 vos
3416 2105 3449 2145 a
3490 2088 3683 2153 studiis

2097 2181 2303 2236 vestris.
2336 2179 2475 2248 Quia
2518 2182 2793 2251 pollicitus
2827 2188 2912 2237 est
2950 2181 3263 2235 locuturum
3297 2194 3355 2234 se
3399 2178 3479 2233 eis
3524 2194 3589 2233 ea
3628 2179 3682 2234 in

2096 2273 2301 2344 quibus
2325 2273 2601 2329 detinetur
2622 2289 2719 2332 cor
2739 2290 2950 2339 eorum,
2982 2274 3103 2329 ideo
3134 2286 3281 2329 nunc
3309 2270 3466 2340 quasi
3492 2286 3682 2339 pecca-

2096 2362 2308 2419 toribus
2330 2363 2569 2434 loquitur
2590 2363 2781 2420 dicens
2808 2380 2822 2421 :
2855 2362 3237 2420 Convertimiui
3270 2372 3319 2419 et
3348 2362 3566 2423 avertite
3592 2379 3681 2418 vos

2096 2476 2127 2512 a
2161 2458 2355 2514 studiis
2402 2460 2612 2527 vestris,
2658 2470 2709 2514 et
2766 2462 2988 2519 avertite
3021 2460 3187 2529 facies
3235 2469 3454 2517 vestras.
3491 2456 3683 2523 Nonne

2095 2550 2195 2604 tibi
2241 2549 2454 2606 videtur
2497 2550 2603 2609 hoc
2649 2548 2876 2607 facere?
2904 2550 3100 2608 Facies
3157 2561 3351 2607 vestrae
3382 2550 3680 2609 obﬁrmata:

2093 2647 2224 2695 sunt
2264 2654 2428 2709 super
2459 2655 2524 2703 ea
2572 2654 2696 2710 quae
2744 2654 2852 2695 non
2882 2640 3103 2707 debent,
3145 2639 3452 2697 convertite
3485 2655 3583 2697 eas
3628 2651 3682 2697 et

2094 2731 2379 2787 obfirmate
2412 2730 2466 2786 in
2520 2731 2638 2786 haec
2685 2746 2808 2801 qua:
2864 2740 3048 2789 vestro
3098 2741 3230 2793 sunt
3285 2732 3680 2789 emolumento.

2092 2821 2318 2893 Propter
2385 2824 2523 2893 quod
2563 2823 2718 2877 homo
2782 2824 2936 2883 homo
2967 2824 3034 2878 de
3082 2826 3238 2879 domo
3288 2822 3483 2888 Israel,
3533 2826 3681 2881 etde

2066 2914 2367 2986 'proselytis
2392 2917 2482 2985 qui
2515 2916 2800 2971 adveniunt
2823 2917 2880 2973 in
2924 2914 3121 2991 Israel,
3159 2918 3454 2989 quicunque
3477 2919 3679 2974 abalie-

2089 3016 2249 3060 natus
2305 3008 2489 3077 fuerit.
2537 3007 2722 3063 Potest
2770 3009 2907 3077 lieri,
2944 3018 2998 3062 et
3052 3009 3328 3070 hominem
3377 3012 3675 3079 hominem,

2090 3098 2203 3153 sive
2221 3109 2467 3163 creatum
2499 3099 2777 3173 hominem
2810 3101 3108 3166 hominem,
3134 3116 3230 3163 seu
3264 3102 3565 3171 perfectum
3590 3107 3675 3160 sui

2093 3190 2369 3245 hominem
2432 3190 2711 3247 hominem
2738 3191 2989 3248 ell‘ectum
3028 3194 3321 3251 abalienari
3363 3196 3671 3269 contingit:

2090 3285 2136 3338 si
2168 3283 2386 3353 quidem
2412 3293 2468 3340 et
2491 3284 2677 3356 justus
2711 3287 3013 3342 secundum
3045 3287 3297 3349 eumdem
3332 3287 3672 3347 Ezechieleni

2090 3376 2427 3431 convertitur
2458 3377 2754 3447 aliquando
2782 3394 2810 3433 θ
2834 3377 3066 3448 justitiis
3094 3379 3231 3443 suis,
3256 3389 3312 3435 et
3343 3391 3552 3459 peccat.
3615 3381 3674 3438 Si

2088 3482 2218 3536 ergo
2243 3466 2554 3524 istiusmodi
2587 3468 2753 3524 homo
2784 3473 3021 3540 posuerit
3069 3473 3411 3544 cogitationes
3449 3490 3574 3529 suas
3620 3477 3674 3529 in

2089 3557 2243 3613 corde
2291 3576 2408 3626 suo,
2462 3569 2512 3613 et
2555 3577 2763 3630 poenam
2811 3562 3112 3634 iniquitatis
3168 3580 3279 3619 sua:
3312 3575 3433 3620 ante
3480 3567 3673 3637 faciem

2087 3666 2260 3718 suam,
2290 3658 2339 3704 et
2369 3652 2561 3705 venerit
2591 3651 2660 3705 ad
2687 3652 3015 3721 prophetam,
3058 3664 3115 3708 ut
3144 3656 3422 3729 interroget
3452 3673 3571 3719 eunt
3617 3660 3671 3715 in

2088 3758 2167 3795 me
2198 3759 2217 3796 :
2271 3742 2406 3811 Ego,
2447 3744 2624 3815 inquit
2654 3742 2941 3809 Dominus,
2979 3746 3295 3816 respondebo
3320 3748 3368 3803 ei
3395 3748 3449 3802 in
3475 3749 3586 3821 ipso
3616 3751 3667 3804 in

2086 3848 2187 3901 quo
2220 3832 2506 3898 detinetur,
2541 3833 2896 3903 etob/irmabo
2922 3835 3113 3905 faciem
3138 3853 3305 3897 meum
3328 3839 3381 3892 in
3409 3839 3668 3896 hominem

2087 3921 2263 3980 illum.
2296 3921 2597 3979 Considera
2625 3925 2905 3996 quomodo
2933 3927 2989 3982 in
3020 3928 3289 3998 principio
3316 3936 3669 4010 spoponderit

2086 4014 2383 4069 clementer
2405 4030 2465 4070 se
2512 4030 2929 4090 responsurum;
2981 4033 3046 4073 ac
3076 4018 3274 4077 deinde
3316 4024 3593 4092 quomodo
3616 4027 3666 4080 si

2087 4121 2279 4162 rursus
2304 4107 2532 4172 venerit,
2568 4108 2804 4163 necdum
2848 4118 3071 4167 curatus
3120 4112 3396 4183 prioribus
3446 4117 3626 4174 verbis
3651 4160 3665 4184 ,

2085 4200 2395 4271 obﬁrmabo,
2431 4202 2587 4271 dixit,
2617 4204 2808 4272 faciem
2835 4221 3004 4261 meam
3025 4223 3183 4277 super
3207 4207 3468 4264 hominem
3490 4209 3666 4274 illum,

2082 4304 2129 4347 et
2152 4310 2345 4363 ponam
2385 4293 2540 4347 illum
2582 4295 2638 4349 in
2660 4296 2946 4357 desertum.
2999 4296 3055 4353 Si
3085 4299 3233 4354 enim
3264 4315 3373 4361 non
3401 4301 3667 4359 obedierit

2084 4385 2431 4441 sermonibus
2457 4386 2926 4452 commonitionis,
2959 4389 3054 4444 sed
3082 4389 3137 4445 in
3183 4390 3378 4448 delicto
3415 4408 3667 4463 perseve-

394 4462 662 4516 veraverit
688 4461 1006 4523 Conditoris
1031 4505 1046 4532 ,
1100 4475 1233 4522 tunc
1283 4468 1527 4524 nascitur
1573 4470 1759 4537 homo,
1812 4481 1868 4529 et
1916 4475 1977 4529 lit
2011 4499 2051 4551 ι)
2086 4477 2305 4541 raverit,
2338 4492 2531 4547 ponam
2567 4493 2684 4531 eum
2708 4479 2763 4531 in
2790 4478 3076 4546 desertum,
3099 4492 3148 4536 et
3196 4484 3247 4535 in
3269 4461 3664 4550 exterminium,

394 4551 701 4609 istiusmodi
750 4557 1052 4612 secundum
1081 4557 1405 4615 exteriorem
1432 4569 1488 4617 et
1525 4562 1836 4627 interiorem
1872 4566 1969 4620 ho—
2071 4578 2121 4624 et
2155 4566 2340 4621 tollam
2369 4583 2489 4621 eum
2517 4568 2580 4623 de
2602 4569 2773 4627 medio
2793 4572 2976 4640 populi
3019 4574 3141 4629 mei.
3185 4572 3262 4627 Nc
3285 4575 3504 4639 auferas
3539 4594 3667 4645 nos,
3752 4586 3759 4589 ’

393 4643 619 4710 minem,
652 4645 736 4700 bis
759 4647 922 4701 homo
955 4648 1140 4704 homo.
1183 4649 1356 4706 Porro
1382 4652 1430 4707 si
1468 4654 1593 4724 quis
1625 4654 1680 4713 in
1729 4656 1835 4711 hoc
1874 4672 1967 4712 vo-

2078 4662 2219 4717 Deus
2262 4660 2628 4732 omnipotens,
2656 4661 2725 4718 de
2747 4664 2924 4721 medio
2957 4666 3142 4741 populi
3179 4668 3279 4741 tui,
3312 4684 3497 4724 verum
3538 4687 3664 4728 cou-

392 4744 549 4791 catus
572 4744 632 4790 ut
657 4738 753 4792 tiat
771 4738 937 4801 homo
966 4740 1153 4803 homo.
1187 4744 1431 4811 posuerit
1460 4745 1821 4817 cogitationes
1842 4764 1972 4805 suas
2075 4765 2228 4807 serva
2277 4766 2378 4806 nos
2425 4751 2479 4804 in
2514 4751 2716 4821 pepulo
2756 4760 2872 4809 tuo.
2908 4738 3065 4815 iuste
3121 4738 3303 4810 autem
3356 4755 3665 4827 projicitur,

392 4826 450 4881 in
481 4829 645 4884 corde
681 4844 804 4897 suo,
834 4838 890 4884 et
921 4846 1143 4900 poenam
1194 4848 1350 4888 suam
1384 4844 1512 4891 ante
1543 4834 1741 4893 faciem
1790 4855 1972 4906 suam,

391 4925 447 4971 et
474 4920 687 4973 venerit
738 4919 807 4975 ad
854 4921 1227 4991 prophetam:
1283 4921 1418 4994 Ego,
1449 4925 1629 5003 inquit
1681 4918 2003 4996 Dominus,

393 5010 708 5073 respondebo
742 5013 796 5075 ei
843 5013 902 5069 in
932 5013 1037 5079 his,
1085 5013 1273 5086 quibus
1334 5016 1600 5079 detinetur
1638 5037 1783 5077 mens
1837 5022 1971 5092 ejus.

395 5098 564 5157 Docet
615 5118 716 5161 nos
774 5120 955 5162 sermo
1004 5122 1245 5176 pmsws
1289 5109 1436 5181 quod
1490 5119 1706 5181 poterat
1744 5115 1975 5186 singulis

391 5193 746 5262 respondere,
776 5210 877 5251 nec
908 5196 1219 5266 importuna
1260 5198 1552 5254 admovere
1585 5201 1970 5270 medicamina,

392 5285 486 5343 sed
522 5298 621 5353 pro
647 5282 909 5355 qualitate
955 5288 1273 5345 morborum
1303 5305 1544 5361 congrua
1568 5307 1802 5364 quaeque
1845 5311 1973 5365 pro-

393 5373 559 5429 ferre.
589 5375 974 5433 Animadverte
999 5380 1150 5449 quod
1183 5381 1440 5438 dicimus.
1468 5384 1551 5438 Ad
1586 5386 1853 5443 medicum
1879 5389 1974 5442 de—

394 5479 513 5519 cem
539 5467 765 5531 vadunt,
805 5468 993 5525 decem
1043 5472 1306 5528 habentes
1337 5474 1546 5543 species
1570 5474 1968 5533 inlirmitatum.

2075 4841 2169 4912 qui
2198 4842 2362 4912 digna
2393 4839 2527 4897 facit
2566 4842 2916 4911 obiectione,
2968 4856 3027 4901 ut
3071 4846 3355 4911 auferatur
3403 4865 3435 4913 a
3463 4851 3667 4920 populo

2081 4935 2195 4999 Dei,
2231 4943 2286 4990 et
2306 4934 2615 4997 eradicetur
2637 4935 2706 4989 ab
2746 4951 2814 4991 eo
2839 4945 2897 4993 et
2915 4939 3165 4994 tradatur
3197 4939 3435 4998 Satanae.
3489 4940 3556 4998 Et
3608 4944 3662 4998 in

2085 5027 2334 5097 praesenti
2364 5027 2584 5099 quidem
2634 5038 2807 5098 potest
2842 5031 2966 5100 quis
3012 5033 3300 5103 egrediens
3344 5033 3411 5088 de
3463 5036 3664 5106 populo

2084 5118 2198 5183 Dei,
2236 5135 2454 5175 rursum
2479 5136 2575 5191 per
2607 5122 2985 5191 paenitentiam
3014 5124 3249 5194 reverti;
3285 5125 3331 5182 si
3369 5140 3500 5181 vero
3537 5142 3661 5182 era-

2081 5208 2299 5265 dicatns
2331 5208 2498 5264 fuerit
2532 5210 2627 5267 illo
2653 5228 2717 5265 cx
2747 5212 2955 5282 populo
2992 5213 3061 5269 de
3092 5229 3202 5285 quo
3227 5214 3282 5269 in
3308 5216 3543 5286 quadam
3574 5231 3664 5285 pa-

2083 5301 2267 5355 rabola
2315 5300 2537 5369 dicitur,
2569 5302 2804 5370 venisse,
2829 5312 2883 5358 et
2932 5305 3272 5373 recubuisse,
3303 5318 3356 5362 et
3402 5308 3661 5364 introisse

2081 5389 2369 5456 quemdam
2397 5389 2493 5459 qui
2534 5405 2642 5445 non
2676 5391 2912 5446 habebat
2954 5394 3338 5450 vestimentum
3396 5399 3658 5467 nuptiale,

2078 5484 2291 5539 dicente
2316 5483 2384 5537 ad
2416 5498 2541 5538 eum
2594 5484 2990 5553 patrefamilias
3020 5488 3065 5518 ³³
3095 5506 3109 5542 :
3164 5489 3367 5556 Amice,
3396 5490 3658 5560 quomodo

392 5555 515 5613 Non
542 5572 733 5616 omnes
767 5562 957 5618 eodem
985 5564 1148 5620 modo
1173 5574 1353 5632 curat,
1388 5554 1487 5622 sed
1528 5567 1696 5622 alium
1731 5568 1859 5633 isto,
1917 5580 1978 5627 et
2077 5574 2180 5628 huc
2213 5573 2429 5628 intrasti
2456 5588 2559 5627 non
2582 5572 2778 5627 habens
2805 5583 2995 5628 restem
3020 5554 3358 5646 nuptialem?
3389 5554 3554 5649 atque
3584 5579 3663 5635 ita

469 5746 515 5779 ιε’
544 5743 645 5801 lsa.
688 5761 740 5815 ι,
776 5748 858 5805 ιι.
935 5752 975 5783 ¹¹
1016 5750 1157 5834 Psal.
1190 5769 1381 5822 xum,
1414 5756 1498 5811 l5.

1596 5761 1638 5791 ³³
1662 5758 1855 5816 Matth.
1878 5777 1963 5829 In,
2016 5762 2064 5818 7.
2142 5764 2185 5797 ²³
2214 5760 2417 5820 Jercm.
2448 5778 2499 5829 ν,
2527 5762 2579 5817 8.
2659 5762 2703 5796 ²⁵
2733 5762 2921 5822 Matth.
2960 5782 3095 5837 xxn,
3135 5767 3242 5824 l2“
