4140 6436
503 253 611 310 895

1679 273 2005 331 ORIGHNIS
2047 278 2111 332 ΙΝ
2153 278 2602 355 ΕΖΕΟΙΙΙΕΗΞΜ⁸

3664 299 3770 356 696

503 377 850 483 praecipiente
897 384 1185 454 ministris,
1241 399 1299 444 ut
1344 390 1644 448 vincientes
1671 409 1796 450 eum
1832 399 2087 454 manibus
2114 406 2162 462 Α
2191 405 2395 460 inclecb
2427 406 2629 464 factum
2658 419 2762 476 est,
2783 419 2838 466 et
2863 427 3052 467 earum
3077 428 3310 483 quarum
3337 415 3602 471 conclusit
3627 415 3774 475 Deus

501 477 556 521 et
604 471 834 538 pedibus
875 476 1151 532 mitterent
1182 481 1236 534 in
1283 482 1537 539 tenebras
1574 487 1912 544 exteriores:
1941 491 2082 546 ditii-

500 556 704 616 cillime
741 562 792 618 in
820 565 1001 621 locum
1030 568 1319 638 pristinum
1348 583 1674 632 revertetur.
1708 577 1814 634 Sed
1839 597 1942 637 nos
1969 600 2078 638 non

2188 496 2402 549 vulvam
2444 507 2667 567 propter
2703 509 2986 567 peccatum
3034 501 3180 572 quod
3223 503 3278 557 in
3325 501 3478 559 Isaac
3511 507 3775 562 commis-

2185 600 2308 640 sum
2343 597 2427 641 est
2460 588 2546 642 "z
2587 589 2668 644 sic
2702 600 2757 645 et
2795 601 2939 647 terra
2995 593 3404 663 quodammodo
3455 595 3578 650 sine
3618 599 3773 665 prole

499 653 926 751 eradicabimur,
969 675 1156 715 verum
1203 672 1261 717 et
1311 665 1365 718 in
1403 669 1654 736 praesenti
1694 681 1750 726 et
1787 672 1845 727 in
1891 673 2081 730 futuro
2182 685 2238 730 et
2274 677 2480 732 sterilis
2521 679 2867 751 relinquitur,
2901 653 3047 739 fame
3091 685 3257 740 missa
3304 685 3359 740 in
3406 701 3550 740 eam.
3600 653 3774 746 liuius

497 745 699 848 stucqu
724 747 778 800 in
809 747 1038 805 Domino
1059 763 1250 810 nostro
1275 757 1666 826 plantabiniur,
1700 772 1754 818 et
1792 765 1846 820 in
1872 782 1936 822 eo
1963 767 2080 822 lru-
2182 783 2370 825 verum
2401 781 2504 832 est.
2537 772 2639 828 hoc
2668 745 2814 844 quod
2845 745 3095 832 asserere
3123 792 3312 832 sermo
3340 779 3614 848 praeludit,
3656 798 3770 837 non

495 847 617 888 ctus
647 837 953 900 uberrimos
996 845 1310 914 aﬂ‘ercmus,
1345 851 1434 905 cui
1467 862 1554 908 est
1598 855 1772 926 gloria
1797 866 1852 914 et
1901 858 2077 930 impe-

494 925 637 982 rium
661 927 714 984 iu
741 932 940 987 saecula
965 936 1316 995 sie-culorum.
1346 942 1542 999 Anien.

975 1070 1142 1146 339
1177 1072 1460 1132 πωπω
1498 1077 1588 1138 iv.

491 1174 645 1268 Ι)εῄςο
660 1179 800 1268 quod
817 1184 1071 1268 scriptum
1088 1199 1163 1242 est
1179 1191 1226 1223 "
1245 1210 1258 1245 :
1285 1191 1479 1268 t_Terra
1493 1214 1609 1252 cum
1629 1204 1918 1268 peccauerit
1942 1205 2074 1262 milii

558 1258 616 1299 stt
659 1258 1040 1318 prwvaricetur
1090 1265 1468 1328 prceraricans,
1521 1258 1804 1326 extendens
1856 1258 2072 1330 manuni

561 1333 1332 1420 3":1'.”L“.'-!.’fr.i‘f".'_i.'fere
1370 1337 1443 1389 σά
1469 1339 1542 1420 ,ἑά
1587 1343 1956 1420 invasion."
1977 1347 2024 1420 ’τ
2054 1366 2068 1420 =.

562 1387 684 1478 Εἰς
713 1392 760 1478 s‘i
790 1387 990 1478 fuerint
1019 1387 1126 1478 {ius
1152 1387 1256 1478 uiri
1269 1405 1333 1478 in
1365 1387 2071 1478 inediéig}i£.'1v3£,"inmtei

555 1457 800 1582 gaioli,
843 1473 893 1518 et
944 1469 1046 1536 ipsi
1095 1457 1328 1538 justitiai
1367 1457 2069 1541 uid"tiieﬁtiili’dniiﬁi

2179 859 2248 916 de
2290 861 2687 920 habitatoribus
2719 876 2900 934 terrai,
2931 868 3025 924 sed
3077 869 3144 924 de
3183 871 3299 939 ipsa
3342 879 3486 926 terra
3529 872 3772 928 dicitur?

2179 952 2410 1009 Possum
2438 958 2713 1028 paulisper
2758 960 2825 1014 ad
2867 961 3059 1016 altiora
3101 964 3474 1019 conscendens
3519 963 3770 1034 Scriptu-

2178 1061 2363 1100 rarum
2413 1049 2743 1107 testimoniis
2791 1054 3123 1123 approbare,
3174 1056 3456 1125 quomodo
3507 1066 3768 1126 peccator

2177 1145 2323 1192 terra
2335 1138 2568 1192 dicatur.
2592 1139 2803 1196 Dicitur
2817 1143 2962 1198 enim
2982 1144 3053 1199 ad
3076 1143 3249 1199 Adam
3279 1147 3357 1201 "z
3385 1145 3546 1200 Terra
3559 1164 3612 1201 es
3629 1156 3679 1200 et
3706 1148 3763 1200 in

2177 1239 2373 1284 terrain
2411 1231 2533 1287 ibis.
2566 1231 2866 1291 Possumus
2901 1235 3083 1291 dicere
3126 1237 3254 1307 quia
3297 1248 3354 1292 et
3399 1254 3545 1292 nunc
3581 1240 3756 1294 delin-

2173 1339 2348 1394 quens
2382 1332 2526 1380 terra
2554 1336 2807 1396 peccator
2836 1327 2927 1383 sit.
2956 1328 3062 1384 Sed
3091 1330 3402 1385 econtrario
3432 1331 3762 1386 latissimam

2176 1416 2472 1486 Scriptura:
2500 1419 2693 1473 silvani
2722 1433 3013 1476 recensens
3051 1429 3303 1476 coarctor
3347 1422 3414 1476 ad
3465 1423 3760 1492 suspicari--

2171 1510 2325 1574 dum,
2351 1511 2481 1580 quia
2511 1512 2764 1567 animalis
2799 1513 2872 1568 sit
2905 1523 3049 1568 terra
3092 1515 3193 1570 ista
3239 1530 3404 1584 quam
3452 1517 3757 1572 cernimus.

2173 1600 2231 1655 Si
2263 1602 2410 1657 enim
2437 1602 2541 1658 hoc
2561 1605 2706 1674 quod
2734 1606 3000 1675 scriptum
3026 1617 3112 1663 est
3136 1609 3182 1641 ⁸ο
3210 1628 3223 1664 :
3251 1609 3358 1674 Qui
3381 1611 3569 1679 aspicit
3597 1626 3761 1678 super

557 1684 603 1737 l.
637 1686 830 1744 Sermo
870 1688 1087 1750 Domini
1125 1699 1219 1768 qui
1263 1689 1441 1760 factu;
1484 1715 1569 1762 ρει
1614 1708 1680 1764 ad
1721 1715 2063 1786 prophetam.
2097 1761 2140 1815 Β
2173 1706 2370 1748 terram
2397 1705 2447 1750 et
2476 1697 2609 1766 facit
2642 1713 2767 1752 eam
2788 1707 3024 1762 tremere,
3049 1699 3203 1770 juxta
3235 1701 3287 1756 id
3314 1703 3461 1771 quod
3487 1705 3754 1773 scriptum

578 1781 876 1815 ηιιιιιιωρὲηιι
908 1793 1050 1815 θην...
1086 1789 1324 1815 I--.-:.___
1397 1813 1482 1815 ___,
1612 1811 1622 1815 _
1980 1811 1995 1815 _
2168 1797 2248 1815 -..ο
2285 1789 2535 1815 ..-ιη-μη.-
2568 1792 2812 1815 ---ε-Α..-
2864 1792 3214 1815 :_...n:_:_.---
3246 1793 3310 1815 -.ι
3349 1806 3621 1815 --‘-_.___
3653 1793 3752 1815 ΠΛ

480 1777 548 1877 de
577 1781 876 1847 peccatrice
908 1793 1050 1841 terra
1084 1789 1345 1862 loquitur,
1386 1811 1661 1868 quomoao
1698 1777 1922 1877 propter
1963 1777 2062 1866 de;

479 1866 605 1973 licta
652 1887 749 1927 sua
802 1878 971 1933 variis
1020 1881 1091 1934 sit
1140 1889 1455 1945 excruciata
1503 1866 1826 1966 suppliciis,
1878 1901 2060 1973 fame,

477 1957 667 2061 bestiis
705 1965 887 2030 malis,
927 1969 1132 2040 gladio,
1176 1987 1371 2043 morte,
1419 1957 1824 2042 morte-autem
1865 1957 2060 2061 reperi:

476 2050 620 2119 tina,
656 2069 780 2125 quae
827 2069 922 2113 aut
965 2077 1031 2115 ex
1076 2069 1318 2137 corrupti
1370 2075 1513 2128 aeris
1559 2077 1690 2132 vitio
1726 2079 1796 2134 sit
1842 2050 2057 2152 creata,

473 2149 570 2234 aut
623 2158 690 2234 ex
729 2162 1059 2220 quocunque
1114 2157 1372 2214 acciderit
1412 2176 1644 2234 eventu,
1707 2179 1762 2225 et
1814 2149 2054 2232 dicituri

477 2233 634 2295 Quod
657 2235 705 2288 si
725 2239 884 2292 etiam
915 2253 1145 2312 quatuor
1170 2248 1396 2306 ultiones
1415 2271 1556 2309 meas
1581 2260 1770 2314 misero
1789 2263 1843 2316 in
1861 2276 2055 2321 terrant

470 2329 836 2418 peccatricem,
864 2332 1065 2401 fuerint
1087 2349 1262 2394 autem
1293 2343 1386 2398 isti
1412 2357 1518 2401 tres
1547 2351 1669 2417 uiri,
1699 2351 1836 2418 Noe,
1862 2355 2056 2414 Daniel

471 2423 523 2468 et
548 2414 652 2472 Job
688 2421 745 2473 in
787 2432 928 2478 terra
957 2433 1267 2500 peccatrice,
1317 2436 1420 2504 ipsi
1465 2441 1566 2494 soli
1607 2414 1744 2498 salvi
1781 2414 1955 2503 erunt.
1997 2451 2052 2507 lu

467 2601 680 2694 czeteris
707 2609 939 2676 aperuit,
974 2611 1212 2669 liliorum
1245 2626 1298 2671 et
1328 2620 1562 2678 ﬁliarum
1595 2629 1815 2685 nomina
1858 2601 2050 2694 tacuit.

468 2688 526 2740 in
554 2705 620 2744 eo
649 2708 778 2749 vero
809 2713 1064 2759 sermone
1102 2706 1154 2761 in
1201 2723 1312 2776 quo
1352 2711 1553 2770 hostias
1596 2720 1769 2776 malas
1810 2725 2050 2783 minatus

464 2789 755 2882 estierrai.
782 2788 859 2882 ait
883 2807 896 2844 :
924 2789 985 2846 Si
1014 2795 1118 2862 ﬁlii
1143 2807 1192 2850 et
1224 2800 1353 2868 ﬁlia:
1377 2788 1559 2860 eorum
1599 2811 1734 2865 salvi
1777 2815 1924 2882 ﬁent,
1959 2821 2050 2872 sed

596 2877 699 2930 soli
719 2881 1087 2952 solvabuntur,
1122 2898 1264 2946 terra
1295 2906 1493 2953 autem.
1514 2899 1580 2954 Et
1609 2917 1732 2957 cum
1764 2871 2045 2975 paululum

465 2967 771 3028 reticuisset
797 2977 992 3047 adjecit
1023 2999 1036 3036 :
1073 2981 1143 3038 Et
1189 2987 1289 3040 erit
1327 2989 1383 3042 in
1428 2993 1673 3051 introitu.
1720 2967 1957 3056 Rursum
1993 3006 2045 3059 in

461 3063 887 3173 eammiuatione
916 3073 1078 3141 gladii
1106 3094 1120 3130 :
1152 3076 1276 3134 Non
1310 3081 1627 3154 liberabant,
1661 3090 1755 3156 ait,
1781 3093 1923 3161 ﬁlios
1951 3107 2045 3150 aut
2072 3115 2113 3173 ο

461 3151 628 3222 ﬁlias.
667 3154 736 3212 Et
765 3159 818 3214 in
850 3174 1024 3220 morte
1053 3169 1306 3228 similiter
1334 3185 1418 3231 est
1446 3151 1660 3238 locutus
1688 3151 1854 3240 ili/"on
1895 3189 2047 3244 dere-

460 3245 766 3348 litt/[l-el-tlur
786 3253 892 3348 lilii
916 3267 1020 3348 aut
1062 3261 1193 3328 ﬁlia:
1225 3281 1428 3335 eorum,
1458 3272 1553 3325 sed
1573 3275 1674 3343 ipsi
1697 3279 1800 3340 soli
1828 3279 1963 3348 Noe,
1992 3294 2044 3338 ct

460 3336 675 3444 Daniel,
706 3353 756 3396 et
777 3343 879 3398 Job
901 3347 1201 3408 liberabant
1234 3360 1442 3415 animas
1472 3336 1620 3422 suas.
1652 3336 1847 3438 Ingens
1879 3336 2044 3444 igitur

460 3429 618 3534 nobis
647 3447 780 3534 cura
813 3441 1173 3508 expositionis
1219 3447 1507 3523 incumbit,
1541 3467 1594 3512 et
1630 3459 1700 3514 ob
1716 3429 1780 3515 id
1811 3429 2042 3534 diligen-

459 3530 541 3574 ter
578 3522 841 3584 debemus
871 3535 1171 3600 atteudere.
1203 3551 1255 3596 et
1289 3522 1642 3605 obsecramus
1674 3522 1952 3611 auditores
1984 3567 2042 3612 ut

456 3613 612 3705 quasi
656 3617 724 3672 ad
771 3620 991 3692 aliquod
1039 3631 1244 3698 grande
1291 3641 1658 3704 spectaculum
1701 3646 2040 3705 conﬂuentes

455 3702 651 3761 faciem
704 3713 905 3770 mentis
952 3717 1267 3790 intendant,
1315 3702 1384 3782 ne
1430 3731 1737 3793 obscuritas
1779 3702 2038 3797 relaxatis

453 3799 1001 3903 sensibus-elabatur.
1034 3809 1154 3867 Non
1180 3816 1316 3873 dixit
1359 3821 1412 3874 in
1445 3830 1716 3894 praesenti,
1753 3831 1800 3885 si
1840 3848 2035 3903 peccas

449 3889 630 3946 Verint
670 3893 910 3954 civitatis
947 3915 1043 3958 aut
1087 3907 1189 3963 loci
1242 3889 1474 3983 alicujus
1516 3919 1796 3988 agricolae,
1840 3889 1941 3979 sed
1990 3927 2036 3982 si

451 3987 596 4081 terra
619 3990 944 4081 peccaverit.
962 3991 1026 4048 Et
1041 3996 1157 4054 scio
1173 4001 1297 4068 quia
1313 3987 1613 4074 simplicior
1633 3987 1887 4081 quisque,
1909 4030 2032 4069 cum

450 4070 696 4170 audierit
730 4076 777 4130 si
829 4088 970 4136 terra
1022 4091 1346 4155 peccaverit,
1395 4070 1576 4150 statim
1628 4070 1695 4154 ad
1741 4070 2031 4170 proclivem

448 4158 660 4216 feratur
681 4165 1114 4244 intelligentiam,
1159 4190 1217 4235 ut
1259 4190 1459 4238 terram
1502 4187 1647 4243 dicat
1691 4158 2030 4250 nominatam

447 4254 664 4354 pro-his
712 4262 806 4330 qui
854 4275 1144 4324 morantur
1190 4273 1245 4327 in
1299 4284 1471 4348 terra,
1508 4293 1698 4336 verum
1751 4289 2031 4354 sequentia

448 4343 748 4442 Scriptura:
782 4354 942 4411 istam
965 4361 1149 4416 statim
1179 4366 1420 4422 eximent
1444 4343 1861 4442 expositionem.
1893 4343 2028 4435 Cum

2166 1797 2250 1842 est
2285 1789 2538 1845 volumus
2567 1792 2834 1860 accipere,
2864 1792 3217 1864 intelligimus
3243 1793 3311 1849 ad
3347 1806 3626 1864 aspectum
3653 1793 3756 1849 Dei

2167 1886 2325 1931 teme
2354 1889 2536 1934 motus
2561 1882 2846 1948 concitari,
2879 1898 2986 1937 non
3009 1899 3150 1953 quos
3173 1883 3346 1940 Judaei
3376 1887 3756 1955 suspicantur.

2163 1969 2298 2024 Nam
2353 1972 2428 2026 illi
2475 1958 2730 2030 asserunt
2777 1983 3066 2030 tremorem
3118 1986 3279 2031 terra:
3324 1979 3758 2034 commotionem

2162 2063 2282 2132 ejus
2310 2079 2471 2120 esse:
2503 2067 2647 2136 quod
2677 2068 2835 2138 longe
2876 2084 2906 2122 a
2958 2070 3184 2124 veritate
3224 2071 3500 2126 diversum
3533 2079 3636 2126 est.
3686 2070 3758 2125 Et

2162 2171 2261 2210 nos
2287 2157 2486 2226 quippe
2539 2159 2758 2214 solliciti
2813 2172 2868 2214 et
2919 2171 3212 2216 trementes
3262 2173 3480 2233 propter
3524 2174 3756 2235 peccata

2163 2259 2346 2303 nostra
2398 2251 2452 2304 in
2497 2259 2640 2306 terra
2693 2269 2906 2319 sumus,
2946 2269 3045 2309 nec
3093 2265 3272 2312 tamen
3316 2269 3521 2312 tremor
3563 2267 3757 2312 noster

2159 2355 2361 2409 corpus
2393 2345 2638 2398 concutit
2668 2344 2734 2398 ad
2781 2347 3121 2403 tremendum
3159 2366 3173 2403 :
3220 2349 3381 2404 sicuti
3428 2357 3483 2403 et
3539 2350 3593 2402 in
3637 2349 3756 2404 alio

2159 2433 2278 2487 loco
2307 2433 2507 2489 dicitur
2531 2435 2572 2466 "
2603 2453 2617 2490 ί
2644 2434 2817 2506 Super
2839 2453 2991 2507 quem
3022 2441 3324 2510 respiciam,
3351 2441 3429 2495 ait
3458 2441 3752 2503 Dominus.

2157 2528 2261 2579 nisi
2275 2543 2430 2596 super
2448 2527 2718 2594 huntilem,
2743 2540 2790 2583 et
2815 2531 3070 2599 quietum,
3086 2541 3137 2585 et
3163 2542 3464 2587 trementem
3479 2549 3751 2587 sermones

2157 2620 2336 2672 meos?
2366 2617 2444 2673 Ex
2473 2634 2585 2690 quo
2616 2620 2969 2676 manifestum
3004 2631 3090 2677 est
3124 2635 3410 2680 mansuete
3435 2633 3491 2679 et
3521 2624 3751 2679 humili-

2155 2721 2238 2766 ter
2271 2711 2380 2767 Deo
2408 2713 2732 2768 servientem
2770 2715 2836 2768 ad
2873 2730 3154 2772 sermones
3190 2717 3311 2786 ejus
3341 2724 3523 2771 mente
3559 2717 3748 2786 potius

2155 2812 2384 2857 tremere
2418 2820 2583 2872 quam
2620 2818 2868 2873 corpore.
2923 2803 2984 2858 Et
3035 2805 3149 2859 huic
3190 2807 3411 2875 quidem
3460 2806 3513 2858 in
3558 2807 3750 2860 medio

2153 2893 2296 2948 dicta
2325 2905 2454 2949 sunt
2478 2893 2847 2950 satisfactione
2877 2896 2997 2964 ejus
3039 2897 3333 2951 testimonii
3367 2897 3511 2967 quod
3547 2898 3746 2952 intuli-

2152 3003 2271 3042 mus
2294 3028 2306 3041 .
2333 2988 2438 3052 Qui
2465 2988 2655 3057 aspicit
2679 2997 2874 3040 terrain
2899 2998 2947 3041 et
2970 2987 3103 3058 facit
3129 3004 3247 3042 eam
3282 2999 3516 3044 tremere.
3537 2989 3745 3060 Accipe

2153 3086 2333 3132 autem
2362 3079 2468 3132 alia
2497 3077 2639 3132 dicta
2669 3077 2735 3132 de
2761 3087 2903 3133 terra
2925 3079 2970 3110 ³⁸
2998 3099 3009 3132 :
3050 3079 3355 3148 Uﬁ'enditur
3389 3090 3532 3135 terra
3553 3083 3616 3133 ab
3652 3082 3739 3135 his

2147 3171 2238 3241 qui
2286 3170 2517 3224 insident
2566 3171 2622 3225 iu
2671 3188 2754 3227 ea.
2805 3172 3093 3238 Quomodo
3137 3171 3429 3228 oﬂ'enditur
3469 3181 3635 3238 terra,
3682 3186 3740 3228 et

2145 3263 2367 3332 quando
2415 3274 2700 3319 aversatur
2741 3265 2812 3320 ab
2860 3264 2946 3320 his
2982 3265 3074 3335 qui
3108 3264 3163 3320 in
3199 3280 3259 3320 se
3281 3268 3741 3321 commorantur?

2145 3357 2378 3424 Quando
2415 3356 2616 3412 fuerint
2651 3367 2982 3428 peccatores.
2997 3359 3198 3428 Accipe
3218 3357 3364 3412 aliud
3397 3359 3732 3428 eseinpluiu.

2144 3449 2497 3519 Complacebit
2521 3449 2623 3503 sibi
2652 3459 2793 3504 terra
2825 3451 2881 3504 in
2913 3449 3148 3504 sabbatis
3165 3451 3278 3505 suis
3299 3450 3368 3503 ³³.
3411 3449 3735 3506 Econtrsrio

2144 3541 2289 3596 enim
2319 3543 2569 3608 quaedam
2603 3550 2762 3596 terrae
2806 3540 3032 3596 sabbata
3069 3550 3475 3610 nuncupantur,
3512 3544 3566 3596 in
3601 3541 3726 3610 qui-

2141 3633 2244 3688 bus
2287 3633 2390 3687 sibi
2438 3634 2780 3703 complaceat
2817 3641 2872 3688 et
2919 3633 3150 3712 laetetur.
3201 3631 3444 3689 Necdum
3485 3635 3610 3689 dico
3635 3633 3726 3686 “z

2139 3725 2385 3792 Attende,
2421 3727 2629 3788 caelum,
2659 3736 2707 3780 et
2739 3725 2949 3794 loquar,
2981 3735 3029 3780 et
3057 3727 3241 3781 audiat
3275 3735 3417 3780 terra
3446 3732 3602 3780 verba
3619 3727 3732 3780 oris

2139 3821 2276 3884 mei;
2307 3834 2484 3890 neque
2521 3820 2666 3874 aliud
2695 3819 2739 3851 ³³
2774 3844 2784 3875 ;
2819 3821 2982 3885 Audi,
3017 3820 3235 3884 caelum,
3266 3829 3315 3873 et
3353 3819 3573 3873 auribus
3609 3835 3727 3888 per-

2139 3913 2271 3988 cipe,
2299 3921 2470 3976 terra;
2499 3913 2590 3967 sed
2629 3927 2727 3966 nec
2759 3910 3008 3967 Jeremias
3037 3913 3376 3982 prophetiam
3413 3911 3460 3943 ³⁸
3486 3930 3500 3966 :
3540 3911 3726 3974 Terra,

2139 4015 2300 4070 terra,
2334 4005 2462 4058 audi
2485 4005 2695 4058 verbum
2730 4003 2960 4068 Domini,
2994 4004 3163 4059 scribe
3191 4006 3360 4060 uirum
3389 4006 3549 4058 istum
3573 4004 3726 4057 abdi-

2135 4108 2339 4152 catum.
2375 4095 2538 4150 Multa
2569 4112 2670 4150 nos
2717 4097 2888 4150 latent
2921 4106 3144 4166 propter
3184 4106 3561 4167 paupertatem
3609 4113 3724 4151 iue-

2136 4189 2343 4253 morias,
2376 4196 2597 4257 prapter
2638 4187 2838 4257 ingenii
2876 4187 3206 4241 tarditatem.
3236 4185 3402 4241 Multa
3443 4197 3572 4242 sunt
3600 4204 3724 4258 qua:

2135 4280 2378 4337 condidit
2427 4277 2571 4334 Deus
2617 4277 2984 4344 rationabilia,
3028 4287 3084 4334 et
3127 4289 3256 4334 sunt
3301 4281 3561 4350 capacia,
3612 4296 3723 4345 non

2134 4374 2312 4430 solum
2350 4371 2686 4443 principatus
2733 4380 2788 4426 et
2833 4379 3153 4442 potestates,
3201 4379 3256 4427 et
3294 4383 3534 4430 rectores
3569 4383 3720 4429 tene~

371 4513 376 4517 _
444 4437 590 4491 enim
622 4447 927 4510 peccaverit
959 4457 1122 4518 terra,
1156 4465 1209 4509 et
1251 4455 1304 4510 in
1349 4473 1446 4512 sua
1481 4437 1701 4537 peccata
1736 4470 2024 4538 corruerit,
2059 4457 2107 4514 υ
2135 4467 2356 4521 hrarum
2391 4464 2643 4527 istarum,
2677 4479 2868 4518 verum
2905 4465 3068 4520 etiam
3105 4475 3159 4519 et
3203 4466 3258 4521 in
3301 4467 3527 4522 meliore
3566 4475 3722 4536 parte

443 4531 762 4625 extenditur
789 4551 986 4594 manus
1019 4557 1125 4596 non
1159 4560 1325 4614 super
1349 4533 1655 4609 habitantes
1683 4565 1904 4625 terram,
1930 4531 2024 4618 sed

441 4634 606 4688 super
631 4622 803 4722 ipsam
832 4637 1056 4699 terram,
1087 4643 1143 4688 et
1188 4638 1362 4709 prima
1405 4647 1746 4722 correptione
1782 4622 2024 4709 conteri-

442 4718 553 4772 tur.
587 4721 647 4768 ut
677 4716 960 4808 auferatur
988 4721 1059 4776 ab
1085 4739 1148 4780 ea
1184 4718 1588 4789 ﬁrmamentum
1636 4740 1794 4808 panis
1831 4744 2025 4800 videli-

439 4811 568 4908 cet‘:
595 4805 753 4873 quasi
783 4823 944 4877 paena
983 4813 1054 4868 sit
1080 4823 1238 4872 terra;
1274 4819 1320 4874 si
1355 4821 1526 4880 fames
1569 4805 1718 4890 iniea
1755 4832 2020 4908 obtineat,

441 4902 502 4948 ut
534 4893 718 4968 fruges
744 4903 936 4958 semini
971 4906 1324 4978 denegentur.
1369 4913 1505 4971 Nam
1540 4926 1816 4990 quomodo
1862 4893 2026 4988 homo

439 4999 696 5093 peccator
735 4994 853 5052 sine
881 5000 1033 5067 prole
1064 5009 1119 5056 et
1157 5007 1358 5063 sterilis
1390 5009 1534 5067 inter
1563 5017 1882 5078 maledictos
1920 5040 2010 5093 pu~

441 5083 610 5150 nitur,
635 5083 792 5155 juxta
827 5090 882 5145 id
909 5097 1054 5162 quod
1087 5098 1140 5151 in
1173 5101 1411 5170 quodam
1446 5105 1566 5161 loco
1605 5111 1869 5181 scriptum
1917 5083 2020 5185 est,

437 5190 504 5229 ex
553 5182 844 5239 contrariis
893 5187 1037 5241 enim
1089 5193 1362 5248 contraria
1405 5196 1818 5268 intelliguntur:
1855 5215 1909 5261 et
1955 5182 2022 5264 de

433 5267 589 5336 justo
619 5273 818 5328 dicitur
840 5277 884 5309 ³⁷
913 5296 925 5332 :
955 5278 1076 5334 Non
1103 5282 1202 5335 erit
1251 5286 1364 5343 sine
1402 5289 1778 5364 prole,neque
1821 5298 2019 5353 sterilis

434 5358 492 5413 in
540 5364 718 5428 vobis;
763 5377 818 5420 et
855 5380 1168 5436 peccatores
1209 5372 1328 5428 sine
1372 5359 1557 5433 liberis
1599 5386 1653 5433 et
1691 5358 2022 5450 posteritate

435 5449 520 5504 sui
549 5463 752 5510 aeterna
786 5457 1124 5514 inl‘ertilitate
1149 5461 1499 5529 damnantur,
1533 5475 1590 5520 ut
1615 5467 1668 5522 in
1699 5449 1863 5526 domo
1889 5473 2021 5528 Alii-

2134 4561 2390 4625 thronos,
2439 4556 2862 4622 dominationes,
2915 4565 2970 4611 ct
3020 4569 3214 4614 ctrtera
3265 4575 3387 4628 qua}
3430 4558 3484 4612 in
3530 4567 3722 4613 nostro

2133 4653 2408 4708 intellectu
2465 4651 2760 4721 Apostolus
2809 4651 3026 4720 reliquit
3071 4652 3258 4707 dicens
3292 4652 3335 4682 ³⁷
3379 4670 3392 4705 :
3441 4650 3510 4704 Et
3561 4668 3719 4720 super

2130 4761 2280 4798 omne
2323 4761 2507 4798 nomen
2550 4742 2689 4812 quod
2733 4743 3037 4796 nominatur
3076 4758 3178 4796 non
3217 4741 3389 4795 solum
3430 4743 3486 4794 iis
3520 4740 3718 4796 sarculo

2128 4835 2252 4899 isto,
2301 4850 2479 4888 verum
2526 4843 2577 4886 et
2622 4833 2678 4886 in
2725 4831 2928 4900 futuro.
2963 4833 3072 4886 Acr
3117 4846 3338 4902 quoque
3382 4832 3721 4888 animalibus

2129 4925 2323 4995 plenus
2346 4931 2448 4988 est,
2475 4923 2775 4979 secundum
2802 4923 3046 4993 ejusdem
3073 4923 3316 4992 Apostoli
3341 4923 3718 4981 testimonium

2131 5017 2475 5086 prmdicantis
2499 5017 2581 5070 ’δε
2629 5014 2914 5085 In'quibus
2951 5015 3239 5087 aliquando
3279 5015 3593 5071 ambulastis
3627 5032 3713 5070 se-

2127 5111 2357 5166 cundum
2383 5110 2637 5166 steculunt
2667 5109 2851 5164 mundi
2882 5109 3060 5181 hujus,
3097 5108 3384 5164 secundum
3421 5111 3714 5179 principem

2126 5202 2401 5272 potestatis
2449 5211 2498 5254 et
2549 5202 2687 5254 neris
2735 5202 2993 5270 spiritus,
3046 5203 3137 5277 qui
3178 5218 3314 5254 nunc
3364 5213 3614 5270 operatur
3657 5202 3716 5256 iis

2127 5293 2258 5362 ﬁliis
2283 5291 2606 5362 di/ﬁdentiae.
2639 5290 2735 5346 Est
2768 5308 2899 5364 ergo
2926 5305 3093 5360 terra,
3123 5303 3177 5348 et
3213 5294 3467 5348 universa
3501 5293 3719 5347 anima-

2130 5384 2222 5448 lia,
2271 5393 2325 5438 ct
2372 5399 2466 5452 per
2514 5393 2694 5453 partes
2740 5385 3061 5440 animalium
3115 5386 3426 5441 varietates.
3481 5385 3714 5452 Quando

2127 5477 2270 5532 cnim
2307 5477 2598 5531 oll‘enditur
2627 5487 2788 5542 terra,
2818 5491 2872 5532 et
2916 5494 3132 5535 rursum
3183 5481 3485 5550 cumplacet
3511 5481 3612 5536 sibi
3655 5480 3708 5534 in

505 5592 552 5686 τ’
582 5591 778 5648 Ezecli.
807 5611 916 5686 XLV,
950 5597 1063 5686 l3)...
1115 5597 1160 5629 ’⁸
1193 5600 1347 5666 ibid.,
1379 5601 1470 5686 ιυιι.
1531 5605 1797 5686 fﬁxpd.
1827 5625 1984 5677 χχιιι,
2025 5614 2043 5668 Ε

2195 5616 2239 5646 ³⁵³
2262 5615 2399 5671 Gen.
2445 5631 2535 5670 xx.
2610 5616 2656 5648 ¹⁹
2689 5615 2824 5670 Gen.
2874 5634 2954 5684 lit,
3014 5619 3099 5673 l9.
3176 5619 3220 5650 ³ο
3251 5618 3395 5673 Psal.
3437 5637 3554 5686 cm,
3614 5621 3703 5676 5‘2.

435 5661 477 5699 ’ί
507 5663 610 5719 isa.
652 5679 797 5727 vat,
841 5661 908 5720 9..
976 5666 1150 5724 "lsa.
1197 5661 1343 5732 xxw,
1397 5672 1449 5729 5.

434 5734 523 5802 29,
553 5734 641 5791 50.
721 5735 764 5766 ³⁷
793 5734 990 5810 Ephcs.
1027 5739 1176 5805 t,‘21.
1257 5742 1305 5774 ³⁸
1332 5741 1526 5819 Ephcs.
1577 5734 1637 5810 ιι,¹
1685 5749 1737 5806 2.

1529 5674 1573 5706 ³³
1599 5674 1768 5750 chit.
1819 5674 1980 5750 xxvr,’
2013 5686 2097 5740 45.

2178 5686 2400 5742 "Deut.
2456 5702 2625 5748 xxx”,
2679 5687 2726 5741 ί.
2809 5687 2974 5748 8"lsa.
3025 5707 3062 5754 ι,
3107 5689 3159 5743 2.
3241 5689 3507 5753 “Jercin.
3568 5709 3704 5760 xxii,
