4140 6472
368 329 470 387 69⁸7

1769 316 2050 372 IIOMILIA
2093 317 2178 374 IV.

3526 317 3636 371 6118

369 440 609 498 sabbatis
657 439 795 500 suis,
851 451 958 490 non
1017 434 1195 490 omnis
1240 432 1550 496 oﬂ'enditur,
1601 446 1708 484 non
1763 430 1944 485 omnis
1972 437 2018 493 Α
2045 429 2374 499 Accepitque
2403 428 2547 484 Deus
2581 430 2805 482 humum
2833 430 2900 483 de
2935 438 3075 484 terra
3109 437 3161 484 et
3199 429 3494 499 plasmavit
3522 430 3625 483 hoo

367 535 622 592 exsultat.
647 532 811 602 37o
846 528 1260 597 Quodammodo
1283 525 1429 581 enim
1461 523 1676 578 erudita
1707 531 1790 576 est
1817 537 1942 576 cum

370 625 770 679 habitatoribus
792 622 930 687 suis,
954 630 1008 676 et
1033 619 1222 675 didicit
1247 616 1477 673 sabbata
1499 616 1616 670 sive
1645 615 1698 668 in
1727 615 1940 678 umbra,

369 715 486 770 sive
512 714 566 767 in
604 713 831 768 veritate
852 712 1008 782 juxta
1042 721 1248 766 naturae
1273 724 1385 763 suae
1410 721 1570 777 agere
1604 706 1941 776 qualitatem.

371 801 528 859 Unde
574 804 867 859 sacratiore
911 803 1147 872 quadam
1183 799 1530 868 intelligentia
1579 796 1945 851 sabbatismus

370 904 653 950 exercetur
697 903 818 964 post
857 903 1062 963 septem
1110 905 1284 947 annos
1328 899 1484 944 terra:
1530 896 1732 944 sanctae
1773 887 1945 940 donee

371 987 702 1054 complaceat
730 985 840 1040 Deo
866 985 920 1039 in
960 999 1024 1039 ea
1061 983 1323 1037 habitare.
1367 979 1424 1033 Si
1461 993 1592 1034 vero
1633 985 1944 1047 peccatores

374 1077 429 1130 in
466 1093 527 1132 ea
563 1077 782 1139 fuerint,
809 1077 920 1147 jam
955 1091 1062 1130 non
1099 1075 1238 1129 ultra
1283 1087 1376 1142 per
1408 1071 1740 1140 septimanas
1774 1083 1946 1123 anno-

373 1179 517 1229 rum,
545 1167 765 1235 sed-per
790 1165 1128 1235 septuaginta
1160 1174 1301 1219 terra
1334 1161 1619 1217 sabbatum
1649 1159 1804 1228 gerit.
1836 1155 1946 1211 Ha-

369 1253 562 1309 bemus
590 1268 895 1307 sermonem
941 1253 1008 1306 de
1053 1249 1391 1320 septuaginta
1433 1246 1612 1311 annis,
1643 1257 1752 1299 tam
1796 1242 1939 1311 apud

367 1341 658 1398 Jeremiam
685 1345 750 1408 ⁸⁸,
777 1359 939 1413 quam
973 1343 1114 1412 apud
1144 1341 1418 1395 Danielem
1445 1339 1490 1370 "°
1522 1336 1724 1392 sanctis
1753 1334 1944 1388 litteris

369 1434 787 1504 consignatum;
822 1442 876 1487 et
904 1432 1146 1487 futurum
1199 1439 1282 1486 est
1320 1442 1380 1485 ut
1405 1431 1458 1484 in
1490 1429 1578 1484 die
1604 1427 1795 1496 judicii
1833 1440 1942 1478 non

371 1525 550 1579 solum
583 1525 766 1588 homo,
796 1525 890 1580 sed
915 1526 1078 1579 etiam
1105 1523 1358 1580 universa
1386 1520 1626 1576 conditio
1646 1519 1940 1589 judicetur.

373 1613 559 1669 Omnis
603 1615 802 1686 quippe
847 1627 1093 1670 creatura
1141 1614 1478 1683 congemiscit
1519 1621 1571 1665 et
1615 1608 1852 1664 condolet
1877 1608 1942 1659 “.

369 1707 427 1763 Si
455 1709 637 1763 omnis
665 1717 912 1764 creatura
935 1704 1289 1776 congemiscit
1318 1712 1372 1758 et
1407 1701 1676 1767 condolet,
1716 1708 1801 1755 est
1841 1714 1944 1754 au-

367 1809 477 1875 ιᾳιιι
507 1807 881 1853 creaturarum
919 1811 1048 1866 pars
1087 1806 1228 1848 terra
1273 1802 1328 1848 et
1379 1792 1602 1854 caelum,
1649 1799 1706 1844 et
1746 1797 1937 1845 caetera

367 1904 598 1957 quaeque
622 1902 743 1954 quae
771 1888 874 1939 sub
907 1885 1048 1938 coelo
1075 1891 1224 1946 sunt,
1251 1890 1305 1936 et
1330 1897 1452 1951 quae
1480 1895 1642 1949 super
1671 1879 1858 1945 emlos,
1886 1889 1942 1935 et

371 1971 680 2026 liberabitur
707 1972 876 2025 omnis
901 1980 1145 2024 creatura
1174 1987 1206 2024 a
1237 1972 1484 2024 servitute
1511 1970 1863 2038 corruptionis
1887 1970 1941 2023 in

320 2079 324 2083 λ
369 2063 666 2115 libertatem
720 2061 905 2130 gloria:
953 2062 1190 2130 ﬁliorum
1239 2061 1341 2114 Dei
1385 2059 1452 2126 δ’,
1493 2060 1584 2129 qui
1636 2059 1740 2114 scit
1782 2068 1836 2114 et
1875 2059 1944 2114 de

371 2161 534 2216 terra,
567 2167 636 2205 an
682 2151 981 2207 secundum
1020 2161 1268 2205 naturam
1309 2167 1464 2206 suam
1505 2150 1558 2203 in
1602 2151 1785 2220 aliquo
1813 2166 1942 2221 pec-

368 2274 492 2320 cato
523 2275 769 2319 teneatur
803 2264 1074 2320 obnoxia?
1110 2263 1167 2319 Si
1207 2265 1350 2320 enim
1387 2264 1586 2318 animal
1625 2274 1727 2329 est,
1775 2264 1820 2320 si
1855 2281 1942 2319 ra—

368 2356 651 2410 tionabilis
691 2363 812 2422 est,
856 2355 902 2410 si
948 2355 1150 2426 indiget
1195 2355 1474 2410 auditione
1508 2355 1779 2410 sermonis
1817 2370 1940 2424 pro-

367 2449 562 2516 phetici
607 2449 838 2506 dicentis
873 2448 920 2482 ⁸³
946 2467 959 2503 :
988 2447 1232 2514 Attende,
1281 2447 1490 2510 caelum,
1541 2455 1590 2500 et
1640 2446 1846 2516 loquar,
1889 2456 1940 2502 et

365 2527 552 2592 audiat
593 2547 734 2593 terra
775 2538 931 2593 verba
967 2539 1074 2593 oris
1109 2539 1248 2602 mei;
1293 2547 1348 2593 et
1384 2537 1431 2570 “
1465 2555 1478 2591 :
1516 2537 1674 2601 Audi,
1719 2537 1936 2602 mlum,

363 2639 412 2683 et
441 2629 660 2683 auribus
686 2630 907 2700 percipe,
937 2639 1110 2693 terra;
1142 2643 1242 2683 cur
1275 2643 1384 2682 non
1421 2627 1667 2682 dicamus
1700 2637 1760 2681 ut
1803 2631 1943 2682 inter

368 2723 618 2776 homines
664 2729 749 2777 est
792 2722 960 2775 homo
1007 2720 1237 2776 audiens
1282 2728 1336 2774 et
1371 2719 1576 2775 faciens
1607 2721 1772 2775 verba
1821 2737 1943 2790 quae

358 2813 552 2881 jussus
581 2821 666 2867 est
697 2813 892 2873 facere,
923 2821 976 2867 et
1002 2813 1141 2866 alius
1182 2820 1263 2865 est
1304 2813 1398 2880 qui
1440 2813 1573 2878 odit,
1601 2821 1654 2866 et
1696 2829 1804 2867 non
1835 2813 1939 2867 im-

365 2905 475 2972 plet
494 2903 640 2972 quod
665 2904 997 2974 pra-cipitur,
1028 2905 1172 2958 sicut
1198 2913 1251 2958 et
1278 2905 1501 2974 angelus
1524 2905 1941 2973 praevaricator?

363 2994 590 3061 Angelos
632 2994 778 3048 enim
824 3009 927 3046 non
965 2995 1311 3048 custodientes
1363 2994 1717 3063 principatum
1761 3011 1936 3060 suam,

2045 525 2247 578 minem
2287 523 2357 578 ⁸⁸.
2408 521 2574 591 Igitur
2613 528 2759 575 terra
2804 530 2978 574 mater
3029 530 3213 575 nostra
3253 529 3358 587 est,
3406 521 3623 575 laetatur

2043 613 2262 684 quando
2299 615 2508 682 justum
2567 613 2736 666 lilium
2788 611 3042 667 sustinet.
3090 609 3398 665 laetabatur
3446 619 3618 675 terra,

2043 706 2222 761 ferens
2262 704 2555 766 Abraham,
2601 701 2752 758 Isaac
2795 710 2849 755 et
2893 700 3078 756 Jacob.
3124 700 3430 756 Lactabatur
3468 711 3618 757 terra

2044 797 2099 852 in
2141 797 2372 850 adventu
2417 794 2632 848 Domini
2676 793 2845 849 nostri
2891 791 3018 847 Jesn
3046 792 3278 857 Christi,
3305 793 3524 863 dignam
3555 807 3619 848 se

2045 903 2274 942 cernens
2307 887 2427 941 Filii
2454 886 2548 939 Dei
2586 895 2922 941 sustentata.
2969 883 3110 950 Quid
3153 899 3374 938 necesse
3409 893 3492 937 est
3530 883 3619 936 di-

2044 996 2167 1034 cere
2197 979 2263 1034 de
2301 980 2561 1048 apostolis
2589 988 2642 1032 et
2673 977 2974 1046 prophetis,
3001 991 3124 1031 cum
3167 975 3236 1030 de
3269 972 3482 1029 Domini
3519 975 3618 1029 ad-

2045 1083 2206 1126 ventu
2237 1073 2497 1141 scriptum
2518 1072 2588 1126 sit
2615 1091 2626 1125 :
2657 1071 2839 1126 Omnis
2859 1079 3000 1125 terra
3021 1070 3217 1124 clamat
3242 1085 3360 1122 cum
3386 1068 3572 1123 laetitia
3591 1067 3618 1122 ?

2046 1161 2386 1218 Conﬁtentur
2434 1173 2488 1218 et
2539 1163 2873 1218 miserabiles
2917 1160 3091 1218 Judaei
3138 1162 3253 1214 haec
3296 1159 3365 1214 de
3410 1159 3614 1214 Christi

2049 1252 2330 1320 praesentia
2364 1251 2665 1321 praedicari,
2698 1252 2792 1306 sed
2821 1251 2988 1306 stulte
3023 1250 3274 1320 ignorant
3305 1264 3611 1318 personam,

2046 1357 2170 1397 cum
2205 1343 2421 1397 videant
2454 1343 2670 1412 impleta
2698 1358 2820 1413 qua:
2851 1342 2998 1397 dicta
3027 1351 3172 1396 sunt.
3210 1339 3436 1406 Quando
3469 1339 3613 1394 enim

2047 1442 2186 1487 terra
2220 1433 2512 1488 Britannia:
2542 1444 2667 1488 ante
2701 1435 2988 1489 adventqu
3017 1433 3220 1488 Christi
3245 1432 3296 1485 in
3324 1431 3488 1486 unius
3521 1429 3614 1485 Dei

2045 1525 2324 1579 consensit
2379 1525 2734 1592 religionem?
2785 1524 3015 1591 Quando
3060 1533 3204 1579 terra
3267 1519 3618 1576 Maurorum?

2046 1615 2274 1681 Quando
2307 1623 2453 1670 totus
2483 1617 2649 1670 semel
2681 1615 2865 1670 orbis?
2901 1613 3058 1669 Nunc
3095 1627 3224 1668 vero
3261 1622 3481 1684 propter
3511 1611 3614 1666 Ec-

2045 1706 2262 1772 clesias,
2307 1721 2430 1776 quae
2467 1706 2654 1762 mundi
2689 1706 2886 1762 limites
2929 1715 3134 1772 tenent,
3174 1707 3425 1762 universa
3471 1715 3615 1760 terra

2044 1815 2168 1854 cum
2213 1799 2396 1871 laetitia
2439 1799 2638 1853 clamat
2683 1797 2751 1852 ad
2796 1796 3085 1852 Dominum
3122 1796 3312 1862 Israel,
3349 1807 3406 1853 et
3443 1812 3614 1866 capax

2042 1899 2128 1945 est
2154 1890 2421 1944 bonorum
2450 1890 2748 1944 secundum
2777 1889 2909 1943 lines
2945 1902 3095 1942 suos.
3139 1886 3450 1958 Statuitque
3477 1887 3618 1942 lines

2048 1983 2289 2053 gentium
2319 1982 2474 2052 juxta
2506 1997 2794 2036 numerum
2831 1981 3062 2035 ﬁliorum
3093 1979 3258 2035 Israel
3283 1979 3349 2045 “,
3376 1987 3431 2033 et
3472 1976 3617 2032 facta

2047 2084 2133 2129 est
2162 2090 2287 2143 pars
2323 2073 2536 2128 Domini
2565 2073 2797 2142 populus
2826 2072 2944 2141 ejus
2976 2070 3166 2136 Jacob,
3206 2069 3480 2124 funiculus
3507 2069 3618 2123 ha:—

2050 2169 2294 2224 reditatis
2319 2168 2438 2239 ejus
2462 2167 2645 2224 Israel.
2687 2167 2870 2238 Capax
2903 2176 3006 2231 est,
3033 2167 3280 2236 inquam,
3316 2173 3376 2219 ut
3411 2164 3615 2218 animal

2044 2260 2198 2330 juxta
2239 2247 2472 2329 partium
2517 2259 2841 2328 qualitates,
2873 2266 2928 2312 et
2972 2257 3238 2312 bonorum
3291 2265 3510 2310 actuum
3562 2264 3618 2310 et

2047 2352 2336 2415 malorum,
2363 2351 2414 2404 in
2439 2351 2639 2419 quibus
2689 2359 2784 2405 aut
2819 2343 3036 2404 laudem
3073 2355 3342 2402 mereatur
3380 2355 3472 2400 aut
3503 2361 3617 2416 pm-

2046 2441 2348 2496 nam.Cum
2382 2442 2547 2512 igitur
2578 2443 2778 2497 dicitur
2804 2461 2818 2496 :
2853 2441 3017 2496 Terra
3045 2458 3161 2512 qua:
3177 2441 3464 2510 peccaverit
3486 2440 3614 2494 mihi

2043 2545 2098 2588 ut
2133 2533 2400 2605 delinquat
2427 2535 2701 2600 delictum,
2742 2535 3058 2606 mysterium
3093 2533 3368 2602 quoddam
3411 2532 3618 2603 signiﬁ-

2041 2636 2216 2682 catur.
2249 2629 2419 2682 Aliter
2441 2629 2642 2699 quippe
2681 2629 2749 2684 de
2779 2627 3203 2692 habitatoribus,
3248 2627 3405 2681 aliter
3441 2627 3510 2682 de
3551 2641 3616 2681 ea

2040 2720 2238 2774 dicitur
2263 2735 2384 2790 quae
2413 2721 2745 2775 inbabitatur
2766 2721 2812 2752 ⁵⁸
2840 2739 2854 2776 :
2885 2721 3083 2774 Catum
3109 2728 3159 2774 et
3190 2730 3328 2774 terra
3343 2729 3616 2788 pertrans-

2039 2813 2209 2867 ibunt.
2272 2812 2384 2867 Cur
2421 2813 2618 2866 cmlum
2663 2812 3120 2882 praeter-greditur,
3167 2826 3265 2865 cur
3302 2820 3444 2866 terra
3493 2829 3616 2880 por-

2040 2904 2254 2969 transit,
2280 2904 2382 2958 nisi
2411 2905 2538 2972 quia
2575 2905 2838 2957 transitus
2865 2902 2950 2958 sui
2987 2903 3232 2973 quaedam
3267 2903 3428 2972 digna
3468 2901 3616 2958 fece-

2037 2993 2200 3048 runt?
2229 2993 2294 3046 Et
2323 2993 2432 3047 alio
2462 2993 2582 3048 loco
2602 2992 2649 3024 ⁸³
2675 3009 2688 3046 :
2715 2991 2977 3060 Corrupta
3000 2999 3102 3056 est,
3127 2991 3222 3056 ait,
3259 2991 3427 3044 omnis
3453 2999 3614 3043 terra.

364 3085 454 3137 sed
479 3084 772 3138 deserentes
807 3086 1079 3153 proprium
1108 3085 1470 3138 habitaculum
1508 3101 1661 3138 suum
1700 3087 1754 3138 iu
1778 3085 1934 3155 judi-
1964 3099 2006 3157 α
2038 3084 2267 3152 Quando
2294 3093 2546 3153 corrupta
2577 3085 2692 3138 est?
2717 3082 2856 3138 Ante
2883 3083 3172 3146 diluvium,
3205 3097 3314 3137 non
3345 3082 3488 3151 quod
3521 3097 3617 3152 per

364 3178 448 3230 cio
480 3192 682 3247 magna:
704 3177 808 3231 diei
836 3178 1056 3230 vinculis
1086 3178 1414 3240 sempiternis
1442 3177 1535 3231 sub
1568 3176 1793 3231 tenebris
1820 3194 1934 3231 ser-

363 3267 504 3322 vabit
528 3268 594 3320 ".
631 3266 860 3334 Quando
887 3284 1018 3339 ergo
1058 3269 1230 3338 angeli
1274 3270 1718 3338 praevaricantur,
1760 3279 1814 3324 et
1843 3269 1934 3324 alii

361 3368 492 3414 sunt
520 3359 615 3429 qui
647 3358 739 3415 Dei
768 3369 1034 3431 praecepta
1067 3361 1399 3427 custodiunt,
1430 3363 1767 3430 etjudicium
1795 3378 1936 3432 prac-

359 3451 649 3517 stolantur,
699 3469 805 3508 non
839 3453 1016 3508 solum
1052 3453 1358 3517 hominum,
1393 3469 1583 3509 verum
1622 3455 1786 3510 etiam
1818 3455 1936 3524 Dei,

361 3555 422 3599 ut
460 3545 771 3615 frequenter
813 3545 1051 3600 diximus
1095 3555 1203 3600 tam
1233 3545 1303 3600 de
1350 3545 1435 3599 his
1466 3561 1588 3614 quae
1629 3546 1682 3600 in
1725 3546 1940 3617 Apoca-

358 3639 498 3708 lypsi
540 3640 854 3706 conscripta
917 3646 1062 3702 sunt,
1093 3652 1257 3706 quam
1284 3646 1340 3692 et
1367 3651 1432 3691 ex
1463 3637 1583 3692 aliis
1623 3638 1937 3692 innumera-

357 3729 590 3794 bilibus,
632 3743 823 3797 quare,
867 3727 1113 3796 inquam,
1149 3741 1256 3782 non
1309 3735 1467 3781 terra:
1510 3735 1564 3781 et
1611 3719 1753 3782 aeris
1793 3729 1939 3797 judi—

357 3823 502 3874 cium
533 3819 908 3875 sitfuturum?
938 3817 994 3874 Si
1031 3827 1207 3873 autem
1242 3834 1348 3874 non
1378 3828 1536 3888 putas
1581 3819 1709 3874 huic
1749 3820 1933 3889 dispuc

355 3912 551 3966 tationi
581 3911 1031 3966 consentiendum
1063 3925 1159 3979 per
1185 3925 1349 3980 quam
1389 3910 1687 3965 asserimus
1717 3925 1934 3964 omnem

352 4014 664 4060 creaturam
701 4003 1073 4071 judicandam,
1115 4001 1241 4055 audi
1281 4009 1334 4055 et
1372 4000 1518 4054 aliud
1562 4001 1932 4055 testimonium

354 4096 426 4149 de
455 4103 618 4148 terra.
650 4092 948 4164 lnterrogat
979 4091 1119 4146 Deus
1161 4090 1317 4158 Cain,
1355 4092 1447 4161 qui
1501 4091 1760 4146 occiderit
1805 4093 1934 4146 Abel

355 4185 582 4242 fratrem
615 4204 822 4261 suum;
865 4196 916 4242 et
961 4195 1082 4256 post
1119 4185 1317 4240 multos
1365 4201 1646 4240 sermones
1691 4203 1830 4256 quos
1878 4189 1932 4241 in

354 4277 551 4338 Genesi
587 4279 836 4349 legimus,
865 4277 932 4332 ad
955 4286 1258 4331 extremum
1290 4277 1356 4332 de
1387 4288 1530 4331 terra
1553 4277 1686 4333 dicit
1706 4278 1752 4309 ⁵⁸
1775 4297 1789 4332 :
1816 4278 1935 4333 Ma-

353 4370 548 4425 ledicta
575 4381 715 4424 terra
772 4386 890 4440 qua
933 4370 1138 4439 aperuit
1187 4384 1244 4421 os
1284 4385 1436 4422 suum
1468 4369 1537 4422 ad
1569 4369 1932 4440 excipiendum

2038 3175 2448 3232 inundationem
2482 3177 2670 3232 diluvii
2707 3177 2780 3231 sit
2813 3186 3089 3246 corrupta.
3118 3175 3209 3231 Ait
3249 3190 3418 3247 ergo:
3452 3173 3616 3229 Terra

2036 3285 2155 3341 qua
2184 3269 2475 3339 peccaverit
2509 3267 2636 3322 mihi
2663 3277 2721 3322 ut
2750 3267 3019 3338 delinquat
3039 3267 3310 3331 delictum,
3333 3267 3616 3322 extendam

2037 3376 2255 3414 manum
2283 3376 2454 3416 meam
2488 3371 2540 3414 et
2571 3371 2838 3433 conteram
2872 3361 2984 3430 ejus
3014 3363 3407 3431 firmamentum
3435 3362 3612 3430 panis.

2038 3450 2347 3508 Estendens
2393 3452 2533 3509 Deus
2575 3469 2795 3508 manum
2841 3468 2995 3508 suam
3045 3467 3208 3522 super
3256 3454 3614 3520 peccatricem

2037 3553 2261 3614 terram,
2298 3544 2496 3600 famem
2539 3545 2784 3600 immittit
2822 3545 2875 3598 in
2909 3560 3054 3600 eam.
3097 3545 3324 3601 Possum
3367 3555 3422 3600 et
3458 3544 3616 3599 aliter

2039 3636 2410 3707 interpretari,
2445 3636 2573 3706 quia
2603 3646 2746 3690 terra
2779 3635 3074 3705 aliquando
3101 3635 3400 3705 delinquat.
3444 3633 3612 3689 Terra

2038 3728 2239 3798 quippe
2270 3739 2354 3782 est
2396 3728 2577 3782 anima
2621 3737 2828 3791 nostra,
2874 3736 2932 3780 ιιι
2971 3726 3026 3779 in
3064 3727 3320 3796 parabola
3366 3724 3611 3796 Evangeo

2041 3819 2098 3872 lii
2125 3818 2173 3850 “
2198 3818 2555 3890 signiﬁcatur.
2580 3819 2773 3872 Anima
2804 3827 2974 3888 petra,
3005 3818 3188 3872 anima
3212 3804 3355 3872 terra
3391 3818 3534 3873 bona
3559 3827 3613 3873 et

2037 3909 2233 3966 fertilis
2279 3925 2376 3980 per
2420 3910 2646 3964 multam
2700 3911 3030 3980 patientiam.
3088 3913 3195 3965 ista
3251 3909 3416 3982 igitur
3465 3920 3610 3967 terra

2038 4018 2180 4073 sa-pe
2212 4012 2419 4074 peccat,
2451 4019 2592 4073 saepe
2619 4018 2728 4058 non
2757 4014 2964 4074 peccat.
3001 4002 3066 4056 Et
3100 4005 3146 4059 si
3173 4004 3393 4074 quidem
3417 4018 3611 4074 pecca-

2036 4095 2196 4159 verit,
2224 4095 2464 4150 extendit
2492 4110 2712 4148 manum
2743 4109 2905 4164 super
2926 4109 3068 4160 eam,
3103 4103 3157 4149 et
3186 4094 3419 4150 conterit
3450 4109 3611 4150 omne

2039 4188 2437 4243 firmamentum
2476 4188 2631 4256 panis
2673 4186 2814 4256 ejus.
2849 4185 2926 4241 Ne
2957 4195 3226 4250 conteras,
3266 4187 3609 4256 omnipotens

2038 4278 2202 4346 Deus,
2229 4279 2631 4334 ﬁrmamentum
2659 4278 2816 4349 panis
2838 4278 2908 4333 ab
2940 4279 3042 4334 ista
3074 4287 3214 4333 terra
3241 4287 3447 4344 nostra,
3475 4279 3606 4347 quin

2035 4371 2216 4439 potius
2243 4371 2439 4440 largire
2467 4369 2624 4424 nobis
2651 4384 2834 4424 semen
2862 4377 3036 4437 tuum,
3066 4379 3126 4425 ut
3159 4369 3324 4426 faciat
3363 4369 3417 4424 in
3449 4369 3607 4425 nobis

352 4463 662 4537 sanguinem
712 4437 900 4529 fratris
949 4437 1027 4513 tui
1065 4458 1128 4514 de
1160 4476 1319 4513 manu
1353 4472 1466 4515 tua.
1503 4459 1616 4531 Ego
1661 4437 1760 4516 nec
1803 4462 1931 4516 illud
1966 4437 2007 4490 Ι)
2037 4437 2270 4516 iructum
2304 4437 2636 4530 centuplum.

356 4561 621 4628 praetereo
657 4553 736 4609 δτι
769 4552 1056 4608 Maledicta
1109 4562 1250 4606 terra
1300 4553 1354 4606 in
1402 4553 1642 4622 aperibus
1689 4554 1832 4619 tuis;
1878 4564 1932 4609 et

354 4645 668 4709 econtrario
691 4643 737 4698 si
768 4644 986 4712 quando
1029 4643 1384 4698 benedicitur.
1421 4643 1678 4716 Legimus
1718 4654 1773 4700 et
1814 4662 1932 4700 ma-

352 4735 606 4789 ledictam
643 4744 697 4790 et
739 4734 1076 4790 benedictam
1105 4733 1198 4789 Dei
1237 4736 1462 4791 vocibus
1509 4747 1729 4792 terram.
1768 4736 1929 4792 Vides

351 4841 484 4897 ergo
527 4827 655 4898 quia
706 4827 899 4882 merito
951 4827 1152 4881 dicitur
1199 4826 1244 4859 “
1291 4847 1306 4882 :
1357 4826 1707 4896 Congemiscit
1755 4831 1925 4881 omnis

349 4928 616 4974 creatura.
669 4917 734 4974 Et
783 4928 843 4973 ut
896 4917 960 4972 ad
995 4917 1303 4987 praecedens
1327 4927 1568 4972 revertar
1591 4919 1923 4988 esetnplum,

349 5009 641 5078 oﬂ'enditur
692 5020 835 5062 terra
876 5009 932 5064 in
975 5005 1321 5062 insidentibus
1362 5007 1463 5061 sibi
1494 5008 1559 5063 δ’.
1613 5007 1752 5064 Puto
1795 5009 1922 5079 quia

351 5112 494 5156 terra
525 5117 625 5157 nos
656 5110 904 5160 utmater
933 5101 1230 5168 sustinens,
1260 5111 1312 5156 et
1337 5100 1546 5156 lauetur
1574 5117 1739 5171 super
1764 5101 1923 5158 bonis

348 5194 496 5256 filiis,
524 5203 580 5249 et
611 5195 791 5249 doleat
822 5210 984 5264 super
1017 5193 1412 5264 peccatoribus.
1445 5193 1522 5248 Ita
1557 5196 1754 5266 quippe
1785 5201 1921 5264 patri

351 5285 495 5337 Illius
511 5284 772 5353 insipiens
790 5284 944 5339 dolor
963 5292 1066 5348 est,
1086 5292 1137 5337 et
1154 5283 1204 5338 ei
1243 5285 1400 5338 matri
1421 5300 1544 5354 quae
1562 5287 1750 5356 genuit
1767 5303 1914 5342 eum.

350 5374 413 5429 Et
443 5392 548 5430 non
567 5379 744 5432 solum
769 5377 893 5431 huic
905 5377 1042 5446 patri
1066 5376 1310 5442 etmatri,
1343 5379 1411 5431 de
1440 5393 1675 5448 quorum
1711 5381 1921 5436 semine

348 5466 578 5531 oriatur,
612 5469 706 5522 sed
749 5477 803 5523 et
841 5469 917 5522 illi
963 5468 1118 5522 matri
1157 5481 1279 5539 qua:
1323 5482 1449 5522 vere
1489 5479 1663 5524 mater
1711 5480 1918 5526 nostra.

418 5578 462 5611 ³⁹
489 5579 687 5650 lerem.
725 5598 849 5635 xxv.
928 5582 970 5614 “
1001 5581 1135 5636 Dan.
1165 5598 1242 5637 Ix.
1320 5581 1362 5614 δι
1398 5582 1554 5638 Rom.
1583 5602 1699 5650 vm,
1729 5587 1819 5641 ‘22.

1899 5588 1944 5620 "
1991 5590 2100 5645 bid.
2135 5591 2224 5645 21.

2101 4554 2157 4609 2.
2204 4553 2275 4607 Et
2316 4555 2555 4609 emittant
2609 4555 2667 4608 in
2710 4569 2828 4609 eam
2865 4553 3092 4624 famem,
3137 4563 3187 4608 et
3235 4554 3417 4608 tollam
3447 4555 3512 4609 de
3542 4571 3608 4610 ea

2029 4647 2289 4701 hominem
2328 4657 2377 4701 et
2430 4663 2606 4717 pecus.
2656 4645 2940 4712 Quomodo
2987 4660 3210 4716 possum
3259 4657 3370 4702 tam
3415 4661 3607 4702 recon-

2029 4739 2168 4794 ditas
2226 4754 2313 4795 res
2364 4740 2422 4794 in
2479 4739 2759 4808 publicum
2818 4737 3108 4809 proferre?
3155 4735 3311 4794 Unde
3364 4738 3498 4792 mihi
3548 4747 3606 4792 ut

2028 4843 2298 4899 exponere
2354 4829 2562 4885 valeam
2612 4846 2711 4888 cur
2769 4829 2976 4894 fames,
3029 4845 3128 4886 cur
3183 4829 3455 4897 fertilitas,
3505 4844 3606 4884 cur

2031 4923 2388 4991 abundantia,
2420 4940 2520 4980 cur
2543 4935 2758 4996 egestas
2788 4933 2948 4981 terrae
2976 4924 3264 4981 accidant?
3296 4923 3342 4979 0
3377 4926 3605 4995 profuit-

2029 5018 2158 5070 dum
2190 5015 2498 5071 divitiarum
2527 5019 2801 5087 sapientia:
2825 5026 2876 5073 et
2907 5019 3143 5072 scientiis
3170 5017 3265 5071 Dei
3286 5017 3363 5074 ".
3409 5015 3603 5073 Utrum

2031 5118 2246 5179 propter
2279 5109 2526 5167 homines
2552 5120 2608 5166 et
2639 5112 2944 5166 animarum
2980 5113 3241 5166 malitiam
3283 5113 3605 5172 immittatur

2031 5198 2233 5254 fames?
2262 5199 2343 5253 An
2372 5210 2592 5270 propter
2636 5201 2857 5272 angelos
2897 5203 3098 5270 quibus
3144 5211 3272 5256 sunt
3309 5203 3601 5258 commissa

2030 5301 2261 5354 terrena,
2298 5291 2344 5347 si
2387 5293 2748 5362 peccaverint,
2787 5293 3036 5347 accidant
3078 5309 3140 5348 ea
3189 5309 3310 5363 quae
3353 5293 3601 5350 videmus

2027 5383 2268 5438 accidere
2281 5383 2307 5436 ἲ
2327 5381 2382 5436 Si
2399 5393 2578 5439 autem
2596 5394 2721 5438 sunt
2737 5383 2955 5454 quidam
2974 5385 3210 5440 cmlestis
3223 5384 3601 5455 371dispen-

2031 5474 2260 5529 sationis
2284 5474 2520 5529 ministri
2546 5475 2639 5544 qui
2674 5475 2944 5532 fructibus
2963 5487 3223 5547 praesunt,
3243 5477 3381 5532 forte
3401 5489 3454 5532 et
3475 5492 3596 5548 pro.

2301 5590 2346 5623 ”
2377 5591 2535 5665 Deut.
2559 5609 2736 5665 xxxii,
2766 5595 2818 5649 l.
2892 5594 2939 5627 “
2970 5594 3071 5651 lsa.
3101 5611 3138 5658 ι,
3162 5594 3216 5649 2.
3329 5594 3374 5627 ⁸⁸
3393 5595 3519 5651 Jud.
3552 5612 3592 5665 t,

349 5647 404 5735 ii;
430 5651 524 5735 ﬂ“
548 5649 745 5735 Cenes.
777 5652 968 5735 ωλι.
1020 5651 1254 5735 _:7hibid.
1283 5669 1364 5720 ιιι,
1562 5647 1788 5735 eum.
1816 5668 1931 5722 tut,

2039 5701 2077 5735 τη
2111 5664 2172 5735 έν
2197 5663 2298 5717 lsa.
2332 5677 2480 5735 xxiv,
2636 5664 2682 5696 ⁵ο
2705 5647 2838 5721 ἀέιι.
2868 5680 2927 5732 ιι,
2957 5647 3280 5723 7ίῄ⁸⁸γί>ξεὺ⁹η
3336 5647 3517 5735 κχίἶῖέ

355 5717 612 5780 "Matth.
656 5735 806 5786 sxw,
854 5721 942 5776 33.
1018 5721 1226 5776 "Gen.
1273 5717 1358 5790 vr,
1395 5724 1476 5779 ll.

1553 5726 1596 5759 εδ
1620 5726 1805 5784 Matth.
1842 5747 1956 5788 Mli.

2035 5733 2078 5764 ⁵³
2108 5731 2263 5786 liotn.
2294 5748 2370 5796 ιιι,
2392 5733 2485 5793 55,
