4140 6430
511 285 618 342 699

1672 288 1998 347 (IRIGENIS
2036 287 2102 342 IN
2149 283 2581 341 EZECHIELEM

3654 292 3761 350 700

514 413 632 471 pter
654 403 779 460 illos
816 404 1132 461 infertilitas
1179 413 1336 459 terrae
1369 406 1600 460 eveniat.
1656 405 1898 461 Plurima
1944 405 2091 460 enim
2120 406 2167 463 Δ
2195 400 2287 454 ille
2316 415 2597 469 nunquam
2631 399 2687 454 in
2719 415 2997 470 vesperam
3035 401 3181 459 dedit
3209 418 3422 466 escam:
3467 404 3562 460 sed
3589 404 3637 462 is
3663 410 3757 476 qui

513 509 739 564 operum
767 496 888 566 ejus
917 496 971 550 in
997 496 1285 550 absconsls
1328 504 1479 562 sunt,
1510 510 1623 551 non
1647 512 1946 567 possumus
1972 512 2091 550 ma-

515 586 850 655 gnitudinem
877 587 1156 655 sapientiae
1183 585 1357 641 eﬂ'ari.
1406 587 1638 641 Arenam
1666 589 1834 642 utaris
1873 596 1924 640 et
1969 586 2089 657 plu-

513 678 616 732 vio
645 677 819 732 stillas
849 686 897 730 et
924 677 1033 730 dies
1060 677 1241 731 amuli
1261 679 1378 747 quis
1401 678 1796 734 dinumerat“?
1829 677 2091 732 Altitadi-

512 785 631 824 nem
656 770 793 836 ccli,
826 779 876 823 et
900 769 1237 824 latitudinem
1267 780 1443 833 terre,
1470 782 1521 826 et
1539 771 1861 840 profundunt
1880 773 2089 840 sapien-

508 861 624 929 tia,
651 861 768 930 quia
792 861 1119 931 investigabit
1141 862 1233 915 "il
1267 860 1424 916 Varie
1466 877 1598 933 ergo
1649 862 1883 916 mittitur
1915 863 2088 918 fames

509 967 677 1021 super
711 954 1067 1021 peccatricem
1097 962 1322 1008 terram.

577 1044 633 1097 3.
678 1042 750 1097 Et
776 1044 1049 1113 auferam,
1086 1045 1296 1112 inquit,
1333 1061 1400 1099 ea:
1437 1061 1502 1099 ea
1546 1047 1804 1100 hominem
1831 1058 1883 1100 et
1909 1063 2082 1116 pecus.

508 1134 673 1188 Aliud
703 1143 786 1188 est
814 1143 959 1188 terra
981 1176 996 1201 ,
1032 1135 1178 1189 aliud
1208 1136 1396 1190 homo.
1441 1135 1578 1191 Nam
1611 1135 1940 1193 habitatores
1974 1147 2080 1191 ter-

509 1241 606 1287 rm,
658 1233 718 1278 ut
759 1226 984 1294 quidam
1035 1234 1252 1295 putant,
1300 1242 1447 1283 nunc
1478 1244 1578 1297 pro
1605 1236 1746 1283 terra
1777 1244 1884 1281 non
1916 1230 2088 1283 nomi-

510 1326 623 1371 nat.
660 1315 717 1372 Si
761 1319 910 1372 enim
946 1318 1278 1374 habitatores
1334 1328 1491 1374 terra:
1529 1335 1625 1389 per
1670 1329 1870 1374 terram
1913 1323 2085 1391 accipi

510 1403 662 1471 velit,
693 1406 1028 1474 superﬂuum
1058 1406 1238 1462 fuerat
1268 1408 1471 1472 dicere,
1513 1408 1758 1464 auferam
1783 1426 1852 1465 ex
1888 1426 1951 1465 ea
1988 1413 2089 1467 ho-

511 1494 718 1549 minem
753 1505 809 1549 et
851 1511 1042 1566 pecus.
1093 1497 1302 1554 Gaudet
1325 1499 1473 1553 enim
1510 1507 1655 1555 terra
1683 1502 1904 1571 quando
1928 1503 2085 1571 plena

510 1591 597 1638 est
619 1585 845 1647 accolis,
881 1595 1081 1643 mmret
1122 1603 1249 1643 cum
1296 1588 1351 1643 id
1393 1590 1540 1659 quod
1579 1590 1782 1646 dicitur
1808 1593 2083 1649 acciderit.

510 1674 767 1743 Aafsrant
796 1676 863 1730 ab
883 1693 947 1731 eo
980 1679 1243 1733 hominem
1272 1688 1326 1734 et
1353 1696 1535 1749 pecus.
1565 1680 1640 1737 De
1666 1684 1869 1750 quibus
1897 1685 1945 1740 si
1976 1684 2085 1739 Do-

2190 501 2350 545 natus
2392 501 2478 545 cst
2520 506 2589 545 ex
2633 491 2777 548 tribu
2838 491 3145 563 Beniamin,
3207 495 3605 563 praedicabatur
3650 496 3762 557 Be-

2187 580 2388 646 hraaus,
2422 596 2491 637 ex
2518 579 2760 639 Hebreis
2778 582 2936 652 juxta
2956 584 3129 655 legem
3158 584 3491 652 Pharisaeus,
3516 587 3762 644 circum-

2187 670 2336 729 cisus
2371 679 2565 729 octavo
2602 672 2713 738 die,
2765 671 3250 753 Benjamin_lupus
3286 691 3453 745 rapax
3481 677 3548 733 ad
3583 688 3763 733 matu-

2188 761 2362 817 tinum
2391 763 2705 831 comedens,
2747 765 2968 835 quando
2992 765 3210 834 juvenis
3231 764 3371 831 fuit;
3404 776 3462 823 et
3492 767 3546 822 in
3570 782 3756 838 vespe-

2189 868 2305 907 ram
2335 854 2474 909 dans
2511 869 2717 921 escam,
2762 857 2985 925 quando
3012 859 3241 915 credens
3274 859 3576 927 spiritalem
3621 877 3763 929 prai-

2188 944 2305 998 buit
2330 944 2513 1000 cibum
2535 960 2566 1001 a
2589 962 2649 1003 se
2671 945 2931 1005 Ecclesiis
2959 948 3247 1007 institutis.
3278 948 3448 1020 Igitur
3470 950 3759 1021 Benjamin

2187 1033 2467 1103 Beniamin
2496 1045 2738 1107 generat.
2774 1037 3060 1104 Quomodo
3078 1054 3208 1110 ergo
3230 1041 3395 1097 homo
3416 1056 3485 1097 cx
3512 1042 3758 1108 homine,

2190 1125 2469 1195 Beniamin
2509 1143 2575 1183 ex
2617 1126 2922 1197 Beniamin,
2945 1129 3177 1187 sicJuda
3206 1147 3275 1187 ex
3297 1130 3460 1199 Juda,
3482 1131 3671 1188 Ruben
3689 1150 3761 1190 ea

2189 1215 2378 1271 Ruben
2419 1218 2682 1273 nascitur.
2727 1219 2909 1274 Ruben
2934 1222 3135 1291 quippe
3177 1224 3312 1278 siut
3335 1233 3386 1277 et
3415 1240 3520 1278 non
3553 1226 3761 1279 moria-

2189 1317 2299 1372 tur,
2328 1317 2379 1362 et
2399 1308 2681 1364 sitmultut
2705 1310 2763 1365 in
2789 1314 3114 1367 numero”.
3154 1314 3213 1369 In
3251 1323 3462 1370 tantum
3501 1331 3613 1371 non
3640 1327 3763 1374 erat

2187 1394 2254 1449 de
2283 1396 2592 1464 patriarcha
2622 1412 2827 1464 sermo,
2859 1398 2953 1454 sed
2977 1398 3046 1455 de
3068 1401 3271 1471 popqu
3299 1403 3395 1471 qui
3420 1402 3491 1459 de
3516 1404 3760 1472 patriar-

2187 1485 2289 1539 cha
2319 1485 2686 1542 descensurus
2705 1494 2845 1544 erat.
2883 1486 2995 1543 Cur
3019 1488 3135 1544 haec
3161 1488 3309 1544 dicta
3344 1489 3512 1547 sunt?
3549 1490 3760 1548 Videli-

2187 1584 2274 1631 cet
2315 1584 2376 1631 ut
2405 1586 2730 1646 prasentom
2772 1577 2952 1634 locum
2979 1594 3306 1650 exponerem
3340 1580 3411 1639 de
3438 1579 3554 1639 Noe
3576 1591 3630 1641 et
3650 1582 3762 1638 Da-

2190 1668 2328 1725 niele
2345 1676 2402 1724 et
2426 1667 2550 1731 Job.
2573 1670 2863 1735 Quomodo
2881 1672 3028 1731 enim
3052 1673 3217 1731 Israel
3244 1673 3413 1735 Israel
3434 1686 3681 1746 generat,
3702 1688 3756 1733 et

512 1765 696 1820 initius
719 1766 875 1822 vobis
902 1769 1185 1824 orantibus
1216 1731 1609 1827 ministraverit
1648 1731 1872 1830 agnitum
1897 1775 1969 1844 (si
2005 1786 2083 1831 ta-

2186 1757 2288 1815 Job
2314 1757 2439 1826 Job,
2471 1770 2528 1814 et
2792 1759 3005 1825 Ruben,
3039 1764 3233 1834 reliqui
3259 1731 3763 1835 reliquos,sicl‘ioe

500 1852 636 1909 'tnen
664 1870 860 1917 sensus
888 1857 1104 1913 Domini
1128 1874 1355 1929 capaces
1385 1861 1653 1920 fuerimus
1681 1865 1902 1936 eﬂ'eeti),
1929 1868 2085 1921 volu-

510 1962 637 2001 mus
657 1962 830 2017 pauca
857 1948 1147 2006 disserere.
1185 1952 1476 2018 Quomodo
1510 1970 1670 2025 pana
1696 1958 1888 2017 matris
1918 1968 2004 2014 est
2029 1960 2083 2013 in

507 2037 764 2092 exsilium
786 2038 1075 2096 destinata:
1096 2043 1297 2111 privari
1324 2044 1473 2110 ﬁliis,
1501 2054 1595 2103 aut
1615 2056 1763 2103 certe
1783 2048 1928 2104 ﬁlios
1953 2065 2086 2111 suos

508 2128 577 2183 ad
602 2128 765 2185 aliam
794 2130 977 2186 videre
994 2133 1334 2201 provinciam
1367 2136 1632 2192 destinari
1665 2154 1682 2192 :
1717 2137 1799 2196 sic
1819 2140 2088 2209 quodam~

512 2222 677 2277 modo
722 2232 897 2279 mater
945 2234 1138 2280 nostra
1176 2235 1322 2282 terra
1373 2227 1677 2299 ﬂagellatur
1714 2246 1816 2300 pro
1847 2236 2085 2303 peccatis

506 2313 625 2369 suis
649 2328 681 2368 a
712 2313 845 2380 Deo,‘
882 2315 1103 2384 quando
1140 2316 1389 2372 aufertur
1415 2319 1485 2373 ab
1515 2333 1582 2374 ea
1607 2320 1774 2377 homo
1799 2331 1854 2377 et
1884 2338 2081 2393 pecus;

507 2405 722 2458 lsetatur
742 2404 963 2473 quando
990 2404 1241 2462 homines
1266 2407 1452 2473 habet,
1474 2410 1649 2483 magis
1665 2422 1847 2469 autem
1864 2416 2086 2486 quando

506 2493 673 2548 habet
704 2493 959 2551 homines
993 2496 1254 2565 optimos,
1284 2508 1341 2553 et
1377 2500 1433 2555 in
1465 2500 1559 2557 Dei
1595 2505 1792 2560 studiis
1818 2506 2083 2575 viventes,

505 2585 654 2641 sicut
684 2598 853 2653 supra
882 2589 1259 2656 exposuimus.
1295 2589 1507 2647 Dicitur
1541 2609 1673 2665 ergo
1701 2598 1912 2667 quando
1942 2607 2087 2654 terra

505 2674 816 2742 peccauerit,
843 2677 1266 2745 quasi-dicatur,
1294 2682 1341 2735 si
1381 2683 1604 2751 quando
1637 2689 1944 2755 peccaverit
1968 2705 2087 2745 ma-

506 2776 611 2830 ter,
649 2764 893 2823 auferam
917 2768 984 2823 de
1016 2767 1183 2826 domo
1203 2770 1325 2841 ejus
1351 2771 1546 2840 ﬁlium,
1578 2777 1660 2832 sic
1683 2788 1738 2832 et
1764 2796 1911 2835 nunc
1936 2781 2087 2838 aufe-

504 2871 623 2909 ram
654 2855 724 2911 de
753 2872 819 2911 ea
840 2857 1139 2917 hominem.
1173 2859 1413 2919 Lattatur
1434 2866 1637 2935 quippe
1671 2878 1814 2924 terra
1842 2887 1951 2927 non
1985 2889 2085 2929 su-

505 2961 604 3015 per
636 2947 826 3003 bestiis
864 2958 917 3005 ct
956 2949 1087 3006 feris
1133 2950 1359 3019 rabidis,
1412 2955 1509 3009 sed
1553 2973 1714 3027 super
1761 2964 2081 3032 pecudibus,

501 3036 632 3106 quia
658 3038 864 3107 placida
889 3052 942 3096 et
974 3050 1258 3099 mansueta
1283 3044 1541 3101 animalia
1569 3049 1762 3121 diligit.

573 3128 631 3184 4.
660 3128 734 3187 Et
761 3131 1004 3199 auferam
1032 3133 1095 3191 de
1121 3149 1186 3189 ea
1224 3133 1488 3193 hourinem
1520 3148 1571 3193 et
1601 3155 1777 3209 pecus.
1808 3142 1876 3198 Et
1899 3145 1947 3200 si
1966 3144 2081 3215 [ue-

504 3220 614 3277 νῦν
642 3220 733 3279 isti
772 3232 879 3278 tres
910 3225 1010 3304 viri
1043 3226 1099 3281 in
1132 3229 1303 3283 media
1326 3229 1463 3299 ejus.
1509 3232 1798 3300 Quomodo
1824 3244 2002 3307 potest
2025 3237 2082 3295 in

504 3321 649 3371 terra
685 3315 987 3382 peccati-ica
1050 3319 1215 3376 trium
1277 3323 1507 3380 istorum
1557 3326 1764 3395 pariter
1817 3344 2083 3385 numerus

502 3406 877 3463 commorari?
923 3407 1212 3473 Quomodo
1239 3422 1347 3472 tam
1376 3417 1611 3472 diversis
1634 3418 1971 3488 temporibus
2002 3420 2082 3475 vi-

503 3496 750 3555 ventium
788 3508 967 3567 potest
998 3500 1140 3561 inter
1166 3518 1227 3561 se
1258 3506 1368 3565 vita
1411 3510 1711 3580 conjungi?
1741 3509 1799 3564 in
1829 3513 2081 3579 presenti

503 3585 738 3656 legimus
762 3588 817 3644 in
844 3593 1146 3663 peccati-ise
1184 3604 1326 3654 terra
1376 3614 1473 3656 eos
1521 3602 1725 3670 pariter
1757 3601 2080 3667 consistere,

507 3675 558 3729 id
591 3685 678 3730 est
701 3675 815 3734 Noe
852 3682 946 3749 qui
989 3682 1041 3737 in
1082 3684 1287 3744 diluvio
1327 3687 1452 3754 fuit,
1498 3701 1555 3746 et
1587 3689 1861 3751 Danielum
1899 3692 2079 3763 quiin

504 3766 821 3835 captivitate
866 3768 1165 3842 Babylonis
1213 3791 1586 3841 commoratus
1613 3791 1694 3836 est
1717 3820 1733 3847 ,
1769 3789 1826 3841 et
1860 3780 1963 3837 Job
1984 3783 2080 3851 qui

506 3860 842 3928 temporibus
890 3864 1321 3931 patriarcharum
1368 3885 1424 3925 et
1462 3871 1634 3943 Moysi
1659 3873 1863 3933 vixisse
1892 3875 2079 3943 perhi-

503 3947 685 4005 betur.
724 3948 841 4006 Hoc
860 3952 1008 4009 enim
1042 3963 1256 4024 tempus
1278 3960 1588 4022 invenimus
1620 3964 1745 4019 vitae
1775 3962 1900 4019 Job.
1936 3963 2076 4031 Quid

502 4054 635 4109 ergo
685 4056 982 4111 possumus
1030 4044 1254 4103 dicere?
1301 4047 1618 4108 Meminisse
1675 4053 1970 4122 debemus,
2020 4064 2080 4111 ut

502 4145 646 4200 saepe
662 4131 780 4202 iam
824 4135 1089 4205 diximus,
1145 4139 1274 4209 quia
1312 4150 1369 4201 ut
1401 4142 1566 4199 homo
1607 4145 1881 4203 hominem
1912 4161 2078 4216 gene-

501 4232 608 4288 rat,
634 4234 701 4287 et.
717 4225 882 4291 Israel
915 4238 1140 4300 generat
1175 4232 1363 4293 Israel.
1406 4231 1570 4290 Israel
1602 4234 1803 4304 quippe
1828 4250 1953 4293 cum
1991 4249 2079 4293 cs-

493 4326 587 4379 σει
619 4316 811 4387 Jacob,
856 4324 1134 4391 generavit
1164 4323 1329 4381 Israel
1359 4326 1639 4396 populum.
1675 4325 1743 4381 Et
1772 4327 2078 4385 invenimus

2187 1848 2317 1907 Noe.
2356 1850 2427 1906 Et
2450 1851 2629 1907 dicam
2653 1853 2786 1922 quia
2811 1853 2879 1908 de
2906 1853 3030 1913 ﬁliis
3066 1852 3200 1918 Noe.
3247 1854 3371 1913 Sem
3412 1855 3528 1912 Noe
3567 1857 3758 1926 fuerit,

2184 1940 2355 1996 Cbam
2383 1957 2514 1998 vero
2542 1958 2651 1997 non
2682 1942 2851 1999 fuerit
2881 1942 3015 2000 Noe.
3059 1944 3246 2015 Neque
3268 1947 3415 2003 enim
3450 1948 3639 2004 habuit
3679 1950 3764 2005 si—

2187 2032 2546 2089 militudinem
2588 2035 2760 2105 patris
2803 2036 2911 2091 sui.
2962 2036 3033 2091 Et
3070 2046 3131 2091 ut
3172 2054 3284 2095 non
3324 2053 3519 2096 omnes
3558 2041 3657 2111 qui
3687 2057 3757 2096 ea

2185 2124 2483 2191 Abraham,
2532 2125 2628 2180 ﬁlii
2656 2125 2954 2194 Abraham,
2984 2126 3111 2183 licet
3148 2129 3261 2185 sint
3282 2129 3353 2186 de
3375 2131 3585 2192 sentiae
3611 2132 3757 2202 ejus,

2187 2228 2294 2269 non
2324 2223 2455 2270 sunt
2485 2214 2583 2269 ﬁlii
2602 2214 2799 2285 ipsius,
2829 2216 3090 2287 quoniam
3114 2227 3430 2287 peccatores
3457 2227 3587 2277 sunt
3621 2238 3636 2275 :
3670 2222 3760 2278 sic

2186 2304 2242 2359 hi
2270 2303 2363 2375 qui
2389 2305 2588 2363 habent
2617 2306 3030 2363 similitudinem
3062 2306 3329 2363 factorum
3366 2308 3625 2372 Danielis,
3649 2311 3730 2367 Da

2186 2395 2296 2450 niel
2324 2405 2490 2463 sunt;
2527 2396 2622 2466 qui
2650 2397 2936 2452 imitantur
2965 2399 3278 2468 patientiam
3307 2398 3432 2467 Job,
3452 2399 3558 2459 Job
3595 2403 3756 2457 ﬁunt.

2184 2484 2307 2541 Noli
2348 2503 2478 2557 ergo
2505 2487 2687 2543 dicere
2704 2528 2722 2555 ,
2765 2487 2958 2545 beatus
2982 2488 3097 2543 Noe
3118 2490 3376 2560 quoniam
3402 2492 3599 2562 dignus
3627 2493 3758 2549 eﬂ‘e-

2185 2588 2307 2634 ctus
2332 2586 2498 2635 estut
2539 2578 2592 2633 in
2626 2578 2833 2633 diluvio
2866 2579 3018 2635 solus
3044 2579 3332 2651 eligeretur
3360 2596 3393 2639 a
3422 2580 3677 2642 Domino.
3703 2594 3760 2638 ct

2185 2669 2395 2725 caeteris
2427 2668 2783 2725 inundatione
2817 2671 3173 2740 pereuntibus
3208 2687 3332 2726 cum
3363 2673 3479 2728 suis
3506 2688 3758 2731 servare-

2186 2771 2273 2815 tur
2305 2761 2599 2818 incolumis
2647 2779 2660 2815 :
2700 2762 2796 2819 sed
2818 2762 3104 2818 considera
3134 2763 3287 2832 quia,
3318 2763 3365 2817 si
3392 2772 3445 2818 et
3472 2772 3539 2833 tu,
3561 2764 3760 2821 feceris

2183 2869 2246 2909 ea
2279 2868 2401 2925 quas
2432 2853 2562 2910 fecit
2584 2852 2718 2921 Noe,
2740 2855 2852 2911 eris
2878 2853 3012 2911 Noe.
3043 2855 3181 2909 Audi
3207 2852 3542 2910 Salvatorem
3571 2858 3762 2911 dicen-

2184 2956 2293 3002 tem
2317 2946 2363 2977 ⁸⁸
2398 2964 2411 2999 :
2447 2944 2509 3001 Si
2540 2948 2722 3003 essetis
2747 2947 2852 3017 ﬁlii
2882 2947 3131 3013 Abrahae,
3167 2964 3322 3016 opera
3354 2946 3584 3005 Abrahc
3609 2951 3758 3019 face-

2184 3041 2332 3096 retis.
2370 3039 2540 3111 Igitur
2571 3040 2618 3096 si
2651 3041 2776 3111 quis
2810 3040 2954 3097 ﬁlius
2979 3049 3064 3097 est
3090 3040 3365 3103 Abrttgam
3389 3083 3405 3107 ,
3452 3042 3581 3099 facit
3602 3053 3758 3112 gesta

2134 3117 2150 3136 ’
2181 3133 2490 3201 Abraham;
2547 3134 2592 3188 si
2625 3134 2750 3202 quis
2782 3132 2925 3190 ﬁlius
2957 3144 3040 3189 est
3085 3132 3220 3196 Noe,
3268 3134 3399 3189 facit
3435 3149 3573 3206 opus
3605 3134 3759 3201 Noe;

2182 3223 2230 3278 si
2252 3225 2377 3295 quis
2405 3223 2549 3279 ﬁlius
2570 3232 2655 3279 est
2677 3221 2939 3288 Danielis,
2975 3222 3106 3279 facit
3136 3223 3188 3279 id
3215 3226 3359 3297 quod
3388 3225 3517 3281 fecit
3544 3225 3759 3286 DutiieL

2183 3315 2241 3369 Si
2272 3315 2399 3385 quis
2426 3314 2678 3385 sequitur
2710 3330 2807 3385 per
2835 3314 2980 3384 quod
3013 3315 3286 3386 gloriosus
3314 3315 3538 3373 eﬂ‘ectus
3562 3327 3666 3384 est,
3694 3330 3762 3374 ut

2185 3414 2314 3475 puta
2341 3406 2521 3461 omnis
2560 3406 2655 3476 qui
2687 3404 3052 3462 substantiam
3088 3421 3245 3461 suam
3278 3406 3474 3476 perdit,
3508 3416 3562 3463 et
3590 3410 3759 3464 susti-

2181 3512 2317 3552 nens
2339 3497 2732 3568 patienterqtam
2756 3497 2996 3573 iacturas
3017 3512 3197 3553 rerum
3219 3497 3572 3554 familiarium
3588 3515 3756 3568 quam

2182 3599 2385 3643 mortes
2427 3588 2662 3643 filiorum
2696 3588 2830 3642 dicit
2866 3588 2913 3619 ⁸⁸
2946 3605 2961 3645 :
2995 3587 3254 3642 Dominus
3287 3589 3455 3654 dedit,
3497 3588 3759 3644 Dominus

2180 3678 2394 3733 abstulit
2419 3695 2438 3743 ;
2462 3689 2518 3735 ut
2540 3678 2765 3739 Domino
2788 3680 2956 3733 uisum
2983 3689 3081 3746 est,
3112 3680 3189 3732 ita
3212 3679 3415 3748 factum
3436 3690 3547 3733 est:
3572 3681 3640 3734 sit
3660 3697 3761 3734 no—

2170 3764 2297 3824 ‘men
2352 3770 2563 3825 Domini
2601 3769 2926 3825 benedictum
2963 3772 3014 3824 in
3048 3771 3281 3836 swcula;
3313 3771 3407 3842 qui
3448 3772 3761 3826 incenditur

2179 3862 2423 3931 corporis
2470 3862 2649 3928 malis,
2696 3870 2750 3916 et
2792 3860 3096 3932 ﬂagellatur
3139 3863 3293 3919 vario
3324 3862 3594 3917 malorum
3626 3879 3755 3917 suo.

2179 3966 2301 4004 rum
2330 3950 2519 4007 dolore
2539 3991 2555 4016 ,
2586 3959 2642 4005 et
2672 3949 3031 4006 nihilominus
3065 3951 3118 4005 in
3158 3950 3293 4020 ipsis
3324 3950 3607 4021 suppliciis
3636 3951 3760 4021 glo-

2179 4040 2354 4095 riﬁcat
2402 4039 2718 4107 Dominum,
2762 4042 2857 4111 qui
2896 4050 3075 4111 potest
3113 4041 3443 4111 respondere
3467 4041 3673 4105 divina,
3703 4050 3762 4097 ct

2179 4132 2322 4187 inter
2342 4133 2622 4187 cruciatus
2647 4132 3015 4201 propheticum
3039 4148 3225 4188 vocem
3250 4133 3519 4195 emittere,
3540 4131 3759 4202 qualem

2178 4222 2361 4276 emisit
2385 4220 2509 4286 Job,
2549 4220 2792 4275 imitator
2813 4232 2897 4276 cst
2923 4220 3048 4276 Job.
3076 4221 3253 4291 Atque
3281 4222 3351 4275 ita
3379 4222 3432 4275 in
3464 4204 3760 4276 hunc‘mo—

2177 4316 2303 4371 dum
2330 4323 2381 4369 et
2424 4311 2558 4377 Noe,
2592 4321 2648 4368 et
2676 4311 2889 4380 Daniel,
2938 4323 2993 4368 et
3037 4309 3140 4367 Job
3187 4312 3241 4366 in
3289 4311 3478 4366 eodem
3529 4323 3761 4384 possunt

502 4408 559 4462 in
611 4408 909 4480 Scripturis
956 4412 1125 4469 Israel
1176 4432 1376 4472 nomen
1427 4427 1535 4479 tam
1593 4418 1647 4475 in
1703 4434 1812 4473 uno
1862 4419 2082 4476 homine
2114 4417 2155 4470 ἶ)
2187 4416 2428 4475 tempore
2461 4402 2706 4475 reperiri-

502 4513 667 4568 quam
694 4499 748 4553 in
778 4501 1037 4563 universo
1067 4507 1268 4575 popqu
1300 4507 1427 4563 dici.
1461 4506 1554 4563 Sic
1583 4524 1691 4563 non
1714 4510 1892 4565 solum
1916 4510 2078 4566 Israel

502 4588 695 4657 Israel,
722 4609 911 4648 verum
948 4604 1004 4651 et
1037 4596 1227 4653 Ruben
1257 4608 1478 4668 generat
1515 4599 1729 4664 Ruben,
1774 4611 1828 4655 ct
1859 4601 2077 4657 Simeon

498 4691 724 4752 generat
742 4682 1080 4755 Simeonem,
1100 4698 1155 4743 et
1178 4688 1307 4744 Levi
1339 4688 1489 4757 Levi,
1508 4704 1560 4746 et
1592 4691 1761 4747 Judas
1788 4692 2006 4761 Judain,
2030 4704 2082 4748 rt

503 4773 701 4843 reliqui
724 4789 921 4833 omnes
937 4779 1031 4847 qui
1060 4780 1115 4837 in
1135 4781 1275 4836 tribu
1297 4780 1438 4837 Juda
1469 4795 1598 4839 sunt
1631 4786 1699 4839 ab
1723 4786 1870 4842 illius
1911 4788 2083 4855 stirpe

501 4863 780 4920 venientes
790 4863 819 4920 J
825 4867 959 4923 udas
975 4882 1361 4942 nuncupantur
1378 4893 1392 4929 :
1411 4884 1465 4929 et
1484 4877 1754 4946 replicata:
1775 4886 1904 4931 sunt
1929 4876 2081 4932 Scri-

501 4962 677 5024 ptura:
695 4955 750 5009 in
767 4957 912 5013 tribu
927 4958 1064 5019 Juda
1084 4965 1398 5023 nominibus
1428 4964 1587 5022 Juda.
1608 4966 1682 5023 Ea
1699 4983 1821 5040 quae
1840 4968 1898 5021 in
1918 4969 2085 5023 bene-

502 5041 838 5100 dictionibus
857 5045 1024 5105 Jacob
1038 5066 1135 5121 per
1149 5051 1370 5124 Moysen
1384 5055 1451 5110 de
1472 5049 1687 5123 Ruben,
1704 5066 1757 5111 et
1775 5056 2018 5123 Simeon,
2033 5065 2088 5113 et

504 5131 653 5198 Levi,
678 5145 733 5191 et
758 5135 898 5207 Juda
920 5141 1196 5211 dicuntur,
1209 5154 1263 5199 et
1284 5148 1497 5202 caeteris
1522 5163 1632 5202 non
1654 5147 1736 5203 sic
1761 5150 2091 5204 conveniunt

503 5228 852 5299 patriarcbis,
899 5244 959 5287 ut
1002 5234 1207 5306 bisqui
1250 5238 1573 5307 cOgnomine
1629 5253 1819 5295 eorum
1865 5252 2086 5312 propter

484 5315 988 5380 Windhaus
1026 5328 1373 5384 exstiterunt.
1416 5328 1696 5398 Beujamin
1734 5331 1888 5400 lupus
1915 5348 2084 5402 rapax

504 5413 575 5464 ad
602 5415 919 5473 matutinum
943 5420 1192 5486 conrodit,
1218 5429 1267 5474 et
1289 5420 1358 5473 ad
1378 5437 1638 5489 uesperam
1657 5423 1803 5478 dabit
1824 5441 1993 5480 escam
2012 5426 2081 5482 ⁸⁷.

508 5502 794 5576 Benjamin
820 5508 910 5566 ille
930 5526 1211 5583 nunquam
1245 5512 1347 5566 fuit
1380 5512 1542 5587 lupus
1570 5531 1761 5587 rapax,
1797 5516 2081 5587 Beniamin

2259 4518 2312 4572 5.
2341 4515 2478 4583 Quia
2507 4525 2688 4571 autem
2717 4531 2864 4571 nunc
2887 4514 3139 4571 Ezechiel
3179 4529 3288 4569 non
3332 4514 3401 4569 de
3433 4514 3519 4569 bis
3558 4513 3759 4568 dixerit

2185 4621 2323 4676 quos
2367 4606 2421 4660 in
2475 4604 2773 4676 Scripturis
2818 4604 3166 4670 lectitamus,
3210 4601 3459 4657 videlicet
3489 4615 3627 4669 quos
3662 4607 3760 4652 aut

2187 4697 2490 4764 translatio,
2513 4705 2609 4751 aut
2643 4709 2790 4751 mors
2817 4696 2884 4751 de
2908 4694 3157 4766 praesenti
3188 4692 3351 4767 372
3382 4691 3490 4746 vita
3520 4690 3762 4745 substra-

2188 4787 2349 4854 xerit,
2400 4786 2467 4843 de
2499 4785 2609 4841 alio
2640 4801 2863 4855 quoque
2903 4786 3025 4840 loco
3050 4786 3364 4854 _approbare
3411 4779 3756 4836 conabimur.

2188 4876 2375 4932 Daniel
2408 4877 2502 4947 qui
2545 4876 2777 4932 traditus
2808 4883 2894 4933 est
2942 4875 3322 4933 cunuchorum
3367 4870 3598 4943 principi
3631 4884 3758 4924 cum

2187 4967 2673 5039 Anania,_,Azaria,
2716 4966 2957 5033 Misaele,
2986 4967 3274 5023 eunuchus
3305 4964 3430 5033 fuit,
3467 4974 3521 5022 et
3561 4972 3644 5020 est
3696 4965 3759 5018 in

2186 5060 2439 5131 praesenti
2473 5059 2679 5114 dictum
2714 5076 2729 5114 :
2765 5056 2898 5122 Noe,
2949 5066 3002 5113 et
3055 5056 3268 5122 Daniel,
3311 5066 3365 5112 et
3403 5055 3508 5113 Job
3534 5055 3675 5112 ﬁlios
3706 5065 3764 5110 ct

2189 5152 2327 5207 tilias
2361 5166 2469 5204 non
2505 5150 2835 5213 liherabunt,
2865 5159 2918 5203 et
2952 5149 3178 5219 reliqua.
3210 5146 3510 5217 Fingamus
3536 5145 3761 5216 quippe,

2190 5241 2331 5298 Iilios
2361 5241 2612 5296 habuerit
2634 5238 2766 5306 Noe,
2802 5240 3079 5311 quomodo
3109 5238 3204 5293 ﬁlii
3227 5236 3463 5293 Daniclis
3491 5234 3768 5290 docebun-

2189 5343 2299 5399 tur,
2341 5348 2501 5404 quem
2533 5331 2843 5387 eunuchum
2878 5330 3048 5387 fuisse
3070 5328 3241 5386 Judaei
3274 5327 3530 5384 tradunt?
3556 5324 3764 5380 Verum

2187 5424 2315 5495 quia
2357 5423 2549 5479 fertilis
2585 5432 2639 5477 et
2668 5430 2859 5481 sancta
2887 5420 2990 5476 fuit
3019 5420 3202 5476 anima
3237 5420 3408 5487 illius,
3439 5427 3494 5474 et
3521 5416 3753 5491 prophe-

2188 5516 2310 5573 ticis
2337 5514 2645 5584 divinisque
2671 5514 3016 5568 sermonibus
3047 5515 3248 5569 multos
3277 5511 3479 5567 liberos
3505 5519 3762 5580 procrin-

588 5678 635 5712 "
675 5680 840 5741 Eccli.
879 5701 918 5744 ι.
945 5686 1001 5739 9..
1079 5687 1122 5718 ⁸⁷
1157 5687 1288 5743 Gen.
1323 5705 1448 5745 χιιι
1476 5732 1489 5757 ,
1521 5690 1609 5745 27.
1689 5691 1754 5725 ⁸⁷·
1786 5692 1941 5748 Deut.
1979 5709 2081 5749 xxx

2201 5693 2252 5749 6.
2330 5694 2373 5725 ⁸⁸
2412 5691 2566 5750 Joan.
2611 5691 2839 5764 vm,39.
2918 5694 2962 5727 “
2999 5690 3100 5748 Job
3154 5708 3192 5759 I,
3222 5692 3312 5745 2i.
