4140 6440
358 306 457 364 76!

1776 302 2060 356 HOMILIA
2092 301 2180 356 IV.

3516 312 3627 365 782

356 428 456 484 vit,
500 418 705 475 idcirco
743 415 992 473 dicitur:
1029 413 1087 471 Si
1127 415 1324 487 fuerint
1362 418 1419 470 in
1456 425 1684 486 tempore
1721 416 1813 471 illo
1852 417 1929 472 vel
1959 425 2002 480 Α
2032 433 2165 472 cans
2193 417 2399 483 oruuia,
2439 426 2493 472 et
2532 434 2562 471 a
2597 416 2748 473 nullo
2770 418 3124 488 dijudicatus,
3164 410 3507 481 confidenter
3532 426 3617 477 cli-

360 515 463 571 istv
482 519 533 567 et
564 510 703 573 Noe,
736 518 786 563 et
826 506 1038 572 Daniel,
1071 516 1120 560 et
1145 504 1271 574 Job,
1302 516 1351 560 et
1384 507 1486 576 ipsi
1516 506 1617 561 soli
1642 505 1932 561 salvabun—

365 612 472 658 tur.
502 600 572 656 Et
595 614 697 656 nos
729 613 862 670 ergo
894 612 1186 667 possumus
1223 597 1342 653 tieri
1377 595 1566 651 Daniel
1607 616 1621 652 :
1658 608 1712 652 et
1742 607 1801 653 ut
1826 613 1937 653 non

365 704 677 745 enumerem
722 700 913 742 omnes
954 695 1190 749 sanctos,
1230 700 1452 753 possum
1484 701 1607 740 esse
1647 685 1847 741 Paulus
1888 686 1938 740 si

367 780 523 835 fuero
570 779 813 833 imitator
868 778 989 848 ejus
1037 775 1266 831 dicentis
1308 775 1352 806 ⁶⁰
1405 794 1419 830 :
1476 774 1781 829 Imitatores
1836 776 1936 828 mei

367 881 550 926 estote.
583 869 641 925 Si
677 869 976 926 cauterium
1025 883 1135 937 quo
1180 866 1429 936 signatus
1477 876 1563 921 est
1592 865 1797 921 Paulus
1839 865 1937 919 ha-

371 963 561 1028 buero,
605 961 650 1019 si
681 960 924 1016 eamdem
960 958 1190 1028 ﬁguram
1228 972 1333 1026 qua
1368 955 1456 1012 ille
1485 957 1746 1027 ﬁguratus
1768 964 1853 1011 est
1881 957 1936 1009 in

369 1053 586 1107 Christo
626 1052 942 1121 possedere,
1002 1065 1099 1120 per
1128 1064 1290 1121 quam
1334 1058 1392 1103 ut
1433 1048 1610 1103 bonus
1638 1057 1789 1118 pater
1824 1046 1935 1104 aie-

371 1145 463 1199 b.1t
491 1144 531 1174 ⁸³
564 1162 576 1197 :
613 1141 802 1197 Filioli
833 1143 955 1208 mei,
974 1157 1101 1212 quos
1125 1143 1313 1194 iterum
1335 1138 1580 1210 parturio
1604 1138 1766 1193 donec
1784 1137 1940 1192 Clui-

367 1250 481 1289 sms
529 1234 785 1302 formetur
826 1234 879 1286 in
914 1233 1074 1289 vobis.
1128 1230 1184 1287 Si
1225 1247 1351 1289 vero
1392 1246 1458 1285 ex
1496 1228 1942 1285 dissimilitudine

368 1327 632 1396 signaculi
684 1341 974 1396 coarguor.
1031 1325 1159 1395 quia
1208 1324 1371 1380 aliam
1423 1322 1654 1379 formam
1691 1322 1941 1377 habuerit

368 1413 572 1470 Paulus
602 1431 764 1484 quam
800 1430 900 1485 ego
938 1416 993 1469 in
1024 1416 1205 1470 anima
1237 1414 1487 1479 habeam,
1523 1427 1609 1467 me
1633 1412 1812 1482 ipsum
1840 1412 1941 1465 de-

369 1505 515 1573 cipio
568 1506 753 1560 dicens
796 1524 809 1560 :
862 1505 1032 1562 Filius
1079 1520 1234 1561 meus
1279 1520 1340 1561 es
1385 1514 1464 1569 tu,
1522 1518 1707 1558 semen
1762 1502 1937 1557 Pauli.

369 1593 490 1649 Noli
522 1596 708 1650 mirari
732 1598 878 1666 quod
910 1598 1055 1653 filius
1085 1595 1329 1668 Apostoli
1364 1595 1485 1650 fias.
1534 1593 1738 1649 Habeto
1770 1599 1938 1648 virtu-

371 1698 471 1752 tcs,
496 1697 550 1742 et
577 1689 689 1749 eris
722 1690 870 1747 illius
902 1689 1131 1745 Christi.
1182 1686 1393 1748 Filioli,
1433 1687 1612 1756 inquit
1651 1688 1716 1749 θ’,
1765 1687 1940 1739 adhuc

2039 509 2113 565 cit
2156 510 2357 567 multas
2390 523 2515 564 esse
2547 508 2787 573 bestias,
2819 524 2957 578 quas
2983 512 3181 566 emittit
3219 514 3363 570 Deus
3399 517 3456 570 in
3489 531 3615 584 pec-

2036 600 2292 655 catricem
2319 607 2544 662 terram,
2573 599 2619 656 si
2653 608 2833 653 tamen
2867 607 3011 659 terra
3037 611 3219 656 nostra
3251 605 3558 672 peccaverit
3593 623 3608 659 :

2034 690 2384 745 Adversarius
2423 701 2609 745 noster
2636 688 2880 743 diabolus
2911 699 2966 742 ut
3009 692 3088 743 leo
3120 693 3327 761 rugiens
3370 693 3611 749 ambulat

2035 767 2270 854 querens
2293 798 2445 852 quem
2481 781 2689 835 devoret
2734 782 2802 835 ⁸⁷.
2840 778 2945 834 illa
2980 795 3201 850 quoque
3232 783 3459 837 historia
3488 799 3611 852 quae

2039 873 2352 943 Scripturas
2395 872 2686 941 diligenter
2740 871 3160 926 observantibus
3191 872 3243 924 in
3279 873 3501 941 planum
3551 890 3611 927 se

2037 966 2240 1035 praebet
2280 964 2638 1031 intellectum,
2693 956 3003 1019 istiusmodi
3054 962 3214 1017 habet
3261 963 3612 1032 signiﬁcatio-

2039 1070 2184 1121 nem,
2208 1055 2428 1125 quando
2457 1054 2568 1109 duo
2603 1052 2718 1109 ursi
2746 1054 2814 1108 ad
2843 1053 3101 1123 parvulos
3132 1053 3286 1107 missi
3318 1061 3468 1118 sunt,
3501 1056 3605 1123 qui

2039 1146 2398 1201 contumelias
2423 1144 2698 1201 faciebant
2714 1144 3241 1214 prOphettedicentes
3258 1143 3301 1174 ⁸⁸
3322 1162 3334 1196 :
3357 1142 3611 1207 Ascende,

2040 1237 2203 1300 calve,
2258 1236 2500 1302 ascende,
2556 1235 2717 1291 calve.
2772 1233 2899 1290 Ursi
2953 1248 3189 1304 namque
3231 1232 3309 1288 illi
3349 1233 3404 1287 in
3453 1233 3613 1302 signo

2039 1338 2195 1387 erant
2225 1327 2456 1382 aliarum
2487 1327 2808 1393 bestiarum,
2835 1314 2961 1397 quae
2983 1341 3108 1382 vere
3140 1324 3297 1388 feras,
3328 1338 3455 1378 vere
3484 1332 3614 1379 sunt

2043 1418 2265 1486 rabidae,
2312 1434 2435 1489 quae
2482 1419 2774 1474 mittuntur
2826 1418 2881 1474 in
2920 1419 3062 1475 hanc
3108 1418 3466 1489 peccatricem
3505 1423 3615 1471 ter-

2042 1527 2182 1568 ram.
2211 1510 2423 1566 Procul
2450 1518 2634 1565 autem
2669 1509 2815 1565 absit
2848 1525 2878 1563 a
2911 1510 3069 1566 nobis
3108 1517 3171 1565 ut
3196 1508 3380 1565 bestia:
3404 1507 3479 1564 ad
3511 1520 3614 1561 nos

2045 1617 2143 1672 pro
2175 1601 2272 1656 Dei
2307 1601 2511 1657 ultione
2537 1601 2826 1657 mittantur
2850 1640 2866 1663 ,
2902 1603 3035 1672 quin
3065 1601 3249 1670 potius
3282 1601 3341 1656 in
3365 1601 3613 1657 oratione

2045 1692 2294 1748 dicamus
2315 1694 2358 1725 ⁶⁹
2392 1711 2407 1747 :
2442 1691 2526 1747 Ne
2559 1691 2849 1745 tradideris
2879 1693 3061 1749 bestiis
3088 1693 3321 1749 animam
3356 1692 3613 1760 conﬁten-

367 1779 625 1849 pnsillum
657 1781 924 1835 vobiscum
951 1796 1087 1833 sum.
1130 1777 1265 1835 Cum
1295 1785 1478 1833 autem
1509 1777 1681 1834 fueris
1715 1777 1938 1844 Christi,
1974 1759 2014 1813 Β
2046 1794 2149 1839 rem
2170 1783 2266 1838 tibi
2287 1783 2437 1853 IEgo
2465 1783 2590 1839 novi
2618 1791 3026 1853 perseverantes
3057 1783 3114 1836 in
3147 1782 3252 1839 ﬁde
3279 1759 3461 1850 justus
3480 1780 3616 1835 feris

369 1871 481 1928 eris
507 1881 561 1924 et
584 1870 975 1939 omnipotentis
1001 1868 1199 1936 Patris,
1240 1868 1370 1939 quia
1395 1884 1563 1925 unum
1598 1877 1725 1924 sunt
1754 1869 1944 1923 unita:-

372 1977 480 2031 que
507 1971 736 2019 naturae.
762 1960 846 2015 Ad
880 1961 986 2015 hoc
1021 1959 1453 2029 laboratjustus,
1478 1959 1532 2015 in
1561 1959 1664 2014 hoc
1701 1961 1940 2016 studium

373 2066 535 2105 suum
565 2066 727 2105 omne
749 2051 1036 2117 convertit,
1056 2060 1116 2106 ut
1147 2050 1405 2116 Danielis,
1428 2050 1620 2119 etJob,
1656 2065 1709 2108 et
1725 2051 1863 2118 Noe,
1891 2065 1945 2110 et

374 2142 608 2197 Abrahae
634 2141 780 2199 ﬁlius
807 2143 1124 2198 ostendatur
1147 2144 1216 2199 ad
1239 2144 1583 2213 adoptionem
1612 2144 1731 2211 Dei,
1752 2155 1811 2201 et
1827 2147 1942 2217 jam

376 2249 485 2289 non
533 2244 756 2293 vocetur
797 2235 1079 2293 hominum
1118 2236 1469 2303 nominibus,
1522 2237 1619 2293 sed
1665 2240 1944 2297 vocabulis

373 2327 610 2381 tiliorum
645 2326 759 2382 Dei.
816 2326 872 2380 Si
899 2341 1032 2398 ergo
1071 2328 1273 2384 fuerint
1306 2339 1417 2385 tres
1440 2329 1547 2384 viri
1570 2329 1683 2400 isti,
1714 2347 1824 2389 non
1855 2334 1943 2387 in-

372 2421 520 2486 diget
560 2415 797 2487 Spiritus
823 2429 1049 2474 salictus
1071 2460 1086 2485 ,
1124 2429 1182 2477 ut
1210 2422 1374 2476 etiam
1401 2436 1549 2477 nunc
1574 2419 1706 2489 Noe,
1757 2434 1813 2485 et
1839 2424 1944 2481 Da-

374 2507 591 2570 nielem,
629 2517 683 2567 et
707 2506 811 2564 Joh
834 2511 1102 2567 ostendat.

443 2597 497 2653 6.
536 2598 661 2654 Tres
691 2601 794 2655 viri
817 2602 906 2655 isti
932 2603 987 2655 in
1017 2605 1187 2658 medio
1209 2604 1344 2673 ejus.
1372 2604 1510 2660 Dicit
1542 2606 1674 2662 mihi
1697 2608 1944 2667 eruditus

374 2692 592 2746 auditor
624 2710 638 2747 :
670 2702 779 2748 tres
815 2694 869 2747 in
908 2694 1159 2764 praesenti
1184 2696 1561 2765 nominantur,
1592 2715 1775 2758 sermo
1817 2718 1946 2758 Vero

376 2791 501 2840 tuus
522 2785 787 2854 plurimos
807 2785 1057 2852 allii-mat,
1086 2795 1140 2841 et
1159 2786 1368 2854 Daniel,
1391 2801 1445 2845 et
1468 2789 1591 2858 Job,
1613 2801 1668 2846 et
1685 2790 1818 2847 Noe.
1844 2793 1944 2853 (Jul

375 2876 455 2931 sic
484 2878 950 2945 respondebimus.
982 2878 1171 2936 Omnis
1192 2881 1491 2939 similitudo
1513 2884 1775 2943 similium
1802 2903 1945 2942 unus

374 2976 480 3031 cat,
508 2975 562 3021 ct
591 2983 698 3023 non
729 2968 913 3037 plures
940 2972 1031 3041 qui
1063 2972 1268 3037 similes
1300 2981 1451 3029 sunt.
1479 2972 1597 3031 Non
1633 2975 1785 3044 plura
1817 2992 1944 3030 cor-

2046 1875 2296 1942 traditos,
2342 1884 2398 1931 et
2442 1875 2708 1930 laceratos
2742 1874 2813 1929 ab
2837 1873 2919 1928 eis
2960 1886 3374 1927 consummasse
3411 1882 3615 1940 marty-

2046 1967 2210 2030 rium,
2262 1981 2362 2021 nec
2416 1975 2596 2021 tamen
2639 1965 2827 2021 beatos
2870 1978 2993 2019 esse
3031 1962 3280 2018 desiisse.
3315 1961 3437 2017 Non
3467 1961 3615 2015 enim

2043 2056 2231 2115 bestiis
2271 2055 2493 2115 fuerant
2524 2055 2705 2115 traditi
2740 2055 3082 2125 spiritalibus
3125 2064 3181 2116 et
3226 2052 3615 2117 invisibilibus,

2043 2163 2166 2223 quae
2198 2147 2439 2209 lacerant
2477 2147 2690 2203 animas
2718 2155 3068 2216 peccatorum
3097 2154 3152 2199 et
3188 2144 3378 2199 dentes
3403 2156 3535 2198 suos
3561 2143 3614 2195 in

2047 2244 2340 2314 impiorum
2386 2244 2555 2303 corda
2595 2243 2856 2312 deﬁgunt.
2894 2238 3351 2306 Quemadmodum
3385 2237 3531 2293 enim
3568 2238 3626 2291 si.

2043 2347 2227 2406 pastor
2262 2351 2327 2392 ea:
2359 2352 2448 2391 ore
2467 2336 2672 2395 leonum
2718 2334 2906 2390 evellet
2942 2334 3047 2389 duo
3076 2348 3235 2389 crura
3263 2332 3396 2392 ovis,
3423 2328 3500 2384 vel
3521 2344 3619 2383 ex-

2047 2440 2270 2485 tremum
2300 2428 2582 2495 auriculis,
2626 2430 2710 2484 ita
2740 2425 3025 2483 atiellentur
3046 2423 3151 2496 filii
3176 2423 3353 2481 Israel
3383 2422 3452 2475 ⁷⁸.
3488 2419 3620 2473 Tra-

2045 2521 2194 2576 ditur
2214 2536 2344 2591 ergo
2363 2519 2658 2589 aliquando
2685 2525 2829 2579 terra
2855 2517 3046 2572 bestiis
3073 2515 3141 2571 ad
3167 2513 3535 2579 eversionem,
3559 2521 3621 2567 ut

2045 2611 2327 2667 auferatur
2362 2611 2433 2665 ab
2453 2626 2518 2666 ea
2541 2610 2707 2665 homo
2731 2617 2786 2663 et
2811 2623 2997 2677 pecus.

2115 2705 2169 2757 8.
2206 2702 2273 2763 Et
2290 2704 2523 2759 observa
2546 2702 2838 2773 diligenter
2872 2698 3211 2757 ditl’erentias
3235 2693 3619 2755 comminatio-

2046 2812 2198 2853 num.
2248 2794 2306 2850 ln
2339 2795 2516 2864 prima
2557 2793 2988 2851 comminatione
3026 2788 3188 2851 famis
3218 2788 3296 2843 ait
3324 2807 3338 2843 :
3371 2786 3485 2857 Ipsi
3516 2784 3618 2841 soli

2045 2886 2396 2943 salvabuntur
2444 2885 2582 2950 Noe,
2620 2882 2811 2938 Daniel
2855 2892 2905 2941 et
2945 2880 3074 2937 Job.
3112 2880 3172 2934 ln
3218 2878 3458 2937 secunda
3491 2891 3621 2932 vero

2048 2979 2139 3035 ubi
2193 2979 2397 3035 bestias
2451 2976 2830 3033 immissurum
2867 2988 2926 3029 se
2969 2986 3093 3028 esse
3133 2979 3382 3033 testatur,
3430 2969 3525 3025 lilii
3565 2978 3628 3027 et

376 3072 533 3126 Ρονθι
577 3058 672 3114 sed
723 3074 892 3114 unum
929 3076 1130 3130 corpus
1169 3078 1360 3119 omnes
1416 3080 1628 3131 Sumus,
1672 3065 1837 3135 juxta
1890 3066 1941 3120 id
1974 3089 2015 3144 (ς
2050 3071 2173 3127 tiliae
2214 3077 2542 3138 nuncupatas
2578 3075 2727 3122 sunt.
2789 3063 3156 3121 Verumtamen
3193 3061 3296 3130 ipsi
3333 3059 3436 3115 soli
3482 3059 3621 3117 salvi

377 3149 518 3216 quod
553 3149 818 3219 scriptum
845 3160 929 3205 est
950 3152 994 3183 ⁸³
1027 3170 1039 3205 :
1094 3150 1188 3206 Vos
1211 3162 1385 3206 autent
1411 3155 1536 3208 estis
1572 3170 1759 3222 corpus
1785 3154 1938 3212 Chri-

379 3240 467 3304 sti,
511 3248 560 3294 et
600 3240 832 3297 membra
859 3257 923 3297 ex
970 3254 1140 3312 parte.
1189 3243 1255 3298 Et
1307 3244 1555 3299 Salvator
1592 3255 1774 3300 noster
1802 3247 1949 3302 venit

375 3346 619 3399 quaerere
654 3343 708 3389 et
745 3333 959 3390 salvere
1001 3336 1145 3409 quod
1183 3335 1441 3405 perierat,
1498 3337 1552 3391 in
1601 3350 1947 3395 sacramento
1996 3323 2003 3331 ’

375 3424 672 3491 nonaginta
720 3438 913 3479 novem
967 3426 1151 3482 ovium
1195 3443 1302 3483 non
1341 3429 1641 3484 errantium
1681 3437 1737 3484 et
1787 3431 1948 3488 unius

377 3515 622 3587 perditae.
666 3514 815 3573 Venit
837 3518 1026 3588 quippe
1053 3517 1229 3573 Filius
1256 3520 1481 3574 hominis
1507 3537 1741 3592 querere
1756 3531 1807 3576 et
1833 3522 1947 3578 sal—

376 3622 499 3664 vare
523 3607 664 3668 quod
697 3609 926 3676 perierat
950 3608 1017 3662 “.
1047 3608 1333 3675 Quomodo
1371 3611 1516 3665 enim
1546 3628 1716 3667 unum
1747 3629 1949 3684 corpus

377 3699 533 3768 plura
576 3708 703 3754 sunt
748 3715 1009 3771 corpora,
1036 3710 1093 3755 et
1132 3717 1240 3759 una
1273 3704 1392 3758 ovis
1432 3703 1619 3773 plures
1662 3713 1792 3760 sunt
1819 3721 1949 3761 oves

379 3807 503 3855 quis
530 3792 835 3861 perierant,
888 3793 993 3847 hoc
1034 3804 1194 3862 pacto
1239 3807 1431 3849 omnes
1486 3792 1619 3862 Noe,
1659 3793 1853 3850 Daniel
1896 3804 1950 3850 et

378 3879 500 3947 Joh,
530 3882 582 3936 in
618 3898 788 3938 unum
817 3881 952 3947 Noe,
985 3892 1038 3936 et
1064 3881 1186 3953 Job,
1218 3896 1274 3939 et
1302 3884 1579 3941 Danielem
1606 3886 1946 3956 rediguntur.

452 3972 504 4025 7.
545 3970 656 4041 Ipsi
687 3974 742 4026 in
758 3974 981 4044 justitia
1007 3992 1106 4031 sua
1140 3974 1521 4043 salvabuntur,
1564 3976 1695 4030 dicit
1743 3977 1951 4031 Adonei

388 4062 640 4120 Dominus
682 4065 748 4118 δε.
802 4066 962 4122 Prius
1007 4082 1205 4125 nomen
1238 4066 1330 4121 Dei
1375 4052 1611 4137 quatuor
1651 4070 1950 4126 litterarum

376 4165 499 4222 est,
556 4158 702 4227 quod
759 4156 1144 4228 interpretatur
1197 4162 1521 4219 naturaliter
1582 4160 1745 4217 Deus.
1812 4163 1953 4233 Ergo

378 4249 648 4305 omittitur
680 4261 900 4323 propter
939 4261 1156 4321 peccata
1193 4262 1350 4307 terrae
1379 4252 1550 4309 fames
1586 4272 1599 4308 :
1646 4264 1790 4309 terra
1823 4271 1954 4311 vero

381 4342 683 4399 secundum
728 4356 920 4398 ouines
971 4358 1170 4397 sensus
1217 4358 1358 4412 quos
1402 4359 1568 4414 supra
1615 4343 1857 4401 diximus
1894 4356 1951 4400 et

2049 3170 2226 3228 erunt,
2250 3160 2381 3214 dicit
2409 3160 2619 3219 Adonai
2666 3158 2941 3212 Deorinus.
2982 3154 3086 3222 Qui
3130 3154 3286 3210 locus
3330 3150 3620 3222 dupliciter

2050 3250 2386 3322 intelligitur.
2417 3250 2497 3305 Ac
2526 3250 2763 3318 primum
2787 3246 3088 3305 secundum
3112 3256 3461 3299 communem
3493 3255 3623 3297 sun-

2051 3358 2173 3401 sum
2202 3356 2564 3412 exponamus,
2593 3339 2664 3393 ob
2685 3337 3072 3392 nonnullorum
3107 3332 3498 3403 insipientiam,
3519 3329 3621 3400 qui

2051 3449 2274 3492 sensum
2300 3433 2471 3489 animi
2495 3433 2602 3499 sui,
2645 3430 2738 3486 Dei
2765 3444 2887 3485 esse
2921 3435 3177 3484 asserunt
3218 3425 3521 3489 veritatem,
3566 3431 3622 3477 et

2052 3523 2364 3594 frequenter
2393 3523 2612 3576 dicunt:
2634 3518 2880 3572 futurum
2906 3524 2991 3573 est
3018 3528 3078 3570 ut
3103 3510 3481 3583 unusquisque
3516 3525 3618 3565 no—

2051 3626 2226 3672 strnm
2263 3615 2519 3685 precibus
2547 3612 2664 3669 suis
2690 3610 2885 3679 eripiat
2905 3621 3265 3677 quoscunque
3289 3605 3523 3659 voluerit
3553 3602 3622 3656 de

2051 3686 2326 3778 gehenna;
2358 3714 2413 3759 et
2447 3703 2789 3774 iniquitatem
2829 3699 3180 3757 introducunt
3210 3695 3276 3750 ad
3303 3694 3623 3757 Dominum,

2052 3812 2159 3850 non
2173 3795 2418 3849 videntes
2435 3792 2577 3861 quod
2602 3790 2814 3861 iustitia
2835 3787 2971 3858 justi
2986 3799 3149 3854 super
3160 3797 3287 3839 eum
3299 3781 3422 3843 erit,
3439 3788 3497 3834 et
3508 3778 3620 3833 ini~

2052 3886 2235 3957 quitas
2260 3864 2433 3952 iniqui
2463 3897 2623 3950 super
2653 3895 2801 3945 eum,
2834 3886 2890 3934 et
2909 3875 3289 3945 unusquisque
3317 3871 3371 3927 in
3398 3870 3622 3941 proprio

2054 3986 2276 4048 peccato
2289 3974 2632 4037 morietur,et
2644 3970 2696 4025 in
2709 3969 2929 4041 propria
2937 3961 3475 4038 justitiavivetn‘iihil
3488 3961 3625 4014 mihi

2055 4068 2310 4125 conducit
2327 4075 2532 4135 martyr
2548 4073 2724 4133 pater,
2743 4061 2785 4119 si
2805 4074 2914 4114 non
2931 4060 3067 4113 bene
3088 4056 3275 4110 vixero
3289 4062 3345 4108 et
3358 4064 3628 4107 ornavcro

2055 4159 2270 4231 generis
2306 4158 2412 4211 mei
2451 4154 2788 4212 nobilitatem
2809 4191 2825 4216 ,
2855 4150 2961 4204 hoc
2986 4155 3071 4202 est
3101 4143 3473 4202 testimonium
3503 4141 3625 4211 ejus

2054 4250 2216 4321 373
2234 4258 2290 4304 et
2309 4247 2709 4303 confessionem
2737 4256 2846 4311 qua
2870 4239 3173 4294 illustratus
3195 4244 3281 4290 est
3308 4234 3363 4288 in
3380 4233 3620 4290 Christo.

2055 4336 2202 4396 Nihil
2251 4338 2472 4411 prodest
2498 4336 2699 4395 Iudaeis
2725 4334 3032 4390 dicentibus
3049 4331 3092 4364 “
3119 4347 3135 4384 :
3163 4327 3275 4382 Nos
3300 4327 3364 4381 de
3389 4326 3626 4397 fornica-

380 4447 741 4502 quoscunque
763 4433 1134 4504 intelligentia
1170 4436 1480 4493 auditorum
1518 4435 1860 4505 reliquimus,
1892 4448 1952 4493 ut
1982 4437 2025 4495 D
2057 4434 2195 4489 tione
2231 4433 2346 4487 nati
2374 4448 2476 4485 non
2496 4446 2698 4494 sumus,
2728 4443 2893 4482 unum
2923 4435 3126 4495 patrem
3155 4421 3402 4475 habemus
3434 4415 3625 4471 Domi-

381 4539 451 4579 ex
487 4527 690 4581 nostris
731 4526 892 4583 dictis
928 4527 1032 4598 ipsi
1065 4528 1167 4582 sibi
1199 4529 1336 4584 alias
1375 4529 1759 4600 intelligendas
1794 4547 1948 4602 repe-

382 4618 575 4677 rirent.
612 4616 906 4673 Videamus
949 4627 1131 4674 autem
1176 4628 1233 4676 et
1274 4620 1423 4674 aliud
1465 4636 1602 4690 opus
1632 4622 1726 4678 irae
1758 4623 1954 4679 divinat

381 4708 686 4764 cmittentis
721 4707 773 4762 in
806 4717 1008 4769 terram
1042 4711 1398 4780 peccatricem
1430 4712 1639 4771 hcetias'
1665 4713 1951 4783 pessimas.

382 4799 555 4853 Aiunt
583 4802 745 4859 etiam
772 4797 942 4855 Judaei
962 4843 978 4866 ,
1034 4803 1080 4856 si
1119 4803 1339 4872 quando
1369 4803 1480 4874 lupi
1510 4803 1758 4859 homines
1784 4804 1953 4860 devo-

384 4891 630 4946 raverint
679 4891 938 4962 impetum
988 4893 1251 4950 facientes
1293 4896 1348 4950 in
1393 4895 1608 4960 domos,
1643 4904 1703 4950 et
1745 4903 1954 4952 cetera:

382 4983 592 5051 bestiae,
618 4995 677 5041 ut
705 4987 932 5042 historia
966 4987 1133 5042 refert
1159 4988 1346 5043 leones
1370 4988 1645 5057 quondam
1680 4988 1732 5043 in
1753 4987 1950 5044 huma-

388 5095 521 5134 num
571 5096 741 5150 genus
788 5079 1089 5148 immissos,
1139 5088 1194 5134 et
1242 5079 1350 5139 alio
1405 5088 1648 5150 tempore
1694 5096 1857 5141 trusos
1885 5084 1951 5148 °‘,

387 5169 696 5225 istiusmodi
717 5170 1096 5225 devorationes
1123 5185 1189 5225 ex
1212 5168 1306 5225 Dei
1335 5169 1708 5240 indignatione
1727 5171 1957 5227 descen-

388 5260 541 5314 dere.
580 5258 646 5315 Et
685 5260 830 5315 linnc
879 5261 1096 5316 interim
1141 5275 1364 5315 sensum
1407 5269 1468 5315 ut
1498 5276 1793 5331 sequamur
1822 5262 1960 5318 litte-

390 5360 509 5401 ram
546 5347 615 5401 ab
639 5349 822 5404 altiori
856 5349 1133 5405 intellectu
1156 5351 1490 5412 recedentes,
1519 5364 1666 5405 nunc
1686 5350 1843 5421 sequi
1873 5350 1958 5404 vi»

390 5442 585 5499 demus
624 5446 961 5514 prophetam.
1011 5443 1117 5513 Qui
1161 5452 1340 5499 autem
1382 5442 1645 5513 spiritalis
1669 5452 1776 5510 est,
1812 5443 1961 5514 judi-

464 5605 511 5636 ⁶⁰
560 5603 731 5656 Illor.
780 5586 859 5667 iv,
918 5602 1018 5665 lii;
1076 5619 1151 5667 x-I,
1215 5604 1264 5656 l.

2059 4541 2205 4588 num,
2230 4534 2282 4580 et
2305 4533 2427 4593 post
2457 4521 2792 4577 modicum"
2823 4535 2836 4571 :
2862 4514 3125 4572 Abraham
3153 4521 3300 4583 pater
3331 4520 3505 4569 noster
3524 4518 3625 4565 est.

2060 4619 2410 4689 Quaecunque
2442 4615 2697 4676 dixerint,
2723 4625 3059 4682 quaecunque
3086 4609 3189 4663 sibi
3223 4617 3505 4661 assumere
3527 4616 3628 4657 vo-

2060 4710 2278 4774 iuerint,
2303 4707 2352 4763 si
2383 4721 2490 4761 non
2519 4704 2808 4759 habuerint
2843 4703 2999 4757 tidem
3029 4699 3327 4764 Abraham,
3350 4697 3625 4751 incassum

2060 4801 2380 4871 gloriantur.
2410 4796 2597 4869 Neque
2628 4796 2774 4853 enim
2805 4795 2927 4851 ideo
2955 4789 3467 4860 salvabuntur,quia
3499 4794 3629 4840 sunt

2061 4892 2156 4951 lilii
2209 4888 2509 4945 Abraham.
2555 4886 2825 4952 Quoniam
2875 4901 3006 4956 ergo
3059 4884 3281 4956 quidam
3331 4895 3439 4935 non
3483 4886 3629 4932 recte

2060 4985 2375 5054 opinantur,
2402 4980 2710 5035 necessario
2746 4977 3172 5048 interposuimus
3196 4974 3361 5031 etiam
3404 4986 3627 5027 sensum

2059 5076 2251 5133 litterae
2283 5071 2517 5131 dicentis
2540 5089 2555 5125 :
2578 5068 2750 5127 Filios
2770 5079 2821 5124 et
2855 5070 2998 5140 ﬁlias
3027 5083 3132 5122 non
3160 5063 3457 5121 liberabant
3495 5061 3629 5125 Noe,

2067 5166 2253 5221 Daniel
2273 5204 2290 5231 ,
2333 5176 2379 5219 et
2409 5164 2512 5233 Jlab
2533 5204 2548 5227 ,
2572 5165 2662 5219 sed
2689 5164 2791 5233 ipsi
2824 5162 2926 5216 soli
2966 5160 3100 5215 salvi
3127 5166 3303 5213 erunt.
3331 5154 3502 5211 Nemo
3528 5171 3630 5209 no-

2064 5266 2237 5311 strum
2272 5256 2510 5311 confidat
2550 5255 2606 5308 in
2645 5253 2794 5324 justo
2836 5260 3022 5321 patre,
3051 5250 3106 5303 in
3133 5257 3306 5303 matre
3328 5251 3551 5307 sancta,
3575 5242 3632 5296 iu

2068 5349 2324 5404 fratribus
2360 5347 2549 5403 castis.
2593 5344 2796 5401 Beatus
2843 5344 3004 5397 homo
3040 5339 3133 5410 qui
3183 5353 3334 5409 spem
3369 5336 3532 5391 habet
3576 5333 3634 5389 in

2067 5440 2390 5510 semetipso,
2420 5446 2478 5492 et
2518 5437 2574 5493 in
2617 5436 2705 5491 via
2747 5442 2917 5490 recta.
2957 5431 3041 5486 Ad
3073 5445 3169 5485 eos
3215 5437 3396 5485 autem
3447 5426 3542 5495 qui
3574 5425 3635 5481 in

1340 5603 1382 5634 ⁶¹
1432 5600 1609 5656 Galat.
1667 5601 1874 5663 tv,19.

2049 5597 2189 5654 loan.
2222 5612 2343 5658 xm,
2377 5593 2468 5649 55.
2546 5593 2595 5663 ’Ξ
2624 5591 2645 5644 ι
2670 5590 2925 5663 Cortxn,
2976 5588 3068 5644 ‘27.
3144 5585 3190 5618 “
3216 5584 3504 5663 l_._|_ic._sn_r,
3544 5581 3634 5638 10.

395 5676 442 5708 ⁵⁸
476 5653 976 5735 Ειὸςίιξνέιν-,Ἵηξ-
1004 5653 1164 5727 "illi
1198 5653 1328 5740 Reg.
1366 5653 1606 5735 “invii:
1653 5653 1696 5704 άτ
1724 5653 1906 5725 l'l‘e'tr.

2049 5670 2087 5725 l.
2122 5670 2167 5702 “
2199 5666 2263 5723 IV
2292 5653 2426 5736 Reg.
2461 5680 2521 5729 ιι,
2563 5661 2654 5718 23.
2733 5662 2775 5694 θ’
2797 5653 2940 5716 Psal.
2993 5672 3188 5723 tum,
3224 5655 3309 5711 l9.
3369 5653 3416 5687 "
3445 5656 3633 5708 Amos.

398 5761 483 5809 ιιι,
525 5745 610 5799 l2.
717 5743 757 5775 ⁷¹
792 5743 940 5800 Joan.
979 5759 1097 5808 vin,
1124 5744 1211 5799 tl.
1287 5743 1512 5807 "ibid.,
1541 5742 1629 5798 59.
