4140 6426
2083 143 2102 172 Ι

509 290 615 345 703

1689 293 2016 351 ORIGENIS
2057 292 2120 347 ΙΝ
2166 291 2599 350 EZECHIELEM

3665 301 3766 355 7d!

507 415 711 469 sanctis
742 414 995 471 ﬁduciam
1026 416 1248 478 habent,
1284 431 1392 470 non
1425 415 1724 486 incongrue
1756 417 2085 486 proferimus
2114 419 2157 476 Α
2188 413 2268 468 Ad
2329 426 2636 470 extremum
2689 416 2842 472 facta!
2886 426 3014 472 sttnt
3074 418 3122 472 ei
3178 432 3308 473 oves
3359 420 3767 488 quatuordcrnn

507 506 812 573 exemplum
836 508 921 558 ηε
959 505 1276 559 Maledictus
1325 507 1478 561 homo
1518 508 1608 577 qui
1641 524 1783 576 spent
1830 509 1980 562 habet
2033 509 2090 561 in

507 594 730 649 ltominc.
771 595 835 649 Et
872 596 1004 649 illud
1027 595 1114 646 ":
1146 594 1329 648 Nolite
1360 597 1623 666 conﬁdere
1663 599 1716 650 in
1767 598 2084 654 hominibus.

506 684 613 739 Sed
656 696 710 740 et
753 686 898 740 aliud
921 686 965 719 "
997 704 1011 739 :
1044 685 1251 739 Bonum
1303 697 1381 741 est
1427 688 1688 756 conﬁdere
1738 690 1794 743 in
1839 689 2086 754 Domino,

505 789 660 843 quam
703 775 967 842 conﬁdere
1009 776 1062 828 in
1109 777 1456 845 principibus.
1485 777 1640 844 Quod
1674 780 1720 833 si
1755 794 1974 834 necesse
2007 789 2091 834 est

506 868 561 923 in
593 870 777 939 aliquo
811 885 1031 938 Sperare
1053 913 1068 935 ,
1117 873 1373 925 omnibus
1403 871 1678 929 derelictis
1721 889 2003 943 speremus
2035 875 2086 928 in

509 958 771 1021 Domino,
823 959 1066 1016 dicentes
1085 962 1174 1015 τίς
1218 960 1278 1016 Si
1323 966 1651 1017 constiterint
1695 966 1971 1018 adversum
2011 982 2090 1018 me

505 1061 682 1103 castra
707 1092 722 1112 ,
762 1068 864 1104 non
896 1055 1105 1106 timebit
1134 1069 1225 1107 cor
1250 1071 1441 1107 meum.
1473 1055 1609 1108 Cum
1639 1055 1752 1110 haec
1797 1057 1870 1109 ita
1902 1072 1960 1110 se
1990 1055 2088 1109 ha-

508 1143 687 1208 beant,
724 1145 886 1198 etiam
922 1145 1027 1199 alia
1055 1147 1213 1202 nobis
1243 1148 1473 1216 quasstio
1508 1147 1780 1210 oboritur,
1810 1163 1973 1219 quam
1999 1148 2087 1202 di-

509 1232 738 1300 ligenter
758 1235 1022 1290 debemus
1051 1243 1330 1308 excutere,
1365 1247 1420 1290 ut
1449 1237 1853 1306 Scripturarum
1887 1239 2088 1293 veritas

503 1322 798 1378 elucescat.
819 1324 999 1390 Quare
1026 1341 1152 1381 cum
1180 1328 1312 1381 tanti
1347 1329 1456 1381 sint
1482 1328 1636 1397 justi,
1671 1344 1816 1383 nunc
1849 1338 2086 1383 tantum-

506 1412 671 1468 modo
699 1423 810 1470 tres
845 1416 1200 1471 nominantur
1229 1415 1363 1478 Noe,
1393 1426 1448 1472 et
1483 1417 1691 1485 Daniel,
1718 1427 1772 1472 et
1798 1417 1902 1473 Job
1928 1419 2086 1472 ?Au-

505 1503 615 1557 divi
647 1507 922 1573 quondam
952 1521 980 1561 ς
1013 1508 1249 1576 quodam
1299 1507 1524 1562 Hebraeo
1575 1509 1719 1565 hunc
1769 1511 1949 1566 locum
1995 1527 2092 1567 ex-

508 1605 744 1663 ponente
784 1605 948 1667 atque
975 1599 1218 1660 dicente.
1286 1601 1406 1653 ideo
1438 1602 1537 1655 hos
1570 1603 1909 1668 nominatos,
1957 1604 2086 1674 quia

504 1687 884 1758 unusquisque
928 1704 1120 1745 eorum
1156 1691 1257 1744 tria
1305 1701 1546 1761 tempora
1580 1693 1810 1759 viderit,
1863 1693 2082 1760 laztum,

507 1775 660 1830 triste
683 1818 698 1841 ,
733 1786 783 1831 et
813 1793 1030 1832 rursum
1066 1779 1269 1834 LBIIIIII.
1301 1781 1435 1836 Vide
1461 1780 1575 1838 Noe
1606 1793 1734 1839 ante
1769 1784 2035 1841 diluvium
2064 1828 2079 1853 ,
2117 1773 2157 1826 Β

505 1864 792 1919 t-onstdera
820 1867 1085 1921 mundum
1117 1870 1418 1940 integrum;
1451 1879 1506 1925 et
1533 1872 1784 1928 eumdem
1821 1885 1942 1944 post
1976 1875 2088 1930 Noe

503 1952 558 2008 in
605 1956 772 2010 totius
823 1957 975 2012 orbis
1017 1959 1303 2030 naufragio
1335 1963 1512 2016 solum
1549 1979 1674 2018 cum
1701 1964 1818 2020 suis
1865 1966 1990 2021 ﬁliis
2035 1975 2090 2021 et

505 2045 834 2102 animalibus
883 2047 936 2101 in
985 2063 1112 2104 arca
1153 2062 1460 2118 servatum,
1497 2054 1782 2109 considera
1812 2058 2088 2125 quomodo

505 2145 629 2204 post
669 2136 932 2190 diluvium
963 2153 1218 2207 egressus
1257 2143 1361 2207 sit,
1408 2151 1461 2196 et
1507 2144 1828 2212 plantaverit
1848 2141 2084 2212 vineam,

503 2226 910 2294 quodammodo
929 2231 1153 2285 secundi
1176 2247 1370 2287 rursus
1389 2233 1538 2290 orbis
1555 2243 1771 2290 creator
1792 2237 2084 2293 exsistens.

506 2316 655 2374 Talis
683 2328 766 2374 est
789 2320 1000 2388 justus,
1030 2323 1163 2377 vidit
1197 2323 1458 2379 mundum
1487 2337 1612 2380 ante
1655 2326 1951 2392 diluvium,
1984 2327 2088 2383 hoc

504 2419 590 2465 est
620 2420 746 2466 ante
779 2416 1344 2482 consummationem;
1380 2418 1515 2472 vidit
1544 2419 1810 2474 mundum
1847 2422 1899 2475 in
1934 2421 2086 2476 dilu-

502 2503 612 2567 vio,
647 2503 698 2556 in
727 2507 1081 2574 corruptione
1115 2516 1168 2560 et
1202 2508 1255 2561 in
1285 2508 1506 2563 interitu
1537 2520 1882 2578 peccatorum
1914 2555 1928 2578 ,
1964 2528 2088 2583 qua:

503 2595 558 2648 in
590 2596 838 2652 die-sunt
878 2609 1139 2655 eventura
1167 2601 1392 2670 judicii;
1443 2618 1662 2657 rursum
1695 2605 1896 2660 vidi-bit
1926 2622 2087 2661 mun-

501 2687 632 2740 dum
678 2687 733 2741 in
783 2693 1183 2745 resurrectione
1233 2693 1477 2765 omnium
1533 2706 1905 2764 peccatorum.
1945 2697 2087 2754 Dicit

503 2778 636 2830 mihi
673 2779 871 2847 aliquis
901 2798 914 2833 :
951 2781 1204 2837 Concedo
1248 2784 1316 2838 de
1351 2782 1461 2838 Noe
1493 2795 1553 2840 ut
1593 2788 1692 2841 tria
1727 2798 1970 2858 tempora
2006 2791 2089 2845 vi-

502 2869 676 2934 derit,
711 2873 842 2942 quid
893 2876 1247 2943 respondebis
1289 2878 1423 2932 mihi
1467 2878 1534 2932 de
1579 2879 1840 2935 Daniele?
1886 2881 1951 2936 Et
1999 2885 2087 2938 hic

503 2970 631 3015 aute
679 2963 1046 3032 captivitatem
1095 2970 1149 3020 in
1204 2968 1392 3036 patriae
1434 2968 1619 3024 ﬂoruit
1662 2973 1974 3040 nobilitate,
2030 2985 2084 3030 et

2194 505 2393 570 millia,
2428 506 2618 560 cameli
2661 522 2752 560 sex
2785 507 2986 571 millia,
3024 507 3154 578 juga
3187 508 3350 562 boum
3386 510 3565 575 mille,
3600 513 3771 566 asina:

2191 607 2474 664 pascentes
2520 598 2696 660 mille,
2744 608 2800 652 et
2845 610 3148 654 nascuntur
3173 600 3222 654 ei
3263 599 3358 654 ﬁlii
3387 612 3591 670 septem
3622 609 3679 656 et
3705 602 3771 654 ll-

2192 686 2276 741 lite
2297 687 2364 742 ⁸⁸.
2395 686 2572 756 Atque
2601 689 2674 741 ita
2702 697 2756 742 et
2788 689 2838 741 in
2866 687 2970 744 Job
2995 691 3096 744 tria
3131 699 3375 759 tempora
3410 691 3771 760 deprehendi-

2192 781 2352 843 mus',
2389 794 2510 848 qua:
2535 779 2588 833 in
2621 779 2785 848 justis
2828 781 3140 836 hominibus
3169 784 3489 852 reperimus.
3527 781 3654 836 Tria
3689 783 3769 836 vi-

2190 867 2320 921 dent
2353 868 2488 936 justi
2532 879 2814 938 tempora,
2867 886 3138 938 praesens,
3191 882 3245 926 et
3290 874 3770 942 commutationis,

2190 961 2408 1029 quando
2447 962 2794 1031 judicaturus
2833 972 2912 1017 est
2943 963 3115 1029 Deus,
3147 974 3200 1020 et
3227 965 3472 1022 futurum
3523 977 3649 1038 post
3684 985 3772 1022 re-

2190 1049 2585 1104 surrectionem
2620 1061 2987 1116 mortuorum,
3014 1054 3065 1108 id
3097 1066 3180 1110 est
3203 1057 3329 1112 vitae
3371 1059 3612 1112 cmlestis
3643 1074 3770 1128 per-

2193 1140 2508 1208 petuitatem
2546 1142 2598 1195 in
2624 1140 2844 1197 Christo
2874 1142 3001 1198 Jcsu
3031 1163 3043 1198 :
3077 1147 3164 1200 cui
3191 1157 3275 1202 est
3309 1149 3479 1217 gloria
3507 1159 3560 1203 et
3593 1152 3774 1219 impe-

2191 1232 2329 1286 rium
2365 1233 2417 1286 in
2451 1235 2648 1288 saecula
2676 1235 3023 1290 saeculorum.
3051 1238 3247 1294 Amen.

2783 1346 3068 1403 llOMlLlA
3108 1349 3172 1405 V.

2194 1455 2496 1534 De‘eoquod
2519 1469 2744 1534 quatuor
2761 1462 2984 1534 ultiones
3001 1464 3241 1530 pessimae
3257 1464 3349 1524 ’°‘,
3370 1463 3423 1534 id
3439 1476 3512 1518 est
3533 1464 3771 1534 gladius,

2261 1527 2446 1594 fames,
2476 1528 2653 1581 bestia?
2697 1530 2850 1584 mulo:
2881 1541 2928 1584 et
2961 1527 3283 1599 pestilentia,
3314 1527 3638 1587 indm-uritur
3671 1527 3772 1586 su;

2259 1614 2351 1664 per
2394 1608 2594 1674 terrain
2619 1603 2962 1674 peccatricem
2983 1614 3087 1674 ρει
3117 1605 3189 1674 tle
3210 1602 3468 1672 parabolu
3499 1620 3602 1674 qua
3631 1605 3774 1657 dici-

2199 1737 2204 1744 θ
2259 1681 2347 1719 tur
2375 1683 2393 1721 :
2432 1685 2449 1717 ι
2480 1665 2594 1720 Fili
2620 1665 2875 1737 hominis,
2902 1673 3029 1742 quid
3053 1673 3142 1741 ﬁet
3171 1665 3315 1743 ligno
3336 1675 3455 1728 vitis
3474 1665 3552 1731 ί)

2265 1780 2316 1834 1.
2370 1779 2567 1837 Fames
2633 1799 2756 1852 quae
2803 1795 3022 1855 propter
3072 1787 3426 1856 peccatricem
3496 1787 3778 1843 inducitur

2189 1882 2388 1926 terram
2407 1915 2424 1940 ,
2451 1873 2605 1943 juxta
2631 1874 3042 1944 possibilitatem
3081 1887 3391 1930 nostrarum
3421 1879 3622 1932 virium
3655 1879 3778 1934 dis-

2188 1976 2350 2016 cussa
2382 1973 2499 2027 est,
2534 1973 2589 2018 et
2626 1975 2745 2034 post
2789 1965 2987 2020 famem
3023 1965 3092 2021 de
3132 1968 3322 2022 bestiis
3350 1969 3602 2038 pessimis
3629 1971 3781 2025 dixi-

2189 2071 2310 2110 mus
2339 2071 2478 2124 quas
2512 2056 2766 2112 immittet
2794 2057 2938 2114 Deus
2965 2074 3130 2128 super
3155 2070 3489 2130 peccatores.
3520 2061 3777 2128 Quatuor

2187 2145 2332 2200 enim
2381 2134 2618 2202 ultiones
2653 2148 2706 2202 in
2758 2150 3026 2219 principio
3061 2152 3476 2222 proposuimus,
3511 2169 3541 2208 e
3570 2156 3780 2220 quibus

2189 2242 2413 2311 reliquae
2438 2241 2560 2296 dua!
2599 2251 2728 2296 sunt
2761 2243 2827 2298 de
2859 2246 3135 2314 romphtea
3167 2254 3221 2299 et
3263 2246 3330 2300 de
3380 2256 3575 2304 morte.
3613 2246 3680 2301 Et
3716 2249 3775 2303 in

2189 2333 2362 2401 prima
2411 2332 2632 2402 quidem
2667 2334 2901 2388 ﬁliorum
2937 2345 2992 2390 et
3038 2337 3273 2390 filiarum
3324 2352 3523 2392 nomen
3561 2347 3775 2393 tantum

2187 2431 2291 2487 est,
2321 2422 2376 2475 in
2407 2418 2802 2480 secunda'vero
2839 2434 2894 2479 et
2927 2426 3083 2480 tertia
3133 2443 3296 2494 quam
3332 2444 3478 2483 nunc
3506 2444 3781 2485 conamur

2187 2530 2482 2584 exponere,
2506 2515 2743 2571 ﬁliorum
2772 2527 2827 2572 et
2860 2519 3095 2573 ﬁliarum
3134 2536 3332 2574 nomen
3362 2537 3635 2577 annexum
3664 2536 3774 2583 est.

2190 2605 2240 2658 id
2289 2615 2372 2660 est
2419 2606 2471 2659 in
2506 2608 2812 2677 romphaea,
2857 2625 2965 2679 qua
3013 2620 3280 2664 corruunt
3325 2612 3418 2682 qui
3459 2616 3606 2668 caede
3650 2616 3777 2686 ejus

2187 2697 2350 2768 digna
2401 2697 2666 2754 fecerunt.
2704 2699 2839 2765 Quis
2882 2711 2965 2755 est
2996 2717 3127 2772 ergo
3162 2702 3266 2758 iste
3299 2703 3546 2771 gladius,
3579 2706 3630 2759 id
3683 2720 3774 2762 est

2194 2789 2489 2859 romphaza,
2521 2807 2685 2861 quam
2713 2808 2811 2847 nos
2845 2792 3138 2850 formidare
3161 2796 3424 2852 debemus
3452 2815 3520 2853 ne
3550 2801 3775 2869 quando

2190 2881 2436 2936 mittatur
2459 2897 2620 2953 super
2644 2892 2845 2938 terram
2875 2895 3141 2952 nostram,
3180 2905 3344 2959 super
3369 2900 3570 2945 terram
3605 2908 3772 2961 quam

2189 2972 2488 3043 ﬁguraliter
2540 2975 2932 3045 exposuimus,
2999 2986 3058 3031 ut
3127 2989 3179 3033 et
3226 2983 3385 3038 nobis
3440 3000 3660 3039 necesse
3703 2986 3778 3039 sit

505 3051 764 3122 deinceps
789 3055 842 3109 in
873 3054 1205 3127 Babylonem
1230 3060 1527 3115 translatus
1551 3063 1842 3118 eunuchus
1860 3064 2084 3121 eﬂ'ectus
2111 3100 2152 3156 ο
2190 3066 2422 3120 transire
2455 3083 2549 3136 per
2593 3069 2830 3137 gladium
2885 3068 3080 3139 duplex
3113 3072 3316 3141 aliquid
3373 3075 3660 3131 habentem
3717 3078 3775 3133 in

500 3153 624 3209 est,
657 3153 716 3198 ut
765 3146 1056 3202 manifeste
1085 3165 1149 3204 ex
1187 3150 1326 3205 libro
1363 3152 1537 3222 ipsius
1588 3155 1813 3224 intelligi
1865 3166 2076 3226 potest;

503 3234 642 3288 vidit
685 3243 742 3290 et
779 3239 1146 3293 reversionem
1181 3240 1234 3295 in
1265 3239 1589 3298 Jerusalem.
1640 3243 1710 3299 Ut
1740 3255 1921 3303 autem
1955 3263 2081 3319 pro-

502 3323 664 3379 betur
688 3327 832 3396 quod
859 3339 985 3384 ante
1005 3331 1369 3400 captivitatem
1411 3335 1462 3388 in
1489 3333 1791 3392 Jerusalem
1822 3339 2002 3405 fuerit,
2027 3351 2082 3396 et

504 3425 630 3485 post
654 3419 1022 3488 captivitatem
1053 3426 1338 3481 eunuchus
1366 3427 1590 3483 eﬁ‘ectus
1613 3431 1703 3492 sit,
1733 3446 2082 3490 assumamus

503 3505 559 3558 id
599 3509 744 3576 quod
785 3511 853 3563 ad
904 3509 1190 3568 Ezechiam
1239 3517 1443 3571 dictum
1483 3521 1632 3582 ,cst?’
1664 3538 1677 3574 :
1711 3522 1976 3591 Accipient
2018 3527 2082 3578 de

501 3599 634 3668 ﬁliis
665 3603 770 3655 tuis
787 3643 802 3668 ,
827 3613 879 3657 et
908 3604 1103 3674 facient
1141 3609 1398 3677 spadones
1437 3611 1492 3665 in
1515 3613 1671 3668 domo
1696 3617 1853 3684 regis.
1877 3615 2081 3672 Deinde

501 3700 625 3760 post
658 3695 1001 3765 septuaginta
1047 3703 1223 3754 ann‘os
1253 3701 1524 3758 invenitur
1551 3704 1849 3774 deprecans
1884 3705 2078 3775 Deum,

501 3789 562 3834 ut
615 3785 885 3853 completo
925 3786 1038 3854 jam
1079 3796 1322 3859 tempore
1361 3794 1695 3862 captivitatis
1744 3797 2081 3867 ingrediatur

497 3869 820 3930 Jerusalem.
868 3878 1140 3936 Habemus
1185 3884 1488 3940 orationem
1535 3888 1654 3956 ejus
1701 3888 1754 3943 in
1799 3893 2078 3948 volumine

500 3966 720 4034 proprio
749 3971 1114 4042 conscriptam
1143 3973 1210 4037 ⁷⁸,
1253 3991 1354 4032 nec
1394 3986 1572 4033 tamen
1608 3996 1902 4050 possumus
1929 3985 2079 4039 inve-

500 4054 618 4110 nire
652 4057 740 4112 ubi
775 4060 847 4114 sit
879 4073 1149 4120 mortuus.
1182 4063 1332 4121 Vidit
1360 4084 1492 4138 ergo
1528 4071 1629 4125 tria
1661 4081 1903 4141 tempora
1953 4081 2078 4131 ante

499 4147 901 4216 captivitatem,
944 4152 997 4206 in
1046 4153 1355 4222 captivitate
1410 4166 1465 4211 et
1517 4170 1638 4228 post
1682 4163 2072 4230 captivitatem.

499 4233 646 4293 Talis
686 4239 869 4308 justus
900 4252 1002 4298 est.
1052 4246 1345 4304 Videamus
1388 4260 1571 4304 autem
1620 4267 1688 4305 an
1729 4262 1783 4308 et
1821 4253 1925 4310 Job
1973 4258 2073 4312 tria

498 4333 741 4396 tempora
794 4331 1119 4390 habuerit".
1167 4336 1290 4393 Fuit
1339 4340 1560 4409 quidem
1611 4342 2076 4412 locupleszeraut

2187 3155 2382 3221 poma?
2414 3153 2640 3210 Habitus
2673 3158 2874 3226 quippe
2905 3159 3078 3228 ipsius
3109 3161 3271 3229 gladii
3317 3163 3513 3219 dividit
3544 3176 3598 3220 et
3623 3179 3778 3223 secat

2130 3306 2137 3313 ,
2184 3261 2307 3300 eum
2340 3247 2392 3300 in
2415 3262 2576 3316 quem
2607 3248 2839 3302 infertur
2861 3266 2874 3302 :
2895 3249 2941 3303 si
2968 3266 3095 3306 vero
3118 3252 3184 3306 ad
3213 3267 3442 3308 acumen
3474 3257 3610 3311 aciei
3643 3259 3768 3327 ejus

2183 3338 2346 3392 etiam
2380 3347 2555 3393 tactus
2589 3339 2704 3409 ipse
2739 3340 2970 3410 poenalis
3003 3352 3121 3409 est,
3164 3343 3454 3413 dupliciter
3485 3355 3776 3417 torquetur

2183 3427 2275 3495 qui
2314 3429 2416 3484 hoc.
2448 3431 2629 3498 gladio
2650 3431 2962 3501 puniendus
2989 3443 3093 3490 est.
3129 3433 3402 3505 Scriptum
3427 3447 3511 3493 est
3532 3441 3677 3494 enim
3699 3443 3770 3496 ⁸¹;

2185 3515 2385 3571 Statuit
2430 3520 2634 3589 igneam
2685 3521 3040 3592 rontpltteant,
3086 3532 3137 3578 et
3189 3526 3456 3580 cherubim
3503 3531 3776 3586 custodire

2162 3611 2322 3684 riam
2347 3610 2479 3679 ligni
2507 3612 2645 3666 vitw.
2675 3611 2739 3667 Et
2770 3616 3048 3682 quomodo
3064 3614 3230 3688 3⁷4
3256 3619 3300 3671 si
3330 3620 3544 3689 gladius
3573 3636 3773 3680 acutus

2180 3711 2236 3754 et
2279 3702 2520 3758 candens
2564 3703 2830 3759 inferatur
2876 3706 2929 3760 iu
2979 3722 3182 3776 corpus
3208 3749 3224 3775 ,
3267 3710 3539 3782 duplicem
3577 3719 3772 3773 tribuit

2181 3793 2482 3848 cruciatum
2507 3837 2523 3862 ,
2574 3797 2915 3866 adustionis,
2948 3809 3003 3854 et
3037 3802 3201 3858 caedis
3222 3843 3237 3867 ,
3276 3805 3357 3860 sic
3390 3815 3444 3861 et
3491 3810 3768 3878 romphaea

2180 3899 2301 3953 qum
2355 3886 2422 3939 ad
2487 3887 2796 3942 custodiam
2850 3893 3092 3959 paradisi
3143 3903 3346 3950 statuta
3405 3909 3766 3966 memoratur,

2180 3991 2341 4044 quam
2391 3992 2539 4032 nunc
2584 3979 2654 4032 ol)
2701 3983 3099 4050 expositionem
3146 3986 3310 4058 gladii
3346 3992 3630 4058 praesentis
3676 4008 3770 4048 as-

2180 4067 2544 4135 sumpsimus,
2589 4070 2825 4139 duplicia
2875 4075 3040 4129 infert
3070 4085 3375 4142 tormenta,
3413 4081 3543 4135 dum
3583 4085 3768 4141 adurit

2179 4166 2231 4209 et
2258 4157 2467 4212 dividit.
2501 4158 2569 4214 Ut
2601 4170 2783 4217 autem
2819 4169 3190 4223 necessarium
3225 4172 3430 4241 aliquid
3460 4190 3524 4228 ex
3561 4179 3765 4246 quibus

2181 4247 2324 4302 Deus
2375 4265 2595 4304 sensum
2629 4262 2878 4309 nostrum
2913 4257 3184 4314 illuminat
3235 4261 3289 4315 in
3341 4263 3461 4320 loco
3509 4271 3763 4336 przeseuti

2181 4338 2626 4407 inter-ponamus,
2683 4345 2867 4415 accipe
2909 4351 3240 4419 exemplum.
3295 4353 3464 4410 Aiunt
3527 4359 3762 4415 studiosi

500 4419 699 4488 quippe
737 4423 785 4475 ei
829 4439 960 4478 oves
997 4436 1204 4495 septem
1238 4431 1406 4485 mima
1429 4471 1443 4496 ,
1499 4434 1691 4488 cameli
1728 4436 1828 4490 ιι-ίε,
1869 4439 2036 4494 mima
2058 4481 2074 4505 ν
2108 4434 2152 4488 [ι
2183 4429 2522 4486 medicinalis
2554 4430 2856 4504 disciplina:
2887 4439 2952 4491 ad
2981 4441 3246 4508 quasdam
3282 4458 3576 4514 corporum
3598 4465 3762 4504 cura-

494 4511 624 4579 jnga
658 4512 820 4566 boum
844 4515 1138 4584 quingenta
1158 4559 1170 4577 .
1221 4529 1275 4574 et
1299 4523 1537 4591 supellex
1574 4526 1741 4580 multa
1770 4528 1945 4595 valde,
1982 4532 2076 4586 lilii

500 4611 702 4670 septem
725 4645 740 4669 ,
784 4604 906 4660 ﬁliae
944 4616 1078 4660 tres.
1110 4606 1313 4664 Deinde
1358 4613 1564 4682 accepit
1605 4626 1924 4684 potestatem
1957 4621 2079 4677 dia-

498 4694 660 4752 bolus
686 4696 946 4754 adversus
974 4715 1122 4754 eum.
1156 4701 1291 4758 Vide
1334 4714 1574 4776 tempora
1605 4723 1960 4770 commutata.
1989 4716 2078 4771 Di—

498 4806 591 4844 ves
617 4789 668 4842 in
697 4789 883 4846 liberis
913 4801 1065 4862 pater
1090 4805 1311 4864 repente
1337 4798 1506 4854 orbus
1531 4802 1763 4860 edicitur
1792 4823 1806 4859 :
1836 4809 1988 4867 dives
2020 4812 2075 4866 in

497 4898 665 4938 censu
713 4885 971 4941 dominus
997 4929 1010 4948 .
1049 4888 1115 4942 ad
1151 4890 1399 4945 ultimam
1441 4893 1726 4952 deducitur
1754 4909 2069 4970 egestatem.

497 4971 636 5028 Ecce
675 4973 784 5027 duo
823 4984 1087 5044 tempora.
1135 4977 1262 5034 Post
1311 4979 1424 5036 hac
1453 4997 1678 5054 apparet
1705 4987 1754 5041 ei
1791 4986 2070 5061 Dominus,

495 5076 549 5119 et
596 5067 836 5136 loquitur
857 5067 905 5122 ei
938 5069 1005 5123 de
1033 5070 1173 5126 nube
1197 5111 1210 5134 ,
1245 5082 1300 5127 et
1327 5073 1442 5143 ipse
1469 5073 1571 5130 Job
1602 5093 1666 5132 ea
1697 5094 1819 5148 qua:
1851 5093 1978 5136 sunt
2015 5085 2068 5140 in

494 5151 635 5208 libro
668 5154 788 5223 ejus
822 5157 1022 5225 scripta
1074 5161 1370 5228 respondit.
1418 5161 1588 5234 Igitur
1626 5165 1680 5220 in
1720 5169 1899 5236 primo
1936 5180 2070 5226 tem-

495 5259 629 5312 pore
676 5244 770 5300 Dei
818 5247 1073 5304 laudibus
1107 5253 1432 5319 prasdicatur
1467 5273 1480 5308 :
1515 5255 1568 5309 in
1621 5260 1862 5314 secundo
1896 5272 2070 5320 tenta-

491 5337 627 5418 ti_o_ui
670 5339 936 5407 traditur,
990 5351 1045 5395 et
1097 5343 1402 5398 suavissimo
1449 5345 1631 5401 ulcere
1695 5365 1990 5418 percussus
2041 5373 2069 5411 a

491 5413 719 5499 pedibus
743 5447 914 5502 usque
957 5433 1021 5487 ad
1061 5445 1226 5503 caput
1260 5435 1436 5491 tristia
1488 5446 1542 5490 et
1571 5413 1711 5494 dura
1751 5445 2066 5513 perpetitur.

565 5645 613 5676 ’³
639 5644 838 5700 ιιι-τετυ).
863 5661 1004 5704 xvn.
1032 5646 1085 5700 5.
1163 5649 1208 5680 ⁷⁵
1241 5647 1386 5703 Psal.
1418 5665 1576 5710 cxcv,
1605 5650 1658 5704 9..

2179 4519 2355 4575 tiones
2385 4527 2745 4581 necessariam
2775 4544 2897 4586 esse
2921 4545 3029 4586 non
3066 4532 3242 4587 solum
3279 4538 3576 4596 sectionem
3604 4541 3758 4610 ferri,

2175 4627 2364 4667 verum
2393 4615 2556 4670 etiam
2584 4618 2950 4678 ad'ustionem.
2987 4623 3121 4680 Nam
3156 4626 3224 4681 ad
3252 4643 3349 4685 eos
3378 4633 3472 4703 qui
3508 4638 3760 4693 canceris

2174 4712 2399 4761 veterno
2438 4719 2914 4780 computrescunt,
2964 4717 3286 4775 candentem
3330 4724 3448 4780 sive
3482 4730 3762 4785 novaculae

2176 4799 2431 4855 laminam
2478 4803 2593 4858 sive
2635 4805 3002 4877 quodcunque
3049 4813 3353 4869 acutissimi
3403 4815 3531 4873 ferri
3581 4836 3757 4892 genus

2181 4891 2459 4958 adhibent,
2491 4902 2550 4949 ιιι
2582 4911 2678 4964 per
2711 4896 2890 4968 ignem
2918 4901 3126 4957 radices
3153 4909 3400 4963 canceris
3434 4912 3755 4980 evellantur.

2180 4997 2273 5050 per
2305 4984 2624 5040 incisiouem
2652 4998 2831 5043 autem
2865 4993 3082 5060 putrida
3103 5011 3233 5050 caro
3262 5007 3560 5068 truncetur,
3590 5014 3643 5058 et
3670 5007 3758 5062 via

2179 5083 2362 5141 pateat
2408 5077 2866 5138 medicaminibus
2915 5084 3244 5153 injicieudis.
3296 5089 3430 5156 Quis
3464 5102 3623 5162 putas
3651 5113 3760 5152 no-

2177 5176 2349 5221 strum
2373 5171 2650 5236 canceris,
2697 5183 2754 5228 ut
2801 5174 2871 5229 ita
2905 5175 3083 5230 dicam
3109 5220 3123 5244 ,
3162 5180 3325 5235 habet
3358 5183 3536 5240 simile
3563 5201 3758 5256 pecca-

2180 5271 2316 5326 tum,
2364 5271 2423 5316 ut
2451 5278 2557 5316 non
2586 5264 2635 5319 ei
2669 5266 2899 5321 sulliciat
2927 5279 3021 5322 aut
3062 5270 3290 5340 simplex
3342 5290 3573 5332 acumen
3623 5279 3756 5335 ferri

2179 5361 2272 5406 aut
2316 5356 2431 5408 sola
2477 5355 2617 5424 ignis
2649 5358 2901 5423 adustio,
2954 5362 3046 5414 sed
3085 5371 3317 5431 utraque
3367 5367 3754 5438 adhibeantur,

2181 5465 2288 5518 quo
2337 5455 2524 5499 uratur
2568 5458 2623 5500 et
2667 5451 2918 5503 secetur?
2964 5449 3104 5507 Audi
3159 5453 3494 5514 Salvatorem
3547 5461 3758 5519 ratione

1746 5654 1791 5730 3f
1829 5653 1968 5730 Psal.
2012 5672 2189 5721 cxvii,
2225 5655 2278 5710 8.
2347 5658 2399 5730 _""
2427 5654 2590 5730 Psal.
2630 5672 2778 5730 xxvi,
2816 5656 2868 5712 3.
2943 5659 2988 5693 ⁷⁷
3017 5657 3120 5715 lsa.
3166 5676 3371 5730 xxxix,
3407 5662 3457 5719 7.
3534 5663 3580 5697 ⁷³
3613 5663 3754 5725 Dan.

499 5729 579 5770 ιι.
684 5717 726 5749 τ’
756 5715 857 5771 Job
883 5733 921 5772 ι.
999 5718 1045 5749 ⁸ο
1076 5716 1178 5774 Job
1209 5735 1342 5787 χιιι,
1373 5720 1458 5787 l2,
1488 5720 1574 5776 15.
1649 5722 1718 5755 ⁸⁰⁵
1745 5722 1940 5785 Ezech.
1970 5743 2057 5781 xw

2183 5715 2265 5784 ttv.
2343 5727 2383 5759 θ’
2417 5725 2551 5783 ch.
2587 5741 2684 5794 ιιι,
2710 5715 2801 5780 24.
