4140 6438
343 419 444 475 703

1781 394 2070 453 HOMILIA
2113 392 2180 448 ν.

3524 388 3628 444 706

345 533 486 604 ignis
513 541 568 586 et
600 531 728 586 ferri
762 529 816 584 in
848 527 1064 584 duobus
1093 525 1230 579 locis
1262 522 1683 593 significantem.
1730 515 1786 569 In
1821 513 1930 567 alio
1961 516 2007 572 Α
2033 516 2174 562 stum
2208 503 2542 604 reconciliari
2574 502 2702 604 -Deo
2724 543 2740 570 ,
2771 501 3004 604 quidde
3034 502 3145 604 Deo
3175 503 3453 568 causaris,
3496 518 3625 604 cum

345 627 465 682 loco
496 627 573 681 ait
592 627 641 656 '"
681 642 696 679 :
736 622 860 678 Non
899 621 1014 675 veni
1052 620 1260 674 mittere
1297 631 1480 688 pacem
1517 629 1674 683 super
1699 619 1931 672 terram,

344 717 437 774 sed
469 716 729 788 gladium.
761 714 816 767 In
845 713 953 768 alio
991 709 1178 765 vero”
1203 725 1216 760 :
1243 705 1426 778 Ignem
1457 705 1572 758 veni
1606 703 1814 756 mittere
1835 715 1932 752 su-

345 824 439 878 per
493 816 718 864 terram.
765 813 815 858 et
867 803 1073 856 utinam
1117 798 1234 869 jam
1269 796 1507 852 ardeat?
1556 794 1729 864 Igitur
1761 788 1938 846 defert

349 909 644 966 utrumque
675 894 926 952 Salvator
949 934 963 958 ,
993 893 1234 964 gladium
1264 896 1319 945 et
1349 889 1528 958 ignem
1549 928 1565 952 ,
1595 894 1650 940 et
1697 881 1936 952 baptizat

349 1005 472 1061 qua:
533 1004 642 1044 non
704 992 1004 1057 potuerunt
1049 982 1288 1053 Spiritus
1337 977 1509 1035 sancti
1561 972 1937 1047 puriﬁcatione

352 1081 590 1153 purgari.
630 1077 985 1135 Sacramenta
1019 1076 1205 1130 divina
1250 1084 1382 1127 sunt
1427 1081 1482 1125 et
1528 1067 1852 1130 ineffabilia,
1882 1076 1938 1119 et

352 1172 447 1229 soli
493 1171 600 1222 Deo
637 1167 885 1238 cognita,
926 1165 1048 1234 plus
1087 1172 1265 1216 tamen
1318 1160 1376 1214 in
1422 1158 1714 1229 gratiarum
1743 1155 1924 1235 dona-

355 1259 518 1318 tione,
564 1273 724 1327 quam
775 1257 830 1310 in
885 1263 1273 1309 tormentorum
1321 1249 1671 1304 varietatibus
1719 1245 1929 1300 consti-

355 1363 488 1406 tuta.
527 1350 714 1418 Neque
753 1348 897 1402 enim
938 1346 1128 1400 medici
1185 1361 1251 1399 ex
1299 1343 1580 1411 disciplina
1630 1340 1762 1394 artis
1814 1353 1921 1391 sure

356 1439 749 1494 rationabiliter
785 1454 879 1493 eos
916 1438 1110 1506 quibus
1150 1437 1435 1491 medentur
1472 1440 1686 1496 secant,
1731 1437 1920 1490 urunt,

357 1532 595 1600 dantque
623 1530 872 1600 poculum
903 1529 1222 1584 amarissimi
1265 1525 1699 1596 temperamenti,
1727 1523 1919 1576 multa-

355 1638 463 1692 que
493 1623 592 1677 alia
623 1631 784 1694 prout
823 1638 984 1677 causa
1025 1619 1261 1691 postulat
1294 1619 1501 1673 faciunt
1533 1635 1546 1670 :
1576 1618 1720 1670 Deus
1747 1623 1926 1668 autem

359 1713 724 1769 universitatis
765 1714 1025 1768 Dominus
1076 1712 1194 1766 sine
1231 1707 1534 1764 rationabili
1572 1706 1804 1776 quadam
1842 1719 1925 1758 sa-

357 1805 580 1874 pientia,
614 1814 669 1859 et
697 1805 814 1858 sine
843 1801 1246 1873 dispensatione
1282 1801 1441 1870 digna
1481 1797 1777 1867 majestatis
1821 1811 1930 1852 sure

2035 600 2090 654 in
2137 599 2320 654 causis
2363 596 2467 651 sub
2512 595 2867 650 inimicorum
2914 594 3146 663 imperio
3197 610 3321 652 esse
3363 591 3630 650 voluisti?

2033 691 2117 745 An
2154 691 2376 760 ignoras
2407 687 2614 744 idcirco
2646 684 2816 740 Deum
2853 685 2908 739 in
2939 683 3176 756 Egypto
3210 686 3510 741 immisisse
3539 685 3630 740 fu-

2035 795 2238 846 rorem,
2261 788 2315 834 et
2345 783 2504 846 iram,
2525 788 2580 835 et
2604 769 2935 850 angustiam,
2962 777 3362 832 immissionem
3397 794 3494 847 per
3524 794 3625 832 an-

2035 872 2183 943 gelos
2212 870 2504 942 pessimos,
2531 869 2660 939 quia
2689 867 2896 923 inimici
2927 867 3077 922 illius
3110 876 3290 932 erant,
3318 877 3376 922 et
3406 869 3476 921 ab
3505 865 3627 936 ejus

2039 959 2354 1014 adversario
2385 957 2753 1027 regebantur?
2793 955 2991 1010 Procul
3024 966 3204 1008 autem
3236 955 3418 1010 absint
3457 971 3488 1008 a
3523 971 3627 1008 no-

2035 1051 2122 1106 bis
2162 1061 2400 1120 quatuor
2448 1050 2678 1104 istarum
2732 1048 2997 1118 supplicia
3047 1061 3368 1115 pinnarum,
3419 1044 3625 1107 fames,

2035 1141 2223 1196 bestiae
2253 1139 2530 1210 pessimzc,
2562 1138 2796 1209 gladius,
2820 1138 3004 1194 mors!
3036 1136 3314 1206 Quidquid
3350 1135 3496 1191 enim
3528 1138 3628 1190 lio-

2034 1249 2158 1289 rum
2189 1232 2354 1287 fuerit
2395 1232 2606 1286 illatum
2633 1274 2648 1298 ,
2701 1233 2767 1284 ad
2811 1246 2907 1287 eos
2945 1231 3093 1286 venit
3143 1233 3238 1300 qui
3287 1228 3495 1282 inimici
3532 1225 3628 1281 Del

2037 1331 2202 1388 sunt,
2246 1322 2455 1376 amicos
2484 1321 2607 1390 ejus
2636 1321 2912 1389 praeterit,
2964 1334 3141 1389 neque
3187 1333 3381 1373 ausum
3413 1325 3495 1372 est
3535 1333 3634 1371 eos

2036 1415 2352 1484 contingere
2381 1415 2475 1483 qui
2508 1415 2574 1467 de
2601 1412 2722 1481 ejus
2754 1411 3164 1467 necessitudine
3203 1410 3525 1482 gloriantur.
3565 1409 3632 1464 Et

2037 1506 2314 1577 quomodo
2369 1505 2436 1560 de
2497 1504 2622 1574 igne
2672 1505 2810 1558 bene
2873 1503 3138 1558 creditum
3190 1510 3296 1567 est,
3333 1501 3632 1573 Scripturis

2038 1598 2388 1660 testantibus,
2426 1597 2554 1668 quia
2599 1604 2881 1650 transeant
2921 1611 3014 1666 per
3049 1610 3172 1650 eum
3215 1595 3380 1666 justi,
3425 1604 3479 1649 et
3522 1610 3630 1649 non

2039 1689 2474 1747 comburantur:
2511 1687 2936 1757 Uniuscujusque
2972 1687 3114 1740 enim
3154 1702 3284 1756 opus
3321 1684 3477 1756 quale
3519 1687 3631 1753 sit,

2039 1781 2178 1852 ignis
2209 1778 2505 1849 probabit"
2534 1796 2548 1844 ;
2579 1781 2659 1834 sic
2687 1789 2740 1832 et
2777 1777 2832 1832 in
2878 1778 2964 1833 bis
3011 1777 3296 1846 suppliciis
3326 1777 3634 1831 inveniatur

358 1859 548 1965 ᾖωηθδ
568 1859 786 1950 ἰθηωω
831 1859 996 1948 infe-rt
1030 1859 1424 1962 ρροωιοτίδῇε,
1459 1859 1645 1960 Νθρύε
1674 1889 1840 1951 enim.
1871 1897 1929 1942 ιη
1969 1859 2008 1913 Β
2039 1871 2239 1940 aliquis
2287 1869 2499 1938 Daniel,
2533 1867 2648 1926 Noe
2677 1878 2731 1924 et
2755 1867 2880 1935 Job,
2903 1877 2957 1922 et
2979 1868 3114 1922 nihil
3143 1882 3431 1938 poenarum
3467 1868 3636 1924 susti-

358 1987 706 2050 existimant,
745 1986 811 2040 ad
871 1986 974 2039 hoc
1025 1992 1232 2039 tantum
1287 1982 1510 2038 adhibet
1559 1979 1820 2051 supplicia
1874 1988 1932 2032 ut

364 2085 630 2146 torqueat,
674 2077 770 2131 sed
803 2077 956 2147 quasi
997 2086 1151 2146 pater
1176 2077 1279 2132 scit
1304 2076 1528 2132 vulnera
1557 2076 1800 2136 omnium
1830 2090 1933 2129 no-

361 2178 555 2233 strum,
590 2167 691 2223 scit
715 2185 820 2237 qua
847 2183 911 2222 ex
936 2184 1096 2224 causa
1122 2169 1267 2238 quod
1297 2168 1451 2223 ulcus
1476 2176 1664 2223 natum
1689 2167 1780 2230 sit,
1813 2182 1935 2238 quas

360 2251 589 2320 putredo
629 2249 866 2306 infelicis
909 2251 1105 2306 anima:
1155 2266 1218 2304 ex
1261 2265 1372 2321 quo
1408 2252 1643 2306 ducatur
1691 2253 1942 2317 exordio,

356 2340 536 2410 qualis
565 2341 775 2411 species
805 2340 1012 2396 doloris
1061 2357 1129 2398 ex
1160 2357 1271 2412 quo
1319 2351 1542 2413 peccato
1574 2343 1790 2412 veniat;
1842 2347 1945 2400 scit

357 2441 414 2484 et
443 2429 669 2498 formas,
705 2432 922 2500 modos,
949 2442 1002 2488 et
1030 2449 1290 2489 numeros
1315 2443 1689 2504 peccatorum,
1723 2437 1820 2507 qui
1855 2451 1946 2492 se-

354 2521 498 2584 mel,
525 2521 641 2582 bis.
672 2532 864 2592 terque
897 2525 1240 2593 peccaverit,
1271 2525 1365 2594 qui
1413 2526 1466 2579 in
1498 2541 1606 2579 una
1647 2527 1830 2595 specie
1855 2526 1949 2580 de-

354 2612 607 2667 lictorum
639 2628 782 2682 szepe
815 2615 1009 2675 ruerit,
1055 2615 1146 2682 qui
1180 2615 1234 2667 in
1266 2613 1500 2669 diversis
1536 2615 1793 2670 vitiorum
1821 2630 1946 2684 spe-

354 2703 540 2759 ciebus
563 2704 795 2772 singulis
820 2713 1030 2758 tantum
1065 2705 1278 2760 vicibus
1299 2705 1583 2759 erraverit.
1611 2705 1735 2761 Hmc
1761 2707 1947 2764 omnia

357 2811 456 2850 nos
480 2796 636 2864 juxta
671 2796 996 2865 sapientiam
1035 2795 1128 2849 Dei
1161 2812 1426 2865 quaerere,
1483 2799 1785 2854 secundum
1817 2800 1946 2854 illud

354 2891 502 2958 quod
533 2889 798 2957 scriptum
829 2887 1003 2943 est“:
1034 2886 1296 2943 Scrutans
1326 2889 1489 2942 corda
1512 2900 1563 2943 et
1608 2907 1754 2944 renes
1784 2891 1946 2956 Deus,

358 2990 412 3033 et
455 2977 723 3047 supplicia
783 2991 905 3046 qua:
934 2977 1002 3031 ab
1045 2993 1111 3033 eo
1146 2980 1456 3050 irrogantur
1480 2981 1560 3035 sic
1613 2981 1948 3051 intelligere,

359 3068 516 3138 quasi
541 3068 702 3138 digna
731 3066 862 3132 Deo,
891 3079 946 3123 et
968 3071 1349 3125 convenientia
1387 3072 1782 3141 dispensationi
1806 3074 1947 3143 ejus,

358 3175 460 3212 nos
492 3160 641 3224 vult,
676 3174 783 3213 non
819 3160 1200 3215 tantummodo
1229 3161 1485 3216 cruciari.
1520 3161 1716 3218 Omnia
1746 3165 1949 3234 quippe
1977 3196 2022 3254 ρ

363 3251 429 3306 ad
461 3252 565 3306 hoc
597 3251 840 3307 condidit
876 3261 936 3306 ut
966 3263 1184 3317 essent,
1225 3261 1280 3307 et
1311 3254 1582 3309 salutares
1629 3253 1760 3310 fecit
1787 3270 1950 3326 gene-

366 3336 607 3393 rationes
637 3337 863 3402 mundi,
901 3346 956 3392 et
998 3355 1106 3392 non
1153 3348 1239 3395 est
1282 3340 1335 3394 in
1376 3341 1458 3396 eis
1490 3343 1949 3399 medicamentum

359 3427 702 3496 perditionis.
754 3427 858 3483 Sed
924 3431 1054 3500 quia
1110 3431 1256 3501 quod
1312 3432 1402 3486 ille
1453 3434 1626 3489 voluit
1673 3451 1772 3490 nos
1819 3452 1952 3492 con-

355 3520 652 3573 temnendo
687 3534 793 3574 non
847 3520 1107 3585 fecimus,
1137 3531 1191 3575 et
1238 3521 1327 3577 ille
1371 3524 1517 3592 quod
1565 3525 1806 3593 cupierat
1841 3543 1947 3580 non

354 3611 610 3666 exercuit
641 3612 696 3666 in
727 3613 904 3668 nobis.
944 3612 1251 3682 Disputatio
1297 3629 1397 3668 nos
1443 3617 1622 3686 coegit
1650 3625 1707 3670 ut
1744 3617 1949 3688 aliquid

357 3702 427 3755 de
457 3717 744 3771 poenarum
777 3705 959 3774 specie
1005 3706 1316 3761 diceremus
1336 3747 1352 3774 ,
1382 3722 1506 3777 quae
1539 3707 1851 3763 inferuntur
1879 3710 1949 3764 ad

356 3801 583 3847 terram.

428 3884 482 3937 2.
525 3883 796 3942 Debemus
843 3896 1024 3942 autem
1076 3903 1272 3953 nosse,
1308 3889 1437 3958 quia
1478 3903 1586 3943 non
1622 3890 1804 3946 statim
1854 3890 1946 3944 ubi

357 3974 533 4031 fames
564 3975 761 4043 fuerit,
813 3989 1076 4047 sequatur
1101 3989 1156 4034 et
1183 3995 1354 4033 mors.
1385 3978 1571 4035 Potest
1601 3982 1801 4052 quippe
1832 3983 1948 4036 ﬁeri

357 4079 420 4124 ut
450 4069 653 4141 aliquis
681 4071 880 4127 famem
909 4073 1189 4128 sustinens
1216 4084 1525 4143 perseveret
1554 4075 1608 4128 in
1644 4076 1752 4130 vita
1773 4116 1789 4141 ,
1827 4077 1951 4131 licet

356 4163 572 4227 inedia,
623 4175 678 4218 et
708 4165 986 4234 squalore,
1028 4175 1083 4218 et
1135 4165 1312 4220 macie
1352 4165 1732 4222 discrucietur.
1768 4167 1952 4225 P0tcst

358 4254 482 4308 ﬁeri
530 4265 590 4310 ut
631 4255 894 4311 immissis
938 4256 1131 4313 bestiis
1181 4258 1341 4313 malis
1374 4257 1559 4312 statim
1605 4273 1714 4314 non
1758 4275 1949 4317 omnes

358 4358 616 4418 pereant,
663 4349 806 4418 fugas
837 4351 1046 4406 auxilio
1092 4350 1373 4406 reservati.
1423 4350 1608 4406 Potest
1637 4353 1856 4407 evenire
1888 4363 1949 4408 ut

358 4442 600 4497 cadente
629 4444 926 4512 romphaea,
959 4453 1136 4498 cesset
1165 4443 1438 4498 interitus.
1473 4441 1632 4498 Modo
1658 4444 1948 4498 vulneran-

2043 1962 2214 2016 nebit.

2114 2056 2166 2110 5.
2209 2051 2338 2108 Haec
2368 2051 2679 2122 specialiter
2709 2065 2804 2120 per
2829 2048 3046 2119 singula
3076 2047 3341 2118 supplicia
3372 2045 3634 2116 exposui-

2044 2160 2189 2211 mus,
2218 2159 2341 2216 quae
2367 2145 2420 2198 in
2453 2152 2696 2198 extrema
2729 2151 2883 2211 parte
2917 2141 2969 2194 in
2995 2155 3170 2195 unum
3200 2139 3464 2210 prapheta
3495 2153 3634 2194 con-

2044 2235 2294 2302 socians,
2331 2234 2444 2288 ait:
2480 2231 2608 2288 Haec
2639 2233 2771 2286 dicit
2805 2232 3014 2286 Adonai
3049 2229 3340 2286 Dominus:
3369 2229 3429 2286 Si
3459 2244 3637 2285 autem

2044 2337 2274 2397 quatuor
2300 2326 2562 2381 vindictas
2595 2342 2737 2378 meas
2768 2327 3029 2395 pessimus
3057 2325 3382 2394 remp/tatam
3403 2363 3418 2388 ,
3455 2334 3504 2378 et
3553 2325 3638 2391 fa-

2048 2433 2202 2482 mem,
2225 2426 2275 2470 et
2318 2416 2510 2470 bestias
2535 2417 2811 2486 pessimos,
2836 2424 2884 2468 et
2911 2425 3129 2468 mortem
3159 2416 3444 2469 immisero.
3478 2415 3644 2481 Quo?

2046 2507 2164 2564 Non
2195 2526 2358 2578 super
2388 2519 2614 2573 terram,
2643 2507 2738 2562 sed
2770 2522 2928 2577 super
2947 2504 3267 2561 Jerusalem.
3295 2505 3464 2562 Terra
3489 2510 3637 2562 enim

2049 2601 2094 2654 si
2141 2599 2432 2670 puniatur,
2499 2598 2697 2653 sufﬁcit
2737 2597 2789 2652 ei
2840 2613 2946 2652 una
3001 2598 3297 2668 correptio.
3350 2597 3407 2652 Si
3455 2611 3635 2653 autem

2049 2695 2377 2765 corripiatur
2415 2693 2755 2760 Jerusalem,
2801 2709 2965 2763 super
2996 2709 3163 2764 quam
3197 2696 3506 2751 invocatum
3555 2706 3640 2751 est

2051 2801 2249 2840 nomen
2277 2781 2392 2848 Dei,
2419 2794 2654 2855 quatuor
2680 2785 2730 2839 ei
2761 2786 3039 2840 cruciatus
3066 2786 3270 2855 pariter
3297 2785 3636 2844 inferuntur.

2051 2876 2218 2930 Multo
2263 2877 2424 2931 nobis
2468 2877 2657 2930 utilius
2709 2875 2885 2931 fuerat
2929 2877 3115 2932 divino
3183 2860 3290 2930 non
3342 2877 3641 2933 credidisse

2053 2965 2316 3024 sermoni.
2352 2981 2517 3036 quam
2549 2959 3073 3036 post-credulitatem
3107 2967 3288 3021 adhuc
3320 2982 3538 3022 rursum
3571 2969 3638 3024 ad

2055 3068 2278 3130 peccata
2313 3059 2559 3113 converti
2607 3073 2729 3128 qua:
2764 3068 2889 3113 ante
2931 3060 3310 3114 commisimus
3327 3059 3392 3111 ³⁸.
3439 3059 3639 3116 Consi-

2055 3151 2184 3205 dera
2226 3149 2374 3205 enim
2418 3152 2693 3219 quomodo
2727 3147 3013 3220 Scriptura
3048 3165 3211 3220 super
3245 3160 3448 3206 terram
3492 3154 3574 3223 sig
3597 3154 3642 3209 i-

2057 3244 2205 3297 l.itim
2237 3242 2502 3312 supplicia
2537 3242 2684 3296 dicat
2716 3241 2942 3307 inferri,
2990 3251 3044 3296 et
3076 3257 3183 3297 non
3210 3252 3450 3313 apponat
3475 3260 3638 3314 quam

2056 3348 2286 3402 terram;
2319 3336 2539 3406 quando
2574 3350 2705 3390 vero
2739 3335 2805 3390 ad
2853 3334 3155 3391 Jerusalem
3209 3335 3371 3407 375
3411 3339 3636 3394 veniat:

2055 3429 2113 3482 Si
2146 3438 2322 3483 autem
2369 3439 2420 3482 et
2451 3438 2682 3498 quatuor
2722 3429 2979 3482 vindictas
3013 3444 3155 3483 meas
3183 3431 3438 3498 pessimus
3458 3474 3472 3495 ,
3504 3449 3640 3486 rom-

2052 3521 2258 3588 p/taeant
2282 3557 2300 3584 ,
2341 3529 2389 3572 ct
2439 3519 2635 3587 [amem
2660 3558 2675 3581 ,
2707 3530 2754 3572 ct
2800 3519 2992 3572 bestias
3021 3521 3277 3587 pessimus
3299 3562 3314 3587 ,
3342 3533 3390 3574 et
3420 3534 3640 3577 mortem

2053 3598 2320 3666 immisero
2363 3613 2420 3664 in
2462 3610 2802 3675 Jerusalem;
2850 3625 2953 3666 nos
3002 3597 3254 3666 indicans
3298 3609 3635 3679 Jerusalem,

2053 3706 2148 3776 qui
2197 3713 2490 3776 peccantes
2538 3704 2759 3774 quidem
2792 3720 2895 3759 nos
2933 3702 3237 3760 Jerusalem
3288 3720 3481 3762 sumus
3515 3723 3640 3778 qua:

2053 3797 2386 3861 destruitur;
2421 3796 2475 3849 in
2507 3795 2793 3866 prteceptis
2822 3811 2950 3850 vero
2976 3803 3381 3864 permanentes,
3407 3793 3636 3854 Jerusa-

2056 3887 2158 3942 lem
2213 3888 2451 3942 dicimur
2495 3901 2619 3957 quaa
2661 3887 2921 3943 salvator.
2969 3885 3172 3944 Omnes
3217 3887 3638 3945 lamentationes
3701 3911 3704 3915 ·

2053 3995 2192 4050 quas
2243 3979 2478 4050 legimus
2526 3979 2580 4034 in
2644 3977 2978 4042 J.-rusalem,
3043 3995 3236 4035 omnes
3279 3979 3638 4050 querimoniae

2053 4070 2255 4140 quibus
2303 4085 2422 4125 eam
2466 4069 2672 4140 plangit
2722 4068 2895 4136 Deus,
2941 4069 3008 4124 ad
3061 4084 3162 4125 nos
3210 4071 3484 4140 pertinent
3537 4071 3633 4140 qui

2053 4162 2394 4232 gustavimus
2426 4177 2734 4216 sermonem
2759 4159 2873 4225 Dei,
2909 4169 2963 4214 et
2994 4169 3180 4230 postea
3213 4161 3484 4216 mandatis
3513 4162 3634 4232 ejus

2053 4251 2327 4306 contraria
2376 4249 2628 4306 fecimus.
2674 4248 2794 4304 Non
2843 4250 3096 4319 plectitur
3156 4249 3465 4306 Salomonis
3505 4253 3632 4322 jura

2053 4354 2448 4408 contemnens,
2485 4358 2593 4396 non
2641 4344 2723 4398 sic
2749 4343 2973 4413 punitur
3015 4341 3247 4414 Lycurgi
3298 4343 3432 4398 scita
3468 4345 3634 4399 destio

2055 4445 2234 4489 tuens.
2263 4432 2422 4487 Aliud
2455 4433 2782 4502 supplicium
2811 4442 2894 4488 est
2920 4433 3041 4504 ejus
3066 4434 3159 4504 qui
3191 4434 3360 4502 legem
3393 4432 3489 4489 Dei
3536 4450 3632 4505 per

356 4543 450 4588 tur
481 4534 703 4605 quidam
745 4544 800 4590 et
845 4543 1135 4599 secantur,
1167 4543 1346 4602 estut
1387 4535 1459 4589 ita
1490 4535 1668 4590 dicam
1695 4576 1712 4602 ,
1743 4536 1947 4592 crebris
1984 4538 2024 4592 ι)
2057 4527 2274 4598 Moysen
2326 4525 2581 4580 traditam
2646 4527 2935 4582 conculcat
2979 4534 3035 4580 et
3077 4525 3338 4596 despicit;
3393 4529 3632 4586 maxima

359 4626 562 4680 ictibus
588 4625 1016 4693 confodiuntur,
1062 4641 1162 4682 nec
1223 4637 1406 4682 tamen
1453 4636 1701 4697 pereunt.
1740 4627 1946 4682 Idcirco

359 4733 508 4772 nunc
555 4731 716 4786 poena
745 4717 1042 4772 novissima
1078 4718 1131 4771 in
1159 4720 1628 4773 enumerationem
1658 4733 1943 4788 poenarum

361 4807 560 4863 mortis
593 4807 844 4863 infertur.
889 4807 1200 4863 Istiusmodi
1239 4808 1497 4878 quiddam
1538 4817 1594 4863 et
1634 4808 1946 4864 sacratissi-

360 4914 488 4957 mus
513 4900 810 4970 Apostolus
842 4901 1118 4964 sentiens,
1146 4899 1531 4968 loquebatur"
1563 4918 1578 4956 ε
1610 4897 1944 4956 Nouissimas

360 4994 610 5047 inimicus
635 4993 943 5048 destruetur
971 5009 1135 5060 mors,
1168 4993 1382 5048 audebo
1415 4993 1616 5058 dicere,
1649 4994 1742 5048 sed
1771 4995 1946 5049 novis-

360 5083 527 5138 simus
558 5085 807 5138 inimicus
840 5085 1141 5138 destruetur
1181 5098 1343 5138 mors.
1389 5081 1516 5138 Fuit
1547 5084 1770 5153 quidam
1816 5093 1945 5139 ante

359 5189 592 5232 mortem
644 5177 931 5243 inimicus,
976 5177 1028 5231 id
1077 5183 1164 5231 est
1195 5175 1511 5246 romphaea;
1569 5176 1672 5230 fuit
1717 5176 1940 5246 quidam

359 5277 488 5324 ante
515 5277 745 5324 mortem
768 5269 1023 5323 inimicus
1056 5268 1248 5323 bestia:
1274 5266 1530 5337 pessima:
1552 5283 1566 5331 ;
1592 5267 1697 5320 fuit
1717 5268 1938 5336 quidam

360 5368 490 5414 ante
517 5360 722 5415 bestias
747 5360 1019 5429 pessimus
1049 5357 1327 5423 inimicus,
1360 5357 1556 5413 fames.
1600 5357 1724 5414 Haec
1754 5361 1939 5414 omnia

362 5449 588 5506 inimica
625 5462 765 5506 sunt
804 5451 1086 5522 religionis
1133 5449 1394 5507 inimicis.
1441 5449 1501 5505 Si
1529 5449 1677 5506 enim
1708 5466 1819 5506 non
1856 5452 1940 5507 vis

362 5541 575 5596 amicus
598 5542 713 5596 ﬁcri
739 5541 856 5597 Deo
887 5542 1136 5596 invitanti
1169 5551 1220 5600 te
1243 5543 1310 5597 ad
1340 5541 1863 5606 reconciliationem,
1886 5552 1942 5598 et

362 5631 564 5686 dicenti
610 5648 706 5701 per
748 5627 1073 5702 'Apostolum
1092 5633 1139 5664 “
1177 5649 1192 5686 :
1239 5633 1466 5688 Obsecro
1511 5648 1599 5686 vos
1649 5649 1743 5703 per
1785 5631 1942 5687 Chri-

435 5751 481 5782 ⁸¹¹
509 5749 698 5806 Matth.
733 5765 787 5814 κ,
821 5748 911 5804 54.
988 5731 1034 5810 9"
1061 5747 1194 5803 Luc.
1222 5765 1322 5810 xu,
1355 5748 1444 5804 59.
1501 5748 1546 5780 ⁸⁵
1572 5745 1715 5803 Psal.
1747 5763 1843 5812 vtt,
1871 5747 1956 5801 i0.

367 5813 417 5854 ⁸⁸
451 5822 491 5876 ιι
521 5821 664 5879 Petr.
703 5813 885 5888 I591.
962 5819 1005 5851 ⁸⁵
1034 5817 1262 5886 Heln-.3,
1283 5819 1374 5885 28,
1404 5819 1493 5876 29.
1572 5818 1618 5850 ’°
1646 5818 1776 5874 ibid.

2053 4618 2298 4672 omnium
2342 4629 2426 4673 est
2468 4617 2590 4688 ejus
2618 4633 2776 4689 paena
2816 4617 2910 4688 qui
2942 4627 3210 4688 pracepta
3247 4616 3368 4672 Filii
3409 4617 3504 4673 Dei
3533 4635 3632 4688 pro

2055 4710 2225 4764 nihilo
2271 4710 2508 4765 (luxerit.
2571 4709 2796 4765 Irritam
2845 4712 2984 4764 enim
3040 4712 3158 4779 quis
3223 4710 3423 4778 faciens
3468 4711 3632 4782 legem

2054 4803 2251 4873 Moysi,
2282 4805 2394 4857 sine
2426 4803 2540 4858 ulla
2570 4804 2908 4858 miseratione
2941 4802 3141 4856 duobus
3168 4801 3244 4857 vel
3282 4803 3447 4856 tribus
3476 4804 3632 4857 testi-

2053 4894 2148 4948 bus
2179 4895 2405 4948 moritur
2425 4935 2439 4957 ,
2468 4904 2665 4964 quanto
2709 4896 2879 4964 magis
2907 4895 3111 4964 putatis
3138 4894 3401 4948 deteriora
3429 4895 3633 4964 suppli-

2051 4989 2135 5041 cia
2177 4988 2367 5042 mereri
2409 4987 2565 5041 illum
2614 4980 2708 5058 qui
2757 4984 2965 5040 Filium
3017 4986 3116 5041 Dei
3159 4985 3635 5041 concuti-atterit”?

2051 5078 2115 5134 Hi
2145 5095 2274 5150 ergo
2303 5095 2442 5149 quos
2486 5080 2930 5134 enumeravimus
2977 5077 3174 5132 Filium
3213 5078 3304 5132 1)ςί
3353 5094 3460 5133 non
3493 5094 3631 5133 con-

2049 5171 2435 5231 calcaverunt,
2504 5171 2597 5225 sed
2659 5177 2870 5224 tantum
2922 5168 3094 5238 legem
3153 5166 3246 5223 Dei
3300 5167 3631 5236 transgtessi

2048 5270 2204 5328 sunt,
2265 5260 2614 5330 maximeque
2653 5259 2709 5312 hi
2760 5258 2853 5328 qui
2905 5266 3033 5312 ante
3081 5255 3373 5312 adventum
3415 5255 3633 5310 Domini

2051 5354 2290 5408 luerunt.
2319 5352 2425 5407 Sed
2453 5367 2628 5423 neque
2659 5351 2715 5405 bi
2741 5351 2836 5421 qui
2866 5349 3260 5406 cruciﬁxerunt
3292 5347 3629 5402 Salvatorent

2047 5459 2231 5499 meum
2266 5443 2343 5496 rei
2376 5449 2505 5495 sunt
2531 5440 2768 5510 ingentis
2793 5455 3002 5510 ptenaa,
3048 5439 3190 5494 sicut
3227 5437 3284 5493 hi
3331 5436 3531 5506 quibus
3555 5437 3634 5490 ait

2048 5535 2344 5606 Apostolus
2360 5534 2406 5566 ”
2448 5547 2462 5584 :
2510 5530 2714 5586 Filium
2747 5533 2845 5586 Dei
2878 5531 3227 5595 conculcans,
3260 5529 3477 5598 spiritui
3505 5544 3634 5597 gra-

2049 5631 2137 5684 tia:
2169 5626 2544 5682 contumeliam
2579 5624 2815 5694 faciens;
2845 5633 2900 5679 et
2934 5624 2980 5679 si
3011 5622 3143 5693 qttid
3183 5621 3329 5676 aliud
3360 5619 3637 5689 signiﬁcat

2035 5743 2122 5797 ⁸⁸1
2152 5745 2279 5799 Cor.
2316 5756 2402 5807 xv,
2433 5739 2525 5794 26.
2602 5737 2650 5769 ⁸⁸
2676 5736 2719 5793 ll
2741 5736 2868 5796 Cor.
2897 5754 2950 5804 v,
2981 5736 3072 5792 20.
3150 5736 3193 5769 ⁸⁷
3225 5707 3394 5792 lCor.
3427 5748 3508 5798 l't,
3539 5733 3628 5792 t5.
