4140 6426
512 392 610 450 707

1635 392 1954 449 ORIGENIS
1991 391 2058 448 lN
2095 388 2527 447 EZECHIELEM

3642 397 3746 453 708

513 513 568 566 iu
595 528 662 567 eo
689 511 811 566 loco
840 513 892 566 in
927 528 1036 582 quo
1073 528 1259 567 eorum
1287 523 1502 582 peccata
1549 512 1800 581 replicat,
1828 510 1920 581 qui
1955 517 2076 579 post
2109 512 2149 566 Α
2178 521 2342 574 opera
2384 506 2674 562 necessarii
2709 522 2840 564 usus
2870 510 2936 564 ad
2969 511 3422 581 ministrandum;
3458 513 3525 568 de
3549 513 3748 583 palmi-

512 604 670 657 tidem
698 603 749 656 in
783 603 946 657 Deum
975 613 1355 673 peccaverunt.

583 695 634 746 4.
672 691 794 746 llazc
829 701 1044 761 propter
1079 701 1313 761 quatuor
1358 691 1594 746 ultiones
1641 693 1910 762 pessimas
1957 709 2078 762 qua:

511 783 840 836 inducuntur
865 798 1027 851 super
1053 781 1378 837 Jerusalem.
1427 781 1493 836 Et
1529 797 1722 838 omnes
1745 785 1959 852 quidem
1987 785 2074 854 qui

515 875 802 929 didicimus
835 876 1048 929 divinas
1073 873 1410 944 Scripturas,
1449 878 1560 931 sive
1591 878 1745 940 bene,
1778 878 1891 932 sive
1940 879 2078 932 male

518 967 794 1029 vivamus,
831 965 1130 1020 Jerusalem
1183 982 1395 1020 sumus.
1423 965 1477 1020 Si
1513 969 1651 1022 male
1693 969 1955 1032 vivimus,
1989 970 2076 1022 illa

504 1057 811 1112 Jerusalem
858 1075 979 1128 quae
1031 1060 1364 1115 cruciatibus
1423 1061 1685 1130 punitur,
1751 1073 1803 1115 et
1847 1062 2076 1116 sustinet

507 1160 746 1218 quatuor
793 1151 1060 1214 ultiones;
1105 1150 1150 1201 si
1191 1151 1361 1214 bene,
1406 1151 1496 1203 illa
1520 1149 1818 1206 Jerusalem
1861 1167 1981 1222 quae
2022 1153 2074 1204 in

512 1240 605 1294 Dei
650 1242 774 1296 sinu
825 1243 1135 1310 requiescit.
1197 1245 1263 1298 Et
1291 1253 1374 1300 est
1413 1260 1610 1316 magna
1643 1244 1898 1299 distantia
1932 1254 1990 1297 ut
2024 1245 2074 1297 in

505 1335 715 1402 reliqua
765 1341 941 1396 terra,
989 1335 1068 1390 sic
1116 1345 1172 1390 et
1224 1337 1276 1390 in
1331 1338 1445 1407 ipsa
1490 1336 1814 1392 Jerusalem.
1875 1336 2077 1390 Omnes

508 1427 653 1478 enim
691 1426 780 1493 qui
820 1425 870 1477 in
901 1425 1139 1481 Ecclesia
1185 1436 1498 1497 peccatores
1537 1437 1685 1492 sunt,
1735 1428 1828 1498 qui
1868 1442 2078 1482 sermo-

509 1533 633 1569 nem
661 1515 752 1570 Dei
779 1525 1148 1585 gustaverunt,
1193 1529 1248 1572 et
1284 1521 1759 1590 transgrediuntur
1781 1535 1927 1582 eum,
1965 1536 2076 1573 me-

509 1615 699 1660 rentur
727 1608 1012 1676 supplicia,
1041 1624 1228 1662 verum
1263 1625 1359 1677 pro
1390 1611 1553 1662 modo
1591 1610 1858 1678 graduum
1908 1625 2078 1664 unus-

507 1698 742 1768 quisque
797 1700 1154 1768 torquebitur.
1207 1697 1465 1770 Majorem
1513 1717 1731 1770 pmnam
1777 1702 1942 1755 habet
1983 1702 2075 1771 qui

501 1774 764 1843 Ecclesia:
799 1791 1045 1859 praesidet
1079 1800 1133 1846 et
1154 1791 1438 1862 delinquit.
1479 1792 1674 1847 Annon
1710 1793 1882 1865 magis
1915 1795 2078 1849 mise-

501 1877 798 1932 'rieordiam
858 1890 1200 1949 promeretur
1258 1861 1329 1934 ad
1375 1861 1835 1951 cornparationem
1905 1884 2077 1938 ﬁdelis
2108 1861 2149 1914 Β

510 1969 974 2026 catechumenus?
1006 1969 1125 2026 Non
1161 1972 1334 2040 magis
1363 1973 1521 2028 venia
1547 1974 1744 2043 dignus
1773 1984 1856 2029 est
1882 1975 2074 2040 laicus,

502 2053 555 2112 ‘si
584 2061 648 2112 ad
677 2061 965 2114 diaconum
1019 2062 1372 2118 conferatur?
1407 2080 1623 2118 rursum
1671 2069 2078 2134 comparatione

511 2151 829 2220 presbyteri,
883 2153 1148 2208 diaconus
1196 2156 1406 2209 veniam
1458 2156 1578 2226 plus
1632 2159 1906 2212 meretur?
1947 2159 2078 2226 Quae

512 2251 692 2294 autem
735 2253 1052 2312 sequantur,
1097 2261 1183 2300 me
1223 2255 1435 2301 tacente
1474 2249 1822 2317 cognoscitis.
1869 2251 2076 2305 Idcirco

510 2331 810 2390 formidans
843 2336 1116 2406 judicium
1157 2337 1288 2406 Dei,
1328 2349 1380 2394 et
1407 2349 1530 2395 ante
1565 2342 1752 2396 oculos
1789 2343 1919 2396 mihi
1951 2360 2076 2414 pro-

509 2442 718 2495 ponens
778 2430 930 2483 illum
972 2432 1166 2499 judicii
1218 2433 1462 2487 ordinem
1517 2435 1609 2503 qui
1671 2434 1722 2488 in
1782 2434 2077 2504 Scripturis

505 2516 835 2583 continetur,
888 2521 1144 2574 recordor
1179 2521 1312 2576 dicti
1369 2522 1515 2577 illius
1553 2522 1810 2578 :Pondus
1851 2526 1992 2578 ultra
2031 2536 2078 2578 te

508 2623 568 2660 ne
607 2607 761 2663 leves.
808 2610 910 2664 Sed
957 2621 1009 2665 et
1043 2613 1174 2666 illud
1199 2614 1240 2645 "
1267 2632 1278 2666 :
1309 2612 1435 2667 Noli
1471 2631 1701 2685 quaerere
1740 2617 1855 2684 ﬁeri
1897 2617 2076 2684 iudex,

506 2716 570 2752 ne
605 2717 706 2752 non
735 2701 908 2755 valeas
941 2704 1154 2772 auferre
1179 2707 1507 2776 iniquitates.
1535 2707 1676 2774 Quid
1704 2709 1836 2762 mihi
1859 2711 2077 2779 prodest

505 2791 634 2858 quia
677 2792 825 2860 prior
859 2794 1022 2848 sedeo
1060 2795 1113 2848 in
1155 2798 1412 2852 cathedra
1450 2797 1773 2868 resupinus,
1812 2800 2076 2856 honorem

508 2883 734 2949 majoris
773 2886 1009 2954 accipio,
1041 2901 1140 2940 nec
1166 2902 1391 2956 possum
1427 2889 1626 2944 habere
1667 2890 1928 2962 dignitate
1957 2908 2077 2946 mea

505 2985 670 3039 opera
719 2975 1020 3046 condigna?
1071 2973 1263 3031 Nonne
1312 2979 1507 3049 majori
1559 2996 1718 3049 pugna
1771 2982 2076 3048 cruciabor,

508 3068 635 3130 quia
675 3064 848 3119 honor
888 3066 1022 3135 justi
1069 3068 1204 3122 mihi
1249 3069 1318 3123 ab
1362 3072 1620 3126 omnibus
1659 3072 1918 3138 defertur,
1955 3091 2076 3129 cum

2182 599 2324 654 tibus
2353 609 2532 654 autem
2570 602 2694 657 vitis
2724 617 2832 656 non
2857 603 3032 656 solum
3066 618 3162 658 vas
3186 604 3406 675 aliquod
3430 616 3486 660 et
3524 606 3577 659 in
3605 622 3748 676 opus

2182 690 2309 743 utile
2337 691 2464 760 quid
2496 692 2610 745 fieri
2641 707 2750 746 non
2788 701 2992 763 potest,
3028 694 3122 748 sed
3151 710 3325 764 neque
3358 696 3595 764 paxillus
3621 701 3748 768 qui-

2179 778 2298 833 dem
2346 791 2433 835 est
2475 783 2645 840 utilis.
2691 783 2780 838 Ait
2821 799 2950 851 ergo
2993 799 3174 840 sermo
3225 786 3462 852 divinus,
3508 788 3638 857 quia
3683 799 3746 843 ut

2179 873 2382 940 palmes
2414 873 2538 927 vitis
2572 873 2941 928 honorabilior
2971 876 3031 929 llt
3063 877 3281 931 caeteris
3319 877 3502 947 lignis,
3534 879 3580 934 si
3613 880 3746 936 affe-

2179 973 2263 1016 rat
2292 963 2522 1031 fructus,
2549 967 2628 1020 sic
2663 967 2732 1020 ab
2761 969 3019 1021 omnibus
3047 966 3274 1023 inferior
3295 969 3588 1039 iudicetur,
3613 973 3658 1026 si
3689 973 3743 1025 id

2179 1069 2285 1108 non
2315 1056 2507 1110 habeat
2548 1058 2689 1112 unde
2727 1060 3013 1128 pragcellit,
3054 1069 3216 1129 atque
3248 1061 3303 1114 in
3339 1061 3483 1116 hunc
3521 1065 3745 1118 modum

2179 1157 2274 1198 eos
2325 1147 2416 1214 qui
2463 1147 2654 1201 imbuti
2702 1157 2832 1202 sunt
2873 1149 3105 1219 eloquiis
3163 1149 3255 1203 Dei
3309 1151 3747 1208 honorabiliores

2181 1249 2301 1288 esse
2329 1237 2602 1300 omnibus,
2627 1245 2682 1290 et
2713 1253 3040 1307 quocunque
3072 1239 3234 1292 modo
3265 1241 3317 1293 in
3345 1241 3516 1295 vinea:
3539 1243 3748 1311 positos

2178 1325 2468 1395 dignitate,
2529 1344 2651 1382 cum
2702 1329 2928 1383 atl‘erant
2993 1329 3234 1394 fructus,
3303 1332 3488 1387 botros
3550 1336 3746 1390 salutis

2179 1417 2244 1469 de
2273 1433 2381 1486 qua
2417 1418 2676 1488 scriptum
2705 1430 2787 1474 est
2808 1421 2890 1472 ’δε
2927 1419 3036 1490 Ego
3065 1438 3182 1474 vero
3209 1432 3255 1473 te
3273 1423 3508 1490 plantavi
3536 1424 3742 1477 vineam

2179 1509 2542 1578 fructiferam,
2589 1519 2752 1564 totam
2804 1528 2998 1565 veram.
3037 1511 3101 1565 Et
3133 1513 3261 1566 alibi
3285 1513 3368 1564 “:
3420 1512 3584 1568 Vinea
3628 1514 3745 1568 Do-

2179 1601 2309 1653 mini
2353 1601 2540 1654 domus
2589 1600 2762 1655 Israel
2791 1613 2891 1657 est.
2939 1602 3005 1657 Et
3043 1619 3264 1658 rursum
3291 1605 3376 1658 ’σε
3417 1604 3633 1659 Vineam
3683 1609 3750 1660 de

2179 1691 2412 1761 Egypto
2440 1693 2784 1759 transtulisti,
2805 1703 2859 1747 et
2895 1694 3140 1763 reliqua;
3176 1696 3222 1749 si
3253 1703 3433 1749 autem
3469 1712 3574 1748 non
3601 1707 3752 1750 attu-

2181 1783 2340 1836 lerint
2363 1783 2592 1849 fructus,
2624 1784 2678 1837 in
2703 1793 2911 1839 tantum
2943 1794 3004 1839 ut
3037 1800 3065 1838 a
3097 1784 3204 1840 Deo
3235 1785 3340 1840 diei
3368 1787 3565 1854 possit,
3597 1787 3750 1851 Quo-

2179 1874 2330 1925 modo
2357 1890 2605 1929 conuersa
2634 1893 2688 1930 es
2719 1878 2773 1930 in
2815 1877 3227 1930 amaritudinem
3287 1878 3411 1930 vitis
3453 1880 3643 1932 aliena
3664 1881 3752 1933 '7?

2179 1975 2309 2021 tunc
2353 1969 2525 2023 multo
2567 1971 2873 2024 deteriores
2923 1971 3150 2024 inveniri
3191 1970 3260 2024 ab
3290 1969 3376 2024 his
3409 1970 3592 2040 lignis,
3624 1987 3752 2040 quae

2178 2059 2303 2114 licet
2329 2062 2516 2116 viliora
2549 2063 2678 2126 sint,
2711 2071 2890 2118 tamen
2921 2078 3051 2118 suos
3077 2062 3308 2117 afferunt
3331 2063 3561 2118 fructus.
3593 2064 3752 2130 Quo-

2178 2151 2341 2205 modo
2385 2154 2529 2208 enim
2557 2155 2872 2223 prmeellunt
2911 2155 3056 2224 ligna
3087 2155 3344 2208 silvarum
3379 2156 3568 2209 vineas
3602 2156 3748 2209 infe-

2179 2255 2352 2306 races,
2372 2244 2564 2298 eodem
2599 2245 2757 2297 modo
2788 2245 2926 2298 intra
2962 2244 3254 2313 quamdam
3282 2245 3746 2315 dispensationem

2177 2333 2457 2401 sapientiae
2499 2333 2696 2387 dirime
2734 2348 2800 2387 ex
2837 2334 2998 2403 lignis
3027 2335 3310 2390 vilioribus
3343 2337 3524 2406 aliqua
3557 2338 3749 2392 domui

2179 2424 2486 2478 necessaria
2526 2422 2882 2478 fabricantur.
2947 2423 3130 2494 Neque
3170 2441 3298 2479 vero
3345 2427 3610 2493 turberis;
3645 2445 3754 2498 pu-

2181 2522 2301 2569 tans
2347 2530 2446 2570 nos
2480 2526 2628 2569 extra
2662 2514 2972 2584 Scripturas
3011 2516 3279 2570 allirmare
3311 2518 3457 2587 quod
3487 2518 3749 2577 dicimus.

2180 2603 2420 2658 futurum
2455 2619 2575 2660 esse
2609 2614 2667 2659 ut
2691 2606 2758 2660 de
2791 2607 2949 2676 lignis
2976 2608 3124 2661 silvae
3155 2608 3359 2677 aliquid
3392 2610 3521 2664 utile
3552 2612 3662 2672 ﬁat,
3697 2611 3754 2664 id

2177 2706 2261 2752 est
2288 2697 2356 2751 de
2384 2712 2472 2752 me
2496 2698 2634 2766 ipso,
2655 2699 2700 2752 si
2729 2713 2837 2752 non
2861 2700 3090 2754 atlulero
3108 2701 3354 2770 proprios
3381 2711 3586 2757 natura:
3614 2721 3756 2757 mea:

2180 2786 2424 2853 fructus;
2483 2790 2529 2844 si
2557 2790 2772 2859 quidem
2804 2798 2858 2843 et
2887 2790 3181 2860 Apostolus
3230 2792 3518 2863 imaginem
3553 2811 3753 2864 quam-

2179 2883 2306 2936 dam
2342 2899 2530 2938 eorum
2565 2897 2823 2937 vasorum
2852 2898 2974 2952 quae
3001 2893 3129 2938 sunt
3161 2885 3214 2938 in
3251 2885 3488 2940 humana
3523 2901 3759 2941 conver—

2180 2977 2392 3032 satione
2433 2975 2686 3039 assumit,
2716 2975 2904 3030 dicens
2927 2976 2972 3008 ⁸³
3003 2995 3016 3030 :
3042 2975 3107 3030 In
3152 2993 3345 3045 magna
3380 2988 3556 3032 autem
3594 2978 3757 3032 domo

2181 3085 2283 3122 non
2323 3068 2494 3122 solum
2523 3077 2645 3121 sunt
2665 3083 2788 3120 vasa
2829 3083 2990 3120 aurea
3031 3077 3080 3121 et
3114 3067 3277 3139 376
3305 3070 3677 3139 argentea,sed
3705 3078 3758 3122 et

509 3163 760 3221 peccator
804 3155 946 3209 sim?
982 3156 1359 3215 Necessarium
1401 3161 1503 3217 fuit
1541 3164 1852 3234 diligentius
1900 3179 2072 3222 retra-
2100 3190 2143 3246 ο
2178 3161 2352 3230 lignea
2371 3168 2419 3212 et
2444 3158 2632 3228 ﬁctilia
2655 3160 2805 3228 (uota
2826 3159 2953 3228 quia
2972 3175 3098 3213 vasa
3123 3161 3296 3231 lignea
3316 3162 3760 3231 nuncupaverit).

509 3253 744 3298 ctantem
785 3261 848 3300 ea
881 3263 1002 3316 qua:
1029 3250 1095 3303 de
1127 3261 1363 3319 quatuor
1393 3264 1547 3309 terrae
1589 3256 1886 3314 ultionibus
1927 3261 2074 3316 dicc-

512 3331 732 3394 bantur,
771 3334 822 3388 id
865 3337 1082 3400 addere,
1112 3340 1256 3408 quod
1285 3339 1586 3396 Jerusalem
1624 3347 1823 3415 quippe
1865 3359 1983 3402 erat
2021 3351 2075 3404 in

499 3421 658 3477 'tribu
699 3423 1017 3494 Beniamin;
1067 3437 1122 3506 et
1173 3433 1486 3488 sacerdotes
1537 3437 1752 3506 templi,
1803 3448 1856 3492 et
1885 3438 2083 3496 Levila:

499 3514 604 3582 qui
650 3513 744 3569 Dei
796 3505 1115 3576 ministeriis
1169 3521 1497 3590 serviebant,
1523 3533 1577 3580 et
1632 3505 1811 3582 caeteri
1865 3532 2084 3587 ordines

501 3621 648 3674 quos
677 3605 972 3678 Scriptum
1011 3626 1193 3668 sermo
1234 3617 1674 3685 comprehendit,
1711 3619 1766 3674 in
1808 3635 1871 3676 ea
1904 3639 2084 3677 mora-

497 3698 726 3752 :hanlur.
755 3697 880 3754 Haec
907 3702 1106 3772 accipit
1133 3713 1368 3773 quatuor
1396 3708 1628 3763 ultiones
1655 3711 1942 3778 pessimus,
1964 3729 2086 3782 qua:

509 3805 618 3843 non
659 3799 788 3845 sunt
817 3793 1023 3848 similes
1068 3796 1120 3848 in
1156 3797 1240 3852 his
1270 3799 1364 3867 qui
1402 3799 1454 3851 in
1497 3816 1558 3853 ea
1587 3800 1852 3855 habitant.
1899 3802 2086 3872 Neque

509 3879 652 3933 enim
695 3883 886 3937 eodem
929 3888 1089 3940 modo
1130 3895 1185 3941 et
1230 3888 1297 3942 ad
1330 3893 1625 3959 populum,
1665 3903 1719 3948 et
1762 3895 1828 3949 ad
1872 3895 2085 3951 chitas

511 3974 866 4030 comminatio
912 3976 1186 4046 dirigitur.
1240 3977 1510 4034 lsraelites
1555 3983 1698 4035 enim
1748 3999 1980 4052 peccans
2031 3986 2084 4038 iu

505 4069 870 4126 'lsraelitieum
897 4071 1156 4124 delictum
1206 4071 1434 4126 corruit.
1466 4070 1568 4136 Qui
1592 4082 1771 4125 autem
1804 4073 1978 4142 major
2005 4082 2089 4128 est

503 4162 581 4216 'ab
610 4161 849 4216 Israelita
871 4201 886 4224 ,
923 4171 1132 4230 quanto
1176 4162 1412 4216 nobilior
1441 4161 1607 4216 fuerit
1638 4164 1690 4216 in
1723 4163 1912 4218 ordine
1946 4165 2085 4218 idem

513 4252 728 4307 Levites
757 4261 811 4308 et
841 4253 1098 4307 sacerdos
1124 4292 1139 4316 ,
1188 4260 1337 4306 tanto
1374 4253 1580 4317 maiora
1612 4253 1873 4322 supplicia
1919 4258 2086 4309 susti-

514 4347 681 4400 nebit.
729 4346 787 4398 Si
827 4355 1007 4399 autem
1067 4343 1318 4413 princeps
1361 4345 1703 4398 sacerdotum
1762 4348 2084 4413 peccaverit,

514 4441 644 4495 dicit
675 4439 737 4491 ad
765 4453 886 4492 eum
907 4435 1023 4490 Heli
1051 4437 1412 4490 consacerdos
1436 4451 1568 4489 suus
1589 4438 1662 4488 ":
1689 4436 1748 4490 Si
1781 4437 2085 4508 deliuquens

2183 3260 2231 3303 et
2254 3249 2364 3302 alia
2386 3248 2597 3318 quidem
2627 3250 2680 3301 in
2705 3250 2972 3315 honorem,
3001 3250 3111 3302 alia
3141 3267 3258 3304 vero
3279 3252 3334 3305 in
3357 3251 3758 3306 contumeliam.

2182 3341 2288 3396 ista
2319 3355 2445 3393 vasa
2475 3339 2647 3408 lignea
2676 3355 2796 3408 qua:
2820 3355 2939 3394 esse
2976 3341 3029 3395 in
3057 3357 3247 3412 magna
3277 3343 3440 3396 domo
3462 3343 3762 3412 Apostolus

2184 3434 2459 3500 praedicat,
2495 3448 2600 3485 non
2636 3442 2764 3486 sunt
2798 3433 2935 3488 facta
2974 3435 3042 3489 de
3074 3435 3294 3498 vitibus,
3327 3450 3436 3489 non
3464 3435 3530 3489 de
3556 3437 3760 3505 palmi-

2185 3523 2332 3576 tibus
2375 3523 2693 3581 vinearum,
2746 3524 2839 3577 sed
2882 3541 2946 3578 ex
2990 3525 3110 3579 aliis
3158 3525 3344 3594 lignis,
3391 3541 3512 3594 quae
3547 3526 3762 3580 vilioris

2183 3612 2392 3666 ordinis
2453 3612 2507 3666 in
2571 3613 2883 3670 nemoribus
2939 3615 3419 3672 fructiticaverunt.
3480 3617 3760 3683 Quantum

2183 3717 2316 3773 ergo
2352 3704 2552 3758 malum
2581 3713 2684 3768 est,
2715 3716 2768 3759 et
2793 3708 2952 3773 quale
2985 3706 3276 3762 discrimen
3311 3716 3370 3761 ut
3397 3708 3540 3777 ligna
3575 3724 3764 3778 quon-

2184 3795 2304 3848 dam
2337 3795 2466 3849 vilia
2487 3795 2834 3852 inveniantur
2851 3799 2904 3850 in
2931 3813 3123 3867 magna
3141 3798 3546 3866 patrisfamilias
3570 3801 3760 3864 domo,

2185 3898 2239 3940 ct
2263 3888 2470 3956 palmes
2491 3887 2617 3942 vitis
2643 3904 2776 3943 mea:
2799 3889 3006 3944 inutilis
3031 3889 3084 3942 in
3110 3891 3273 3944 domo
3303 3891 3464 3953 sit,et
3495 3891 3546 3945 in
3577 3892 3758 3961 ignem

2187 3979 2544 4047 projiciatur?
2578 3978 2691 4035 Hoc
2725 3980 2869 4034 enim
2926 3979 3186 4049 scriptum
3226 3989 3327 4046 est,
3356 3981 3486 4050 quia
3519 3995 3761 4035 annuam

2187 4067 2518 4135 putationem
2575 4067 2696 4137 ejus
2748 4079 3037 4124 consumat
3090 4070 3250 4140 ignis.
3321 4069 3445 4124 Haec
3509 4070 3562 4124 in
3621 4069 3763 4123 Eze-

2187 4157 2436 4212 chielem.
2481 4158 2729 4224 Salvator
2752 4173 2882 4213 vero
2919 4159 3083 4229 hujus
3125 4160 3395 4229 parabolae
3443 4176 3662 4215 sensum
3701 4162 3760 4215 in

2189 4248 2484 4320 Evangelia
2518 4250 2590 4304 ita
2625 4253 2959 4320 perstrinxit,
2985 4254 3175 4306 dicens
3198 4255 3244 4284 ὐ
3271 4269 3284 4305 :
3332 4253 3443 4323 Ego
3468 4270 3580 4307 sum
3612 4255 3754 4312 vitis.

2187 4356 2273 4393 vos
2303 4339 2565 4408 palmites,
2589 4339 2752 4394 Pater
2785 4357 2928 4395 meus
2955 4343 3207 4412 agricola.
3247 4342 3463 4397 Omnem
3489 4344 3763 4410 palantem

2187 4431 2276 4500 qui
2301 4431 2354 4483 in
2380 4447 2460 4483 me
2487 4439 2659 4483 manet
2689 4442 2739 4485 et
2769 4435 2998 4500 fructum
3030 4432 3204 4500 ωηεν-ι,
3232 4432 3390 4486 Pater
3416 4449 3557 4487 nteit:
3583 4443 3761 4501 putat,

513 4531 799 4602 peccaverit
841 4531 922 4583 uir
967 4529 1022 4580 in
1051 4528 1241 4593 uirum,
1295 4526 1516 4580 orabunt
1561 4544 1654 4595 pro
1698 4544 1790 4591 eo;
1837 4531 1882 4582 si
1911 4541 2083 4584 autem
2116 4519 2162 4575 Ῑ)
2191 4529 2247 4571 ut
2281 4520 2484 4586 fructus
2523 4519 2748 4587 majores
2791 4521 3017 4588 afferat;
3043 4523 3310 4588 palmitem
3351 4523 3440 4592 qui
3487 4535 3657 4576 manet
3707 4525 3765 4575 in

514 4624 569 4675 in
597 4621 876 4674 Dominum
905 4618 1212 4686 peccauerit,
1239 4618 1355 4685 quis
1386 4617 1556 4669 orabit
1587 4634 1680 4685 pro
1725 4620 1828 4672 eo?
1875 4620 2000 4676 lia-c
2027 4623 2080 4675 in

519 4710 917 4781 expositionem
969 4707 1089 4775 ejus
1139 4705 1428 4772 sermonis,
1459 4723 1568 4776 quo
1607 4709 2083 4764 comminabantur

455 4807 460 4816 ’
515 4815 570 4860 et
602 4804 830 4872 singula:
865 4799 1177 4871 specialiter
1219 4799 1271 4852 in
1303 4799 1656 4867 peccatricem
1695 4809 1890 4855 terram
1926 4803 2085 4855 ultio-

517 4914 634 4958 nes,
667 4906 720 4950 et
755 4895 954 4964 pariter
985 4901 1322 4960 congregatae
1363 4891 1416 4944 in
1455 4891 1725 4947 infelicem
1759 4891 2082 4947 Jerusalem.

589 4988 644 5041 5.
687 4984 980 5038 Videamus
1011 4991 1190 5036 autem
1221 4991 1275 5036 et
1304 4985 1590 5052 sequentia
1617 4983 1929 5054 Scriptura}.
1959 4983 2090 5050 Qua:

518 5094 643 5134 cum
691 5077 744 5129 in
783 5075 1042 5145 parabola
1090 5073 1323 5129 audierit
1387 5077 1678 5144 propheta,
1733 5089 1831 5129 nos
1877 5085 2086 5129 tantum

518 5184 740 5227 sensum
774 5168 1034 5222 debemus
1072 5181 1364 5237 exponere,
1391 5166 1569 5236 ipsum
1613 5166 1911 5220 testimonii
1944 5167 2092 5220 ordi-

520 5278 642 5318 nem
687 5252 1143 5328 derelinquentes,
1178 5267 1232 5313 et
1260 5258 1566 5312 auditorem
1615 5258 1891 5311 mittentes
1922 5257 1988 5311 ad
2024 5258 2087 5311 li-

518 5359 675 5413 brum
695 5354 763 5409 ”.
789 5354 1015 5425 Lignum
1039 5352 1164 5406 vitis
1181 5361 1240 5406 ut
1265 5353 1317 5404 in
1359 5349 1536 5403 fructu
1577 5360 1660 5402 est
1711 5347 2089 5401 honorabilius

504 5435 683 5517 lignis
737 5447 1012 5509 omnibus,
1056 5444 1295 5497 maxime
1351 5442 1434 5494 his
1487 5456 1608 5510 quae
1645 5440 1696 5492 in
1736 5440 1875 5492 saltu
1906 5437 2094 5493 fructi-

523 5543 709 5600 licant,
739 5539 816 5592 sic
845 5537 910 5590 ad
938 5544 1130 5590 caetera
1166 5549 1328 5603 Opera
1365 5532 1612 5586 inutilius
1637 5530 1890 5584 omnibus
1932 5530 2093 5597 lignis

521 5640 624 5684 est.
659 5627 723 5680 Et
753 5626 969 5680 vaseula
1004 5627 1248 5694 (puellam
1281 5631 1508 5694 possunt
1542 5623 1678 5678 ﬁcri.
1710 5634 1762 5675 ct
1798 5621 1849 5674 in
1878 5621 2091 5674 diversa

2193 4625 2272 4662 me
2297 4618 2346 4662 et
2377 4610 2608 4678 fructum
2636 4627 2740 4663 non
2765 4612 2942 4680 a/Tert,
2983 4611 3144 4666 Pater
3189 4629 3332 4668 meus
3360 4614 3578 4678 excidit,
3615 4625 3664 4667 et
3705 4616 3764 4667 in

2191 4702 2362 4770 ignem
2396 4701 2579 4754 mittit.
2615 4700 2778 4756 Vides
2809 4703 3140 4758 vicinitatem
3173 4713 3530 4772 utrorumque
3549 4720 3767 4760 sermo-

2194 4791 2364 4844 num?
2417 4789 2576 4846 Vides
2610 4794 2883 4862 quomodo
2920 4793 3082 4848 Pater
3112 4795 3363 4861 excidat,
3395 4807 3448 4850 et
3482 4797 3536 4848 in
3578 4797 3761 4865 ignem

2190 4884 2397 4951 jaciat?
2456 4881 2567 4939 Nos
2631 4885 2894 4941 insensati
2947 4885 3106 4956 quasi
3170 4886 3488 4958 negligenda
3541 4889 3763 4957 quidem

2197 4971 2477 5041 Scriptura
2507 4972 2599 5038 sit,
2632 4973 2878 5028 nolentes
2923 4988 2986 5028 ea
3014 4974 3224 5028 discere
3247 4988 3371 5042 quae
3405 4973 3563 5027 nobis
3605 4973 3770 5028 incu-

2195 5064 2330 5118 tiant
2362 5072 2587 5128 metum,
2614 5063 2706 5118 sed
2735 5079 2799 5118 ea
2823 5065 3010 5119 audire
3030 5065 3307 5134 cupientes
3328 5080 3450 5133 qua-
3468 5065 3772 5133 prurienti-

2195 5157 2296 5210 bus
2325 5155 2551 5209 auribus
2587 5155 2860 5209 incutiunt
2887 5156 3239 5225 voluptatem,
3288 5156 3516 5209 libenter
3549 5155 3771 5208 audivi—

2197 5265 2318 5304 mus
2355 5265 2478 5319 quaa
2509 5265 2608 5304 nos
2647 5250 2983 5316 subvertant,
3022 5265 3144 5318 qute
3174 5249 3466 5316 decipiant.
3498 5247 3603 5314 Qui
3633 5247 3776 5301 dicit

2193 5342 2442 5410 proximo
2474 5357 2597 5408 suo,
2643 5341 2875 5412 ignoscit
2913 5340 3076 5395 nobis
3120 5348 3337 5409 peccata
3381 5347 3567 5393 nostra
3598 5336 3769 5403 Deus,

2195 5434 2242 5488 si
2275 5435 2492 5504 quidem
2531 5443 2584 5488 et
2621 5433 2674 5486 in
2707 5432 2907 5488 talibus
2932 5431 3290 5486 sacramentis
3319 5429 3577 5494 ludimus,
3603 5429 3773 5483 vicis-

2197 5525 2299 5578 sim
2326 5526 2485 5578 nobis
2513 5525 2847 5594 pollicentes,
2873 5537 3121 5592 mappam
3156 5524 3330 5576 mittet
3354 5520 3516 5576 Deus.
3549 5519 3613 5574 Et
3637 5522 3772 5590 quia

2199 5617 2372 5672 bonus
2404 5626 2519 5679 est,
2553 5626 2610 5671 et
2638 5616 2880 5670 omnium
2915 5626 3134 5684 peccata
3169 5614 3450 5679 dissolvit,
3483 5613 3772 5681 oportebat

594 5742 637 5771 ⁹¹
677 5737 838 5791 Eccli.
891 5754 988 5797 vn,
1024 5723 1096 5791 6.,
1155 5742 1200 5770 θ’
1235 5738 1251 5790 1
1287 5739 1414 5806 lleg.
1467 5754 1526 5796 ιι,
1580 5736 1670 5789 25.
1741 5736 1788 5806 ’_'
1831 5733 2026 5788 Ezech.
2077 5751 2082 5761 ε

2240 5734 2284 5765 ³⁸
2323 5731 2520 5787 Jercm.
2580 5748 2638 5786 μ.
2669 5731 2760 5787 21.
2835 5735 2881 5766 ³³
2911 5731 3015 5788 lia.
3045 5748 3099 5797 v,
3127 5731 3176 5785 7.
3255 5733 3302 5764 “
3332 5731 3670 5791 [δεδιυῖα.
3712 5730 3749 5784 9

524 5808 569 5841 ⁸⁷
606 5807 804 5862 Jeretn.
835 5824 894 5870 ιι,
925 5808 1012 5859 ﬁt.
1090 5809 1135 5841 ’⁸
1164 5809 1206 5860 ll
1231 5803 1390 5861 Tim.—
1411 5824 1468 5872 ιι,
1500 5808 1588 5860 20.
1663 5806 1707 5836 ⁹⁹
1738 5803 1896 5859 Joau.
1928 5820 2026 5870 xv,
2057 5806 2109 5858 5.
