  <div class='ocr_page' id='page_1' title='image "/cluster/home/n/w/nwhite01/storage/ocr_20150623/13:no.3/coo.31924054872910/362.png"; bbox 0 0 4140 6442; ppageno 0'>
   <div class='ocr_carea' id='block_1_1' title="bbox 335 428 437 479">
    <p class='ocr_par' dir='ltr' id='par_1_1' title="bbox 335 428 437 479">
     <span class='ocr_line' id='line_1_1' title="bbox 335 428 437 479; baseline -0.02 -1"><span class='ocrx_word' id='word_1_1' title='bbox 335 428 437 479; x_wconf 63' lang='grc' dir='ltr'><strong>’ξαρ</strong></span> 
     </span>
    </p>
   </div>
   <div class='ocr_carea' id='block_1_2' title="bbox 1741 416 2152 472">
    <p class='ocr_par' dir='ltr' id='par_1_2' title="bbox 1741 416 2152 472">
     <span class='ocr_line' id='line_1_2' title="bbox 1741 416 2152 472; baseline 0 -1"><span class='ocrx_word' id='word_1_2' title='bbox 1741 416 2022 472; x_wconf 67' lang='lat' dir='ltr'><strong>HOMIIJA</strong></span> <span class='ocrx_word' id='word_1_3' title='bbox 2068 417 2152 471; x_wconf 74' lang='lat' dir='ltr'><strong>VI.</strong></span> 
     </span>
    </p>
   </div>
   <div class='ocr_carea' id='block_1_3' title="bbox 3487 421 3585 476">
    <p class='ocr_par' dir='ltr' id='par_1_3' title="bbox 3487 421 3585 476">
     <span class='ocr_line' id='line_1_3' title="bbox 3487 421 3585 476; baseline 0.02 -2"><span class='ocrx_word' id='word_1_4' title='bbox 3487 421 3585 476; x_wconf 74' lang='lat' dir='ltr'><strong>7H)</strong></span> 
     </span>
    </p>
   </div>
   <div class='ocr_carea' id='block_1_4' title="bbox 335 533 3587 608">
    <p class='ocr_par' dir='ltr' id='par_1_4' title="bbox 335 533 3587 608">
     <span class='ocr_line' id='line_1_4' title="bbox 335 533 3587 608; baseline -0.003 -5"><span class='ocrx_word' id='word_1_5' title='bbox 335 564 437 603; x_wconf 89' lang='lat' dir='ltr'><strong>nos</strong></span> <span class='ocrx_word' id='word_1_6' title='bbox 465 545 672 606; x_wconf 87' lang='lat' dir='ltr'><strong>sedere,</strong></span> <span class='ocrx_word' id='word_1_7' title='bbox 704 553 759 598; x_wconf 89' lang='lat' dir='ltr'><strong>et</strong></span> <span class='ocrx_word' id='word_1_8' title='bbox 782 542 1012 598; x_wconf 89' lang='lat' dir='ltr'><strong>sollicito</strong></span> <span class='ocrx_word' id='word_1_9' title='bbox 1043 541 1204 596; x_wconf 90' lang='lat' dir='ltr'><strong>corde</strong></span> <span class='ocrx_word' id='word_1_10' title='bbox 1236 540 1418 596; x_wconf 85' lang='lat' dir='ltr'><strong>dicere</strong></span> <span class='ocrx_word' id='word_1_11' title='bbox 1447 559 1458 593; x_wconf 91' lang='lat'><strong>:</strong></span> <span class='ocrx_word' id='word_1_12' title='bbox 1488 542 1532 593; x_wconf 89' lang='lat' dir='ltr'><strong>si</strong></span> <span class='ocrx_word' id='word_1_13' title='bbox 1563 541 1674 593; x_wconf 89' lang='lat' dir='ltr'><strong>heri</strong></span> <span class='ocrx_word' id='word_1_14' title='bbox 1712 553 1902 608; x_wconf 47' lang='lat' dir='ltr'><strong>pucea.</strong></span> <span class='ocrx_word' id='word_1_15' title='bbox 1938 545 1980 596; x_wconf 76' lang='grc' dir='ltr'><strong>Α</strong></span> <span class='ocrx_word' id='word_1_16' title='bbox 2010 537 2154 606; x_wconf 87' lang='lat' dir='ltr'><strong>quod</strong></span> <span class='ocrx_word' id='word_1_17' title='bbox 2199 535 2251 590; x_wconf 93' lang='lat' dir='ltr'><strong>in</strong></span> <span class='ocrx_word' id='word_1_18' title='bbox 2279 533 2561 589; x_wconf 84' lang='lat' dir='ltr'><strong>Ezechiele</strong></span> <span class='ocrx_word' id='word_1_19' title='bbox 2607 533 2888 587; x_wconf 83' lang='lat' dir='ltr'><strong>admiror?</strong></span> <span class='ocrx_word' id='word_1_20' title='bbox 2931 534 3066 599; x_wconf 83' lang='lat' dir='ltr'><strong>Quia</strong></span> <span class='ocrx_word' id='word_1_21' title='bbox 3121 549 3244 590; x_wconf 91' lang='lat' dir='ltr'><strong>cum</strong></span> <span class='ocrx_word' id='word_1_22' title='bbox 3295 537 3344 592; x_wconf 91' lang='lat' dir='ltr'><strong>ei</strong></span> <span class='ocrx_word' id='word_1_23' title='bbox 3387 535 3587 592; x_wconf 82' lang='lat' dir='ltr'><strong>fuisset</strong></span> 
     </span>
    </p>
   </div>
   <div class='ocr_carea' id='block_1_5' title="bbox 336 629 1910 704">
    <p class='ocr_par' dir='ltr' id='par_1_5' title="bbox 336 629 1910 704">
     <span class='ocr_line' id='line_1_5' title="bbox 336 629 1910 704; baseline -0.008 -10"><span class='ocrx_word' id='word_1_24' title='bbox 336 638 550 703; x_wconf 84' lang='lat' dir='ltr'><strong>vimus,</strong></span> <span class='ocrx_word' id='word_1_25' title='bbox 607 634 772 692; x_wconf 80' lang='lat' dir='ltr'><strong>hodie</strong></span> <span class='ocrx_word' id='word_1_26' title='bbox 824 633 1199 704; x_wconf 72' lang='lat' dir='ltr'><strong>pmnitentiam</strong></span> <span class='ocrx_word' id='word_1_27' title='bbox 1235 647 1480 703; x_wconf 85' lang='lat' dir='ltr'><strong>agamus.</strong></span> <span class='ocrx_word' id='word_1_28' title='bbox 1553 631 1746 684; x_wconf 86' lang='lat' dir='ltr'><strong>Verum</strong></span> <span class='ocrx_word' id='word_1_29' title='bbox 1781 629 1910 683; x_wconf 83' lang='lat' dir='ltr'><strong>huic</strong></span> 
     </span>
    </p>
   </div>
   <div class='ocr_carea' id='block_1_6' title="bbox 339 721 1912 805">
    <p class='ocr_par' dir='ltr' id='par_1_6' title="bbox 339 721 1912 805">
     <span class='ocr_line' id='line_1_6' title="bbox 339 721 1912 805; baseline -0.008 -20"><span class='ocrx_word' id='word_1_30' title='bbox 339 729 548 805; x_wconf 81' lang='lat' dir='ltr'><strong>palmiti</strong></span> <span class='ocrx_word' id='word_1_31' title='bbox 595 727 819 795; x_wconf 83' lang='lat' dir='ltr'><strong>(animal</strong></span> <span class='ocrx_word' id='word_1_32' title='bbox 851 725 1051 796; x_wconf 82' lang='lat' dir='ltr'><strong>quippe</strong></span> <span class='ocrx_word' id='word_1_33' title='bbox 1083 726 1185 791; x_wconf 89' lang='lat' dir='ltr'><strong>est)</strong></span> <span class='ocrx_word' id='word_1_34' title='bbox 1235 725 1328 793; x_wconf 85' lang='lat' dir='ltr'><strong>qui</strong></span> <span class='ocrx_word' id='word_1_35' title='bbox 1378 723 1546 777; x_wconf 87' lang='lat' dir='ltr'><strong>dicit:</strong></span> <span class='ocrx_word' id='word_1_36' title='bbox 1586 721 1787 776; x_wconf 86' lang='lat' dir='ltr'><strong>Potens</strong></span> <span class='ocrx_word' id='word_1_37' title='bbox 1829 729 1912 773; x_wconf 91' lang='lat' dir='ltr'><strong>cst</strong></span> 
     </span>
    </p>
   </div>
   <div class='ocr_carea' id='block_1_7' title="bbox 342 812 1908 888">
    <p class='ocr_par' dir='ltr' id='par_1_7' title="bbox 342 812 1908 888">
     <span class='ocr_line' id='line_1_7' title="bbox 342 812 1908 888; baseline -0.006 -15"><span class='ocrx_word' id='word_1_38' title='bbox 342 821 484 877; x_wconf 88' lang='lat' dir='ltr'><strong>Deus</strong></span> <span class='ocrx_word' id='word_1_39' title='bbox 516 828 571 875; x_wconf 91' lang='lat' dir='ltr'><strong>et</strong></span> <span class='ocrx_word' id='word_1_40' title='bbox 599 821 776 874; x_wconf 88' lang='lat' dir='ltr'><strong>bonus</strong></span> <span class='ocrx_word' id='word_1_41' title='bbox 802 819 1059 888; x_wconf 78' lang='lat' dir='ltr'><strong>agricola,</strong></span> <span class='ocrx_word' id='word_1_42' title='bbox 1092 816 1185 887; x_wconf 89' lang='lat' dir='ltr'><strong>qui</strong></span> <span class='ocrx_word' id='word_1_43' title='bbox 1222 831 1332 870; x_wconf 92' lang='lat' dir='ltr'><strong>non</strong></span> <span class='ocrx_word' id='word_1_44' title='bbox 1367 830 1454 869; x_wconf 90' lang='lat' dir='ltr'><strong>me</strong></span> <span class='ocrx_word' id='word_1_45' title='bbox 1483 814 1717 876; x_wconf 84' lang='lat' dir='ltr'><strong>excidat,</strong></span> <span class='ocrx_word' id='word_1_46' title='bbox 1762 819 1816 865; x_wconf 90' lang='lat' dir='ltr'><strong>et</strong></span> <span class='ocrx_word' id='word_1_47' title='bbox 1855 812 1908 864; x_wconf 93' lang='lat' dir='ltr'><strong>in</strong></span> 
     </span>
    </p>
   </div>
   <div class='ocr_carea' id='block_1_8' title="bbox 341 902 1914 981">
    <p class='ocr_par' dir='ltr' id='par_1_8' title="bbox 341 902 1914 981">
     <span class='ocr_line' id='line_1_8' title="bbox 341 902 1914 981; baseline -0.006 -17"><span class='ocrx_word' id='word_1_48' title='bbox 341 913 516 981; x_wconf 84' lang='lat' dir='ltr'><strong>ignem</strong></span> <span class='ocrx_word' id='word_1_49' title='bbox 550 911 743 974; x_wconf 92' lang='lat' dir='ltr'><strong>mittat,</strong></span> <span class='ocrx_word' id='word_1_50' title='bbox 773 906 1124 978; x_wconf 82' lang='lat' dir='ltr'><strong>respondebit</strong></span> <span class='ocrx_word' id='word_1_51' title='bbox 1169 907 1405 975; x_wconf 80' lang='lat' dir='ltr'><strong>agricola</strong></span> <span class='ocrx_word' id='word_1_52' title='bbox 1436 923 1448 959; x_wconf 93' lang='lat'><strong>:</strong></span> <span class='ocrx_word' id='word_1_53' title='bbox 1480 904 1573 958; x_wconf 90' lang='lat' dir='ltr'><strong>sed</strong></span> <span class='ocrx_word' id='word_1_54' title='bbox 1604 903 1650 958; x_wconf 88' lang='lat' dir='ltr'><strong>si</strong></span> <span class='ocrx_word' id='word_1_55' title='bbox 1679 902 1803 958; x_wconf 83' lang='lat' dir='ltr'><strong>talis</strong></span> <span class='ocrx_word' id='word_1_56' title='bbox 1829 911 1914 956; x_wconf 90' lang='lat' dir='ltr'><strong>est</strong></span> 
     </span>
    </p>
   </div>
   <div class='ocr_carea' id='block_1_9' title="bbox 339 995 1914 1072">
    <p class='ocr_par' dir='ltr' id='par_1_9' title="bbox 339 995 1914 1072">
     <span class='ocr_line' id='line_1_9' title="bbox 339 995 1914 1072; baseline -0.007 -15"><span class='ocrx_word' id='word_1_57' title='bbox 339 1003 548 1072; x_wconf 85' lang='lat' dir='ltr'><strong>palmes</strong></span> <span class='ocrx_word' id='word_1_58' title='bbox 580 1011 638 1057; x_wconf 91' lang='lat' dir='ltr'><strong>ut</strong></span> <span class='ocrx_word' id='word_1_59' title='bbox 670 1001 868 1056; x_wconf 80' lang='lat' dir='ltr'><strong>frustra</strong></span> <span class='ocrx_word' id='word_1_60' title='bbox 905 1002 977 1055; x_wconf 88' lang='lat' dir='ltr'><strong>sit</strong></span> <span class='ocrx_word' id='word_1_61' title='bbox 1009 999 1064 1054; x_wconf 90' lang='lat' dir='ltr'><strong>in</strong></span> <span class='ocrx_word' id='word_1_62' title='bbox 1097 999 1207 1053; x_wconf 89' lang='lat' dir='ltr'><strong>vite</strong></span> <span class='ocrx_word' id='word_1_63' title='bbox 1233 1039 1248 1063; x_wconf 91' lang='lat'><strong>,</strong></span> <span class='ocrx_word' id='word_1_64' title='bbox 1283 998 1531 1068; x_wconf 89' lang='lat' dir='ltr'><strong>nunquid</strong></span> <span class='ocrx_word' id='word_1_65' title='bbox 1581 995 1780 1066; x_wconf 89' lang='lat' dir='ltr'><strong>poterit</strong></span> <span class='ocrx_word' id='word_1_66' title='bbox 1830 1009 1914 1047; x_wconf 91' lang='lat' dir='ltr'><strong>re-</strong></span> 
     </span>
    </p>
   </div>
   <div class='ocr_carea' id='block_1_10' title="bbox 341 1089 1899 1165">
    <p class='ocr_par' dir='ltr' id='par_1_10' title="bbox 341 1089 1899 1165">
     <span class='ocr_line' id='line_1_10' title="bbox 341 1089 1899 1165; baseline -0.006 -16"><span class='ocrx_word' id='word_1_67' title='bbox 341 1095 548 1165; x_wconf 86' lang='lat' dir='ltr'><strong>linqui?</strong></span> <span class='ocrx_word' id='word_1_68' title='bbox 589 1091 781 1148; x_wconf 85' lang='lat' dir='ltr'><strong>Nonne</strong></span> <span class='ocrx_word' id='word_1_69' title='bbox 823 1093 869 1147; x_wconf 93' lang='lat' dir='ltr'><strong>si</strong></span> <span class='ocrx_word' id='word_1_70' title='bbox 913 1092 1238 1153; x_wconf 87' lang='lat' dir='ltr'><strong>dimittatur,</strong></span> <span class='ocrx_word' id='word_1_71' title='bbox 1281 1089 1538 1158; x_wconf 90' lang='lat' dir='ltr'><strong>impediet</strong></span> <span class='ocrx_word' id='word_1_72' title='bbox 1577 1090 1779 1150; x_wconf 83' lang='lat' dir='ltr'><strong>vitem,</strong></span> <span class='ocrx_word' id='word_1_73' title='bbox 1830 1102 1899 1140; x_wconf 89' lang='lat' dir='ltr'><strong>ne</strong></span> 
     </span>
    </p>
   </div>
   <div class='ocr_carea' id='block_1_11' title="bbox 348 1176 1915 1253">
    <p class='ocr_par' dir='ltr' id='par_1_11' title="bbox 348 1176 1915 1253">
     <span class='ocr_line' id='line_1_11' title="bbox 348 1176 1915 1253; baseline -0.005 -17"><span class='ocrx_word' id='word_1_74' title='bbox 348 1197 444 1253; x_wconf 90' lang='lat' dir='ltr'><strong>pro</strong></span> <span class='ocrx_word' id='word_1_75' title='bbox 476 1184 622 1238; x_wconf 91' lang='lat' dir='ltr'><strong>sicco</strong></span> <span class='ocrx_word' id='word_1_76' title='bbox 649 1183 871 1252; x_wconf 88' lang='lat' dir='ltr'><strong>palmite</strong></span> <span class='ocrx_word' id='word_1_77' title='bbox 908 1181 1108 1236; x_wconf 90' lang='lat' dir='ltr'><strong>virides</strong></span> <span class='ocrx_word' id='word_1_78' title='bbox 1141 1190 1193 1235; x_wconf 92' lang='lat' dir='ltr'><strong>et</strong></span> <span class='ocrx_word' id='word_1_79' title='bbox 1224 1177 1499 1235; x_wconf 90' lang='lat' dir='ltr'><strong>fructuum</strong></span> <span class='ocrx_word' id='word_1_80' title='bbox 1536 1178 1743 1232; x_wconf 68' lang='lat' dir='ltr'><strong>feraces</strong></span> <span class='ocrx_word' id='word_1_81' title='bbox 1784 1176 1915 1230; x_wconf 62' lang='grc' dir='ltr'><strong><em>εσυ-</em></strong></span> 
     </span>
    </p>
   </div>
   <div class='ocr_carea' id='block_1_12' title="bbox 346 1271 1915 1344">
    <p class='ocr_par' dir='ltr' id='par_1_12' title="bbox 346 1271 1915 1344">
     <span class='ocr_line' id='line_1_12' title="bbox 346 1271 1915 1344; baseline -0.004 -16"><span class='ocrx_word' id='word_1_82' title='bbox 346 1286 430 1330; x_wconf 88' lang='lat' dir='ltr'><strong>rat</strong></span> <span class='ocrx_word' id='word_1_83' title='bbox 474 1275 768 1344; x_wconf 82' lang='lat' dir='ltr'><strong>palmites?</strong></span> <span class='ocrx_word' id='word_1_84' title='bbox 803 1273 1090 1340; x_wconf 84' lang='lat' dir='ltr'><strong>Quomodo</strong></span> <span class='ocrx_word' id='word_1_85' title='bbox 1149 1271 1292 1328; x_wconf 89' lang='lat' dir='ltr'><strong>enim</strong></span> <span class='ocrx_word' id='word_1_86' title='bbox 1344 1272 1472 1326; x_wconf 91' lang='lat' dir='ltr'><strong>boni</strong></span> <span class='ocrx_word' id='word_1_87' title='bbox 1525 1271 1777 1341; x_wconf 73' lang='lat' dir='ltr'><strong>agricola:</strong></span> <span class='ocrx_word' id='word_1_88' title='bbox 1833 1277 1915 1322; x_wconf 85' lang='lat' dir='ltr'><strong>est</strong></span> 
     </span>
    </p>
   </div>
   <div class='ocr_carea' id='block_1_13' title="bbox 351 1360 1911 1434">
    <p class='ocr_par' dir='ltr' id='par_1_13' title="bbox 351 1360 1911 1434">
     <span class='ocr_line' id='line_1_13' title="bbox 351 1360 1911 1434; baseline -0.006 -11"><span class='ocrx_word' id='word_1_89' title='bbox 351 1367 624 1431; x_wconf 70' lang='lat' dir='ltr'><strong>excidere,</strong></span> <span class='ocrx_word' id='word_1_90' title='bbox 653 1375 708 1421; x_wconf 88' lang='lat' dir='ltr'><strong>et</strong></span> <span class='ocrx_word' id='word_1_91' title='bbox 748 1373 1064 1434; x_wconf 88' lang='lat' dir='ltr'><strong>computare</strong></span> <span class='ocrx_word' id='word_1_92' title='bbox 1104 1379 1227 1434; x_wconf 59' lang='lat' dir='ltr'><strong>qua?</strong></span> <span class='ocrx_word' id='word_1_93' title='bbox 1265 1365 1409 1419; x_wconf 91' lang='lat' dir='ltr'><strong>sicca</strong></span> <span class='ocrx_word' id='word_1_94' title='bbox 1439 1371 1586 1424; x_wconf 85' lang='lat' dir='ltr'><strong>sunt,</strong></span> <span class='ocrx_word' id='word_1_95' title='bbox 1616 1372 1668 1416; x_wconf 93' lang='lat' dir='ltr'><strong>et</strong></span> <span class='ocrx_word' id='word_1_96' title='bbox 1696 1360 1911 1416; x_wconf 85' lang='lat' dir='ltr'><strong>tradere</strong></span> 
     </span>
    </p>
   </div>
   <div class='ocr_carea' id='block_1_14' title="bbox 347 1451 1912 1528">
    <p class='ocr_par' dir='ltr' id='par_1_14' title="bbox 347 1451 1912 1528">
     <span class='ocr_line' id='line_1_14' title="bbox 347 1451 1912 1528; baseline -0.006 -15"><span class='ocrx_word' id='word_1_97' title='bbox 347 1476 401 1513; x_wconf 80' lang='lat' dir='ltr'><strong>tn</strong></span> <span class='ocrx_word' id='word_1_98' title='bbox 442 1474 624 1514; x_wconf 89' lang='lat' dir='ltr'><strong>escam</strong></span> <span class='ocrx_word' id='word_1_99' title='bbox 673 1457 814 1528; x_wconf 81' lang='lat' dir='ltr'><strong>ignis</strong></span> <span class='ocrx_word' id='word_1_100' title='bbox 855 1455 1225 1510; x_wconf 84' lang='lat' dir='ltr'><strong>infructuosos</strong></span> <span class='ocrx_word' id='word_1_101' title='bbox 1273 1470 1487 1521; x_wconf 88' lang='lat' dir='ltr'><strong>ramus,</strong></span> <span class='ocrx_word' id='word_1_102' title='bbox 1541 1455 1621 1509; x_wconf 90' lang='lat' dir='ltr'><strong>sic</strong></span> <span class='ocrx_word' id='word_1_103' title='bbox 1665 1452 1792 1507; x_wconf 88' lang='lat' dir='ltr'><strong>boni</strong></span> <span class='ocrx_word' id='word_1_104' title='bbox 1819 1451 1912 1505; x_wconf 90' lang='lat' dir='ltr'><strong>Dei</strong></span> 
     </span>
    </p>
   </div>
   <div class='ocr_carea' id='block_1_15' title="bbox 354 1545 1912 1614">
    <p class='ocr_par' dir='ltr' id='par_1_15' title="bbox 354 1545 1912 1614">
     <span class='ocr_line' id='line_1_15' title="bbox 354 1545 1912 1614; baseline -0.006 -8"><span class='ocrx_word' id='word_1_105' title='bbox 354 1560 437 1606; x_wconf 88' lang='lat' dir='ltr'><strong>est</strong></span> <span class='ocrx_word' id='word_1_106' title='bbox 459 1550 526 1603; x_wconf 90' lang='lat' dir='ltr'><strong>de</strong></span> <span class='ocrx_word' id='word_1_107' title='bbox 560 1549 816 1602; x_wconf 83' lang='lat' dir='ltr'><strong>omnibus</strong></span> <span class='ocrx_word' id='word_1_108' title='bbox 851 1547 1054 1602; x_wconf 84' lang='lat' dir='ltr'><strong>vitibus</strong></span> <span class='ocrx_word' id='word_1_109' title='bbox 1099 1546 1472 1600; x_wconf 89' lang='lat' dir='ltr'><strong>infructuosos</strong></span> <span class='ocrx_word' id='word_1_110' title='bbox 1511 1545 1762 1614; x_wconf 87' lang='lat' dir='ltr'><strong>palmites</strong></span> <span class='ocrx_word' id='word_1_111' title='bbox 1792 1558 1912 1597; x_wconf 84' lang='lat' dir='ltr'><strong>am-</strong></span> 
     </span>
    </p>
   </div>
   <div class='ocr_carea' id='block_1_16' title="bbox 345 1632 1914 1709">
    <p class='ocr_par' dir='ltr' id='par_1_16' title="bbox 345 1632 1914 1709">
     <span class='ocr_line' id='line_1_16' title="bbox 345 1632 1914 1709; baseline -0.004 -17"><span class='ocrx_word' id='word_1_112' title='bbox 345 1649 558 1708; x_wconf 86' lang='lat' dir='ltr'><strong>putare,</strong></span> <span class='ocrx_word' id='word_1_113' title='bbox 589 1647 642 1692; x_wconf 93' lang='lat' dir='ltr'><strong>et</strong></span> <span class='ocrx_word' id='word_1_114' title='bbox 673 1639 778 1709; x_wconf 83' lang='lat' dir='ltr'><strong>igni</strong></span> <span class='ocrx_word' id='word_1_115' title='bbox 812 1638 1026 1692; x_wconf 88' lang='lat' dir='ltr'><strong>tradere</strong></span> <span class='ocrx_word' id='word_1_116' title='bbox 1071 1637 1125 1690; x_wconf 92' lang='lat' dir='ltr'><strong>in</strong></span> <span class='ocrx_word' id='word_1_117' title='bbox 1155 1635 1536 1705; x_wconf 88' lang='lat' dir='ltr'><strong>perditionem.</strong></span> <span class='ocrx_word' id='word_1_118' title='bbox 1584 1632 1782 1688; x_wconf 84' lang='lat' dir='ltr'><strong>Verum</strong></span> <span class='ocrx_word' id='word_1_119' title='bbox 1815 1647 1914 1686; x_wconf 86' lang='lat' dir='ltr'><strong>nos</strong></span> 
     </span>
    </p>
   </div>
   <div class='ocr_carea' id='block_1_17' title="bbox 343 1721 1916 1798">
    <p class='ocr_par' dir='ltr' id='par_1_17' title="bbox 343 1721 1916 1798">
     <span class='ocr_line' id='line_1_17' title="bbox 343 1721 1916 1798; baseline -0.005 -17"><span class='ocrx_word' id='word_1_120' title='bbox 343 1731 442 1798; x_wconf 91' lang='lat' dir='ltr'><strong>ipsi</strong></span> <span class='ocrx_word' id='word_1_121' title='bbox 481 1745 580 1784; x_wconf 92' lang='lat' dir='ltr'><strong>nos</strong></span> <span class='ocrx_word' id='word_1_122' title='bbox 616 1729 890 1790; x_wconf 89' lang='lat' dir='ltr'><strong>ludimus,</strong></span> <span class='ocrx_word' id='word_1_123' title='bbox 935 1735 989 1779; x_wconf 91' lang='lat' dir='ltr'><strong>et</strong></span> <span class='ocrx_word' id='word_1_124' title='bbox 1021 1724 1228 1793; x_wconf 89' lang='lat' dir='ltr'><strong>decepti</strong></span> <span class='ocrx_word' id='word_1_125' title='bbox 1261 1723 1466 1791; x_wconf 88' lang='lat' dir='ltr'><strong>pariter</strong></span> <span class='ocrx_word' id='word_1_126' title='bbox 1496 1736 1560 1776; x_wconf 90' lang='lat' dir='ltr'><strong>ac</strong></span> <span class='ocrx_word' id='word_1_127' title='bbox 1587 1721 1916 1790; x_wconf 87' lang='lat' dir='ltr'><strong>decipientes</strong></span> 
     </span>
    </p>
   </div>
   <div class='ocr_carea' id='block_1_18' title="bbox 341 1812 1915 1886">
    <p class='ocr_par' dir='ltr' id='par_1_18' title="bbox 341 1812 1915 1886">
     <span class='ocr_line' id='line_1_18' title="bbox 341 1812 1915 1886; baseline -0.003 -16"><span class='ocrx_word' id='word_1_128' title='bbox 341 1822 594 1875; x_wconf 85' lang='lat' dir='ltr'><strong>volumus</strong></span> <span class='ocrx_word' id='word_1_129' title='bbox 621 1818 792 1886; x_wconf 85' lang='lat' dir='ltr'><strong>magis</strong></span> <span class='ocrx_word' id='word_1_130' title='bbox 813 1831 994 1872; x_wconf 88' lang='lat' dir='ltr'><strong>errare</strong></span> <span class='ocrx_word' id='word_1_131' title='bbox 1018 1829 1142 1869; x_wconf 91' lang='lat' dir='ltr'><strong>cum</strong></span> <span class='ocrx_word' id='word_1_132' title='bbox 1166 1813 1419 1882; x_wconf 86' lang='lat' dir='ltr'><strong>plurimis</strong></span> <span class='ocrx_word' id='word_1_133' title='bbox 1446 1827 1610 1881; x_wconf 89' lang='lat' dir='ltr'><strong>quam</strong></span> <span class='ocrx_word' id='word_1_134' title='bbox 1634 1812 1703 1866; x_wconf 86' lang='lat' dir='ltr'><strong>ab</strong></span> <span class='ocrx_word' id='word_1_135' title='bbox 1729 1824 1915 1866; x_wconf 84' lang='lat' dir='ltr'><strong>errore</strong></span> 
     </span>
    </p>
   </div>
   <div class='ocr_carea' id='block_1_19' title="bbox 341 1880 1987 1976">
    <p class='ocr_par' dir='ltr' id='par_1_19' title="bbox 341 1880 1987 1976">
     <span class='ocr_line' id='line_1_19' title="bbox 341 1880 1987 1976; baseline -0.005 -13"><span class='ocrx_word' id='word_1_136' title='bbox 341 1911 583 1966; x_wconf 66' lang='lat' dir='ltr'><strong>converti</strong></span> <span class='ocrx_word' id='word_1_137' title='bbox 607 1953 620 1975; x_wconf 90' lang='lat'><strong>,</strong></span> <span class='ocrx_word' id='word_1_138' title='bbox 671 1924 795 1963; x_wconf 90' lang='lat' dir='ltr'><strong>cum</strong></span> <span class='ocrx_word' id='word_1_139' title='bbox 844 1907 1018 1976; x_wconf 88' lang='lat' dir='ltr'><strong>magis</strong></span> <span class='ocrx_word' id='word_1_140' title='bbox 1057 1906 1106 1959; x_wconf 88' lang='lat' dir='ltr'><strong>id</strong></span> <span class='ocrx_word' id='word_1_141' title='bbox 1154 1919 1397 1973; x_wconf 66' lang='lat' dir='ltr'><strong>quaerere</strong></span> <span class='ocrx_word' id='word_1_142' title='bbox 1430 1905 1727 1960; x_wconf 85' lang='lat' dir='ltr'><strong>debeamus</strong></span> <span class='ocrx_word' id='word_1_143' title='bbox 1767 1903 1910 1972; x_wconf 91' lang='lat' dir='ltr'><strong>quod</strong></span> <span class='ocrx_word' id='word_1_144' title='bbox 1948 1880 1987 1932; x_wconf 67' lang='grc' dir='ltr'><strong><em>Β</em></strong></span> 
     </span>
    </p>
   </div>
   <div class='ocr_carea' id='block_1_20' title="bbox 343 1996 1914 2069">
    <p class='ocr_par' dir='ltr' id='par_1_20' title="bbox 343 1996 1914 2069">
     <span class='ocr_line' id='line_1_20' title="bbox 343 1996 1914 2069; baseline -0.005 -13"><span class='ocrx_word' id='word_1_145' title='bbox 343 2002 604 2062; x_wconf 81' lang='lat' dir='ltr'><strong>:editicet,</strong></span> <span class='ocrx_word' id='word_1_146' title='bbox 641 1999 786 2069; x_wconf 91' lang='lat' dir='ltr'><strong>quod</strong></span> <span class='ocrx_word' id='word_1_147' title='bbox 830 1997 1076 2051; x_wconf 88' lang='lat' dir='ltr'><strong>timorem</strong></span> <span class='ocrx_word' id='word_1_148' title='bbox 1109 1996 1198 2051; x_wconf 89' lang='lat' dir='ltr'><strong>Dei</strong></span> <span class='ocrx_word' id='word_1_149' title='bbox 1229 2006 1443 2065; x_wconf 83' lang='lat' dir='ltr'><strong>augeat,</strong></span> <span class='ocrx_word' id='word_1_150' title='bbox 1466 1997 1610 2066; x_wconf 90' lang='lat' dir='ltr'><strong>quod</strong></span> <span class='ocrx_word' id='word_1_151' title='bbox 1644 1997 1711 2051; x_wconf 91' lang='lat' dir='ltr'><strong>ad</strong></span> <span class='ocrx_word' id='word_1_152' title='bbox 1739 1996 1914 2065; x_wconf 79' lang='lat' dir='ltr'><strong>pomi-</strong></span> 
     </span>
    </p>
   </div>
   <div class='ocr_carea' id='block_1_21' title="bbox 345 2085 1914 2156">
    <p class='ocr_par' dir='ltr' id='par_1_21' title="bbox 345 2085 1914 2156">
     <span class='ocr_line' id='line_1_21' title="bbox 345 2085 1914 2156; baseline -0.001 -12"><span class='ocrx_word' id='word_1_153' title='bbox 345 2089 572 2144; x_wconf 89' lang='lat' dir='ltr'><strong>tentiam</strong></span> <span class='ocrx_word' id='word_1_154' title='bbox 623 2096 882 2152; x_wconf 88' lang='lat' dir='ltr'><strong>revocet,</strong></span> <span class='ocrx_word' id='word_1_155' title='bbox 929 2086 1072 2156; x_wconf 91' lang='lat' dir='ltr'><strong>quod</strong></span> <span class='ocrx_word' id='word_1_156' title='bbox 1133 2086 1186 2140; x_wconf 93' lang='lat' dir='ltr'><strong>in</strong></span> <span class='ocrx_word' id='word_1_157' title='bbox 1247 2085 1646 2142; x_wconf 82' lang='lat' dir='ltr'><strong>confessionem</strong></span> <span class='ocrx_word' id='word_1_158' title='bbox 1693 2088 1914 2143; x_wconf 88' lang='lat' dir='ltr'><strong>sceleris</strong></span> 
     </span>
    </p>
   </div>
   <div class='ocr_carea' id='block_1_22' title="bbox 343 2177 1912 2251">
    <p class='ocr_par' dir='ltr' id='par_1_22' title="bbox 343 2177 1912 2251">
     <span class='ocr_line' id='line_1_22' title="bbox 343 2177 1912 2251; baseline -0.003 -15"><span class='ocrx_word' id='word_1_159' title='bbox 343 2182 610 2247; x_wconf 87' lang='lat' dir='ltr'><strong>adducat,</strong></span> <span class='ocrx_word' id='word_1_160' title='bbox 655 2179 800 2251; x_wconf 91' lang='lat' dir='ltr'><strong>quod</strong></span> <span class='ocrx_word' id='word_1_161' title='bbox 851 2194 950 2234; x_wconf 91' lang='lat' dir='ltr'><strong>nos</strong></span> <span class='ocrx_word' id='word_1_162' title='bbox 993 2179 1156 2232; x_wconf 86' lang='lat' dir='ltr'><strong>faciat</strong></span> <span class='ocrx_word' id='word_1_163' title='bbox 1199 2177 1392 2233; x_wconf 83' lang='lat' dir='ltr'><strong>diebus</strong></span> <span class='ocrx_word' id='word_1_164' title='bbox 1441 2193 1505 2234; x_wconf 89' lang='lat' dir='ltr'><strong>ac</strong></span> <span class='ocrx_word' id='word_1_165' title='bbox 1533 2179 1783 2234; x_wconf 90' lang='lat' dir='ltr'><strong>noctibus</strong></span> <span class='ocrx_word' id='word_1_166' title='bbox 1815 2193 1912 2233; x_wconf 90' lang='lat' dir='ltr'><strong>co-</strong></span> 
     </span>
    </p>
   </div>
   <div class='ocr_carea' id='block_1_23' title="bbox 343 2269 1910 2342">
    <p class='ocr_par' dir='ltr' id='par_1_23' title="bbox 343 2269 1910 2342">
     <span class='ocr_line' id='line_1_23' title="bbox 343 2269 1910 2342; baseline -0.002 -17"><span class='ocrx_word' id='word_1_167' title='bbox 343 2273 516 2342; x_wconf 82' lang='lat' dir='ltr'><strong>gitare</strong></span> <span class='ocrx_word' id='word_1_168' title='bbox 554 2271 827 2340; x_wconf 92' lang='lat' dir='ltr'><strong>quomodo</strong></span> <span class='ocrx_word' id='word_1_169' title='bbox 855 2269 1084 2323; x_wconf 90' lang='lat' dir='ltr'><strong>Domino</strong></span> <span class='ocrx_word' id='word_1_170' title='bbox 1137 2269 1471 2338; x_wconf 89' lang='lat' dir='ltr'><strong>placeamus,</strong></span> <span class='ocrx_word' id='word_1_171' title='bbox 1525 2281 1584 2323; x_wconf 90' lang='lat' dir='ltr'><strong>ut</strong></span> <span class='ocrx_word' id='word_1_172' title='bbox 1630 2269 1825 2324; x_wconf 87' lang='lat' dir='ltr'><strong>fiamus</strong></span> <span class='ocrx_word' id='word_1_173' title='bbox 1859 2270 1910 2323; x_wconf 90' lang='lat' dir='ltr'><strong>in</strong></span> 
     </span>
    </p>
   </div>
   <div class='ocr_carea' id='block_1_24' title="bbox 346 2358 1912 2428">
    <p class='ocr_par' dir='ltr' id='par_1_24' title="bbox 346 2358 1912 2428">
     <span class='ocr_line' id='line_1_24' title="bbox 346 2358 1912 2428; baseline -0.001 -15"><span class='ocrx_word' id='word_1_174' title='bbox 346 2377 468 2415; x_wconf 87' lang='lat' dir='ltr'><strong>vera</strong></span> <span class='ocrx_word' id='word_1_175' title='bbox 502 2361 610 2415; x_wconf 82' lang='lat' dir='ltr'><strong>vite</strong></span> <span class='ocrx_word' id='word_1_176' title='bbox 634 2360 856 2415; x_wconf 88' lang='lat' dir='ltr'><strong>Christo</strong></span> <span class='ocrx_word' id='word_1_177' title='bbox 878 2358 1004 2414; x_wconf 82' lang='lat' dir='ltr'><strong>Jesu</strong></span> <span class='ocrx_word' id='word_1_178' title='bbox 1048 2359 1314 2415; x_wconf 91' lang='lat' dir='ltr'><strong>fructiferi</strong></span> <span class='ocrx_word' id='word_1_179' title='bbox 1346 2361 1617 2428; x_wconf 88' lang='lat' dir='ltr'><strong>palmites,</strong></span> <span class='ocrx_word' id='word_1_180' title='bbox 1647 2371 1702 2415; x_wconf 91' lang='lat' dir='ltr'><strong>et</strong></span> <span class='ocrx_word' id='word_1_181' title='bbox 1744 2361 1912 2414; x_wconf 80' lang='lat' dir='ltr'><strong>radici</strong></span> 
     </span>
    </p>
   </div>
   <div class='ocr_carea' id='block_1_25' title="bbox 341 2451 1911 2522">
    <p class='ocr_par' dir='ltr' id='par_1_25' title="bbox 341 2451 1911 2522">
     <span class='ocr_line' id='line_1_25' title="bbox 341 2451 1911 2522; baseline -0.002 -16"><span class='ocrx_word' id='word_1_182' title='bbox 341 2453 462 2521; x_wconf 90' lang='lat' dir='ltr'><strong>ejus</strong></span> <span class='ocrx_word' id='word_1_183' title='bbox 509 2453 849 2506; x_wconf 70' lang='lat' dir='ltr'><strong>adhmrentes</strong></span> <span class='ocrx_word' id='word_1_184' title='bbox 898 2468 911 2504; x_wconf 93' lang='lat'><strong>:</strong></span> <span class='ocrx_word' id='word_1_185' title='bbox 949 2451 1036 2506; x_wconf 91' lang='lat' dir='ltr'><strong>cui</strong></span> <span class='ocrx_word' id='word_1_186' title='bbox 1071 2461 1155 2505; x_wconf 90' lang='lat' dir='ltr'><strong>est</strong></span> <span class='ocrx_word' id='word_1_187' title='bbox 1203 2451 1376 2522; x_wconf 77' lang='lat' dir='ltr'><strong>gloria</strong></span> <span class='ocrx_word' id='word_1_188' title='bbox 1420 2463 1476 2506; x_wconf 88' lang='lat' dir='ltr'><strong>et</strong></span> <span class='ocrx_word' id='word_1_189' title='bbox 1524 2452 1812 2521; x_wconf 84' lang='lat' dir='ltr'><strong>imperium</strong></span> <span class='ocrx_word' id='word_1_190' title='bbox 1858 2451 1911 2503; x_wconf 75' lang='lat' dir='ltr'><strong>in</strong></span> 
     </span>
    </p>
   </div>
   <div class='ocr_carea' id='block_1_26' title="bbox 343 2527 1136 2598">
    <p class='ocr_par' dir='ltr' id='par_1_26' title="bbox 343 2527 1136 2598">
     <span class='ocr_line' id='line_1_26' title="bbox 343 2527 1136 2598; baseline -0.001 -1"><span class='ocrx_word' id='word_1_191' title='bbox 343 2527 537 2598; x_wconf 72' lang='lat' dir='ltr'><strong>saecula</strong></span> <span class='ocrx_word' id='word_1_192' title='bbox 566 2543 909 2598; x_wconf 63' lang='lat' dir='ltr'><strong>seculorum.</strong></span> <span class='ocrx_word' id='word_1_193' title='bbox 941 2541 1136 2596; x_wconf 81' lang='lat' dir='ltr'><strong>Amen.</strong></span> 
     </span>
    </p>
   </div>
   <div class='ocr_carea' id='block_1_27' title="bbox 921 2647 1337 2705">
    <p class='ocr_par' dir='ltr' id='par_1_27' title="bbox 921 2647 1337 2705">
     <span class='ocr_line' id='line_1_27' title="bbox 921 2647 1337 2705; baseline 0 -1"><span class='ocrx_word' id='word_1_194' title='bbox 921 2650 1208 2705; x_wconf 74' lang='lat' dir='ltr'><strong>IIOMILIA</strong></span> <span class='ocrx_word' id='word_1_195' title='bbox 1247 2647 1337 2704; x_wconf 78' lang='lat' dir='ltr'><strong>Vl.</strong></span> 
     </span>
    </p>
   </div>
   <div class='ocr_carea' id='block_1_28' title="bbox 347 2761 1915 2829">
    <p class='ocr_par' dir='ltr' id='par_1_28' title="bbox 347 2761 1915 2829">
     <span class='ocr_line' id='line_1_28' title="bbox 347 2761 1915 2829; baseline -0.003 -11"><span class='ocrx_word' id='word_1_196' title='bbox 347 2763 424 2819; x_wconf 90' lang='lat' dir='ltr'><strong>De</strong></span> <span class='ocrx_word' id='word_1_197' title='bbox 454 2782 514 2820; x_wconf 91' lang='lat' dir='ltr'><strong>eo</strong></span> <span class='ocrx_word' id='word_1_198' title='bbox 543 2765 680 2829; x_wconf 90' lang='lat' dir='ltr'><strong>quod</strong></span> <span class='ocrx_word' id='word_1_199' title='bbox 703 2764 905 2817; x_wconf 85' lang='lat' dir='ltr'><strong>dicitur</strong></span> <span class='ocrx_word' id='word_1_200' title='bbox 931 2765 945 2794; x_wconf 86' lang='grc'>¹</span> <span class='ocrx_word' id='word_1_201' title='bbox 975 2782 988 2817; x_wconf 89' lang='lat'><strong>:</strong></span> <span class='ocrx_word' id='word_1_202' title='bbox 1035 2782 1052 2813; x_wconf 84' lang='grc'><em>‹</em></span> <span class='ocrx_word' id='word_1_203' title='bbox 1077 2761 1187 2816; x_wconf 84' lang='lat' dir='ltr'><strong>Fili</strong></span> <span class='ocrx_word' id='word_1_204' title='bbox 1225 2762 1472 2817; x_wconf 78' lang='lat' dir='ltr'><strong>hominis.</strong></span> <span class='ocrx_word' id='word_1_205' title='bbox 1518 2779 1670 2815; x_wconf 83' lang='lat' dir='ltr'><strong>notas</strong></span> <span class='ocrx_word' id='word_1_206' title='bbox 1699 2765 1785 2829; x_wconf 72' lang='lat' dir='ltr'><strong>[ac</strong></span> <span class='ocrx_word' id='word_1_207' title='bbox 1825 2761 1915 2814; x_wconf 87' lang='lat' dir='ltr'><strong>Je-</strong></span> 
     </span>
    </p>
   </div>
   <div class='ocr_carea' id='block_1_29' title="bbox 417 2832 1912 2901">
    <p class='ocr_par' dir='ltr' id='par_1_29' title="bbox 417 2832 1912 2901">
     <span class='ocr_line' id='line_1_29' title="bbox 417 2832 1912 2901; baseline -0.001 -15"><span class='ocrx_word' id='word_1_208' title='bbox 417 2832 647 2887; x_wconf 83' lang='lat' dir='ltr'><strong>rusalem</strong></span> <span class='ocrx_word' id='word_1_209' title='bbox 688 2835 1102 2887; x_wconf 77' lang='lat' dir='ltr'><strong>abominationes</strong></span> <span class='ocrx_word' id='word_1_210' title='bbox 1132 2848 1289 2895; x_wconf 88' lang='lat' dir='ltr'><strong>suas;</strong></span> <span class='ocrx_word' id='word_1_211' title='bbox 1323 2852 1340 2883; x_wconf 71' lang='grc' dir='ltr'><strong><em>ι</em></strong></span> <span class='ocrx_word' id='word_1_212' title='bbox 1370 2849 1530 2900; x_wconf 88' lang='lat' dir='ltr'><strong>usque</strong></span> <span class='ocrx_word' id='word_1_213' title='bbox 1553 2873 1565 2886; x_wconf 92' lang='lat'><strong>.</strong></span> <span class='ocrx_word' id='word_1_214' title='bbox 1607 2852 1625 2884; x_wconf 75' lang='grc' dir='ltr'>ι</span> <span class='ocrx_word' id='word_1_215' title='bbox 1655 2832 1912 2901; x_wconf 73' lang='lat' dir='ltr'><strong>E/fudisti</strong></span> 
     </span>
    </p>
   </div>
   <div class='ocr_carea' id='block_1_30' title="bbox 419 2903 1579 2972">
    <p class='ocr_par' dir='ltr' id='par_1_30' title="bbox 419 2903 1579 2972">
     <span class='ocr_line' id='line_1_30' title="bbox 419 2903 1579 2972; baseline -0.003 -16"><span class='ocrx_word' id='word_1_216' title='bbox 419 2904 824 2972; x_wconf 78' lang='lat' dir='ltr'><strong>fornicationem</strong></span> <span class='ocrx_word' id='word_1_217' title='bbox 851 2916 996 2955; x_wconf 88' lang='lat' dir='ltr'><strong>tuam</strong></span> <span class='ocrx_word' id='word_1_218' title='bbox 1024 2904 1076 2955; x_wconf 90' lang='lat' dir='ltr'><strong>in</strong></span> <span class='ocrx_word' id='word_1_219' title='bbox 1107 2903 1250 2955; x_wconf 87' lang='lat' dir='ltr'><strong>omni</strong></span> <span class='ocrx_word' id='word_1_220' title='bbox 1281 2905 1530 2956; x_wconf 72' lang='lat' dir='ltr'><strong>transitu.</strong></span> <span class='ocrx_word' id='word_1_221' title='bbox 1559 2921 1579 2953; x_wconf 72' lang='grc' dir='ltr'><strong><em>ι</em></strong></span> 
     </span>
    </p>
   </div>
   <div class='ocr_carea' id='block_1_31' title="bbox 419 3013 1907 3083">
    <p class='ocr_par' dir='ltr' id='par_1_31' title="bbox 419 3013 1907 3083">
     <span class='ocr_line' id='line_1_31' title="bbox 419 3013 1907 3083; baseline -0.002 -15"><span class='ocrx_word' id='word_1_222' title='bbox 419 3016 468 3068; x_wconf 87' lang='lat' dir='ltr'><strong>l.</strong></span> <span class='ocrx_word' id='word_1_223' title='bbox 508 3013 888 3069; x_wconf 85' lang='lat' dir='ltr'><strong>Consideranti</strong></span> <span class='ocrx_word' id='word_1_224' title='bbox 933 3013 1063 3066; x_wconf 91' lang='lat' dir='ltr'><strong>mihi</strong></span> <span class='ocrx_word' id='word_1_225' title='bbox 1105 3014 1466 3067; x_wconf 88' lang='lat' dir='ltr'><strong>constantiam</strong></span> <span class='ocrx_word' id='word_1_226' title='bbox 1497 3017 1907 3083; x_wconf 77' lang='lat' dir='ltr'><strong>prophetarum.</strong></span> 
     </span>
    </p>
   </div>
   <div class='ocr_carea' id='block_1_32' title="bbox 348 3103 1910 3176">
    <p class='ocr_par' dir='ltr' id='par_1_32' title="bbox 348 3103 1910 3176">
     <span class='ocr_line' id='line_1_32' title="bbox 348 3103 1910 3176; baseline -0.001 -16"><span class='ocrx_word' id='word_1_227' title='bbox 348 3106 668 3161; x_wconf 87' lang='lat' dir='ltr'><strong>miraculum</strong></span> <span class='ocrx_word' id='word_1_228' title='bbox 700 3105 869 3169; x_wconf 90' lang='lat' dir='ltr'><strong>subit,</strong></span> <span class='ocrx_word' id='word_1_229' title='bbox 895 3106 1171 3176; x_wconf 86' lang='lat' dir='ltr'><strong>quomodo</strong></span> <span class='ocrx_word' id='word_1_230' title='bbox 1195 3119 1325 3159; x_wconf 89' lang='lat' dir='ltr'><strong>vero</strong></span> <span class='ocrx_word' id='word_1_231' title='bbox 1357 3107 1637 3162; x_wconf 87' lang='lat' dir='ltr'><strong>credentes</strong></span> <span class='ocrx_word' id='word_1_232' title='bbox 1662 3103 1770 3160; x_wconf 90' lang='lat' dir='ltr'><strong>Deo</strong></span> <span class='ocrx_word' id='word_1_233' title='bbox 1792 3121 1910 3159; x_wconf 85' lang='lat' dir='ltr'><strong>ma—</strong></span> 
     </span>
    </p>
   </div>
   <div class='ocr_carea' id='block_1_33' title="bbox 2015 624 3587 695">
    <p class='ocr_par' dir='ltr' id='par_1_33' title="bbox 2015 624 3587 695">
     <span class='ocr_line' id='line_1_33' title="bbox 2015 624 3587 695; baseline 0.001 -15"><span class='ocrx_word' id='word_1_234' title='bbox 2015 629 2337 695; x_wconf 89' lang='lat' dir='ltr'><strong>imperatum</strong></span> <span class='ocrx_word' id='word_1_235' title='bbox 2378 633 2435 679; x_wconf 88' lang='lat' dir='ltr'><strong>ut</strong></span> <span class='ocrx_word' id='word_1_236' title='bbox 2462 632 2774 689; x_wconf 80' lang='lat' dir='ltr'><strong>testaretur,</strong></span> <span class='ocrx_word' id='word_1_237' title='bbox 2801 632 2856 678; x_wconf 88' lang='lat' dir='ltr'><strong>et</strong></span> <span class='ocrx_word' id='word_1_238' title='bbox 2886 631 3049 678; x_wconf 89' lang='lat' dir='ltr'><strong>notas</strong></span> <span class='ocrx_word' id='word_1_239' title='bbox 3073 624 3270 680; x_wconf 88' lang='lat' dir='ltr'><strong>faceret</strong></span> <span class='ocrx_word' id='word_1_240' title='bbox 3291 625 3587 683; x_wconf 82' lang='lat' dir='ltr'><strong>Jerusalem</strong></span> 
     </span>
    </p>
   </div>
   <div class='ocr_carea' id='block_1_34' title="bbox 2013 714 3590 788">
    <p class='ocr_par' dir='ltr' id='par_1_34' title="bbox 2013 714 3590 788">
     <span class='ocr_line' id='line_1_34' title="bbox 2013 714 3590 788; baseline 0.001 -17"><span class='ocrx_word' id='word_1_241' title='bbox 2013 718 2326 788; x_wconf 87' lang='lat' dir='ltr'><strong>iniquitates</strong></span> <span class='ocrx_word' id='word_1_242' title='bbox 2395 717 2553 787; x_wconf 87' lang='lat' dir='ltr'><strong>ejus,</strong></span> <span class='ocrx_word' id='word_1_243' title='bbox 2612 731 2719 770; x_wconf 94' lang='lat' dir='ltr'><strong>non</strong></span> <span class='ocrx_word' id='word_1_244' title='bbox 2785 714 2970 784; x_wconf 88' lang='lat' dir='ltr'><strong>posuit</strong></span> <span class='ocrx_word' id='word_1_245' title='bbox 3025 722 3152 769; x_wconf 85' lang='lat' dir='ltr'><strong>ante</strong></span> <span class='ocrx_word' id='word_1_246' title='bbox 3231 718 3417 772; x_wconf 85' lang='lat' dir='ltr'><strong>oculos</strong></span> <span class='ocrx_word' id='word_1_247' title='bbox 3469 719 3590 786; x_wconf 85' lang='lat' dir='ltr'><strong>ejus</strong></span> 
     </span>
    </p>
   </div>
   <div class='ocr_carea' id='block_1_35' title="bbox 2011 805 3590 880">
    <p class='ocr_par' dir='ltr' id='par_1_35' title="bbox 2011 805 3590 880">
     <span class='ocr_line' id='line_1_35' title="bbox 2011 805 3590 880; baseline -0.003 -17"><span class='ocrx_word' id='word_1_248' title='bbox 2011 807 2314 880; x_wconf 88' lang='lat' dir='ltr'><strong>periculum</strong></span> <span class='ocrx_word' id='word_1_249' title='bbox 2358 808 2504 876; x_wconf 91' lang='lat' dir='ltr'><strong>quod</strong></span> <span class='ocrx_word' id='word_1_250' title='bbox 2549 821 2616 861; x_wconf 83' lang='lat' dir='ltr'><strong>ex</strong></span> <span class='ocrx_word' id='word_1_251' title='bbox 2665 805 3048 875; x_wconf 62' lang='lat' dir='ltr'><strong>praedicatione</strong></span> <span class='ocrx_word' id='word_1_252' title='bbox 3090 813 3207 858; x_wconf 90' lang='lat' dir='ltr'><strong>erat</strong></span> <span class='ocrx_word' id='word_1_253' title='bbox 3249 818 3590 873; x_wconf 81' lang='lat' dir='ltr'><strong>secuturum,</strong></span> 
     </span>
    </p>
   </div>
   <div class='ocr_carea' id='block_1_36' title="bbox 2014 896 3596 966">
    <p class='ocr_par' dir='ltr' id='par_1_36' title="bbox 2014 896 3596 966">
     <span class='ocr_line' id='line_1_36' title="bbox 2014 896 3596 966; baseline -0.003 -11"><span class='ocrx_word' id='word_1_254' title='bbox 2014 903 2105 955; x_wconf 90' lang='lat' dir='ltr'><strong>sed</strong></span> <span class='ocrx_word' id='word_1_255' title='bbox 2129 909 2189 955; x_wconf 90' lang='lat' dir='ltr'><strong>ut</strong></span> <span class='ocrx_word' id='word_1_256' title='bbox 2217 899 2308 954; x_wconf 86' lang='lat' dir='ltr'><strong>Dei</strong></span> <span class='ocrx_word' id='word_1_257' title='bbox 2338 906 2546 953; x_wconf 88' lang='lat' dir='ltr'><strong>tantum</strong></span> <span class='ocrx_word' id='word_1_258' title='bbox 2599 906 2864 966; x_wconf 79' lang='lat' dir='ltr'><strong>praecepta</strong></span> <span class='ocrx_word' id='word_1_259' title='bbox 2917 904 3195 959; x_wconf 87' lang='lat' dir='ltr'><strong>servaret,</strong></span> <span class='ocrx_word' id='word_1_260' title='bbox 3248 896 3464 952; x_wconf 78' lang='lat' dir='ltr'><strong>locutus</strong></span> <span class='ocrx_word' id='word_1_261' title='bbox 3511 905 3596 951; x_wconf 80' lang='lat' dir='ltr'><strong>est</strong></span> 
     </span>
    </p>
   </div>
   <div class='ocr_carea' id='block_1_37' title="bbox 2011 987 3592 1061">
    <p class='ocr_par' dir='ltr' id='par_1_37' title="bbox 2011 987 3592 1061">
     <span class='ocr_line' id='line_1_37' title="bbox 2011 987 3592 1061; baseline -0.005 -15"><span class='ocrx_word' id='word_1_262' title='bbox 2011 1007 2349 1061; x_wconf 76' lang='lat' dir='ltr'><strong>qua-cunque</strong></span> <span class='ocrx_word' id='word_1_263' title='bbox 2400 989 2697 1044; x_wconf 86' lang='lat' dir='ltr'><strong>mandavit.</strong></span> <span class='ocrx_word' id='word_1_264' title='bbox 2725 987 2883 1054; x_wconf 92' lang='lat' dir='ltr'><strong>Esto,</strong></span> <span class='ocrx_word' id='word_1_265' title='bbox 2919 987 2990 1041; x_wconf 94' lang='lat' dir='ltr'><strong>sit</strong></span> <span class='ocrx_word' id='word_1_266' title='bbox 3027 987 3371 1057; x_wconf 84' lang='lat' dir='ltr'><strong>mysterium,</strong></span> <span class='ocrx_word' id='word_1_267' title='bbox 3405 987 3478 1039; x_wconf 89' lang='lat' dir='ltr'><strong>sit</strong></span> <span class='ocrx_word' id='word_1_268' title='bbox 3503 1000 3592 1038; x_wconf 85' lang='lat' dir='ltr'><strong>re-</strong></span> 
     </span>
    </p>
   </div>
   <div class='ocr_carea' id='block_1_38' title="bbox 2012 1073 3595 1149">
    <p class='ocr_par' dir='ltr' id='par_1_38' title="bbox 2012 1073 3595 1149">
     <span class='ocr_line' id='line_1_38' title="bbox 2012 1073 3595 1149; baseline -0.003 -16"><span class='ocrx_word' id='word_1_269' title='bbox 2012 1081 2208 1135; x_wconf 86' lang='lat' dir='ltr'><strong>velatio</strong></span> <span class='ocrx_word' id='word_1_270' title='bbox 2250 1089 2477 1136; x_wconf 68' lang='lat' dir='ltr'><strong>sacratae</strong></span> <span class='ocrx_word' id='word_1_271' title='bbox 2529 1077 2897 1149; x_wconf 67' lang='lat' dir='ltr'><strong>intelligentia:</strong></span> <span class='ocrx_word' id='word_1_272' title='bbox 2936 1077 3002 1130; x_wconf 90' lang='lat' dir='ltr'><strong>de</strong></span> <span class='ocrx_word' id='word_1_273' title='bbox 3041 1074 3365 1140; x_wconf 78' lang='lat' dir='ltr'><strong>Jerusalem,</strong></span> <span class='ocrx_word' id='word_1_274' title='bbox 3422 1081 3480 1128; x_wconf 91' lang='lat' dir='ltr'><strong>et</strong></span> <span class='ocrx_word' id='word_1_275' title='bbox 3509 1073 3595 1129; x_wconf 87' lang='lat' dir='ltr'><strong>his</strong></span> 
     </span>
    </p>
   </div>
   <div class='ocr_carea' id='block_1_39' title="bbox 2011 1163 3595 1243">
    <p class='ocr_par' dir='ltr' id='par_1_39' title="bbox 2011 1163 3595 1243">
     <span class='ocr_line' id='line_1_39' title="bbox 2011 1163 3595 1243; baseline -0.005 -17"><span class='ocrx_word' id='word_1_276' title='bbox 2011 1185 2350 1243; x_wconf 75' lang='lat' dir='ltr'><strong>qiuecunque</strong></span> <span class='ocrx_word' id='word_1_277' title='bbox 2392 1188 2556 1241; x_wconf 88' lang='lat' dir='ltr'><strong>super</strong></span> <span class='ocrx_word' id='word_1_278' title='bbox 2595 1188 2713 1226; x_wconf 88' lang='lat' dir='ltr'><strong>eam</strong></span> <span class='ocrx_word' id='word_1_279' title='bbox 2748 1169 3047 1233; x_wconf 90' lang='lat' dir='ltr'><strong>dicuntur;</strong></span> <span class='ocrx_word' id='word_1_280' title='bbox 3083 1177 3320 1221; x_wconf 86' lang='lat' dir='ltr'><strong>attamen</strong></span> <span class='ocrx_word' id='word_1_281' title='bbox 3359 1163 3595 1236; x_wconf 84' lang='lat' dir='ltr'><strong>prophe-</strong></span> 
     </span>
    </p>
   </div>
   <div class='ocr_carea' id='block_1_40' title="bbox 2013 1261 3593 1335">
    <p class='ocr_par' dir='ltr' id='par_1_40' title="bbox 2013 1261 3593 1335">
     <span class='ocr_line' id='line_1_40' title="bbox 2013 1261 3593 1335; baseline -0.004 -15"><span class='ocrx_word' id='word_1_282' title='bbox 2013 1276 2135 1321; x_wconf 90' lang='lat' dir='ltr'><strong>tans</strong></span> <span class='ocrx_word' id='word_1_283' title='bbox 2170 1278 2222 1321; x_wconf 89' lang='lat' dir='ltr'><strong>et</strong></span> <span class='ocrx_word' id='word_1_284' title='bbox 2254 1266 2632 1322; x_wconf 87' lang='lat' dir='ltr'><strong>fornicationis</strong></span> <span class='ocrx_word' id='word_1_285' title='bbox 2656 1265 2802 1319; x_wconf 88' lang='lat' dir='ltr'><strong>illam</strong></span> <span class='ocrx_word' id='word_1_286' title='bbox 2847 1265 3049 1335; x_wconf 84' lang='lat' dir='ltr'><strong>arguit,</strong></span> <span class='ocrx_word' id='word_1_287' title='bbox 3084 1263 3212 1333; x_wconf 88' lang='lat' dir='ltr'><strong>quia</strong></span> <span class='ocrx_word' id='word_1_288' title='bbox 3253 1261 3593 1315; x_wconf 85' lang='lat' dir='ltr'><strong>divaricave-</strong></span> 
     </span>
    </p>
   </div>
   <div class='ocr_carea' id='block_1_41' title="bbox 2013 1353 3592 1427">
    <p class='ocr_par' dir='ltr' id='par_1_41' title="bbox 2013 1353 3592 1427">
     <span class='ocr_line' id='line_1_41' title="bbox 2013 1353 3592 1427; baseline -0.006 -15"><span class='ocrx_word' id='word_1_289' title='bbox 2013 1360 2085 1412; x_wconf 92' lang='lat' dir='ltr'><strong>rit</strong></span> <span class='ocrx_word' id='word_1_290' title='bbox 2113 1358 2274 1427; x_wconf 88' lang='lat' dir='ltr'><strong>pedes</strong></span> <span class='ocrx_word' id='word_1_291' title='bbox 2314 1372 2446 1412; x_wconf 89' lang='lat' dir='ltr'><strong>suos</strong></span> <span class='ocrx_word' id='word_1_292' title='bbox 2481 1357 2632 1410; x_wconf 90' lang='lat' dir='ltr'><strong>omni</strong></span> <span class='ocrx_word' id='word_1_293' title='bbox 2675 1357 3002 1420; x_wconf 84' lang='lat' dir='ltr'><strong>transeunti,</strong></span> <span class='ocrx_word' id='word_1_294' title='bbox 3049 1353 3310 1408; x_wconf 86' lang='lat' dir='ltr'><strong>maledica</strong></span> <span class='ocrx_word' id='word_1_295' title='bbox 3353 1365 3486 1404; x_wconf 82' lang='lat' dir='ltr'><strong>voce</strong></span> <span class='ocrx_word' id='word_1_296' title='bbox 3513 1358 3592 1403; x_wconf 87' lang='lat' dir='ltr'><strong>te-</strong></span> 
     </span>
    </p>
   </div>
   <div class='ocr_carea' id='block_1_42' title="bbox 2013 1442 3593 1518">
    <p class='ocr_par' dir='ltr' id='par_1_42' title="bbox 2013 1442 3593 1518">
     <span class='ocr_line' id='line_1_42' title="bbox 2013 1442 3593 1518; baseline -0.006 -14"><span class='ocrx_word' id='word_1_297' title='bbox 2013 1461 2206 1513; x_wconf 88' lang='lat' dir='ltr'><strong>statur,</strong></span> <span class='ocrx_word' id='word_1_298' title='bbox 2244 1450 2486 1518; x_wconf 90' lang='lat' dir='ltr'><strong>increpat</strong></span> <span class='ocrx_word' id='word_1_299' title='bbox 2517 1450 2784 1503; x_wconf 89' lang='lat' dir='ltr'><strong>scelerum</strong></span> <span class='ocrx_word' id='word_1_300' title='bbox 2823 1447 3120 1503; x_wconf 88' lang='lat' dir='ltr'><strong>civitatem.</strong></span> <span class='ocrx_word' id='word_1_301' title='bbox 3155 1442 3261 1498; x_wconf 89' lang='lat' dir='ltr'><strong>Sed</strong></span> <span class='ocrx_word' id='word_1_302' title='bbox 3285 1443 3412 1512; x_wconf 86' lang='lat' dir='ltr'><strong>quia</strong></span> <span class='ocrx_word' id='word_1_303' title='bbox 3452 1455 3593 1497; x_wconf 86' lang='lat' dir='ltr'><strong>con-</strong></span> 
     </span>
    </p>
   </div>
   <div class='ocr_carea' id='block_1_43' title="bbox 2014 1530 3588 1604">
    <p class='ocr_par' dir='ltr' id='par_1_43' title="bbox 2014 1530 3588 1604">
     <span class='ocr_line' id='line_1_43' title="bbox 2014 1530 3588 1604; baseline -0.005 -11"><span class='ocrx_word' id='word_1_304' title='bbox 2014 1540 2212 1594; x_wconf 80' lang='lat' dir='ltr'><strong>fidebat</strong></span> <span class='ocrx_word' id='word_1_305' title='bbox 2238 1539 2330 1593; x_wconf 89' lang='lat' dir='ltr'><strong>Dei</strong></span> <span class='ocrx_word' id='word_1_306' title='bbox 2372 1553 2431 1593; x_wconf 90' lang='lat' dir='ltr'><strong>se</strong></span> <span class='ocrx_word' id='word_1_307' title='bbox 2489 1538 2668 1593; x_wconf 88' lang='lat' dir='ltr'><strong>facere</strong></span> <span class='ocrx_word' id='word_1_308' title='bbox 2711 1538 3068 1602; x_wconf 86' lang='lat' dir='ltr'><strong>voluntatem,</strong></span> <span class='ocrx_word' id='word_1_309' title='bbox 3098 1542 3321 1604; x_wconf 89' lang='lat' dir='ltr'><strong>paratus</strong></span> <span class='ocrx_word' id='word_1_310' title='bbox 3362 1543 3417 1587; x_wconf 89' lang='lat' dir='ltr'><strong>et</strong></span> <span class='ocrx_word' id='word_1_311' title='bbox 3443 1530 3588 1586; x_wconf 89' lang='lat' dir='ltr'><strong>mori</strong></span> 
     </span>
    </p>
   </div>
   <div class='ocr_carea' id='block_1_44' title="bbox 2013 1628 2991 1698">
    <p class='ocr_par' dir='ltr' id='par_1_44' title="bbox 2013 1628 2991 1698">
     <span class='ocr_line' id='line_1_44' title="bbox 2013 1628 2991 1698; baseline -0.002 -15"><span class='ocrx_word' id='word_1_312' title='bbox 2013 1638 2065 1684; x_wconf 90' lang='lat' dir='ltr'><strong>et</strong></span> <span class='ocrx_word' id='word_1_313' title='bbox 2084 1630 2286 1693; x_wconf 89' lang='lat' dir='ltr'><strong>vivere,</strong></span> <span class='ocrx_word' id='word_1_314' title='bbox 2312 1629 2636 1698; x_wconf 86' lang='lat' dir='ltr'><strong>loquebatur</strong></span> <span class='ocrx_word' id='word_1_315' title='bbox 2667 1628 2991 1696; x_wconf 90' lang='lat' dir='ltr'><strong>intrepidus.</strong></span> 
     </span>
    </p>
   </div>
   <div class='ocr_carea' id='block_1_45' title="bbox 2083 1715 3590 1788">
    <p class='ocr_par' dir='ltr' id='par_1_45' title="bbox 2083 1715 3590 1788">
     <span class='ocr_line' id='line_1_45' title="bbox 2083 1715 3590 1788; baseline -0.004 -13"><span class='ocrx_word' id='word_1_316' title='bbox 2083 1722 2140 1776; x_wconf 76' lang='grc'><strong>2.</strong></span> <span class='ocrx_word' id='word_1_317' title='bbox 2180 1720 2475 1776; x_wconf 78' lang='lat' dir='ltr'><strong>Videamus</strong></span> <span class='ocrx_word' id='word_1_318' title='bbox 2507 1734 2637 1788; x_wconf 86' lang='lat' dir='ltr'><strong>ergo</strong></span> <span class='ocrx_word' id='word_1_319' title='bbox 2681 1720 2856 1787; x_wconf 89' lang='lat' dir='ltr'><strong>ipsam</strong></span> <span class='ocrx_word' id='word_1_320' title='bbox 2912 1716 3288 1784; x_wconf 85' lang='lat' dir='ltr'><strong>prophetiam,</strong></span> <span class='ocrx_word' id='word_1_321' title='bbox 3324 1722 3379 1770; x_wconf 89' lang='lat' dir='ltr'><strong>et</strong></span> <span class='ocrx_word' id='word_1_322' title='bbox 3407 1715 3590 1785; x_wconf 86' lang='lat' dir='ltr'><strong>primo</strong></span> 
     </span>
    </p>
   </div>
   <div class='ocr_carea' id='block_1_46' title="bbox 2014 1805 3593 1883">
    <p class='ocr_par' dir='ltr' id='par_1_46' title="bbox 2014 1805 3593 1883">
     <span class='ocr_line' id='line_1_46' title="bbox 2014 1805 3593 1883; baseline -0.005 -16"><span class='ocrx_word' id='word_1_323' title='bbox 2014 1813 2234 1883; x_wconf 91' lang='lat' dir='ltr'><strong>quidem</strong></span> <span class='ocrx_word' id='word_1_324' title='bbox 2263 1809 2535 1880; x_wconf 91' lang='lat' dir='ltr'><strong>quomodo</strong></span> <span class='ocrx_word' id='word_1_325' title='bbox 2569 1808 2622 1862; x_wconf 92' lang='lat' dir='ltr'><strong>in</strong></span> <span class='ocrx_word' id='word_1_326' title='bbox 2649 1815 2918 1878; x_wconf 87' lang='lat' dir='ltr'><strong>potestate</strong></span> <span class='ocrx_word' id='word_1_327' title='bbox 2950 1806 3022 1859; x_wconf 90' lang='lat' dir='ltr'><strong>sit</strong></span> <span class='ocrx_word' id='word_1_328' title='bbox 3048 1805 3286 1874; x_wconf 90' lang='lat' dir='ltr'><strong>positum</strong></span> <span class='ocrx_word' id='word_1_329' title='bbox 3314 1807 3593 1874; x_wconf 69' lang='lat' dir='ltr'><strong>prOphetas</strong></span> 
     </span>
    </p>
   </div>
   <div class='ocr_carea' id='block_1_47' title="bbox 2018 1897 3595 1968">
    <p class='ocr_par' dir='ltr' id='par_1_47' title="bbox 2018 1897 3595 1968">
     <span class='ocr_line' id='line_1_47' title="bbox 2018 1897 3595 1968; baseline -0.006 -7"><span class='ocrx_word' id='word_1_330' title='bbox 2018 1916 2198 1962; x_wconf 92' lang='lat' dir='ltr'><strong>utrum</strong></span> <span class='ocrx_word' id='word_1_331' title='bbox 2258 1905 2404 1959; x_wconf 89' lang='lat' dir='ltr'><strong>dicat</strong></span> <span class='ocrx_word' id='word_1_332' title='bbox 2463 1917 2687 1968; x_wconf 91' lang='lat' dir='ltr'><strong>annon,</strong></span> <span class='ocrx_word' id='word_1_333' title='bbox 2749 1901 3184 1956; x_wconf 89' lang='lat' dir='ltr'><strong>consideramus.</strong></span> <span class='ocrx_word' id='word_1_334' title='bbox 3257 1897 3456 1954; x_wconf 85' lang='lat' dir='ltr'><strong>Factus</strong></span> <span class='ocrx_word' id='word_1_335' title='bbox 3507 1905 3595 1952; x_wconf 75' lang='lat' dir='ltr'><strong>est</strong></span> 
     </span>
    </p>
   </div>
   <div class='ocr_carea' id='block_1_48' title="bbox 2016 1989 3593 2057">
    <p class='ocr_par' dir='ltr' id='par_1_48' title="bbox 2016 1989 3593 2057">
     <span class='ocr_line' id='line_1_48' title="bbox 2016 1989 3593 2057; baseline -0.009 -1"><span class='ocrx_word' id='word_1_336' title='bbox 2016 2015 2194 2056; x_wconf 87' lang='lat' dir='ltr'><strong>sermo</strong></span> <span class='ocrx_word' id='word_1_337' title='bbox 2219 1997 2432 2051; x_wconf 91' lang='lat' dir='ltr'><strong>Domini</strong></span> <span class='ocrx_word' id='word_1_338' title='bbox 2478 1996 2543 2049; x_wconf 90' lang='lat' dir='ltr'><strong>ad</strong></span> <span class='ocrx_word' id='word_1_339' title='bbox 2573 2009 2724 2057; x_wconf 87' lang='lat' dir='ltr'><strong>eum,</strong></span> <span class='ocrx_word' id='word_1_340' title='bbox 2759 1993 2945 2047; x_wconf 92' lang='lat' dir='ltr'><strong>dicens</strong></span> <span class='ocrx_word' id='word_1_341' title='bbox 2972 1991 2994 2023; x_wconf 81' lang='grc'><strong><em>⁸</em></strong></span> <span class='ocrx_word' id='word_1_342' title='bbox 3027 2009 3042 2045; x_wconf 89' lang='lat'><strong>:</strong></span> <span class='ocrx_word' id='word_1_343' title='bbox 3079 1989 3192 2044; x_wconf 88' lang='lat' dir='ltr'><strong>Fili</strong></span> <span class='ocrx_word' id='word_1_344' title='bbox 3217 1989 3443 2042; x_wconf 86' lang='lat' dir='ltr'><strong>hominis</strong></span> <span class='ocrx_word' id='word_1_345' title='bbox 3463 2029 3480 2054; x_wconf 90' lang='lat'><strong>,</strong></span> <span class='ocrx_word' id='word_1_346' title='bbox 3513 2000 3593 2042; x_wconf 81' lang='lat' dir='ltr'><strong>te-</strong></span> 
     </span>
    </p>
   </div>
   <div class='ocr_carea' id='block_1_49' title="bbox 2014 2078 3589 2158">
    <p class='ocr_par' dir='ltr' id='par_1_49' title="bbox 2014 2078 3589 2158">
     <span class='ocr_line' id='line_1_49' title="bbox 2014 2078 3589 2158; baseline -0.008 -15"><span class='ocrx_word' id='word_1_347' title='bbox 2014 2090 2245 2158; x_wconf 80' lang='lat' dir='ltr'><strong>stiﬁcare</strong></span> <span class='ocrx_word' id='word_1_348' title='bbox 2273 2085 2572 2140; x_wconf 82' lang='lat' dir='ltr'><strong>Jerusalem</strong></span> <span class='ocrx_word' id='word_1_349' title='bbox 2620 2083 2923 2153; x_wconf 87' lang='lat' dir='ltr'><strong>iniquitates</strong></span> <span class='ocrx_word' id='word_1_350' title='bbox 2964 2081 3078 2150; x_wconf 85' lang='lat' dir='ltr'><strong>ejus</strong></span> <span class='ocrx_word' id='word_1_351' title='bbox 3099 2121 3114 2147; x_wconf 93' lang='lat'><strong>,</strong></span> <span class='ocrx_word' id='word_1_352' title='bbox 3161 2089 3210 2134; x_wconf 84' lang='lat' dir='ltr'><strong>et</strong></span> <span class='ocrx_word' id='word_1_353' title='bbox 3235 2080 3376 2134; x_wconf 87' lang='lat' dir='ltr'><strong>dices</strong></span> <span class='ocrx_word' id='word_1_354' title='bbox 3407 2094 3426 2131; x_wconf 88' lang='lat'><strong>:</strong></span> <span class='ocrx_word' id='word_1_355' title='bbox 3459 2078 3589 2134; x_wconf 65' lang='lat' dir='ltr'><strong>llaec</strong></span> 
     </span>
    </p>
   </div>
   <div class='ocr_carea' id='block_1_50' title="bbox 2015 2167 3588 2240">
    <p class='ocr_par' dir='ltr' id='par_1_50' title="bbox 2015 2167 3588 2240">
     <span class='ocr_line' id='line_1_50' title="bbox 2015 2167 3588 2240; baseline -0.007 -7"><span class='ocrx_word' id='word_1_356' title='bbox 2015 2181 2142 2233; x_wconf 80' lang='lat' dir='ltr'><strong>dicit</strong></span> <span class='ocrx_word' id='word_1_357' title='bbox 2177 2178 2450 2230; x_wconf 78' lang='lat' dir='ltr'><strong>Dominus.</strong></span> <span class='ocrx_word' id='word_1_358' title='bbox 2485 2174 2604 2229; x_wconf 83' lang='lat' dir='ltr'><strong>Non</strong></span> <span class='ocrx_word' id='word_1_359' title='bbox 2633 2173 2690 2227; x_wconf 91' lang='lat' dir='ltr'><strong>in</strong></span> <span class='ocrx_word' id='word_1_360' title='bbox 2726 2171 3052 2227; x_wconf 90' lang='lat' dir='ltr'><strong>necessitate</strong></span> <span class='ocrx_word' id='word_1_361' title='bbox 3078 2170 3462 2240; x_wconf 77' lang='lat' dir='ltr'><strong>aspirationis,</strong></span> <span class='ocrx_word' id='word_1_362' title='bbox 3491 2167 3588 2224; x_wconf 82' lang='lat' dir='ltr'><strong>sed</strong></span> 
     </span>
    </p>
   </div>
   <div class='ocr_carea' id='block_1_51' title="bbox 2015 2261 3592 2341">
    <p class='ocr_par' dir='ltr' id='par_1_51' title="bbox 2015 2261 3592 2341">
     <span class='ocr_line' id='line_1_51' title="bbox 2015 2261 3592 2341; baseline -0.008 -15"><span class='ocrx_word' id='word_1_363' title='bbox 2015 2273 2070 2326; x_wconf 92' lang='lat' dir='ltr'><strong>in</strong></span> <span class='ocrx_word' id='word_1_364' title='bbox 2104 2269 2266 2341; x_wconf 82' lang='lat'><strong>377</strong></span> <span class='ocrx_word' id='word_1_365' title='bbox 2289 2268 2570 2322; x_wconf 85' lang='lat' dir='ltr'><strong>voluntate</strong></span> <span class='ocrx_word' id='word_1_366' title='bbox 2601 2264 2865 2338; x_wconf 78' lang='lat' dir='ltr'><strong>dicentis,</strong></span> <span class='ocrx_word' id='word_1_367' title='bbox 2923 2263 3184 2318; x_wconf 89' lang='lat' dir='ltr'><strong>Dominus</strong></span> <span class='ocrx_word' id='word_1_368' title='bbox 3216 2261 3400 2331; x_wconf 88' lang='lat' dir='ltr'><strong>posuit</strong></span> <span class='ocrx_word' id='word_1_369' title='bbox 3427 2270 3487 2315; x_wconf 92' lang='lat' dir='ltr'><strong>ut</strong></span> <span class='ocrx_word' id='word_1_370' title='bbox 3511 2268 3592 2314; x_wconf 86' lang='lat' dir='ltr'><strong>te-</strong></span> 
     </span>
    </p>
   </div>
   <div class='ocr_carea' id='block_1_52' title="bbox 2015 2351 3586 2426">
    <p class='ocr_par' dir='ltr' id='par_1_52' title="bbox 2015 2351 3586 2426">
     <span class='ocr_line' id='line_1_52' title="bbox 2015 2351 3586 2426; baseline -0.008 -10"><span class='ocrx_word' id='word_1_371' title='bbox 2015 2362 2344 2417; x_wconf 78' lang='lat' dir='ltr'><strong>stificaretur</strong></span> <span class='ocrx_word' id='word_1_372' title='bbox 2391 2357 2458 2411; x_wconf 89' lang='lat' dir='ltr'><strong>ad</strong></span> <span class='ocrx_word' id='word_1_373' title='bbox 2503 2353 2805 2426; x_wconf 80' lang='lat' dir='ltr'><strong>Jerusalem</strong></span> <span class='ocrx_word' id='word_1_374' title='bbox 2851 2352 3166 2422; x_wconf 88' lang='lat' dir='ltr'><strong>iniquitates</strong></span> <span class='ocrx_word' id='word_1_375' title='bbox 3191 2351 3334 2421; x_wconf 89' lang='lat' dir='ltr'><strong>ejus,</strong></span> <span class='ocrx_word' id='word_1_376' title='bbox 3366 2360 3422 2406; x_wconf 90' lang='lat' dir='ltr'><strong>et</strong></span> <span class='ocrx_word' id='word_1_377' title='bbox 3462 2351 3586 2404; x_wconf 84' lang='lat' dir='ltr'><strong>ait:</strong></span> 
     </span>
    </p>
   </div>
   <div class='ocr_carea' id='block_1_53' title="bbox 2017 2435 3590 2516">
    <p class='ocr_par' dir='ltr' id='par_1_53' title="bbox 2017 2435 3590 2516">
     <span class='ocr_line' id='line_1_53' title="bbox 2017 2435 3590 2516; baseline -0.008 -9"><span class='ocrx_word' id='word_1_378' title='bbox 2017 2453 2188 2506; x_wconf 87' lang='lat' dir='ltr'><strong>Dices.</strong></span> <span class='ocrx_word' id='word_1_379' title='bbox 2222 2449 2360 2516; x_wconf 82' lang='lat' dir='ltr'><strong>Quid</strong></span> <span class='ocrx_word' id='word_1_380' title='bbox 2384 2447 2570 2502; x_wconf 79' lang='lat' dir='ltr'><strong>dices?</strong></span> <span class='ocrx_word' id='word_1_381' title='bbox 2602 2435 2727 2500; x_wconf 68' lang='lat' dir='ltr'><strong>llaec</strong></span> <span class='ocrx_word' id='word_1_382' title='bbox 2747 2458 2871 2513; x_wconf 68' lang='lat' dir='ltr'><strong>qua:</strong></span> <span class='ocrx_word' id='word_1_383' title='bbox 2892 2451 3212 2511; x_wconf 84' lang='lat' dir='ltr'><strong>sequuntur.</strong></span> <span class='ocrx_word' id='word_1_384' title='bbox 3247 2441 3306 2496; x_wconf 88' lang='lat' dir='ltr'><strong>In</strong></span> <span class='ocrx_word' id='word_1_385' title='bbox 3330 2442 3590 2511; x_wconf 88' lang='lat' dir='ltr'><strong>propheta</strong></span> 
     </span>
    </p>
   </div>
   <div class='ocr_carea' id='block_1_54' title="bbox 2014 2534 3594 2601">
    <p class='ocr_par' dir='ltr' id='par_1_54' title="bbox 2014 2534 3594 2601">
     <span class='ocr_line' id='line_1_54' title="bbox 2014 2534 3594 2601; baseline -0.009 -3"><span class='ocrx_word' id='word_1_386' title='bbox 2014 2553 2130 2598; x_wconf 91' lang='lat' dir='ltr'><strong>erat</strong></span> <span class='ocrx_word' id='word_1_387' title='bbox 2179 2542 2470 2596; x_wconf 89' lang='lat' dir='ltr'><strong>audiente:</strong></span> <span class='ocrx_word' id='word_1_388' title='bbox 2509 2537 2694 2601; x_wconf 84' lang='lat' dir='ltr'><strong>Dices,</strong></span> <span class='ocrx_word' id='word_1_389' title='bbox 2739 2545 2922 2590; x_wconf 87' lang='lat' dir='ltr'><strong>utrum</strong></span> <span class='ocrx_word' id='word_1_390' title='bbox 2973 2534 3180 2588; x_wconf 85' lang='lat' dir='ltr'><strong>diceret</strong></span> <span class='ocrx_word' id='word_1_391' title='bbox 3221 2548 3423 2593; x_wconf 90' lang='lat' dir='ltr'><strong>necne,</strong></span> <span class='ocrx_word' id='word_1_392' title='bbox 3450 2545 3594 2601; x_wconf 86' lang='lat' dir='ltr'><strong>quo-</strong></span> 
     </span>
    </p>
   </div>
   <div class='ocr_carea' id='block_1_55' title="bbox 2015 2623 3598 2698">
    <p class='ocr_par' dir='ltr' id='par_1_55' title="bbox 2015 2623 3598 2698">
     <span class='ocr_line' id='line_1_55' title="bbox 2015 2623 3598 2698; baseline -0.009 -9"><span class='ocrx_word' id='word_1_393' title='bbox 2015 2635 2178 2689; x_wconf 90' lang='lat' dir='ltr'><strong>modo</strong></span> <span class='ocrx_word' id='word_1_394' title='bbox 2231 2631 2332 2685; x_wconf 86' lang='lat' dir='ltr'><strong>fuit</strong></span> <span class='ocrx_word' id='word_1_395' title='bbox 2376 2629 2612 2698; x_wconf 90' lang='lat' dir='ltr'><strong>positum</strong></span> <span class='ocrx_word' id='word_1_396' title='bbox 2660 2627 2712 2680; x_wconf 93' lang='lat' dir='ltr'><strong>in</strong></span> <span class='ocrx_word' id='word_1_397' title='bbox 2753 2624 2913 2681; x_wconf 80' lang='lat' dir='ltr'><strong>Jona.</strong></span> <span class='ocrx_word' id='word_1_398' title='bbox 2972 2625 3026 2678; x_wconf 91' lang='lat' dir='ltr'><strong>In</strong></span> <span class='ocrx_word' id='word_1_399' title='bbox 3077 2633 3347 2692; x_wconf 88' lang='lat' dir='ltr'><strong>potestate</strong></span> <span class='ocrx_word' id='word_1_400' title='bbox 3393 2623 3598 2692; x_wconf 85' lang='lat' dir='ltr'><strong>quippe</strong></span> 
     </span>
    </p>
   </div>
   <div class='ocr_carea' id='block_1_56' title="bbox 2013 2712 3598 2796">
    <p class='ocr_par' dir='ltr' id='par_1_56' title="bbox 2013 2712 3598 2796">
     <span class='ocr_line' id='line_1_56' title="bbox 2013 2712 3598 2796; baseline -0.01 -14"><span class='ocrx_word' id='word_1_401' title='bbox 2013 2728 2133 2796; x_wconf 89' lang='lat' dir='ltr'><strong>ejus</strong></span> <span class='ocrx_word' id='word_1_402' title='bbox 2155 2733 2273 2779; x_wconf 87' lang='lat' dir='ltr'><strong>erat</strong></span> <span class='ocrx_word' id='word_1_403' title='bbox 2295 2719 2566 2775; x_wconf 91' lang='lat' dir='ltr'><strong>audientis</strong></span> <span class='ocrx_word' id='word_1_404' title='bbox 2594 2736 2608 2772; x_wconf 89' lang='lat'><strong>:</strong></span> <span class='ocrx_word' id='word_1_405' title='bbox 2641 2717 2739 2770; x_wconf 92' lang='lat' dir='ltr'><strong>Dic</strong></span> <span class='ocrx_word' id='word_1_406' title='bbox 2763 2717 2818 2769; x_wconf 74' lang='lat' dir='ltr'><strong>‘z</strong></span> <span class='ocrx_word' id='word_1_407' title='bbox 2853 2715 3032 2769; x_wconf 78' lang='lat' dir='ltr'><strong>Adhuc</strong></span> <span class='ocrx_word' id='word_1_408' title='bbox 3062 2725 3165 2767; x_wconf 87' lang='lat' dir='ltr'><strong>tres</strong></span> <span class='ocrx_word' id='word_1_409' title='bbox 3195 2715 3302 2767; x_wconf 82' lang='lat' dir='ltr'><strong>dies</strong></span> <span class='ocrx_word' id='word_1_410' title='bbox 3327 2722 3376 2766; x_wconf 90' lang='lat' dir='ltr'><strong>et</strong></span> <span class='ocrx_word' id='word_1_411' title='bbox 3402 2712 3598 2766; x_wconf 80' lang='lat' dir='ltr'><strong>Ninire</strong></span> 
     </span>
    </p>
   </div>
   <div class='ocr_carea' id='block_1_57' title="bbox 2015 2803 3594 2873">
    <p class='ocr_par' dir='ltr' id='par_1_57' title="bbox 2015 2803 3594 2873">
     <span class='ocr_line' id='line_1_57' title="bbox 2015 2803 3594 2873; baseline -0.008 -4"><span class='ocrx_word' id='word_1_412' title='bbox 2015 2819 2382 2873; x_wconf 85' lang='lat' dir='ltr'><strong>subvertetur,</strong></span> <span class='ocrx_word' id='word_1_413' title='bbox 2414 2810 2460 2864; x_wconf 91' lang='lat' dir='ltr'><strong>si</strong></span> <span class='ocrx_word' id='word_1_414' title='bbox 2493 2808 2625 2862; x_wconf 88' lang='lat' dir='ltr'><strong>velit</strong></span> <span class='ocrx_word' id='word_1_415' title='bbox 2653 2807 2834 2861; x_wconf 88' lang='lat' dir='ltr'><strong>dicere</strong></span> <span class='ocrx_word' id='word_1_416' title='bbox 2879 2806 2965 2860; x_wconf 89' lang='lat' dir='ltr'><strong>vel</strong></span> <span class='ocrx_word' id='word_1_417' title='bbox 3018 2812 3217 2859; x_wconf 89' lang='lat' dir='ltr'><strong>tacere.</strong></span> <span class='ocrx_word' id='word_1_418' title='bbox 3269 2803 3336 2857; x_wconf 86' lang='lat' dir='ltr'><strong>Et</strong></span> <span class='ocrx_word' id='word_1_419' title='bbox 3377 2803 3505 2873; x_wconf 90' lang='lat' dir='ltr'><strong>quia</strong></span> <span class='ocrx_word' id='word_1_420' title='bbox 3538 2803 3594 2857; x_wconf 92' lang='lat' dir='ltr'><strong>in</strong></span> 
     </span>
    </p>
   </div>
   <div class='ocr_carea' id='block_1_58' title="bbox 2014 2893 3596 2972">
    <p class='ocr_par' dir='ltr' id='par_1_58' title="bbox 2014 2893 3596 2972">
     <span class='ocr_line' id='line_1_58' title="bbox 2014 2893 3596 2972; baseline -0.008 -8"><span class='ocrx_word' id='word_1_421' title='bbox 2014 2906 2243 2964; x_wconf 83' lang='lat' dir='ltr'><strong>arbitrio</strong></span> <span class='ocrx_word' id='word_1_422' title='bbox 2293 2903 2414 2972; x_wconf 88' lang='lat' dir='ltr'><strong>ejus</strong></span> <span class='ocrx_word' id='word_1_423' title='bbox 2448 2900 2682 2970; x_wconf 90' lang='lat' dir='ltr'><strong>positum</strong></span> <span class='ocrx_word' id='word_1_424' title='bbox 2714 2905 2864 2962; x_wconf 88' lang='lat' dir='ltr'><strong>erat,</strong></span> <span class='ocrx_word' id='word_1_425' title='bbox 2915 2903 2970 2951; x_wconf 90' lang='lat' dir='ltr'><strong>et</strong></span> <span class='ocrx_word' id='word_1_426' title='bbox 3004 2895 3181 2951; x_wconf 89' lang='lat' dir='ltr'><strong>noluit</strong></span> <span class='ocrx_word' id='word_1_427' title='bbox 3208 2894 3425 2960; x_wconf 87' lang='lat' dir='ltr'><strong>dicere,</strong></span> <span class='ocrx_word' id='word_1_428' title='bbox 3474 2893 3596 2952; x_wconf 84' lang='lat' dir='ltr'><strong>vide</strong></span> 
     </span>
    </p>
   </div>
   <div class='ocr_carea' id='block_1_59' title="bbox 2013 2985 3597 3068">
    <p class='ocr_par' dir='ltr' id='par_1_59' title="bbox 2013 2985 3597 3068">
     <span class='ocr_line' id='line_1_59' title="bbox 2013 2985 3597 3068; baseline -0.007 -17"><span class='ocrx_word' id='word_1_429' title='bbox 2013 3007 2217 3068; x_wconf 90' lang='lat' dir='ltr'><strong>quanta</strong></span> <span class='ocrx_word' id='word_1_430' title='bbox 2246 3012 2370 3050; x_wconf 77' lang='lat' dir='ltr'><strong>eunt</strong></span> <span class='ocrx_word' id='word_1_431' title='bbox 2407 3000 2535 3048; x_wconf 88' lang='lat' dir='ltr'><strong>sunt</strong></span> <span class='ocrx_word' id='word_1_432' title='bbox 2562 2997 2858 3043; x_wconf 84' lang='lat' dir='ltr'><strong>consecuta</strong></span> <span class='ocrx_word' id='word_1_433' title='bbox 2907 2993 3097 3056; x_wconf 89' lang='lat' dir='ltr'><strong>postea</strong></span> <span class='ocrx_word' id='word_1_434' title='bbox 3132 3005 3146 3040; x_wconf 91' lang='lat'><strong>:</strong></span> <span class='ocrx_word' id='word_1_435' title='bbox 3179 2985 3482 3055; x_wconf 83' lang='lat' dir='ltr'><strong>periclitata</strong></span> <span class='ocrx_word' id='word_1_436' title='bbox 3510 2994 3597 3040; x_wconf 88' lang='lat' dir='ltr'><strong>est</strong></span> 
     </span>
    </p>
   </div>
   <div class='ocr_carea' id='block_1_60' title="bbox 2014 3078 3596 3158">
    <p class='ocr_par' dir='ltr' id='par_1_60' title="bbox 2014 3078 3596 3158">
     <span class='ocr_line' id='line_1_60' title="bbox 2014 3078 3596 3158; baseline -0.008 -14"><span class='ocrx_word' id='word_1_437' title='bbox 2014 3091 2168 3146; x_wconf 90' lang='lat' dir='ltr'><strong>navis</strong></span> <span class='ocrx_word' id='word_1_438' title='bbox 2195 3095 2413 3158; x_wconf 86' lang='lat' dir='ltr'><strong>propter</strong></span> <span class='ocrx_word' id='word_1_439' title='bbox 2437 3099 2585 3150; x_wconf 89' lang='lat' dir='ltr'><strong>eum,</strong></span> <span class='ocrx_word' id='word_1_440' title='bbox 2616 3089 2766 3141; x_wconf 85' lang='lat' dir='ltr'><strong>sorte</strong></span> <span class='ocrx_word' id='word_1_441' title='bbox 2791 3088 3041 3149; x_wconf 90' lang='lat' dir='ltr'><strong>repertus</strong></span> <span class='ocrx_word' id='word_1_442' title='bbox 3065 3086 3150 3133; x_wconf 88' lang='lat' dir='ltr'><strong>est</strong></span> <span class='ocrx_word' id='word_1_443' title='bbox 3176 3078 3351 3134; x_wconf 88' lang='lat' dir='ltr'><strong>latens</strong></span> <span class='ocrx_word' id='word_1_444' title='bbox 3370 3119 3387 3145; x_wconf 93' lang='lat'><strong>,</strong></span> <span class='ocrx_word' id='word_1_445' title='bbox 3441 3088 3596 3134; x_wconf 88' lang='lat' dir='ltr'><strong>cetus</strong></span> 
     </span>
    </p>
   </div>
   <div class='ocr_carea' id='block_1_61' title="bbox 348 3169 3597 3268">
    <p class='ocr_par' dir='ltr' id='par_1_61' title="bbox 348 3169 3597 3268">
     <span class='ocr_line' id='line_1_61' title="bbox 348 3169 3597 3268; baseline -0.009 -17"><span class='ocrx_word' id='word_1_446' title='bbox 348 3201 430 3267; x_wconf 85' lang='lat' dir='ltr'><strong>gis</strong></span> <span class='ocrx_word' id='word_1_447' title='bbox 451 3212 614 3268; x_wconf 91' lang='lat' dir='ltr'><strong>quam</strong></span> <span class='ocrx_word' id='word_1_448' title='bbox 647 3169 961 3252; x_wconf 80' lang='lat' dir='ltr'><strong>hominibus</strong></span> <span class='ocrx_word' id='word_1_449' title='bbox 995 3197 1420 3266; x_wconf 90' lang='lat' dir='ltr'><strong>contempserint</strong></span> <span class='ocrx_word' id='word_1_450' title='bbox 1460 3206 1723 3264; x_wconf 87' lang='lat' dir='ltr'><strong>mortem,</strong></span> <span class='ocrx_word' id='word_1_451' title='bbox 1767 3195 1910 3266; x_wconf 87' lang='lat' dir='ltr'><strong>peri-</strong></span> <span class='ocrx_word' id='word_1_452' title='bbox 1937 3203 1980 3260; x_wconf 76' lang='grc' dir='ltr'>α</span> <span class='ocrx_word' id='word_1_453' title='bbox 2012 3181 2296 3238; x_wconf 64' lang='lat' dir='ltr'><strong>devoravit</strong></span> <span class='ocrx_word' id='word_1_454' title='bbox 2350 3179 2643 3248; x_wconf 69' lang='lat' dir='ltr'><strong>abiectum.</strong></span> <span class='ocrx_word' id='word_1_455' title='bbox 2698 3170 2763 3228; x_wconf 84' lang='grc' dir='ltr'><strong>ΙΙί</strong></span> <span class='ocrx_word' id='word_1_456' title='bbox 2795 3186 2928 3268; x_wconf 72' lang='grc' dir='ltr'><strong>ει·ξο</strong></span> <span class='ocrx_word' id='word_1_457' title='bbox 2958 3169 3597 3268; x_wconf 50' lang='lat' dir='ltr'><strong>prophetarquicunque</strong></span> 
     </span>
    </p>
   </div>
   <div class='ocr_carea' id='block_1_62' title="bbox 345 3287 1912 3358">
    <p class='ocr_par' dir='ltr' id='par_1_62' title="bbox 345 3287 1912 3358">
     <span class='ocr_line' id='line_1_62' title="bbox 345 3287 1912 3358; baseline 0.003 -18"><span class='ocrx_word' id='word_1_458' title='bbox 345 3289 487 3350; x_wconf 81' lang='lat' dir='ltr'><strong>cula,</strong></span> <span class='ocrx_word' id='word_1_459' title='bbox 518 3287 898 3352; x_wconf 90' lang='lat' dir='ltr'><strong>contumelias,</strong></span> <span class='ocrx_word' id='word_1_460' title='bbox 933 3295 984 3341; x_wconf 90' lang='lat' dir='ltr'><strong>et</strong></span> <span class='ocrx_word' id='word_1_461' title='bbox 1014 3288 1196 3342; x_wconf 91' lang='lat' dir='ltr'><strong>omnia</strong></span> <span class='ocrx_word' id='word_1_462' title='bbox 1229 3303 1350 3358; x_wconf 71' lang='lat' dir='ltr'><strong>qua:</strong></span> <span class='ocrx_word' id='word_1_463' title='bbox 1391 3287 1538 3356; x_wconf 88' lang='lat' dir='ltr'><strong>passi</strong></span> <span class='ocrx_word' id='word_1_464' title='bbox 1575 3296 1703 3343; x_wconf 90' lang='lat' dir='ltr'><strong>sunt</strong></span> <span class='ocrx_word' id='word_1_465' title='bbox 1731 3289 1800 3343; x_wconf 86' lang='lat' dir='ltr'><strong>ab</strong></span> <span class='ocrx_word' id='word_1_466' title='bbox 1833 3291 1912 3345; x_wconf 91' lang='lat' dir='ltr'><strong>eis</strong></span> 
     </span>
    </p>
   </div>
   <div class='ocr_carea' id='block_1_63' title="bbox 345 3377 1912 3450">
    <p class='ocr_par' dir='ltr' id='par_1_63' title="bbox 345 3377 1912 3450">
     <span class='ocr_line' id='line_1_63' title="bbox 345 3377 1912 3450; baseline 0.003 -19"><span class='ocrx_word' id='word_1_467' title='bbox 345 3381 438 3445; x_wconf 83' lang='lat' dir='ltr'><strong>qui</strong></span> <span class='ocrx_word' id='word_1_468' title='bbox 477 3377 863 3450; x_wconf 80' lang='lat' dir='ltr'><strong>arguebantur,</strong></span> <span class='ocrx_word' id='word_1_469' title='bbox 914 3378 1043 3432; x_wconf 91' lang='lat' dir='ltr'><strong>dum</strong></span> <span class='ocrx_word' id='word_1_470' title='bbox 1087 3379 1352 3433; x_wconf 91' lang='lat' dir='ltr'><strong>voluntati</strong></span> <span class='ocrx_word' id='word_1_471' title='bbox 1384 3378 1478 3432; x_wconf 91' lang='lat' dir='ltr'><strong>Dei</strong></span> <span class='ocrx_word' id='word_1_472' title='bbox 1525 3379 1579 3433; x_wconf 91' lang='lat' dir='ltr'><strong>in</strong></span> <span class='ocrx_word' id='word_1_473' title='bbox 1617 3381 1912 3450; x_wconf 83' lang='lat' dir='ltr'><strong>propheta-</strong></span> 
     </span>
    </p>
   </div>
   <div class='ocr_carea' id='block_1_64' title="bbox 345 3466 1910 3538">
    <p class='ocr_par' dir='ltr' id='par_1_64' title="bbox 345 3466 1910 3538">
     <span class='ocr_line' id='line_1_64' title="bbox 345 3466 1910 3538; baseline 0.002 -16"><span class='ocrx_word' id='word_1_474' title='bbox 345 3470 492 3523; x_wconf 90' lang='lat' dir='ltr'><strong>tione</strong></span> <span class='ocrx_word' id='word_1_475' title='bbox 521 3466 854 3524; x_wconf 90' lang='lat' dir='ltr'><strong>deserviunt.</strong></span> <span class='ocrx_word' id='word_1_476' title='bbox 885 3466 1231 3523; x_wconf 64' lang='lat' dir='ltr'><strong>Admirabar</strong></span> <span class='ocrx_word' id='word_1_477' title='bbox 1257 3468 1533 3538; x_wconf 90' lang='lat' dir='ltr'><strong>quondam</strong></span> <span class='ocrx_word' id='word_1_478' title='bbox 1574 3468 1768 3523; x_wconf 86' lang='lat' dir='ltr'><strong>Isaiam</strong></span> <span class='ocrx_word' id='word_1_479' title='bbox 1812 3486 1910 3525; x_wconf 89' lang='lat' dir='ltr'><strong>an-</strong></span> 
     </span>
    </p>
   </div>
   <div class='ocr_carea' id='block_1_65' title="bbox 345 3558 1911 3630">
    <p class='ocr_par' dir='ltr' id='par_1_65' title="bbox 345 3558 1911 3630">
     <span class='ocr_line' id='line_1_65' title="bbox 345 3558 1911 3630; baseline 0.001 -15"><span class='ocrx_word' id='word_1_480' title='bbox 345 3572 557 3630; x_wconf 76' lang='lat' dir='ltr'><strong>tequam</strong></span> <span class='ocrx_word' id='word_1_481' title='bbox 601 3573 974 3629; x_wconf 90' lang='lat' dir='ltr'><strong>compararem</strong></span> <span class='ocrx_word' id='word_1_482' title='bbox 1011 3558 1276 3614; x_wconf 87' lang='lat' dir='ltr'><strong>Ezechieli</strong></span> <span class='ocrx_word' id='word_1_483' title='bbox 1304 3600 1319 3624; x_wconf 94' lang='lat'><strong>,</strong></span> <span class='ocrx_word' id='word_1_484' title='bbox 1361 3567 1416 3614; x_wconf 90' lang='lat' dir='ltr'><strong>et</strong></span> <span class='ocrx_word' id='word_1_485' title='bbox 1459 3561 1911 3630; x_wconf 82' lang='lat' dir='ltr'><strong>obstupescebatu</strong></span> 
     </span>
    </p>
   </div>
   <div class='ocr_carea' id='block_1_66' title="bbox 343 3647 1912 3720">
    <p class='ocr_par' dir='ltr' id='par_1_66' title="bbox 343 3647 1912 3720">
     <span class='ocr_line' id='line_1_66' title="bbox 343 3647 1912 3720; baseline 0.002 -17"><span class='ocrx_word' id='word_1_486' title='bbox 343 3654 617 3720; x_wconf 88' lang='lat' dir='ltr'><strong>quomodo</strong></span> <span class='ocrx_word' id='word_1_487' title='bbox 641 3649 846 3704; x_wconf 85' lang='lat' dir='ltr'><strong>diceret</strong></span> <span class='ocrx_word' id='word_1_488' title='bbox 866 3651 887 3680; x_wconf 75' lang='lat'>&#39;</span> <span class='ocrx_word' id='word_1_489' title='bbox 913 3664 926 3700; x_wconf 92' lang='lat'><strong>:</strong></span> <span class='ocrx_word' id='word_1_490' title='bbox 955 3647 1151 3703; x_wconf 83' lang='lat' dir='ltr'><strong>Audite</strong></span> <span class='ocrx_word' id='word_1_491' title='bbox 1187 3665 1476 3703; x_wconf 83' lang='lat' dir='ltr'><strong>sermonem</strong></span> <span class='ocrx_word' id='word_1_492' title='bbox 1500 3647 1737 3715; x_wconf 85' lang='lat' dir='ltr'><strong>Domini,</strong></span> <span class='ocrx_word' id='word_1_493' title='bbox 1767 3654 1912 3720; x_wconf 86' lang='lat' dir='ltr'><strong>prin-</strong></span> 
     </span>
    </p>
   </div>
   <div class='ocr_carea' id='block_1_67' title="bbox 345 3738 1914 3812">
    <p class='ocr_par' dir='ltr' id='par_1_67' title="bbox 345 3738 1914 3812">
     <span class='ocr_line' id='line_1_67' title="bbox 345 3738 1914 3812; baseline 0.001 -17"><span class='ocrx_word' id='word_1_494' title='bbox 345 3743 484 3812; x_wconf 79' lang='lat' dir='ltr'><strong>cipes</strong></span> <span class='ocrx_word' id='word_1_495' title='bbox 529 3739 899 3804; x_wconf 83' lang='lat' dir='ltr'><strong>Sodomorum,</strong></span> <span class='ocrx_word' id='word_1_496' title='bbox 947 3741 1203 3794; x_wconf 84' lang='lat' dir='ltr'><strong>attendite</strong></span> <span class='ocrx_word' id='word_1_497' title='bbox 1243 3739 1405 3808; x_wconf 85' lang='lat' dir='ltr'><strong>legem</strong></span> <span class='ocrx_word' id='word_1_498' title='bbox 1429 3738 1666 3805; x_wconf 84' lang='lat' dir='ltr'><strong>Domini,</strong></span> <span class='ocrx_word' id='word_1_499' title='bbox 1692 3742 1914 3810; x_wconf 86' lang='lat' dir='ltr'><strong>populus</strong></span> 
     </span>
    </p>
   </div>
   <div class='ocr_carea' id='block_1_68' title="bbox 349 3830 1913 3898">
    <p class='ocr_par' dir='ltr' id='par_1_68' title="bbox 349 3830 1913 3898">
     <span class='ocr_line' id='line_1_68' title="bbox 349 3830 1913 3898; baseline -0.002 -9"><span class='ocrx_word' id='word_1_500' title='bbox 349 3833 673 3889; x_wconf 78' lang='lat' dir='ltr'><strong>Gomorrhte.</strong></span> <span class='ocrx_word' id='word_1_501' title='bbox 700 3831 816 3897; x_wconf 80' lang='lat' dir='ltr'><strong>Quo</strong></span> <span class='ocrx_word' id='word_1_502' title='bbox 839 3831 967 3885; x_wconf 89' lang='lat' dir='ltr'><strong>mihi</strong></span> <span class='ocrx_word' id='word_1_503' title='bbox 991 3830 1380 3884; x_wconf 84' lang='lat' dir='ltr'><strong>multitudinem</strong></span> <span class='ocrx_word' id='word_1_504' title='bbox 1412 3832 1796 3898; x_wconf 78' lang='lat' dir='ltr'><strong>sacrificiorum</strong></span> <span class='ocrx_word' id='word_1_505' title='bbox 1830 3849 1913 3886; x_wconf 84' lang='lat' dir='ltr'><strong>ve-</strong></span> 
     </span>
    </p>
   </div>
   <div class='ocr_carea' id='block_1_69' title="bbox 343 3922 1915 3992">
    <p class='ocr_par' dir='ltr' id='par_1_69' title="bbox 343 3922 1915 3992">
     <span class='ocr_line' id='line_1_69' title="bbox 343 3922 1915 3992; baseline -0.003 -12"><span class='ocrx_word' id='word_1_506' title='bbox 343 3937 598 3992; x_wconf 84' lang='lat' dir='ltr'><strong>strorum,</strong></span> <span class='ocrx_word' id='word_1_507' title='bbox 623 3926 751 3978; x_wconf 89' lang='lat' dir='ltr'><strong>dicit</strong></span> <span class='ocrx_word' id='word_1_508' title='bbox 783 3923 1079 3976; x_wconf 82' lang='lat' dir='ltr'><strong>Dominus?</strong></span> <span class='ocrx_word' id='word_1_509' title='bbox 1099 3922 1321 3977; x_wconf 87' lang='lat' dir='ltr'><strong>Dicebat</strong></span> <span class='ocrx_word' id='word_1_510' title='bbox 1335 3922 1480 3976; x_wconf 91' lang='lat' dir='ltr'><strong>enim</strong></span> <span class='ocrx_word' id='word_1_511' title='bbox 1508 3922 1621 3976; x_wconf 69' lang='lat' dir='ltr'><strong>haec</strong></span> <span class='ocrx_word' id='word_1_512' title='bbox 1639 3937 1762 3976; x_wconf 90' lang='lat' dir='ltr'><strong>cum</strong></span> <span class='ocrx_word' id='word_1_513' title='bbox 1790 3939 1915 3992; x_wconf 85' lang='lat' dir='ltr'><strong>pos-</strong></span> 
     </span>
    </p>
   </div>
   <div class='ocr_carea' id='block_1_70' title="bbox 344 4012 1916 4084">
    <p class='ocr_par' dir='ltr' id='par_1_70' title="bbox 344 4012 1916 4084">
     <span class='ocr_line' id='line_1_70' title="bbox 344 4012 1916 4084; baseline -0.004 -9"><span class='ocrx_word' id='word_1_514' title='bbox 344 4031 429 4075; x_wconf 84' lang='lat' dir='ltr'><strong>set</strong></span> <span class='ocrx_word' id='word_1_515' title='bbox 449 4019 651 4079; x_wconf 88' lang='lat' dir='ltr'><strong>dicere,</strong></span> <span class='ocrx_word' id='word_1_516' title='bbox 675 4017 762 4072; x_wconf 89' lang='lat' dir='ltr'><strong>vel</strong></span> <span class='ocrx_word' id='word_1_517' title='bbox 786 4025 980 4072; x_wconf 89' lang='lat' dir='ltr'><strong>tacere.</strong></span> <span class='ocrx_word' id='word_1_518' title='bbox 1017 4012 1202 4084; x_wconf 85' lang='lat' dir='ltr'><strong>Neque</strong></span> <span class='ocrx_word' id='word_1_519' title='bbox 1223 4015 1368 4068; x_wconf 92' lang='lat' dir='ltr'><strong>enim</strong></span> <span class='ocrx_word' id='word_1_520' title='bbox 1389 4013 1490 4084; x_wconf 84' lang='grc'><strong>(9),</strong></span> <span class='ocrx_word' id='word_1_521' title='bbox 1509 4023 1569 4067; x_wconf 91' lang='lat' dir='ltr'><strong>ut</strong></span> <span class='ocrx_word' id='word_1_522' title='bbox 1587 4014 1804 4083; x_wconf 90' lang='lat' dir='ltr'><strong>quidam</strong></span> <span class='ocrx_word' id='word_1_523' title='bbox 1824 4031 1916 4070; x_wconf 91' lang='lat' dir='ltr'><strong>su—</strong></span> 
     </span>
    </p>
   </div>
   <div class='ocr_carea' id='block_1_71' title="bbox 344 4106 1916 4180">
    <p class='ocr_par' dir='ltr' id='par_1_71' title="bbox 344 4106 1916 4180">
     <span class='ocr_line' id='line_1_71' title="bbox 344 4106 1916 4180; baseline -0.003 -14"><span class='ocrx_word' id='word_1_524' title='bbox 344 4110 647 4180; x_wconf 89' lang='lat' dir='ltr'><strong>spicantur,</strong></span> <span class='ocrx_word' id='word_1_525' title='bbox 672 4116 850 4164; x_wconf 90' lang='lat' dir='ltr'><strong>mente</strong></span> <span class='ocrx_word' id='word_1_526' title='bbox 869 4106 1498 4176; x_wconf 70' lang='lat' dir='ltr'><strong>excidebantprophetae,</strong></span> <span class='ocrx_word' id='word_1_527' title='bbox 1514 4117 1567 4160; x_wconf 93' lang='lat' dir='ltr'><strong>et</strong></span> <span class='ocrx_word' id='word_1_528' title='bbox 1588 4120 1651 4159; x_wconf 83' lang='lat' dir='ltr'><strong>ex</strong></span> <span class='ocrx_word' id='word_1_529' title='bbox 1680 4108 1916 4162; x_wconf 90' lang='lat' dir='ltr'><strong>necessi-</strong></span> 
     </span>
    </p>
   </div>
   <div class='ocr_carea' id='block_1_72' title="bbox 347 4194 1912 4267">
    <p class='ocr_par' dir='ltr' id='par_1_72' title="bbox 347 4194 1912 4267">
     <span class='ocr_line' id='line_1_72' title="bbox 347 4194 1912 4267; baseline -0.002 -12"><span class='ocrx_word' id='word_1_530' title='bbox 347 4209 459 4255; x_wconf 87' lang='lat' dir='ltr'><strong>tate</strong></span> <span class='ocrx_word' id='word_1_531' title='bbox 482 4199 705 4267; x_wconf 91' lang='lat' dir='ltr'><strong>spiritus</strong></span> <span class='ocrx_word' id='word_1_532' title='bbox 725 4197 1106 4267; x_wconf 87' lang='lat' dir='ltr'><strong>loquebantur.</strong></span> <span class='ocrx_word' id='word_1_533' title='bbox 1140 4195 1200 4251; x_wconf 89' lang='lat' dir='ltr'><strong>Si</strong></span> <span class='ocrx_word' id='word_1_534' title='bbox 1221 4196 1338 4262; x_wconf 87' lang='lat' dir='ltr'><strong>alii,</strong></span> <span class='ocrx_word' id='word_1_535' title='bbox 1367 4194 1852 4266; x_wconf 84' lang='lat' dir='ltr'><strong>inquitApostolus</strong></span> <span class='ocrx_word' id='word_1_536' title='bbox 1872 4197 1912 4258; x_wconf 86' lang='grc'><em>³,</em></span> 
     </span>
    </p>
   </div>
   <div class='ocr_carea' id='block_1_73' title="bbox 348 4287 1914 4360">
    <p class='ocr_par' dir='ltr' id='par_1_73' title="bbox 348 4287 1914 4360">
     <span class='ocr_line' id='line_1_73' title="bbox 348 4287 1914 4360; baseline -0.002 -16"><span class='ocrx_word' id='word_1_537' title='bbox 348 4291 630 4346; x_wconf 88' lang='lat' dir='ltr'><strong>revelatum</strong></span> <span class='ocrx_word' id='word_1_538' title='bbox 656 4291 819 4360; x_wconf 82' lang='lat' dir='ltr'><strong>fuerit</strong></span> <span class='ocrx_word' id='word_1_539' title='bbox 841 4293 1064 4357; x_wconf 84' lang='lat' dir='ltr'><strong>sedenti,</strong></span> <span class='ocrx_word' id='word_1_540' title='bbox 1088 4292 1234 4360; x_wconf 88' lang='lat' dir='ltr'><strong>prior</strong></span> <span class='ocrx_word' id='word_1_541' title='bbox 1263 4297 1455 4343; x_wconf 87' lang='lat' dir='ltr'><strong>taceat.</strong></span> <span class='ocrx_word' id='word_1_542' title='bbox 1489 4287 1568 4342; x_wconf 84' lang='lat' dir='ltr'><strong>Ex</strong></span> <span class='ocrx_word' id='word_1_543' title='bbox 1596 4301 1706 4357; x_wconf 87' lang='lat' dir='ltr'><strong>quo</strong></span> <span class='ocrx_word' id='word_1_544' title='bbox 1735 4297 1914 4342; x_wconf 83' lang='lat' dir='ltr'><strong>osten-</strong></span> 
     </span>
    </p>
   </div>
   <div class='ocr_carea' id='block_1_74' title="bbox 345 4377 1916 4452">
    <p class='ocr_par' dir='ltr' id='par_1_74' title="bbox 345 4377 1916 4452">
     <span class='ocr_line' id='line_1_74' title="bbox 345 4377 1916 4452; baseline -0.004 -16"><span class='ocrx_word' id='word_1_545' title='bbox 345 4383 494 4436; x_wconf 90' lang='lat' dir='ltr'><strong>ditur</strong></span> <span class='ocrx_word' id='word_1_546' title='bbox 517 4390 838 4452; x_wconf 87' lang='lat' dir='ltr'><strong>potestatem</strong></span> <span class='ocrx_word' id='word_1_547' title='bbox 862 4383 1062 4436; x_wconf 87' lang='lat' dir='ltr'><strong>habere</strong></span> <span class='ocrx_word' id='word_1_548' title='bbox 1085 4396 1212 4436; x_wconf 90' lang='lat' dir='ltr'><strong>eum</strong></span> <span class='ocrx_word' id='word_1_549' title='bbox 1237 4380 1328 4451; x_wconf 91' lang='lat' dir='ltr'><strong>qui</strong></span> <span class='ocrx_word' id='word_1_550' title='bbox 1353 4380 1626 4448; x_wconf 90' lang='lat' dir='ltr'><strong>loquatur,</strong></span> <span class='ocrx_word' id='word_1_551' title='bbox 1649 4393 1771 4433; x_wconf 91' lang='lat' dir='ltr'><strong>cum</strong></span> <span class='ocrx_word' id='word_1_552' title='bbox 1788 4377 1916 4431; x_wconf 90' lang='lat' dir='ltr'><strong>velit</strong></span> 
     </span>
    </p>
   </div>
   <div class='ocr_carea' id='block_1_75' title="bbox 344 4466 1909 4534">
    <p class='ocr_par' dir='ltr' id='par_1_75' title="bbox 344 4466 1909 4534">
     <span class='ocr_line' id='line_1_75' title="bbox 344 4466 1909 4534; baseline -0.003 -9"><span class='ocrx_word' id='word_1_553' title='bbox 344 4470 549 4534; x_wconf 88' lang='lat' dir='ltr'><strong>dicere,</strong></span> <span class='ocrx_word' id='word_1_554' title='bbox 578 4481 630 4525; x_wconf 90' lang='lat' dir='ltr'><strong>et</strong></span> <span class='ocrx_word' id='word_1_555' title='bbox 657 4487 780 4526; x_wconf 92' lang='lat' dir='ltr'><strong>cum</strong></span> <span class='ocrx_word' id='word_1_556' title='bbox 802 4471 930 4525; x_wconf 88' lang='lat' dir='ltr'><strong>velit</strong></span> <span class='ocrx_word' id='word_1_557' title='bbox 958 4479 1156 4524; x_wconf 87' lang='lat' dir='ltr'><strong>tacere.</strong></span> <span class='ocrx_word' id='word_1_558' title='bbox 1201 4467 1267 4522; x_wconf 85' lang='lat' dir='ltr'><strong>Et</strong></span> <span class='ocrx_word' id='word_1_559' title='bbox 1295 4468 1360 4522; x_wconf 90' lang='lat' dir='ltr'><strong>ad</strong></span> <span class='ocrx_word' id='word_1_560' title='bbox 1387 4466 1605 4522; x_wconf 87' lang='lat' dir='ltr'><strong>Balaam</strong></span> <span class='ocrx_word' id='word_1_561' title='bbox 1640 4467 1836 4521; x_wconf 85' lang='lat' dir='ltr'><strong>dicitur</strong></span> <span class='ocrx_word' id='word_1_562' title='bbox 1857 4466 1909 4520; x_wconf 68' lang='grc' dir='ltr'><strong>*ε</strong></span> 
     </span>
    </p>
   </div>
   <div class='ocr_carea' id='block_1_76' title="bbox 2014 3260 3596 3342">
    <p class='ocr_par' dir='ltr' id='par_1_76' title="bbox 2014 3260 3596 3342">
     <span class='ocr_line' id='line_1_76' title="bbox 2014 3260 3596 3342; baseline -0.008 -15"><span class='ocrx_word' id='word_1_563' title='bbox 2014 3281 2141 3342; x_wconf 90' lang='lat' dir='ltr'><strong>post</strong></span> <span class='ocrx_word' id='word_1_564' title='bbox 2165 3269 2362 3324; x_wconf 85' lang='lat' dir='ltr'><strong>Jonam</strong></span> <span class='ocrx_word' id='word_1_565' title='bbox 2409 3269 2662 3332; x_wconf 85' lang='lat' dir='ltr'><strong>fuerunt,</strong></span> <span class='ocrx_word' id='word_1_566' title='bbox 2694 3260 3108 3321; x_wconf 80' lang='lat' dir='ltr'><strong>considerantes</strong></span> <span class='ocrx_word' id='word_1_567' title='bbox 3137 3261 3364 3318; x_wconf 82' lang='lat' dir='ltr'><strong>forsitan</strong></span> <span class='ocrx_word' id='word_1_568' title='bbox 3386 3277 3449 3317; x_wconf 89' lang='lat' dir='ltr'><strong>ea</strong></span> <span class='ocrx_word' id='word_1_569' title='bbox 3473 3277 3596 3332; x_wconf 67' lang='lat' dir='ltr'><strong>qua:</strong></span> 
     </span>
    </p>
   </div>
   <div class='ocr_carea' id='block_1_77' title="bbox 2012 3351 3592 3424">
    <p class='ocr_par' dir='ltr' id='par_1_77' title="bbox 2012 3351 3592 3424">
     <span class='ocr_line' id='line_1_77' title="bbox 2012 3351 3592 3424; baseline -0.007 -10"><span class='ocrx_word' id='word_1_570' title='bbox 2012 3370 2276 3417; x_wconf 88' lang='lat' dir='ltr'><strong>venerunt</strong></span> <span class='ocrx_word' id='word_1_571' title='bbox 2305 3359 2354 3414; x_wconf 90' lang='lat' dir='ltr'><strong>ei</strong></span> <span class='ocrx_word' id='word_1_572' title='bbox 2383 3398 2398 3424; x_wconf 97' lang='lat'><strong>,</strong></span> <span class='ocrx_word' id='word_1_573' title='bbox 2425 3358 2541 3411; x_wconf 90' lang='lat' dir='ltr'><strong>sive</strong></span> <span class='ocrx_word' id='word_1_574' title='bbox 2565 3356 2685 3409; x_wconf 89' lang='lat' dir='ltr'><strong>aliis</strong></span> <span class='ocrx_word' id='word_1_575' title='bbox 2721 3352 2998 3423; x_wconf 82' lang='lat' dir='ltr'><strong>prophetis</strong></span> <span class='ocrx_word' id='word_1_576' title='bbox 3017 3393 3033 3418; x_wconf 92' lang='lat'><strong>,</strong></span> <span class='ocrx_word' id='word_1_577' title='bbox 3056 3351 3306 3406; x_wconf 85' lang='lat' dir='ltr'><strong>videbant</strong></span> <span class='ocrx_word' id='word_1_578' title='bbox 3333 3351 3592 3420; x_wconf 83' lang='lat' dir='ltr'><strong>quoniam</strong></span> 
     </span>
    </p>
   </div>
   <div class='ocr_carea' id='block_1_78' title="bbox 2014 3440 3591 3521">
    <p class='ocr_par' dir='ltr' id='par_1_78' title="bbox 2014 3440 3591 3521">
     <span class='ocr_line' id='line_1_78' title="bbox 2014 3440 3591 3521; baseline -0.008 -12"><span class='ocrx_word' id='word_1_579' title='bbox 2014 3470 2078 3510; x_wconf 83' lang='lat' dir='ltr'><strong>cx</strong></span> <span class='ocrx_word' id='word_1_580' title='bbox 2105 3453 2255 3508; x_wconf 90' lang='lat' dir='ltr'><strong>omni</strong></span> <span class='ocrx_word' id='word_1_581' title='bbox 2291 3459 2442 3521; x_wconf 90' lang='lat' dir='ltr'><strong>parte</strong></span> <span class='ocrx_word' id='word_1_582' title='bbox 2469 3447 2734 3518; x_wconf 71' lang='lat' dir='ltr'><strong>angustia:</strong></span> <span class='ocrx_word' id='word_1_583' title='bbox 2755 3445 2834 3501; x_wconf 90' lang='lat' dir='ltr'><strong>eis</strong></span> <span class='ocrx_word' id='word_1_584' title='bbox 2865 3442 3253 3498; x_wconf 88' lang='lat' dir='ltr'><strong>imminebant:</strong></span> <span class='ocrx_word' id='word_1_585' title='bbox 3289 3440 3591 3497; x_wconf 85' lang='lat' dir='ltr'><strong>secundum</strong></span> 
     </span>
    </p>
   </div>
   <div class='ocr_carea' id='block_1_79' title="bbox 2017 3534 3591 3612">
    <p class='ocr_par' dir='ltr' id='par_1_79' title="bbox 2017 3534 3591 3612">
     <span class='ocr_line' id='line_1_79' title="bbox 2017 3534 3591 3612; baseline -0.01 -11"><span class='ocrx_word' id='word_1_586' title='bbox 2017 3546 2277 3601; x_wconf 61' lang='lat' dir='ltr'><strong>saeculum</strong></span> <span class='ocrx_word' id='word_1_587' title='bbox 2306 3538 2646 3612; x_wconf 89' lang='lat' dir='ltr'><strong>persecutio,</strong></span> <span class='ocrx_word' id='word_1_588' title='bbox 2696 3536 2742 3592; x_wconf 87' lang='lat' dir='ltr'><strong>si</strong></span> <span class='ocrx_word' id='word_1_589' title='bbox 2791 3535 3035 3590; x_wconf 86' lang='lat' dir='ltr'><strong>dicerent</strong></span> <span class='ocrx_word' id='word_1_590' title='bbox 3076 3547 3238 3599; x_wconf 87' lang='lat' dir='ltr'><strong>vera;</strong></span> <span class='ocrx_word' id='word_1_591' title='bbox 3290 3534 3591 3587; x_wconf 87' lang='lat' dir='ltr'><strong>secundum</strong></span> 
     </span>
    </p>
   </div>
   <div class='ocr_carea' id='block_1_80' title="bbox 2017 3620 3596 3693">
    <p class='ocr_par' dir='ltr' id='par_1_80' title="bbox 2017 3620 3596 3693">
     <span class='ocr_line' id='line_1_80' title="bbox 2017 3620 3596 3693; baseline -0.008 -4"><span class='ocrx_word' id='word_1_592' title='bbox 2017 3635 2308 3689; x_wconf 89' lang='lat' dir='ltr'><strong>Dominum</strong></span> <span class='ocrx_word' id='word_1_593' title='bbox 2338 3631 2543 3685; x_wconf 67' lang='lat' dir='ltr'><strong>offensa</strong></span> <span class='ocrx_word' id='word_1_594' title='bbox 2565 3666 2580 3693; x_wconf 93' lang='lat'><strong>,</strong></span> <span class='ocrx_word' id='word_1_595' title='bbox 2616 3627 2663 3682; x_wconf 89' lang='lat' dir='ltr'><strong>si</strong></span> <span class='ocrx_word' id='word_1_596' title='bbox 2698 3627 2950 3680; x_wconf 84' lang='lat' dir='ltr'><strong>timentes</strong></span> <span class='ocrx_word' id='word_1_597' title='bbox 2997 3623 3248 3678; x_wconf 85' lang='lat' dir='ltr'><strong>homines</strong></span> <span class='ocrx_word' id='word_1_598' title='bbox 3289 3620 3596 3691; x_wconf 88' lang='lat' dir='ltr'><strong>proferrent</strong></span> 
     </span>
    </p>
   </div>
   <div class='ocr_carea' id='block_1_81' title="bbox 2015 3721 2467 3793">
    <p class='ocr_par' dir='ltr' id='par_1_81' title="bbox 2015 3721 2467 3793">
     <span class='ocr_line' id='line_1_81' title="bbox 2015 3721 2467 3793; baseline -0.018 -11"><span class='ocrx_word' id='word_1_599' title='bbox 2015 3727 2152 3782; x_wconf 90' lang='lat' dir='ltr'><strong>falsa</strong></span> <span class='ocrx_word' id='word_1_600' title='bbox 2175 3739 2276 3793; x_wconf 91' lang='lat' dir='ltr'><strong>pro</strong></span> <span class='ocrx_word' id='word_1_601' title='bbox 2302 3721 2467 3780; x_wconf 81' lang='lat' dir='ltr'><strong>veris.</strong></span> 
     </span>
    </p>
   </div>
   <div class='ocr_carea' id='block_1_82' title="bbox 2086 3801 3595 3869">
    <p class='ocr_par' dir='ltr' id='par_1_82' title="bbox 2086 3801 3595 3869">
     <span class='ocr_line' id='line_1_82' title="bbox 2086 3801 3595 3869; baseline -0.005 -3"><span class='ocrx_word' id='word_1_602' title='bbox 2086 3816 2140 3866; x_wconf 72' lang='lat'><strong>3.</strong></span> <span class='ocrx_word' id='word_1_603' title='bbox 2181 3801 2392 3866; x_wconf 76' lang='lat' dir='ltr'><strong>Idcirco</strong></span> <span class='ocrx_word' id='word_1_604' title='bbox 2413 3806 2734 3863; x_wconf 81' lang='lat' dir='ltr'><strong>testificatus</strong></span> <span class='ocrx_word' id='word_1_605' title='bbox 2771 3812 2856 3860; x_wconf 89' lang='lat' dir='ltr'><strong>est</strong></span> <span class='ocrx_word' id='word_1_606' title='bbox 2877 3803 3156 3869; x_wconf 83' lang='lat' dir='ltr'><strong>Ezechiel,</strong></span> <span class='ocrx_word' id='word_1_607' title='bbox 3196 3811 3252 3860; x_wconf 87' lang='lat' dir='ltr'><strong>et</strong></span> <span class='ocrx_word' id='word_1_608' title='bbox 3283 3813 3442 3859; x_wconf 86' lang='lat' dir='ltr'><strong>notas</strong></span> <span class='ocrx_word' id='word_1_609' title='bbox 3467 3803 3595 3859; x_wconf 79' lang='lat' dir='ltr'><strong>fecit</strong></span> 
     </span>
    </p>
   </div>
   <div class='ocr_carea' id='block_1_83' title="bbox 2015 3893 3594 3968">
    <p class='ocr_par' dir='ltr' id='par_1_83' title="bbox 2015 3893 3594 3968">
     <span class='ocr_line' id='line_1_83' title="bbox 2015 3893 3594 3968; baseline -0.007 -8"><span class='ocrx_word' id='word_1_610' title='bbox 2015 3903 2313 3961; x_wconf 86' lang='lat' dir='ltr'><strong>Jerusalem</strong></span> <span class='ocrx_word' id='word_1_611' title='bbox 2365 3899 2679 3968; x_wconf 87' lang='lat' dir='ltr'><strong>iniquitates</strong></span> <span class='ocrx_word' id='word_1_612' title='bbox 2729 3896 2872 3966; x_wconf 88' lang='lat' dir='ltr'><strong>ejus,</strong></span> <span class='ocrx_word' id='word_1_613' title='bbox 2931 3903 2987 3950; x_wconf 86' lang='lat' dir='ltr'><strong>et</strong></span> <span class='ocrx_word' id='word_1_614' title='bbox 3030 3894 3214 3950; x_wconf 82' lang='lat' dir='ltr'><strong>dixit&quot;</strong></span> <span class='ocrx_word' id='word_1_615' title='bbox 3249 3893 3429 3964; x_wconf 20' lang='lat' dir='ltr'><strong>:ﬂHcc</strong></span> <span class='ocrx_word' id='word_1_616' title='bbox 3459 3895 3594 3949; x_wconf 84' lang='lat' dir='ltr'><strong>dicit</strong></span> 
     </span>
    </p>
   </div>
   <div class='ocr_carea' id='block_1_84' title="bbox 2017 3989 3594 4060">
    <p class='ocr_par' dir='ltr' id='par_1_84' title="bbox 2017 3989 3594 4060">
     <span class='ocr_line' id='line_1_84' title="bbox 2017 3989 3594 4060; baseline -0.008 -4"><span class='ocrx_word' id='word_1_617' title='bbox 2017 4001 2276 4056; x_wconf 85' lang='lat' dir='ltr'><strong>Dominus</strong></span> <span class='ocrx_word' id='word_1_618' title='bbox 2299 4012 2319 4051; x_wconf 89' lang='lat'><strong>:</strong></span> <span class='ocrx_word' id='word_1_619' title='bbox 2351 3995 2526 4049; x_wconf 78' lang='lat' dir='ltr'><strong>Radix</strong></span> <span class='ocrx_word' id='word_1_620' title='bbox 2557 4002 2650 4048; x_wconf 87' lang='lat' dir='ltr'><strong>tua</strong></span> <span class='ocrx_word' id='word_1_621' title='bbox 2678 4001 2729 4046; x_wconf 87' lang='lat' dir='ltr'><strong>ct</strong></span> <span class='ocrx_word' id='word_1_622' title='bbox 2771 3991 3039 4060; x_wconf 87' lang='lat' dir='ltr'><strong>generatio</strong></span> <span class='ocrx_word' id='word_1_623' title='bbox 3065 4000 3156 4044; x_wconf 86' lang='lat' dir='ltr'><strong>tua</strong></span> <span class='ocrx_word' id='word_1_624' title='bbox 3179 3989 3244 4044; x_wconf 86' lang='lat' dir='ltr'><strong>de</strong></span> <span class='ocrx_word' id='word_1_625' title='bbox 3273 3999 3414 4044; x_wconf 87' lang='lat' dir='ltr'><strong>terra</strong></span> <span class='ocrx_word' id='word_1_626' title='bbox 3451 3989 3594 4045; x_wconf 85' lang='lat' dir='ltr'><strong>Cha-</strong></span> 
     </span>
    </p>
   </div>
   <div class='ocr_carea' id='block_1_85' title="bbox 2017 4080 3591 4150">
    <p class='ocr_par' dir='ltr' id='par_1_85' title="bbox 2017 4080 3591 4150">
     <span class='ocr_line' id='line_1_85' title="bbox 2017 4080 3591 4150; baseline -0.009 -1"><span class='ocrx_word' id='word_1_627' title='bbox 2017 4110 2178 4149; x_wconf 78' lang='lat' dir='ltr'><strong>naua.</strong></span> <span class='ocrx_word' id='word_1_628' title='bbox 2221 4089 2383 4145; x_wconf 85' lang='lat' dir='ltr'><strong>Pater</strong></span> <span class='ocrx_word' id='word_1_629' title='bbox 2419 4099 2539 4142; x_wconf 84' lang='lat' dir='ltr'><strong>tuus</strong></span> <span class='ocrx_word' id='word_1_630' title='bbox 2567 4086 2928 4150; x_wconf 78' lang='lat' dir='ltr'><strong>Amorrhteus,</strong></span> <span class='ocrx_word' id='word_1_631' title='bbox 2956 4091 3006 4138; x_wconf 85' lang='lat' dir='ltr'><strong>et</strong></span> <span class='ocrx_word' id='word_1_632' title='bbox 3034 4092 3207 4137; x_wconf 84' lang='lat' dir='ltr'><strong>mater</strong></span> <span class='ocrx_word' id='word_1_633' title='bbox 3233 4093 3326 4137; x_wconf 85' lang='lat' dir='ltr'><strong>tua</strong></span> <span class='ocrx_word' id='word_1_634' title='bbox 3352 4080 3591 4137; x_wconf 75' lang='lat' dir='ltr'><strong>Cetluea.</strong></span> 
     </span>
    </p>
   </div>
   <div class='ocr_carea' id='block_1_86' title="bbox 2019 4173 3588 4253">
    <p class='ocr_par' dir='ltr' id='par_1_86' title="bbox 2019 4173 3588 4253">
     <span class='ocr_line' id='line_1_86' title="bbox 2019 4173 3588 4253; baseline -0.01 -12"><span class='ocrx_word' id='word_1_635' title='bbox 2019 4187 2152 4253; x_wconf 59' lang='lat' dir='ltr'><strong>Quae</strong></span> <span class='ocrx_word' id='word_1_636' title='bbox 2181 4183 2464 4238; x_wconf 84' lang='lat' dir='ltr'><strong>civitatum</strong></span> <span class='ocrx_word' id='word_1_637' title='bbox 2506 4179 2586 4233; x_wconf 86' lang='lat' dir='ltr'><strong>sic</strong></span> <span class='ocrx_word' id='word_1_638' title='bbox 2631 4177 2734 4231; x_wconf 90' lang='lat' dir='ltr'><strong>fuit</strong></span> <span class='ocrx_word' id='word_1_639' title='bbox 2773 4177 3003 4242; x_wconf 88' lang='lat' dir='ltr'><strong>elevata,</strong></span> <span class='ocrx_word' id='word_1_640' title='bbox 3033 4185 3087 4230; x_wconf 87' lang='lat' dir='ltr'><strong>et</strong></span> <span class='ocrx_word' id='word_1_641' title='bbox 3124 4175 3296 4229; x_wconf 88' lang='lat' dir='ltr'><strong>altum</strong></span> <span class='ocrx_word' id='word_1_642' title='bbox 3324 4173 3504 4242; x_wconf 84' lang='lat' dir='ltr'><strong>sapuit</strong></span> <span class='ocrx_word' id='word_1_643' title='bbox 3535 4173 3588 4226; x_wconf 94' lang='lat' dir='ltr'><strong>iu</strong></span> 
     </span>
    </p>
   </div>
   <div class='ocr_carea' id='block_1_87' title="bbox 2017 4266 3594 4336">
    <p class='ocr_par' dir='ltr' id='par_1_87' title="bbox 2017 4266 3594 4336">
     <span class='ocr_line' id='line_1_87' title="bbox 2017 4266 3594 4336; baseline -0.01 -2"><span class='ocrx_word' id='word_1_644' title='bbox 2017 4278 2223 4334; x_wconf 92' lang='lat' dir='ltr'><strong>mundo</strong></span> <span class='ocrx_word' id='word_1_645' title='bbox 2254 4285 2315 4329; x_wconf 92' lang='lat' dir='ltr'><strong>ut</strong></span> <span class='ocrx_word' id='word_1_646' title='bbox 2341 4273 2534 4328; x_wconf 85' lang='lat' dir='ltr'><strong>civitas</strong></span> <span class='ocrx_word' id='word_1_647' title='bbox 2564 4270 2696 4324; x_wconf 85' lang='lat' dir='ltr'><strong>Dei?</strong></span> <span class='ocrx_word' id='word_1_648' title='bbox 2746 4266 2815 4323; x_wconf 89' lang='lat' dir='ltr'><strong>Et</strong></span> <span class='ocrx_word' id='word_1_649' title='bbox 2841 4277 3021 4322; x_wconf 80' lang='lat' dir='ltr'><strong>tamen</strong></span> <span class='ocrx_word' id='word_1_650' title='bbox 3051 4269 3166 4322; x_wconf 64' lang='lat' dir='ltr'><strong>haec</strong></span> <span class='ocrx_word' id='word_1_651' title='bbox 3189 4268 3303 4336; x_wconf 89' lang='lat' dir='ltr'><strong>ipsa</strong></span> <span class='ocrx_word' id='word_1_652' title='bbox 3336 4266 3440 4322; x_wconf 86' lang='lat' dir='ltr'><strong>sibi</strong></span> <span class='ocrx_word' id='word_1_653' title='bbox 3468 4280 3594 4320; x_wconf 80' lang='lat' dir='ltr'><strong>ma-</strong></span> 
     </span>
    </p>
   </div>
   <div class='ocr_carea' id='block_1_88' title="bbox 2017 4356 3591 4440">
    <p class='ocr_par' dir='ltr' id='par_1_88' title="bbox 2017 4356 3591 4440">
     <span class='ocr_line' id='line_1_88' title="bbox 2017 4356 3591 4440; baseline -0.01 -15"><span class='ocrx_word' id='word_1_654' title='bbox 2017 4386 2118 4440; x_wconf 90' lang='lat' dir='ltr'><strong>gna</strong></span> <span class='ocrx_word' id='word_1_655' title='bbox 2151 4367 2494 4438; x_wconf 87' lang='lat' dir='ltr'><strong>promittens,</strong></span> <span class='ocrx_word' id='word_1_656' title='bbox 2530 4361 2689 4431; x_wconf 84' lang='lat' dir='ltr'><strong>quasi</strong></span> <span class='ocrx_word' id='word_1_657' title='bbox 2719 4361 2966 4430; x_wconf 80' lang='lat' dir='ltr'><strong>proxima</strong></span> <span class='ocrx_word' id='word_1_658' title='bbox 2997 4358 3112 4422; x_wconf 92' lang='lat' dir='ltr'><strong>Dei,</strong></span> <span class='ocrx_word' id='word_1_659' title='bbox 3139 4367 3193 4411; x_wconf 90' lang='lat' dir='ltr'><strong>et</strong></span> <span class='ocrx_word' id='word_1_660' title='bbox 3223 4358 3420 4412; x_wconf 84' lang='lat' dir='ltr'><strong>civitas</strong></span> <span class='ocrx_word' id='word_1_661' title='bbox 3444 4356 3591 4425; x_wconf 81' lang='lat' dir='ltr'><strong>ejus,</strong></span> 
     </span>
    </p>
   </div>
   <div class='ocr_carea' id='block_1_89' title="bbox 2017 4446 3590 4530">
    <p class='ocr_par' dir='ltr' id='par_1_89' title="bbox 2017 4446 3590 4530">
     <span class='ocr_line' id='line_1_89' title="bbox 2017 4446 3590 4530; baseline -0.011 -16"><span class='ocrx_word' id='word_1_662' title='bbox 2017 4462 2145 4530; x_wconf 86' lang='lat' dir='ltr'><strong>quia</strong></span> <span class='ocrx_word' id='word_1_663' title='bbox 2178 4454 2442 4526; x_wconf 88' lang='lat' dir='ltr'><strong>peccavit,</strong></span> <span class='ocrx_word' id='word_1_664' title='bbox 2475 4451 2720 4520; x_wconf 83' lang='lat' dir='ltr'><strong>arguitur</strong></span> <span class='ocrx_word' id='word_1_665' title='bbox 2746 4465 2776 4503; x_wconf 88' lang='lat' dir='ltr'><strong>a</strong></span> <span class='ocrx_word' id='word_1_666' title='bbox 2811 4449 3013 4518; x_wconf 91' lang='lat' dir='ltr'><strong>Spiritu</strong></span> <span class='ocrx_word' id='word_1_667' title='bbox 3057 4455 3248 4502; x_wconf 88' lang='lat' dir='ltr'><strong>sancto</strong></span> <span class='ocrx_word' id='word_1_668' title='bbox 3274 4455 3335 4500; x_wconf 91' lang='lat' dir='ltr'><strong>ut</strong></span> <span class='ocrx_word' id='word_1_669' title='bbox 3353 4446 3590 4516; x_wconf 84' lang='lat' dir='ltr'><strong>degener</strong></span> 
     </span>
    </p>
   </div>
   <div class='ocr_carea' id='block_1_90' title="bbox 357 4535 3591 4630">
    <p class='ocr_par' dir='ltr' id='par_1_90' title="bbox 357 4535 3591 4630">
     <span class='ocr_line' id='line_1_90' title="bbox 357 4535 3591 4630; baseline -0.009 -14"><span class='ocrx_word' id='word_1_670' title='bbox 357 4558 727 4616; x_wconf 83' lang='lat' dir='ltr'><strong>Verumtamen</strong></span> <span class='ocrx_word' id='word_1_671' title='bbox 750 4563 958 4616; x_wconf 80' lang='lat' dir='ltr'><strong>verbum</strong></span> <span class='ocrx_word' id='word_1_672' title='bbox 979 4560 1116 4630; x_wconf 90' lang='lat' dir='ltr'><strong>quod</strong></span> <span class='ocrx_word' id='word_1_673' title='bbox 1136 4560 1364 4613; x_wconf 87' lang='lat' dir='ltr'><strong>immitto</strong></span> <span class='ocrx_word' id='word_1_674' title='bbox 1384 4559 1440 4611; x_wconf 86' lang='lat' dir='ltr'><strong>in</strong></span> <span class='ocrx_word' id='word_1_675' title='bbox 1460 4573 1516 4611; x_wconf 89' lang='lat' dir='ltr'><strong>os</strong></span> <span class='ocrx_word' id='word_1_676' title='bbox 1536 4557 1811 4622; x_wconf 90' lang='lat' dir='ltr'><strong>tuum,hoc</strong></span> <span class='ocrx_word' id='word_1_677' title='bbox 1826 4557 1917 4610; x_wconf 75' lang='lat' dir='ltr'><strong>ob.</strong></span> <span class='ocrx_word' id='word_1_678' title='bbox 1953 4550 1992 4602; x_wconf 80' lang='grc' dir='ltr'><strong>Ι)</strong></span> <span class='ocrx_word' id='word_1_679' title='bbox 2020 4559 2074 4606; x_wconf 89' lang='lat' dir='ltr'><strong>et</strong></span> <span class='ocrx_word' id='word_1_680' title='bbox 2106 4558 2383 4604; x_wconf 82' lang='lat' dir='ltr'><strong>extranea.</strong></span> <span class='ocrx_word' id='word_1_681' title='bbox 2411 4541 2573 4596; x_wconf 86' lang='lat' dir='ltr'><strong>Pater</strong></span> <span class='ocrx_word' id='word_1_682' title='bbox 2596 4539 2742 4594; x_wconf 89' lang='lat' dir='ltr'><strong>enim</strong></span> <span class='ocrx_word' id='word_1_683' title='bbox 2770 4539 2890 4608; x_wconf 86' lang='lat' dir='ltr'><strong>ejus</strong></span> <span class='ocrx_word' id='word_1_684' title='bbox 2916 4539 3288 4602; x_wconf 67' lang='lat' dir='ltr'><strong>Amori-limus,</strong></span> <span class='ocrx_word' id='word_1_685' title='bbox 3333 4535 3446 4606; x_wconf 85' lang='lat' dir='ltr'><strong>jam</strong></span> <span class='ocrx_word' id='word_1_686' title='bbox 3477 4551 3591 4588; x_wconf 87' lang='lat' dir='ltr'><strong>non</strong></span> 
     </span>
    </p>
   </div>
   <div class='ocr_carea' id='block_1_91' title="bbox 344 4649 1916 4724">
    <p class='ocr_par' dir='ltr' id='par_1_91' title="bbox 344 4649 1916 4724">
     <span class='ocr_line' id='line_1_91' title="bbox 344 4649 1916 4724; baseline -0.002 -17"><span class='ocrx_word' id='word_1_687' title='bbox 344 4669 495 4708; x_wconf 86' lang='lat' dir='ltr'><strong>serva</strong></span> <span class='ocrx_word' id='word_1_688' title='bbox 528 4653 714 4723; x_wconf 86' lang='lat' dir='ltr'><strong>loqui;</strong></span> <span class='ocrx_word' id='word_1_689' title='bbox 747 4653 903 4724; x_wconf 89' lang='lat' dir='ltr'><strong>quasi</strong></span> <span class='ocrx_word' id='word_1_690' title='bbox 931 4660 1252 4722; x_wconf 86' lang='lat' dir='ltr'><strong>potestatem</strong></span> <span class='ocrx_word' id='word_1_691' title='bbox 1288 4649 1521 4705; x_wconf 89' lang='lat' dir='ltr'><strong>habente</strong></span> <span class='ocrx_word' id='word_1_692' title='bbox 1552 4663 1638 4713; x_wconf 91' lang='lat' dir='ltr'><strong>eo,</strong></span> <span class='ocrx_word' id='word_1_693' title='bbox 1673 4657 1735 4702; x_wconf 89' lang='lat' dir='ltr'><strong>ut</strong></span> <span class='ocrx_word' id='word_1_694' title='bbox 1763 4664 1916 4704; x_wconf 87' lang='lat' dir='ltr'><strong>acce-</strong></span> 
     </span>
    </p>
   </div>
   <div class='ocr_carea' id='block_1_92' title="bbox 345 4739 1915 4815">
    <p class='ocr_par' dir='ltr' id='par_1_92' title="bbox 345 4739 1915 4815">
     <span class='ocr_line' id='line_1_92' title="bbox 345 4739 1915 4815; baseline -0.003 -15"><span class='ocrx_word' id='word_1_695' title='bbox 345 4753 440 4815; x_wconf 84' lang='lat' dir='ltr'><strong>pto</strong></span> <span class='ocrx_word' id='word_1_696' title='bbox 473 4745 638 4799; x_wconf 86' lang='lat' dir='ltr'><strong>verbo</strong></span> <span class='ocrx_word' id='word_1_697' title='bbox 679 4743 773 4798; x_wconf 92' lang='lat' dir='ltr'><strong>Dei</strong></span> <span class='ocrx_word' id='word_1_698' title='bbox 818 4743 1045 4806; x_wconf 89' lang='lat' dir='ltr'><strong>diceret,</strong></span> <span class='ocrx_word' id='word_1_699' title='bbox 1098 4756 1192 4797; x_wconf 91' lang='lat' dir='ltr'><strong>seu</strong></span> <span class='ocrx_word' id='word_1_700' title='bbox 1240 4749 1460 4797; x_wconf 90' lang='lat' dir='ltr'><strong>taceret.</strong></span> <span class='ocrx_word' id='word_1_701' title='bbox 1498 4739 1640 4807; x_wconf 84' lang='lat' dir='ltr'><strong>Quid</strong></span> <span class='ocrx_word' id='word_1_702' title='bbox 1669 4748 1754 4795; x_wconf 88' lang='lat' dir='ltr'><strong>est</strong></span> <span class='ocrx_word' id='word_1_703' title='bbox 1787 4756 1915 4812; x_wconf 87' lang='lat' dir='ltr'><strong>ergo</strong></span> 
     </span>
    </p>
   </div>
   <div class='ocr_carea' id='block_1_93' title="bbox 421 4857 992 4922">
    <p class='ocr_par' dir='ltr' id='par_1_93' title="bbox 421 4857 992 4922">
     <span class='ocr_line' id='line_1_93' title="bbox 421 4857 992 4922; baseline -0.004 -10"><span class='ocrx_word' id='word_1_704' title='bbox 421 4861 435 4890; x_wconf 85' lang='grc'>¹</span> <span class='ocrx_word' id='word_1_705' title='bbox 466 4858 660 4912; x_wconf 80' lang='lat' dir='ltr'><strong>Ezech.</strong></span> <span class='ocrx_word' id='word_1_706' title='bbox 695 4874 814 4922; x_wconf 75' lang='lat' dir='ltr'><strong>xvr,</strong></span> <span class='ocrx_word' id='word_1_707' title='bbox 841 4857 992 4911; x_wconf 74' lang='lat'><strong>2-15.</strong></span> 
     </span>
    </p>
   </div>
   <div class='ocr_carea' id='block_1_94' title="bbox 345 4925 1078 4993">
    <p class='ocr_par' dir='ltr' id='par_1_94' title="bbox 345 4925 1078 4993">
     <span class='ocr_line' id='line_1_94' title="bbox 345 4925 1078 4993; baseline -0.005 -9"><span class='ocrx_word' id='word_1_708' title='bbox 345 4945 431 4993; x_wconf 85' lang='lat' dir='ltr'><strong>Ill,</strong></span> <span class='ocrx_word' id='word_1_709' title='bbox 461 4929 514 4982; x_wconf 72' lang='grc'><strong>4.</strong></span> <span class='ocrx_word' id='word_1_710' title='bbox 591 4929 610 4958; x_wconf 84' lang='grc'><strong>⁷</strong></span> <span class='ocrx_word' id='word_1_711' title='bbox 645 4925 838 4981; x_wconf 84' lang='lat' dir='ltr'><strong>Ezech.</strong></span> <span class='ocrx_word' id='word_1_712' title='bbox 878 4943 988 4992; x_wconf 79' lang='lat' dir='ltr'><strong>xvi,</strong></span> <span class='ocrx_word' id='word_1_713' title='bbox 1025 4927 1078 4980; x_wconf 81' lang='grc'><strong>5.</strong></span> 
     </span>
    </p>
   </div>
   <div class='ocr_carea' id='block_1_95' title="bbox 416 5014 1912 5109">
    <p class='ocr_par' dir='ltr' id='par_1_95' title="bbox 416 5014 1912 5109">
     <span class='ocr_line' id='line_1_95' title="bbox 416 5014 1912 5109; baseline -0.005 -33"><span class='ocrx_word' id='word_1_714' title='bbox 416 5021 493 5109; x_wconf 82' lang='grc'><strong>(9)</strong></span> <span class='ocrx_word' id='word_1_715' title='bbox 536 5020 715 5090; x_wconf 82' lang='lat' dir='ltr'><strong>Neque</strong></span> <span class='ocrx_word' id='word_1_716' title='bbox 745 5021 1054 5104; x_wconf 44' lang='lat' dir='ltr'><strong>enim,&#39;etc.</strong></span> <span class='ocrx_word' id='word_1_717' title='bbox 1083 5018 1310 5109; x_wconf 50' lang='lat' dir='ltr'><strong>Catena;</strong></span> <span class='ocrx_word' id='word_1_718' title='bbox 1345 5034 1480 5109; x_wconf 48' lang='lat' dir='ltr'><strong>m‘ss.</strong></span> <span class='ocrx_word' id='word_1_719' title='bbox 1510 5033 1524 5071; x_wconf 95' lang='lat'><strong>:</strong></span> <span class='ocrx_word' id='word_1_720' title='bbox 1563 5014 1912 5109; x_wconf 40' lang='lat' dir='ltr'><strong>Ei‘tQJ‘ag‘tql</strong></span> 
     </span>
    </p>
   </div>
   <div class='ocr_carea' id='block_1_96' title="bbox 345 5087 1904 5162">
    <p class='ocr_par' dir='ltr' id='par_1_96' title="bbox 345 5087 1904 5162">
     <span class='ocr_line' id='line_1_96' title="bbox 345 5087 1904 5162; baseline -0.005 -16"><span class='ocrx_word' id='word_1_721' title='bbox 345 5087 638 5162; x_wconf 58' lang='lat' dir='ltr'><strong>Evadunt</strong></span> <span class='ocrx_word' id='word_1_722' title='bbox 665 5090 1123 5162; x_wconf 33' lang='grc' dir='ltr'><strong>προφητεύουσιν,</strong></span> <span class='ocrx_word' id='word_1_723' title='bbox 1151 5091 1200 5141; x_wconf 84' lang='grc' dir='ltr'><strong>οἱ</strong></span> <span class='ocrx_word' id='word_1_724' title='bbox 1223 5088 1350 5162; x_wconf 37' lang='grc' dir='ltr'><strong>,τῆς</strong></span> <span class='ocrx_word' id='word_1_725' title='bbox 1384 5087 1539 5162; x_wconf 40' lang='grc' dir='ltr'><strong>Νέας·</strong></span> <span class='ocrx_word' id='word_1_726' title='bbox 1569 5088 1663 5141; x_wconf 80' lang='grc' dir='ltr'><strong>καὶ</strong></span> <span class='ocrx_word' id='word_1_727' title='bbox 1699 5089 1756 5162; x_wconf 37' lang='grc' dir='ltr'><strong>,οἱ</strong></span> <span class='ocrx_word' id='word_1_728' title='bbox 1796 5087 1904 5162; x_wconf 66' lang='lat' dir='ltr'><strong>Ila-</strong></span> 
     </span>
    </p>
   </div>
   <div class='ocr_carea' id='block_1_97' title="bbox 342 5155 1912 5230">
    <p class='ocr_par' dir='ltr' id='par_1_97' title="bbox 342 5155 1912 5230">
     <span class='ocr_line' id='line_1_97' title="bbox 342 5155 1912 5230; baseline -0.005 -14"><span class='ocrx_word' id='word_1_729' title='bbox 342 5155 532 5225; x_wconf 70' lang='grc' dir='ltr'><strong>λαιᾶξ·</strong></span> <span class='ocrx_word' id='word_1_730' title='bbox 559 5160 657 5230; x_wconf 70' lang='grc' dir='ltr'><strong>ἐὰν</strong></span> <span class='ocrx_word' id='word_1_731' title='bbox 676 5155 732 5214; x_wconf 75' lang='grc' dir='ltr'><em>δέ</em></span> <span class='ocrx_word' id='word_1_732' title='bbox 754 5155 897 5230; x_wconf 60' lang='grc' dir='ltr'><strong>ἄλλῳ</strong></span> <span class='ocrx_word' id='word_1_733' title='bbox 929 5157 1284 5230; x_wconf 77' lang='grc' dir='ltr'><strong>ἀποκαλυφθῇ</strong></span> <span class='ocrx_word' id='word_1_734' title='bbox 1308 5155 1654 5230; x_wconf 49' lang='grc' dir='ltr'><strong>’κᾳθημένῳρ</strong></span> <span class='ocrx_word' id='word_1_735' title='bbox 1696 5155 1912 5230; x_wconf 56' lang='grc' dir='ltr'><strong>ἐντολὴν</strong></span> 
     </span>
    </p>
   </div>
   <div class='ocr_carea' id='block_1_98' title="bbox 342 5175 1909 5302">
    <p class='ocr_par' dir='ltr' id='par_1_98' title="bbox 342 5175 1909 5302">
     <span class='ocr_line' id='line_1_98' title="bbox 343 5175 1909 5278; baseline -0.005 -62"><span class='ocrx_word' id='word_1_736' title='bbox 343 5175 500 5225; x_wconf 67' lang='grc' dir='ltr'><strong>λαιᾶς</strong></span> <span class='ocrx_word' id='word_1_737' title='bbox 519 5178 532 5191; x_wconf 92' lang='grc'><strong>·</strong></span> <span class='ocrx_word' id='word_1_738' title='bbox 559 5175 654 5213; x_wconf 83' lang='grc' dir='ltr'>εαν</span> <span class='ocrx_word' id='word_1_739' title='bbox 676 5175 732 5214; x_wconf 81' lang='grc' dir='ltr'><strong>οε</strong></span> <span class='ocrx_word' id='word_1_740' title='bbox 754 5175 897 5230; x_wconf 82' lang='grc' dir='ltr'><strong>αΛΑῳ</strong></span> <span class='ocrx_word' id='word_1_741' title='bbox 929 5175 1284 5228; x_wconf 74' lang='grc' dir='ltr'><strong>αποκαλυφυῃ</strong></span> <span class='ocrx_word' id='word_1_742' title='bbox 1327 5175 1620 5278; x_wconf 54' lang='grc' dir='ltr'><strong>καυηὲιενῳ</strong></span> <span class='ocrx_word' id='word_1_743' title='bbox 1639 5195 1654 5217; x_wconf 85' lang='grc'><em>,</em></span> <span class='ocrx_word' id='word_1_744' title='bbox 1696 5175 1909 5225; x_wconf 66' lang='grc' dir='ltr'><strong>εντολην</strong></span> 
     </span>
     <span class='ocr_line' id='line_1_99' title="bbox 342 5227 1909 5302; baseline -0.004 -18"><span class='ocrx_word' id='word_1_745' title='bbox 342 5233 458 5302; x_wconf 81' lang='grc' dir='ltr'><strong>ἔχει</strong></span> <span class='ocrx_word' id='word_1_746' title='bbox 490 5235 517 5302; x_wconf 76' lang='grc' dir='ltr'>ὁ</span> <span class='ocrx_word' id='word_1_747' title='bbox 549 5229 763 5300; x_wconf 83' lang='grc' dir='ltr'><strong>πρῶτος</strong></span> <span class='ocrx_word' id='word_1_748' title='bbox 799 5231 1009 5302; x_wconf 83' lang='grc' dir='ltr'><strong>σιωπᾷν</strong></span> <span class='ocrx_word' id='word_1_749' title='bbox 1049 5229 1290 5302; x_wconf 47' lang='lat' dir='ltr'><strong>amicitiae:</strong></span> <span class='ocrx_word' id='word_1_750' title='bbox 1318 5228 1483 5302; x_wconf 43' lang='lat' dir='ltr'><strong>001th</strong></span> <span class='ocrx_word' id='word_1_751' title='bbox 1505 5227 1816 5302; x_wconf 45' lang='grc' dir='ltr'><strong>«ξφστάξέενονζ</strong></span> <span class='ocrx_word' id='word_1_752' title='bbox 1861 5227 1909 5277; x_wconf 87' lang='grc' dir='ltr'><strong>οἱ</strong></span> 
     </span>
    </p>
   </div>
   <div class='ocr_carea' id='block_1_99' title="bbox 347 5294 1915 5436">
    <p class='ocr_par' dir='ltr' id='par_1_99' title="bbox 347 5294 1915 5436">
     <span class='ocr_line' id='line_1_100' title="bbox 355 5294 1915 5376; baseline -0.006 -22"><span class='ocrx_word' id='word_1_753' title='bbox 355 5294 621 5376; x_wconf 69' lang='grc' dir='ltr'><strong>ιξροφῆτάι</strong></span> <span class='ocrx_word' id='word_1_754' title='bbox 661 5294 1030 5372; x_wconf 63' lang='grc' dir='ltr'><strong>προεφὶητεύον</strong></span> <span class='ocrx_word' id='word_1_755' title='bbox 1073 5297 1149 5368; x_wconf 77' lang='grc' dir='ltr'><strong>τῷ</strong></span> <span class='ocrx_word' id='word_1_756' title='bbox 1186 5297 1326 5368; x_wconf 80' lang='grc' dir='ltr'><strong>λαῷ,</strong></span> <span class='ocrx_word' id='word_1_757' title='bbox 1372 5296 1485 5350; x_wconf 84' lang='grc' dir='ltr'><strong>ἀλλ’</strong></span> <span class='ocrx_word' id='word_1_758' title='bbox 1531 5299 1588 5348; x_wconf 85' lang='grc' dir='ltr'><strong>ὲν</strong></span> <span class='ocrx_word' id='word_1_759' title='bbox 1631 5294 1708 5366; x_wconf 81' lang='grc' dir='ltr'><strong>τῷ</strong></span> <span class='ocrx_word' id='word_1_760' title='bbox 1751 5294 1915 5364; x_wconf 81' lang='grc' dir='ltr'>φύσιν</span> 
     </span>
     <span class='ocr_line' id='line_1_101' title="bbox 347 5335 1911 5436; baseline -0.006 -11"><span class='ocrx_word' id='word_1_761' title='bbox 347 5372 626 5436; x_wconf 75' lang='grc' dir='ltr'><strong>ἱστάμενοι</strong></span> <span class='ocrx_word' id='word_1_762' title='bbox 657 5371 750 5424; x_wconf 72' lang='grc' dir='ltr'><strong>καὶ</strong></span> <span class='ocrx_word' id='word_1_763' title='bbox 777 5335 991 5432; x_wconf 54' lang='grc' dir='ltr'><strong>ἐκθέντες</strong></span> <span class='ocrx_word' id='word_1_764' title='bbox 1014 5369 1109 5421; x_wconf 71' lang='grc' dir='ltr'><strong>καὶ</strong></span> <span class='ocrx_word' id='word_1_765' title='bbox 1135 5367 1332 5430; x_wconf 75' lang='grc' dir='ltr'><strong>εἰδότες</strong></span> <span class='ocrx_word' id='word_1_766' title='bbox 1355 5364 1911 5436; x_wconf 16' lang='grc' dir='ltr'><strong>ὑπούργουν-τῷᾲπρὺς</strong></span> 
     </span>
    </p>
   </div>
   <div class='ocr_carea' id='block_1_100' title="bbox 342 5401 1916 5511">
    <p class='ocr_par' dir='ltr' id='par_1_100' title="bbox 342 5401 1916 5511">
     <span class='ocr_line' id='line_1_102' title="bbox 348 5401 1908 5457; baseline -0.006 -32"><span class='ocrx_word' id='word_1_767' title='bbox 348 5401 626 5457; x_wconf 45' lang='grc' dir='ltr'><strong>ιυιυιζνὺνυι</strong></span> <span class='ocrx_word' id='word_1_768' title='bbox 658 5401 750 5424; x_wconf 59' lang='lat' dir='ltr'><strong>nun.</strong></span> <span class='ocrx_word' id='word_1_769' title='bbox 777 5401 989 5432; x_wconf 62' lang='grc' dir='ltr'><strong>εδιυνυιι,</strong></span> <span class='ocrx_word' id='word_1_770' title='bbox 1016 5401 1109 5421; x_wconf 61' lang='lat' dir='ltr'><strong>biiab</strong></span> <span class='ocrx_word' id='word_1_771' title='bbox 1135 5401 1329 5430; x_wconf 61' lang='grc' dir='ltr'><strong>ὖινυυῠι,</strong></span> <span class='ocrx_word' id='word_1_772' title='bbox 1359 5401 1658 5436; x_wconf 62' lang='grc' dir='ltr'><strong>νηυυγιυυν</strong></span> <span class='ocrx_word' id='word_1_773' title='bbox 1694 5401 1760 5434; x_wconf 53' lang='lat' dir='ltr'><strong>inti</strong></span> <span class='ocrx_word' id='word_1_774' title='bbox 1783 5401 1908 5434; x_wconf 55' lang='lat' dir='ltr'><strong>Hirti,</strong></span> 
     </span>
     <span class='ocr_line' id='line_1_103' title="bbox 342 5434 1916 5511; baseline -0.008 -15"><span class='ocrx_word' id='word_1_775' title='bbox 342 5443 542 5511; x_wconf 64' lang='lat' dir='ltr'><strong>euroo;</strong></span> <span class='ocrx_word' id='word_1_776' title='bbox 563 5440 837 5511; x_wconf 53' lang='grc' dir='ltr'><strong>γενομένῳ</strong></span> <span class='ocrx_word' id='word_1_777' title='bbox 863 5438 1036 5511; x_wconf 63' lang='grc' dir='ltr'><strong>λόγῳξ</strong></span> <span class='ocrx_word' id='word_1_778' title='bbox 1065 5438 1212 5511; x_wconf 58' lang='lat' dir='ltr'><strong>ﬁeri;</strong></span> <span class='ocrx_word' id='word_1_779' title='bbox 1231 5436 1387 5511; x_wconf 60' lang='grc' dir='ltr'><strong>λόγος</strong></span> <span class='ocrx_word' id='word_1_780' title='bbox 1403 5437 1474 5511; x_wconf 59' lang='lat' dir='ltr'><strong>et)</strong></span> <span class='ocrx_word' id='word_1_781' title='bbox 1499 5434 1644 5511; x_wconf 53' lang='lat' dir='ltr'><strong>uarat</strong></span> <span class='ocrx_word' id='word_1_782' title='bbox 1664 5434 1916 5511; x_wconf 58' lang='lat' dir='ltr'><strong>ﬂodlqstv</strong></span> 
     </span>
    </p>
   </div>
   <div class='ocr_carea' id='block_1_101' title="bbox 342 5504 1917 5582">
    <p class='ocr_par' dir='ltr' id='par_1_101' title="bbox 342 5504 1917 5582">
     <span class='ocr_line' id='line_1_104' title="bbox 342 5504 1917 5582; baseline -0.007 -17"><span class='ocrx_word' id='word_1_783' title='bbox 342 5504 631 5582; x_wconf 60' lang='grc' dir='ltr'><strong>ἀνβρῴπὸυ</strong></span> <span class='ocrx_word' id='word_1_784' title='bbox 675 5504 874 5582; x_wconf 71' lang='grc' dir='ltr'><strong>ἧνέχθη</strong></span> <span class='ocrx_word' id='word_1_785' title='bbox 921 5504 1085 5582; x_wconf 44' lang='lat' dir='ltr'><strong>ridica,</strong></span> <span class='ocrx_word' id='word_1_786' title='bbox 1133 5506 1246 5560; x_wconf 83' lang='grc' dir='ltr'>ἀλλ’</span> <span class='ocrx_word' id='word_1_787' title='bbox 1292 5505 1528 5582; x_wconf 33' lang='grc' dir='ltr'><strong>ξκΔΘεοῦ</strong></span> <span class='ocrx_word' id='word_1_788' title='bbox 1565 5504 1917 5582; x_wconf 39' lang='grc' dir='ltr'><strong>,φέρεται-εις</strong></span> 
     </span>
    </p>
   </div>
   <div class='ocr_carea' id='block_1_102' title="bbox 343 5572 1918 5662">
    <p class='ocr_par' dir='ltr' id='par_1_102' title="bbox 343 5572 1918 5662">
     <span class='ocr_line' id='line_1_105' title="bbox 343 5572 1918 5662; baseline -0.007 -27"><span class='ocrx_word' id='word_1_789' title='bbox 343 5572 666 5662; x_wconf 48' lang='lat' dir='ltr'><strong>dvo-adisset);</strong></span> <span class='ocrx_word' id='word_1_790' title='bbox 684 5572 936 5662; x_wconf 45' lang='lat' dir='ltr'><strong>&quot;finies</strong></span> <span class='ocrx_word' id='word_1_791' title='bbox 980 5577 1255 5662; x_wconf 55' lang='grc' dir='ltr'><strong>μκίξὶρρτξοι</strong></span> <span class='ocrx_word' id='word_1_792' title='bbox 1296 5572 1918 5662; x_wconf 41' lang='grc' dir='ltr'><strong>ἐκόντεςῇιξπόυρῖοιξσξν</strong></span> 
     </span>
    </p>
   </div>
   <div class='ocr_carea' id='block_1_103' title="bbox 343 5642 1919 5717">
    <p class='ocr_par' dir='ltr' id='par_1_103' title="bbox 343 5642 1919 5717">
     <span class='ocr_line' id='line_1_106' title="bbox 343 5642 1919 5717; baseline -0.006 -14"><span class='ocrx_word' id='word_1_793' title='bbox 343 5642 514 5717; x_wconf 76' lang='grc' dir='ltr'><strong>αὐτῷ,</strong></span> <span class='ocrx_word' id='word_1_794' title='bbox 540 5647 631 5700; x_wconf 79' lang='grc' dir='ltr'><strong>διὰ</strong></span> <span class='ocrx_word' id='word_1_795' title='bbox 659 5647 817 5717; x_wconf 64' lang='grc' dir='ltr'><strong>τοῦτο</strong></span> <span class='ocrx_word' id='word_1_796' title='bbox 849 5649 943 5701; x_wconf 78' lang='grc' dir='ltr'><strong>καὶ</strong></span> <span class='ocrx_word' id='word_1_797' title='bbox 972 5650 999 5701; x_wconf 87' lang='grc' dir='ltr'>ὁ</span> <span class='ocrx_word' id='word_1_798' title='bbox 1019 5642 1718 5717; x_wconf 11' lang='grc' dir='ltr'><strong>ῨΒάλᾳὰμμπαρὲαγγέλλετρὶ</strong></span> <span class='ocrx_word' id='word_1_799' title='bbox 1740 5642 1919 5717; x_wconf 69' lang='grc' dir='ltr'>λαλείγ</span> 
     </span>
    </p>
   </div>
   <div class='ocr_carea' id='block_1_104' title="bbox 342 5703 1917 5787">
    <p class='ocr_par' dir='ltr' id='par_1_104' title="bbox 342 5703 1917 5787">
     <span class='ocr_line' id='line_1_107' title="bbox 342 5703 1917 5787; baseline -0.006 -15"><span class='ocrx_word' id='word_1_800' title='bbox 342 5720 416 5772; x_wconf 77' lang='grc' dir='ltr'>τὰ</span> <span class='ocrx_word' id='word_1_801' title='bbox 447 5703 858 5786; x_wconf 69' lang='grc' dir='ltr'><strong>ὗτὶοδαλλόμενα</strong></span> <span class='ocrx_word' id='word_1_802' title='bbox 903 5715 1050 5787; x_wconf 81' lang='grc' dir='ltr'><strong>αὐτῷ</strong></span> <span class='ocrx_word' id='word_1_803' title='bbox 1071 5755 1085 5779; x_wconf 89' lang='grc'><em>,</em></span> <span class='ocrx_word' id='word_1_804' title='bbox 1134 5703 1231 5787; x_wconf 72' lang='grc' dir='ltr'><strong>ὡς’</strong></span> <span class='ocrx_word' id='word_1_805' title='bbox 1256 5715 1323 5787; x_wconf 66' lang='lat' dir='ltr'><strong>av</strong></span> <span class='ocrx_word' id='word_1_806' title='bbox 1356 5703 1603 5787; x_wconf 62' lang='grc' dir='ltr'><strong>ἑξῴξτιαγ</strong></span> <span class='ocrx_word' id='word_1_807' title='bbox 1632 5713 1808 5787; x_wconf 43' lang='grc' dir='ltr'><strong>ἔχων.</strong></span> <span class='ocrx_word' id='word_1_808' title='bbox 1820 5713 1917 5787; x_wconf 61' lang='grc' dir='ltr'><strong>κιαιΊΣ</strong></span> 
     </span>
    </p>
   </div>
   <div class='ocr_carea' id='block_1_105' title="bbox 353 5781 1921 5862">
    <p class='ocr_par' dir='ltr' id='par_1_105' title="bbox 353 5781 1921 5862">
     <span class='ocr_line' id='line_1_108' title="bbox 353 5781 1921 5862; baseline -0.008 -19"><span class='ocrx_word' id='word_1_809' title='bbox 353 5789 440 5843; x_wconf 68' lang='grc' dir='ltr'><strong>τοῦ</strong></span> <span class='ocrx_word' id='word_1_810' title='bbox 486 5790 558 5862; x_wconf 76' lang='grc' dir='ltr'><strong>μὴ</strong></span> <span class='ocrx_word' id='word_1_811' title='bbox 608 5781 836 5857; x_wconf 63' lang='grc' dir='ltr'><strong>λαλῆσαι</strong></span> <span class='ocrx_word' id='word_1_812' title='bbox 880 5781 1036 5839; x_wconf 70' lang='grc' dir='ltr'><strong>αὐτάξ</strong></span> <span class='ocrx_word' id='word_1_813' title='bbox 1080 5786 1188 5839; x_wconf 68' lang='grc' dir='ltr'><strong>Καὶ</strong></span> <span class='ocrx_word' id='word_1_814' title='bbox 1231 5784 1385 5838; x_wconf 75' lang='grc' dir='ltr'>τοῦτο</span> <span class='ocrx_word' id='word_1_815' title='bbox 1434 5785 1490 5838; x_wconf 77' lang='grc' dir='ltr'>δὲ</span> <span class='ocrx_word' id='word_1_816' title='bbox 1528 5781 1921 5854; x_wconf 49' lang='grc' dir='ltr'><strong>αὐτᾶβεδαιοῖ</strong></span> 
     </span>
    </p>
   </div>
   <div class='ocr_carea' id='block_1_106' title="bbox 2026 4633 3592 4708">
    <p class='ocr_par' dir='ltr' id='par_1_106' title="bbox 2026 4633 3592 4708">
     <span class='ocr_line' id='line_1_109' title="bbox 2026 4633 3592 4708; baseline -0.008 -12"><span class='ocrx_word' id='word_1_817' title='bbox 2026 4643 2185 4698; x_wconf 88' lang='lat' dir='ltr'><strong>Deus.</strong></span> <span class='ocrx_word' id='word_1_818' title='bbox 2238 4639 2491 4706; x_wconf 84' lang='lat' dir='ltr'><strong>Quandiu</strong></span> <span class='ocrx_word' id='word_1_819' title='bbox 2521 4653 2630 4692; x_wconf 92' lang='lat' dir='ltr'><strong>non</strong></span> <span class='ocrx_word' id='word_1_820' title='bbox 2658 4637 2902 4708; x_wconf 90' lang='lat' dir='ltr'><strong>peccavit</strong></span> <span class='ocrx_word' id='word_1_821' title='bbox 2932 4634 3082 4706; x_wconf 85' lang='lat' dir='ltr'><strong>(l0),</strong></span> <span class='ocrx_word' id='word_1_822' title='bbox 3132 4643 3284 4704; x_wconf 89' lang='lat' dir='ltr'><strong>pater</strong></span> <span class='ocrx_word' id='word_1_823' title='bbox 3323 4633 3443 4702; x_wconf 86' lang='lat' dir='ltr'><strong>ejus</strong></span> <span class='ocrx_word' id='word_1_824' title='bbox 3471 4639 3592 4685; x_wconf 87' lang='lat' dir='ltr'><strong>erat</strong></span> 
     </span>
    </p>
   </div>
   <div class='ocr_carea' id='block_1_107' title="bbox 2025 4722 3594 4802">
    <p class='ocr_par' dir='ltr' id='par_1_107' title="bbox 2025 4722 3594 4802">
     <span class='ocr_line' id='line_1_110' title="bbox 2025 4722 3594 4802; baseline -0.006 -16"><span class='ocrx_word' id='word_1_825' title='bbox 2025 4738 2199 4799; x_wconf 82' lang='lat' dir='ltr'><strong>Deus;</strong></span> <span class='ocrx_word' id='word_1_826' title='bbox 2227 4730 2447 4802; x_wconf 89' lang='lat' dir='ltr'><strong>quando</strong></span> <span class='ocrx_word' id='word_1_827' title='bbox 2473 4743 2604 4782; x_wconf 87' lang='lat' dir='ltr'><strong>vero</strong></span> <span class='ocrx_word' id='word_1_828' title='bbox 2631 4727 2895 4798; x_wconf 86' lang='lat' dir='ltr'><strong>peccavit,</strong></span> <span class='ocrx_word' id='word_1_829' title='bbox 2916 4736 3070 4796; x_wconf 90' lang='lat' dir='ltr'><strong>pater</strong></span> <span class='ocrx_word' id='word_1_830' title='bbox 3093 4725 3212 4794; x_wconf 88' lang='lat' dir='ltr'><strong>ejus</strong></span> <span class='ocrx_word' id='word_1_831' title='bbox 3237 4722 3594 4778; x_wconf 72' lang='lat' dir='ltr'><strong>Amorrhzeus</strong></span> 
     </span>
    </p>
   </div>
   <div class='ocr_carea' id='block_1_108' title="bbox 1069 4833 1914 4921">
    <p class='ocr_par' dir='ltr' id='par_1_108' title="bbox 1069 4853 1911 4921">
     <span class='ocr_line' id='line_1_111' title="bbox 1069 4853 1911 4921; baseline 0 -12"><span class='ocrx_word' id='word_1_832' title='bbox 1069 4857 1220 4911; x_wconf 73' lang='lat' dir='ltr'><strong>’lsa.</strong></span> <span class='ocrx_word' id='word_1_833' title='bbox 1255 4872 1297 4920; x_wconf 84' lang='grc' dir='ltr'><strong>ι,</strong></span> <span class='ocrx_word' id='word_1_834' title='bbox 1334 4854 1419 4921; x_wconf 87' lang='lat' dir='ltr'><strong>l0,</strong></span> <span class='ocrx_word' id='word_1_835' title='bbox 1451 4855 1538 4909; x_wconf 81' lang='lat' dir='ltr'><strong>ll.</strong></span> <span class='ocrx_word' id='word_1_836' title='bbox 1613 4855 1634 4886; x_wconf 86' lang='grc'>³</span> <span class='ocrx_word' id='word_1_837' title='bbox 1665 4853 1686 4907; x_wconf 90' lang='lat' dir='ltr'><strong>l</strong></span> <span class='ocrx_word' id='word_1_838' title='bbox 1715 4853 1843 4910; x_wconf 89' lang='lat' dir='ltr'><strong>Cor.</strong></span> <span class='ocrx_word' id='word_1_839' title='bbox 1879 4872 1911 4909; x_wconf 66' lang='grc' dir='ltr'>λ</span> 
     </span>
    </p>
   </div>
   <div class='ocr_carea' id='block_1_109' title="bbox 2015 4833 3587 4921">
    <p class='ocr_par' dir='ltr' id='par_1_109' title="bbox 2027 4833 3587 4910">
     <span class='ocr_line' id='line_1_112' title="bbox 2027 4833 3587 4910; baseline -0.008 -9"><span class='ocrx_word' id='word_1_840' title='bbox 2027 4853 2114 4907; x_wconf 77' lang='lat'><strong>:50.</strong></span> <span class='ocrx_word' id='word_1_841' title='bbox 2191 4849 2213 4880; x_wconf 79' lang='grc'><strong>’⁸</strong></span> <span class='ocrx_word' id='word_1_842' title='bbox 2242 4845 2404 4899; x_wconf 86' lang='lat' dir='ltr'><strong>Num.</strong></span> <span class='ocrx_word' id='word_1_843' title='bbox 2439 4861 2573 4910; x_wconf 66' lang='grc' dir='ltr'><strong>χχιι,</strong></span> <span class='ocrx_word' id='word_1_844' title='bbox 2605 4844 2693 4897; x_wconf 78' lang='lat'><strong>35.</strong></span> <span class='ocrx_word' id='word_1_845' title='bbox 2770 4843 2791 4874; x_wconf 86' lang='grc'><strong><em>⁸</em></strong></span> <span class='ocrx_word' id='word_1_846' title='bbox 2815 4839 3010 4895; x_wconf 87' lang='lat' dir='ltr'><strong>Ezech.</strong></span> <span class='ocrx_word' id='word_1_847' title='bbox 3040 4854 3127 4892; x_wconf 73' lang='lat' dir='ltr'><strong>xvi</strong></span> <span class='ocrx_word' id='word_1_848' title='bbox 3149 4879 3166 4905; x_wconf 89' lang='lat'><strong>,</strong></span> <span class='ocrx_word' id='word_1_849' title='bbox 3195 4837 3248 4900; x_wconf 70' lang='lat'><strong>2,</strong></span> <span class='ocrx_word' id='word_1_850' title='bbox 3286 4837 3340 4892; x_wconf 82' lang='grc'><strong>5.</strong></span> <span class='ocrx_word' id='word_1_851' title='bbox 3416 4835 3437 4865; x_wconf 82' lang='grc'>⁸</span> <span class='ocrx_word' id='word_1_852' title='bbox 3461 4833 3587 4889; x_wconf 81' lang='lat' dir='ltr'><strong>Jon.</strong></span> 
     </span>
    </p>
   </div>
   <div class='ocr_carea' id='block_1_110' title="bbox 2030 4993 3589 5074">
    <p class='ocr_par' dir='ltr' id='par_1_110' title="bbox 2030 4993 3589 5074">
     <span class='ocr_line' id='line_1_113' title="bbox 2030 4993 3589 5074; baseline -0.011 -9"><span class='ocrx_word' id='word_1_853' title='bbox 2030 5011 2235 5074; x_wconf 80' lang='grc' dir='ltr'><strong>Ἰωνᾶς.</strong></span> <span class='ocrx_word' id='word_1_854' title='bbox 2271 5007 2330 5064; x_wconf 88' lang='lat' dir='ltr'><strong>Si</strong></span> <span class='ocrx_word' id='word_1_855' title='bbox 2361 5007 2540 5061; x_wconf 88' lang='lat' dir='ltr'><strong>eodem</strong></span> <span class='ocrx_word' id='word_1_856' title='bbox 2566 5004 2770 5074; x_wconf 86' lang='lat' dir='ltr'><strong>Spiritu</strong></span> <span class='ocrx_word' id='word_1_857' title='bbox 2797 5001 3107 5074; x_wconf 75' lang='lat' dir='ltr'><strong>prophetam</strong></span> <span class='ocrx_word' id='word_1_858' title='bbox 3133 4996 3278 5074; x_wconf 38' lang='lat' dir='ltr'><strong>Novi.</strong></span> <span class='ocrx_word' id='word_1_859' title='bbox 3297 5006 3345 5050; x_wconf 90' lang='lat' dir='ltr'><strong>et</strong></span> <span class='ocrx_word' id='word_1_860' title='bbox 3386 4993 3589 5074; x_wconf 77' lang='lat' dir='ltr'><strong>Veteris</strong></span> 
     </span>
    </p>
   </div>
   <div class='ocr_carea' id='block_1_111' title="bbox 2022 5067 3587 5146">
    <p class='ocr_par' dir='ltr' id='par_1_111' title="bbox 2022 5067 3587 5146">
     <span class='ocr_line' id='line_1_114' title="bbox 2022 5067 3587 5146; baseline -0.013 -8"><span class='ocrx_word' id='word_1_861' title='bbox 2022 5067 2342 5137; x_wconf 76' lang='lat' dir='ltr'><strong>Testamenti</strong></span> <span class='ocrx_word' id='word_1_862' title='bbox 2385 5067 2650 5146; x_wconf 74' lang='lat' dir='ltr'><strong>propheta:</strong></span> <span class='ocrx_word' id='word_1_863' title='bbox 2672 5114 2687 5138; x_wconf 97' lang='lat'><strong>,</strong></span> <span class='ocrx_word' id='word_1_864' title='bbox 2731 5067 2842 5146; x_wconf 59' lang='lat' dir='ltr'><strong>ac,</strong></span> <span class='ocrx_word' id='word_1_865' title='bbox 2870 5067 2917 5146; x_wconf 78' lang='lat' dir='ltr'><strong>si</strong></span> <span class='ocrx_word' id='word_1_866' title='bbox 2951 5070 3048 5123; x_wconf 83' lang='lat' dir='ltr'><strong>alii</strong></span> <span class='ocrx_word' id='word_1_867' title='bbox 3079 5067 3278 5146; x_wconf 71' lang='lat' dir='ltr'><strong>sedenti</strong></span> <span class='ocrx_word' id='word_1_868' title='bbox 3302 5067 3587 5146; x_wconf 76' lang='lat' dir='ltr'><strong>revelatum</strong></span> 
     </span>
    </p>
   </div>
   <div class='ocr_carea' id='block_1_112' title="bbox 2019 5136 3587 5222">
    <p class='ocr_par' dir='ltr' id='par_1_112' title="bbox 2019 5136 3587 5222">
     <span class='ocr_line' id='line_1_115' title="bbox 2019 5136 3587 5222; baseline -0.013 -16"><span class='ocrx_word' id='word_1_869' title='bbox 2019 5136 2201 5222; x_wconf 78' lang='lat' dir='ltr'><strong>fuerit,</strong></span> <span class='ocrx_word' id='word_1_870' title='bbox 2228 5136 2613 5222; x_wconf 37' lang='lat' dir='ltr'><strong>prior&#39;omitino.</strong></span> <span class='ocrx_word' id='word_1_871' title='bbox 2629 5136 2800 5198; x_wconf 81' lang='lat' dir='ltr'><strong>tacere</strong></span> <span class='ocrx_word' id='word_1_872' title='bbox 2812 5141 3050 5222; x_wconf 66' lang='lat' dir='ltr'><strong>jubetur.</strong></span> <span class='ocrx_word' id='word_1_873' title='bbox 3073 5136 3196 5222; x_wconf 73' lang='lat' dir='ltr'><strong>Nqn</strong></span> <span class='ocrx_word' id='word_1_874' title='bbox 3218 5145 3391 5216; x_wconf 75' lang='lat' dir='ltr'><strong>emota</strong></span> <span class='ocrx_word' id='word_1_875' title='bbox 3415 5144 3587 5222; x_wconf 78' lang='lat' dir='ltr'><strong>mente</strong></span> 
     </span>
    </p>
   </div>
   <div class='ocr_carea' id='block_1_113' title="bbox 2017 5206 3581 5292">
    <p class='ocr_par' dir='ltr' id='par_1_113' title="bbox 2017 5206 3581 5292">
     <span class='ocr_line' id='line_1_116' title="bbox 2017 5206 3581 5292; baseline -0.014 -17"><span class='ocrx_word' id='word_1_876' title='bbox 2017 5206 2280 5292; x_wconf 62' lang='lat' dir='ltr'><strong>prophcfag</strong></span> <span class='ocrx_word' id='word_1_877' title='bbox 2340 5215 2718 5292; x_wconf 75' lang='lat' dir='ltr'><strong>prophetabant</strong></span> <span class='ocrx_word' id='word_1_878' title='bbox 2781 5206 3011 5292; x_wconf 65' lang='lat' dir='ltr'><strong>populo,</strong></span> <span class='ocrx_word' id='word_1_879' title='bbox 3067 5208 3157 5292; x_wconf 71' lang='lat' dir='ltr'><strong>sed</strong></span> <span class='ocrx_word' id='word_1_880' title='bbox 3200 5206 3581 5292; x_wconf 12' lang='lat' dir='ltr'><strong>sagittis-sentes,</strong></span> 
     </span>
    </p>
   </div>
   <div class='ocr_carea' id='block_1_114' title="bbox 2017 5273 3586 5349">
    <p class='ocr_par' dir='ltr' id='par_1_114' title="bbox 2017 5273 3586 5349">
     <span class='ocr_line' id='line_1_117' title="bbox 2017 5273 3586 5349; baseline -0.015 -3"><span class='ocrx_word' id='word_1_881' title='bbox 2017 5273 2235 5347; x_wconf 63' lang='lat' dir='ltr'><strong>scientes</strong></span> <span class='ocrx_word' id='word_1_882' title='bbox 2269 5273 2612 5349; x_wconf 48' lang='lat' dir='ltr'><strong>ac&#39;vol&#39;ente&#39;s,</strong></span> <span class='ocrx_word' id='word_1_883' title='bbox 2655 5273 2883 5336; x_wconf 75' lang='lat' dir='ltr'><strong>sermoni</strong></span> <span class='ocrx_word' id='word_1_884' title='bbox 2913 5280 3002 5348; x_wconf 81' lang='lat' dir='ltr'><strong>qui</strong></span> <span class='ocrx_word' id='word_1_885' title='bbox 3041 5277 3110 5349; x_wconf 83' lang='lat' dir='ltr'><strong>ad</strong></span> <span class='ocrx_word' id='word_1_886' title='bbox 3146 5292 3232 5330; x_wconf 87' lang='lat' dir='ltr'><strong>eos</strong></span> <span class='ocrx_word' id='word_1_887' title='bbox 3268 5273 3456 5349; x_wconf 78' lang='lat' dir='ltr'><strong>ﬁebat,</strong></span> <span class='ocrx_word' id='word_1_888' title='bbox 3483 5273 3586 5324; x_wconf 77' lang='lat' dir='ltr'><strong>sni-</strong></span> 
     </span>
    </p>
   </div>
   <div class='ocr_carea' id='block_1_115' title="bbox 2017 5342 3586 5424">
    <p class='ocr_par' dir='ltr' id='par_1_115' title="bbox 2017 5342 3586 5424">
     <span class='ocr_line' id='line_1_118' title="bbox 2017 5342 3586 5424; baseline -0.014 -10"><span class='ocrx_word' id='word_1_889' title='bbox 2017 5342 2358 5414; x_wconf 68' lang='lat' dir='ltr'><strong>iiistraoant:</strong></span> <span class='ocrx_word' id='word_1_890' title='bbox 2396 5357 2485 5424; x_wconf 85' lang='lat' dir='ltr'><strong>qui</strong></span> <span class='ocrx_word' id='word_1_891' title='bbox 2522 5342 2691 5424; x_wconf 68' lang='lat' dir='ltr'><strong>sermo</strong></span> <span class='ocrx_word' id='word_1_892' title='bbox 2737 5342 3003 5424; x_wconf 70' lang='lat' dir='ltr'><strong>nunquam</strong></span> <span class='ocrx_word' id='word_1_893' title='bbox 3047 5348 3278 5424; x_wconf 65' lang='lat' dir='ltr'><strong>[inmane</strong></span> <span class='ocrx_word' id='word_1_894' title='bbox 3319 5342 3586 5424; x_wconf 51' lang='lat' dir='ltr'><strong>uolunta}:</strong></span> 
     </span>
    </p>
   </div>
   <div class='ocr_carea' id='block_1_116' title="bbox 2016 5410 3584 5542">
    <p class='ocr_par' dir='ltr' id='par_1_116' title="bbox 2016 5410 3584 5542">
     <span class='ocr_line' id='line_1_119' title="bbox 2016 5410 3584 5542; baseline -0.015 -57"><span class='ocrx_word' id='word_1_895' title='bbox 2016 5410 2220 5485; x_wconf 59' lang='grc' dir='ltr'><strong>ἆξξᾷιῶ</strong></span> <span class='ocrx_word' id='word_1_896' title='bbox 2249 5410 2324 5481; x_wconf 86' lang='lat' dir='ltr'><strong>est</strong></span> <span class='ocrx_word' id='word_1_897' title='bbox 2345 5465 2358 5488; x_wconf 87' lang='lat'><strong>,</strong></span> <span class='ocrx_word' id='word_1_898' title='bbox 2402 5410 2491 5476; x_wconf 68' lang='lat' dir='ltr'><strong>sed</strong></span> <span class='ocrx_word' id='word_1_899' title='bbox 2532 5440 2564 5476; x_wconf 89' lang='lat' dir='ltr'><strong>a</strong></span> <span class='ocrx_word' id='word_1_900' title='bbox 2595 5422 2702 5476; x_wconf 89' lang='lat' dir='ltr'><strong>Deo</strong></span> <span class='ocrx_word' id='word_1_901' title='bbox 2731 5410 2966 5542; x_wconf 49' lang='lat' dir='ltr'><strong>deici-tur</strong></span> <span class='ocrx_word' id='word_1_902' title='bbox 2991 5417 3059 5469; x_wconf 87' lang='lat' dir='ltr'><strong>ad</strong></span> <span class='ocrx_word' id='word_1_903' title='bbox 3089 5415 3354 5477; x_wconf 84' lang='lat' dir='ltr'><strong>homines,</strong></span> <span class='ocrx_word' id='word_1_904' title='bbox 3383 5411 3471 5464; x_wconf 75' lang='lat' dir='ltr'><strong>cui</strong></span> <span class='ocrx_word' id='word_1_905' title='bbox 3500 5410 3584 5463; x_wconf 78' lang='lat' dir='ltr'><strong>illi</strong></span> 
     </span>
     <span class='ocr_line' id='line_1_120' title="bbox 2017 5482 3584 5542; baseline -0.006 0"><span class='ocrx_word' id='word_1_906' title='bbox 2017 5510 2197 5542; x_wconf 70' lang='lat' dir='ltr'><strong>ennnle</strong></span> <span class='ocrx_word' id='word_1_907' title='bbox 2236 5495 2544 5542; x_wconf 74' lang='lat' dir='ltr'><strong>inserviunt.</strong></span> <span class='ocrx_word' id='word_1_908' title='bbox 2584 5491 2790 5542; x_wconf 86' lang='lat' dir='ltr'><strong>Ouamo</strong></span> <span class='ocrx_word' id='word_1_909' title='bbox 2827 5505 2936 5542; x_wconf 86' lang='lat' dir='ltr'><strong>rem</strong></span> <span class='ocrx_word' id='word_1_910' title='bbox 2962 5489 3125 5540; x_wconf 86' lang='lat' dir='ltr'><strong>etiam</strong></span> <span class='ocrx_word' id='word_1_911' title='bbox 3163 5482 3390 5536; x_wconf 84' lang='lat' dir='ltr'><strong>Balaam</strong></span> <span class='ocrx_word' id='word_1_912' title='bbox 3419 5495 3480 5534; x_wconf 85' lang='lat' dir='ltr'><strong>ea</strong></span> <span class='ocrx_word' id='word_1_913' title='bbox 3526 5495 3584 5534; x_wconf 80' lang='lat' dir='ltr'><strong>se</strong></span> 
     </span>
    </p>
   </div>
   <div class='ocr_carea' id='block_1_117' title="bbox 2015 5482 3584 5570">
    <p class='ocr_par' dir='ltr' id='par_1_117' title="bbox 2015 5482 3584 5570">
     <span class='ocr_line' id='line_1_121' title="bbox 2015 5482 3584 5570; baseline -0.015 -16"><span class='ocrx_word' id='word_1_914' title='bbox 2015 5482 2197 5570; x_wconf 70' lang='lat' dir='ltr'><strong>sponte</strong></span> <span class='ocrx_word' id='word_1_915' title='bbox 2236 5482 2544 5570; x_wconf 70' lang='lat' dir='ltr'><strong>inserviunt.</strong></span> <span class='ocrx_word' id='word_1_916' title='bbox 2584 5482 3125 5570; x_wconf 57' lang='lat' dir='ltr'><strong>Quamobremetiam</strong></span> <span class='ocrx_word' id='word_1_917' title='bbox 3163 5482 3390 5570; x_wconf 67' lang='lat' dir='ltr'><strong>Balaam</strong></span> <span class='ocrx_word' id='word_1_918' title='bbox 3419 5495 3480 5534; x_wconf 84' lang='lat' dir='ltr'><strong>ea</strong></span> <span class='ocrx_word' id='word_1_919' title='bbox 3510 5495 3584 5570; x_wconf 36' lang='grc' dir='ltr'><strong>’ξε</strong></span> 
     </span>
    </p>
   </div>
   <div class='ocr_carea' id='block_1_118' title="bbox 2015 5555 3586 5634">
    <p class='ocr_par' dir='ltr' id='par_1_118' title="bbox 2015 5555 3586 5634">
     <span class='ocr_line' id='line_1_122' title="bbox 2015 5555 3586 5634; baseline -0.015 -10"><span class='ocrx_word' id='word_1_920' title='bbox 2015 5555 2316 5624; x_wconf 74' lang='lat' dir='ltr'><strong>locuturum</strong></span> <span class='ocrx_word' id='word_1_921' title='bbox 2346 5555 2790 5634; x_wconf 68' lang='lat' dir='ltr'><strong>proﬁtetur-quae</strong></span> <span class='ocrx_word' id='word_1_922' title='bbox 2825 5557 2954 5611; x_wconf 82' lang='lat' dir='ltr'><strong>Deo&#39;</strong></span> <span class='ocrx_word' id='word_1_923' title='bbox 2980 5555 3250 5634; x_wconf 73' lang='lat' dir='ltr'><strong>aspirante</strong></span> <span class='ocrx_word' id='word_1_924' title='bbox 3290 5555 3545 5634; x_wconf 61' lang='lat' dir='ltr'><strong>acceperit</strong></span> <span class='ocrx_word' id='word_1_925' title='bbox 3566 5595 3586 5634; x_wconf 38' lang='grc' dir='ltr'><strong>ξ</strong></span> 
     </span>
    </p>
   </div>
   <div class='ocr_carea' id='block_1_119' title="bbox 2017 5621 3596 5708">
    <p class='ocr_par' dir='ltr' id='par_1_119' title="bbox 2017 5621 3596 5708">
     <span class='ocr_line' id='line_1_123' title="bbox 2017 5621 3596 5708; baseline -0.012 -15"><span class='ocrx_word' id='word_1_926' title='bbox 2017 5621 2267 5708; x_wconf 79' lang='lat' dir='ltr'><strong>tanquam</strong></span> <span class='ocrx_word' id='word_1_927' title='bbox 2297 5621 2605 5708; x_wconf 61' lang='lat' dir='ltr'><strong>potestatem</strong></span> <span class='ocrx_word' id='word_1_928' title='bbox 2635 5621 2830 5708; x_wconf 71' lang='lat' dir='ltr'><strong>habens</strong></span> <span class='ocrx_word' id='word_1_929' title='bbox 2867 5641 2972 5680; x_wconf 81' lang='lat' dir='ltr'><strong>non</strong></span> <span class='ocrx_word' id='word_1_930' title='bbox 3012 5621 3074 5678; x_wconf 86' lang='lat' dir='ltr'><strong>ea</strong></span> <span class='ocrx_word' id='word_1_931' title='bbox 3116 5621 3383 5691; x_wconf 88' lang='lat' dir='ltr'><strong>loquendi.</strong></span> <span class='ocrx_word' id='word_1_932' title='bbox 3413 5621 3596 5690; x_wconf 70' lang='lat' dir='ltr'><strong>Atque</strong></span> 
     </span>
    </p>
   </div>
   <div class='ocr_carea' id='block_1_120' title="bbox 2015 5699 2820 5776">
    <p class='ocr_par' dir='ltr' id='par_1_120' title="bbox 2015 5699 2820 5776">
     <span class='ocr_line' id='line_1_124' title="bbox 2015 5699 2820 5776; baseline -0.019 -11"><span class='ocrx_word' id='word_1_933' title='bbox 2015 5713 2110 5764; x_wconf 87' lang='lat' dir='ltr'><strong>hoc</strong></span> <span class='ocrx_word' id='word_1_934' title='bbox 2122 5699 2307 5776; x_wconf 54' lang='lat' dir='ltr'><strong>&#39;t&#39;pstmt</strong></span> <span class='ocrx_word' id='word_1_935' title='bbox 2331 5703 2609 5776; x_wconf 81' lang='lat' dir='ltr'><strong>conﬁrmat</strong></span> <span class='ocrx_word' id='word_1_936' title='bbox 2632 5699 2820 5753; x_wconf 83' lang='lat' dir='ltr'><strong>Jonas.</strong></span> 
     </span>
    </p>
   </div>
   <div class='ocr_carea' id='block_1_121' title="bbox 2089 5762 3584 5848">
    <p class='ocr_par' dir='ltr' id='par_1_121' title="bbox 2089 5762 3584 5848">
     <span class='ocr_line' id='line_1_125' title="bbox 2089 5762 3584 5848; baseline -0.011 -17"><span class='ocrx_word' id='word_1_937' title='bbox 2089 5762 2198 5848; x_wconf 67' lang='grc' dir='ltr'><strong>(εὐ)</strong></span> <span class='ocrx_word' id='word_1_938' title='bbox 2241 5762 2488 5842; x_wconf 72' lang='grc' dir='ltr'><strong>Οτιιιηιιήι</strong></span> <span class='ocrx_word' id='word_1_939' title='bbox 2532 5786 2632 5823; x_wconf 86' lang='lat' dir='ltr'><strong>non</strong></span> <span class='ocrx_word' id='word_1_940' title='bbox 2678 5766 2948 5828; x_wconf 80' lang='lat' dir='ltr'><strong>peccarit,</strong></span> <span class='ocrx_word' id='word_1_941' title='bbox 2985 5772 3088 5819; x_wconf 81' lang='lat' dir='ltr'><strong>etc.</strong></span> <span class='ocrx_word' id='word_1_942' title='bbox 3129 5762 3347 5818; x_wconf 73' lang='lat' dir='ltr'><strong>Catenze</strong></span> <span class='ocrx_word' id='word_1_943' title='bbox 3397 5775 3532 5816; x_wconf 79' lang='lat' dir='ltr'><strong>mss.</strong></span> <span class='ocrx_word' id='word_1_944' title='bbox 3563 5773 3584 5814; x_wconf 68' lang='grc' dir='ltr'><em>ε</em></span> 
     </span>
    </p>
   </div>
  </div>
