4140 6434
512 384 609 438 7H

1707 377 2032 435 ()RIGENIS
2072 376 2138 430 ΙΝ
2181 377 2617 436 ΕΖΕΕΗΙΕΙΛἊΙ

3673 383 3775 439 ’ΝΞ

513 506 694 560 tactus
722 511 823 557 est.
881 498 1130 566 Quantliu
1164 513 1270 552 non
1297 497 1560 566 peccavit,
1596 507 1748 566 pater
1773 497 1892 566 ejus
1919 497 2092 566 Spiri-
2123 500 2169 556 Α
2199 499 2266 552 tis
2298 499 2547 554 diabolus
2581 509 2628 553 et
2666 513 2956 555 assumens
2997 498 3102 554 sibi
3151 513 3272 555 eam
3305 513 3492 554 vocem
3533 515 3640 570 qua
3667 497 3774 555 Pa-

514 604 606 649 tus
625 601 850 649 sanctus
864 590 962 645 fuit
984 607 1000 654 ;
1023 589 1240 660 quando
1265 589 1528 658 peccavit.
1554 597 1729 644 mater
1742 590 1860 658 ejus
1880 589 2097 643 Cetlnea

515 685 657 740 facta
689 692 791 737 est.
851 681 1103 746 Quandiu
1153 695 1260 734 non
1295 679 1579 750 peccavit,
1636 679 1874 734 radicem
1911 680 2098 734 habuit

514 775 814 838 Abraham,
843 781 898 828 et
923 773 1106 837 Isaac,
1135 781 1188 826 et
1216 771 1417 837 Jacob;
1443 771 1664 841 quando
1692 771 1938 842 peccavit
1959 809 1975 833 ,
2007 785 2096 824 ra-

513 868 602 920 dis
635 866 753 935 cjus
781 866 1088 919 Chanamea
1117 862 1256 917 facta
1286 874 1390 918 est.
1448 861 1601 933 Saepe
1628 863 1857 917 miratus
1883 877 2003 916 sum
2041 860 2092 914 id

513 958 656 1028 quod
687 957 891 1012 dictum
923 965 1006 1010 est
1035 970 1064 1009 a
1099 953 1320 1009 Daniele
1371 953 1439 1008 ad
1484 954 1858 1024 presbyterum
1901 967 2095 1021 pecca-

516 1059 726 1110 torem,
769 1048 856 1103 cui
902 1062 1002 1117 pro
1052 1055 1274 1116 peccato
1302 1060 1498 1100 nomen
1544 1045 1863 1115 imponens,
1897 1059 2090 1109 semen,

512 1141 692 1211 inquit
722 1142 766 1205 ',
793 1137 1049 1194 Chanaan
1080 1147 1128 1192 et
1160 1153 1260 1190 non
1292 1134 1460 1190 Juda.
1495 1135 1722 1206 Magnus
1747 1135 1964 1205 quidem
1995 1134 2096 1189 Da-

514 1234 619 1288 niel
653 1233 1097 1288 constantissime
1124 1229 1502 1300 presbyterum
1529 1236 1868 1298 peecatorem
1901 1243 2087 1282 semen

512 1327 770 1380 Chanaan
801 1324 1096 1394 appellans,
1133 1331 1319 1376 etnon
1349 1319 1523 1386 Juda;
1560 1320 1734 1389 major
1774 1334 1904 1373 vero
1937 1334 2089 1373 com-

513 1418 793 1486 paratione
819 1416 938 1485 ejus
963 1414 1234 1477 Ezechiel,
1268 1429 1378 1468 non
1410 1413 1504 1468 uni
1531 1413 1882 1484 presbytero,
1915 1425 2091 1480 neque

511 1507 728 1561 duobus
763 1505 1077 1559 hominibus
1115 1503 1448 1556 nativitatem
1501 1501 1768 1571 objiciens
1798 1509 2086 1554 contume-

513 1600 728 1659 liosam,
764 1596 856 1651 sed
890 1596 1067 1659 radix,
1097 1595 1348 1664 inquiens
1370 1633 1384 1657 ,
1423 1604 1514 1647 tua
1535 1603 1585 1647 et
1615 1593 1881 1664 generatio
1907 1601 1997 1645 tua
2025 1593 2090 1645 de

514 1700 655 1742 terra
683 1687 958 1743 Chanaan.
992 1685 1154 1740 Pater
1185 1696 1306 1739 tuus
1336 1685 1696 1747 Amorrhams,
1725 1694 1773 1738 et
1807 1693 1976 1736 mater
1998 1695 2088 1736 tua

511 1780 745 1834 Cethtea.
787 1778 927 1845 Quia
975 1777 1275 1832 Jerusalem
1325 1777 1494 1832 multa
1544 1787 1758 1846 peccata
1792 1777 2084 1836 commisit.

511 1869 634 1924 ideo
657 1870 944 1938 increpans
974 1869 1120 1922 illam
1151 1869 1435 1939 propheta,
1457 1885 1562 1922 non
1589 1884 1718 1934 uno,
1749 1885 1924 1938 neque
1952 1869 2087 1923 duo-

512 1961 649 2025 bus,
700 1963 792 2016 sed
843 1963 1018 2016 tribus
1049 1961 1362 2015 nominibus
1406 1960 1704 2030 insignivit.
1773 1958 1988 2028 Septem
2028 1960 2080 2013 in

510 2053 704 2108 Genesi
738 2061 923 2124 gentes
949 2060 1338 2107 enumerantur
1364 2068 1394 2106 a
1423 2053 1532 2106 Deo
1563 2053 1616 2106 in
1648 2067 1758 2106 uno
1779 2052 1901 2106 loco
1921 2067 2083 2119 quem

510 2143 735 2198 tradidit
763 2144 887 2198 tiliis
915 2142 1098 2198 Israel.
1135 2142 1350 2213 Septem
1382 2152 1564 2198 autem
1591 2143 1674 2197 hac
1700 2151 1846 2198 sunt.
1892 2141 1949 2197 In
1976 2151 2086 2198 ter-

510 2251 654 2300 ram,
687 2235 930 2304 inquit’,
964 2234 1422 2300 Cliananteorum,
1446 2245 1500 2291 et
1529 2235 1998 2299 Amorrhteorum.
2034 2247 2086 2292 ct

511 2325 874 2393 Cctbeorum,
909 2336 963 2382 et
988 2325 1420 2391 Phereszeorum,
1451 2337 1505 2384 et
1536 2327 1844 2394 Evzeorum,
1873 2337 1928 2384 et
1952 2329 2087 2385 Ger-

512 2432 814 2485 geseorum
837 2459 852 2482 ,
901 2428 955 2474 et
995 2417 1394 2473 Jebusaeorum.
1434 2417 1488 2473 Si
1520 2419 1782 2490 possibile
1812 2418 2006 2475 fuisset
2031 2431 2088 2474 et

511 2521 718 2581 septem
753 2511 885 2566 istas
935 2525 1267 2581 congregare
1288 2551 1302 2570 .
1349 2519 1404 2564 et
1447 2527 1540 2582 per
1565 2527 1661 2566 eas
1692 2511 2082 2583 ignobilitatem

512 2602 832 2674 peccatricis
878 2599 1178 2657 Jerusalem
1232 2599 1562 2671 exprobrare
1632 2602 1847 2659 fecisset
1897 2605 2084 2674 utique

511 2695 792 2764 propheta.
834 2693 990 2748 Nunc
1015 2709 1144 2747 vero
1170 2694 1298 2763 quid
1329 2693 1494 2748 fecit?
1525 2693 1900 2751 Amorrhaaum
1923 2697 2084 2765 elegit

509 2798 573 2835 ex
602 2791 842 2852 septem,
893 2791 948 2836 et
990 2780 1392 2847 Chananeeum,
1426 2791 1479 2836 et
1513 2782 1588 2836 ait
1614 2783 1813 2838 habere
1837 2799 2086 2838 commu-

510 2873 730 2930 nionem
759 2873 1118 2943 peccatricem
1169 2871 1494 2938 Jerusalem,
1542 2874 1742 2942 quippe
1773 2873 1840 2927 ad
1868 2875 2084 2929 Chana-

511 2983 688 3022 meum
735 2968 888 3037 juxta
936 2967 1176 3021 radicem
1234 2975 1288 3020 et
1335 2967 1708 3032 nativitatem,
1758 2970 1975 3038 proprie
2017 2971 2084 3026 ad

510 3061 886 3115 Amorrlucum
909 3060 1206 3114 secundum
1234 3069 1463 3129 patrem,
1485 3060 1700 3129 proprie
1721 3060 1787 3114 ad
1806 3060 2083 3117 Cetbteum

2201 598 2284 643 ter
2309 587 2452 644 Deus
2480 591 2546 643 ad
2577 588 2914 644 Salvatorem
2953 590 3167 646 locutus
3200 600 3304 653 est,
3334 591 3466 645 dicit
3489 590 3555 645 ad
3581 608 3668 646 tne
3695 596 3776 648 ’δε

2203 677 2376 732 Filius
2412 695 2553 732 meus
2585 696 2639 732 es
2675 689 2752 745 tu,
2782 697 2876 750 ego
2907 681 3061 735 hodie
3093 681 3248 751 genui
3271 689 3339 734 te.
3375 677 3442 736 Et
3465 682 3558 737 alii
3591 691 3774 737 autem

2197 770 2380 839 plures
2403 782 2585 840 patres
2609 773 2712 826 mei
2739 781 2922 837 erunt,
2945 775 3011 827 ad
3041 790 3178 842 quos
3205 776 3380 828 iturus
3411 789 3553 828 sum.
3596 770 3781 831 Unus-

2195 863 2428 932 quisque
2460 863 2526 918 ad
2551 877 2682 918 suos
2715 863 3080 932 proticiscitur
3111 874 3312 932 patres.
3351 864 3408 920 Si
3436 867 3561 937 quis
3592 877 3676 922 est
3707 869 3777 922 ab

2197 951 2498 1013 Abraham.
2548 955 2748 1010 dicitur
2780 955 2846 1008 ad
2871 971 2995 1009 eum
3027 973 3039 1008 :
3073 955 3152 1008 Tu
3197 966 3376 1010 autent
3419 960 3555 1013 vade
3581 960 3648 1014 ad
3681 975 3777 1028 pa-

2196 1053 2308 1099 tres
2338 1055 2460 1100 tuos
2483 1060 2605 1098 cum
2643 1060 2774 1114 pace
2802 1046 3068 1101 educatus
3103 1047 3156 1100 in
3189 1057 3466 1103 senectute
3495 1050 3658 1104 bona.
3714 1050 3773 1106 Si

2193 1137 2318 1206 quis
2366 1149 2494 1189 vero
2539 1135 2816 1206 egreditur
2846 1135 2912 1189 de
2957 1135 3159 1190 seculo
3190 1151 3297 1190 non
3328 1151 3454 1191 cum
3488 1153 3644 1208 pace,
3678 1142 3774 1195 sed

2194 1245 2316 1285 cum
2343 1239 2689 1299 peccatorum
2720 1229 2859 1285 bello
2880 1269 2895 1292 ,
2937 1239 2989 1284 et
3020 1239 3300 1285 senectute
3327 1247 3434 1285 non
3471 1241 3641 1298 bona,
3688 1235 3777 1286 in-

2192 1330 2470 1374 veteratus
2501 1321 2713 1374 dierum
2744 1319 3036 1381 malorum,
3069 1320 3256 1388 utique
3280 1319 3481 1374 dicitur
3507 1321 3574 1375 ad
3605 1338 3730 1376 eum
3757 1342 3772 1377 :

2193 1413 2274 1467 Tu
2298 1425 2478 1468 autem
2515 1415 2650 1468 vade
2684 1415 2750 1468 ad
2785 1425 2966 1484 patres
3006 1425 3128 1470 tuos
3149 1431 3271 1470 cum
3322 1415 3496 1478 bello.
3533 1419 3775 1474 nutritus

2194 1507 2246 1559 in
2273 1517 2550 1561 scnectute
2579 1508 2739 1560 mala.
2801 1507 3066 1561 Doeemur
3099 1523 3128 1561 a
3175 1506 3282 1561 Deo
3315 1508 3417 1562 sub
3445 1508 3568 1564 aliis
3596 1511 3774 1563 nomi-

2191 1597 2352 1652 nibus
2381 1600 2511 1668 quid
2541 1599 2720 1653 facere
2737 1600 3052 1654 debeamus.

2261 1692 2316 1747 4.
2348 1690 2415 1745 In
2435 1710 2540 1762 qua
2562 1693 2646 1746 die
2670 1702 2793 1745 nata
2814 1709 2888 1757 es,
2912 1709 3015 1746 non
3037 1693 3386 1762 alligaverunt
3413 1709 3600 1748 manus
3624 1706 3771 1760 tuas,

2190 1785 2296 1838 sive
2345 1799 2446 1836 non
2493 1793 2570 1836 est
2616 1783 2822 1837 excisus
2869 1782 3148 1836 umbi'icus
3189 1793 3310 1835 tuus
3345 1783 3407 1837 ¹³.
3451 1783 3506 1836 In
3543 1782 3774 1838 Hebraeo

2189 1877 2387 1946 quippe
2422 1875 2502 1931 sic
2528 1874 2762 1929 habetur
2789 1893 2799 1927 :
2840 1873 2960 1927 Non
2985 1883 3060 1928 est
3089 1875 3295 1928 excisus
3319 1875 3597 1927 umbilicus
3621 1884 3768 1930 tuus.

2188 1966 2490 2035 Allegorice
2533 1964 2741 2020 inducit
2773 1963 3073 2018 Jerusalem
3111 1965 3268 2034 quasi
3299 1965 3532 2034 puellam
3571 1965 3640 2019 ab
3684 1967 3774 2019 in-

2189 2057 2360 2113 fantia
2389 2057 2646 2129 genitam.
2683 2056 2816 2124 Quae
2843 2065 3022 2110 autem
3050 2055 3116 2111 de
3144 2055 3446 2112 Jerusalem
3479 2057 3768 2120 dicuntur,

2189 2151 2431 2205 sciamus
2469 2148 2536 2204 ad
2585 2163 2778 2204 omnes
2828 2148 3078 2202 homines
3123 2147 3215 2216 qui
3262 2147 3316 2201 in
3363 2145 3605 2201 Ecclesia
3636 2158 3774 2201 sunt

2188 2241 2478 2310 pertinere.
2537 2239 2781 2294 Primum
2808 2240 2928 2307 ejus
2956 2247 3166 2308 tempus
3195 2237 3299 2292 tale
3325 2245 3428 2301 est,
3462 2238 3769 2291 secundum

2189 2333 2351 2404 quale
2399 2331 2758 2397 describitur;
2807 2329 2996 2400 procul
3047 2338 3226 2383 autem
3255 2328 3397 2383 absit
3439 2344 3468 2382 a
3515 2329 3673 2383 nobis
3704 2339 3772 2382 ut

2188 2425 2409 2478 tertium
2441 2423 2606 2493 378
2637 2429 2851 2491 tempus
2881 2421 2987 2474 tale
3017 2420 3336 2483 habeamus,
3374 2419 3532 2488 quale
3562 2419 3770 2471 dicitur

2189 2515 2254 2568 ad
2301 2511 2644 2565 Jerusalem!
2697 2525 2888 2565 omnes
2935 2510 3078 2563 enim
3123 2509 3215 2579 qui
3263 2509 3499 2578 primum
3555 2505 3771 2562 fuimus

2189 2615 2521 2676 peccatores,
2551 2601 2852 2658 Jerusalem
2883 2617 3144 2655 vocamur
3173 2616 3203 2654 a
3240 2599 3369 2664 Deo,
3413 2609 3465 2652 et
3498 2599 3769 2654 habemus

2187 2716 2247 2753 ca
2276 2714 2398 2770 qua:
2422 2699 2596 2754 prima
2625 2696 2898 2752 dicuntur.
2955 2694 3203 2748 Secunda
3248 2702 3428 2746 autem
3460 2693 3504 2747 si
3536 2701 3658 2762 post
3682 2693 3770 2744 vi-

2189 2793 2499 2847 sitatirnem
2547 2802 2600 2843 et
2643 2787 2888 2842 notitiam
2939 2785 3029 2839 Dei
3057 2783 3522 2854 perseveravimus
3550 2783 3600 2834 in
3635 2797 3768 2850 pec-

2189 2882 2346 2942 catis.
2382 2882 2447 2936 ad
2478 2896 2578 2935 nos
2601 2878 2890 2949 pertinent.
2927 2875 3106 2929 Tertia
3135 2889 3265 2928 vero
3298 2873 3435 2927 mala
3460 2888 3581 2942 qua:
3608 2874 3766 2941 peni-

2192 2986 2277 3027 tus
2307 2973 2661 3030 detestamur,
2715 2966 3014 3022 secundum
3045 2965 3290 3020 ordinem
3340 2977 3761 3033 prosequemur.

2189 3063 2344 3119 Nunc
2370 3063 2512 3118 utad
2537 3063 2772 3131 primum
2803 3057 3040 3119 redeam,
3076 3056 3340 3125 scriptum
3385 3063 3468 3109 est
3501 3053 3656 3124 quasi
3693 3055 3767 3109 de

510 3151 813 3208 secundum
851 3160 1101 3204 matrem.
1133 3149 1188 3204 Si
1222 3151 1277 3205 in
1307 3148 1607 3205 Jerusalem
1633 3159 1782 3206 tanta
1805 3152 2080 3220 dicuntur,
2109 3164 2151 3221 C
2185 3154 2484 3210 Jerusalem
2523 3171 2535 3207 :
2572 3150 2635 3204 In
2662 3169 2765 3222 qua
2803 3152 2888 3204 die
2916 3160 3042 3202 nata
3069 3166 3144 3209 es.
3171 3164 3271 3200 non
3296 3157 3372 3200 est
3402 3147 3610 3200 excisus
3638 3162 3764 3196 um-

511 3243 580 3295 de
603 3257 708 3311 qua
745 3251 853 3294 tam
882 3241 1106 3309 grandia
1154 3249 1210 3295 ct
1255 3249 1364 3294 tam
1414 3241 1550 3296 mira
1583 3244 1886 3314 conscripta
1923 3255 2072 3312 sunt,

511 3349 635 3403 quae
656 3333 704 3387 ei
735 3342 862 3386 sunt
892 3333 1220 3402 reprontissa
1241 3374 1256 3399 ,
1307 3334 1436 3403 quid
1480 3333 1721 3388 futurum
1761 3347 1843 3390 est
1886 3340 2086 3394 misero

513 3424 672 3486 mihi,
701 3424 746 3478 si
777 3425 1104 3493 peccavero?
1139 3423 1277 3490 Quis
1305 3425 1436 3479 mihi
1468 3426 1574 3479 erit
1609 3429 1797 3495 pater?
1827 3428 1934 3482 Aut
1966 3447 2088 3499 qua:

512 3515 646 3571 mihi
671 3525 775 3571 erit
799 3517 1004 3570 mater?
1038 3515 1225 3571 Tantae
1251 3518 1482 3587 talisque
1517 3519 1630 3589 (Η)
1672 3517 1971 3575 Jerusalem
2004 3540 2089 3577 ra-

509 3612 604 3666 dix
637 3619 692 3665 et
719 3610 998 3681 generatio
1025 3609 1094 3666 de
1119 3619 1263 3665 terra
1292 3610 1748 3678 Cbananaeorum,
1784 3623 1936 3683 pater
1966 3615 2087 3685 ejus

507 3702 861 3757 Amorrbaeus
913 3709 968 3756 et
1011 3710 1186 3756 mater
1229 3702 1443 3757 (lethaea
1485 3712 1850 3773 nuncupatur.
1898 3703 2011 3775 Ego
2040 3707 2087 3761 si

509 3806 842 3862 peccavero,
891 3792 985 3861 qui
1017 3792 1070 3846 in
1098 3791 1317 3850 Christo
1337 3792 1465 3850 Jesu
1499 3791 1700 3860 Credo,
1743 3805 1798 3850 et
1829 3805 1980 3851 tanto
2004 3813 2090 3854 me

509 3883 776 3954 magistro
806 3884 1024 3949 tradidi,
1050 3884 1176 3954 quis
1219 3885 1353 3940 mihi
1382 3885 1600 3942 futurus
1628 3896 1712 3942 est
1738 3889 1929 3956 pater?
1968 3887 2087 3944 Non

510 3975 700 4045 utique
745 3975 1136 4038 Amorrhaaus,
1198 3977 1293 4030 sed
1367 3979 1596 4047 nequior
1639 3979 1862 4047 quidam
1912 3990 2086 4048 pater.

510 4067 646 4133 Quis
675 4076 760 4123 est
783 4068 920 4122 iste?
971 4068 1153 4132 Quiais
1181 4070 1272 4138 qui
1301 4082 1570 4138 peceatum
1601 4070 1756 4138 facit,
1782 4087 1846 4124 ex
1876 4072 2088 4127 diabolo

511 4170 670 4214 natus
712 4169 789 4214 est
819 4161 884 4216 ⁸⁸.
942 4159 1011 4214 Ει
1057 4161 1252 4216 iterum
1289 4163 1374 4214 ηε
1425 4159 1521 4213 Vos
1569 4175 1634 4214 ea:
1681 4171 1832 4230 patre
1876 4163 2088 4218 diabolo

508 4255 656 4307 estis.
720 4252 777 4308 Si
807 4253 972 4322 igitur
999 4251 1299 4308 Jerusalem
1329 4252 1530 4307 dicitur
1560 4252 1626 4307 de
1656 4254 1838 4308 radice
1868 4263 1920 4308 et
1948 4256 2088 4310 nati—

509 4347 673 4400 vitate
705 4355 864 4400 terra
894 4344 1239 4410 Chananam,
1274 4343 1404 4413 qttid
1435 4343 1646 4398 dicetur
1670 4345 1738 4399 ad
1768 4347 1903 4400 nos?
1935 4347 2089 4402 Inve-

2189 3247 2376 3300 bilicus
2409 3254 2551 3298 tuus.
2609 3242 2895 3311 Aljutorio
2920 3239 3014 3294 Dei
3040 3240 3372 3310 indigemus,
3401 3248 3460 3291 ut
3484 3238 3765 3306 possimus

2187 3338 2503 3392 umbilicum
2545 3350 2650 3389 non
2679 3335 2967 3404 prazcisum
2999 3331 3317 3402 peccatricis
3339 3329 3638 3384 Jerusalem
3670 3327 3762 3381 in-

2187 3429 2394 3492 venire,
2428 3437 2520 3480 aut
2542 3434 2687 3480 certe
2719 3423 3002 3494 praecisum
3034 3422 3349 3500 umbilicum
3381 3419 3499 3488 ejus
3525 3418 3616 3488 qui
3650 3433 3763 3470 non

2187 3516 2431 3588 peccavit
2458 3528 2748 3583 exponere.
2793 3511 2919 3565 Sive
2949 3511 3114 3580 igitur
3147 3508 3446 3563 Jerusalem
3467 3550 3480 3574 ,
3516 3507 3628 3561 sive
3657 3521 3763 3560 cu-

2186 3611 2494 3680 juscunque
2525 3609 2750 3661 alterius
2775 3605 2842 3660 de
2865 3605 2969 3660 alia
2997 3605 3277 3673 Scriptura
3321 3616 3508 3672 quaero
3540 3600 3765 3655 umbili-

2187 3716 2336 3766 cum,
2362 3708 2422 3754 ut
2448 3697 2786 3768 spiritalibus
2819 3695 3083 3765 spiritalia
3113 3709 3460 3763 comparans,
3485 3691 3761 3745 inveniam

2186 3791 2463 3865 quomodo
2503 3806 2609 3842 non
2659 3791 2732 3844 sit
2781 3787 3040 3858 praecisus
3088 3787 3382 3840 umbilicus
3430 3783 3759 3838 Jerusalem.

2190 3884 2463 3953 Scriptum
2511 3893 2594 3935 est
2635 3881 2687 3934 in
2715 3877 2818 3934 Job
2845 3879 2914 3933 de
2943 3877 3184 3932 dracone
3210 3877 3252 3907 ¹⁶
3287 3894 3301 3930 :
3346 3873 3524 3929 Virtus
3555 3874 3666 3942 ejus
3704 3874 3763 3927 in

2188 3973 2436 4029 umbilico
2455 4013 2470 4036 ,
2517 3984 2564 4025 et
2590 3970 2849 4040 fortitudo
2874 3969 2987 4038 ejus
3022 3983 3177 4036 super
3202 3965 3510 4019 umbilicum
3539 3967 3760 4019 uentris.

2191 4067 2318 4121 Scio
2344 4082 2410 4121 ex
2445 4066 2528 4119 his
2557 4079 2677 4134 quae
2711 4062 2842 4115 mihi
2873 4061 3044 4132 gratia
3074 4060 3255 4115 divina
3283 4059 3473 4126 largita
3499 4067 3603 4121 est,
3631 4072 3763 4112 cum

2189 4167 2507 4229 praascrtem
2532 4155 2711 4210 locum
2745 4167 3094 4222 exponerem,
3123 4166 3210 4206 me
3233 4152 3438 4204 dixisse
3459 4149 3603 4217 quod
3641 4150 3768 4202 dra-

2189 4267 2254 4304 co
2285 4250 2354 4303 sit
2385 4247 2642 4301 lortitudo
2671 4243 2966 4299 contraria.
3006 4239 3114 4296 Iste
3139 4250 3220 4297 est
3246 4241 3390 4295 enim
3415 4241 3612 4303 draco,
3645 4257 3764 4295 scr-

2189 4362 2322 4416 pens
2350 4346 2612 4412 antiquus
2640 4340 2732 4410 qui
2774 4347 3003 4394 vocatur
3027 4337 3276 4392 diabolus
3315 4345 3369 4390 et
3407 4337 3640 4392 Satanas
3665 4333 3766 4389 de-

513 4436 736 4488 niuntnr
763 4444 818 4488 et
849 4435 1006 4489 nobis
1035 4445 1217 4504 patres
1257 4436 1348 4504 qui
1396 4451 1494 4490 nos
1518 4446 1778 4506 generant
1812 4439 1863 4492 in
1892 4456 2086 4508 pecea-
2118 4499 2160 4508 _
2193 4437 2400 4506 cipiens
2423 4435 2611 4487 orbem
2636 4440 2904 4486 terrarum
2933 4428 3268 4482 universum.
3310 4425 3473 4481 Istius
3499 4425 3766 4479 lortitudo

511 4526 601 4579 tis.
634 4522 705 4579 Ut
734 4524 879 4580 enim
911 4527 958 4580 si
990 4499 1167 4580 bonus
1202 4499 1372 4588 fuero,
1398 4534 1451 4578 et
1480 4499 1547 4579 iri
1566 4528 1773 4596 optimo
1800 4499 1921 4584 actu
1950 4545 2078 4584 con-
2118 4499 2164 4558 υ
2191 4499 2530 4582 ἱιιύιιιιηιὶεο
2556 4532 2658 4578 est.
2695 4521 2805 4576 Nec
2826 4521 3052 4575 dubium
3089 4537 3103 4574 :
3137 4533 3261 4573 nam
3288 4517 3613 4588 principium
3646 4532 3766 4569 ma-

513 4609 760 4679 stitutus,
795 4614 928 4668 dicit
959 4614 1090 4668 mihi
1113 4612 1274 4670 Jesus
1303 4614 1346 4646 "
1375 4631 1388 4668 :
1431 4615 1562 4679 Fili,
1613 4617 1960 4672 dimittuntur
1987 4620 2082 4673 tibi

510 4714 722 4774 peccata
758 4714 888 4768 tua;
932 4704 1062 4758 dicit
1092 4705 1224 4758 mihi
1262 4703 1463 4760 Paulus
1489 4705 1788 4777 discipulus
1821 4706 1949 4762 Jesu
1983 4708 2027 4739 ¹³
2065 4727 2078 4762 :

516 4794 583 4849 In
615 4795 824 4852 Christo
850 4795 989 4848 enim
1013 4793 1142 4849 Jesu
1168 4813 1259 4866 per
1288 4796 1628 4868 Evangelium
1655 4814 1748 4868 ego
1776 4815 1861 4853 vos
1888 4803 2078 4871 genui;

514 4889 585 4942 ita
621 4887 666 4942 si
699 4886 875 4942 factus
906 4887 1062 4941 fuero
1087 4899 1358 4958 peccator,
1389 4903 1656 4960 generans
1687 4905 1775 4945 me
1808 4891 1862 4944 in
1896 4907 2081 4962 pecca-

2192 4622 2369 4674 lorum
2415 4615 2660 4670 omnium
2706 4614 2760 4667 in
2806 4612 2991 4667 lumbo
3016 4618 3283 4666 versatur.
3337 4608 3402 4664 Et
3431 4609 3552 4663 ideo
3581 4607 3767 4661 adhuc

2193 4711 2246 4764 in
2280 4708 2464 4763 lumbo
2491 4705 2660 4776 patris
2682 4704 3015 4759 constitutus
3049 4701 3144 4773 qui
3177 4701 3494 4757 nasciturus
3531 4709 3646 4754 erat
3676 4715 3766 4753 re-

2191 4804 2380 4864 fertur.
2403 4801 2531 4871 quia
2559 4800 2615 4854 in
2637 4799 2852 4854 lumbos
2873 4797 3080 4852 semina
3105 4796 3342 4850 humana
3361 4795 3584 4850 collecta
3609 4801 3763 4847 sunt.

2191 4895 2475 4952 Fortitudo
2517 4906 2646 4963 ergo
2691 4890 2963 4946 contraria
3002 4891 3314 4960 ubicunque
3355 4899 3485 4944 sunt
3529 4885 3766 4949 semina,

546 5003 568 5034 ⁸
602 5003 733 5056 Dan.
768 5019 885 5064 xm,
918 5001 1006 5056 56.
1081 5003 1103 5034 ⁸
1127 5001 1260 5057 Gen.
1297 5003 1494 5065 ".20.
1575 5007 1618 5036 ³⁸
1645 5003 1661 5057 l
1691 5004 1852 5060 Joan.
1892 5022 1973 5070 ttt.
2003 5010 2058 5064 8.

2215 5009 2371 5064 Joan.
2409 5022 2504 5060 vm
2528 5045 2542 5068 ,
2576 5005 2666 5058 Η.
2740 5005 2781 5036 ¹²
2800 5001 2987 5057 Matth.
3019 5019 3072 5057 Ix
3095 5044 3111 5068 ,
3145 5003 3198 5057 5.
3274 5002 3318 5033 “
3347 4999 3365 5054 l
3394 5001 3524 5056 (lor.
3565 5016 3638 5056 tv.
3672 5001 3766 5056 l5.

519 5076 561 5105 "
587 5074 729 5128 Psal.
760 5090 815 5136 tt,
850 5073 903 5127 7.
1009 5075 1052 5104 ¹⁵
1084 5075 1276 5127 lszech.
1309 5090 1414 5138 xvt,
1449 5075 1501 5128 4.
1582 5077 1626 5106 ¹⁶
1657 5075 1759 5129 Job
1792 5093 1878 5140 an,
1909 5079 1993 5132 li.

525 5193 587 5280 ᾘ
641 5190 1023 5280 Ὶιξουσαιξυζῃιζι
1041 5190 1272 5280 ,ὅτεὶτοῦ
1295 5191 1441 5280 ,Θεοῦ
1473 5187 1758 5280 ἦνππὸξις,
1800 5193 1952 5280 etiam:
1985 5197 2081 5280 uati.

513 5262 665 5332 γένος
694 5261 838 5333 εἶχεν
879 5261 1262 5333 ἐξἈϐραὰμ)
1293 5261 1505 5333 ἔχουσαί
1529 5262 1746 5333 Πατέρα
1777 5261 1867 5316 *ἑὸν
1912 5267 2044 5318 θεὸν
2064 5305 2079 5328 ,

514 5330 609 5387 καὶ
644 5330 855 5404 μηεέέρσ.
887 5333 984 5404 τὴν
1009 5330 1510 5404 χάρινζλεηὶξαιεηι
1534 5330 1745 5404 quando
1771 5333 1864 5386 Dei
1891 5337 2080 5388 ciuitas

512 5401 656 5464 erat,
674 5401 904 5457 radicem
934 5401 1188 5472 negem.
1213 5401 1434 5454 ducebat
1461 5417 1526 5455 ea:
1557 5401 1822 5455 Abraham
1845 5445 1860 5466 ,
1896 5405 2082 5459 Deum—

514 5489 612 5542 que
639 5472 851 5526 Patrem
873 5473 1116 5535 habebat,
1136 5481 1186 5525 et
1214 5480 1444 5542 matrent
1467 5473 1694 5540 gratiam
1720 5473 1855 5534 eius.

587 5543 698 5612 (Η)
740 5543 924 5596 Tanta!
963 5543 1190 5612 talisque
1215 5579 1228 5602 .
1248 5551 1384 5612 etc.
1406 5540 1622 5596 Catenae
1654 5559 1786 5598 mss.
1815 5559 1829 5596 :
1861 5542 2082 5607 Τελείας

514 5609 690 5684 sua;
738 5615 771 5683 ἡ
798 5609 1498 5684 ίῖιερονσαλῆμβύμσολονὶ
1539 5613 1660 5684 ἥτις
1705 5613 1856 5684 ψυχὴ
1902 5629 2079 5684 mea:

519 5678 899 5755 ἡςρἧςᾱέξεί
928 5681 1082 5755 ῥίζαν
1106 5678 1436 5755 ἰαὶχένεσιν
1462 5682 1526 5755 ἐκ
1549 5678 1652 5752 ﬁt;
1680 5678 1925 5755 Χαὺὰᾶν·
1960 5678 2017 5755 ὲίν

559 5749 648 5823 ιζῃ
675 5751 784 5823 Eget
816 5745 1030 5823 riu-ripa
1069 5745 1388 5823 ’ᾼμοῤῥαῖον
1408 5791 1423 5813 ,
1451 5745 1796 5823 καὶίιὶητέρα
1823 5745 2079 5807 Χεταίαῦξ

572 5768 648 5820 ,ςῃ
676 5768 784 5815 seet
816 5768 1030 5873 autcf:
1072 5768 1388 5822 ’Λμορραιον
1408 5791 1423 5813 ,
1451 5768 1543 5805 και
1587 5768 1796 5823 μητερα
1823 5768 2079 5807 λεταιαν.

572 5820 742 5872 αναὰν
782 5821 1046 5892 σύμϐοηον
1073 5819 1172 5891 τῆς
1205 5823 1475 5891 ἁμαρτίας
1498 5839 1509 5852 ·
1550 5822 1870 5893 ’Λμοῤῥαῖος
1902 5825 2083 5894 πατὴρ

2183 5197 2296 5247 ἐστι
2330 5191 2536 5262 νοητῶς
2566 5192 2594 5244 ὁ
2621 5189 2894 5262 διάϐολος
2922 5190 3125 5262 xenia
3165 5190 3218 5242 δὲ
3254 5191 3455 5262 μήτηρ,
3495 5193 3526 5260 ἡ
3551 5190 3614 5242 ἐκ
3641 5188 3772 5243 τού-

2183 5281 2276 5317 του

2315 5259 2564 5332 γένῆθησίς
2606 5263 2720 5313 ἐστι
2745 5278 2758 5290 ο
2787 5259 2906 5332 ξῑιῖς
2938 5261 3046 5332 γὰρ
3088 5264 3120 5332 d
3158 5259 3344 5314 ποιῶν
3372 5259 3666 5327 ἁμαρτίαν
3693 5262 3767 5316 ἐκ

2186 5334 2290 5387 τοῦ
2328 5330 2610 5385 διαϐόλου
2665 5330 3030 5400 γεγέννηταιζ
3083 5331 3285 5384 Animis
3310 5332 3554 5400 perfecta
3589 5332 3768 5398 ﬁgura

2184 5413 2261 5458 est
2301 5402 2642 5456 Jerusalem:
2671 5418 2787 5468 qua:
2816 5401 2993 5454 anima
3041 5417 3160 5454 cum.
3193 5402 3487 5464 corruerit,
3525 5403 3763 5453 radicem

2187 5484 2457 5542 ortumque
2497 5472 2702 5524 habebit
2747 5488 2773 5524 e
2815 5481 2954 5523 terra
3002 5469 3280 5526 Chanaan.
3328 5470 3393 5524 In
3443 5472 3543 5542 hac
3577 5472 3764 5542 radice

2189 5541 2395 5596 habebit
2423 5551 2623 5611 patrem
2665 5541 3052 5604 Amorrhazum,
3106 5550 3152 5594 et
3199 5552 3421 5594 matrem
3470 5541 3761 5611 Cet/iamut.

2191 5610 2446 5666 Chanaan
2493 5611 2692 5681 peccati
2735 5612 2907 5680 ﬁgura
2944 5621 3018 5665 est
3048 5627 3065 5664 :
3095 5612 3432 5666 Amorrlteeus
3465 5621 3614 5680 pater
3648 5610 3763 5675 spi-

2192 5683 2341 5736 ritali
2371 5700 2524 5736 sensu
2555 5681 2796 5735 diabolus
2825 5692 2940 5750 est;
2983 5681 3193 5736 Cethtca
3230 5695 3419 5740 mater.
3456 5700 3516 5734 ea
3552 5697 3668 5750 qua:
3696 5695 3764 5732 ea:

2190 5755 2304 5814 ipso
2329 5764 2404 5806 est
2440 5753 2706 5806 nativitas.
2748 5770 2766 5802 ι
2800 5749 2984 5822 Omnis
3009 5753 3146 5806 enim
3171 5754 3258 5822 qui
3294 5753 3424 5820 facit
3451 5749 3721 5820 peccatum
3743 5791 3761 5817 ,

2191 5837 2254 5874 cr
2286 5822 2494 5876 diabolo
2531 5832 2684 5874 natus
2719 5833 2793 5876 est
2826 5820 2845 5894 (
2880 5820 2908 5874 1
2937 5820 3098 5875 Joan.
3131 5820 3211 5888 nt,
3247 5825 3322 5892 8).
3362 5842 3378 5870 ι
