4140 6436
367 345 472 400 “'5

1776 325 2058 386 HOMILIA
2101 327 2188 384 Vl.

3527 325 3629 379 7M

370 459 444 515 ibi
475 455 801 512 insidiarum
825 465 1051 508 suarum
1082 449 1188 503 vim
1216 455 1448 503 conatur
1476 444 1773 502 ostendere.
1835 442 1944 495 Ad—
1971 444 2013 500 A
2047 441 2187 496 ritus
2231 438 2457 510 pecunia
2510 437 2848 506 comparari,
2888 437 2940 492 in
2974 455 3080 510 qua
3125 457 3231 495 non
3272 448 3355 496 est
3395 441 3541 498 lotus
3573 443 3625 494 in

369 549 591 606 versum
636 545 908 602 masculos
936 543 1110 622 virtus
1133 525 1254 611 ejus
1277 541 1328 594 in
1360 522 1560 594 lumbis
1605 531 1710 602 est,
1746 535 1940 589 adver-

2047 531 2295 586 salutem.
2326 519 2404 582 Ad
2421 535 2635 581 omnem
2653 529 2888 580 animam
2912 530 3261 598 peccatricem
3282 546 3401 600 qum
3414 530 3630 584 videtur

371 657 495 698 sum
523 629 757 696 feminas
783 623 957 690 virtus
980 619 1098 704 ejus
1125 633 1181 708 in
1207 630 1466 710 umbilico
1497 627 1701 684 ventris
1722 634 1822 681 est.
1880 620 1946 678 Et
2047 621 2301 687 credere,
2352 619 2454 674 ista
2489 619 2743 673 dicuntur
2785 635 2906 689 quae
2928 635 3073 676 nunc
3122 621 3264 675 dicta
3301 622 3530 691 legimus
3559 622 3629 675 ad

372 733 498 790 vide
555 712 843 806 quomodo.
875 727 1104 782 honeste
1139 711 1241 778 viri
1290 720 1644 789 mulierisque
1693 717 1945 790 genitalia
2046 713 2371 781 Jerusalem,
2409 723 2469 768 ut
2522 729 2631 768 non
2676 713 2745 768 ad
2784 712 2992 782 majora
3036 713 3420 776 conscendam,
3462 723 3516 768 et
3563 728 3629 768 ea

375 823 609 882 obtectis
643 803 958 875 nominibus
988 804 1267 883 Scriptura
1304 808 1716 880 nuncupaverit,
1753 821 1818 860 ne
1855 805 1949 875 per
2048 811 2289 878 quaeram
2326 821 2447 876 qua:
2486 805 2629 860 ultra
2655 805 2799 860 vires
2832 818 2979 859 meas
3022 810 3150 858 sunt
3186 810 3238 857 et
3267 803 3563 873 ingenium.

375 931 440 972 ea
467 912 731 971 vocabula
771 925 892 980 quae
935 906 989 961 in
1038 913 1288 975 promptu
1342 910 1504 967 sunt,
1560 893 1947 970 turpitudinem

378 991 732 1075 signilicaret.
769 999 826 1054 Si
855 983 1183 1052 intellectum
1209 1002 1293 1046 est
1314 983 1619 1070 exemplum
1650 988 1794 1058 quod
1826 984 1952 1056 pro-

381 1096 607 1152 tulimus
642 1093 709 1148 de
737 1076 859 1156 Job,
892 1085 1130 1156 intelligo
1161 1077 1294 1138 mihi
1337 1081 1465 1152 quia
1504 1076 1563 1134 ut
1585 1079 1638 1134 in
1664 1078 1783 1133 viro
1812 1092 1950 1148 pra:-

379 1181 590 1253 putium
619 1174 1052 1241 circumciditur,
1093 1173 1173 1229 sic
1205 1171 1258 1225 in
1289 1171 1489 1225 femina
1519 1168 1812 1223 umbilicus
1834 1170 1952 1221 am-

380 1281 625 1342 putatUr.
677 1257 813 1324 Cum
858 1267 1001 1321 enim
1045 1262 1242 1334 pudiea
1269 1261 1370 1316 fuit
1396 1260 1628 1324 mulier,
1658 1267 1712 1313 et
1739 1257 1954 1312 mundis

382 1378 481 1418 usa
508 1354 903 1416 mutatiotiibus
936 1349 1262 1412 feminarum
1286 1394 1300 1420 ,
1340 1345 1546 1407 scilicet
1575 1365 1643 1404 ne
1683 1350 1738 1404 in
1775 1349 1954 1404 sordi-

384 1455 485 1510 das
513 1468 602 1508 res
623 1494 640 1520 ,
687 1459 741 1506 et
769 1443 821 1504 in
847 1457 1192 1520 peceatorum
1227 1430 1590 1514 turpitudines
1620 1439 1776 1509 ruat,
1827 1440 1956 1495 tunc

387 1546 679 1601 umbilicus
702 1543 819 1613 ejus
844 1534 1091 1598 abscisus
1117 1547 1219 1594 est.
1255 1537 1311 1613 Si
1340 1551 1468 1590 vero
1498 1533 1822 1604 peccaverit,
1847 1547 1955 1584 non

385 1646 472 1693 est
500 1611 790 1692 umbilicus
823 1634 941 1703 ejus
975 1623 1245 1687 abscisus.
1295 1611 1544 1695 increpat
1573 1639 1702 1693 ergo
1740 1615 1960 1703 Jerusa-

2120 889 2174 952 ϐ.
2218 895 2397 967 Neque
2444 895 2555 950 sale
2592 894 2754 949 salita
2777 895 2845 949 '°.
2897 892 2962 947 Et
2991 893 3096 947 hoc
3135 893 3341 946 crimen
3366 903 3450 946 cst
3471 891 3630 946 Jeru-

2053 988 2244 1053 salem,
2274 988 2404 1057 quia
2435 1003 2545 1042 non
2579 985 2759 1040 fuerat
2789 983 2952 1054 digna
2987 984 3099 1038 sale
3133 983 3246 1037 Dei.
3285 981 3398 1053 Ego
3435 983 3481 1037 si
3511 998 3629 1038 crea

2053 1075 2247 1135 didero
2276 1077 2508 1132 Domino
2552 1087 2675 1131 meo
2703 1075 2831 1130 Jesu
2857 1073 3104 1138 Christo,
3146 1074 3264 1144 ipse
3314 1086 3401 1128 me
3432 1074 3512 1128 sal
3546 1073 3630 1128 l‘a-

2055 1168 2180 1233 ciet,
2208 1167 2458 1237 dieetque
2498 1167 2630 1221 mihi
2661 1162 2704 1198 “
2734 1185 2750 1221 :
2789 1155 2888 1219 Vos
2925 1166 3048 1220 estis
3089 1166 3173 1219 sal
3213 1175 3386 1220 terrm.
3427 1163 3486 1220 Si
3517 1179 3632 1220 crea-

2055 1257 2244 1315 didero
2278 1255 2503 1330 Spiritui
2528 1259 2622 1329 qui
2646 1259 2699 1313 in
2721 1257 2978 1328 iipostolo
2998 1259 3212 1313 locutus
3231 1267 3334 1324 est,
3357 1258 3471 1313 sale
3502 1273 3633 1312 con-

2057 1348 2200 1418 dior,
2240 1358 2295 1405 et
2333 1365 2558 1420 possum
2600 1357 2928 1419 praeceptum
2976 1351 3252 1405 custodire
3278 1392 3293 1415 ,
3334 1349 3523 1406 dicens
3545 1350 3624 1400 “2

2059 1430 2243 1501 Sermo
2294 1453 2461 1498 vester
2508 1445 2577 1497 sit
2627 1459 2829 1512 semper
2871 1442 2926 1495 in
2979 1445 3158 1514 gratia
3209 1443 3319 1497 sale
3366 1443 3629 1498 conditus.

2059 1537 2275 1593 Grande
2307 1551 2446 1607 opus
2485 1543 2570 1590 est
2609 1535 2842 1591 insaliri.
2888 1533 2989 1600 Qui
3024 1536 3150 1589 sale
3181 1535 3432 1590 conditur
3458 1537 3632 1605 gratia

2059 1629 2254 1698 plenus
2287 1635 2390 1682 est.
2434 1621 2570 1680 Nam
2619 1634 2673 1680 et
2715 1625 2770 1678 in
2813 1625 3092 1679 communi
3130 1626 3416 1694 proverbio
3454 1627 3634 1683 salsus

386 1727 492 1783 lem
534 1727 691 1798 quasi
725 1702 1044 1787 mulierem,
1073 1720 1160 1775 cui
1187 1733 1293 1798 non
1339 1718 1410 1772 sit
1449 1715 1706 1784 praacisus
1743 1702 1960 1798 umbili-
1991 1775 2030 1798 η
2061 1713 2258 1772 dicitur
2302 1715 2594 1787 gratiusus,
2651 1722 2706 1770 'et
2744 1715 3052 1769 econtrario
3093 1715 3333 1771 insulsus
3382 1718 3474 1786 qui
3523 1731 3633 1772 non

383 1832 504 1873 cus.
536 1775 891 1886 Septuaginta
920 1775 1254 1878 interpretati
1287 1812 1412 1859 sunt
1440 1775 1493 1857 in
1521 1803 1623 1857 huc
1647 1800 1766 1884 loco
1797 1807 1810 1855 ξ
1837 1794 1958 1854 Non

2062 1799 2222 1863 habet
2255 1775 2506 1878 gratiam.
2553 1801 2610 1860 Si
2653 1805 2818 1876 igitur
2859 1805 3031 1874 gratia
3076 1806 3232 1861 nobis
3271 1818 3301 1861 a
3328 1775 3438 1862 Deo
3465 1810 3633 1870 venit,

385 1885 736 1978 alligaverunt
763 1904 923 1957 ubera
949 1911 1061 1964 tua,
1113 1913 1335 1954 sensum
1363 1888 1535 1965 magis
1559 1885 1762 1963 eloquii
1789 1893 1958 1962 expo-

387 2007 602 2063 nentes,
624 1992 1044 2064 quam.verbum
1071 1990 1137 2044 de
1159 1987 1325 2042 verbo
1352 1978 1738 2056 exprimentes.
1785 1979 1958 2038 Ubera

387 2100 570 2144 autem
603 2087 715 2158 (12)
765 2087 819 2140 in
846 2082 1088 2140 Canticis
1135 2075 1473 2136 canticorum
1521 2085 1799 2146 assumpta
1834 2085 1961 2130 sunt

390 2181 445 2236 in
476 2179 864 2249 cogitationum
895 2186 1110 2230 tuarum
1138 2181 1191 2226 et
1220 2169 1418 2225 mentis
1446 2168 1589 2223 loco.
1661 2166 1799 2232 Quia
1826 2165 1960 2219 bona

390 2270 552 2325 ubera
583 2279 674 2322 tua
704 2283 859 2335 super
884 2267 1059 2318 vinum
1094 2263 1158 2315 ιτ.
1197 2260 1262 2316 Et
1298 2259 1544 2314 recubuit
1589 2274 1751 2327 super
1771 2266 1960 2328 pectus

386 2352 540 2422 Jesu,
587 2357 678 2414 ubi
713 2357 878 2411 ubera
910 2367 1000 2409 tua
1032 2361 1180 2416 sunt,
1213 2352 1259 2407 is
1284 2350 1375 2421 qui
1399 2350 1840 2406 communionem
1873 2348 1959 2402 in-

390 2442 700 2505 tellectuum
727 2445 846 2517 ejus
878 2442 1166 2498 habiturus
1187 2447 1322 2494 erat.
1353 2437 1580 2504 Quando
1608 2451 1737 2504 ergo
1765 2449 1961 2490 sensus

390 2547 474 2594 est
499 2527 729 2606 rigidus,
757 2543 811 2589 et
837 2526 986 2587 notio
1009 2525 1272 2585 obstricta
1308 2536 1470 2597 atque
1501 2524 1671 2579 solida
1693 2565 1708 2591 ,
1741 2537 1840 2577 nec
1868 2523 1961 2578 de-

390 2625 509 2685 ﬂuit
535 2642 737 2693 sermo,
765 2616 1119 2680 manifestum
1149 2627 1232 2674 est
1253 2618 1379 2689 quia
1407 2616 1621 2685 alligata
1647 2621 1774 2669 sunt
1797 2614 1960 2667 ubera

387 2730 504 2777 tua.
559 2721 697 2773 Cum
727 2731 856 2770 vero
881 2731 942 2770 ca
968 2720 1089 2784 quae
1130 2710 1418 2775 dicuntur,
1467 2707 1730 2763 dissoluta
1757 2712 1882 2760 sunt
1909 2714 1963 2760 et

397 2811 665 2873 deﬂuunt,
697 2818 805 2861 nun
830 2811 958 2860 Sunt
985 2803 1153 2858 ubera
1177 2797 1413 2870 alligata.

461 2900 514 2954 5.
574 2890 727 2968 Aqua
758 2909 860 2949 non
887 2911 938 2948 es
968 2889 1079 2946 lota
1122 2891 1178 2945 in
1208 2890 1432 2944 salutem
1465 2887 1528 2942 η.
1585 2884 1876 2942 Videamus
1899 2900 1960 2940 ea

393 2997 516 3062 quae
561 2996 687 3044 sunt
736 2987 800 3043 in.
838 2983 1162 3047 Jerusalem,
1205 2998 1274 3036 ne
1301 2980 1440 3035 forte
1466 2979 1517 3034 et
1546 2978 1598 3033 in
1631 2978 1788 3032 nobis
1811 2978 1960 3046 rape,

2057 1908 2112 1954 et
2161 1897 2502 1966 complemur
2553 1896 2697 1951 deuo
2741 1895 2894 1966 ej'us,
2940 1896 3054 1952 sale
3104 1898 3351 1950 salimur.
3393 1898 3632 1953 Rursum

2058 1984 2643 2059 peccatrixJerusalem
2662 1997 2769 2042 non
2795 1992 2878 2042 est
2896 1988 3136 2043 involuta
3157 1990 3374 2058 pannis.
3395 1988 3634 2046 Observa

2059 2079 2204 2149 quod
2229 2077 2499 2135 dicimus:
2526 2077 2707 2132 anima
2731 2092 3047 2142 renascens,
3066 2087 3119 2132 et
3141 2079 3378 2147 primum
3407 2080 3460 2133 in
3487 2080 3636 2135 lava-

2059 2187 2152 2227 cro
2205 2172 2380 2238 edita,
2425 2171 2717 2227 involvitur
2769 2175 2986 2242 pannis.
3039 2171 3157 2242 Ipse
3190 2170 3452 2228 Dominus
3483 2187 3636 2230 meus

2058 2259 2218 2319 Jesus
2257 2265 2450 2333 pannis
2502 2264 2778 2318 involutus
2823 2271 2939 2329 est,
2983 2273 3038 2319 ut
3084 2263 3345 2332 scriptum
3404 2264 3640 2320 refertur

2060 2349 2114 2404 in
2141 2349 2430 2422 Evangelio
2470 2352 2769 2408 Secundum
2800 2352 3025 2407 Lucam.
3074 2351 3298 2423 Oportet
3338 2369 3468 2424 ergo
3511 2369 3635 2410 eum

2059 2440 2224 2512 379
2255 2443 2348 2512 qui
2392 2443 2714 2509 renascitur,
2756 2443 2945 2513 utique
2993 2443 3049 2497 in
3085 2441 3307 2498 Christo
3347 2458 3637 2499 renascetu-

2061 2540 2169 2587 tem
2219 2533 2541 2588 rationabile
2587 2541 2640 2588 et
2693 2533 2968 2587 sincerum
3023 2533 3109 2588 lac
3171 2533 3479 2588 desiderare
3524 2550 3539 2588 :
3584 2543 3640 2588 et

2061 2620 2376 2692 priusquam
2426 2620 2750 2675 rationabile
2795 2628 2850 2674 et
2898 2620 3016 2675 sine
3059 2620 3185 2673 dolo
3220 2619 3304 2674 lac
3341 2619 3637 2685 desideret;

2062 2712 2219 2768 debet
2258 2713 2370 2768 sale
2399 2712 2572 2780 saliri,
2611 2721 2664 2767 et
2696 2726 2999 2781 pannorum
3031 2711 3328 2766 involucris
3369 2711 3637 2780 colligari,

2062 2822 2131 2862 ne.
2159 2809 2372 2864 dicatur
2410 2807 2479 2862 ad
2517 2821 2663 2874 eum,
2713 2807 2826 2861 sale
2869 2819 2977 2860 non
3017 2821 3077 2861 es
3115 2805 3327 2871 salitus,
3359 2815 3413 2861 et
3447 2809 3640 2876 pannis

2062 2912 2171 2955 non
2213 2913 2273 2958 es
2323 2901 2618 2956 involutus.
2668 2900 2807 2966 Quia
2847 2905 3029 2954 autem
3066 2899 3170 2954 ista
3200 2897 3498 2954 Jerusalem
3531 2899 3641 2955 sint

2062 2992 2313 3059 crimina,
2346 3001 2454 3047 non
2488 2992 2805 3048 circumcidi
2830 3007 2949 3047 eam
2980 2991 3259 3058 umbilico,
3301 2998 3355 3045 et
3385 2992 3498 3046 sale
3530 3003 3638 3046 non

392 3083 627 3136 rianlur.
662 3073 824 3132 Verbi
853 3077 1031 3147 gratia
1058 3076 1262 3131 dictum
1293 3073 1364 3128 sit
1391 3087 1404 3124 :
1440 3068 1536 3126 Est
1565 3071 1809 3140 quaedam
1842 3082 1960 3122 nm-

2064 3080 2234 3146 saliri,
2281 3089 2336 3135 et
2360 3081 2556 3151 pannis
2594 3093 2704 3135 non
2739 3080 2961 3145 involvi,
2993 3089 3046 3134 et
3071 3090 3213 3150 aqua
3251 3095 3361 3134 non
3387 3080 3556 3135 lavari
3585 3081 3639 3134 in

393 3170 496 3228 lier
524 3186 670 3225 nunc
697 3170 825 3233 lota,
857 3177 1044 3222 verum
1072 3165 1333 3237 quaeritur
1365 3177 1430 3216 an
1462 3170 1515 3216 et
1545 3161 1597 3214 in
1627 3161 1877 3224 salutem,
1903 3167 1963 3214 ut

393 3273 446 3319 ct
474 3279 573 3317 nos
599 3263 890 3316 timeamus
920 3267 1138 3328 propter
1179 3257 1283 3310 hoc
1325 3252 1470 3323 quod
1497 3253 1592 3318 ait,
1627 3253 1681 3304 in
1711 3251 1957 3305 salutem.

393 3347 511 3408 Non
543 3350 792 3406 lavantur
818 3345 929 3422 (15)
954 3362 1144 3402 omnes
1165 3347 1218 3400 in
1242 3345 1491 3402 salutem.
1523 3337 1626 3410 Qui
1652 3343 1962 3412 accepimus

391 3445 617 3517 gratiam
647 3439 898 3512 baptismi
930 3441 983 3494 in
1016 3439 1235 3493 nomine
1267 3435 1603 3501 Christi,loti
1628 3449 1847 3500 sumus;
1867 3433 1961 3488 sed

391 3535 577 3590 nescio
618 3531 742 3602 quis
791 3530 936 3586 lotus
969 3529 1040 3586 sit
1071 3529 1124 3582 in
1153 3525 1407 3583 salutem.
1465 3523 1654 3577 Simon
1684 3522 1827 3577 latus
1855 3529 1959 3588 est,

390 3631 444 3680 et
477 3623 746 3693 baptisma
774 3626 1100 3675 conseCutus
1122 3612 1504 3685 perseverabat
1531 3610 1585 3664 in
1612 3607 1845 3678 Philippi
1872 3621 1960 3662 so-

391 3716 618 3778 cietate;
651 3720 840 3767 verum
872 3710 1000 3780 quia
1027 3720 1132 3762 non
1159 3713 1275 3760 erat
1299 3703 1441 3758 lotus
1467 3703 1523 3756 in
1552 3701 1805 3765 salutem,
1829 3713 1962 3752 con-

389 3805 680 3861 demnatus
715 3811 798 3858 est
826 3801 913 3857 ab
959 3813 1026 3854 eo
1055 3797 1147 3866 qui
1185 3796 1238 3849 in
1272 3793 1477 3862 Spiritu
1517 3800 1707 3846 sancto
1728 3787 1864 3843 dixit
1891 3785 1960 3841 ad

390 3913 516 3954 eum
547 3897 631 3951 "z
665 3893 895 3948 Pecunia
931 3900 1021 3943 tua
1053 3899 1220 3942 tecum
1257 3886 1326 3940 sit
1353 3885 1406 3938 in
1449 3882 1810 3952 perditionem.
1872 3877 1960 3930 ln-

391 3987 567 4057 gentis
612 3994 697 4042 est
735 3979 1066 4038 dillicultatis
1107 3992 1232 4032 eum
1280 3975 1374 4045 qui
1402 3974 1634 4036 lavatur,
1683 3969 1852 4024 lavari
1903 3968 1960 4022 in

393 4079 649 4135 salutem.
706 4073 997 4138 Attendite,
1024 4067 1432 4134 catechumeni,
1469 4064 1674 4126 audite,
1697 4071 1752 4117 et
1777 4077 1843 4117 ex
1875 4061 1962 4117 his

389 4185 516 4243 quae
557 4171 835 4231 dicuntur,
871 4169 1174 4238 praeparate
1215 4159 1577 4228 vosmetipsos
1628 4153 1760 4209 dum
1812 4161 1962 4208 cate-

391 4257 651 4316 chumeni
682 4256 836 4323 estis,
893 4255 1022 4309 dum
1052 4251 1281 4308 necdum
1312 4249 1444 4304 eatis
1473 4245 1762 4316 baptizati;
1785 4252 1840 4299 et
1870 4259 1960 4300 ve-

389 4350 559 4408 niatis
605 4347 673 4404 ad
718 4347 1022 4411 lavacrum,
1069 4353 1123 4398 et
1169 4339 1426 4396 lavemini
1480 4340 1537 4394 in
1575 4339 1830 4401 salutem,
1861 4351 1962 4391 nec

2063 3174 2292 3229 salutem
2333 3189 2513 3229 sermo
2562 3174 2769 3229 indicat
2816 3175 3095 3244 reliquus,
3141 3174 3234 3244 qui
3282 3175 3357 3228 ita
3395 3176 3640 3229 contexi-

2062 3271 2150 3318 tur
2183 3263 2228 3295 ’³
2262 3282 2276 3318 :
2319 3261 2499 3333 Neque
2529 3265 2755 3334 pepercit
2790 3265 2844 3317 in
2881 3273 2930 3318 te
2959 3263 3141 3317 oculus
3171 3273 3290 3317 tuus
3311 3305 3324 3330 ,
3359 3277 3414 3317 ut
3449 3265 3641 3334 faceret

2063 3355 2157 3410 tibi
2200 3371 2362 3409 unum
2407 3371 2472 3410 ea:
2514 3357 2757 3410 omnibus
2803 3356 2945 3411 istis.
3000 3354 3292 3425 Propterea
3347 3357 3483 3411 nihil
3543 3358 3639 3411 tibi

2061 3445 2255 3501 horum
2291 3445 2412 3514 feci,
2451 3455 2512 3502 ut
2535 3457 2742 3518 pateret
2775 3447 2980 3517 aliquid
3026 3462 3190 3516 super
3237 3456 3324 3513 te,
3364 3448 3494 3504 dicit
3539 3448 3643 3502 Do-

2060 3536 2264 3592 minus.
2297 3537 2614 3610 Exemplum
2646 3539 2714 3592 ab
2746 3539 3000 3610 omnibus
3027 3537 3320 3607 accipiam;
3367 3539 3560 3593 deinde
3591 3544 3639 3596 si

2063 3629 2297 3699 Spiritus
2333 3637 2555 3684 sanctus
2584 3629 2799 3695 viderit,
2847 3631 2913 3684 ad
2963 3628 3149 3683 Jesum
3183 3629 3462 3685 Christum
3491 3641 3545 3685 et
3573 3635 3638 3684 ait

2061 3717 2230 3776 Deum
2255 3721 2472 3776 Patrem
2520 3722 2938 3792 transmigrabo.
2973 3722 3202 3789 Quando
3245 3723 3310 3777 ad
3361 3724 3636 3778 hominem

2060 3811 2273 3882 loquor,
2311 3821 2365 3866 et
2395 3813 2656 3880 deprecor
2685 3825 2808 3866 eum
2838 3827 2936 3882 pro
2965 3814 3147 3883 aliqua
3183 3829 3261 3878 re,
3291 3823 3351 3867 ut
3380 3814 3608 3868 miserea
3627 3845 3640 3855 -

2061 3912 2151 3958 tur
2187 3904 2292 3958 mei
2329 3923 2341 3959 :
2386 3903 2431 3958 si
2463 3904 2580 3958 sine
2625 3903 3000 3959 misericordia
3040 3914 3143 3970 est,
3177 3906 3308 3960 nihil
3334 3907 3539 3976 patitur
3571 3921 3638 3961 ex

2062 3996 2148 4050 his
2189 4011 2306 4066 quae
2328 4009 2359 4050 a
2385 4010 2472 4050 me
2495 3995 2770 4062 dicuntur;
2813 3996 2860 4051 si
2898 4011 3025 4051 vero
3060 3997 3211 4053 molli
3241 4007 3326 4054 est
3350 4001 3554 4062 animo,
3586 4007 3643 4052 et

2061 4087 2196 4141 nihil
2221 4086 2275 4141 in
2308 4093 2374 4142 eo
2399 4083 2559 4157 rigidi
2592 4085 2775 4140 cordis
2801 4085 3078 4153 obduruit,
3127 4089 3275 4144 audit
3303 4105 3411 4157 me,
3459 4099 3512 4145 et
3537 4092 3642 4145 mi-

2061 4184 2272 4233 seretur
2320 4176 2463 4243 mei,
2509 4184 2566 4231 et
2612 4174 2932 4231 molliuntur
2974 4178 3184 4235 viscera
3224 4179 3344 4250 ejus
3381 4180 3448 4235 ad
3488 4195 3640 4237 meas

2060 4281 2270 4337 preces.
2307 4265 2438 4322 Tale
2466 4266 2600 4321 mihi
2626 4265 2884 4336 quiddam
2919 4267 3157 4340 intellige
3190 4285 3355 4340 super
3385 4270 3640 4327 Salvata~

2061 4368 2198 4412 rem.
2226 4356 2517 4412 Descendit
2544 4356 2598 4409 in
2629 4365 2802 4410 terras
2828 4356 3096 4413 miserans
3120 4359 3418 4414 humanum
3445 4375 3638 4432 genus,

390 4439 473 4498 sic
502 4437 755 4494 lavemini
787 4443 844 4490 ιιι
867 4435 1089 4504 qnidam
1131 4432 1226 4502 qui
1268 4429 1367 4485 ιοῑί
1406 4436 1535 4485 sum
1559 4462 1574 4492 δ
1620 4427 1715 4481 sed
1749 4441 1870 4519 “°“_
1901 4425 1956 4478 ί¹¹
1993 4438 2034 4492 Ι)
2065 4448 2346 4518 passiones
2394 4461 2685 4517 perpessus
2725 4455 2808 4501 est
2851 4457 3066 4503 nostras
3101 4458 3392 4519 antequam
3419 4425 3637 4506 crucem

389 4533 623 4588 salutem
643 4571 659 4596 ,
693 4537 756 4584 ut
787 4528 882 4598 qui
912 4526 1111 4597 accipit
1139 4538 1357 4594 aquam,
1383 4531 1438 4577 et
1481 4535 1587 4575 non
1618 4519 1814 4588 accipit
1839 4517 1961 4587 Spié

386 4622 556 4679 ritum
591 4629 861 4677 sanctum.
911 4618 1014 4685 Qui
1058 4617 1270 4672 lavatur
1312 4615 1367 4669 in
1397 4614 1648 4678 salutem,
1679 4622 1734 4666 et
1761 4626 1957 4680 aquam

389 4713 592 4784 accipit
619 4719 674 4766 et
701 4709 961 4780 Spiritum
1011 4717 1282 4764 sanetum.
1329 4703 1466 4771 Quia
1495 4719 1602 4758 non
1631 4701 1732 4756 luit
1766 4701 1957 4757 Simon

387 4803 538 4858 lotus
585 4803 640 4858 in
685 4802 939 4864 salutem,
987 4799 1196 4868 accepit
1232 4808 1466 4866 aquam,
1519 4802 1574 4848 et
1617 4809 1722 4847 non
1751 4793 1961 4862 accepit

390 4893 659 4964 Spiritum
702 4900 976 4958 sanctum,
1002 4891 1209 4960 'putans
1235 4888 1362 4959 quia
1402 4886 1579 4957 possit
1602 4884 1806 4940 donum
1847 4885 1959 4955 spi-

469 5025 509 5062 ¹⁷
535 5031 698 5086 Cant.
737 5030 860 5094 1,1.
937 5028 979 5060 “'
1001 5025 1200 5083 Ezecb.
1237 5041 1359 5092 xvi,
1388 5026 1442 5080 4.
1522 5025 1563 5058 ³³
1599 5023 1718 5080 Act.
1754 5039 1854 5080 vm
1879 5063 1895 5092 ,
1935 4986 2024 5081 20.

387 5097 447 5154 6.
488 5100 533 5132 "
561 5098 756 5156 Ezech.
789 5109 899 5166 m,
933 5098 988 5154 5.

462 5225 574 5296 (12)
615 5225 786 5296 Ubera
817 5232 1029 5296 autem,
1062 5231 1170 5296 etc_.
1205 5223 1422 5296 Catenae
1461 5240 1475 5277 :
1517 5226 1579 5279 0i

381 5292 602 5365 φθήσάν
631 5297 688 5347 ὲν
719 5293 797 5365 τῷ
829 5295 1069 5417 "licitam
1099 5292 1207 5345 τῶν
1237 5293 1494 5375 ᾀσμάτων
1526 5292 1623 5348 ἔιπῖ
1640 5293 1733 5350 eos
1765 5292 1971 5373 διανοή-

383 5364 540 5417 τικοῦ
571 5363 791 5417 γωοίου.
827 5365 871 5417 U
901 5381 990 5416 era
1019 5365 1075 5416 in
1105 5362 1323 5417 Canttco
1347 5365 1670 5417 canticorum
1701 5385 1796 5417 ma
1829 5380 1971 5417 men.

383 5362 540 5438 ιέξκὸβ
571 5362 791 5438 Implet».
827 5362 990 5438 Ubera
1019 5365 1075 5416 in
1105 5362 1323 5417 Cantica
1347 5365 1670 5419 canticorum
1700 5385 1796 5438 pro
1829 5362 1971 5426 meri.

363 5434 459 5488 ‘tis
490 5434 747 5503 facultate
777 5435 1123 5503 accipiuntur.

461 5501 574 5575 (15)
615 5502 752 5575 ΔΝοῃ
806 5501 1071 5575 lavamur,
1114 5515 1222 5575 etc.
1269 5501 1487 5575 Catenae
1529 5520 1666 5575 mss.
1695 5521 1710 5559 :
1743 5507 1854 5560 Καὶ
1896 5509 1957 5560 ἐν

391 5569 670 5646 mango;
701 5571 926 5646 @0601};
944 5612 958 5634 ,
989 5573 1084 5646 saw
1112 5571 1401 5646 Macrob);
1423 5573 1647 5646 ὲλούθης
1665 5578 1756 5646 rei;
1779 5585 1958 5646 σωτη-

432 5595 545 5628 οατι
570 5595 670 5626 ουκ
701 5595 958 5642 εΛουυης,
989 5595 1084 5627 εαν
1112 5595 1262 5628 υοατι
1294 5595 1393 5627 ουκ
1423 5595 1647 5646 εΛουυης
1677 5595 1756 5640 εις
1779 5595 1890 5631 σωτ
1930 5607 1953 5619 -

432 5645 535 5699 ίαν.
559 5641 1123 5716 ἰ’ώνᾉβατῖςιζομένῳν
1145 5644 1328 5716 οἱμὲν
1359 5645 1438 5706 εἰς
1468 5660 1610 5716 σῳτη
1621 5645 1739 5716 ρίαν
1763 5595 1953 5716 5am?-

432 5663 535 5699 ιαν.
572 5663 679 5696 ιων
716 5663 1123 5712 ραπτιεομενων
1145 5663 1194 5697 οι
1231 5663 1328 5714 μεν
1359 5663 1438 5706 εις
1468 5663 1739 5716 σωτηρίαν
1763 5663 1953 5716 βαπτι-

391 5663 576 5781 ἕονται
599 5729 610 5742 ·
659 5712 764 5764 εἰσὶ
801 5711 858 5763 δέ
892 5729 1034 5777 τινες
1065 5713 1230 5784 ψυχαὶ
1265 5714 1690 5784 ἀπονιπτόμεναι
1733 5719 1824 5771 καὶ
1872 5719 1954 5780 εἰς

714 5803 980 5865 Panos.
1025 5803 1147 5866 Gn.
1184 5803 1354 5867 Xlll.

1611 5229 1804 5303 μαςτεέὶ
1842 5227 1970 5303 ὲλήε
2013 5193 2015 5195 ί

2065 4548 2342 4608 pateretur
2372 4548 2425 4593 et
2451 4553 2670 4593 carnem
2715 4550 2960 4594 nostram
2990 4540 3306 4611 dignaretur
3334 4558 3633 4599 assumere.

2067 4631 2123 4687 Si
2152 4631 2295 4686 enim
2324 4645 2432 4686 non
2470 4628 2663 4685 fuisset
2691 4645 2908 4699 passus,
2937 4647 3043 4686 non
3077 4632 3314 4688 venisset
3339 4632 3392 4686 in
3417 4648 3638 4689 conver-

2065 4721 2331 4777 sationem
2362 4721 2614 4774 humanae
2640 4720 2782 4775 vitze.
2815 4718 3060 4775 Primum
3081 4736 3277 4787 passus
3304 4731 3408 4787 est,
3441 4723 3637 4778 deinde

2063 4811 2360 4878 descendit,
2388 4820 2441 4866 et
2463 4810 2613 4866 visus
2641 4818 2742 4865 est.
2770 4810 2902 4877 Quae
2927 4819 3012 4867 est
3037 4813 3138 4868 ista
3162 4829 3324 4884 quam
3352 4829 3450 4882 pro
3477 4813 3635 4868 nobis

2062 4919 2260 4976 passus
2290 4910 2373 4958 est
2394 4902 2615 4973 passio?
2660 4901 2911 4958 Charitas
2939 4913 3023 4959 est
3063 4905 3264 4974 passio.
3308 4904 3469 4960 Pater
3493 4920 3636 4974 quo-

2100 5024 2147 5058 ³ο
2177 5023 2374 5080 Ezech.
2411 5039 2533 5087 xvr,
2561 5021 2614 5077 4.
2693 5024 2736 5054 ’ί
2771 5019 2962 5078 Matth.
2992 5040 3044 5091 γ,
3079 5025 3166 5079 15.
3243 5026 3288 5056 ”
3317 5023 3528 5080 Coloss.
3559 5035 3632 5089 Iv,
3670 5087 3674 5092 ἱ

2062 5229 2419 5302 κατάκρισινη
2450 5227 2624 5302 Tauro
2657 5227 3074 5302 _O’Uj.l:_6a.lV§t_Tt-{3
3117 5226 3338 5302 dvagitp.
3382 5228 3531 5302 'fExst
3576 5223 3632 5282 δὲ

2060 5302 2154 5371 agat
2179 5298 2469 5369 ἀνὰγωγὴν
2741 5298 2865 5371 Kal.
2892 5298 3268 5371 Oedipafrouzo
3292 5298 3344 5351 ἐξ
3382 5298 3629 5371 dux/actu.

2062 5369 2132 5423 Et
2163 5373 2217 5423 in
2234 5366 2389 5440 aqua
2418 5366 2606 5440 nais
2628 5366 2830 5440 (ωεινεὶ
2857 5384 2961 5422 non
3001 5366 3054 5421 es
3084 5368 3195 5421 lota
3227 5385 3368 5440 aqua
3395 5368 3452 5440 in
3481 5366 3627 5420 salu-

2063 5448 2186 5493 tem.
2218 5437 2367 5492 lnier
2402 5437 2606 5507 eosmi
2634 5437 2994 5506 baptizantur,
3025 5446 3146 5490 sunt
3173 5437 3631 5507 qui’baptizantur

2061 5511 2117 5562 in
2149 5508 2408 5573 salutem;
2444 5518 2566 5560 sunt
2593 5522 2711 5560 vero
2742 5509 2986 5576 quaedam
3025 5509 3217 5560 animte
3238 5523 3354 5576 qua:
3384 5507 3631 5560 lavantur

2061 5580 2221 5632 etiam
2256 5581 2310 5632 in
2349 5577 2852 5631 condemnationem.
2882 5575 2947 5628 Id
2973 5577 3166 5628 accidit
3192 5575 3428 5646 indigno.
3462 5576 3629 5628 Porro

2061 5650 2214 5702 habet
2242 5649 2402 5702 etiam
2431 5646 2673 5718 altiorem
2703 5661 2911 5699 sensum
2933 5645 3250 5708 spiritalem.
3280 5645 3352 5700 Ac
3381 5649 3426 5700 si
3459 5655 3626 5718 potes,

2062 5721 2297 5772 anitmcm
2330 5716 2560 5771 attende.

3240 5813 3319 5873 23
