4140 6466
554 345 660 398 713

1723 336 2044 394 ORIGENIS
2083 337 2148 390 IN
2187 333 2621 392 EZECHIELEM

3710 344 3820 400 716

548 504 655 556 que
684 487 796 556 ipse
832 498 884 541 et
921 487 1069 542 Deus
1101 484 1491 551 univcrsitatis,
1541 483 1872 554 longanimis
1903 491 1958 538 et
1991 482 2130 536 mul-
2165 466 2204 524 Α
2238 479 2592 549 ntultiplicata
2625 497 2700 546 es,
2728 491 2775 534 et
2805 455 3147 553 magnificam
3176 484 3244 540 ".
3293 484 3420 540 Dedi
3454 494 3506 541 te
3547 487 3602 542 in
3634 488 3827 544 multi-

549 587 663 632 tum
710 577 1022 632 misericors
1067 587 1120 631 et
1163 577 1476 640 miserator,
1517 590 1702 630 nonne
1729 575 2136 644 quodammodo

546 671 786 740 patitur?
814 670 896 723 An
919 671 1136 738 ignoras
1165 669 1292 739 quia
1325 669 1545 739 quando
1576 669 1813 722 humana
1836 668 2136 738 dispensat,

543 762 854 834 passionem
893 761 1092 831 patitur
1116 760 1450 816 humanam?
1485 758 1826 830 Supportavit
1849 761 1987 814 enim
2021 775 2134 812 mo-

546 870 625 907 res
667 863 785 906 tuos
831 852 1086 906 Dominus
1117 852 1257 906 Deus
1297 861 1453 918 tuus,
1499 851 1757 922 quomodo
1785 853 1833 907 si
1869 852 1987 922 quis
2012 867 2136 920 sup-

543 957 715 1015 portet
764 945 918 998 homo
939 945 1111 1014 [ilium
1140 962 1317 1000 suum.
1356 944 1524 1015 Igitur
1557 960 1736 1000 mores
1767 954 1984 998 nostros
2007 958 2131 1011 sup-

550 1043 731 1105 portat
774 1033 952 1100 Deus,
990 1035 1133 1089 sicut
1163 1034 1445 1104 passiones
1489 1044 1703 1088 nostras
1741 1041 1919 1103 portat
1965 1031 2135 1086 Filius

541 1127 658 1182 Dei.
702 1127 822 1198 ipse
859 1137 1013 1198 pater
1063 1141 1171 1179 non
1219 1133 1304 1180 est
1351 1123 1725 1195 impassibilis.
1782 1121 1838 1177 Si
1892 1131 2132 1191 rogetur,

538 1220 830 1275 miseretur
854 1231 908 1274 et
939 1218 1209 1282 condolet,
1239 1217 1443 1287 patitur
1479 1215 1684 1286 aliquid
1729 1215 2029 1278 charitatis,
2080 1222 2137 1268 et

541 1313 601 1367 fit
628 1311 682 1365 in
712 1311 794 1366 eis
828 1311 881 1364 in
911 1310 1110 1380 quibus
1136 1309 1292 1379 juxta
1319 1307 1745 1378 magnitudinem
1782 1315 1990 1359 natura:
2020 1319 2133 1360 suae

544 1419 649 1457 non
685 1411 862 1473 potest
903 1416 1045 1468 esse,
1093 1408 1147 1454 et
1181 1406 1398 1470 pr‘Opter
1448 1413 1549 1453 nos
1594 1397 1863 1452 humanas
1900 1395 2134 1450 sustinet

535 1495 854 1564 .passiones.

614 1584 665 1638 7.
709 1582 834 1637 Non
873 1581 1101 1652 pepercit
1149 1581 1332 1638 oculus
1367 1589 1486 1632 tuus
1508 1617 1523 1642 ,
1556 1576 1733 1648 inquit
1763 1575 1843 1642 “,
1881 1575 1935 1629 in
1967 1583 2036 1638 te,
2073 1584 2130 1628 ut

539 1676 733 1745 Iaceret
772 1675 868 1728 tibi
889 1689 1051 1727 unum
1087 1687 1151 1726 ex
1187 1673 1425 1726 omnibus
1460 1671 1579 1724 istis
1605 1712 1620 1736 ,
1666 1677 1723 1722 ut
1755 1676 1964 1738 paterer
2023 1666 2130 1720 ali-

536 1763 663 1834 quid
693 1779 850 1833 super
886 1773 956 1817 te.
991 1761 1057 1816 Et
1081 1762 1208 1831 quia
1240 1761 1361 1815 talis
1393 1760 1585 1816 eﬂ‘ecta
1615 1773 1693 1825 es,
1721 1756 1957 1827 projecta
1982 1773 2038 1811 es
2076 1756 2131 1809 in

2242 574 2482 629 tudinem
2502 616 2517 638 ,
2548 584 2601 629 et
2643 575 3092 644 magnitudinem,
3124 576 3176 632 id
3230 586 3313 632 est
3343 593 3588 634 crescere
3619 588 3671 635 te
3717 580 3826 637 feci

2240 672 2292 718 et
2328 664 2695 734 multiplicari.
2743 663 2847 719 Per
2895 665 2948 720 id
2994 668 3139 722 enim
3187 668 3333 737 quod
3382 669 3722 739 crescimus,
3767 680 3830 727 et

2241 755 2686 824 multiplicamur.
2732 755 2798 811 Et
2841 758 3056 812 intrasti
3087 762 3139 812 in
3175 760 3408 814 ciuitates
3438 761 3712 816 civitatum
3751 765 3825 822 ²⁹.

2241 842 2480 900 Rursum
2520 860 2737 900 errores
2777 846 2999 916 exponit
3047 846 3346 904 Jerusalem
3401 850 3728 909 introeunti:
3767 854 3831 912 in

2238 935 2488 989 civitates
2535 934 2833 990 civitatum.
2898 934 3184 1001 Quomodo
3223 947 3402 992 autem
3458 937 3703 1006 ingressa
3751 941 3833 996 sit

2237 1026 2530 1081 criminose
2579 1027 2631 1080 in
2673 1026 2924 1081 civitates
2958 1027 3235 1082 civitatum
3272 1029 3704 1088 consideremus.
3765 1031 3831 1088 Si

2237 1131 2332 1186 per
2363 1117 2608 1187 singulas
2643 1117 2752 1188 (ιι)
2786 1117 3030 1173 civitates
3070 1119 3125 1174 in
3167 1119 3367 1190 quibus
3401 1121 3638 1178 haereses
3670 1132 3828 1190 sunt,

2235 1217 2289 1263 et
2315 1207 2581 1264 doctrinae
2614 1210 2806 1264 alienae
2831 1225 2860 1264 a
2897 1209 3026 1273 Deo,
3065 1211 3399 1282 ingrediatur
3430 1215 3704 1284 quispiam
3735 1232 3833 1274 ec-

2237 1297 2599 1367 clesiasticus,
2635 1309 2689 1354 et
2729 1303 3000 1370 particeps
3040 1301 3130 1356 liat
3161 1302 3351 1357 talium
3383 1304 3688 1371 civitatum,
3719 1323 3831 1361 au~

2235 1389 2315 1444 dit
2351 1390 2396 1421 ³⁸
2429 1408 2442 1444 :
2476 1389 2703 1445 Intrasti
2734 1393 2789 1445 in
2831 1392 3068 1448 civitates
3099 1394 3390 1450 civitatum.
3433 1396 3682 1453 ﬂamma:
3717 1409 3831 1454 tute

2234 1492 2420 1538 ενα-ιω
2441 1492 2584 1537 sunt.
2625 1482 2752 1539 Post
2783 1494 2930 1538 tanta
2962 1485 3191 1541 crimina
3221 1503 3440 1542 rursum
3469 1490 3724 1557 ﬂoruisti,
3773 1501 3832 1547 et

2233 1573 2380 1627 venit
2413 1573 2508 1628 tibi
2547 1580 2782 1644 tempus,
2829 1582 2880 1628 et
2925 1583 3138 1644 tempus
3162 1575 3569 1632 divertentium.
3617 1581 3832 1636 Dicitur

2234 1661 2369 1716 mihi
2405 1681 2418 1715 :
2450 1660 2570 1717 Noli
2595 1663 2969 1734 allegorizare,
2999 1665 3109 1719 noli
3145 1681 3238 1735 per
3267 1665 3495 1736 ﬁguram
3524 1684 3826 1739 exponere.

2238 1753 2620 1824 Respondeant
2654 1771 2840 1825 quaeso
2871 1775 2883 1808 :
2918 1754 3218 1812 Jerusalem
3255 1774 3522 1814 mammas
3549 1761 3733 1827 habet,
3773 1772 3830 1819 et

529 1819 728 1927 .i‘aciem
759 1819 955 1926 campi.
997 1819 1164 1920 Deus,
1217 1868 1286 1908 ne
1311 1867 1412 1908 nos
1447 1852 1581 1906 tales
1623 1865 1744 1906 esse
1775 1847 2022 1920 patiaris,
2074 1857 2133 1901 ut
2167 1819 2206 1875 Β
2236 1855 2321 1900 est
2345 1848 2564 1917 quando
2600 1862 2709 1902 non
2741 1847 3083 1917 colligentur,
3121 1859 3204 1904 est
3248 1851 3469 1920 quando
3508 1853 3829 1923 erigantur;

527 1947 893 2018 projiciamur
947 1961 978 2000 a
1033 1954 1116 2011 te,
1166 1955 1220 1999 et
1273 1944 1342 1998 ab
1397 1943 1641 2000 Ecclesia
1703 1951 1792 1996 tua
1837 1940 1891 1994 in
1933 1939 2129 1993 faciem

537 2034 738 2108 campi,
778 2033 874 2090 sed
916 2033 1087 2103 magis
1113 2042 1172 2088 ut
1205 2033 1273 2086 ab
1300 2033 1567 2103 angustiis
1593 2045 1853 2087 sensuum
1881 2027 2130 2100 egredia-

538 2143 662 2182 mur
690 2128 757 2182 ad
786 2142 1062 2196 campum.
1113 2125 1182 2179 Et
1223 2126 1458 2194 projecta
1491 2141 1545 2180 es
1591 2127 1647 2178 in
1698 2123 1890 2194 faciem
1931 2121 2124 2190 campi.

525 2220 754 2287 'Quare?
793 2217 1070 2272 Pravitate
1106 2219 1301 2272 anima:
1327 2230 1431 2273 tute
1454 2218 1507 2271 in
1553 2233 1658 2288 qua
1690 2217 1774 2271 die
1802 2225 1928 2270 nata
1963 2230 2018 2268 es
2058 2212 2123 2267 ⁸⁸.

535 2310 793 2365 Potestne
837 2309 1037 2380 aliquis
1067 2309 1119 2364 in
1149 2310 1338 2365 eadem
1365 2309 1452 2364 die
1477 2324 1584 2378 qua
1611 2315 1773 2364 natus
1795 2316 1898 2374 est,
1929 2306 2127 2361 habere

522 2400 733 2454 animae
763 2398 1128 2468 pravitatem?
1160 2397 1430 2452 Describit
1470 2397 1753 2468 passiones
1793 2405 2032 2462 nostras,
2071 2407 2127 2453 et

538 2492 665 2547 vitia
703 2491 962 2556 humana,
1003 2501 1056 2545 et
1091 2490 1282 2545 solitas
1311 2489 1626 2559 pravitates.
1676 2487 1949 2544 Pravitate
1975 2489 2122 2545 enim

531 2594 722 2640 nostra
750 2626 766 2650 ,
815 2584 862 2640 si
903 2599 1012 2639 non
1057 2595 1266 2639 rectum
1317 2584 1481 2640 fuerit
1527 2598 1658 2648 cor,
1706 2584 2031 2654 projicimur
2067 2582 2123 2638 in

523 2694 784 2749 campum
829 2677 885 2732 in
920 2678 1008 2732 die
1051 2693 1159 2747 qua
1195 2678 1494 2734 nascimur.
1554 2676 1613 2732 Si
1659 2686 1786 2749 post
1832 2692 2122 2748 regenera-

529 2771 736 2825 tionem
765 2769 1000 2832 lavacri,
1036 2769 1084 2824 si
1124 2777 1249 2840 post
1279 2785 1589 2825 sermonem
1621 2769 1718 2824 Dei
1751 2785 1972 2826 rursum
2000 2785 2123 2840 pec-

531 2861 862 2926 caverimus,
891 2861 946 2915 in
974 2859 1061 2915 die
1094 2876 1201 2930 qua
1237 2862 1538 2927 nascimur,
1576 2861 1918 2931 projicimur.
1960 2859 2121 2917 Tales

531 2952 833 3022 saepissime
871 2951 1218 3020 reperiuntur
1243 2950 1407 3005 lavati
1439 2950 1658 3004 lavacro
1690 2949 1945 3006 secundae
1967 2967 2121 3021 rege--

531 3043 854 3110 nerationis,
887 3052 938 3098 et
965 3057 1076 3096 non
1099 3040 1357 3096 facientes
1381 3042 1574 3112 dignos
1604 3039 1818 3097 fructus
1848 3043 2120 3112 poeniten-

2233 1947 2287 1990 et
2319 1936 2636 1992 umbilicum
2674 1937 2857 2003 habet,
2903 1949 2958 1992 et
2999 1940 3127 2008 quia
3173 1957 3281 1994 non
3317 1951 3402 1996 est
3433 1943 3696 2012 praecisus
3729 1960 3832 2000 ar-

2234 2027 2441 2098 guitur.
2477 2025 2768 2095 Quomodo
2797 2039 3027 2101 possunt
3061 2032 3162 2085 ista
3193 2031 3312 2087 sine
3336 2033 3623 2104 allegorica
3655 2051 3835 2106 expo-

2234 2121 2434 2175 sitione
2467 2121 2730 2192 intelligi?
2766 2121 3018 2177 Mammte
3051 2131 3155 2177 tua:
3193 2133 3378 2179 erecta
3408 2135 3552 2194 sunt,
3579 2136 3630 2182 et
3661 2129 3834 2193 capil-

2231 2215 2315 2268 lus
2367 2224 2488 2269 tuus
2539 2225 2756 2270 exortus
2801 2226 2878 2271 est
2935 2217 3001 2272 ³¹.
3061 2216 3198 2273 Cum
3249 2220 3399 2274 omni
3437 2222 3722 2278 honestate
3760 2238 3834 2280 ea

2231 2321 2355 2378 quae
2383 2307 2598 2362 solvent
2642 2307 2913 2378 virginum
2942 2311 3159 2366 evenire
3203 2313 3529 2382 corporibus
3563 2315 3838 2372 describit

2225 2413 2410 2454 sermo
2440 2398 2678 2455 divinus.
2709 2398 2777 2453 Et
2812 2401 3038 2470 capillus
3076 2410 3442 2459 tuus-exortus
3467 2413 3548 2459 est
3578 2421 3597 2460 :
3623 2417 3682 2460 tu
3707 2424 3836 2463 vero

2222 2499 2343 2539 eras
2367 2484 2530 2551 nuda,
2548 2484 2715 2556 380
2735 2495 2785 2539 et
2809 2486 3150 2542 dehonestata
3166 2489 3230 2541 ".
3253 2487 3357 2556 Qui
3389 2506 3497 2546 non
3526 2501 3610 2548 est
3631 2492 3832 2550 losum

2225 2574 2504 2632 Christum
2546 2576 2809 2643 indutus,
2852 2577 2939 2632 hic
2973 2579 3152 2635 nudus
3187 2588 3302 2647 est;
3339 2584 3430 2652 qui
3461 2598 3568 2637 non
3603 2595 3691 2639 est
3735 2587 3827 2640 iu-

2225 2667 2393 2722 dutus
2434 2668 2645 2723 viscera
2691 2669 3081 2737 miserationis,
3125 2670 3508 2743 benignitatis,
3541 2676 3835 2734 humilita-

2229 2759 2339 2828 tis,
2386 2761 2855 2829 mansuetudinis,
2892 2763 3348 2835 longanimitatis,
3399 2779 3458 2820 ut
3504 2771 3827 2838 proximum

2229 2853 2515 2920 sustineat,
2552 2855 2657 2910 iste
2687 2853 3079 2911 dehonestatus
3114 2866 3217 2912 est.
3262 2855 3339 2912 Tu
3373 2875 3492 2914 vero
3525 2878 3643 2916 eras
3671 2864 3828 2918 nuda

2221 2955 2277 3001 et
2321 2945 2688 3010 dehonestum,
2734 2957 2787 3002 et
2836 2950 3060 3003 transivi
3093 2967 3185 3017 per
3224 2962 3272 3006 te
3312 2952 3376 3007 ³³.
3413 2952 3664 3009 Secunda
3699 2957 3829 3014 vice

2224 3038 2372 3094 venit
2401 3039 2466 3093 ad
2500 3054 2643 3103 eam,
2680 3039 2814 3093 vidit
2848 3055 2966 3094 eam
2997 3051 3333 3112 peccantem,
3363 3043 3560 3100 iterum
3600 3057 3836 3118 propter

531 3136 639 3201 iiaz,
672 3149 848 3205 neque
876 3133 1244 3188 exhilarantes
1285 3134 1603 3205 mysterium
1638 3134 1892 3205 baptismi
1925 3137 2122 3192 timore
2153 3159 2195 3217 ρ
2227 3140 2448 3202 peccata
2482 3131 2747 3198 discedit;
2787 3141 2842 3187 et
2889 3142 3068 3190 tamen
3105 3151 3324 3192 rursum
3361 3141 3670 3207 revertitur,
3726 3142 3838 3197 ite-

531 3227 740 3296 majore
766 3226 836 3280 ab
857 3240 922 3280 eo
954 3241 1116 3295 quem
1148 3224 1278 3279 dum
1309 3225 1691 3281 catochumeni
1711 3235 1897 3281 essent
1921 3227 2126 3283 habue-

534 3329 682 3387 runt,
712 3328 767 3375 et
796 3318 1062 3375 charitate
1093 3319 1345 3388 ampliori
1375 3318 1442 3374 ab
1468 3334 1530 3374 ea
1561 3335 1727 3390 quam
1759 3331 2127 3377 exercuerunt

521 3413 665 3466 dum
711 3410 989 3466 auditores
1050 3410 1320 3466 sermonis
1384 3419 1603 3478 essent,
1655 3419 1711 3464 et
1754 3412 2123 3469 sanctioribus

531 3502 703 3575 gestis
751 3517 916 3573 quam
973 3511 1098 3557 ante
1145 3511 1455 3574 gesserunt.
1507 3500 1765 3572 Sequitur
1817 3503 2123 3561 istiusmodi

535 3595 788 3650 homines
830 3594 937 3648 hoc
980 3593 1125 3663 quod
1163 3592 1408 3648 dicitur:
1443 3592 1690 3662 Projecta
1737 3610 1790 3649 es
1831 3595 1886 3647 in
1931 3595 2125 3665 faciem

520 3686 705 3755 campi
728 3685 990 3755 pravitate
1016 3685 1209 3739 animte
1242 3691 1346 3736 tua:
1375 3683 1429 3735 in
1466 3682 1550 3736 die
1582 3699 1686 3754 qua
1728 3690 1857 3737 nata
1899 3699 1972 3738 es.
2017 3681 2125 3740 Sed

532 3778 658 3834 vide
702 3775 1136 3832 misericordiam
1171 3773 1292 3840 Dei,
1334 3772 1455 3827 vide
1484 3771 1828 3828 clementiam
1877 3772 2124 3844 singula-

525 3887 670 3926 rem.
712 3869 866 3925 Licet
894 3869 1135 3940 projecta
1167 3867 1240 3923 sit
1271 3864 1574 3921 Jerusalem
1607 3866 1660 3920 in
1694 3865 1890 3921 faciem
1921 3866 2121 3936 campi,

521 3977 643 4017 non
687 3961 763 4015 ita
810 3976 930 4016 eam
962 3961 1212 4031 despicit,
1251 3969 1310 4014 ut
1336 3959 1574 4029 projecta
1611 3958 1682 4012 sit
1711 3972 1960 4029 semper;
2010 3974 2121 4014 non

531 4057 607 4110 ita
640 4055 895 4126 pravitati
941 4069 1056 4110 sua:
1099 4053 1377 4124 relinquit,
1411 4061 1470 4105 ut
1509 4052 1564 4105 in
1614 4058 1788 4105 totum
1830 4050 1950 4121 ejus
1980 4051 2122 4107 obli-

532 4147 795 4216 viscatur,
827 4156 886 4202 ut
909 4161 1018 4202 non
1049 4145 1188 4200 ultra
1217 4145 1390 4200 elevet
1415 4142 1710 4214 jacentem.
1735 4141 1968 4197 Attende
1991 4142 2122 4213 quid

529 4236 778 4306 sequitur
803 4239 848 4267 '°
878 4254 892 4290 :
929 4233 999 4288 Et
1033 4233 1254 4288 transivi
1294 4249 1386 4304 per
1423 4241 1491 4286 te.
1521 4229 1767 4302 Projecta
1794 4247 1876 4299 es,
1903 4247 2002 4302 ego
2037 4244 2123 4288 ta-

531 4346 656 4385 men
695 4346 910 4386 rursum
945 4329 1068 4384 veni
1095 4328 1162 4384 ad
1195 4338 1282 4396 te;
1329 4327 1569 4385 visitatio
1600 4343 1718 4383 mea
1759 4342 1869 4382 non
1904 4327 1998 4382 tibi
2026 4328 2116 4382 de-

527 4419 633 4474 fuit
661 4431 782 4490 post
803 4422 1043 4475 ruinam.

2229 3237 2352 3276 rum
2381 3222 2566 3276 visitat
2601 3223 2842 3279 clemens
2875 3233 2929 3279 et
2960 3226 3225 3297 benignus
3259 3227 3420 3285 Deus.
3470 3230 3537 3284 Et
3581 3235 3697 3286 veni
3752 3238 3830 3288 ad

2228 3324 2300 3381 te,
2332 3324 2382 3370 et
2411 3317 2520 3370 vidi
2550 3327 2618 3380 te,
2654 3326 2706 3370 et
2727 3333 2845 3371 ecce
2882 3329 3082 3388 tempus
3108 3329 3278 3388 tuum,
3316 3333 3364 3378 et
3409 3335 3610 3394 tempus
3645 3326 3831 3382 diuer-

2231 3407 2453 3461 tentium
2495 3408 2559 3462 “.
2599 3408 2738 3474 Quid
2784 3422 2868 3466 est
2913 3412 3014 3466 hoc
3053 3414 3198 3482 quod
3238 3415 3315 3469 ait
3362 3425 3565 3486 tempus
3621 3431 3774 3473 tuum
3800 3423 3833 3476 ,ν

2232 3497 2472 3568 Tempus
2515 3500 2790 3570 signiﬁcat
2843 3503 3296 3570 adolescentium,
3337 3507 3389 3562 in
3422 3525 3533 3579 quo
3577 3511 3690 3580 jam
3725 3528 3830 3582 per

2227 3600 2445 3646 aetatem
2478 3603 2706 3662 possunt
2752 3592 3032 3650 fornicari.
3079 3595 3144 3651 Et
3177 3614 3395 3654 rursum
3435 3618 3448 3655 :
3491 3600 3557 3656 Et
3593 3615 3828 3675 tempus,

2233 3682 2449 3751 inquit,
2507 3684 2894 3741 divertentium.
2961 3688 3066 3753 Qui
3123 3701 3250 3744 sunt
3309 3693 3398 3748 isti
3451 3694 3829 3754 divertentes?

2231 3770 2371 3828 Dum
2409 3789 2602 3830 sumus
2633 3778 2868 3845 parvuli,
2898 3777 2950 3831 hi
2977 3781 3068 3850 qui
3103 3781 3369 3838 divertere
3399 3785 3593 3839 nolunt
3623 3786 3687 3840 ad
3726 3802 3831 3844 eos

2229 3867 2324 3937 qui
2357 3867 2607 3922 nituntur
2643 3879 2921 3937 evertere,
2969 3881 3028 3925 ut
3075 3881 3204 3927 sunt
3239 3873 3537 3931 Christiani
3574 3881 3826 3948 pessimi,

2225 3958 2497 4014 daemonia
2538 3959 2842 4030 immunda,
2885 3965 3059 4036 angeli
3104 3966 3329 4033 diaboli,
3359 3985 3470 4024 non
3503 3971 3702 4026 habent
3745 3973 3829 4027 lo-

2229 4065 2355 4106 cum
2403 4053 2682 4122 quomodo
2713 4069 2821 4109 non
2859 4057 3071 4125 possint
3122 4057 3410 4116 divertere.
3450 4062 3588 4117 Cum
3635 4075 3824 4122 autem

2226 4139 2496 4197 fuerimus
2542 4152 2699 4200 atate
2726 4147 2955 4216 majore,
2999 4158 3055 4203 et
3083 4150 3192 4220 jam
3222 4167 3447 4222 peccare
3487 4170 3823 4224 possumus,

2229 4246 2482 4305 quaerunt
2509 4236 2718 4291 aditum
2749 4239 2818 4292 ad
2853 4255 2952 4294 nos
2982 4241 3303 4308 divertendi,
3349 4253 3402 4298 et
3435 4245 3537 4300 hoc
3578 4257 3686 4301 tam
3723 4264 3824 4304 an-

2224 4329 2330 4400 geli
2359 4328 2454 4383 Dei
2481 4345 2646 4400 quam
2677 4331 2856 4402 angeli
2890 4331 3126 4388 Satanae.
3160 4335 3496 4406 Impossibilc
3519 4349 3700 4394 autem
3739 4352 3827 4397 est

2222 4431 2285 4476 ut
2315 4421 2530 4492 utrique
2575 4423 2642 4478 ad
2689 4438 2790 4478 nos
2832 4425 3126 4483 divertant.
3177 4428 3232 4481 Si
3269 4444 3598 4499 peccamus,
3644 4435 3824 4505 angeli

601 4513 654 4568 8.
700 4514 767 4566 Et
795 4514 900 4566 vidi
930 4523 976 4566 te
1006 4528 1337 4582 consparsam
1373 4513 1426 4566 in
1451 4512 1703 4583 sanguine
1731 4519 1820 4564 tuo
1856 4512 1920 4564 ’⁷.
1948 4510 2116 4577 Quasi
2150 4515 2196 4570 D
2224 4509 2426 4564 diaboli
2479 4511 2750 4566 divertunt
2798 4514 2862 4566 ad
2925 4531 3060 4578 nos:
3110 4518 3156 4572 si
3193 4527 3404 4576 stamus
3452 4522 3559 4576 fixo
3604 4527 3777 4594 gradu
3807 4568 3822 4592 ,

529 4605 712 4670 dicat,
745 4604 853 4658 vidi
885 4614 937 4658 te
971 4618 1120 4658 ream
1160 4603 1617 4669 homicidiorum,
1653 4618 1801 4658 ream
1842 4602 2125 4671 sanguinis

527 4711 582 4752 et
610 4696 920 4750 mortalium
953 4704 1321 4766 peccatorum.
1355 4693 1421 4747 Et
1455 4695 1566 4747 dixi
1593 4693 1687 4747 tibi
1715 4709 1734 4747 :
1761 4692 1838 4746 De
1869 4692 2123 4762 sanguine

533 4801 621 4844 tuo
645 4791 752 4844 vita
780 4789 1090 4859 adimplere.
1125 4787 1291 4860 Surge
1322 4787 1385 4842 de
1419 4789 1676 4858 sanguine
1718 4798 1828 4851 tuo,
1862 4796 1917 4841 et
1947 4786 2120 4840 adim-

521 4884 670 4951 plere
698 4885 828 4938 uita.
873 4882 1023 4939 Sicut
1070 4893 1217 4937 ortus
1261 4883 1378 4953 agri
1421 4882 1541 4937 dedi
1581 4891 1650 4936 te.
1699 4879 1954 4935 Misertus
1996 4893 2119 4936 sum

460 5031 464 5035 .
531 4976 608 5030 tui
635 4984 921 5045 postquam
951 4974 1195 5046 projecta
1221 4989 1303 5038 es,
1336 4973 1445 5030 vidi
1476 4982 1527 5028 te
1552 4972 1820 5045 sanguine
1846 4972 2115 5043 peccatis-

529 5083 635 5138 que
673 5082 1049 5136 conspersam,
1095 5065 1232 5121 ellici
1284 5077 1334 5121 te
1379 5067 1523 5121 sicut
1573 5074 1723 5120 ortus
1755 5073 1836 5120 est
1866 5062 2014 5133 agri,
2065 5070 2121 5117 et

531 5163 889 5233 multiplicata
928 5179 1007 5219 es.
1039 5161 1177 5229 Quia
1221 5162 1286 5217 ad
1315 5171 1366 5217 te
1404 5162 1550 5228 veni,
1581 5171 1635 5215 et
1673 5160 1882 5216 visitavi
1913 5169 1964 5213 te
1988 5172 2117 5228 pro-

527 5255 748 5330 jectatn,
775 5271 938 5310 causa
969 5255 1062 5310 tibi
1097 5253 1272 5312 factus
1304 5270 1426 5310 sum
1462 5261 1519 5307 ut
1549 5251 2010 5323 nmltiplicareris.
2051 5247 2117 5302 Et

602 5371 649 5406 "‘
677 5369 1000 5435 EZCt‘il.XVI,
1022 5371 1072 5425 5.
1151 5373 1196 5404 ³⁸
1231 5373 1360 5426 ibid.
1391 5373 1572 5427 "ibid.
1592 5373 1625 5426 6
1699 5373 1740 5402 "
1774 5370 1926 5434 ibid.,
1955 5367 2010 5434 6,
2040 5367 2093 5420 Ἰ.

532 5441 582 5479 ⁸⁵
611 5443 743 5500 ibid.
823 5443 866 5473 ³⁵
895 5445 1023 5499 ibid.
1052 5444 1104 5496 8.
1184 5443 1407 5504 “Ruth.
1444 5459 1525 5498 Ill.

619 5534 725 5608 (ll)
760 5533 824 5608 Si,
875 5552 967 5605 per
1011 5537 1277 5608 singulas,
1320 5548 1426 5594 etc.
1487 5538 1704 5593 Catenae
1743 5553 1872 5593 mss.
1924 5539 2114 5604 Πόλεις

543 5605 757 5680 argileti)!
781 5607 914 5659 εἰσιν
945 5609 999 5680 al
1034 5605 1292 5680 ᾳξρἐεις.
1335 5609 1571 5680 Ἐκάστη
1601 5611 1707 5680 γὰρ
1745 5610 1954 5680 αἵρεσις
1985 5610 2112 5663 ἴδιον

543 5626 748 5659 πολεων
781 5626 914 5659 εισιν
945 5626 999 5660 αι
1034 5626 1292 5678 αιρεσεις.
1352 5626 1571 5679 Luam]
1601 5626 1667 5676 γλ
1745 5626 1954 5680 αιρεσις
1985 5626 2112 5663 τοιον

543 5673 710 5749 νᾷμοκί
735 5675 845 5745 ἔχει
876 5678 966 5730 καὶ
987 5677 1145 5749 άίδίαν
1179 5679 1481 5743 πολιτείαν,
1528 5681 1620 5732 καὶ
1665 5626 1707 5748 νς
1728 5679 1991 5749 κρείττων
2020 5682 2112 5734 καὶ

541 5744 597 5822 ai
628 5742 888 5822 xsipovec.
923 5747 1134 5822 neget
1163 5750 1255 5802 καὶ
1275 5751 1352 5822 sit
1391 5742 1548 5810 ποίας
1579 5742 1882 5822 εἰσέρχὲται
1909 5751 2044 5822 aut};
2077 5753 2108 5822 ή

542 5809 914 5885 ᾀυχῆξζήτει,
959 5817 1203 5871 Civitates
1239 5819 1508 5872 civitatum
1534 5809 1674 5871 sunt
1699 5809 1954 5876 'ltiereses.
1989 5809 2113 5876 Sin;

2171 5364 2218 5396 ³⁸
2251 5363 2384 5420 ibid.

2232 4601 2509 4657 divertunt
2554 4603 2622 4657 ad
2670 4618 2770 4658 nos
2815 4607 2993 4674 angeli
3048 4607 3161 4663 Dei.
3217 4607 3376 4665 Venit
3425 4627 3556 4686 ergo
3607 4623 3826 4685 tempus

2233 4702 2411 4758 tuum,
2453 4703 2507 4748 et
2551 4701 2764 4765 tempus
2803 4697 3209 4766 divertentium,
3251 4711 3303 4755 et
3335 4700 3604 4760 Dominus
3635 4720 3828 4762 n05ter

2229 4785 2388 4842 Jesus
2415 4785 2669 4842 Christus
2697 4786 2842 4844 Deus
2869 4798 3054 4844 noster
3085 4807 3303 4847 rursum
3351 4794 3534 4850 visitat
3566 4797 3825 4854 miseram

2228 4876 2573 4944 Jerusalem,
2625 4877 2680 4933 id
2721 4889 2806 4936 est
2853 4884 3208 4951 peccatricem
3261 4886 3503 4944 animam
3553 4901 3818 4950 nostram.

2227 4971 2481 5042 Expandi
2519 4973 2635 5028 alas
2659 4990 2800 5030 meas
2823 4992 2980 5044 super
3015 4986 3062 5030 te
3103 4977 3167 5031 ³⁵.
3210 4977 3509 5036 Consuevit
3538 4981 3826 5052 Scriptura

2228 5077 2436 5135 pennas
2465 5076 2782 5135 nuncupare
2808 5066 3046 5122 vestium
3079 5069 3429 5126 summitates
3455 5092 3467 5123 ς
3497 5082 3557 5126 ut
3581 5073 3634 5126 in
3672 5072 3826 5131 Ruth

2227 5169 2350 5226 quae
2376 5154 2525 5209 venit
2555 5155 2875 5213 abscondite
2905 5168 2960 5213 et
2984 5159 3333 5230 disc00perto
3359 5159 3524 5231 pallio
3557 5164 3622 5218 ad
3653 5165 3824 5234 pedes

2228 5239 2393 5310 Boos,
2433 5243 2693 5300 dormivit
2725 5248 2830 5303 sub
2859 5249 3022 5303 axilla
3055 5252 3367 5306 vestimenti
3409 5254 3530 5324 ejus
3559 5254 3626 5308 ".
3674 5255 3828 5316 Deus

2464 5364 2664 5421 “ibid.
2697 5367 2742 5398 ³⁸
2773 5366 2906 5423 ibid.
2984 5369 3181 5426 “ibid.
3261 5372 3455 5428 "ibid.
3533 5374 3726 5432 “ibid.
3763 5377 3825 5438 7.

2217 5539 2353 5612 gula!
2374 5541 2752 5622 enim‘I-ttcrescs
2773 5545 3057 5622 prepriam‘
3066 5545 3230 5622 legem
3262 5549 3469 5614 habent,
3500 5554 3816 5622 propriam-

2219 5611 2316 5691 que
2350 5611 2682 5681 disciplinam
2717 5628 2782 5665 ac
2823 5611 3228 5691 rempublicam,
3265 5628 3374 5691 tum
3405 5611 3522 5691 quat:
3551 5611 3815 5690 prtt'stare

2219 5681 2490 5747 uidentur,
2529 5693 2792 5755 tumque:
2829 5681 2947 5738 sunt
2987 5685 3286 5742 deteriores.
3332 5681 3598 5755 Quomodo
3625 5705 3814 5752 autem

2219 5763 2268 5805 et
2294 5768 2357 5806 ea:
2382 5768 2614 5820 quanam
2648 5753 2760 5820 ipsa
2791 5756 2970 5808 anima
3000 5753 3657 5832 ingrediatur;inquirito.
