4140 6436
305 369 406 424 717

1705 351 1992 410 HOMIIJA
2041 350 2123 406 VI.

3485 355 3592 411 7-l8

299 499 431 555 ergo
467 483 626 557 quasi
659 489 808 539 veste
851 477 1094 550 loquitur
1131 473 1354 530 indutus
1386 474 1452 529 ³⁷.
1490 471 1738 543 Expandi
1779 471 1895 524 alas
1925 483 1971 538 Α
1999 469 2054 521 in
2098 465 2368 521 auriculas
2420 478 2538 520 tuas
2589 467 2656 519 ⁸ο.
2696 463 2764 520 Ut
2808 481 2916 520 non
2966 466 3140 522 solum
3181 467 3464 537 auriculae,
3498 472 3594 526 sed

301 593 454 633 meas
478 593 636 645 super
677 585 746 640 te,
796 583 846 628 et
897 571 1078 643 operui
1111 569 1472 638 confusionem
1502 575 1668 620 tuam.
1703 564 1902 619 Beatus

301 669 472 738 cujus
513 671 618 724 alis
657 667 773 724 suis
822 665 965 720 Deus
1015 662 1250 733 protegit
1292 659 1672 714 confusionem
1705 674 1717 711 :
1751 655 1797 710 si
1830 665 1906 710 ta-

303 776 439 817 men
466 757 894 830 perseveraverit
923 757 974 810 in
1005 754 1354 816 beatitudine,
1388 753 1439 804 in
1466 765 1574 820 qua
1596 747 1903 803 Jerusalem

312 855 491 910 noluit
521 863 886 923 perseverare.
924 846 992 900 Et
1012 846 1194 915 juravi
1219 844 1314 896 tibi
1351 843 1406 896 in
1433 849 1821 903 testamentum,
1855 846 1904 892 et

314 947 510 1002 intravi
545 946 600 999 in
625 951 998 998 testamentum
1035 948 1206 992 tecum
1237 936 1303 988 ³⁸.
1331 933 1462 990 Post
1494 943 1644 988 tanta
1685 930 1756 986 ob
1785 945 1908 1000 quas

316 1054 536 1096 rursum
597 1035 910 1100 revertitur,
980 1029 1184 1087 recedit
1243 1046 1258 1084 :
1309 1038 1435 1098 post
1497 1034 1608 1082 tam
1662 1023 1909 1094 frequen-

318 1139 423 1185 tem
463 1127 851 1191 visitationem,
913 1137 1062 1179 nune
1093 1123 1328 1193 primum
1360 1118 1662 1192 ingreditur
1688 1131 1812 1173 cum
1843 1129 1910 1170 ea

312 1221 369 1279 in
395 1228 800 1278 testamentum.

383 1312 435 1367 9.
480 1310 550 1365 Et
586 1311 731 1381 facta
760 1325 813 1364 es
851 1306 1006 1373 mihi,
1037 1315 1086 1361 st
1110 1305 1217 1360 lari
1253 1313 1298 1358 te
1335 1304 1389 1357 in
1436 1319 1594 1374 aqua.
1636 1299 1768 1356 Post
1798 1299 1910 1353 [nec

314 1404 493 1457 omnia
535 1401 800 1471 assumpsi
847 1409 916 1464 te,
963 1406 1013 1454 et
1061 1399 1170 1468 ipse
1216 1396 1324 1451 lavi
1358 1404 1406 1449 te
1444 1396 1500 1449 in
1550 1393 1817 1458 salutem,
1859 1404 1910 1450 et

316 1496 464 1550 ablui
499 1495 806 1566 sanguinem
841 1503 991 1548 tuum
1025 1490 1118 1544 abs
1150 1498 1199 1542 te
1222 1487 1290 1542 ⁸³.
1343 1485 1469 1543 Haec
1524 1484 1908 1555 intelligentes,

316 1603 538 1643 oremus
581 1596 639 1642 ut
677 1585 859 1641 veniat
899 1581 1280 1640 misericordia
1330 1579 1427 1635 Dei
1474 1595 1642 1650 super
1687 1593 1811 1645 nos,
1858 1587 1913 1633 et

314 1679 504 1735 abluat
535 1678 857 1750 sanguinem
913 1676 985 1762 ab
1028 1671 1324 1729 animabus
1377 1672 1602 1726 nostris.
1652 1669 1712 1724 Si
1778 1670 1912 1741 quid

317 1771 466 1826 enim
517 1779 694 1824 morte
753 1768 980 1838 dignum
1027 1763 1298 1830 fecimus,
1363 1763 1506 1818 istud
1549 1763 1776 1834 sanguis
1827 1771 1911 1819 est

313 1871 526 1918 noster.
576 1860 738 1914 Ablui
777 1859 1086 1928 sanguinem
1137 1865 1286 1910 tuum
1339 1871 1375 1909 ιι
1424 1867 1510 1919 te,
1554 1865 1602 1909 et
1657 1856 1789 1909 auxi
1855 1864 1906 1910 te

314 1953 430 2006 oleo
456 1952 524 2004 ⁸⁸.
563 1949 632 2004 Ει
666 1949 906 2004 christos
950 1962 1049 2003 nos
1083 1948 1198 2003 vult
1235 1948 1413 2004 facere
1445 1945 1608 2001 Deus.
1651 1945 1723 2000 Et
1752 1946 1903 2000 indui

328 2050 378 2098 te
410 2038 748 2096 rersicoloria
814 2039 881 2093 “.
939 2037 1154 2105 Quanta
1226 2046 1312 2093 est
1343 2037 1650 2107 benignitas
1697 2037 1792 2092 Dei
1848 2037 1906 2091 in

319 2145 761 2202 unamquamque
810 2131 1118 2184 animarum
1149 2127 1451 2184 Jerusalem
1498 2148 1512 2184 :
1578 2143 1689 2182 non
1742 2127 1906 2183 unius

319 2222 519 2276 coloris
546 2221 809 2284 tunicam,
855 2220 952 2276 sed
988 2219 1173 2274 multae
1195 2219 1478 2274 varietatis
1516 2217 1748 2289 largitur
1783 2232 1906 2280 cre-

318 2312 573 2367 dentibus
607 2311 732 2366 sibi.
768 2309 921 2366 Hanc
942 2309 1327 2366 versicolorem
1356 2310 1598 2364 tunicam
1625 2309 1740 2380 jam
1775 2318 1908 2366 tunc

318 2404 375 2458 in
412 2403 628 2473 signum
653 2401 782 2460 fecit
813 2401 1003 2467 Jacob,
1029 2402 1265 2458 induens
1286 2402 1456 2460 tilium
1488 2417 1648 2457 suum
1679 2399 1903 2472 Joseph,

316 2506 372 2550 et
405 2496 622 2552 vestivit
659 2511 784 2552 eum
819 2495 1194 2564 versicoloria.
1234 2495 1291 2552 Si
1335 2496 1650 2552 consideres
1693 2496 1907 2552 intelle-

317 2596 440 2643 ctus
470 2597 670 2652 sectas,
705 2587 846 2642 facta
869 2588 1033 2654 bona,
1082 2603 1209 2642 vere
1252 2589 1462 2644 videbis
1505 2589 1714 2644 variam
1765 2590 1910 2644 tuni-

318 2695 461 2746 cam,
494 2695 662 2749 quam
687 2679 927 2734 visitatio
954 2678 1047 2732 Dei
1079 2678 1308 2748 largitur
1339 2680 1426 2733 his
1451 2679 1543 2748 qui
1572 2681 1749 2736 vocati
1781 2689 1911 2737 sunt

321 2771 378 2826 in
437 2771 690 2826 salutem.
736 2770 934 2841 Legem
981 2771 1265 2843 intelligo,
1325 2773 1619 2842 prophetas
1670 2788 1912 2842 compre-

319 2863 521 2928 bendo,
565 2878 802 2934 agnosco
831 2861 1142 2935 Evangelia,
1175 2880 1284 2918 non
1319 2879 1405 2919 me
1432 2864 1562 2920 latet
1593 2865 1908 2936 Apostolus,

319 2963 521 3010 cautus
547 2969 692 3020 sum,
717 2953 903 3024 justus
930 2969 1076 3018 sum,
1115 2955 1432 3010 misericors
1463 2970 1619 3022 sum,
1652 2965 1706 3010 et
1732 2956 1913 3011 adhuc

321 3045 527 3116 quat-is
579 3045 748 3100 aliam
796 3046 1034 3102 tunicam
1085 3047 1471 3101 versicolorem
1522 3062 1686 3116 quam
1735 3047 1912 3102 induit

322 3136 587 3192 Dominus
613 3133 917 3192 Jerusalem
947 3138 1134 3193 dicens
1158 3137 1204 3169 “
1231 3156 1244 3191 :
1277 3136 1346 3191 Et
1390 3140 1569 3194 vestiri
1613 3147 1661 3192 te
1696 3139 1912 3192 versico-

321 3229 460 3284 loria
485 3272 502 3292 ,
543 3239 593 3285 et
627 3231 858 3286 calceavi
903 3241 950 3286 te
989 3231 1339 3301 hyacinthos?
1385 3231 1507 3288 Vult
1540 3234 1910 3290 calecamenta

321 3331 510 3374 nostra
549 3336 670 3376 esse
706 3321 978 3386 florentia,
1013 3331 1067 3377 et
1098 3322 1235 3376 bene
1260 3322 1450 3378 tincta.
1485 3321 1618 3391 Quae
1643 3335 1772 3380 sunt
1800 3324 1912 3380 cal-

318 3414 641 3466 ceamenta?
680 3414 820 3469 Audi
866 3413 1094 3469 Paulum
1127 3416 1370 3486 apertius
1409 3417 1792 3486 praedicantem
1821 3416 1908 3471 “z

321 3501 560 3560 Calceati
585 3505 738 3574 pedes
770 3506 824 3559 in
839 3508 1235 3576 'prteparatione
1265 3505 1540 3578 Evangelii
1564 3509 1732 3578 pacis.

400 3595 486 3650 10.
529 3595 600 3650 Et
630 3597 888 3666 prwcinxi
930 3608 979 3652 te
1016 3599 1172 3669 bysso
1204 3601 1271 3656 “.
1311 3600 1656 3656 Manifestius
1691 3599 1760 3654 de
1807 3600 1914 3654 hoc

324 3685 594 3742 cinetorio
637 3689 933 3758 Apostolus
971 3689 1214 3766 loquitur
1263 3691 1310 3724 “
1341 3711 1356 3746 :
1393 3691 1608 3747 Stantes
1640 3690 1912 3762 praeiueti

321 3775 526 3832 lumbos
568 3786 761 3834 uestros
801 3778 858 3832 in
897 3780 1133 3836 veritate.
1173 3779 1386 3837 Veritas
1429 3782 1575 3836 enim
1617 3796 1717 3850 pro
1747 3781 1914 3850 bysso

323 3867 607 3936 accipitur.
669 3867 737 3923 Et
791 3871 973 3940 operui
1037 3880 1086 3925 te
1150 3871 1410 3939 trichapto
1468 3872 1534 3927 ⁸⁸.
1594 3869 1713 3926 Non
1759 3872 1913 3926 inve-

322 3957 482 4014 niens
507 3959 618 4030 (i5)
647 3976 824 4028 neque
858 3961 1167 4032 intelligens
1206 3963 1337 4034 quid
1379 3971 1525 4018 esset
1559 3962 1912 4032 trichaptum.

321 4049 504 4106 inveni
541 4053 596 4107 iu
636 4053 742 4108 alia
767 4053 1007 4110 editione
1041 4071 1139 4125 pro
1177 4055 1466 4124 tricliapto,
1496 4054 1715 4124 floreus,
1760 4063 1817 4112 et
1857 4055 1914 4110 in

324 4146 472 4212 alia,
514 4145 899 4206 indumentum.
943 4142 1112 4214 Igitur
1151 4144 1330 4199 induit
1378 4143 1813 4210 nosDeuspost
1831 4157 1918 4206 va-

323 4239 463 4293 riam
494 4245 723 4301 vestem,
753 4246 807 4291 et
831 4235 1048 4291 ﬂorenti
1079 4237 1284 4291 tunica.
1318 4235 1389 4289 Et
1428 4237 1612 4291 ornavi
1661 4246 1712 4292 te
1751 4253 1912 4298 orna-

325 4337 540 4393 mento,
584 4329 811 4398 imposui
846 4329 942 4381 tibi
990 4328 1232 4382 armillas
1282 4329 1427 4381 circa
1478 4345 1664 4382 manus
1697 4337 1816 4383 tuas
1845 4330 1910 4384 "".

321 4421 462 4475 Cum
514 4421 649 4475 mihi
703 4420 912 4476 dederit
968 4421 1285 4476 occasiones
1334 4420 1600 4474 bonorum
1650 4429 1914 4487 actuum,

2006 561 2170 615 etiam
2210 557 2433 628 grandis
2474 568 2591 612 rota
2627 573 2792 612 aurea
2828 558 2898 613 sit
2934 559 3078 614 circa
3126 562 3373 617 auditum
3418 571 3593 616 tuum.

2005 655 2185 707 Aurea
2233 667 2362 706 vero
2420 663 2538 706 rota
2595 661 2718 717 est,
2780 667 2902 722 quae
2949 653 3314 711 intellectibus
3360 657 3600 711 volvitur

2008 747 2201 804 sacris.
2239 745 2308 799 Et
2335 762 2528 800 corona
2555 745 2959 816 gloriﬁcationis
2991 763 3146 818 super
3171 758 3329 818 caput
3358 759 3506 804 tuum
3526 751 3594 806 ⁵¹.

2007 838 2372 910 Omnipotens
2401 837 2577 900 Deus,
2611 847 2664 893 et
2695 838 2856 893 nobis
2890 838 3068 894 tribue
3116 848 3174 893 ut
3216 841 3364 908 digni
3396 842 3598 896 cilicia-

2009 948 2136 986 mur
2173 947 2377 986 corona
2429 929 2846 1002 gloriﬁcationis
2895 947 3060 1002 super
3105 941 3269 1003 caput
3324 943 3598 989 nostrum.

2009 1021 2081 1078 Et
2126 1033 2318 1078 ornata
2360 1039 2413 1076 es
2455 1038 2620 1086 auro,
2657 1022 2709 1078 id
2744 1033 2827 1078 est
2854 1025 3381 1091 divinis-sensibus;
3417 1035 3467 1080 et
3511 1042 3602 1078 ar-

2009 1123 2162 1184 gento
2189 1115 2256 1177 ⁸³.
2289 1115 2342 1170 id
2385 1123 2469 1170 est
2503 1115 2853 1171 sermonibus
2881 1116 3074 1172 sacris.
3104 1115 3173 1169 Et
3205 1117 3471 1186 opertoria
3506 1125 3601 1170 tua
3666 1160 3680 1175 .

2011 1204 2246 1273 byssina.
2275 1201 2630 1258 Profunditas
2657 1219 2940 1272 sensuum,
2976 1207 3315 1274 opertorium
3357 1215 3443 1261 est
3475 1207 3602 1277 bys-

2011 1295 2218 1350 sinum.
2244 1293 2314 1349 Et
2337 1295 2586 1364 ﬂorentia
2615 1309 2634 1348 :
2657 1311 2757 1364 pro
2782 1311 2891 1366 quo
2916 1297 3081 1351 verbo
3107 1296 3454 1368 Septuaginta
3480 1297 3600 1367 τρί-

2013 1403 2194 1458 χαπτα
2227 1395 2548 1456 posuerunt,
2579 1387 2831 1443 subtilem
2865 1389 3028 1443 nimis
3049 1389 3330 1456 amictum,
3360 1398 3413 1443 et
3443 1389 3602 1457 quasi

2013 1477 2082 1532 ad
2105 1477 2431 1546 capillorum
2473 1479 2884 1534 similitudinem
2914 1489 3248 1535 attenuatam
3279 1489 3484 1536 vestem
3521 1480 3601 1536 si-

2013 1570 2354 1639 gnificantes.
2410 1570 2481 1625 Et
2526 1572 2884 1628 uersicoloria.
2927 1572 3068 1629 Ecce
3103 1582 3212 1630 tota
3251 1583 3334 1629 est
3371 1571 3600 1628 Jerusa-

2014 1662 2121 1716 lem
2169 1672 2412 1732 protecta
2454 1664 2596 1730 alis,
2637 1665 2832 1720 vestita
2876 1665 3076 1731 variis,
3124 1676 3318 1721 ornata
3347 1666 3602 1736 gemmis.

2014 1753 2157 1822 Quid
2201 1763 2328 1826 post
2355 1755 2472 1812 hinc
2515 1755 2650 1813 facit
2694 1772 2924 1828 magnus
2965 1765 3021 1813 et
3070 1757 3355 1813 hominum
3389 1765 3603 1812 amator

1935 1830 1978 1885 Β
2007 1844 2191 1902 Deus?
2227 1847 2342 1912 Alit
2383 1865 2506 1904 eam
2539 1849 2788 1906 delicatis
2826 1851 2986 1906 cibis.
3024 1848 3280 1905 Similam
3321 1860 3370 1905 et
3404 1849 3505 1906 mel
3551 1859 3603 1906 et

2006 1938 2180 1992 oleum
2230 1939 2566 1998 manducasti
2607 1941 2675 1994 ⁸⁸.
2730 1939 2848 1996 Non
2879 1943 2957 1997 ait
2987 1943 3312 2014 simpliciter
3341 1942 3597 2007 farinam,

2009 2046 2186 2101 neque
2240 2031 2604 2095 hordeaceam
2652 2049 2848 2104 panem
2900 2055 2914 2090 :
2965 2037 3070 2092 hoc
3124 2036 3269 2107 quod
3322 2038 3484 2106 modo
3531 2040 3599 2094 ad

2013 2139 2113 2180 vos
2164 2125 2487 2196 loquimur,
2539 2128 2720 2183 simila
2754 2135 2857 2184 est.
2921 2129 3027 2186 Sed
3073 2130 3402 2190 miserabilis
3439 2129 3600 2187 Jeru-

2006 2217 2176 2271 salem
2218 2227 2342 2288 post
2381 2220 2653 2283 similam,
2697 2229 2821 2290 post
2867 2221 3057 2287 mella,
3090 2230 3215 2291 post
3251 2222 3430 2278 oleum
3475 2240 3600 2278 rur-

2007 2319 2128 2368 sum
2173 2309 2335 2379 quasi
2383 2310 2642 2366 meretrix
2684 2309 3021 2381 increpatur.
3066 2309 3272 2367 Idcirco
3309 2328 3601 2369 caveamus

2008 2399 2172 2470 38],
2214 2403 2476 2460 attentius
2516 2420 2584 2458 ne
2615 2401 2756 2458 forte
2792 2417 2891 2458 nos
2924 2411 3048 2472 post
3078 2405 3241 2459 verba
3281 2407 3601 2470 mundasi-

2010 2493 2199 2556 mila,
2255 2503 2382 2563 post
2430 2510 2716 2552 sermones
2769 2495 3122 2551 dulcissimos
3173 2498 3599 2566 prophetarum,

2017 2595 2142 2654 post
2187 2586 2370 2641 oleum
2420 2589 2568 2657 quod
2608 2588 2847 2644 laetiﬁcat
2900 2586 3130 2653 faciem,
3165 2603 3276 2660 quo
3325 2591 3602 2647 voluimus

2011 2692 2315 2749 perungere
2349 2688 2549 2749 caput,
2587 2690 2647 2736 ut
2672 2681 2950 2760 jejunium.
2989 2693 3239 2738 nostrum
3269 2683 3603 2752 acceptabile

2013 2771 2138 2835 fiat,
2173 2769 2372 2824 iterum
2395 2771 2798 2843 delinquamus.
2832 2771 2951 2828 Non
2979 2772 3156 2827 solum
3189 2783 3370 2829 autem
3399 2791 3602 2846 perun-

2014 2857 2195 2927 gimur
2218 2859 2321 2914 hoc
2345 2860 2486 2928 oleo,
2516 2862 2612 2916 sed
2646 2863 2940 2918 vescimur.
2982 2860 3052 2913 Et
3097 2862 3243 2927 facta
3286 2882 3338 2918 es
3378 2866 3602 2934 pulchra

2013 2949 2166 3005 valde
2198 2952 2360 3006 nimis
2393 2953 2460 3008 “.
2489 2952 2704 3010 Laudat
2737 2955 3198 3028 pulchritudinem
3225 2958 3343 3024 ejus
3363 3001 3378 3027 ,
3416 2961 3604 3018 laudat

2015 3042 2251 3111 speciem
2280 3086 2294 3111 ,
2341 3044 2602 3114 pradicat
2654 3044 2908 3103 formam.
2960 3050 3028 3106 Et
3081 3053 3286 3106 directa
3331 3067 3385 3104 es
3427 3053 3482 3106 in
3520 3069 3604 3108 re-

1937 3165 1982 3224 C
2015 3149 2175 3203 guunt
2198 3134 2266 3188 ⁸⁸.
2304 3135 2551 3202 Quantus
2578 3138 2854 3207 profectus
2877 3181 2893 3206 ,
2937 3154 2996 3196 ut
3047 3154 3210 3197 etiam
3253 3143 3320 3198 ad
3366 3159 3595 3216 regnum

2013 3227 2322 3298 dirigatur?
2345 3228 2414 3284 Et
2441 3231 2573 3286 exiit
2599 3247 2782 3286 nomen
2823 3243 2971 3288 tuum
3001 3235 3054 3289 in
3095 3237 3335 3306 gentibus
3365 3238 3432 3292 ".
3473 3237 3600 3294 Haec

2013 3333 2140 3391 apta
2194 3333 2322 3376 sunt
2363 3322 2446 3385 ei,
2496 3323 2591 3393 qui
2643 3333 2933 3394 postquam
2990 3325 3129 3384 liber
3184 3343 3306 3385 esse
3354 3329 3519 3401 coepit
3569 3347 3601 3386 a

2013 3412 2264 3476 mundo,
2322 3413 2376 3467 in
2432 3415 2851 3478 conversatione
2910 3417 3206 3487 proﬁciens
3260 3420 3328 3476 ad
3385 3421 3600 3476 beatam

2014 3503 2215 3567 vitam,
2260 3519 2459 3559 nomen
2493 3519 2714 3575 quoque
2739 3506 3038 3576 gloriosum
3077 3510 3129 3563 in
3167 3511 3368 3567 saeculo
3407 3527 3603 3567 conse-

2014 3605 2174 3652 cutus
2200 3604 2306 3661 est,
2342 3595 2434 3651 sed
2457 3597 2650 3666 procul
2673 3597 2816 3653 absit
2841 3599 2892 3652 id
2922 3599 3068 3669 quod
3095 3602 3370 3670 sequitur;
3401 3602 3470 3657 ad
3496 3603 3601 3658 hoc

2013 3686 2162 3738 enim
2193 3685 2458 3755 scriptum
2489 3695 2606 3752 est,
2651 3696 2711 3742 ut
2736 3689 2966 3757 incutiat
2995 3683 3341 3746 audientibus
3371 3702 3598 3746 metum.

2014 3775 2148 3843 Post
2178 3778 2638 3847 pulchritudinem
2659 3819 2675 3846 ,
2699 3789 2826 3849 post
2850 3797 3048 3836 nomen
3090 3797 3346 3853 magnum
3375 3782 3602 3840 Jerusa-

2016 3868 2122 3930 lem
2157 3868 2359 3934 misera
2381 3867 2705 3923 fornicatur.
2751 3869 2876 3924 Ideo
2915 3887 2977 3925 ne
3023 3871 3266 3942 glorieris
3312 3874 3368 3928 in
3410 3876 3603 3929 crasti-

2001 3975 2142 4030 num
2169 3973 2190 4011 :
2219 3974 2321 4011 non
2359 3957 2499 4012 enim
2538 3959 2644 4012 scis
2681 3959 2810 4030 quid
2849 3962 3027 4030 pariat
3063 3963 3341 4017 adveniens
3391 3965 3501 4018 dies
3529 3965 3600 4024 ".

2005 4047 2084 4112 Et
2121 4049 2249 4103 alibi
2275 4048 2354 4103 '3:
2403 4046 2663 4116 Fratres,
2705 4051 2866 4104 etiam
2915 4050 2964 4105 si
3001 4065 3400 4130 prwoccupatus
3438 4055 3602 4124 fuerit

1997 4140 2172 4208 .ltomo
2208 4141 2263 4194 in
2291 4139 2472 4211 aliqua
2514 4151 2760 4212 peccato,
2805 4159 2893 4198 vos
2939 4151 2996 4198 ut
3042 4143 3304 4212 spiritales
3345 4147 3602 4210 sustinete

2017 4233 2324 4290 istiusmodi
2367 4234 2420 4289 in
2457 4235 2648 4305 spiritu
2688 4238 3134 4293 mansuetudinis.
3171 4237 3240 4292 Et
3273 4254 3496 4294 rursum
3517 4239 3598 4294 ":

2000 4324 2378 4403 _Considerans
2409 4335 2459 4380 te
2484 4324 2686 4395 ipsum,
2714 4340 2775 4379 ne
2799 4335 2849 4380 et
2882 4338 2938 4380 tu
2975 4329 3208 4384 tentet-is.

2095 4420 2184 4474 11.
2221 4418 2290 4472 Et
2312 4419 2444 4476 exiit
2470 4434 2658 4472 nomen
2691 4426 2841 4473 tuum
2863 4421 2922 4473 in
2955 4422 3190 4491 gentibus
3209 4422 3272 4476 in
3299 4424 3468 4492 specie
3485 4432 3598 4490 tua,

321 4513 569 4568 armillas
607 4513 910 4570 circumdat
947 4513 1200 4568 manibus
1227 4511 1389 4566 meis.
1425 4509 1515 4564 .Et
1547 4521 1736 4566 catena
1772 4514 1914 4566 circa
1942 4520 1992 4575 .l)
2019 4513 2269 4583 quoniam
2302 4520 2724 4564 consummatum
2753 4522 2868 4566 erat
2904 4514 2955 4566 in
2991 4513 3176 4568 decore
3214 4517 3404 4586 speciei
3442 4533 3602 4587 quant

322 4607 524 4661 collum
573 4616 726 4660 tuum
767 4606 831 4660 “.
863 4605 922 4661 Si
954 4623 1040 4662 me
1069 4615 1193 4676 post
1222 4614 1372 4676 gesta
1390 4603 1615 4673 justitize
1641 4605 1912 4660 intellectu

324 4700 610 4755 ornaverit
629 4699 896 4766 veritatis,
929 4707 1062 4753 tunc
1083 4698 1217 4753 mihi
1241 4705 1622 4753 ornamentum
1649 4698 1912 4768 nuptiale,

324 4805 462 4849 tunc
510 4801 702 4849 catena
779 4793 920 4848 collo
961 4793 1157 4848 decora
1211 4793 1601 4865 circumdatur.
1666 4789 1734 4845 Et
1790 4792 1913 4846 dedi

319 4886 569 4940 inaurem
613 4887 754 4941 circa
778 4901 960 4940 narem
989 4894 1133 4938 tatam
1167 4885 1232 4939 ".
1261 4883 1494 4951 Quando
1522 4899 1648 4938 vere
1685 4898 1912 4952 possum

322 4978 614 5033 suavitatis
665 4985 720 5033 et
774 4975 904 5032 boni
955 4975 1142 5030 odoris
1202 4981 1548 5030 sacramenta
1597 4973 1920 5055 suscipere,

323 5079 458 5127 tunc
500 5069 633 5123 mihi
659 5075 818 5124 ornat
852 5065 996 5122 Deus
1031 5065 1316 5120 inauribus
1350 5079 1560 5120 narem.
1608 5057 1679 5116 Et
1717 5062 1922 5117 rotulas

399 5236 444 5268 ³⁷
477 5233 675 5290 Ezech.
698 5250 810 5298 xvi,
836 5233 889 5289 8.
965 5233 1011 5266 ³⁸
1045 5233 1176 5289 ibid.
1253 5232 1296 5266 ³³
1328 5232 1460 5289 ibid.
1492 5233 1548 5297 8,
1584 5231 1636 5287 9.
1712 5231 1758 5263 ⁸⁸
1795 5231 1910 5286 ibid

2009 5271 2016 5284 .
2090 5229 2132 5262 “
2170 5229 2414 5285 ibidJO.
2491 5229 2536 5261 δ’
2571 5227 2702 5284 ibid.
2777 5227 3042 5298 “Ephes.
3073 5228 3256 5291 Vt,15.

2023 4601 2280 4655 constitui
2304 4600 2358 4654 in
2388 4608 2458 4665 te,
2485 4601 2618 4654 dicit
2654 4600 2863 4656 Adonai
2907 4600 3200 4667 Dominus;
3223 4611 3274 4656 et
3314 4603 3514 4672 conﬁsa
3541 4621 3601 4668 es

2021 4694 2076 4748 in
2105 4693 2287 4747 decore
2309 4703 2398 4747 tuo
2431 4692 2498 4749 ‘°.
2543 4691 2741 4763 Magna
2774 4695 2985 4765 sapuit,
3031 4703 3086 4750 et
3121 4697 3456 4756 conscientia
3481 4699 3604 4768 pul-

2021 4785 2354 4842 chritudinis
2384 4801 2498 4841 suae
2530 4795 2710 4841 erecta
2741 4795 2826 4841 est
2863 4788 3111 4856 speciosa
3159 4788 3481 4846 Jerusalem.
3536 4789 3603 4846 Et

2021 4879 2152 4949 quia
2176 4877 2283 4934 alta
2311 4877 2516 4949 sapuit,
2544 4893 2646 4932 nec
2673 4892 2732 4934 se
2763 4877 3102 4948 humiliavit,
3133 4896 3234 4936 nec
3279 4881 3604 4952 glorificavit

2026 4968 2196 5024 Deum
2216 5007 2233 5032 ,
2257 4967 2387 5023 audi
2414 4967 2546 5038 quid
2575 4954 2880 5024 dicatur-ad
2907 4986 3026 5026 eam
3053 4971 3117 5024 “z
3160 4969 3226 5023 Et
3249 4971 3510 5041 fornicata
3545 4990 3601 5028 es

2029 5063 2085 5116 in
2116 5061 2326 5116 nomine
2373 5068 2493 5126 tuo,
2535 5067 2586 5114 et
2630 5061 2869 5130 eﬁ‘udisti
2909 5062 3310 5131 fornicationem
3358 5074 3503 5118 tuam
3544 5065 3603 5119 in

3336 5229 3383 5260 “
3398 5227 3595 5284 Ezech.

323 5307 556 5370 3",“).
615 5304 874 5374 “Ephes.
896 5320 970 5370 vi,
1004 5305 1091 5359 Μ.
1155 5301 1406 5360 M’Ezech.
1443 5320 1552 5374 xvi,
1586 5302 1703 5374 10.
1736 5303 1781 5334 ⁸⁷
1809 5302 1910 5374 ibid

2012 5302 2057 5355 I.
2122 5298 2691 5374 ‘libid._"ibid.12.
2752 5297 2955 5374 "ibid.
3013 5299 3221 5374 “__ib_id._
3273 5298 3595 5374 "ibidis.

327 5379 379 5410 ⁵³
412 5377 543 5431 ibid.
649 5377 695 5408 “
719 5375 873 5440 ibid.,
902 5377 988 5430 15.
1064 5375 1111 5408 ⁵⁵
1147 5374 1281 5432 ibid.

327 5464 448 5512 xvr,
491 5447 579 5514 H,
613 5447 704 5503 15.
779 5446 820 5476 ⁶¹
858 5446 991 5501 ibid.
1030 5443 1118 5498 15.

407 5585 518 5656 (15)
554 5581 678 5638 Non
702 5582 987 5656 inveniens,
1015 5591 1122 5637 etc.
1155 5581 1374 5656 Catena}
1415 5596 1527 5656 mss
1553 5598 1566 5634 :
1598 5577 1908 5656 Tplxa-trcov

326 5649 689 5780 gppﬁvsuoav
719 5656 767 5706 oi.
797 5651 945 5708 ἄλλοι
967 5652 1302 5733 ὲρμηνευῖαὶ
1330 5651 1584 5720 ἇνθιμον
1615 5649 1912 5704 atatem-

372 5743 512 5780 υιιιι.
573 5722 834 5780 Ἀνθιμον
863 5722 921 5776 δέ
949 5725 1093 5775 ἐστιν
1147 5724 1357 5780 ἱματιον
1383 5719 1635 5780 λαμπρὸν
1668 5721 1762 5773 καὶ
1795 5737 1910 5780 φω-

573 5722 834 5794 ἈνθιμοΥ
863 5719 1108 5794 sete-rw;
1147 5719 1357 5794 ιμᾲτιον
1383 5719 1635 5794 λᾳμτζρὸν
1658 5721 1910 5794 ρεαὶῃφω-

333 5788 558 5861 τοὲιδὲς.
599 5795 704 5848 Kal
737 5788 898 5846 λεοῢτο
933 5793 990 5846 ὲν
1041 5790 1119 5862 τῷ
1166 5788 1358 5863 ἀόσμῳ
1389 5788 1488 5864 τῆξ
1521 5788 1722 5863 ἄρετῆς
1772 5788 1910 5843 θεω-

1391 5373 1439 5406 "
1474 5373 1606 5430 ibid.
1648 5373 1736 5429 M.
1811 5370 2057 5435 "Prov.
2115 5386 2300 5440 xxvn,
2333 5370 2384 5424 1.

2478 5369 2526 5402 ⁵⁸
2555 5368 2730 5424 Galat.
2767 5383 2854 5434 vt,
2887 5369 2938 5422 1.
3043 5369 3091 5400 ⁸*
3113 5370 3244 5424 ibid.
3321 5367 3370 5401 ⁸⁸
3395 5367 3595 5426 Ezech.

2021 5580 2214 5654 ρεϊται.
2252 5576 2595 5654 Trichaptum
2617 5577 2716 5631 alii
2745 5578 3050 5654 inteizpretes
3078 5575 3419 5654 reddiderunt
3455 5577 3599 5654 clio-

2018 5645 2191 5716 rens,i
2217 5657 2266 5704 et
2301 5667 2318 5700 ι
2351 5645 2772 5710 induntentum,i
2798 5645 3027 5718 ἄνθιμονί
3044 5655 3098 5718 et
3130 5645 3430 5718 ὲπένδυμα.
3465 5645 3604 5702 ’Ἀν-

2019 5715 2198 5792 θψον,
2232 5720 2388 5775 ustis
2414 5727 2491 5792 est
2529 5718 2806 5786 splendens
2836 5725 2886 5773 et
2920 5715 3121 5771 lucida.
3145 5715 3312 5788 quue
3337 5715 3400 5771 in
3428 5718 3593 5774 virtu-

2022 5789 2092 5846 tis
2118 5799 2311 5846 ornatu
2344 5789 2731 5846 consideratur.
