4140 6426
552 342 657 404 7l9

1694 346 2014 404 ORIGENIS
2051 347 2116 402 IN
2156 347 2590 406 EZECHIELEM

3696 353 3803 414 7Ξο

552 474 698 525 omni
729 469 974 522 transitu.
1010 464 1148 534 Quid
1177 474 1250 518 cst
1281 465 1381 518 hoc.
1403 463 1546 534 quod
1587 465 1694 520 ait:
1726 466 1986 534 E/f'udisti
2013 466 2125 535 for-
2153 470 2199 526 Α
2230 468 2327 522 teri
2376 477 2724 523 corruerunt.
2771 467 2864 524 Est
2910 478 3090 524 autem
3141 471 3464 541 principium
3523 475 3805 533 hodierna:

555 564 872 616 nicattonem
932 570 1074 612 tuam
1130 559 1183 611 in
1229 562 1372 612 omni
1427 562 1696 615 transitu?
1751 559 1954 615 Circuit
2007 561 2126 615 ani-

553 672 670 709 mas
697 655 806 725 (l6)
842 662 1058 708 nostras
1091 651 1354 706 fortitudo
1387 655 1660 707 contraria
1682 695 1695 716 ,
1730 662 1783 707 et
1809 653 1960 708 varie
1995 669 2122 723 per-

543 747 792 801 lustrans
821 747 1016 814 quarrit
1051 745 1228 798 locum
1267 760 1360 813 per
1388 761 1546 814 quem
1582 746 1753 814 possit
1799 746 2119 814 irrumpere.

551 837 630 890 Ira
659 852 759 889 suo
782 837 1003 889 nomine
1037 835 1152 889 vult
1197 834 1454 888 fornicari
1501 851 1747 889 mecum:
1790 835 1945 904 juxta
1991 850 2122 889 con-

547 927 733 998 juncta
765 925 1008 979 moribus
1041 926 1176 981 meis
1201 940 1303 980 suo
1345 927 1565 979 nomine
1610 925 1829 980 tristitia
1853 967 1868 992 ,
1916 934 1969 979 et
2006 925 2124 978 vult

551 1033 636 1071 me
661 1015 840 1071 facere
867 1025 1223 1082 manentem;
1266 1031 1363 1070 sua
1401 1027 1551 1086 parte
1575 1016 1799 1070 avaritia
1837 1015 1999 1070 infert
2029 1015 2123 1069 de-

549 1107 810 1162 siderium
839 1107 956 1160 auri
996 1114 1048 1159 et
1086 1107 1328 1176 argenti,
1374 1115 1427 1159 et
1472 1122 1925 1176 quorumcunque
1969 1106 2122 1160 simi-

548 1199 712 1262 lium;
757 1196 804 1253 si
851 1211 937 1250 me
986 1211 1093 1249 non
1142 1196 1484 1262 custodiero,
1528 1205 1581 1250 et
1628 1197 1874 1251 clausero
1917 1199 2118 1252 ostium

535 1301 762 1352 meum,
816 1290 909 1343 sed
957 1304 1251 1358 suscepere
1281 1304 1496 1344 onmem
1533 1290 1834 1342 orationem
1877 1289 2119 1355 inimici,

531 1383 746 1437 'dicitur
805 1382 937 1436 mihi
981 1383 1059 1435 “2
1109 1380 1366 1449 Effudisti
1414 1381 1816 1450 fornicationem
1865 1391 2010 1434 tuam
2063 1381 2121 1434 in

530 1475 690 1529 “omni
722 1475 973 1527 transitu.
1007 1473 1071 1526 Et
1107 1474 1357 1542 accepisti
1381 1483 1543 1526 vestes
1570 1482 1712 1538 tuas,
1739 1482 1788 1527 et
1814 1473 1990 1542 fecisti
2025 1473 2120 1526 tibi

545 1562 693 1618 idola
719 1563 922 1617 sutilia.
954 1563 1031 1618 De
1063 1565 1148 1618 his
1185 1565 1385 1633 quibus
1410 1575 1458 1618 te
1492 1564 1721 1628 ornavi,
1758 1565 1958 1634 quibus
2000 1564 2120 1633 pul-

546 1656 678 1709 chra
707 1654 847 1710 facta
872 1670 953 1719 es,
991 1654 1164 1709 fecisti
1199 1655 1302 1708 tibi
1326 1654 1468 1709 idola
1503 1656 1710 1710 sutilia.
1759 1654 1896 1709 Volo
1939 1656 2120 1711 adhuc

544 1764 816 1819 exponere
861 1763 982 1818 qua:
1031 1756 1158 1802 sunt
1197 1747 1339 1801 idola
1363 1748 1588 1810 'sutilia,
1625 1763 1747 1818 quae
1785 1748 2002 1819 quidem
2051 1748 2118 1802 de

545 1840 785 1895 vestibus
809 1847 1167 1893 consuerunt.
1197 1836 1407 1903 VeStes,
1438 1837 1637 1892 divinae
1668 1838 1780 1908 (i7)
1815 1837 2113 1908 Scriptura:

532 1938 705 1992 sunt,
742 1939 795 1984 et
838 1944 1034 1984 sensus
1068 1929 1161 1998 qui
1201 1938 1284 1982 est
1327 1929 1381 1982 in
1432 1930 1530 1983 eis.
1564 1927 1968 1983 Consciderunt
2007 1931 2112 1984 has

529 2019 1028 2084 'vesteS’haeretici,
1059 2026 1118 2072 'et
1140 2027 1473 2072 consuerunt
1505 2018 1707 2073 dictum
1737 2019 1904 2085 dicto,
1947 2021 2111 2074 verba

526 2111 1067 2180 "verbis‘jungentes,
1097 2111 1188 2163 sed
1220 2125 1325 2162 non
1355 2123 1481 2163 cum
1523 2119 1827 2179 opportuna
1853 2109 2110 2179 junctura

529 2210 799 2270 'aptaque,
837 2209 891 2253 et
921 2208 1248 2253 consuentcs
1289 2199 1455 2268 impia
1496 2199 1601 2252 sibi
1639 2199 1930 2253 simulacra
1957 2198 2113 2256 fece-

545 2303 705 2355 runt,
739 2291 938 2362 quibus
972 2292 1261 2345 illexerunt
1306 2291 1572 2361 quosdam
1607 2291 1858 2357 credere,
1897 2301 1951 2346 et
1983 2308 2114 2348 con-

545 2382 748 2436 sentire
775 2383 839 2436 ad
864 2383 1068 2436 cultum
1093 2396 1306 2445 eorum,
1339 2392 1392 2435 et
1423 2383 1598 2436 ﬁctam
1632 2383 1907 2452 suscipere
1943 2383 2110 2439 disci-

542 2472 774 2543 plinam:
812 2471 956 2527 Deus
983 2487 1114 2528 vero
1142 2488 1332 2528 omnes
1366 2487 1467 2526 nos
1493 2473 1564 2526 ab
1599 2473 1681 2527 his
1713 2481 1764 2526 et
1793 2473 1915 2527 aliis
1941 2475 2112 2529 simu-

543 2563 705 2618 lacris
731 2564 939 2630 liberet,
973 2575 1032 2618 ut
1061 2564 1470 2632 magniﬁcemur
1499 2565 1550 2618 iu
1578 2564 1798 2619 Christo
1826 2563 1953 2620 Jesu
1975 2607 1990 2632 ,
2023 2566 2111 2620 cui

521 2662 626 2709 -εει
645 2654 814 2724 gloria
837 2655 1210 2726 etsimperium
1233 2655 1287 2708 in
1315 2656 1513 2710 saecula
1541 2657 1885 2711 seculorum.
1916 2659 2108 2714 Amen.

1081 2764 1381 2820 ‘HUMILIA
1446 2765 1556 2822 VII.

534 2874 622 2938 ’.οε
653 2899 710 2938 eo
744 2885 882 2954 quod
906 2884 1102 2937 dicitur
1124 2883 1200 2937 “z
1237 2903 1254 2934 ι
1289 2879 1509 2937 Sumens
1544 2881 1606 2936 de
1640 2884 1958 2938 uestimentis
1985 2885 2111 2939 meis

617 2955 790 3023 fecisti
838 2955 930 3006 tibi
965 2954 1169 3007 excelsa
1201 2955 1319 3006 hinc
1365 2955 1484 3007 inde
1529 2964 1746 3008 consuta
1773 2995 1788 3021 ,
1843 2973 1860 3006 ι
1915 2970 2111 3026 usque,

621 3045 638 3076 ι
670 3037 712 3078 et
743 3041 804 3076 ne
837 3029 913 3076 sic
939 3028 1138 3077 satiata
1175 3040 1250 3078 es.
1285 3043 1304 3075 ι

614 3121 667 3174 1.
715 3120 1005 3190 Catalogus
1063 3130 1410 3191 peccatorum
1471 3120 1773 3177 Jerusalem
1837 3131 2114 3193 utcunque

544 3212 709 3266 ruerit
775 3212 1079 3266 intellectus
1140 3212 1373 3267 aditicat
1429 3214 1758 3267 audientem.
1823 3213 2110 3280 Quomodo

542 3304 687 3357 enim
724 3303 769 3358 si
805 3303 858 3356 iu
891 3303 1053 3358 domo
1075 3318 1172 3358 sua
1197 3307 1505 3375 quempiam
1530 3305 1598 3361 de
1618 3305 1824 3360 familia
1849 3305 2114 3364 Dominus

521 3395 824 3468 *corripial,
856 3404 1148 3469 et-peccata
1179 3397 1298 3470 ejus
1325 3406 1593 3471 exponat,
1634 3399 1775 3457 alius
1808 3398 1901 3472 qui
1942 3414 2116 3472 nuper

522 3502 761 3562 ‘emptus
786 3503 1080 3549 est-servus
1107 3493 1297 3548 videns
1336 3495 1731 3564 patrisfamiliae
1771 3495 2112 3566 disciplinam

521 3602 663 3657 'qua:
685 3587 894 3656 culpet,
927 3601 1116 3655 quasve
1146 3586 1444 3653 collaudet,
1471 3587 1761 3641 instruitur
1786 3586 1852 3641 ad
1898 3602 2006 3641 non
2033 3586 2116 3642 fa-

517 3679 794 3734 ciendum
841 3695 962 3748 qua:
1006 3679 1218 3749 priores
1264 3677 1440 3733 iecere
1485 3679 1766 3741 conservi,
1806 3687 1860 3733 et
1904 3679 1970 3732 ad
2005 3679 2111 3734 hoc

541 3771 692 3825 omni
720 3771 903 3825 labore
935 3769 1178 3836 festinat,
1208 3779 1268 3824 ut
1293 3786 1355 3824 ea
1390 3769 1554 3824 faciat
1579 3786 1676 3840 per
1719 3785 1840 3840 quae
1881 3769 1972 3823 alii
2008 3770 2108 3823 ho—

521 3874 728 3919 "norem
749 3872 803 3918 et
829 3864 1130 3918 libertatem
1154 3879 1182 3917 a
1210 3864 1430 3918 domino
1455 3870 1898 3932 promerueruut:
1937 3861 2010 3914 ita
2056 3866 2112 3916 et

542 3973 645 4012 uos
677 3955 1038 4010 audientesiu
1069 3956 1269 4026 quibus
1289 3954 1625 4025 culpet-Deus
1649 3955 1763 4009 sive
1783 3953 2109 4017 Jerusalem,

519 4049 658 4105 'sive
689 4048 996 4103 universam
1025 4046 1303 4114 Unda-am,
1347 4048 1461 4102 sive
1501 4061 1666 4100 unam
1709 4045 2008 4115 quamlibet
2045 4060 2112 4098 ex

524 4140 796 4196 “tribubus
818 4139 1124 4209 specialiter
1148 4139 1550 4208 delinquentem
1573 4178 1588 4204 ,
1618 4152 1723 4192 non
1756 4135 2114 4206 parum‘utili-

541 4233 670 4290 tatis
696 4233 1016 4304 accipimus,
1045 4247 1112 4287 ue
1138 4242 1192 4287 et
1215 4233 1268 4286 in
1295 4232 1410 4286 haec
1437 4244 1759 4285 corruamus
1788 4229 1844 4284 in
1872 4243 1994 4299 qua:
2008 4242 2107 4282 ρει

602 4395 656 4427 -··
700 4391 896 4450 Ezech.
938 4407 1048 4457 και,
1093 4392 1179 4459 ts,
1226 4392 1312 4447 ιθ.
1389 4393 1433 4424 σε
1474 4393 1604 4448 ibid.
1641 4392 1738 4460 ιθ,
1767 4391 1859 4447 29.

1942 4391 1988 4423 ιι
2037 4373 2169 4445 ibid.
2231 4388 2320 4444 te.

2226 559 2498 626 lectionis,
2528 561 2653 630 quia
2685 571 2866 616 vestes
2894 577 2924 614 a
2962 561 3072 616 Deo
3101 565 3370 632 acceperit
3391 563 3714 631 Jerusalem,
3743 583 3800 624 et

2225 650 2415 706 fecerit
2439 667 2502 706 ex
2531 652 2613 707 his
2635 653 2737 707 sibi
2761 653 2942 708 sutilia
2970 656 3216 724 quaedam
3252 656 3566 721 simulacra,
3591 669 3647 716 et
3681 661 3804 718 loro

2224 743 2402 797 nicata
2431 744 2499 798 sit
2527 754 2693 813 super
2720 746 2819 800 eis.
2849 745 2922 800 De
2950 746 3150 815 quibus
3186 747 3340 816 juxta
3380 750 3795 818 possibilitatem

2225 850 2398 889 meam
2435 836 2488 888 in
2525 835 2689 906 priori
2734 849 2986 890 sermone
3015 838 3284 901 disserui,
3314 840 3518 896 ducens
3542 843 3679 899 istos
3700 846 3798 916 qui

2225 923 2534 994 Scripturas
2571 927 2836 991 lacerant,
2859 936 2923 981 ct
2965 941 2994 981 a
3030 929 3211 985 verbis
3253 931 3415 986 verba
3447 933 3800 1006 disrumpunt

2221 1025 2546 1071 consuentes
2573 1031 2659 1082 ea,
2693 1026 2747 1071 et
2778 1019 3150 1074 commentitia
3184 1021 3436 1091 dogmata
3471 1040 3805 1096 componen-

2221 1113 2324 1170 tes,
2360 1107 2565 1162 servire
2611 1108 2770 1162 idolis
2812 1125 2934 1179 quaa
2970 1125 3159 1165 earum
3201 1113 3441 1168 vestibus
3479 1116 3799 1176 imluerunt.

2223 1198 2346 1253 Non
2391 1201 2446 1253 in
2485 1199 2878 1254 tabernaculum
2928 1220 3097 1256 meum
3143 1205 3402 1273 intrabis,
3443 1209 3576 1270 foris
3615 1227 3704 1274 es,
3745 1222 3799 1267 et

2221 1290 2352 1359 foris
2391 1291 2624 1344 manebis
2651 1294 2716 1346 ".
2753 1291 2867 1346 Scit
2899 1295 3179 1364 Scriptura
3215 1307 3435 1354 sanctos
3466 1301 3636 1363 intus,
3670 1319 3800 1372 pec-

2220 1391 2433 1437 catores
2467 1381 2599 1436 foris
2620 1398 2759 1438 esse.
2794 1381 2963 1454 igitur
2989 1383 3291 1441 Jerusalem
3339 1391 3467 1460 quia
3517 1393 3640 1446 talia
3671 1410 3807 1464 pec-

2220 1481 2338 1526 cata
2367 1474 2673 1534 commisit,
2703 1482 2762 1526 ut
2795 1490 2901 1527 non
2936 1487 3208 1530 mereatur
3247 1479 3450 1535 intrare
3488 1485 3799 1552 repromis-

2219 1560 2404 1615 siones
2456 1559 2580 1626 Dei,
2612 1570 2665 1616 et
2711 1563 2926 1616 dicatur
2971 1565 3037 1619 ad
3078 1581 3236 1621 eam:
3290 1567 3356 1622 Et
3393 1588 3496 1625 non
3530 1575 3802 1635 intrabis:

2220 1665 2512 1705 caveamus
2541 1667 2607 1706 ne
2644 1651 2783 1706 forte
2809 1663 2862 1707 et
2902 1655 3058 1708 nobis
3095 1656 3390 1726 aliquando
3433 1662 3682 1719 dicatur:
3726 1666 3802 1721 Et

2219 1757 2323 1794 non
2378 1742 2622 1796 intrabis.
2670 1743 2851 1813 Neque
2888 1745 2998 1814 ﬁet.
3040 1745 3157 1800 Non
3191 1759 3275 1803 est
3318 1753 3646 1820 completum
3689 1758 3806 1813 hoc

2221 1836 2364 1904 quod
2395 1836 2614 1898 dicitur,
2648 1853 2806 1906 neque
2827 1838 2949 1905 ﬁet,-
2981 1846 3034 1892 et
3064 1838 3184 1892 ideo
3224 1842 3659 1901 subaudiendum
3693 1867 3803 1904 ex-

2220 1930 2509 1993 trinsecus,
2536 1929 2698 2000 382
2738 1939 2795 1984 ut
2835 1947 3030 1985 sensus
3073 1935 3243 2002 possit
3285 1936 3510 2002 expleri.
3553 1937 3626 1994 Ea
3669 1958 3799 2010 quae

2220 2021 2316 2074 tibi
2352 2023 2680 2093 repromissa
2713 2031 2841 2077 sunt
2866 2023 3026 2090 bona,
3057 2035 3109 2080 et
3154 2037 3440 2097 acceptura
3483 2046 3641 2098 eras,
3676 2049 3798 2088 non

2218 2113 2370 2169 ﬂent.

2287 2206 2344 2262 2.
2375 2207 2634 2276 Sequitur
2661 2209 2808 2264 aliud
2847 2211 3102 2266 delictum
3137 2213 3203 2266 "z
3251 2211 3320 2266 Et
3371 2215 3619 2284 accepisti
3664 2232 3799 2272 vasa

2219 2298 2622 2370 gloriﬁcationis
2649 2310 2752 2357 tua:
2771 2303 2835 2355 de
2865 2314 3080 2372 argento
3125 2313 3235 2366 tuo,
3264 2313 3314 2357 et
3343 2305 3408 2359 de
3434 2323 3567 2360 auro
3606 2318 3696 2362 tuo
3728 2326 3801 2364 ea:

2219 2393 2406 2462 quibus
2439 2394 2560 2446 dedi
2587 2395 2703 2455 tibi,
2733 2404 2784 2447 et
2810 2396 2986 2464 fecisti
3010 2396 3107 2449 tibi
3140 2398 3396 2468 imagines
3440 2402 3796 2458 masculinas.

2222 2479 2533 2536 Secundqu
2566 2498 2910 2539 communem
2940 2501 3160 2540 sensum
3204 2487 3284 2542 sic
3319 2488 3545 2561 intelligi
3591 2503 3793 2560 potest.

2229 2569 2369 2626 Vasa
2403 2561 2842 2640 glorificationis,
2890 2577 2957 2630 de
2995 2577 3195 2645 quibus
3242 2565 3455 2650 bloyses
3486 2584 3704 2651 scripsit
3738 2587 3796 2638 iu

2219 2659 2476 2718 Numeris
2515 2665 2580 2730 “,
2625 2665 2928 2729 thuribula,
2978 2667 3221 2736 phialas,
3260 2669 3647 2727 candelabrum
3691 2691 3798 2730 au-

2214 2768 2399 2819 reum,
2431 2771 2615 2809 arcam
2671 2757 2741 2810 ab
2783 2757 2932 2811 intus
2972 2766 3026 2812 et
3073 2775 3104 2814 a
3156 2761 3289 2816 foris
3344 2763 3692 2832 dcauratam,
3743 2780 3798 2823 ct

2221 2857 2418 2902 extera
2449 2849 2716 2917 accepisti,
2746 2859 2799 2904 et
2829 2850 3075 2906 conﬂasti
3098 2866 3182 2916 ea,
3208 2863 3257 2906 et
3277 2855 3452 2923 fecisti
3469 2859 3656 2928 efﬁgies
3683 2877 3796 2914 sna-

2221 2937 2476 3004 sculinas,
2505 2947 2554 2990 et
2586 2937 2858 3007 fornicata
2896 2955 2949 2994 es
2993 2941 3049 2994 in
3081 2943 3182 2997 eis.
3235 2941 3545 3000 Secundum
3588 2949 3795 3020 allego-

2220 3028 2357 3084 riam
2382 3043 2512 3083 vero
2545 3029 2617 3082 ita
2649 3031 3044 3099 explanabitur.
3080 3030 3223 3087 Vasa
3247 3049 3410 3089 aurea
3433 3045 3488 3091 et
3511 3049 3794 3108 argentea.

2223 3119 2274 3174 id
2303 3129 2386 3174 est
2413 3120 2716 3188 thuribula,
2748 3121 2979 3190 phialas,
3018 3130 3071 3177 et
3105 3133 3299 3179 cetera
3341 3126 3649 3183 istiusmodi
3693 3131 3798 3185 ha-

2217 3211 2411 3266 bemus
2454 3211 2509 3265 in
2539 3213 2711 3266 sacris
2754 3211 2975 3268 Litteris
3015 3217 3437 3290 :quaudo-ergo
3465 3229 3801 3291 torquemus

2217 3318 2434 3359 sensum
2454 3303 2749 3374 Scriptura
2769 3305 2825 3359 in
2844 3304 3076 3360 alterum
3125 3323 3348 3362 sensum
3393 3312 3487 3381 qui
3534 3323 3618 3368 est
3654 3330 3796 3370 cou-

2215 3395 2420 3450 trarius
2445 3396 2695 3463 veritati,
2732 3398 2893 3453 verba
2915 3399 3100 3455 divina
3122 3402 3444 3472 conﬂamus,
3484 3414 3538 3460 et
3571 3422 3659 3462 res
3697 3408 3796 3465 Dei

2217 3484 2272 3542 in
2300 3484 2437 3542 alias
2458 3494 2737 3544 mutamus
2765 3487 2988 3561 efﬁgies.
3026 3487 3158 3558 Qua:
3187 3489 3449 3552 facientes
3500 3496 3796 3557 incidimus

2215 3581 2271 3634 in
2325 3591 2606 3650 peccatum
2663 3583 2806 3652 quod
2861 3598 3008 3639 nunc
3055 3587 3408 3644 commiserat
3465 3589 3789 3647 Jerusalem.

2215 3671 2355 3728 Vasa
2388 3673 2800 3744 glorificationis
2827 3687 3057 3743 nostrae,
3087 3687 3219 3733 sunt
3262 3679 3348 3734 lex
3386 3690 3442 3737 et
3481 3684 3791 3753 prophetae:

2214 3778 2378 3834 super
2410 3764 2496 3818 his
2529 3766 2892 3833 exsultamus,
2918 3769 2972 3821 in
3010 3769 3096 3824 his
3137 3770 3434 3826 eﬂerimur.
3478 3774 3628 3840 Quos
3662 3793 3790 3831 cum

2216 3859 2374 3914 aliter
2393 3859 2721 3928 exponimus
2737 3874 2900 3928 quam
2925 3875 2981 3914 se
3001 3863 3200 3916 veritas
3224 3863 3403 3929 habet,
3421 3868 3797 3926 convertimus

2215 3965 2344 4007 vasa
2383 3950 2795 4023 gloriﬁcationis
2842 3960 3044 4007 nostra:
3077 3953 3144 4008 de
3190 3967 3414 4025 argento
3457 3959 3793 4030 rationabili,

2215 4049 2270 4098 et
2305 4042 2373 4097 de
2403 4057 2540 4098 auro
2565 4042 2812 4098 sensibili
2835 4042 2981 4112 quod
3009 4043 3168 4100 nobis
3206 4047 3353 4102 dedit
3378 4047 3542 4114 Deus,
3570 4061 3624 4106 et
3650 4051 3796 4107 faci-

2217 4149 2343 4188 mus
2390 4132 2560 4188 -nobis
2601 4132 2866 4205 imagines
2919 4135 3294 4204 maseulinas,
3349 4145 3405 4192 et
3453 4137 3797 4199 fornicamur

2217 4241 2272 4280 ιη
2305 4241 2407 4282 918.

2433 4389 2476 4420 ³³
2508 4387 2639 4443 ibid.
2668 4389 2755 4444 ﬂ.
2831 4390 2877 4422 “
2909 4387 3073 4446 Num.
3100 4406 3221 4446 vui.

615 4531 726 4613 (36)
749 4531 952 4616 Qircuit
971 4530 1578 4616 ‘animasnetczflateme
1605 4546 1738 4616 mss.
1772 4549 1786 4585 :
1814 4527 2111 4616 Πάροδεύεξ

2218 4529 2402 4616 αὑτειῖς
2434 4528 2684 4616 νοῦξ,ΛξΗ
2726 4524 2842 4616 οὖν.
2865 4526 3173 4616 ἐξιπεεξοῦσά
3211 4530 3313 4600 τῆς
3360 4530 3618 4616 dynastas
3646 4529 3798 4616 ψυχὴ

534 4598 829 4736 ἒμῶντὴν
853 4599 1030 4680 ψυχὴν
1080 4599 1294 4672 ποικίλη
1326 4600 1550 4672 δύναμις
1599 4598 1968 4680 ἀντικειμένη,
2021 4602 2114 4680 κει).

577 4673 697 4736 ητεῖ
727 4671 888 4724 τόπον
917 4688 1009 4724 του
1045 4669 1305 4722 εἰσελθεῖν
1353 4672 1448 4724 καὶ
1501 4687 1796 4736 πορνευσαι
1835 4672 1972 4736 μετὰ
2013 4686 2114 4736 της

577 4669 697 4743 nasi
727 4669 1009 4743 resonos
1045 4669 1305 4743 silede
1499 4669 1972 4743 ςπορνςῦοαομετά
2013 4670 2115 4743 τῇς

538 4739 756 4821 itemst
769 4741 1032 4821 .oiovsi-dr;
1111 4740 1316 4821 6aittm~v
1365 4740 1458 4821 τοᾷ
1493 4739 1685 4810 θυμοῦ,
1711 4742 1746 4821 ’ὁ
1779 4739 1986 4821 suam»;
2009 4739 2116 4821 τῇς

545 4809 868 4878 κενοδοξίας,
929 4813 956 4863 6
987 4809 1211 4881 δαίμων
1241 4810 1338 4880 τῆς
1386 4809 1602 4881 λύπηςλ
1639 4812 1733 4864 καὶ
1782 4809 2114 4874 ἁπαξαπλῶς

545 4881 774 4934 ἑκάστου
807 4881 1010 4944 πάθους
1040 4879 1332 4950 ἡδύναμις
1377 4879 1660 4951 παροδεύει
1692 4881 1780 4937 διὰ
1810 4881 1908 4950 τῆς
1935 4880 2115 4950 ψυχῆς

542 4952 640 5004 ’καὶ
697 4951 837 5029 θέλει
902 4951 1194 5029 πορνεῦἱαι
1237 4951 1368 5029 ,μετ’
1425 4951 1611 5029 ancile,
1655 4952 2015 5029 ὲτῖιτξᾉᾳξεῖσα
2044 4954 2111 5029 τῇ

500 5073 513 5079 _
545 5022 860 5092 aspoatpéfrst
891 5020 1078 5092 αὐτῆς.
1108 5020 1356 5092 Τοιοῦτον
1377 5037 1430 5071 τι
1457 5020 1670 5091 ᾐνίξατο
1703 5023 1731 5073 6
1767 5021 1951 5076 Νάθαν
1979 5020 2115 5092 πρὸξ

546 5087 637 5164 τδν
667 5087 844 5164 Adda,
881 5087 1058 5144 καλῶν
1096 5091 1196 5164 τὸν
1228 5087 1487 5160 δαίμονα“
1509 5092 1608 5160 τῆς
1666 5093 1920 5164 πορνείας
1961 5087 2115 5164 odos-

541 5161 754 5228 πόρον.
791 5162 990 5215 Circuit
1017 5162 1250 5214 animant
1301 5171 1536 5214 nostram
1580 5161 1981 5232 varia'potestas
2016 5161 2116 5212 ad-

535 5233 804 5297 ?uersaria,
863 5249 923 5284 ac
975 5233 1148 5284 locum
1180 5233 1367 5301 quierit
1412 5240 1466 5284 ut
1523 5232 1870 5302 ingrediatur,
1917 5239 1965 5302 et
1993 5246 2113 5302 cunt

546 5304 728 5356 aninta
762 5303 1050 5371 fornicatur
1073 5316 1093 5356 .'
1141 5311 1288 5370 puta,
1314 5302 1517 5355 darman
1556 5301 1669 5366 irte,
1697 5303 1900 5357 dannon
1937 5301 2113 5353 inanis

544 5373 749 5442 gloriw,
789 5373 996 5426 daemon
1037 5372 1288 5434 tristitiae,
1323 5382 1392 5433 et,
1444 5383 1499 5425 ut
1525 5373 1674 5427 t'erbo
1712 5371 2114 5442 dicam,unius-

545 5440 792 5513 cujusque
822 5444 935 5495 vitii
967 5445 1041 5495 vis
1089 5443 1277 5495 circuit
1301 5443 1557 5513 animam
1604 5459 1666 5495 ac
1711 5459 1828 5495 cum
1867 5457 1928 5494 ea
1967 5440 2112 5513 cupit

545 5508 825 5580 fornicari,
877 5530 996 5566 cum
1048 5513 1163 5580 ejus
1226 5512 1491 5582 voluntate
1540 5513 1937 5582 congrediendo.
1985 5508 2112 5562 Tale

542 5583 672 5652 quid
708 5583 994 5637 insinuavit
1046 5582 1264 5636 Nathan
1315 5584 1382 5635 ad
1429 5581 1776 5647 David,’cum
1822 5584 2111 5635 damonem

548 5653 910 5724 fornicationis
960 5672 977 5704 ι
1002 5655 1335 5724 peregrinum
1355 5672 1391 5724 AD
1431 5655 1648 5705 vocavit.

619 5719 730 5792 (l7)
773 5721 946 5776 Vestes
975 5719 1186 5792 diuina-,7
1216 5735 1319 5777 etc.
1344 5722 1560 5776 Cateuaa
1590 5737 1721 5775 mss.
1755 5739 1768 5792 ς
1806 5720 1887 5775 Τὰ
1916 5721 2108 5792 ἱμάτια

548 5789 693 5844 ἐστὶν
713 5789 781 5843 ’ἐν
812 5793 889 5863 τῷ
916 5792 1070 5862 μέρει
1099 5791 1270 5862 τούτῳ
1296 5794 1351 5847 αἱ
1377 5792 1523 5861 ἱεραὶ
1571 5791 1803 5864 Γραφαὶ,
1850 5789 1953 5846 ’καῖ
1992 5794 2020 5846 6
2051 5793 2109 5849 ὲν

2219 4600 2388 4669 σχίζει
2427 4598 2746 4671 τεά-δοθέντα
2784 4601 2920 4671 αὐτῇ
2982 4602 3063 4671 si;
3110 4598 3523 4671 εὐσχήμοσύνὴν
3581 4598 3796 4671 initiis;

2217 4671 2392 4755 (diove!
2422 4669 2674 4755 ξιελεῖται
2697 4669 3070 4755 tatarpeeag,
3100 4669 3240 4754 ‘xal;
3268 4669 3568 4755 ὼρῤάπτεε.
3589 4669 3801 4755 ’ῥητὸν

2217 4740 2364 4812 ῥητῷ
2387 4742 2453 4813 ob
2483 4740 2619 4813 μτετὰ
2649 4740 2778 4813 Δτεῇς
2803 4740 3024 4813 ᾃξούσης
3059 4741 3280 4812 πλοκῆςο
3336 4740 3429 4813 Sesti.
3459 4740 3802 4813 cuppa'ulwacra

2216 4807 2360 4863 me:
2386 4807 2575 4882 εἰδώλᾳ
2605 4809 2676 4882 τά
2705 4807 2877 4879 ἀσεϐῆ
2933 4807 3198 4882 νοήματα,
3217 4807 3288 4864 ’ἐν
3326 4807 3407 4874 οἷς
3457 4807 3803 4882 λατρεῥουσα

2215 4880 2752 4952 πορνξύειρ-Τοιαύτη
2787 4869 2932 4933 ἐστὶν
2965 4869 3164 4952 bduxi]
3186 4869 3194 4874 ’
3220 4882 3328 4952 τοῦ
3368 4869 3668 4952 άὶρετυὶοῦ.
3706 4883 3801 4934 Al-

2217 4950 2427 5022 ρετικὸς
2458 4950 2514 5002 δέ
2535 4951 2792 5022 ἐστιν,ίοὺ
2814 5021 2819 5022 ί
2835 4950 2995 5022 μόνον
3039 4956 3066 5006 6
3097 4950 3259 5022 ’κατὰ
3288 4951 3347 5004 τὸ
3373 4950 3626 5022 φρόνημα
3649 4952 3801 5004 άπε-

2217 5021 2504 5092 ᾳχισμᾷνος
2553 5021 2648 5089 τῆς
2699 5021 2972 5092 ἀληθείας,
3037 5021 3172 5075 ἀλλὰ
3222 5024 3314 5076 καὶ
3362 5025 3390 5076 6
3419 5021 3585 5092 ίκᾳτὰ
3647 5025 3797 5092 πρᾶ-

2217 5089 2316 5152 ξίν.
2350 5089 2685 5143 Vestimenta
2721 5089 2815 5144 hoc
2847 5093 2900 5144 in
2948 5094 3061 5145 loro
3111 5103 3231 5146 sunt
3264 5109 3430 5146 sacrae
3477 5089 3794 5158 Scripturar,

2213 5170 2263 5212 et
2295 5161 2383 5231 qui
2405 5161 2478 5212 eis
2507 5160 2638 5212 inest
2665 5177 2868 5214 sensus.
2901 5163 3094 5214 Anima
3123 5164 3304 5231 igitur,
3349 5179 3468 5228 qua:
3508 5178 3540 5213 a
3568 5161 3791 5214 veritate

2213 5230 2428 5293 excidit,
2457 5245 2702 5282 concessa
2726 5231 2827 5283 sibi
2857 5230 3162 5285 vestimenta
3189 5233 3376 5301 quibus
3405 5238 3617 5284 honeste
3662 5245 3790 5299 ope-

2215 5302 2404 5363 riatur,
2437 5301 2647 5352 scindit.
2679 5301 2985 5370 Scripturas
3008 5319 3098 5355 ceu
3135 5304 3188 5354 in
3226 5312 3401 5371 partes
3428 5303 3698 5370 dispescit,
3730 5317 3797 5353 ac

2214 5371 2527 5423 sententiam
2553 5373 2845 5435 sententiu',
2879 5387 2981 5425 non
3015 5389 3076 5425 ea
3119 5389 3224 5440 qua
3252 5373 3392 5424 decet
3437 5382 3668 5430 textura,
3699 5387 3794 5424 as-

2214 5441 2320 5510 suit
2353 5457 2708 5509 consuensque
2750 5443 2850 5494 sibi
2885 5443 3050 5506 idola,
3084 5443 3270 5510 impios
3321 5443 3559 5495 videlicet
3604 5457 3793 5494 sensus

2214 5508 2394 5593 facit,.
2430 5511 2486 5592 in
2523 5508 2735 5593 'qnibus
2776 5511 3083 5593 fornicetur.
3147 5508 3428 5593 Ejusmodi
3479 5523 3553 5564 est
3603 5512 3792 5592 anima

2212 5580 2467 5634 Iucretici.
2515 5579 2610 5634 Est
2643 5589 2820 5633 autem
2859 5583 3159 5646 hmreticus,
3190 5579 3291 5634 non
3325 5583 3495 5635 solum
3525 5581 3614 5649 qui
3645 5594 3790 5649 meng

2212 5652 2279 5703 tis
2307 5667 2514 5774 .bsensu
2582 5667 2616 5704 a
2671 5651 2891 5707 veritate
2942 5654 3204 5708 abscissus
3271 5663 3388 5717 est,
3451 5647 3545 5706 sed
3598 5659 3648 5703 et
3698 5647 3796 5721 qui

2212 5731 2315 5774 acti
2357 5738 2438 5774 us.

2211 5723 2438 5778 actibus.
