4140 6448
364 382 461 437 72-1

434 500 489 552 5.
524 495 785 568 Sequitur
820 494 905 551 ‘7:
935 492 1193 563 Accepiin
1212 492 1519 548 vestimenta
1548 491 1723 555 varia,
1746 498 1797 546 et
1820 504 1941 559 ope-

370 591 529 645 ruisti
551 589 672 646 illa.
708 587 869 643 Varia
895 587 1062 643 vestis
1094 594 1205 652 est,
1228 593 1284 641 et
1308 585 1398 640 hic
1426 600 1568 640 unus
1593 584 1661 640 de
1692 582 1940 652 Scriptu-

370 683 449 739 ris
480 683 656 747 locus,
689 695 799 752 quo
824 679 1103 735 induimur
1136 686 1483 735 assumentes
1517 677 1728 733 viscera
1771 676 1940 731 mise-

369 775 639 841 ricordiae,
675 771 1029 843 benignitatis
1051 811 1067 839 ,
1101 770 1448 833 humilitatis,
1480 767 1940 832 mansuetudinis,

373 864 803 939 longanimitatis
831 864 898 919 ad
927 863 1295 919 sull‘erendum
1329 862 1585 917 invicem.
1621 860 1732 917 Has
1759 860 1940 917 varias

374 970 575 1024 vestes,
607 967 661 1013 et
682 956 939 1028 pulchros
967 955 1201 1011 amictus
1230 969 1372 1024 quos
1393 953 1551 1008 nobis
1591 952 1821 1023 largitus
1858 959 1945 1007 est

376 1051 542 1121 Deus,
575 1051 623 1106 si
648 1049 954 1104 laceramus
982 1058 1146 1118 atque
1179 1046 1612 1112 conscindimus,
1635 1052 1690 1100 et
1711 1044 1945 1101 circum-

373 1146 569 1202 damus
611 1144 758 1199 falsae
795 1141 1058 1196 doctrinae
1105 1140 1175 1195 ad
1220 1140 1590 1209 deceptionem
1635 1135 1940 1200 hominum,

374 1256 484 1296 non
512 1238 740 1294 dubium
791 1243 875 1290 est
925 1234 1059 1304 quin
1124 1231 1291 1288 variis
1341 1231 1584 1286 vestibus
1630 1228 1945 1299 operiamus

376 1332 543 1388 idola.
578 1329 849 1399 lntclliges
883 1337 1066 1384 autem
1102 1327 1206 1382 hoc
1238 1324 1383 1395 quod
1417 1324 1638 1390 dicitur,
1679 1323 1726 1378 si
1771 1321 1943 1392 ipsam

377 1438 493 1477 rem
531 1420 873 1477 manifestius
913 1419 1309 1475 describamus.
1367 1415 1500 1472 Vide
1537 1415 1669 1471 mihi
1710 1415 1944 1485 aliquem

379 1514 807 1580 Marcionistam,
838 1513 952 1568 sive
975 1511 1304 1581 discipulum
1341 1507 1633 1572 Valentini,
1666 1515 1761 1562 aut
1797 1514 1947 1563 certe

376 1607 671 1676 cujuslibet
698 1606 923 1662 haeresis
963 1603 1342 1665 defensorem,
1385 1610 1441 1656 et
1479 1600 1761 1657 considera
1807 1615 1948 1670 quo.

377 1699 543 1753 modo
569 1698 715 1753 idola
746 1712 868 1761 sua,
903 1696 956 1751 id
981 1704 1067 1751 est
1110 1694 1366 1764 ﬁgmenta
1410 1707 1532 1762 quae
1577 1692 1693 1761 ipse
1722 1706 1949 1761 compo-

376 1789 522 1855 suit,
548 1788 968 1843 mansuetudine
992 1794 1047 1839 et
1072 1785 1323 1840 castitate
1361 1784 1557 1838 vestiat
1593 1792 1656 1838 ut
1692 1784 1747 1837 in
1785 1799 1946 1840 aures

376 1837 717 1933 audientium
753 1873 1062 1930 faciliusex
1085 1873 1206 1926 vitae
1235 1871 1474 1926 bonitate
1500 1880 1731 1926 ornatus
1766 1837 1948 1925 sermo
1982 1848 2022 1905 Β
2051 1842 2234 1898 facere
2264 1857 2386 1911 quae
2407 1842 2620 1912 loquor'
2645 1837 3192 1933 Nunumpimnemur'

379 1968 659 2036 subrepat.
695 1964 906 2020 Etcum
937 1964 1039 2019 hoc
1068 1963 1292 2028 fecerit,
1326 1962 1568 2033 intellige
1592 1979 1716 2018 eum
1743 1978 1954 2018 assum-

381 2058 560 2128 psisse
606 2064 813 2112 vestem
868 2055 1075 2111 variam
1124 2064 1339 2110 morum
1363 2096 1381 2123 ,
1420 2065 1475 2111 et
1517 2055 1951 2111 coversatiouis

381 2150 603 2222 optima:
625 2190 642 2214 ,
675 2159 730 2207 et
779 2149 940 2207 idolis
971 2149 1271 2219 subjecisse
1311 2164 1432 2220 qua:
1468 2149 1583 2219 ipse
1621 2148 1947 2203 construxit.

379 2245 460 2299 Ac
477 2244 632 2315 juxta
661 2244 770 2299 mel
793 2244 1010 2314 quidem
1032 2244 1199 2299 animi
1222 2260 1443 2300 sensum
1469 2243 1641 2298 multo
1666 2244 1951 2298 nocentior

378 2348 463 2391 est
497 2336 791 2392 haereticus
814 2336 970 2392 bona
1007 2336 1154 2404 vita,
1192 2346 1246 2391 et
1286 2336 1410 2407 plus
1463 2337 1518 2391 in
1563 2337 1808 2392 doctrina
1848 2351 1947 2392 sua

383 2427 548 2484 habet
574 2428 914 2484 auctoritatis
950 2443 1018 2484 eo
1045 2429 1139 2499 qui
1181 2430 1486 2484 doctrinam
1530 2428 1950 2485 conversatione

378 2520 635 2578 maculet.
682 2519 790 2587 Qui
815 2522 961 2576 enim
1008 2522 1132 2576 vitae
1182 2523 1431 2591 pessimae
1481 2532 1598 2590 est,
1650 2537 1760 2577 non
1789 2521 1951 2578 facile

378 2610 630 2668 homines
661 2611 730 2666 ad
752 2609 953 2666 falsum
973 2610 1172 2681 dogma
1207 2613 1497 2679 sollicitat,
1527 2629 1629 2669 nec
1652 2624 1826 2683 potest
1856 2628 1952 2683 per

379 2699 627 2755 umbram
659 2699 965 2755 sanctitatis
982 2700 1324 2755 audientium
1353 2701 1604 2771 decipere
1626 2701 1950 2771 simplicita-

356 2800 513 2851 tem.
541 2790 647 2857 Qui
674 2806 804 2847 vero
829 2806 1081 2846 sermone
1105 2806 1393 2862 pervorsus
1414 2804 1528 2856 est,
1557 2800 1613 2848 et
1645 2792 1951 2863 disciplinis

378 2882 549 2936 saluti
583 2882 913 2946 contrarius,
946 2897 1127 2938 mores
1149 2894 1329 2939 autem
1355 2886 1684 2956 compositos
1709 2893 1763 2940 et
1782 2899 1948 2939 orna-

379 2982 471 3030 tos
499 2975 694 3039 habet,
721 2977 856 3032 nihil
879 2976 1009 3034 facit
1029 2979 1212 3045 aliud,
1250 2979 1355 3035 nisi
1395 2979 1593 3049 accipit
1632 2979 1949 3035 indumenta

381 3066 537 3120 varia
570 3067 800 3126 instituti
834 3070 994 3139 boni,
1038 3079 1094 3128 et
1133 3072 1565 3127 conversationis
1610 3074 1808 3142 quieta:
1832 3114 1848 3137 ,
1893 3081 1948 3129 et

380 3157 688 3216 circumdat
717 3177 781 3217 ea
813 3163 976 3220 idolis
1006 3165 1144 3229 suis,
1179 3174 1237 3220 ut
1272 3166 1444 3235 magis
1467 3165 1703 3235 decipiat
1723 3162 1947 3222 audien-

386 3258 487 3305 tes.
506 3250 718 3308 ldcirco
748 3254 981 3310 sollicite
1007 3271 1298 3313 caveamus
1347 3258 1654 3325 haereticos,
1683 3258 1777 3329 qui
1817 3275 1952 3315 con-

380 3342 710 3401 versationis
736 3346 1140 3415 optimmsunt,
1170 3364 1405 3419 quorum
1444 3348 1585 3405 forte
1629 3351 1795 3405 vitam
1840 3366 1950 3408 non

378 3441 489 3488 tam
513 3432 657 3491 Deus
678 3452 843 3506 quam
876 3439 1130 3496 diabolus
1164 3440 1440 3497 instruxit.
1491 3441 1625 3497 Nam
1673 3444 1951 3514 quomodo

376 3527 645 3595 quasdam
671 3529 950 3588 illecebras
983 3547 1234 3588 escarum
1264 3548 1504 3609 aucupes
1523 3541 1875 3604 proponunt,
1892 3543 1952 3591 ut

379 3616 599 3677 facilius
626 3636 754 3677 aves
785 3623 1003 3693 capiant
1029 3639 1127 3695 per
1152 3625 1608 3681 oblectamentum
1635 3627 1774 3696 gulae
1794 3666 1810 3692 ,
1846 3626 1948 3693 sic,

382 3719 446 3765 ut
475 3712 738 3770 audacius
762 3714 940 3770 dicam
959 3757 975 3784 ,
1008 3725 1094 3773 est
1113 3718 1359 3789 quaedam
1397 3719 1679 3776 castitatis.
1709 3719 1951 3788 diaboli,

380 3803 436 3859 id
461 3814 544 3862 est
593 3807 841 3880 decipula
869 3810 1123 3869 humanae
1151 3814 1367 3879 animat,
1408 3821 1473 3879 ut,
1505 3829 1602 3884 per
1642 3812 1954 3870 istiusmodi

379 3899 687 3955 castitatem
708 3942 726 3969 ,
769 3912 823 3957 et
853 3905 1449 3972 mansuetudinem,et,
1458 3887 1732 3976 justitiam
1776 3905 1955 3976 possit

379 3988 597 4047 facilius
626 4008 844 4064 capere,
874 4001 928 4049 et
955 3992 1107 4050 falsis
1128 3996 1476 4052 sermonibus
1504 3995 1742 4051 irretire.
1771 3994 1955 4052 Diver-

378 4083 462 4139 sis
506 4085 755 4141 diabolus
805 4095 1013 4159 pugnat
1062 4088 1311 4155 insidiis,
1357 4096 1412 4142 ut
1462 4087 1725 4143 miserum
1760 4088 1955 4159 perdat

379 4174 695 4240 hominem,
726 4187 783 4233 et
811 4179 1019 4241 bonam,
1037 4179 1197 4245 malis
1236 4180 1425 4243 tribuit
1470 4180 1636 4236 vitam
1683 4180 1750 4235 ad
1800 4180 1953 4237 deci-

379 4264 611 4334 piendos
633 4267 900 4334 videntes.
928 4279 985 4327 et
1019 4272 1218 4329 malam
1251 4273 1410 4327 bonis
1451 4273 1624 4331 inurit
1663 4274 1953 4331 conscien-

380 4356 538 4413 tiam.
587 4358 718 4419 Mihi
756 4361 860 4434 ipsi
910 4362 1014 4433 qui»
1043 4362 1097 4429 in
1147 4363 1388 4420 Ecclesia
1434 4366 1692 4439 praedico,
1730 4367 1955 4439 laqueos

378 4464 526 4520 saepe
554 4453 766 4523 tendit,
786 4463 844 4520 ut
874 4463 1041 4511 totam
1074 4456 1372 4520 Ecclesia":
1405 4473 1471 4513 ex
1506 4473 1625 4519 mea
1657 4474 1954 4516 conversa-

377 4542 530 4599 tione
552 4545 871 4610 confundat.
901 4547 970 4610 Et
992 4550 1112 4606 ideo
1141 4551 1263 4620 plus
1302 4551 1355 4605 bi
1388 4551 1483 4621 qui
1506 4561 1636 4608 sunt
1677 4551 1730 4606 in
1768 4553 1948 4608 medio

378 4648 769 4708 oppugnantur
797 4642 867 4697 ab
890 4643 1134 4707 inimico,
1169 4629 1229 4699 ut
1258 4659 1355 4715 per
1380 4645 1594 4699 ruinam
1636 4645 1804 4703 unius
1847 4646 1947 4702 ho-

378 4729 547 4792 minis
576 4747 699 4812 quae
727 4732 893 4799 celari
924 4751 1034 4791 non
1076 4745 1287 4807 potest,
1337 4737 1593 4794 omnibus
1628 4739 1948 4795 scandalum

380 4822 508 4888 liat,
540 4833 594 4878 et
622 4824 951 4896 impediatur
980 4827 1111 4885 fides
1136 4844 1233 4899 per
1270 4828 1741 4886 conversationem
1774 4831 1952 4900 pessi-

380 4928 529 4968 mam
563 4915 911 4973 clericorum.
936 4917 1154 4984 Omnia,
1178 4929 1238 4975 ut
1265 4920 1524 4988 diximus,
1549 4921 1802 4978 diabolus
1828 4937 1950 4993 ope-

380 5013 559 5072 ratur,
590 5016 646 5063 et
676 5024 740 5064 ea
765 5025 886 5080 qua:
919 5010 1168 5066 videntur
1200 5027 1321 5067 esse
1350 5012 1512 5077 bona,
1552 5027 1653 5069 nec
1700 5020 1860 5079 sunt,
1900 5020 1955 5068 et

379 5109 451 5158 ea
473 5112 596 5167 quae
625 5114 724 5172 per
758 5110 1008 5174 naturam
1043 5113 1198 5158 suam
1245 5104 1385 5158 mala
1424 5113 1589 5172 sunt;
1627 5105 1812 5160 omnia
1849 5104 1951 5160 ad-

381 5205 601 5244 versum
632 5191 927 5247 humanam
958 5201 1361 5249 commentatur
1387 5193 1649 5248 animam.
1674 5192 1829 5250 Unde
1856 5196 1951 5266 qui

379 5296 574 5339 curam
608 5285 772 5342 habet
798 5288 923 5342 vitae
947 5303 1080 5352 suae,
1118 5304 1294 5359 neque
1326 5288 1743 5344 mansuetudine
1781 5288 1952 5344 haere-

384 5390 621 5443 ticorum
646 5392 881 5461 capitur,
895 5392 961 5448 ad
985 5393 1430 5448 consentiendum
1453 5393 1716 5449 doctrinm
1737 5408 1953 5459 eorum,

454 5508 500 5543 ⁸⁷
534 5509 730 5567 Ezech.
761 5526 850 5566 xvr
870 5552 886 5577 ,
920 5511 1007 5568 18.
1080 5513 1126 5545 ⁸⁸
1156 5512 1345 5569 Matth.
1377 5529 1533 5568 χχιιι.
1556 5513 1612 5581 2,
1639 5512 1692 5568 5.
1766 5513 1810 5553 ⁸ο
1841 5510 2038 5570 Ezech.

480 5648 569 5702 18)
611 5645 680 5701 Et
709 5645 868 5701 mella
895 5663 1087 5717 apum,
1113 5656 1218 5704 etc.
1247 5648 1465 5704 Catenae
1488 5663 1638 5717 mss.
1666 5665 1685 5700 :~
1709 5647 1850 5713 Μέλι
1884 5646 1951 5717 ἂν

490 5717 655 5790 teran
685 5719 822 5770 εἰσιν
846 5715 998 5790 uisu
1024 5718 1129 5771 τῶν
1155 5717 1445 5790 προφητῶν
1475 5716 1696 5790 θεῳρίαι
1732 5719 1832 5790 κςι.)ἒ
1844 5715 1952 5771 τῶν

430 5787 763 5861 ῠαγγελίωνο
793 5787 1092 5859 σεμίδαλις,
1124 5789 1180 5843 αἱ
1203 5787 1273 5842 ’ἐκ
1301 5787 1406 5844 ’ἑῶν
1433 5787 1661 5850 catelli»;
1692 5787 1948 5861 πράξεις,

1714 400 1717 405 -
1739 364 2021 424 HOMILM
2062 358 2172 416 \‘Il.
2223 408 2229 413 .

1970 496 2011 553 Α

1976 3185 2021 3244 α

3512 330 3615 389 ἳῖὶ

2044 492 2220 548 neque
2252 473 2390 531 meis
2416 469 2628 528 delictis
2655 466 2750 539 qui
2784 464 2974 519 videor
3030 460 3082 515 iu
3120 453 3367 513 Ecclesia
3397 448 3611 548 prde-

2042 545 2189 636 care,
2216 563 2695 626 scandalizabitur,
2721 558 2815 615 sed
2839 557 3015 626 ipsum
3039 545 3621 622 dogmamonsiderans

2041 674 2096 719 et
2125 668 2464 734 pertractans
2491 653 2745 710 Ecclesia:
2774 651 2931 704 fidem
2954 687 2968 708 ,
3003 662 3035 699 a
3070 660 3156 699 me
3197 640 3418 711 quidem
3464 651 3616 691 arere

2042 731 2271 815 sabitur,
2301 748 2605 805 doctrinam
2645 757 2776 798 vero
2828 737 3091 806 suscipiet
3135 731 3437 788 secundum
3476 742 3621 796 pnes

2042 855 2256 914 ceptum
2291 839 2538 903 Domini,
2565 836 2655 906 qui
2680 835 2755 889 ait
2776 833 2842 886 °':
2876 830 3042 896 Super
3091 822 3396 879 cathedram
3443 819 3616 914 Mopsi

2042 909 2286 988 sederunt
2314 932 2504 986 scriba:
2530 940 2579 984 et
2611 927 2887 982 Plzaristri.
2905 919 3099 977 Omnia
3121 927 3444 987 quwcunque
3471 909 3617 963 vobis

2043 1026 2250 1089 dicunt,
2282 1025 2485 1088 audite,
2516 1032 2566 1075 et
2598 1020 2781 1090 facile,
2805 1016 2968 1084 juxta
3000 1026 3156 1081 opera
3197 1017 3369 1060 autem
3399 1001 3621 1059 illorum

2044 1117 2207 1173 nolite
2240 1117 2443 1187 facere;
2481 1114 2666 1167 dicunt
2718 1111 2940 1179 quippe,
2981 1112 3029 1158 et
3083 1117 3186 1155 non
3235 1098 3460 1168 faciunt.
3512 1093 3618 1149 Ista

2046 1224 2227 1266 sermo
2254 1208 2321 1263 de
2352 1221 2438 1261 me
2461 1214 2543 1261 est
2562 1244 2578 1269 ,
2606 1202 2701 1272 qui
2723 1202 2863 1253 bona
2881 1198 3068 1253 doceo.
3094 1201 3147 1246 et
3169 1187 3443 1247 contraria
3462 1198 3614 1255 gero,

2043 1310 2100 1356 et
2124 1315 2248 1355 sum
2277 1298 2474 1354 sedens
2501 1310 2661 1364 super
2689 1290 3000 1347 cathedram
3030 1285 3199 1356 Moysi
3232 1284 3388 1353 quasi
3417 1276 3614 1335 Sctt'tba

2046 1399 2101 1446 et
2132 1390 2461 1444 Pbariszeus.
2495 1386 2832 1453 Praeceptum
2866 1381 2960 1435 tibi
2997 1388 3102 1442 est,
3131 1392 3165 1431 o
3197 1373 3416 1445 populc,
3442 1369 3619 1424 sinon

2047 1479 2305 1536 habueris
2337 1476 2740 1533 accusationem
2780 1471 3042 1527 doctrinae
3082 1467 3364 1539 pessimae,
3401 1470 3452 1517 et
3486 1460 3622 1514 alie-

2047 1585 2243 1624 norum
2295 1568 2367 1623 ab
2408 1565 2648 1622 Ecclesia
2693 1564 3049 1634 dogmatum,
3089 1554 3443 1627 conspexeris
3487 1564 3625 1606 vero
3689 1620 3695 1625 .

2050 1677 2227 1717 meam
2272 1660 2598 1731 culpabilem
2644 1660 2842 1721 vitam,
2890 1665 3054 1726 atque
3100 1661 3323 1724 peccata
3360 1687 3376 1713 ,
3407 1655 3468 1703 ut
3506 1660 3618 1699 non

2052 1753 2253 1807 habeas
2276 1751 2434 1822 juxta
2463 1749 2696 1805 dicentis
2725 1749 2892 1803 vitam
2930 1755 3078 1801 tuam
3107 1742 3412 1804 instituere,
3437 1738 3530 1794 sed
3554 1751 3620 1791 ea

3218 1841 3276 1888 et
3294 1832 3341 1887 si
3365 1830 3623 1884 volumus

2054 1934 2255 1990 imitari
2278 1934 2588 2004 quempiam
2608 1973 2624 1998 ,
2658 1931 2971 2003 propositus
3006 1936 3093 1983 est
3123 1925 3281 1981 nobis
3305 1923 3372 1984 ad
3403 1921 3623 1977 imitan-

2050 2024 2181 2079 dum
2213 2022 2467 2079 Christus
2497 2021 2680 2079 Jesus.
2718 2020 2987 2091 Dcscripti
3022 2026 3153 2076 sunt
3205 2023 3358 2072 actus
3388 2021 3622 2087 aposto-

2050 2113 2227 2169 lorum
2247 2153 2264 2181 ,
2292 2122 2349 2170 et
2375 2115 2761 2185 prophetarum
2785 2121 2933 2184 gesta
2956 2111 3026 2167 de
3045 2108 3220 2167 sacris
3241 2104 3619 2163 voluminibus

2051 2207 2436 2277 agnoscimus;
2471 2205 2599 2261 illud
2630 2205 2909 2275 exemplar
2936 2205 3156 2258 lirmum
3187 2207 3305 2266 est,
3339 2195 3473 2252 illud
3493 2210 3623 2267 pro-

2050 2297 2290 2367 positum
2324 2298 2590 2363 solidum,
2627 2296 2771 2368 quod
2809 2295 2900 2366 qui
2941 2294 3095 2365 sequi
3140 2292 3293 2362 cupit
3324 2330 3342 2356 ,
3392 2300 3624 2345 securus

2051 2387 2372 2458 ingreditur.
2419 2387 2476 2443 Si
2516 2403 2645 2445 vero
2674 2387 2974 2457 quaerimus
3012 2384 3169 2440 nobis
3214 2380 3514 2452 culpabiles
3554 2379 3623 2433 ad

2051 2477 2419 2532 aemulandum
2442 2516 2457 2541 ,
2491 2486 2549 2531 ut
2582 2491 2706 2531 cum
2742 2476 3026 2537 dicamus,
3071 2471 3160 2525 ille
3197 2469 3387 2533 docet,
3434 2477 3489 2521 et
3535 2464 3624 2519 his

2051 2584 2174 2640 qua:
2194 2569 2352 2625 docet
2380 2568 2509 2623 facit
2530 2568 2643 2638 ipse
2663 2566 2958 2631 contraria,
2981 2565 3267 2619 adversum
3296 2566 3623 2631 prtuccptum

2052 2661 2271 2718 Domini
2304 2662 2558 2726 facimus,
2591 2661 2685 2731 qui
2714 2658 2997 2716 mandavit
3023 2655 3303 2711 doctrinas
3332 2652 3626 2721 magistro-

2054 2770 2175 2809 rum
2204 2754 2376 2824 magis
2406 2751 2743 2809 considerari
2770 2750 2968 2805 debere
2999 2763 3163 2819 quam
3196 2746 3356 2801 vitas.
3382 2743 3507 2798 Haec
3542 2743 3626 2796 di-

2050 2847 2230 2902 cimus
2273 2846 2340 2901 de
2376 2859 2443 2900 eo
2492 2844 2634 2914 quod
2677 2844 2943 2912 scriptum
2990 2850 3069 2895 est
3104 2858 3119 2893 :
3152 2838 3625 2905 Accepistivestem

2053 2948 2199 2993 tuam
2229 2936 2617 3000 versicolorem,
2642 2944 2691 2988 et
2718 2933 2972 3004 aperuisti
3000 2930 3118 2997 illa,
3151 2929 3206 2984 id
3238 2938 3323 2985 est
3350 2942 3478 2983 vasa
3508 2925 3628 2997 glow

2049 3027 2391 3091 rilicationis,
2424 3042 2544 3097 quae
2574 3026 2625 3079 in
2658 3025 2800 3080 idola
2832 3022 3200 3079 commutasti.

2124 3118 2287 3190 383
2312 3119 2368 3173 4.
2412 3116 2674 3188 Sequitur
2708 3117 2789 3170 ‘9:
2826 3113 2893 3168 Et
2919 3114 3091 3168 oleant
3117 3126 3325 3176 meum,
3358 3118 3405 3162 et
3442 3109 3620 3161 inccn-

2054 3226 2171 3265 sum
2207 3226 2376 3264 meum
2404 3208 2627 3279 posuisti
2686 3206 2808 3260 ante
2852 3205 3042 3276 faciem
3094 3217 3294 3258 eorum.
3347 3198 3628 3268 Scriptura

2053 3301 2281 3358 docente
2318 3299 2631 3366 didicimus,
2664 3299 2793 3368 quia
2848 3308 3158 3352 sanctorum
3199 3292 3377 3349 oratio
3426 3293 3499 3347 sit
3539 3290 3626 3345 in-

2052 3412 2299 3457 censum.
2348 3398 2436 3451 Ait
2482 3397 2625 3450 enim
2665 3395 2757 3449 7°:
2812 3393 3329 3457 Incensummutem,
3361 3388 3625 3442 orationes

2053 3498 2357 3542 sanctorum
2382 3496 2524 3551 sunt.
2557 3468 2760 3556 Siergo
2782 3483 3014 3545 instituti
3045 3482 3111 3541 ad
3144 3481 3625 3556 orationemkcum

2054 3579 2200 3633 illam
2231 3578 2340 3635 Deo
2368 3579 2663 3637 debeamus
2696 3552 2923 3640 'oﬂ’crre,
2953 3575 3002 3628 id
3025 3583 3109 3628 est
3135 3573 3243 3627 Deo
3266 3552 3401 3641 bigis
3426 3579 3477 3624 et
3496 3584 3627 3639 pro-

2053 3671 2363 3741 phetarum,
2402 3669 2512 3723 Deo
2535 3668 2841 3732 Abraham,
2864 3665 2973 3719 Deo
3002 3663 3173 3731 Isaac,
3203 3662 3313 3717 Deo
3338 3659 3508 3716 Iacob
3527 3698 3543 3724 ,
3573 3668 3629 3714 et

2054 3759 2202 3813 Patri
2231 3758 2360 3814 Jcsu
2390 3757 2615 3822 Christi,
2652 3755 2932 3809 offerimus
2964 3768 3086 3823 quae
3115 3753 3215 3822 ipsi
3238 3751 3625 3814 confinximus.

2056 3850 2112 3905 in
2141 3859 2350 3905 tantum
2374 3856 2433 3902 ut
2456 3848 2738 3901 incensum
2772 3843 2863 3898 Dei
2889 3856 3259 3914 proponamus
3303 3839 3461 3895 idolis
3485 3878 3500 3903 ,
3548 3838 3621 3893 fa-

2055 3939 2233 3994 cimus
2258 3937 2309 3992 id
2340 3936 2483 4007 quod
2510 3935 2709 3988 dicitur
2741 3932 2794 3985 in
2819 3927 3074 4001 praesenti
3105 3946 3119 3983 :
3155 3925 3343 3982 Oleum
3375 3939 3546 3978 meum
3575 3932 3628 3975 et

2055 4029 2324 4083 incensum
2344 4041 2516 4079 meum
2538 4021 2764 4094 posuisti
2788 4030 2908 4074 ante
2941 4019 3130 4089 facient
3167 4031 3369 4071 eorum.
3428 4011 3627 4068 Verum

2056 4122 2158 4177 iste
2194 4120 2262 4175 de
2281 4119 2506 4174 incenso
2528 4116 2598 4172 sit
2632 4114 2954 4168 intellectus.
2990 4110 3132 4178 Quid
3176 4105 3628 4177 respondebimus

2056 4212 2126 4268 de
2155 4211 2314 4274 oleo?
2335 4209 2525 4263 Oleum
2559 4216 2642 4262 est
2671 4219 2783 4276 quo
2819 4203 2900 4257 vir
2927 4210 3150 4257 sanctus
3178 4190 3419 4269 ungitur,
3444 4196 3625 4251 oleum

2054 4301 2282 4367 Christi,
2307 4302 2487 4355 oleum
2518 4306 2719 4352 sancta:
2747 4294 3029 4349 doctrinm.
3067 4291 3205 4346 Cum
3248 4302 3378 4359 ergo
3417 4286 3628 4355 accepit

2054 4394 2251 4464 aliquis
2278 4393 2382 4448 hoc
2405 4392 2585 4453 oleum
2616 4403 2729 4458 quo
2753 4386 2972 4457 ungitur
2996 4392 3240 4448 sanctus,
3266 4380 3318 4435 id
3341 4388 3426 4434 est
3480 4377 3630 4433 Scri-

1980 4520 2030 4580 D
2057 4494 2273 4557 pturam
2301 4498 2515 4540 sacram
2552 4481 2922 4543 instituentem
2949 4476 3223 4558 quomodo
3247 4481 3495 4545 oporteat
3526 4472 3627 4527 ba-

2055 4572 2251 4643 ptizari
2286 4572 2339 4626 in
2365 4569 2584 4625 nomine
2606 4566 2806 4633 Patris,
2834 4564 3051 4632 etFilii,
3075 4572 3130 4620 et
3155 4562 3624 4643 Spit-itus.sancti:

2054 4674 2110 4720 et
2131 4679 2303 4734 pauca
2332 4670 2678 4718 commutans
2702 4659 2920 4717 tinxerit
2935 4657 3269 4729 quempiam,
3294 4663 3348 4710 et
3367 4654 3631 4726 quodam-

2057 4755 2221 4810 modo
2250 4752 2469 4817 dixerit,
2489 4752 2601 4822 jam
2632 4764 2739 4804 non
2776 4764 2836 4805 es
2861 4747 3289 4804 catechumenus
3308 4784 3324 4811 ,
3357 4758 3629 4800 consecu-

2056 4852 2218 4902 cutus
2243 4860 2305 4901 es
2325 4845 2598 4899 lavacrum
2621 4841 2873 4899 secundae
2886 4839 3250 4913 generationis
3273 4838 3440 4909 italis
3464 4836 3630 4893 homo

2060 4935 2257 5005 accipit
2278 4935 2456 4991 Oleum
2489 4934 2608 5003 Dei,
2633 4943 2687 4988 et
2719 4935 3023 5000 incensum,
3047 4939 3102 4987 et
3144 4930 3297 5001 ponit
3324 4927 3456 4989 illud
3504 4935 3632 4982 ante

2060 5025 2255 5082 faciem
2282 5027 2573 5081 idolorum.
2617 5024 2685 5080 Et
2711 5007 3037 5094 panesmeos
3082 5038 3212 5092 quos
3238 5018 3360 5079 dedi
3386 5018 3500 5087 tibi,
3554 5018 3631 5071 si-

2059 5119 2211 5185 mila,
2227 5127 2277 5172 et
2316 5118 2484 5183 melle,
2508 5118 2710 5179 etoleo
2739 5114 2922 5177 cibari
2946 5125 2994 5168 te
3021 5114 3089 5169 τίς
3142 5113 3279 5168 Ecce
3331 5126 3500 5189 panes
3535 5124 3628 5163 no.

2059 5209 2157 5265 stri
2224 5210 2415 5275 simila
2448 5209 2807 5275 tnundissima
2856 5210 2909 5273 in
2973 5205 3312 5275 Scripturis,
3363 5213 3417 5259 et
3467 5201 3628 5256 mella

2058 5316 2223 5372 apum
2271 5299 2384 5371 (18)
2436 5303 2846 5371 prophetarum.
2892 5300 2998 5357 Ista
3053 5300 3238 5354 omnia
3283 5297 3428 5351 dedit
3468 5294 3627 5349 nobis

2064 5393 2230 5460 Deus,
2256 5404 2308 5448 et
2333 5394 2532 5450 cibaxit
2552 5407 2653 5453 nos
2673 5394 2740 5448 de
2762 5393 2994 5463 panibus
3018 5391 3424 5461 prophetarum,
3458 5392 3513 5441 et
3560 5384 3627 5439 de

2071 5529 2191 5578 xvt,
2223 5513 2315 5578 18,
2385 5513 2633 5583 "Apoc.
2668 5528 2722 5568 v.
2746 5510 2800 5566 8.
2877 5511 2919 5544 τι
2950 5507 3149 5564 Ezeclt.
3181 5521 3291 5571 xu,
3328 5506 3417 5560 i9.

2056 5646 2305 5718 ποιοῦσαι
2344 5644 2433 5704 τὸν
2474 5647 2635 5718 ἄᾲρςρν
2678 5644 2797 5718 τὴνί
2825 5642 3047 5718 κᾲαρδέᾳν
3090 5639 3399 5718 ἀνθρώπου.
3441 5640 3624 5718 Totum

2057 5717 2402 5772 ἀνατιθέασιν
2448 5712 2704 5779 εἰδώλοις,
2732 5712 2803 5769 ὀἱ
2851 5712 2913 5767 si
2951 5712 3186 5783 δόγμασι
3229 5712 3324 5766 καὶ
3368 5712 3629 5783 πράξεσιν

2058 5788 2479 5859 innuptarum/ese.
2530 5784 2634 5849 Mel
2662 5802 2856 5857 aputu,
2899 5781 3363 5853 contemplationes
3399 5781 3520 5838 sunt
3559 5793 3625 5832 ea:
