4128 6432
411 329 520 386 725

1782 334 2068 391 HOMILIA
2108 333 2229 392 VII.

3264 228 3280 256 φ

3571 336 3670 389 7'26

410 453 933 522 pronuntiationem,
958 453 1117 526 cujus
1147 455 1217 511 sit
1248 456 1455 528 ingenii
1483 501 1500 526 ,
1546 459 1824 530 quomodo
1879 458 1991 528 pri-
2019 462 2067 516 Α
2091 457 2354 526 eolligans
2384 464 2442 508 ut
2467 453 2595 509 fune
2619 455 2801 525 lengo,
2832 461 2885 508 et
2908 454 3050 510 sicut
3078 455 3336 526 loro—jugi
3376 455 3555 511 vitula:
3577 454 3674 508 iui-

412 552 563 599 mu'm
593 546 872 620 intelligat,
907 548 1033 604 inde
1067 548 1338 605 intellecta
1367 552 1647 622 dijudicet,
1691 563 1750 608 ut
1797 553 1989 608 incite-

415 647 506 690 tur
534 637 600 692 ad
633 653 849 704 sensus,
878 647 942 694 ut
966 641 1133 694 menti
1168 657 1335 698 sensa
1364 646 1692 709 commodet,
1719 659 1872 714 quos,
1895 643 1991 698 hav

412 727 508 780 bet
527 727 762 797 impetus
789 771 804 795 ,
833 746 969 801 quos
997 731 1265 801 cogitatus
1293 732 1360 788 de
1386 733 1516 790 Deo.
1549 733 1671 790 Haec
1702 734 1990 805 possidens

413 834 622 890 magnae
649 821 1065 890 pulchritudinis
1102 835 1207 888 est,
1258 825 1350 881 sed
1382 825 1760 881 haereticorum
1793 826 1987 892 sectis,

411 914 466 959 et
493 916 752 964 extranea
783 911 1060 982 religionis
1097 915 1437 970 institutione
1471 917 1863 986 corrumpitur.
1915 915 1986 974 Et

413 1001 739 1054 transierunt
763 1019 919 1058 crura
946 1013 1039 1059 tua
1058 1022 1151 1075 per
1177 1023 1381 1060 omnem
1420 1009 1706 1062 transitum
1726 1047 1741 1071 ,
1773 1017 1824 1062 et
1847 1009 1987 1061 mul-

413 1092 671 1160 tiplicasti
691 1095 1098 1164 fornicationem
1117 1109 1264 1152 tuam
1295 1101 1362 1154 ⁸ι.
1397 1098 1466 1154 Ει
1494 1099 1783 1155 fornicatio
1815 1116 1855 1155 a.
1879 1099 1989 1154 for-

413 1182 682 1239 nicatione
704 1185 990 1242 diﬂ'erens:
1020 1198 1074 1243 et
1111 1189 1388 1259 quomodo
1414 1190 1466 1244 in
1493 1189 1852 1246 fornicatione
1865 1205 1988 1244 car-

413 1275 500 1328 nis
523 1285 608 1330 est
636 1277 838 1347 aliquis
876 1296 980 1334 non
1034 1281 1218 1337 nimias
1251 1281 1649 1347 fornicationis,
1699 1293 1754 1338 et
1804 1289 1986 1339 tamen

413 1366 774 1426 fornicatione
796 1373 1036 1442 pollutus
1062 1415 1078 1442 ,
1104 1374 1244 1430 alius
1272 1390 1398 1429 vero
1421 1375 1790 1445 multiplicans
1816 1373 1987 1429 forni-

408 1461 679 1518 catinnem
709 1479 862 1518 suam
890 1482 903 1532 ;
938 1465 1018 1522 sic
1051 1473 1104 1521 et
1138 1465 1192 1520 in
1223 1482 1285 1521 ea
1335 1465 1693 1522 fornicatione
1724 1483 1845 1538 qua:
1868 1467 1987 1522 ani-

410 1571 554 1610 mam
593 1570 750 1611 suam
786 1570 1116 1626 sensumque
1144 1559 1541 1622 commaculat,
1567 1559 1706 1614 alius
1740 1559 1986 1626 multitu-

406 1644 533 1700 dine
565 1645 942 1705 fornicationis
998 1646 1272 1710 obruitur,
1305 1647 1445 1702 alius
1489 1663 1620 1702 vero
1652 1664 1759 1702 non
1796 1657 1906 1702 tam
1957 1663 1986 1701 a

411 1733 770 1794 fornicatione
791 1749 873 1794 est
887 1739 1164 1793 seductus.
1191 1737 1398 1792 Idcirco
1415 1753 1521 1808 qua
1539 1754 1791 1795 mensura
1813 1739 1984 1794 mensi

410 1824 1023 1891 fuerimugremetietur
1051 1828 1228 1886 nobis.

457 1918 530 1972 ‘8.
556 1918 626 1972 Et
654 1919 918 1988 fornicata
945 1935 998 1972 es
1027 1921 1083 1974 in
1111 1921 1252 1990 ﬁlios
1273 1921 1500 1994 Egypti
1515 1921 1743 1991 confines
1775 1934 1891 1975 tuos
1916 1921 1982 1977 δ’.

410 2008 530 2063 Filii
553 2009 772 2081 .Egypti
801 2011 915 2083 (22)
951 2015 1240 2069 contraria:
1285 2013 1634 2070 fortitudines
1675 2023 1820 2068 sunt.
1877 2013 1987 2071 Nec

410 2101 609 2154 mirum
640 2109 761 2167 est,
819 2102 865 2158 si
908 2102 1150 2160 conﬁnes
1189 2106 1362 2161 nostri
1405 2103 1640 2176 Egyptii
1679 2104 1980 2172 dicantur;

411 2189 653 2246 contines
698 2188 916 2262 [Egypti
956 2202 1009 2248 et
1059 2193 1358 2250 Jerusalem
1387 2197 1440 2250 in
1477 2211 1575 2254 sua
1601 2195 1822 2251 civitate
1857 2206 1986 2252 sunt

411 2280 595 2350 positi.
626 2281 728 2349 Qui
763 2291 892 2338 sunt
940 2285 1153 2356 magnis
1204 2288 1464 2343 carnibus
1489 2327 1505 2352 ,
1541 2303 1649 2342 non
1713 2289 1841 2359 quia
1893 2289 1983 2345 isti

409 2367 624 2444 Egypti
657 2373 901 2444 ingentes
924 2390 1118 2432 carnes
1152 2377 1388 2434 habeant
1415 2380 1490 2451 (et
1515 2380 1733 2450 quidem
1757 2381 1984 2439 honeste

411 2465 622 2519 videtur
646 2465 893 2535 pudenda
923 2482 1115 2523 eorum
1145 2469 1433 2525 immutate
1462 2472 1733 2527 vocabulo
1773 2473 1984 2543 signiﬁ-

413 2572 591 2623 casse,
624 2557 677 2612 id
712 2566 796 2613 est
835 2560 1047 2631 magnis
1083 2561 1386 2631 carnibus),
1417 2563 1510 2618 sed
1530 2563 1657 2633 quia
1684 2563 1866 2618 carnei
1895 2565 1982 2619 in-

410 2650 654 2706 tellectus
685 2666 1003 2721 magnarum
1035 2667 1137 2706 nos
1171 2652 1418 2707 carnium
1455 2651 1662 2709 faciant
1691 2674 1704 2708 :
1741 2665 1799 2710 ut
1820 2671 1982 2711 econ-

406 2741 574 2795 trario
602 2748 684 2795 est
708 2741 954 2810 quaedam
993 2757 1121 2797 caro
1143 2741 1420 2808 deficiens,
1456 2744 1523 2799 de
1541 2761 1651 2814 qua
1678 2745 1878 2801 dicitur
1901 2747 1979 2802 ⁸³ε

408 2831 683 2897 Quomodo
713 2849 838 2886 caro
869 2850 981 2886 mea
1012 2834 1067 2887 in
1096 2843 1238 2889 terra
1261 2836 1490 2901 deserta,
1517 2846 1566 2890 et
1602 2839 1768 2906 invia,
1791 2848 1839 2893 et
1865 2840 1982 2894 ina-

403 2938 594 2991 quosa.
622 2921 700 2974 sic
725 2923 778 2974 in
817 2935 1001 2976 sancto
1036 2925 1260 2993 apparui
1290 2926 1406 2980 tibi.
1439 2924 1769 2983 Fornicatur
1819 2929 1982 3001 igitur

403 3009 728 3080 Jerusaleml,
754 3029 910 3082 super
935 3014 1077 3083 filios
1101 3014 1345 3084 Afgypti,
1377 3018 1605 3087 confines
1630 3035 1774 3085 suos,
1794 3029 1844 3075 et
1873 3037 1982 3076 nta-

406 3119 627 3171 gnarum
661 3104 923 3158 carnium.
957 3103 1023 3157 Et
1048 3105 1437 3174 multipliciter,
1467 3107 1642 3180 inquit
1665 3110 1715 3142 ⁸⁵
1739 3151 1754 3176 ,
1809 3110 1979 3180 forni-
2005 3135 2048 3194 α

405 3201 526 3246 cata
547 3208 600 3247 es
629 3194 698 3247 ad
729 3210 808 3247 me
829 3195 1266 3264 exasperandum.
1302 3194 1499 3252 Multas
1537 3198 1750 3269 species
1799 3197 1976 3255 forni-

402 3284 634 3340 cationis
655 3286 980 3341 commisisti
1017 3286 1085 3342 ad
1133 3303 1220 3344 me
1259 3289 1668 3344 concitandum.
1724 3290 1880 3358 Quod
1929 3293 1979 3348 si

399 3375 684 3428 extendere
717 3391 933 3430 manum
961 3393 1131 3431 meam
1161 3379 1213 3432 in
1240 3386 1309 3443 te,
1335 3379 1577 3449 auferam
1597 3380 1834 3452 legitima
1861 3392 1974 3452 tua,

397 3469 448 3516 et
472 3462 680 3516 tradant
715 3471 763 3518 te
793 3464 849 3517 in
875 3465 1081 3520 animas
1105 3483 1284 3522 eorum
1311 3469 1402 3539 qui
1437 3479 1484 3525 te
1515 3471 1737 3526 oderunt
1763 3513 1780 3540 ,
1834 3473 1976 3543 ﬁlios

399 3550 817 3624 alienigenarum
834 3555 903 3609 ⁸⁸.
939 3554 1104 3612 Vides
1133 3559 1258 3629 quia
1293 3559 1348 3614 in
1390 3560 1603 3617 animas
1639 3563 1975 3636 alienigena-

399 3659 521 3698 rum
555 3646 811 3714 traditur,
847 3663 968 3717 quae
995 3648 1218 3721 indigna
1242 3650 1315 3706 sit
1349 3667 1453 3707 usu
1479 3651 1650 3723 legis,
1682 3663 1737 3710 et
1765 3671 1974 3712 sermo-

400 3751 530 3791 num
553 3736 667 3794 Dei.
702 3737 808 3804 Qui
829 3750 878 3794 te
903 3740 1226 3796 diverterunt
1250 3741 1316 3798 de
1351 3745 1436 3799 nia
1475 3757 1588 3802 tua.
1628 3746 1798 3818 Impie
1821 3749 1976 3820 egisti

395 3835 447 3883 et
477 3829 743 3900 fornicata
766 3847 820 3887 es
852 3849 1008 3901 super
1029 3833 1172 3903 filios
1219 3837 1390 3890 Assur
1416 3836 1482 3892 “.
1535 3836 1776 3893 Primum
1810 3855 1977 3910 super

397 3916 541 3975 filios
589 3918 810 3991 Egypti
843 3961 860 3988 ,
885 3922 1080 3979 deinde
1108 3938 1273 3994 super
1303 3925 1448 3982 filios
1473 3925 1665 3984 Assur.
1689 3927 1816 3986 Hec
1858 3945 1980 4001 spe-

396 4009 510 4066 cies
535 4016 1065 4081 peecatorum'sunt.
1091 4011 1228 4069 Nam
1253 4023 1310 4070 et
1353 4031 1476 4071 cum
1515 4017 1761 4088 captivos
1819 4033 1979 4076 acce-

397 4111 598 4172 perunt
621 4103 832 4176 Assyrii
859 4104 998 4160 tilias
1027 4104 1192 4162 Israel
1223 4145 1244 4174 ,
1295 4106 1500 4164 factum
1528 4117 1614 4166 est
1641 4111 1861 4180 quidem
1918 4111 1974 4169 id

395 4192 543 4263 quod
570 4193 853 4265 Scriptura
884 4196 1071 4262 refert,
1102 4198 1372 4269 scriptum
1414 4209 1502 4257 est
1537 4211 1718 4258 autem
1755 4215 1974 4275 propter

397 4284 734 4358 frequentem
761 4297 1004 4344 nostram
1033 4289 1402 4361 captivitatem
1428 4333 1444 4360 ,
1493 4308 1616 4364 quae
1647 4308 1677 4348 a
1713 4295 1976 4365 spiritali-

393 4375 498 4433 bus
526 4376 768 4450 Assyriis
793 4390 1137 4452 perpetratur
1166 4400 1180 4438 :
1211 4382 1280 4439 de
1313 4384 1514 4456 quibus
1551 4383 1850 4456 Apostolus
1886 4387 1972 4443 di-

2094 544 2350 614 quitates,
2379 558 2659 612 nunquam
2688 557 2747 598 se
2773 542 2840 596 ad
2873 543 3099 598 meliora
3122 554 3469 608 convertens,
3496 560 3674 615 neque

2093 633 2472 706 paenitentiam
2522 647 2689 704 agens
2742 647 2907 702 super
2957 633 3118 688 malis
3164 636 3322 700 suis,
3357 636 3556 691 dicitur
3604 631 3671 692 ad

2093 742 2217 784 eum
2246 727 2334 780 ’δε
2375 723 2444 780 Et
2493 743 2594 779 non
2644 727 2946 780 satiaberis.
2997 725 3065 780 Et
3109 726 3477 795 multiplicasti
3510 737 3672 782 testa-

2093 825 2268 872 menta
2296 835 2394 871 sua
2421 817 2491 870 ad
2524 826 2718 871 terram
2749 817 3024 872 Chanaan.
3049 815 3278 882 Quando
3303 816 3446 872 Deus
3474 818 3540 871 ad
3569 833 3670 872 nos

2093 908 2226 964 facit
2260 917 2610 976 testamenta,
2636 917 2690 963 et
2713 923 2814 964 nos
2837 908 3212 963 consentimus
3240 908 3350 972 eis,
3400 905 3541 962 beati
3576 923 3669 962 su-

2091 1016 2256 1068 mus;
2289 1001 2508 1070 quando
2539 1015 2668 1055 vero
2705 1000 3044 1055 fornicamur
3075 999 3140 1052 ad
3179 999 3665 1069 spiritalianequi-

2091 1091 2200 1159 tite,
2253 1101 2384 1146 tunc
2415 1091 2784 1147 convertimus
2844 1089 2941 1144 Dei
2993 1098 3318 1144 testamenta
3365 1090 3431 1144 ad
3471 1098 3667 1144 terram

2089 1183 2350 1238 Chanaan
2377 1223 2392 1248 ,
2416 1191 2470 1238 et
2491 1191 2709 1253 pactum
2740 1182 3034 1236 statuimus
3060 1196 3183 1236 cum
3223 1196 3310 1238 ea.
3337 1179 3451 1236 Iloc
3486 1190 3667 1236 autem

2091 1275 2225 1328 mihi
2253 1275 2491 1345 intellige
2521 1283 2575 1329 et
2607 1275 2660 1328 in
2695 1273 2983 1336 Chaldaeis.
3007 1275 3134 1329 etin
3154 1275 3374 1331 caeteris
3390 1275 3666 1346 gentibus,

2090 1365 2311 1436 quando
2341 1367 2394 1420 in
2433 1366 2680 1436 quolibet
2723 1365 2906 1435 aliquo
2940 1375 3162 1436 peccato
3191 1365 3664 1435 reprehendimur.

2091 1454 2159 1509 Et
2186 1466 2499 1510 testamenta
2529 1456 2598 1509 ad
2625 1454 2927 1523 Chaldazos,
2959 1465 3007 1508 et
3040 1472 3102 1509 ne
3131 1457 3209 1510 sic
3230 1455 3524 1510 satiataes.

2162 1546 2245 1600 10.
2282 1546 2408 1602 Post
2427 1548 2732 1617 eatalogum
2767 1558 3136 1617 peccatorum,
3191 1547 3258 1601 ad
3311 1549 3685 1618 peccatricem.

2088 1635 2414 1704 Jerusalem,
2439 1637 2566 1708 quid
2595 1639 2916 1691 constituam
2947 1639 3001 1691 in
3035 1647 3104 1705 te,
3151 1637 3281 1691 dicit
3313 1639 3525 1694 Adonai
3558 1624 3669 1692 Πο-

2090 1730 2288 1792 minus,
2318 1746 2436 1781 cum
2466 1728 2638 1797 facias
2672 1739 2727 1782 tu
2763 1733 2873 1784 lucc
2905 1730 3083 1784 omnia
3106 1746 3262 1800 opera
3295 1731 3532 1785 mulieris
3558 1732 3668 1800 for-

2017 1805 2060 1860 Β
2093 1821 2310 1874 ηἱεατίιε
2331 1821 2565 1890 procacis
2584 1817 2660 1870 3’?
2701 1821 3074 1877 Ascendamus
3103 1821 3378 1891 paulisper
3408 1823 3627 1892 eloquio
3651 1862 3666 1884 .

2087 1912 2214 1982 quia
2242 1929 2351 1966 non
2387 1928 2598 1982 semper
2628 1913 2758 1967 utile
2783 1924 2865 1967 est
2897 1913 2963 1967 de
2996 1911 3454 1968 fornicationibus
3491 1913 3663 1981 loqui,

2085 2014 2140 2059 et
2193 2005 2380 2073 procul
2429 2005 2570 2058 absit
2608 2013 2668 2058 ut
2704 2004 2904 2074 aliquis
2947 2003 3001 2057 in
3047 2003 3288 2060 Ecclesia
3318 2005 3424 2071 sit,
3471 2005 3564 2076 qui
3598 2005 3666 2058 de

2087 2094 2404 2150 hortatoriis
2438 2109 2470 2148 a
2501 2093 2859 2149 fornicatione
2875 2094 3110 2164 indigeat
3133 2095 3500 2151 sermonibus.
3526 2094 3660 2150 Nam

2087 2187 2133 2243 si
2167 2187 2290 2258 quis
2326 2203 2548 2242 necesse
2580 2188 2742 2243 habet
2767 2187 2956 2242 audire
2981 2188 3077 2243 "‘z
3116 2187 3238 2241 Non
3278 2188 3663 2258 fornicaberis;

2085 2295 2181 2337 seu
2217 2279 2346 2335 illud
2369 2281 2411 2312 "
2437 2299 2451 2337 :
2485 2279 2544 2336 Si
2573 2281 2690 2351 quis
2726 2279 2976 2349 templum
3006 2280 3100 2334 Dei
3138 2281 3433 2347 violaverit,
3459 2282 3665 2350 disper-

2085 2369 2171 2423 det
2210 2369 2363 2423 illum
2395 2369 2571 2433 Deus;
2607 2369 2710 2424 iste
2739 2367 3036 2422 similisest
3057 2367 3142 2423 his
3173 2383 3310 2437 quos
3363 2368 3663 2438 Apostolus

2085 2461 2217 2516 dicit
2249 2461 2294 2492 "
2325 2481 2339 2516 :
2373 2462 2530 2516 Justo
2558 2462 2642 2514 lea:
2671 2475 2773 2512 non
2797 2467 2873 2512 est
2902 2459 3098 2526 posita,
3128 2459 3217 2513 sed
3245 2459 3464 2529 iniquis,
3489 2466 3537 2512 et
3561 2473 3674 2512 non.

2084 2553 2332 2620 subditis,
2370 2555 2546 2624 impiis
2567 2563 2616 2607 et
2641 2549 3030 2623 peccatoribus.
3064 2550 3350 2616 Quomodo
3366 2566 3497 2621 ergo
3510 2550 3664 2620 justo

2083 2645 2170 2700 lex
2206 2659 2313 2699 non
2344 2655 2422 2700 est
2453 2644 2650 2715 posita,
2677 2659 2866 2700 verum
2899 2645 3123 2715 iniquis,
3157 2653 3211 2700 et
3238 2660 3345 2698 non
3383 2643 3617 2700 subditis
3647 2664 3660 2711 ;

2083 2735 2165 2792 sic
2190 2735 2440 2790 doctrina
2465 2751 2526 2790 ea
2553 2751 2673 2806 quae
2699 2751 2728 2791 a
2762 2735 3126 2792 fornicatione
3166 2744 3352 2790 monet
3404 2736 3662 2791 receden-

2082 2828 2236 2893 dum,
2261 2835 2413 2882 casto
2448 2843 2555 2881 non
2593 2837 2676 2883 est
2699 2827 2900 2897 posita,
2937 2829 3030 2884 sed
3063 2827 3288 2898 iniquis,
3326 2835 3381 2883 et
3415 2825 3660 2882 fornica~

2083 2920 2318 2988 toribus,
2351 2932 2406 2976 et
2434 2920 2893 2976 inobedientibus.
2925 2918 3044 2976 Non
3067 2920 3334 2976 habemus
3367 2920 3549 2990 itaque
3571 2933 3659 2974 ne-

2082 3011 2408 3078 cessarium,
2445 3021 2504 3066 ut
2537 3011 2814 3068 discamus
2842 3027 2873 3066 a
2921 3009 3283 3068 fornicatione
3331 3010 3612 3066 discedere
3643 3029 3657 3065 :

2082 3120 2269 3160 verum
2303 3104 2370 3160 ad
2403 3103 2724 3174 pet-tectiora
2750 3105 3084 3162 tendamusa
3112 3104 3394 3176 principiis
3421 3103 3660 3158 elemen-

2083 3203 2260 3251 torum
2292 3195 2514 3252 Christi.
2538 3195 2747 3252 Etenim
2775 3213 2892 3250 cum
2923 3197 3198 3261 deberetis,
3217 3195 3292 3251 ait
3313 3196 3389 3261 ”,
3415 3194 3659 3265 magistri

2077 3304 2188 3344 esse
2205 3299 2420 3358 propter
2449 3298 2650 3360 tempus
2684 3330 2699 3355 ,
2746 3306 2959 3343 rursum
3012 3288 3259 3359 indigetis
3314 3297 3371 3341 ut
3419 3305 3516 3342 vos
3554 3287 3654 3340 do-

2078 3380 2305 3433 ceamini
2370 3396 2488 3450 quae
2558 3381 2665 3434 sint
2743 3381 2999 3436 elementa
3075 3380 3283 3435 exordii
3357 3395 3659 3435 sermonum

2076 3468 2240 3539 385
2273 3469 2392 3536 Dei,
2433 3479 2481 3524 et
2528 3470 2659 3540 facti
2695 3471 2818 3526 estis
2871 3471 3058 3540 quibus
3098 3471 3234 3523 lacte
3264 3487 3392 3539 opus
3421 3470 3529 3535 sit,
3555 3485 3659 3522 non

2077 3561 2247 3615 solido
2274 3561 2410 3615 cibo.
2443 3559 2635 3615 Omnis
2666 3577 2847 3618 sermo
2877 3561 2969 3632 qui
2996 3561 3315 3631 praecepit"
3346 3579 3360 3617 :
3397 3560 3520 3614 Non
3555 3559 3675 3630 for-

2077 3652 2357 3719 nicaberis,
2387 3669 2490 3705 non
2520 3651 2869 3717 adulterabis,
2896 3669 2996 3705 non
3028 3653 3315 3721 furaberis,
3346 3668 3451 3706 non
3480 3652 3655 3706 solida

2075 3759 2204 3800 esca
2225 3751 2326 3809 est,
2350 3743 2442 3798 sed
2471 3743 2626 3812 quasi
2653 3745 2738 3798 lac
2768 3745 3038 3813 praebetur
3062 3743 3365 3798 infantibus
3411 3743 3656 3797 Athleta-

2075 3847 2196 3886 rum
2223 3831 2378 3886 cibus
2400 3840 2482 3885 est
2499 3831 2566 3885 de
2592 3831 2950 3901 omnipotenti
2984 3831 3116 3898 Deo,
3145 3831 3213 3886 de
3237 3831 3512 3902 mysteriis
3535 3830 3655 3900 ejus

2074 3935 2198 3992 quae
2227 3929 2364 3975 tecta
2400 3928 2550 3988 sunt,
2579 3929 2633 3975 et
2652 3921 2882 3975 latenter
2907 3921 2962 3975 in
2994 3921 3294 3992 Scripturis
3326 3921 3652 3991 signiﬁcata,

2075 4009 2297 4066 sentire.
2337 4007 2470 4064 Vide
2505 4009 2796 4081 quomodo.
2811 4011 2879 4066 ad
2905 4011 3223 4068 Corinthios
3244 4009 3447 4066 Paulus
3473 4010 3653 4080 Ιοςμιί-

2074 4111 2164 4159 tur
2183 4102 2228 4134 "
2253 4120 2268 4157 :
2293 4100 2455 4158 Lacte
2473 4119 2561 4158 nos
2590 4105 2790 4173 potavi,
2830 4121 2932 4159 non
2958 4105 3096 4168 cibo,
3134 4105 3358 4158 necdum
3383 4104 3525 4158 enim
3552 4120 3652 4172 po-

2077 4195 2280 4261 teratis,
2307 4194 2400 4249 sed
2427 4210 2588 4266 neque
2617 4211 2752 4248 nunc
2790 4195 3026 4263 potestis.
3059 4193 3126 4249 Et
3152 4194 3281 4265 quia
3305 4193 3445 4248 lacte
3472 4194 3652 4248 adhuc
3697 4197 3700 4200 ”

2075 4285 2418 4357 indigebant,
2449 4299 2512 4340 ea
2541 4285 2762 4340 discunt
2787 4302 2907 4356 quae
2936 4287 3149 4342 discere
3190 4285 3402 4356 parvuli
3448 4284 3650 4341 solent.

2073 4377 2282 4432 Bonum
2299 4385 2376 4431 est
2397 4375 2597 4429 homini
2618 4375 2892 4430 mulierem
2919 4393 3023 4431 non
3049 4386 3281 4444 tangere,
3309 4384 3521 4446 propter
3541 4377 3654 4446 for-

391 4469 558 4526 cit":
584 4470 708 4526 Non
727 4473 966 4528 estnobis
981 4485 1246 4530 certamen
1262 4476 1512 4534 adversus
1542 4495 1756 4534 eam";
1776 4488 1828 4535 ει
1847 4497 1971 4535 san-
2002 4470 2047 4526 D
2075 4470 2392 4524 nicationent
2433 4476 2610 4521 autem
2631 4467 2699 4532 9‘,
2757 4478 2809 4522 et
2857 4476 3074 4521 caetera.
3117 4466 3468 4537 Rursumque
3495 4465 3655 4520 instit-

391 4561 625 4631 guinem,
654 4567 744 4616 sed
775 4563 1052 4618 adversum
1090 4565 1361 4636 spiritalia
1388 4567 1657 4637 nequitias.

463 4651 516 4708 9.
553 4651 624 4706 Et
646 4670 709 4708 ne
731 4653 808 4708 sic
829 4655 1030 4710 satiata
1053 4672 1130 4722 es,
1155 4667 1205 4711 et
1233 4655 1502 4727 fornicata
1520 4673 1594 4723 es,
1619 4666 1668 4712 et
1691 4673 1791 4712 non
1807 4658 1970 4714 satia-

390 4741 550 4798 beris.
583 4743 813 4809 Quando
851 4745 976 4815 quis
1009 4761 1118 4800 non
1173 4745 1426 4817 impletur
1448 4747 1812 4818 delinquens:
1871 4749 1965 4806 sed

391 4849 608 4904 semper
643 4835 919 4904 prioribus
952 4839 1191 4907 peccatis
1221 4854 1358 4893 nova
1383 4847 1605 4910 peccata
1636 4841 1918 4913 conjungit
1949 4885 1964 4910 ,

461 4948 503 4980 ⁸³
537 4946 757 5010 Ezech.,
793 4961 904 5013 xvt,
929 4947 1021 5004 25.

1119 4949 1165 4982 "
1205 4949 1336 5006 ibid.
1363 4951 1453 5007 26.
1529 4951 1575 4984 ⁸³
1596 4950 1741 5006 Psal.
1777 4966 1909 5018 thl,
1940 4954 1996 5011 5.

2078 4572 2304 4618 tuuntur
2341 4575 2409 4614 ne
2453 4559 2792 4613 immolatitia
2832 4560 3142 4614 comedunt.
3184 4557 3296 4614 Ista~
3331 4558 3510 4613 omnis
3555 4559 3655 4613 do'-

2074 4653 2248 4711 ctrina
2297 4652 2383 4706 lac
2427 4649 2776 4720 parvulorum
2808 4657 2913 4713 est,
2943 4659 2998 4704 et
3043 4651 3220 4706 adhuc
3259 4649 3545 4705 infantium
3597 4651 3650 4704 in

2073 4745 2312 4804 Christo.
2357 4742 2588 4809 Quando
2635 4757 2764 4797 vero
2809 4741 3058 4812 Ephesiis
3100 4743 3378 4807 scribitur,
3415 4743 3650 4797 solidum

2077 4840 2186 4896 illis
2215 4835 2656 4910 praebet‘eibum.
2689 4833 2806 4889 Non
2850 4835 3073 4890 auditur
3114 4838 3316 4906 quippe
3348 4836 3400 4888 in
3436 4834 3651 4904 Epheso

2108 4952 2155 4984 ⁸⁵
2180 4948 2375 5003 Ezech.
2405 4963 2516 5010 XVI,
2543 4948 2635 5006 26.
2750 4949 2796 4980 ⁸⁸
2836 4947 2968 5002 ibid.
2995 4947 3085 5000 27.
3197 4947 3242 4979 ⁸⁸
3273 4947 3402 5000 ibid.
3435 4946 3527 5007 27,
3555 4947 3660 5002 28..

389 5015 436 5051 ατ
469 5017 644 5088 Εριιεε
683 5019 877 5088 νι,12.
951 5017 1587 5088 8etszech.iniussae.
1666 5022 1711 5054 ευ
1733 5022 1862 5077 ibid.
1891 5015 1980 5079 30.

2082 5022 2103 5054 °
2130 5020 2302 5074 Exod.
2361 5034 2453 5085 xx,
2507 5019 2596 5075 M.
2672 5020 2715 5053 ¹⁹¹
2748 5018 2917 5074 lCor.
2965 5032 3046 5080 ιιι,
3082 5017 3166 5073 i7.
3239 5016 3497 5074 9'l'l‘im.
3531 5032 3568 5084 ι,
3595 5021 3647 5074 9.

388 5091 436 5122 ’³
463 5087 626 5144 llebr.
658 5104 711 5152 v,
743 5087 832 5142 l2.
907 5088 953 5122 ”
985 5087 1144 5145 Rom.
1177 5107 1295 5158 mi,
1316 5093 1370 5148 9.
1435 5093 1481 5125 "
1502 5091 1522 5145 ι
1545 5093 1670 5149 Cor.
1703 5107 1785 5159 ιιι,
1805 5093 1860 5148 2.
1915 5095 1960 5127 "
1991 5096 2012 5149 l
2040 5092 2166 5149 Cor.
2195 5105 2292 5156 vn,
2322 5089 2445 5157 1,2.

462 5204 577 5274 (22)
621 5203 1046 5278 Eiliilfgypti,
1092 5217 1197 5264 etc.
1247 5209 1466 5268 Catenae
1499 5228 1675 5268 mss.:
1715 5213 1836 5267 Υἱοὶ
1868 5215 1966 5268 Al-

388 5273 621 5354 Ibmoy,
644 5273 1471 5354 ξυνᾴμειξξίσὶνᾼᾲγτικείμεγαι.
1503 5283 1613 5338 Καὶ
1642 5285 1849 5354 μήποτε
1872 5282 1964 5339 οὖν

391 5298 621 5342 τυπτου,
644 5298 897 5347 ουναμεις
920 5298 1058 5332 εισιν
1081 5298 1288 5333 αντικει
1364 5300 1471 5337 ναι.
1503 5298 1613 5338 nat
1685 5298 1849 5354 ηποτε
1872 5298 1964 5339 οῡν

391 5344 497 5427 ἄρα
527 5339 675 5399 οὗτοι
704 5347 843 5427 εἰσιν
885 5349 948 5427 εἰ.
977 5348 1258 5427 καθήδοιίοι
1290 5298 1574 5427 gestum“)
1608 5302 1966 5427 οΓφιλαμαρς

391 5415 648 5486 τήμονες,
671 5418 718 5469 oi
756 5415 1244 5496 auvnoopsvot'ro‘ig
1273 5415 1467 5501 πτὲθὲσι
1495 5415 1595 5494 τῆς
1629 5415 1846 5495 σαρκὸςξ
1871 5415 1967 5478 nisi.

388 5485 459 5538 τὰ
486 5485 653 5559 πολλὰ
681 5503 954 5559 nivem/“rs;
979 5490 1125 5559 ἡμᾶς
1147 5491 1227 5554 εἰς
1251 5508 1442 5547 ταυτα.
1471 5485 1628 5547 Οὗτοι
1658 5493 1714 5546 δὲ
1743 5494 1967 5559 ὁμοροῦ-

392 5507 459 5538 τα
486 5507 653 5572 πολέα
681 5507 954 5574 ξεινονντες
979 5507 1227 5572 ημαςωεις
1251 5508 1442 5547 ταυτα.
1471 5507 1628 5547 υυτοι
1658 5507 1714 5546 δε
1743 5507 1967 5575 ομορου-

392 5572 476 5638 αις)
503 5557 654 5641 ἡμικί.
696 5556 766 5641 fa
798 5556 908 5641 γὰρ
934 5559 1182 5641 optari};
1218 5561 1840 5641 'lspooqaliiu_xai_c_nc
1871 5566 1970 5641 Ai:

387 5628 456 5706 γρ
465 5628 809 5706 πτουηὲγγύς.
837 5628 992 5706 simul
1023 5628 1304 5706 Kal—per"
1317 5633 1493 5706 6.11m
1510 5628 1970 5706 ‘Msyaloa'apuol

391 5698 529 5776 slew
575 5693 718 5776 οὗτρὶ
762 5697 811 5776 oi
843 5693 1170 5776 Αἰγύπτιοιδ
1193 5702 1252 5754 οὐ
1299 5693 1506 5776 capia;
1541 5693 1827 5776 φέρὸντες·
1850 5693 1970 5768 ’ἔξω

390 5764 499 5836 γὰρ
529 5767 726 5838 σαρκός
757 5769 890 5820 εἱσι*
921 5753 1318 5843 ’μεγαλόσαρκοι
1346 5753 1402 5827 δὲ
1430 5753 1698 5844 λέγοῖιτῗιι,
1721 5753 1801 5829 6τί
1834 5753 1965 5829 πολὺ

2071 5212 2332 5284 κεχήνασι
2366 5211 2495 5282 περ)⁸
2536 5211 2598 5264 τὸ
2642 5207 3392 5284 σαρκικδν-φρόνημᾳ.ῌξίιὶξ
3426 5206 3664 5276 zEgypti,

2071 5277 2356 5338 conlraria:
2384 5277 2507 5337 sunt
2546 5277 2852 5351 potestates.
2899 5277 3100 5350 Itaque
3115 5277 3173 5332 hi
3200 5279 3322 5351 ﬁlii,
3361 5277 3497 5351 forte
3524 5288 3647 5351 sunt

2072 5354 2340 5408 libidinosi
2371 5345 2653 5414 demones,
2679 5351 2876 5420 peccati
2898 5345 3346 5420 amantes,car_nis
3371 5345 3646 5420 affectibus

2070 5423 2378 5494 gaudentes,
2411 5438 2472 5494 at;
2496 5421 2552 5474 in
2591 5413 3012 5494 eesjplerumqne
3042 5435 3146 5494 nos
3167 5413 3465 5494 incitantes.
3507 5413 3644 5468 Sunt

2073 5484 2192 5549 ἱσο
2250 5492 2306 5546 hi
2348 5484 2495 5544 nobis
2552 5484 2799 5558 confines.
2856 5484 3018 5542 Fines
3061 5488 3199 5558 enim
3248 5484 3547 5558 Jerusalem
3595 5494 3645 5538 et

2073 5560 2294 5635 JEgypti
2320 5560 2550 5635 ploximi
2579 5554 2720 5612 sunt.
2768 5558 2832 5612 Et
2860 5573 2982 5635 mox
3013 5577 3024 5611 :
3053 5557 3367 5635 Magnarum
3399 5554 3643 5635 carnium

2072 5625 2279 5688 suntnhi
2305 5625 2572 5701 )Egyptii,
2593 5645 2702 5701 non
2737 5628 2874 5698 quod
2898 5643 3081 5680 carnes
3094 5634 3323 5701 gestent,
3349 5632 3470 5678 sunt
3500 5625 3643 5701 enini

2071 5715 2222 5756 extra
2248 5693 2459 5755 carnem
2475 5717 2492 5764 ;
2511 5693 2598 5754 sed
2624 5693 2935 5769 magnarum
2956 5696 3196 5769 carnium
3215 5695 3485 5763 dicuntur,
3503 5693 3657 5765 quod

2071 5773 2277 5828 carnali
2307 5771 2484 5828 sensui
2518 5767 2740 5826 multum
2772 5767 2938 5822 dediti
2963 5768 3087 5822 sint.
