4128 6432
385 306 491 362 735

1767 296 2056 355 "OMle
2091 296 2186 353 IX.

3537 311 3641 368 75b

394 423 574 492 faciat,
607 433 662 480 et
696 436 920 478 necesse
948 421 1108 478 nobis
1145 421 1218 478 sit
1245 398 1414 476 umim
1446 439 1541 494 per
1578 439 1698 479 eam
1736 423 1874 490 fieri,
1905 431 1958 476 et
1988 427 2031 481 Α
2061 436 2255 477 sumus
2281 422 2660 479 haereticorum
2699 435 2862 498 atque
2899 429 3182 498 gentilium
3209 432 3430 502 quando
3464 431 3641 486 delin-

393 523 580 586 fugere
624 512 1050 568 multitudinem.
1104 509 1169 564 Et
1209 510 1324 565 haec
1368 511 1586 581 quidem
1628 512 1771 566 dicta
1815 520 1962 576 sunt,

390 607 521 679 quia
561 607 614 660 in
654 603 925 676 prieterita
973 602 1208 657 lectione
1254 605 1622 674 conscriptum
1657 613 1739 658 est
1764 625 1776 658 :
1805 603 1967 658 Pater

393 707 537 767 tuus,
589 707 631 753 et
671 705 843 750 mater
885 707 1015 761 tua,
1055 706 1102 748 et
1135 696 1292 747 radix
1333 697 1683 764 generationis
1723 708 1861 758 tum;
1910 697 1963 748 in

388 789 642 862 prtesenti
679 803 843 842 vero:
876 789 1048 844 Mater
1079 798 1246 840 vestra
1271 797 1324 840 et
1350 796 1499 856 pater
1527 798 1710 841 vester.
1745 785 1821 840 lbi
1856 803 1962 840 non

389 882 703 947 didicimus,
746 881 872 935 licet
910 878 1076 934 fuerit
1123 895 1304 934 sermo
1339 879 1405 932 de
1443 887 1592 947 patre
1622 879 1962 943 Amori-hmo,

391 987 448 1032 et
476 978 543 1032 de
571 985 742 1029 matre
769 973 1001 1038 Cctbrea,
1044 988 1263 1027 sorores
1298 972 1494 1026 habere
1518 971 1841 1036 Jerusalem,
1879 973 1965 1027 hic

389 1085 522 1125 vero
555 1067 759 1123 addidit
796 1086 809 1122 :
849 1065 1042 1128 Mater,
1082 1065 1333 1134 inquiens
1369 1067 1430 1131 "',
1466 1075 1636 1119 vestra
1672 1064 1965 1127 Cethwa,et

391 1172 541 1235 pater
576 1170 744 1214 vester
770 1159 1111 1212 Amorrhwas
1133 1199 1145 1222 ,
1185 1166 1232 1210 et
1267 1173 1417 1209 soror
1448 1166 1617 1210 vestra
1649 1157 1824 1210 senior
1860 1156 1963 1211 Sa-

391 1253 583 1317 maria,
617 1252 726 1306 lta’c
752 1261 798 1304 et
825 1250 953 1319 ﬁliae
988 1249 1100 1316 ejus
1128 1265 1243 1318 qua!
1281 1249 1483 1302 habitat
1523 1266 1554 1301 a
1577 1249 1810 1302 sinistris
1838 1249 1964 1313 tuis,

392 1353 442 1397 et
483 1326 635 1397 soror
676 1353 767 1396 tua
799 1340 986 1410 junior
1014 1357 1130 1409 qua:
1167 1339 1368 1392 habitat
1410 1358 1440 1392 a
1485 1340 1684 1394 dextris
1713 1338 1962 1394 Sodoma.

391 1434 680 1502 Quomodo
719 1435 894 1490 virtus
926 1450 1011 1488 me
1041 1432 1170 1487 facit
1202 1434 1369 1486 tilium
1402 1432 1652 1498 Abrahte,
1689 1432 1732 1486 si
1769 1448 1967 1486 secun-

391 1527 524 1580 dum
570 1541 688 1579 eam
718 1518 936 1590 vixero;
991 1540 1153 1594 opera
1197 1523 1394 1592 quippe
1419 1522 1692 1576 Abraham
1738 1521 1964 1585 faciens,

395 1618 541 1672 tilius
565 1627 645 1672 est
671 1617 980 1680 Abraham;
1017 1617 1094 1669 sic
1125 1615 1253 1668 vitia
1287 1613 1494 1667 faciunt
1526 1628 1609 1666 me
1645 1612 1811 1672 tilium
1845 1613 1965 1667 dia-

392 1710 523 1764 boli.
557 1709 738 1763 Omnis
760 1709 894 1761 enim
922 1709 1012 1776 qui
1038 1707 1165 1775 facit
1187 1715 1547 1773 peccatum,ea:
1575 1703 1786 1756 diabolo
1809 1712 1964 1757 natus

392 1813 469 1854 est
497 1802 559 1854 η.
589 1799 773 1853 Virtus
805 1815 890 1852 me
930 1797 1055 1850 facit
1098 1797 1260 1850 etiam
1315 1796 1536 1850 fratrem
1569 1796 1768 1850 habere
1805 1794 1964 1849 Chri-

396 1901 567 1956 stum,
603 1900 660 1944 ut
692 1906 816 1942 cum
848 1889 1026 1942 bonus
1060 1903 1122 1941 ac
1151 1888 1286 1941 bene
1319 1897 1565 1943 moratus
1608 1885 1780 1950 fuero,
1821 1887 1968 1939 dicat

393 1984 540 2038 Patri
565 1997 665 2036 suo
689 1983 732 2013 ¹⁰
758 1999 772 2036 :
802 1979 1047 2034 Narrabo
1073 1997 1256 2033 nomen
1283 1991 1429 2033 tuum
1452 1979 1707 2048 fratribus
1738 1981 1885 2045 meis,
1910 1979 1964 2031 in

394 2073 565 2127 niedia
594 2072 829 2125 Ecclesia
870 2071 1090 2125 cantabo
1121 2081 1186 2124 te.
1239 2070 1302 2125 Et
1329 2072 1567 2141 loquitur
1598 2071 1661 2125 ad
1696 2087 1814 2124 eam
1845 2086 1966 2139 qua:

396 2164 650 2218 nuntiare
685 2173 894 2233 poterat
922 2164 1082 2216 verba
1116 2162 1235 2232 ejus
1260 2163 1302 2193 ’ί
1331 2179 1342 2213 :
1398 2161 1544 2216 Vade
1572 2173 1620 2216 et
1649 2163 1736 2214 die
1773 2161 1962 2231 fratri-

395 2255 488 2308 bus
518 2255 661 2308 meis.
691 2253 976 2320 Quomodo
1010 2260 1189 2306 autem
1221 2253 1392 2307 virtus
1424 2252 1642 2306 fratrem
1672 2251 1803 2304 mihi
1839 2251 1966 2304 facit

398 2345 682 2401 Dominum
707 2344 915 2410 Jesum,
941 2347 1011 2399 ita
1039 2345 1240 2399 malitia
1262 2345 1526 2414 plurimos
1548 2344 1741 2397 fratres
1772 2342 1964 2410 acqui-

394 2438 480 2502 rit,
504 2438 676 2491 ethos
701 2446 1030 2507 peccatores,
1059 2446 1112 2490 et
1147 2439 1259 2491 haec
1289 2438 1405 2506 ipsa
1439 2447 1567 2491 tunc
1600 2435 1730 2488 mihi
1761 2433 1959 2488 fratres

394 2539 614 2596 generat
637 2544 758 2583 cum
797 2529 1049 2583 creverit.
1076 2527 1132 2583 Si
1167 2529 1384 2598 quidem
1415 2526 1631 2597 quando
1673 2525 1960 2579 exordium

392 2631 508 2674 erat
542 2620 861 2691 peccatricis
892 2619 1214 2684 Jerusalem,
1250 2619 1482 2673 necdum
1531 2618 1763 2671 habebat
1807 2630 1962 2670 sorov

395 2729 510 2768 rem
541 2712 866 2775 Samariam,
899 2712 1128 2766 necdum
1174 2710 1220 2763 ei
1255 2720 1372 2763 erat
1405 2723 1660 2779 germana
1693 2706 1959 2773 Sodoma;

395 2817 519 2857 cum
552 2817 681 2856 vero
714 2802 983 2870 processit
1021 2803 1074 2854 in
1107 2801 1331 2863 scelere,
1358 2811 1416 2853 ut
1449 2799 1750 2868 praeteritus
1783 2813 1963 2852 sermo

393 2891 740 2954 monstravit,
764 2891 951 2944 ell'ecta
977 2897 1059 2943 est
1095 2890 1268 2943 media
1297 2891 1526 2943 duarum
1560 2903 1834 2951 sororum.
1870 2905 1960 2944 se-

395 2984 568 3039 nioris
597 2980 860 3036 Samaria
884 2991 938 3035 et
963 2981 1199 3050 junioris
1232 2979 1502 3034 Sodomze.
1529 2979 1658 3047 Quae
1692 2991 1813 3035 sunt
1847 2980 1964 3035 ista:

395 3075 516 3129 duae
563 3087 782 3129 sorores
833 3072 1150 3142 peccatricis
1207 3069 1551 3126 Jerusalem?
1606 3069 1855 3126 Schisma
1910 3082 1962 3127 et

397 3165 666 3236 separatio
697 3165 879 3236 populi
915 3163 1157 3219 fecerunt
1194 3162 1520 3218 Samariam.
1556 3163 1610 3216 Si
1648 3164 1864 3232 quidem
1899 3179 1964 3218 eo

398 3269 640 3328 tempore
669 3271 792 3312 cum
838 3256 1022 3311 decem
1059 3257 1236 3310 tribus
1285 3261 1585 3320 cesserunt,
1620 3253 1859 3311 dicentes
1887 3257 1962 3310 "z

399 3347 520 3401 Non
546 3356 623 3402 est
650 3348 798 3402 nobis
822 3363 946 3417 pars
981 3347 1038 3400 in
1066 3345 1258 3410 David,
1297 3363 1388 3400 nec
1421 3361 1534 3399 sors
1580 3347 1632 3399 in
1656 3347 1770 3415 ﬁlio
1793 3345 1962 3412 Iesse,

392 3449 520 3494 tunc
549 3441 669 3494 duae
691 3454 870 3494 vacca:
898 3453 1076 3494 aurea:
1104 3439 1415 3495 constituta:
1447 3448 1575 3493 sunt
1597 3453 1626 3492 a
1651 3437 1962 3504 Jeroboam,

390 3542 443 3584 ct
483 3528 624 3585 facta
658 3540 742 3586 est
769 3529 1016 3586 Samaria
1061 3530 1284 3598 scissio;
1323 3546 1444 3601 qua:
1487 3530 1660 3602 magis
1708 3540 1832 3602 post
1872 3547 1966 3587 ca-

390 3623 691 3693 ptivitatem
725 3621 910 3677 decem
957 3621 1196 3677 tribuum
1224 3622 1398 3676 crevit
1451 3623 1671 3692 quando
1709 3624 1965 3678 custodes

391 3714 459 3769 ab
487 3715 724 3786 Assyriis
771 3715 836 3769 ad
877 3713 1091 3769 lsraclis
1128 3722 1328 3769 terram
1379 3713 1530 3768 missi
1583 3723 1711 3768 sunt
1742 3713 1836 3784 qui
1872 3728 1966 3766 vo-

389 3818 585 3862 cantur
623 3807 974 3862 Samaritani.
1013 3807 1205 3862 Somer
1238 3807 1380 3862 enim
1427 3816 1603 3861 custos
1640 3805 1964 3875 interpreta-

394 3907 483 3955 tur
523 3900 704 3972 lingua
736 3899 1110 3955 Hehrazorum.
1146 3899 1313 3971 Ergo,
1342 3909 1403 3954 ut
1430 3900 1611 3955 dicere
1665 3915 1960 3969 cmperam,

392 3993 620 4047 necdum
651 4008 807 4048 soror
835 4008 953 4048 mea
982 4001 1067 4048 est
1092 3989 1362 4058 Samaria,
1398 3991 1636 4064 quandiu
1668 4007 1696 4045 a
1729 3992 1965 4060 peccatis

394 4081 550 4156 longe
582 4099 734 4149 sum;
783 4083 1002 4154 quando
1028 4098 1158 4136 vero
1184 4096 1509 4152 peccavero,
1541 4090 1796 4137 crescunt
1830 4083 1963 4136 mihi

392 4176 516 4231 duae
565 4192 808 4242 sorores,
855 4175 1039 4231 senior
1069 4173 1336 4239 Samaria,
1385 4182 1440 4229 et
1483 4173 1669 4245 junior
1702 4171 1959 4228 Sodoma.

393 4267 526 4336 Quae
572 4267 730 4339 cujus
774 4267 1001 4338 figuram
1049 4268 1285 4323 habeant
1341 4265 1776 4321 consideremus.
1827 4264 1963 4334 Qui-

393 4377 609 4431 cunque
641 4361 962 4431 promittunt
985 4361 1146 4415 verba
1177 4359 1379 4423 divina,
1408 4369 1460 4413 et
1489 4374 1594 4412 non
1633 4359 1773 4412 sicut
1801 4357 1962 4428 polli-

2068 513 2314 579 quimus,
2351 511 2478 581 quia
2507 511 2753 568 Samaria
2782 516 3045 584 accipitur
3090 519 3143 572 in
3189 519 3406 582 haeresi,
3451 530 3505 576 et
3543 520 3642 575 So-

2065 604 2227 657 doma
2261 604 2313 657 in
2341 605 2660 674 gentilitate.
2699 605 2916 661 llabitat
2951 617 3133 664 autem
3171 626 3199 665 a
3228 613 3468 667 sinistris
3513 629 3640 682 pec-

2067 695 2288 749 catricis
2337 694 2640 751 Jerusalem
2700 697 2982 762 Samaria,
3055 701 3322 758 adextris
3378 703 3636 759 Sodoma.

2066 777 2453 844 Honorabilius
2481 790 2680 860 quippe
2713 791 2854 860 apud
2898 805 3017 846 eam
3057 802 3337 860 peccatum
3377 802 3462 850 est
3491 795 3639 862 quod

2067 878 2212 935 facto
2235 882 2614 946 committitur,
2639 891 2692 936 et
2716 882 2837 936 ideo
2861 898 2890 936 a
2911 883 3116 938 dextris
3134 883 3254 951 ejus
3277 884 3514 939 Sodoma
3534 895 3637 940 est.

2068 967 2420 1044 Rursumque
2449 989 2549 1028 nec
2575 972 2822 1028 Samaria
2859 976 3015 1039 longe
3046 984 3148 1038 est,
3179 975 3304 1044 quia
3344 992 3371 1029 a
3403 975 3641 1034 sinistris

2065 1065 2186 1135 ejus
2236 1075 2642 1129 commoratur,
2685 1076 2738 1120 et
2784 1066 3094 1138 increpatur
3137 1069 3229 1138 qui
3283 1069 3642 1124 ambulaverit

2065 1172 2188 1210 cum
2219 1157 2433 1214 filiabus
2463 1169 2516 1213 et
2545 1160 2833 1215 sororibus
2862 1160 2976 1216 suis
3008 1160 3061 1214 in
3090 1160 3345 1215 oumibus
3385 1160 3643 1230 iniquita~

2067 1249 2235 1314 tibus,
2274 1259 2326 1304 et
2382 1251 2434 1304 in
2489 1260 2698 1306 tantum
2752 1251 3149 1317 ambulaverit,
3196 1262 3256 1308 ut
3303 1255 3639 1323 comparatio

2066 1341 2388 1395 delictorum
2442 1341 2564 1412 ejus
2608 1343 2828 1397 illarum"
2872 1343 3189 1414 iniquitates
3239 1343 3431 1400 fecerit
3474 1344 3640 1412 justi-

2068 1432 2220 1487 tiam.
2284 1431 2434 1488 Unde
2485 1443 2698 1504 oportet
2747 1451 3041 1507 agnoscere
3090 1437 3408 1506 iniquitates
3461 1435 3630 1492 Sodo-

2066 1541 2304 1591 morum,
2338 1534 2396 1580 ut
2422 1525 2647 1583 edoctus
2679 1529 2984 1583 custodiam
3013 1544 3100 1583 me
3133 1529 3200 1584 ab
3223 1531 3324 1594 eis,
3358 1546 3426 1586 ne
3451 1530 3636 1600 capiar

2067 1617 2430 1688 ignoratione,
2459 1635 2579 1689 qua:
2602 1629 2731 1674 sunt
2761 1621 3078 1690 iniquitates
3106 1619 3493 1677 Sodomorum.

2136 1709 2188 1763 2.
2246 1707 2616 1765 Verumtamen
2655 1712 2962 1781 iniquitates
2997 1711 3240 1768 Sodoma:
3278 1714 3476 1766 sororis
3513 1721 3637 1769 HNP.

2066 1802 2197 1868 Quae
2228 1802 2522 1872 iniquitas?
2551 1801 2826 1870 Superbia.
2859 1803 2926 1856 In
2953 1804 3237 1858 saturitate
3261 1821 3479 1873 panum,
3503 1819 3553 1856 et
3583 1823 3637 1858 tn

2065 1894 2390 1947 abundantia
2426 1894 2702 1965 afﬂuebant
2749 1894 2862 1961 ipsa
2901 1903 2950 1947 et
2987 1894 3117 1962 ﬁliae
3154 1893 3267 1961 ejus
3291 1935 3305 1958 ,
3337 1905 3383 1947 et
3418 1911 3636 1947 ntanunt

2066 1988 2313 2056 pauperis
2372 1987 2656 2057 indigentis
2695 2004 2800 2040 non
2835 1987 3194 2056 suspiciebant
3224 1986 3288 2039 “.
3349 1986 3502 2052 Quod
3557 1987 3640 2039 in-

2065 2078 2292 2147 aequalia
2341 2077 2452 2131 sint
2485 2087 2704 2146 peccata
2731 2075 3026 2148 Scripturis
3061 2079 3334 2132 utentibus
3381 2079 3512 2134 nulli
3539 2080 3640 2133 du-

2065 2171 2213 2224 bium
2248 2179 2350 2225 est.
2404 2169 2520 2224 Alia
2557 2170 2756 2239 quippe
2796 2185 3012 2240 magna,
3046 2170 3152 2224 alia
3203 2171 3413 2224 minora
3449 2171 3518 2224 ab
3555 2171 3639 2225 his

2063 2279 2184 2317 esse
2212 2263 2486 2316 dicuntur.
2511 2261 2648 2316 Cum
2682 2271 2860 2316 autem
2901 2271 3030 2316 sunt
3063 2262 3371 2333 inaequalia,
3402 2263 3504 2317 hoc
3555 2271 3641 2316 est

2065 2371 2253 2425 parva,
2281 2356 2365 2409 vel
2406 2355 2664 2418 maxima,
2701 2353 2929 2409 forsitan
2978 2355 3178 2424 aliquis
3222 2356 3463 2424 inquirat
3492 2355 3637 2423 quod

2066 2445 2205 2498 inter
2238 2443 2489 2497 universa
2520 2453 2738 2512 peccata
2774 2444 2842 2496 sit
2881 2444 3091 2512 majus;
3121 2455 3174 2498 et
3203 2446 3436 2512 proclive
3465 2445 3640 2499 susci-

2065 2536 2231 2605 pitur,
2272 2535 2516 2588 omnium
2561 2543 2909 2603 peccatorum
2953 2549 3077 2589 esse
3123 2533 3324 2601 majus,
3374 2535 3488 2589 sive
3533 2535 3642 2589 for-

2063 2625 2413 2691 nicationem,
2450 2625 2563 2679 sive
2596 2625 3147 2690 imnnmditiam,sive
3180 2627 3545 2697 quodcunque
3574 2628 3641 2681 li-

2065 2718 2270 2774 bidinis
2311 2718 2806 2786 inquinamentum.
2860 2715 3000 2770 Sunt
3029 2716 3248 2786 quidem
3281 2725 3335 2770 et
3376 2717 3478 2771 ista
3511 2733 3638 2772 vere

2066 2809 2449 2864 abominabilia
2478 2817 2640 2879 atque
2674 2809 2900 2878 polluta,
2933 2809 3024 2863 sed
3057 2825 3163 2862 non
3194 2810 3319 2862 talia
3349 2809 3508 2878 quale
3536 2808 3640 2862 hoc

2063 2903 2209 2972 quod
2259 2917 2404 2956 nunc
2479 2902 2546 2956 ab
2617 2900 2896 2970 Scriptura
2953 2900 3110 2969 quasi
3165 2901 3340 2968 majus
3392 2899 3638 2954 omnium

2063 2996 2476 3057 condcnmatur,
2511 3008 2541 3045 a
2565 3008 2674 3060 quo
2701 3009 2800 3047 nos
2829 2991 3125 3046 observare
3153 2990 3440 3045 debemus.
3478 2989 3636 3056 Quod

1991 3103 2035 3166 ρ
2067 3102 2194 3156 ergo
2227 3093 2308 3139 est
2332 3093 2610 3154 peceatum
2643 3084 2819 3154 majus
2848 3083 3104 3139 omnibus
3136 3084 3410 3154 peccatis?
3445 3081 3642 3154 Utique

2071 3178 2200 3232 illud
2239 3187 2458 3247 propter
2499 3178 2643 3246 quod
2689 3185 2738 3232 et
2774 3177 3026 3232 diabolus
3065 3178 3292 3232 corruit.
3358 3177 3512 3244 Quod
3556 3185 3641 3232 est

2070 3269 2173 3323 hoc
2218 3280 2496 3339 peccatum
2542 3271 2593 3324 in
2629 3285 2739 3340 quo
2783 3278 2928 3324 tanta
2963 3270 3270 3324 sublimitas
3319 3269 3538 3329 cedidit.
3584 3277 3643 3322 ut

2066 3361 2238 3417 elatus
2281 3362 2336 3416 in
2374 3361 2642 3432 judicium
2694 3362 2861 3433 389
2912 3361 3113 3416 incidat
3195 3361 3397 3414 diaboli
3435 3361 3518 3414 ⁸θῖ
3566 3361 3644 3415 ait

2066 3454 2380 3526 Apostolus.
2425 3455 2656 3518 lnﬂatio,
2693 3455 2948 3524 superbia
2970 3495 2984 3518 ,
3012 3455 3319 3524 arrogantia
3355 3462 3639 3524 peccatum

2067 3547 2265 3600 diaboli
2307 3556 2418 3606 est,
2474 3555 2527 3600 et
2557 3545 2625 3600 ob
2656 3545 2770 3600 haec
2817 3544 3018 3598 delicta
3055 3543 3122 3598 ad
3164 3552 3339 3598 terras
3389 3542 3644 3612 migravit

2067 3637 2132 3692 de
2162 3639 2322 3694 cado.
2385 3634 2540 3698 Unde
2595 3633 2734 3689 Deus
2781 3634 3016 3703 superbis
3065 3634 3300 3698 resistit,
3353 3633 3639 3686 tramitibus

2067 3737 2241 3781 autent
2287 3727 2378 3778 dat
2423 3726 2649 3794 gratiam
2683 3724 2769 3776 ἐἳ
2806 3723 2868 3775 lit
2891 3723 3019 3792 quid
3044 3719 3277 3788 superbit
3311 3729 3451 3774 terra
3485 3728 3533 3773 et
3565 3719 3642 3771 ci-

2068 3818 2149 3870 nis
2181 3817 2247 3876 ³⁷.
2285 3825 2344 3869 ιιι
2371 3815 2532 3867 homo
2557 3812 2866 3882 arrogantia
2895 3811 3211 3866 sublevetur
3260 3809 3460 3864 oblitus
3511 3808 3639 3876 quid

2065 3907 2188 3969 erit,
2220 3915 2273 3960 et
2298 3920 2460 3975 quam
2496 3901 2673 3974 fragili
2704 3901 2925 3957 vasculo
2953 3900 3320 3963 contineatur,
3355 3906 3408 3952 et
3439 3897 3641 3967 quibus

2065 3997 2399 4056 stercoribus
2431 3997 2722 4050 inunersus
2751 3993 2844 4056 sit,
2895 4001 2949 4048 et
2977 3991 3156 4058 qualia
3190 4005 3405 4060 semper
3435 4004 3640 4059 purga-

2065 4099 2248 4144 menta
2282 4088 2349 4142 de
2375 4103 2470 4142 sua
2501 4099 2665 4140 carne
2703 4082 2996 4155 projiciat?
3039 4082 3178 4149 Quid
3213 4083 3358 4136 enim
3391 4081 3466 4134 ait
3493 4077 3641 4134 Serio

2063 4178 2261 4251 plura?
2295 4176 2436 4243 Quid
2462 4174 2691 4246 superbit
2723 4185 2861 4228 terra
2896 4185 2946 4228 et
2967 4174 3098 4227 cinis
3118 4173 3144 4226 ?
3171 4182 3224 4226 et
3253 4191 3266 4226 :
3305 4169 3372 4224 In
3399 4172 3505 4225 vita
3525 4171 3640 4239 ejus

2062 4271 2283 4342 projecit
2336 4270 2606 4322 interanea
2651 4267 2764 4334 ejus
2790 4265 2857 4319 ".
2894 4264 3156 4335 Superbia
3204 4263 3440 4334 peccatis
3463 4261 3642 4317 omni-

2065 4365 2167 4420 bus
2210 4361 2386 4432 major
2429 4371 2542 4425 est,
2581 4368 2634 4413 et
2662 4359 2831 4428 ipsius
2884 4357 3084 4411 diaboli
3118 4355 3413 4426 principale
3444 4369 3640 4425 peccao

389 4459 583 4505 centur
625 4450 824 4505 habent
858 4448 911 4504 in
956 4465 1014 4505 se
1040 4447 1439 4520 pradicationis
1473 4448 1781 4513 verilalcm.
1816 4448 1871 4501 Ιιί
1908 4448 1960 4501 in
1993 4446 2038 4502 Ῑ)
2068 4463 2203 4511 tum.
2243 4454 2298 4508 Si
2328 4452 2545 4522 quando
2573 4449 2852 4520 Scriptura
2880 4449 3082 4502 diaboli
3109 4456 3328 4518 peccata
3361 4445 3639 4511 describit,

392 4540 692 4612 Scripturis
733 4541 1028 4612 figuraliter
1055 4541 1302 4596 Samaria
1327 4539 1697 4594 nominantur.
1735 4537 1844 4602 Vw,
1880 4538 1964 4591 in-

389 4637 510 4707 quit
531 4637 599 4701 ",
629 4635 992 4706 spernentibus
1023 4633 1172 4695 Sion,
1202 4645 1250 4688 et
1282 4632 1564 4703 ﬁdentibus
1588 4633 1642 4686 in
1665 4644 1840 4685 monte
1859 4630 1951 4686 Sa-

391 4724 599 4789 ntarire,
628 4723 965 4776 vindemiasti
1007 4723 1335 4793 principatus
1377 4721 1628 4792 gentium.
1673 4719 1838 4786 Quasi
1871 4721 1958 4775 di-

387 4816 552 4880 xerit,
585 4831 664 4870 vat
693 4815 777 4871 his
808 4817 901 4886 qui
931 4821 1194 4885 spernunt
1220 4813 1516 4869 Ecclesiam
1537 4855 1552 4880 ,
1580 4822 1634 4868 et
1677 4813 1958 4870 conlidunt

388 4922 552 4979 super
574 4908 885 4978 arrogantia
909 4915 962 4961 et
985 4906 1167 4961 verbis
1190 4905 1526 4960 tumentibus
1555 4905 1957 4960 haereticorum.

391 4999 507 5056 Hoc
534 4999 680 5056 enim
713 5008 797 5055 est
828 5015 1083 5068 spernere
1117 4997 1248 5054 Sion
1297 5007 1353 5054 et
1378 4999 1655 5056 conlidere
1695 4999 1749 5054 in
1779 5009 1961 5055 monte

395 5089 676 5148 Samarize.
732 5091 788 5146 Si
830 5106 959 5162 ergo
991 5107 1281 5161 peccamus
1331 5101 1386 5146 et
1432 5107 1530 5147 nos
1581 5092 1959 5160 ecclesiastici,

391 5201 500 5240 non
533 5195 660 5240 sunt
712 5200 740 5238 a
771 5185 926 5240 nobis
955 5184 1116 5240 alieni
1146 5182 1384 5237 haeretici
1416 5183 1467 5237 in
1495 5183 1804 5253 dogmatum
1833 5197 1960 5253 pra-

392 5275 579 5330 vitate.
610 5272 752 5330 ‘alale
783 5277 926 5330 enim
956 5275 1129 5330 credit
1154 5276 1472 5345 quicunque
1498 5283 1705 5344 peccat.
1737 5273 1793 5328 Si
1832 5289 1961 5327 con-

390 5369 752 5422 versationem
780 5367 978 5422 malam
1009 5366 1294 5432 habemus,
1320 5365 1558 5420 Sodoma
1587 5379 1745 5421 soror
1774 5376 1958 5421 nostra

389 5468 494 5514 est.
525 5459 763 5515 Gentiles
792 5460 989 5530 quippe
1018 5467 1146 5514 sunt
1167 5457 1424 5513 Sodoma.
1460 5458 1636 5527 Atque
1665 5457 1738 5513 ita
1764 5457 1960 5518 fratres

471 5575 514 5608 “'
537 5574 732 5631 Ezech.
757 5591 870 5640 xvi,
889 5573 976 5638 45,
999 5573 1085 5628 66.
1168 5576 1209 5607 ¹⁹
1242 5572 1430 5630 lJnan.
1451 5590 1533 5640 ιιι,
1555 5573 1611 5628 8.

392 5661 470 5772 11‘,
504 5644 557 5702 l.
641 5641 683 5672 "
704 5645 900 5700 Ezech.
933 5660 1040 5711 svi,
1067 5645 1154 5700 i9.
1229 5646 1273 5676 ’³
1309 5643 1326 5698 1
1356 5642 1496 5700 Tim.
1523 5660 1576 5698 ιιι
1603 5684 1616 5709 ,
1651 5644 1704 5698 6.

1689 5573 1734 5698 τ’
1758 5573 2166 5711 trs-eras.-

2065 4545 2308 4600 invenies
2369 4558 2433 4596 ea
2500 4539 2567 4594 de
2628 4538 2898 4608 superbia:
2961 4535 3110 4592 fonte
3162 4535 3437 4590 manantia
3488 4552 3502 4588 :
3552 4533 3643 4589 Ait.

2063 4637 2260 4705 quippe
2285 4637 2330 4666 ²⁹
2367 4651 2380 4687 :
2422 4631 2631 4685 Viribus
2680 4630 2915 4700 faciam,
2960 4639 3010 4682 et
3051 4628 3313 4698 sapientia
3347 4625 3642 4680 intellectus

2063 4729 2306 4798 auferant
2349 4725 2479 4796 ﬁnes
2525 4723 2758 4793 gentium
2782 4759 2797 4782 .
2835 4730 2886 4775 et
2927 4721 3238 4790 fortitudine
3267 4736 3446 4773 eorum
3476 4720 3641 4788 depa-

2060 4837 2210 4883 scar,
2257 4828 2305 4872 et
2351 4815 2679 4872 commovebo
2723 4816 2958 4870 civitates
3001 4831 3118 4885 qua:
3160 4813 3561 4877 inhabitantur,
3591 4822 3640 4865 et

2066 4913 2242 4968 orbem
2277 4922 2539 4966 terrarum
2565 4912 2866 4962 universum
2897 4907 3326 4976 comprehendant
3350 4916 3406 4961 ut
3435 4905 3641 4970 nidum,

2067 5015 2115 5060 et
2138 5003 2291 5074 quasi
2320 5002 2595 5070 confracta
2619 5016 2714 5054 ova
2741 4999 3001 5068 auferam.
3038 4997 3171 5053 Vide
3199 5012 3479 5052 sermones
3499 4995 3641 5066 ejus,

2067 5095 2347 5166 quomodo
2376 5092 2596 5162 superbi
2630 5092 2761 5155 sint,
2789 5090 3065 5161 quomodo
3088 5097 3426 5159 arrogantes,
3450 5094 3503 5141 et
3529 5086 3643 5141 uni.

2066 5202 2224 5244 versa
2256 5201 2355 5256 pro
2381 5185 2552 5240 nihilo
2579 5184 2760 5240 ducat.
2799 5181 2958 5238 Tales
2981 5191 3108 5237 sunt
3131 5195 3320 5236 omnes
3344 5178 3641 5250 jactatione

2065 5287 2118 5334 et
2147 5277 2400 5346 superbia
2437 5275 2628 5330 inﬂati.
2684 5273 2908 5352 Materia
2939 5271 3243 5342 superbiat,
3284 5269 3518 5332 divitiae,
3553 5269 3639 5322 di-

2065 5373 2264 5440 gnitas,
2286 5366 2456 5438 gloria
2481 5365 2780 5419 saecularis.
2808 5361 3144 5432 Frequenter
3171 5375 3337 5417 causa
3370 5356 3640 5428 superbiat

2065 5467 2151 5516 est
2174 5458 2222 5514 ei
2247 5456 2341 5528 qui
2377 5457 2596 5527 ignorat
2625 5455 2827 5509 habere
2847 5452 3272 5508 ecclesiasticam
3299 5451 3639 5520 dignitatem,

2779 5572 2824 5602 ”
2847 5569 2910 5623 Ill
2933 5568 3063 5639 Reg.
3095 5583 3194 5634 xu,
3225 5567 3307 5639 16.
3328 5637 3342 5639 _
3386 5565 3634 5639 “Amos.

2725 5640 2772 5673 "
2804 5639 2933 5695 ibid.
2966 5637 3032 5702 9;
3058 5641 3142 5694 to.
3250 5638 3295 5670 ²⁹
3326 5637 3430 5692 lsa.
3457 5652 3511 5704 χ,
3549 5637 3640 5701 15,

2241 5574 2282 5606 ²¹
2308 5570 2468 5626 Joan.
2494 5587 2585 5628 xx.
2611 5570 2698 5626 Π.

2239 5645 2282 5675 ³⁷
2306 5641 2472 5698 Eccli.
2499 5657 2552 5708 ιι,
2576 5642 2629 5696 9.
