  <div class='ocr_page' id='page_1' title='image "/cluster/home/n/w/nwhite01/storage/ocr_20150623/13:no.3/coo.31924054872910/375.png"; bbox 0 0 2064 3230; ppageno 0'>
   <div class='ocr_carea' id='block_1_1' title="bbox 235 173 288 200">
    <p class='ocr_par' dir='ltr' id='par_1_1' title="bbox 235 173 288 200">
     <span class='ocr_line' id='line_1_1' title="bbox 235 173 288 200; baseline 0.075 -3"><span class='ocrx_word' id='word_1_1' title='bbox 235 173 288 200; x_wconf 69' lang='grc'><strong>735</strong></span> 
     </span>
    </p>
   </div>
   <div class='ocr_carea' id='block_1_2' title="bbox 820 171 1274 201">
    <p class='ocr_par' dir='ltr' id='par_1_2' title="bbox 820 171 1274 201">
     <span class='ocr_line' id='line_1_2' title="bbox 820 171 1274 201; baseline 0 -1"><span class='ocrx_word' id='word_1_2' title='bbox 820 171 982 201; x_wconf 73' lang='lat' dir='ltr'><strong>ORIGENIS</strong></span> <span class='ocrx_word' id='word_1_3' title='bbox 1001 172 1035 200; x_wconf 76' lang='grc' dir='ltr'><strong>ΙΝ</strong></span> <span class='ocrx_word' id='word_1_4' title='bbox 1055 172 1274 200; x_wconf 74' lang='lat' dir='ltr'><strong>EZECHIELEM</strong></span> 
     </span>
    </p>
   </div>
   <div class='ocr_carea' id='block_1_3' title="bbox 1823 183 1877 214">
    <p class='ocr_par' dir='ltr' id='par_1_3' title="bbox 1823 183 1877 214">
     <span class='ocr_line' id='line_1_3' title="bbox 1823 183 1877 214; baseline 0.074 -4"><span class='ocrx_word' id='word_1_5' title='bbox 1823 183 1877 214; x_wconf 76' lang='lat'><strong>756</strong></span> 
     </span>
    </p>
   </div>
   <div class='ocr_carea' id='block_1_4' title="bbox 237 233 1871 270">
    <p class='ocr_par' dir='ltr' id='par_1_4' title="bbox 237 233 1871 270">
     <span class='ocr_line' id='line_1_4' title="bbox 237 233 1871 270; baseline 0.002 -10"><span class='ocrx_word' id='word_1_6' title='bbox 237 233 416 261; x_wconf 67' lang='lat' dir='ltr'><strong>sacerdotalis</strong></span> <span class='ocrx_word' id='word_1_7' title='bbox 433 233 501 260; x_wconf 87' lang='lat' dir='ltr'><strong>ordo</strong></span> <span class='ocrx_word' id='word_1_8' title='bbox 522 239 549 260; x_wconf 86' lang='lat' dir='ltr'><strong>ct</strong></span> <span class='ocrx_word' id='word_1_9' title='bbox 572 233 697 261; x_wconf 76' lang='lat' dir='ltr'><strong>leriticus</strong></span> <span class='ocrx_word' id='word_1_10' title='bbox 711 233 823 270; x_wconf 72' lang='lat' dir='ltr'><strong>gradus.</strong></span> <span class='ocrx_word' id='word_1_11' title='bbox 851 234 951 267; x_wconf 92' lang='lat' dir='ltr'><strong>Quanti</strong></span> <span class='ocrx_word' id='word_1_12' title='bbox 968 242 1028 270; x_wconf 89' lang='lat' dir='ltr'><strong>pre-</strong></span> <span class='ocrx_word' id='word_1_13' title='bbox 1043 234 1243 269; x_wconf 78' lang='lat' dir='ltr'><strong>Ajustilicatur</strong></span> <span class='ocrx_word' id='word_1_14' title='bbox 1264 235 1299 262; x_wconf 87' lang='lat' dir='ltr'><strong>ab</strong></span> <span class='ocrx_word' id='word_1_15' title='bbox 1319 234 1490 268; x_wconf 71' lang='lat' dir='ltr'><strong>Jerusalem,</strong></span> <span class='ocrx_word' id='word_1_16' title='bbox 1511 233 1576 270; x_wconf 80' lang='lat' dir='ltr'><strong>quia</strong></span> <span class='ocrx_word' id='word_1_17' title='bbox 1596 234 1631 262; x_wconf 85' lang='lat' dir='ltr'><strong>ab</strong></span> <span class='ocrx_word' id='word_1_18' title='bbox 1645 241 1674 262; x_wconf 90' lang='lat' dir='ltr'><strong>se</strong></span> <span class='ocrx_word' id='word_1_19' title='bbox 1696 233 1871 263; x_wconf 69' lang='lat' dir='ltr'><strong>sceleratiore</strong></span> 
     </span>
    </p>
   </div>
   <div class='ocr_carea' id='block_1_5' title="bbox 239 279 1030 315">
    <p class='ocr_par' dir='ltr' id='par_1_5' title="bbox 239 279 1030 315">
     <span class='ocr_line' id='line_1_5' title="bbox 239 279 1030 315; baseline 0.003 -9"><span class='ocrx_word' id='word_1_20' title='bbox 239 279 339 315; x_wconf 81' lang='lat' dir='ltr'><strong>sbyteri</strong></span> <span class='ocrx_word' id='word_1_21' title='bbox 357 279 495 306; x_wconf 82' lang='lat' dir='ltr'><strong>constituti</strong></span> <span class='ocrx_word' id='word_1_22' title='bbox 514 279 590 305; x_wconf 85' lang='lat' dir='ltr'><strong>obliti</strong></span> <span class='ocrx_word' id='word_1_23' title='bbox 614 283 679 306; x_wconf 89' lang='lat' dir='ltr'><strong>sunt</strong></span> <span class='ocrx_word' id='word_1_24' title='bbox 692 279 856 307; x_wconf 82' lang='lat' dir='ltr'><strong>humilitatis</strong></span> <span class='ocrx_word' id='word_1_25' title='bbox 874 289 881 307; x_wconf 85' lang='lat'><strong>:</strong></span> <span class='ocrx_word' id='word_1_26' title='bbox 896 280 975 315; x_wconf 91' lang='lat' dir='ltr'><strong>quasi</strong></span> <span class='ocrx_word' id='word_1_27' title='bbox 990 281 1030 308; x_wconf 93' lang='lat' dir='ltr'><strong>id-</strong></span> 
     </span>
    </p>
   </div>
   <div class='ocr_carea' id='block_1_6' title="bbox 238 325 1028 358">
    <p class='ocr_par' dir='ltr' id='par_1_6' title="bbox 238 325 1028 358">
     <span class='ocr_line' id='line_1_6' title="bbox 238 325 1028 358; baseline 0.003 -5"><span class='ocrx_word' id='word_1_28' title='bbox 238 326 315 353; x_wconf 88' lang='lat' dir='ltr'><strong>circo</strong></span> <span class='ocrx_word' id='word_1_29' title='bbox 334 325 436 352; x_wconf 89' lang='lat' dir='ltr'><strong>fuerint</strong></span> <span class='ocrx_word' id='word_1_30' title='bbox 459 325 588 358; x_wconf 84' lang='lat' dir='ltr'><strong>ordinati,</strong></span> <span class='ocrx_word' id='word_1_31' title='bbox 604 329 632 352; x_wconf 92' lang='lat' dir='ltr'><strong>ut</strong></span> <span class='ocrx_word' id='word_1_32' title='bbox 648 326 766 354; x_wconf 81' lang='lat' dir='ltr'><strong>humiles</strong></span> <span class='ocrx_word' id='word_1_33' title='bbox 781 333 842 354; x_wconf 89' lang='lat' dir='ltr'><strong>esse</strong></span> <span class='ocrx_word' id='word_1_34' title='bbox 855 327 1028 356; x_wconf 75' lang='lat' dir='ltr'><strong>desisterent.</strong></span> 
     </span>
    </p>
   </div>
   <div class='ocr_carea' id='block_1_7' title="bbox 237 370 1031 408">
    <p class='ocr_par' dir='ltr' id='par_1_7' title="bbox 237 370 1031 408">
     <span class='ocr_line' id='line_1_7' title="bbox 237 370 1031 408; baseline 0.004 -10"><span class='ocrx_word' id='word_1_35' title='bbox 237 370 310 405; x_wconf 89' lang='lat' dir='ltr'><strong>Quin</strong></span> <span class='ocrx_word' id='word_1_36' title='bbox 327 372 418 407; x_wconf 85' lang='lat' dir='ltr'><strong>potius</strong></span> <span class='ocrx_word' id='word_1_37' title='bbox 432 371 612 399; x_wconf 91' lang='lat' dir='ltr'><strong>humilitatem</strong></span> <span class='ocrx_word' id='word_1_38' title='bbox 627 372 705 408; x_wconf 90' lang='lat' dir='ltr'><strong>sequi</strong></span> <span class='ocrx_word' id='word_1_39' title='bbox 718 373 870 400; x_wconf 69' lang='lat' dir='ltr'><strong>debuero-nt</strong></span> <span class='ocrx_word' id='word_1_40' title='bbox 881 393 888 405; x_wconf 86' lang='lat'><strong>,</strong></span> <span class='ocrx_word' id='word_1_41' title='bbox 911 374 974 408; x_wconf 91' lang='lat' dir='ltr'><strong>quia</strong></span> <span class='ocrx_word' id='word_1_42' title='bbox 989 374 1031 401; x_wconf 93' lang='lat' dir='ltr'><strong>di-</strong></span> 
     </span>
    </p>
   </div>
   <div class='ocr_carea' id='block_1_8' title="bbox 238 416 1029 454">
    <p class='ocr_par' dir='ltr' id='par_1_8' title="bbox 238 416 1029 454">
     <span class='ocr_line' id='line_1_8' title="bbox 238 416 1029 454; baseline 0.005 -11"><span class='ocrx_word' id='word_1_43' title='bbox 238 417 371 452; x_wconf 74' lang='lat' dir='ltr'><strong>gnitatem</strong></span> <span class='ocrx_word' id='word_1_44' title='bbox 387 416 497 444; x_wconf 79' lang='lat' dir='ltr'><strong>fuerant</strong></span> <span class='ocrx_word' id='word_1_45' title='bbox 516 417 675 450; x_wconf 82' lang='lat' dir='ltr'><strong>consecuti,</strong></span> <span class='ocrx_word' id='word_1_46' title='bbox 700 417 808 445; x_wconf 84' lang='lat' dir='ltr'><strong>dicente</strong></span> <span class='ocrx_word' id='word_1_47' title='bbox 826 418 965 454; x_wconf 86' lang='lat' dir='ltr'><strong>Scriptura</strong></span> <span class='ocrx_word' id='word_1_48' title='bbox 983 419 1005 435; x_wconf 80' lang='grc'><strong><em>³⁸</em></strong></span> <span class='ocrx_word' id='word_1_49' title='bbox 1022 428 1029 447; x_wconf 89' lang='lat'><strong>:</strong></span> 
     </span>
    </p>
   </div>
   <div class='ocr_carea' id='block_1_9' title="bbox 240 462 1031 497">
    <p class='ocr_par' dir='ltr' id='par_1_9' title="bbox 240 462 1031 497">
     <span class='ocr_line' id='line_1_9' title="bbox 240 462 1031 497; baseline 0.005 -9"><span class='ocrx_word' id='word_1_50' title='bbox 240 462 346 494; x_wconf 83' lang='lat' dir='ltr'><strong>Quanto</strong></span> <span class='ocrx_word' id='word_1_51' title='bbox 367 471 477 497; x_wconf 75' lang='lat' dir='ltr'><strong>magnus</strong></span> <span class='ocrx_word' id='word_1_52' title='bbox 500 463 601 497; x_wconf 66' lang='lat' dir='ltr'><strong>fuerit,</strong></span> <span class='ocrx_word' id='word_1_53' title='bbox 621 468 695 490; x_wconf 84' lang='lat' dir='ltr'><strong>tanta</strong></span> <span class='ocrx_word' id='word_1_54' title='bbox 709 463 822 490; x_wconf 82' lang='lat' dir='ltr'><strong>humilia</strong></span> <span class='ocrx_word' id='word_1_55' title='bbox 846 465 968 495; x_wconf 76' lang='lat' dir='ltr'><strong>teimum.</strong></span> <span class='ocrx_word' id='word_1_56' title='bbox 998 464 1031 492; x_wconf 87' lang='lat' dir='ltr'><strong>Et</strong></span> 
     </span>
    </p>
   </div>
   <div class='ocr_carea' id='block_1_10' title="bbox 239 508 1031 544">
    <p class='ocr_par' dir='ltr' id='par_1_10' title="bbox 239 508 1031 544">
     <span class='ocr_line' id='line_1_10' title="bbox 239 508 1031 544; baseline 0.005 -9"><span class='ocrx_word' id='word_1_57' title='bbox 239 508 369 536; x_wconf 90' lang='lat' dir='ltr'><strong>dilectum</strong></span> <span class='ocrx_word' id='word_1_58' title='bbox 385 508 536 544; x_wconf 72' lang='lat' dir='ltr'><strong>Synagogte</strong></span> <span class='ocrx_word' id='word_1_59' title='bbox 559 514 585 537; x_wconf 90' lang='lat' dir='ltr'><strong>te</strong></span> <span class='ocrx_word' id='word_1_60' title='bbox 606 509 680 541; x_wconf 79' lang='lat' dir='ltr'><strong>facit,</strong></span> <span class='ocrx_word' id='word_1_61' title='bbox 699 510 818 538; x_wconf 87' lang='lat' dir='ltr'><strong>nobilius</strong></span> <span class='ocrx_word' id='word_1_62' title='bbox 831 512 971 539; x_wconf 83' lang='lat' dir='ltr'><strong>summitte</strong></span> <span class='ocrx_word' id='word_1_63' title='bbox 984 519 1031 539; x_wconf 87' lang='lat' dir='ltr'><strong>ca--</strong></span> 
     </span>
    </p>
   </div>
   <div class='ocr_carea' id='block_1_11' title="bbox 241 555 1031 590">
    <p class='ocr_par' dir='ltr' id='par_1_11' title="bbox 241 555 1031 590">
     <span class='ocr_line' id='line_1_11' title="bbox 241 555 1031 590; baseline 0.004 -8"><span class='ocrx_word' id='word_1_64' title='bbox 241 560 290 590; x_wconf 88' lang='lat' dir='ltr'><strong>put</strong></span> <span class='ocrx_word' id='word_1_65' title='bbox 305 560 398 588; x_wconf 86' lang='lat' dir='ltr'><strong>tuum;</strong></span> <span class='ocrx_word' id='word_1_66' title='bbox 417 556 513 583; x_wconf 88' lang='lat' dir='ltr'><strong>ducem</strong></span> <span class='ocrx_word' id='word_1_67' title='bbox 529 560 554 583; x_wconf 87' lang='lat' dir='ltr'><strong>te</strong></span> <span class='ocrx_word' id='word_1_68' title='bbox 567 555 755 589; x_wconf 89' lang='lat' dir='ltr'><strong>instituerunt,</strong></span> <span class='ocrx_word' id='word_1_69' title='bbox 771 557 826 584; x_wconf 92' lang='lat' dir='ltr'><strong>noli</strong></span> <span class='ocrx_word' id='word_1_70' title='bbox 843 558 960 589; x_wconf 80' lang='lat' dir='ltr'><strong>elevari.</strong></span> <span class='ocrx_word' id='word_1_71' title='bbox 977 558 1031 585; x_wconf 94' lang='lat' dir='ltr'><strong>noli</strong></span> 
     </span>
    </p>
   </div>
   <div class='ocr_carea' id='block_1_12' title="bbox 238 599 1032 638">
    <p class='ocr_par' dir='ltr' id='par_1_12' title="bbox 238 599 1032 638">
     <span class='ocr_line' id='line_1_12' title="bbox 238 599 1032 638; baseline 0.004 -11"><span class='ocrx_word' id='word_1_72' title='bbox 238 599 296 627; x_wconf 80' lang='lat' dir='ltr'><strong>fieri</strong></span> <span class='ocrx_word' id='word_1_73' title='bbox 318 601 345 627; x_wconf 94' lang='lat' dir='ltr'><strong>in</strong></span> <span class='ocrx_word' id='word_1_74' title='bbox 366 601 406 628; x_wconf 90' lang='lat' dir='ltr'><strong>eis</strong></span> <span class='ocrx_word' id='word_1_75' title='bbox 424 600 503 635; x_wconf 86' lang='lat' dir='ltr'><strong>quasi</strong></span> <span class='ocrx_word' id='word_1_76' title='bbox 520 609 591 629; x_wconf 88' lang='lat' dir='ltr'><strong>unus</strong></span> <span class='ocrx_word' id='word_1_77' title='bbox 611 609 642 628; x_wconf 79' lang='lat' dir='ltr'><strong>ex</strong></span> <span class='ocrx_word' id='word_1_78' title='bbox 668 602 744 638; x_wconf 84' lang='lat' dir='ltr'><strong>ipsis.</strong></span> <span class='ocrx_word' id='word_1_79' title='bbox 765 603 875 638; x_wconf 78' lang='lat' dir='ltr'><strong>Oportet</strong></span> <span class='ocrx_word' id='word_1_80' title='bbox 889 603 1032 635; x_wconf 89' lang='lat' dir='ltr'><strong>humilem,</strong></span> 
     </span>
    </p>
   </div>
   <div class='ocr_carea' id='block_1_13' title="bbox 240 646 1030 683">
    <p class='ocr_par' dir='ltr' id='par_1_13' title="bbox 240 646 1030 683">
     <span class='ocr_line' id='line_1_13' title="bbox 240 646 1030 683; baseline 0.005 -12"><span class='ocrx_word' id='word_1_81' title='bbox 240 650 348 681; x_wconf 80' lang='lat' dir='ltr'><strong>oportet</strong></span> <span class='ocrx_word' id='word_1_82' title='bbox 372 654 433 674; x_wconf 88' lang='lat' dir='ltr'><strong>esse</strong></span> <span class='ocrx_word' id='word_1_83' title='bbox 455 646 607 680; x_wconf 83' lang='lat' dir='ltr'><strong>dejectum,</strong></span> <span class='ocrx_word' id='word_1_84' title='bbox 632 652 738 682; x_wconf 86' lang='lat' dir='ltr'><strong>oportet</strong></span> <span class='ocrx_word' id='word_1_85' title='bbox 763 647 855 683; x_wconf 79' lang='lat' dir='ltr'><strong>fugere</strong></span> <span class='ocrx_word' id='word_1_86' title='bbox 876 649 1030 683; x_wconf 80' lang='lat' dir='ltr'><strong>superbiam</strong></span> 
     </span>
    </p>
   </div>
   <div class='ocr_carea' id='block_1_14' title="bbox 240 692 1032 729">
    <p class='ocr_par' dir='ltr' id='par_1_14' title="bbox 240 692 1032 729">
     <span class='ocr_line' id='line_1_14' title="bbox 240 692 1032 729; baseline 0.004 -11"><span class='ocrx_word' id='word_1_87' title='bbox 240 692 375 718; x_wconf 86' lang='lat' dir='ltr'><strong>malorum</strong></span> <span class='ocrx_word' id='word_1_88' title='bbox 386 692 508 719; x_wconf 89' lang='lat' dir='ltr'><strong>omniutu</strong></span> <span class='ocrx_word' id='word_1_89' title='bbox 518 696 608 728; x_wconf 89' lang='lat' dir='ltr'><strong>caput.</strong></span> <span class='ocrx_word' id='word_1_90' title='bbox 618 692 764 721; x_wconf 87' lang='lat' dir='ltr'><strong>Considera</strong></span> <span class='ocrx_word' id='word_1_91' title='bbox 774 693 946 728; x_wconf 78' lang='lat' dir='ltr'><strong>Evangelium</strong></span> <span class='ocrx_word' id='word_1_92' title='bbox 958 694 1032 729; x_wconf 88' lang='lat' dir='ltr'><strong>quali</strong></span> 
     </span>
    </p>
   </div>
   <div class='ocr_carea' id='block_1_15' title="bbox 241 738 1033 774">
    <p class='ocr_par' dir='ltr' id='par_1_15' title="bbox 241 738 1033 774">
     <span class='ocr_line' id='line_1_15' title="bbox 241 738 1033 774; baseline 0.003 -10"><span class='ocrx_word' id='word_1_93' title='bbox 241 738 471 765; x_wconf 80' lang='lat' dir='ltr'><strong>condemnatimte</strong></span> <span class='ocrx_word' id='word_1_94' title='bbox 495 738 624 766; x_wconf 64' lang='lat' dir='ltr'><strong>Pharisaei</strong></span> <span class='ocrx_word' id='word_1_95' title='bbox 643 739 770 774; x_wconf 85' lang='lat' dir='ltr'><strong>superbia</strong></span> <span class='ocrx_word' id='word_1_96' title='bbox 787 743 815 766; x_wconf 91' lang='lat' dir='ltr'><strong>et</strong></span> <span class='ocrx_word' id='word_1_97' title='bbox 824 740 937 774; x_wconf 78' lang='lat' dir='ltr'><strong>jactatio</strong></span> <span class='ocrx_word' id='word_1_98' title='bbox 952 739 1033 767; x_wconf 90' lang='lat' dir='ltr'><strong>feria-</strong></span> 
     </span>
    </p>
   </div>
   <div class='ocr_carea' id='block_1_16' title="bbox 239 783 1030 813">
    <p class='ocr_par' dir='ltr' id='par_1_16' title="bbox 239 783 1030 813">
     <span class='ocr_line' id='line_1_16' title="bbox 239 783 1030 813; baseline 0.003 -2"><span class='ocrx_word' id='word_1_99' title='bbox 239 786 295 811; x_wconf 86' lang='lat' dir='ltr'><strong>tur.</strong></span> <span class='ocrx_word' id='word_1_100' title='bbox 324 783 418 811; x_wconf 88' lang='lat' dir='ltr'><strong>Slahat</strong></span> <span class='ocrx_word' id='word_1_101' title='bbox 442 783 598 812; x_wconf 76' lang='lat' dir='ltr'><strong>Phariszcus</strong></span> <span class='ocrx_word' id='word_1_102' title='bbox 613 789 639 811; x_wconf 90' lang='lat' dir='ltr'><strong>et</strong></span> <span class='ocrx_word' id='word_1_103' title='bbox 653 785 717 812; x_wconf 86' lang='lat' dir='ltr'><strong>talia</strong></span> <span class='ocrx_word' id='word_1_104' title='bbox 744 785 814 812; x_wconf 90' lang='lat' dir='ltr'><strong>intra</strong></span> <span class='ocrx_word' id='word_1_105' title='bbox 830 793 860 813; x_wconf 91' lang='lat' dir='ltr'><strong>se</strong></span> <span class='ocrx_word' id='word_1_106' title='bbox 873 785 971 813; x_wconf 88' lang='lat' dir='ltr'><strong>orabat</strong></span> <span class='ocrx_word' id='word_1_107' title='bbox 984 786 1006 801; x_wconf 85' lang='grc'><strong>³¹</strong></span> <span class='ocrx_word' id='word_1_108' title='bbox 1024 795 1030 813; x_wconf 96' lang='lat'>:</span> 
     </span>
    </p>
   </div>
   <div class='ocr_carea' id='block_1_17' title="bbox 241 828 1033 865">
    <p class='ocr_par' dir='ltr' id='par_1_17' title="bbox 241 828 1033 865">
     <span class='ocr_line' id='line_1_17' title="bbox 241 828 1033 865; baseline 0.005 -10"><span class='ocrx_word' id='word_1_109' title='bbox 241 828 323 862; x_wconf 79' lang='lat' dir='ltr'><strong>Deus,</strong></span> <span class='ocrx_word' id='word_1_110' title='bbox 341 830 441 865; x_wconf 72' lang='lat' dir='ltr'><strong>gratias</strong></span> <span class='ocrx_word' id='word_1_111' title='bbox 456 838 504 864; x_wconf 84' lang='lat' dir='ltr'><strong>ago</strong></span> <span class='ocrx_word' id='word_1_112' title='bbox 523 830 580 861; x_wconf 82' lang='lat' dir='ltr'><strong>tibi.</strong></span> <span class='ocrx_word' id='word_1_113' title='bbox 603 831 666 865; x_wconf 86' lang='lat' dir='ltr'><strong>quia</strong></span> <span class='ocrx_word' id='word_1_114' title='bbox 684 839 734 857; x_wconf 84' lang='lat' dir='ltr'><strong>non</strong></span> <span class='ocrx_word' id='word_1_115' title='bbox 753 839 811 858; x_wconf 73' lang='lat' dir='ltr'><strong>sum</strong></span> <span class='ocrx_word' id='word_1_116' title='bbox 832 835 862 858; x_wconf 83' lang='lat' dir='ltr'><strong>ut</strong></span> <span class='ocrx_word' id='word_1_117' title='bbox 883 832 972 859; x_wconf 72' lang='lat' dir='ltr'><strong>ca&#39;teri</strong></span> <span class='ocrx_word' id='word_1_118' title='bbox 986 833 1033 859; x_wconf 79' lang='lat' dir='ltr'><strong>Ito-</strong></span> 
     </span>
    </p>
   </div>
   <div class='ocr_carea' id='block_1_18' title="bbox 240 875 1032 912">
    <p class='ocr_par' dir='ltr' id='par_1_18' title="bbox 240 875 1032 912">
     <span class='ocr_line' id='line_1_18' title="bbox 240 875 1032 912; baseline 0.004 -11"><span class='ocrx_word' id='word_1_119' title='bbox 240 875 334 907; x_wconf 79' lang='lat' dir='ltr'><strong>mi‘nes,</strong></span> <span class='ocrx_word' id='word_1_120' title='bbox 350 879 480 908; x_wconf 74' lang='lat' dir='ltr'><strong>raptores,</strong></span> <span class='ocrx_word' id='word_1_121' title='bbox 496 875 591 910; x_wconf 84' lang='lat' dir='ltr'><strong>iniqui,</strong></span> <span class='ocrx_word' id='word_1_122' title='bbox 617 876 751 907; x_wconf 83' lang='lat' dir='ltr'><strong>adulteri,</strong></span> <span class='ocrx_word' id='word_1_123' title='bbox 768 881 793 903; x_wconf 78' lang='lat' dir='ltr'><strong>et</strong></span> <span class='ocrx_word' id='word_1_124' title='bbox 809 881 836 904; x_wconf 85' lang='lat' dir='ltr'><strong>ut</strong></span> <span class='ocrx_word' id='word_1_125' title='bbox 851 877 899 903; x_wconf 70' lang='lat' dir='ltr'><strong>iste</strong></span> <span class='ocrx_word' id='word_1_126' title='bbox 912 877 1032 912; x_wconf 79' lang='lat' dir='ltr'><strong>publica-</strong></span> 
     </span>
    </p>
   </div>
   <div class='ocr_carea' id='block_1_19' title="bbox 1082 279 1872 315">
    <p class='ocr_par' dir='ltr' id='par_1_19' title="bbox 1082 279 1872 315">
     <span class='ocr_line' id='line_1_19' title="bbox 1082 279 1872 315; baseline 0.001 -8"><span class='ocrx_word' id='word_1_127' title='bbox 1082 281 1237 314; x_wconf 91' lang='lat' dir='ltr'><strong>commisit,</strong></span> <span class='ocrx_word' id='word_1_128' title='bbox 1253 287 1279 308; x_wconf 92' lang='lat' dir='ltr'><strong>et</strong></span> <span class='ocrx_word' id='word_1_129' title='bbox 1292 279 1363 308; x_wconf 88' lang='lat' dir='ltr'><strong>forte</strong></span> <span class='ocrx_word' id='word_1_130' title='bbox 1376 280 1527 308; x_wconf 81' lang='lat' dir='ltr'><strong>Jerusalem</strong></span> <span class='ocrx_word' id='word_1_131' title='bbox 1546 280 1580 308; x_wconf 90' lang='lat' dir='ltr'><strong>ab</strong></span> <span class='ocrx_word' id='word_1_132' title='bbox 1594 280 1647 308; x_wconf 88' lang='lat' dir='ltr'><strong>alia</strong></span> <span class='ocrx_word' id='word_1_133' title='bbox 1660 280 1752 315; x_wconf 89' lang='lat' dir='ltr'><strong>aliqua</strong></span> <span class='ocrx_word' id='word_1_134' title='bbox 1766 288 1828 315; x_wconf 68' lang='lat' dir='ltr'><strong>quae</strong></span> <span class='ocrx_word' id='word_1_135' title='bbox 1841 288 1872 308; x_wconf 81' lang='lat' dir='ltr'><strong>se</strong></span> 
     </span>
    </p>
   </div>
   <div class='ocr_carea' id='block_1_20' title="bbox 1081 325 1872 362">
    <p class='ocr_par' dir='ltr' id='par_1_20' title="bbox 1081 325 1872 362">
     <span class='ocr_line' id='line_1_20' title="bbox 1081 325 1872 362; baseline 0 -8"><span class='ocrx_word' id='word_1_136' title='bbox 1081 327 1158 362; x_wconf 83' lang='lat' dir='ltr'><strong>pejor</strong></span> <span class='ocrx_word' id='word_1_137' title='bbox 1182 331 1223 355; x_wconf 90' lang='lat' dir='ltr'><strong>est</strong></span> <span class='ocrx_word' id='word_1_138' title='bbox 1246 327 1365 354; x_wconf 79' lang='lat' dir='ltr'><strong>civitate.</strong></span> <span class='ocrx_word' id='word_1_139' title='bbox 1395 325 1440 355; x_wconf 88' lang='lat' dir='ltr'><strong>Sic</strong></span> <span class='ocrx_word' id='word_1_140' title='bbox 1454 331 1496 354; x_wconf 90' lang='lat' dir='ltr'><strong>est</strong></span> <span class='ocrx_word' id='word_1_141' title='bbox 1508 326 1619 362; x_wconf 84' lang='lat' dir='ltr'><strong>quidam</strong></span> <span class='ocrx_word' id='word_1_142' title='bbox 1629 326 1824 361; x_wconf 85' lang='lat' dir='ltr'><strong>justilicandus</strong></span> <span class='ocrx_word' id='word_1_143' title='bbox 1836 325 1872 354; x_wconf 85' lang='lat' dir='ltr'><strong>ab</strong></span> 
     </span>
    </p>
   </div>
   <div class='ocr_carea' id='block_1_21' title="bbox 1081 371 1872 409">
    <p class='ocr_par' dir='ltr' id='par_1_21' title="bbox 1081 371 1872 409">
     <span class='ocr_line' id='line_1_21' title="bbox 1081 371 1872 409; baseline -0.003 -8"><span class='ocrx_word' id='word_1_144' title='bbox 1081 374 1261 406; x_wconf 80' lang='lat' dir='ltr'><strong>Autichristo,</strong></span> <span class='ocrx_word' id='word_1_145' title='bbox 1278 374 1324 409; x_wconf 87' lang='lat' dir='ltr'><strong>qui</strong></span> <span class='ocrx_word' id='word_1_146' title='bbox 1339 373 1371 403; x_wconf 90' lang='lat' dir='ltr'><strong>ad</strong></span> <span class='ocrx_word' id='word_1_147' title='bbox 1386 374 1461 403; x_wconf 89' lang='lat' dir='ltr'><strong>illum</strong></span> <span class='ocrx_word' id='word_1_148' title='bbox 1480 377 1672 408; x_wconf 86' lang='lat' dir='ltr'><strong>comparatur,</strong></span> <span class='ocrx_word' id='word_1_149' title='bbox 1691 377 1718 400; x_wconf 84' lang='lat' dir='ltr'><strong>et</strong></span> <span class='ocrx_word' id='word_1_150' title='bbox 1732 372 1805 400; x_wconf 88' lang='lat' dir='ltr'><strong>illius</strong></span> <span class='ocrx_word' id='word_1_151' title='bbox 1819 371 1872 399; x_wconf 89' lang='lat' dir='ltr'><strong>ini-</strong></span> 
     </span>
    </p>
   </div>
   <div class='ocr_carea' id='block_1_22' title="bbox 1081 418 1872 456">
    <p class='ocr_par' dir='ltr' id='par_1_22' title="bbox 1081 418 1872 456">
     <span class='ocr_line' id='line_1_22' title="bbox 1081 418 1872 456; baseline 0.001 -10"><span class='ocrx_word' id='word_1_152' title='bbox 1081 421 1185 455; x_wconf 74' lang='lat' dir='ltr'><strong>quitate</strong></span> <span class='ocrx_word' id='word_1_153' title='bbox 1210 428 1242 448; x_wconf 88' lang='lat' dir='ltr'><strong>ac</strong></span> <span class='ocrx_word' id='word_1_154' title='bbox 1265 420 1416 448; x_wconf 79' lang='lat' dir='ltr'><strong>sceleribus</strong></span> <span class='ocrx_word' id='word_1_155' title='bbox 1442 420 1532 447; x_wconf 92' lang='lat' dir='ltr'><strong>minor</strong></span> <span class='ocrx_word' id='word_1_156' title='bbox 1557 419 1703 456; x_wconf 82' lang='lat' dir='ltr'><strong>reperitur.</strong></span> <span class='ocrx_word' id='word_1_157' title='bbox 1730 418 1872 447; x_wconf 76' lang='lat' dir='ltr'><strong>Pessimus</strong></span> 
     </span>
    </p>
   </div>
   <div class='ocr_carea' id='block_1_23' title="bbox 1081 464 1872 500">
    <p class='ocr_par' dir='ltr' id='par_1_23' title="bbox 1081 464 1872 500">
     <span class='ocr_line' id='line_1_23' title="bbox 1081 464 1872 500; baseline -0.003 -7"><span class='ocrx_word' id='word_1_158' title='bbox 1081 473 1147 493; x_wconf 88' lang='lat' dir='ltr'><strong>vero</strong></span> <span class='ocrx_word' id='word_1_159' title='bbox 1163 466 1270 493; x_wconf 65' lang='lat' dir='ltr'><strong>daemon</strong></span> <span class='ocrx_word' id='word_1_160' title='bbox 1285 471 1336 499; x_wconf 81' lang='lat' dir='ltr'><strong>est,</strong></span> <span class='ocrx_word' id='word_1_161' title='bbox 1352 470 1388 499; x_wconf 83' lang='lat' dir='ltr'><strong>et,</strong></span> <span class='ocrx_word' id='word_1_162' title='bbox 1402 470 1431 493; x_wconf 90' lang='lat' dir='ltr'><strong>ut</strong></span> <span class='ocrx_word' id='word_1_163' title='bbox 1445 466 1539 498; x_wconf 84' lang='lat' dir='ltr'><strong>aiunt,</strong></span> <span class='ocrx_word' id='word_1_164' title='bbox 1557 466 1640 493; x_wconf 86' lang='lat' dir='ltr'><strong>miser</strong></span> <span class='ocrx_word' id='word_1_165' title='bbox 1652 465 1699 500; x_wconf 92' lang='lat' dir='ltr'><strong>qui</strong></span> <span class='ocrx_word' id='word_1_166' title='bbox 1716 465 1750 492; x_wconf 89' lang='lat' dir='ltr'><strong>ab</strong></span> <span class='ocrx_word' id='word_1_167' title='bbox 1764 464 1810 492; x_wconf 94' lang='lat' dir='ltr'><strong>illo</strong></span> <span class='ocrx_word' id='word_1_168' title='bbox 1823 464 1872 500; x_wconf 85' lang='lat' dir='ltr'><strong>ju-</strong></span> 
     </span>
    </p>
   </div>
   <div class='ocr_carea' id='block_1_24' title="bbox 1081 503 1873 546">
    <p class='ocr_par' dir='ltr' id='par_1_24' title="bbox 1081 503 1873 546">
     <span class='ocr_line' id='line_1_24' title="bbox 1081 503 1873 546; baseline 0 -7"><span class='ocrx_word' id='word_1_169' title='bbox 1081 511 1217 539; x_wconf 87' lang='lat' dir='ltr'><strong>stilicatur</strong></span> <span class='ocrx_word' id='word_1_170' title='bbox 1232 520 1239 538; x_wconf 93' lang='lat'><strong>:</strong></span> <span class='ocrx_word' id='word_1_171' title='bbox 1258 503 1334 539; x_wconf 83' lang='lat' dir='ltr'><strong>forte</strong></span> <span class='ocrx_word' id='word_1_172' title='bbox 1351 516 1379 539; x_wconf 92' lang='lat' dir='ltr'><strong>et</strong></span> <span class='ocrx_word' id='word_1_173' title='bbox 1400 516 1477 546; x_wconf 90' lang='lat' dir='ltr'><strong>pater</strong></span> <span class='ocrx_word' id='word_1_174' title='bbox 1491 512 1566 539; x_wconf 88' lang='lat' dir='ltr'><strong>illius</strong></span> <span class='ocrx_word' id='word_1_175' title='bbox 1581 511 1616 541; x_wconf 87' lang='lat' dir='ltr'><strong>ab</strong></span> <span class='ocrx_word' id='word_1_176' title='bbox 1628 519 1661 538; x_wconf 91' lang='lat' dir='ltr'><strong>eo</strong></span> <span class='ocrx_word' id='word_1_177' title='bbox 1674 519 1728 538; x_wconf 92' lang='lat' dir='ltr'><strong>non</strong></span> <span class='ocrx_word' id='word_1_178' title='bbox 1738 510 1873 546; x_wconf 63' lang='lat' dir='ltr'><strong>justilicar</strong></span> 
     </span>
    </p>
   </div>
   <div class='ocr_carea' id='block_1_25' title="bbox 1082 556 1872 592">
    <p class='ocr_par' dir='ltr' id='par_1_25' title="bbox 1082 556 1872 592">
     <span class='ocr_line' id='line_1_25' title="bbox 1082 556 1872 592; baseline 0 -8"><span class='ocrx_word' id='word_1_179' title='bbox 1082 562 1136 588; x_wconf 81' lang='lat' dir='ltr'><strong>tur,</strong></span> <span class='ocrx_word' id='word_1_180' title='bbox 1153 557 1239 584; x_wconf 90' lang='lat' dir='ltr'><strong>multo</strong></span> <span class='ocrx_word' id='word_1_181' title='bbox 1255 557 1301 584; x_wconf 87' lang='lat' dir='ltr'><strong>illo</strong></span> <span class='ocrx_word' id='word_1_182' title='bbox 1314 557 1475 585; x_wconf 71' lang='lat' dir='ltr'><strong>sceleratior</strong></span> <span class='ocrx_word' id='word_1_183' title='bbox 1498 561 1633 592; x_wconf 86' lang='lat' dir='ltr'><strong>repertus.</strong></span> <span class='ocrx_word' id='word_1_184' title='bbox 1662 556 1794 585; x_wconf 89' lang='lat' dir='ltr'><strong>Dominus</strong></span> <span class='ocrx_word' id='word_1_185' title='bbox 1806 562 1872 584; x_wconf 83' lang='lat' dir='ltr'><strong>vero</strong></span> 
     </span>
    </p>
   </div>
   <div class='ocr_carea' id='block_1_26' title="bbox 1082 601 1872 638">
    <p class='ocr_par' dir='ltr' id='par_1_26' title="bbox 1082 601 1872 638">
     <span class='ocr_line' id='line_1_26' title="bbox 1082 601 1872 638; baseline -0.003 -8"><span class='ocrx_word' id='word_1_186' title='bbox 1082 611 1161 631; x_wconf 86' lang='lat' dir='ltr'><strong>meus</strong></span> <span class='ocrx_word' id='word_1_187' title='bbox 1174 603 1254 631; x_wconf 75' lang='lat' dir='ltr'><strong>Iesus</strong></span> <span class='ocrx_word' id='word_1_188' title='bbox 1267 603 1395 631; x_wconf 89' lang='lat' dir='ltr'><strong>Christus</strong></span> <span class='ocrx_word' id='word_1_189' title='bbox 1413 603 1581 638; x_wconf 86' lang='lat' dir='ltr'><strong>justilicatur</strong></span> <span class='ocrx_word' id='word_1_190' title='bbox 1598 602 1676 638; x_wconf 80' lang='lat' dir='ltr'><strong>juxta</strong></span> <span class='ocrx_word' id='word_1_191' title='bbox 1690 601 1872 636; x_wconf 80' lang='lat' dir='ltr'><strong>dispensatio-</strong></span> 
     </span>
    </p>
   </div>
   <div class='ocr_carea' id='block_1_27' title="bbox 1082 646 1871 684">
    <p class='ocr_par' dir='ltr' id='par_1_27' title="bbox 1082 646 1871 684">
     <span class='ocr_line' id='line_1_27' title="bbox 1082 646 1871 684; baseline -0.001 -10"><span class='ocrx_word' id='word_1_192' title='bbox 1082 656 1143 675; x_wconf 89' lang='lat' dir='ltr'><strong>nem</strong></span> <span class='ocrx_word' id='word_1_193' title='bbox 1159 649 1251 676; x_wconf 85' lang='lat' dir='ltr'><strong>carnis</strong></span> <span class='ocrx_word' id='word_1_194' title='bbox 1269 656 1351 684; x_wconf 82' lang='lat' dir='ltr'><strong>quant</strong></span> <span class='ocrx_word' id='word_1_195' title='bbox 1364 648 1399 675; x_wconf 95' lang='lat' dir='ltr'><strong>ob</strong></span> <span class='ocrx_word' id='word_1_196' title='bbox 1416 652 1538 676; x_wconf 88' lang='lat' dir='ltr'><strong>nostram</strong></span> <span class='ocrx_word' id='word_1_197' title='bbox 1560 647 1675 675; x_wconf 87' lang='lat' dir='ltr'><strong>salutem</strong></span> <span class='ocrx_word' id='word_1_198' title='bbox 1693 646 1871 680; x_wconf 83' lang='lat' dir='ltr'><strong>circumtulit,</strong></span> 
     </span>
    </p>
   </div>
   <div class='ocr_carea' id='block_1_28' title="bbox 1081 693 1875 729">
    <p class='ocr_par' dir='ltr' id='par_1_28' title="bbox 1081 693 1875 729">
     <span class='ocr_line' id='line_1_28' title="bbox 1081 693 1875 729; baseline 0 -9"><span class='ocrx_word' id='word_1_199' title='bbox 1081 694 1117 721; x_wconf 87' lang='lat' dir='ltr'><strong>ab</strong></span> <span class='ocrx_word' id='word_1_200' title='bbox 1134 695 1282 726; x_wconf 80' lang='lat' dir='ltr'><strong>Abraham.</strong></span> <span class='ocrx_word' id='word_1_201' title='bbox 1296 695 1331 722; x_wconf 90' lang='lat' dir='ltr'><strong>ab</strong></span> <span class='ocrx_word' id='word_1_202' title='bbox 1348 694 1433 726; x_wconf 84' lang='lat' dir='ltr'><strong>lsaac,</strong></span> <span class='ocrx_word' id='word_1_203' title='bbox 1450 694 1484 722; x_wconf 91' lang='lat' dir='ltr'><strong>ab</strong></span> <span class='ocrx_word' id='word_1_204' title='bbox 1496 693 1598 727; x_wconf 82' lang='lat' dir='ltr'><strong>Jacob,</strong></span> <span class='ocrx_word' id='word_1_205' title='bbox 1613 698 1639 720; x_wconf 91' lang='lat' dir='ltr'><strong>et</strong></span> <span class='ocrx_word' id='word_1_206' title='bbox 1654 702 1668 723; x_wconf 89' lang='lat' dir='ltr'><strong>a</strong></span> <span class='ocrx_word' id='word_1_207' title='bbox 1682 694 1796 729; x_wconf 74' lang='lat' dir='ltr'><strong>reliquis</strong></span> <span class='ocrx_word' id='word_1_208' title='bbox 1808 701 1875 727; x_wconf 72' lang='lat' dir='ltr'><strong>pro-</strong></span> 
     </span>
    </p>
   </div>
   <div class='ocr_carea' id='block_1_29' title="bbox 1083 738 1871 774">
    <p class='ocr_par' dir='ltr' id='par_1_29' title="bbox 1083 738 1871 774">
     <span class='ocr_line' id='line_1_29' title="bbox 1083 738 1871 774; baseline 0 -9"><span class='ocrx_word' id='word_1_209' title='bbox 1083 740 1181 773; x_wconf 80' lang='lat' dir='ltr'><strong>phetis.</strong></span> <span class='ocrx_word' id='word_1_210' title='bbox 1212 740 1329 773; x_wconf 84' lang='lat' dir='ltr'><strong>Quando</strong></span> <span class='ocrx_word' id='word_1_211' title='bbox 1345 741 1417 766; x_wconf 87' lang='lat' dir='ltr'><strong>cnim</strong></span> <span class='ocrx_word' id='word_1_212' title='bbox 1435 740 1563 767; x_wconf 90' lang='lat' dir='ltr'><strong>omnibus</strong></span> <span class='ocrx_word' id='word_1_213' title='bbox 1584 740 1665 774; x_wconf 76' lang='lat' dir='ltr'><strong>justis</strong></span> <span class='ocrx_word' id='word_1_214' title='bbox 1679 744 1705 766; x_wconf 91' lang='lat' dir='ltr'><strong>et</strong></span> <span class='ocrx_word' id='word_1_215' title='bbox 1721 738 1871 773; x_wconf 83' lang='lat' dir='ltr'><strong>prophetis,</strong></span> 
     </span>
    </p>
   </div>
   <div class='ocr_carea' id='block_1_30' title="bbox 1083 782 1871 821">
    <p class='ocr_par' dir='ltr' id='par_1_30' title="bbox 1083 782 1871 821">
     <span class='ocr_line' id='line_1_30' title="bbox 1083 782 1871 821; baseline 0 -10"><span class='ocrx_word' id='word_1_216' title='bbox 1083 792 1114 812; x_wconf 86' lang='lat' dir='ltr'><strong>ac</strong></span> <span class='ocrx_word' id='word_1_217' title='bbox 1128 786 1213 813; x_wconf 86' lang='lat' dir='ltr'><strong>beatis</strong></span> <span class='ocrx_word' id='word_1_218' title='bbox 1228 786 1382 821; x_wconf 78' lang='lat' dir='ltr'><strong>quibusque</strong></span> <span class='ocrx_word' id='word_1_219' title='bbox 1397 782 1422 812; x_wconf 91' lang='lat' dir='ltr'><strong>in</strong></span> <span class='ocrx_word' id='word_1_220' title='bbox 1437 786 1669 819; x_wconf 84' lang='lat' dir='ltr'><strong>comparationem</strong></span> <span class='ocrx_word' id='word_1_221' title='bbox 1685 787 1778 813; x_wconf 82' lang='lat' dir='ltr'><strong>missis</strong></span> <span class='ocrx_word' id='word_1_222' title='bbox 1795 787 1871 812; x_wconf 89' lang='lat' dir='ltr'><strong>inve-</strong></span> 
     </span>
    </p>
   </div>
   <div class='ocr_carea' id='block_1_31' title="bbox 1083 831 1873 866">
    <p class='ocr_par' dir='ltr' id='par_1_31' title="bbox 1083 831 1873 866">
     <span class='ocr_line' id='line_1_31' title="bbox 1083 831 1873 866; baseline 0.003 -9"><span class='ocrx_word' id='word_1_223' title='bbox 1083 831 1157 858; x_wconf 87' lang='lat' dir='ltr'><strong>nitur</strong></span> <span class='ocrx_word' id='word_1_224' title='bbox 1179 833 1346 859; x_wconf 88' lang='lat' dir='ltr'><strong>coutrarium</strong></span> <span class='ocrx_word' id='word_1_225' title='bbox 1373 833 1435 859; x_wconf 88' lang='lat' dir='ltr'><strong>huic</strong></span> <span class='ocrx_word' id='word_1_226' title='bbox 1461 832 1532 866; x_wconf 90' lang='lat' dir='ltr'><strong>quod</strong></span> <span class='ocrx_word' id='word_1_227' title='bbox 1549 832 1649 858; x_wconf 78' lang='lat' dir='ltr'><strong>dicitur</strong></span> <span class='ocrx_word' id='word_1_228' title='bbox 1665 833 1698 858; x_wconf 89' lang='lat' dir='ltr'><strong>de</strong></span> <span class='ocrx_word' id='word_1_229' title='bbox 1712 831 1831 859; x_wconf 84' lang='lat' dir='ltr'><strong>Sodoma</strong></span> <span class='ocrx_word' id='word_1_230' title='bbox 1845 836 1873 859; x_wconf 83' lang='lat' dir='ltr'><strong>et</strong></span> 
     </span>
    </p>
   </div>
   <div class='ocr_carea' id='block_1_32' title="bbox 1083 877 1871 913">
    <p class='ocr_par' dir='ltr' id='par_1_32' title="bbox 1083 877 1871 913">
     <span class='ocr_line' id='line_1_32' title="bbox 1083 877 1871 913; baseline 0 -9"><span class='ocrx_word' id='word_1_231' title='bbox 1083 877 1250 910; x_wconf 82' lang='lat' dir='ltr'><strong>Jerusalem,</strong></span> <span class='ocrx_word' id='word_1_232' title='bbox 1277 878 1362 913; x_wconf 80' lang='lat' dir='ltr'><strong>magis</strong></span> <span class='ocrx_word' id='word_1_233' title='bbox 1390 878 1511 913; x_wconf 78' lang='lat' dir='ltr'><strong>glorilico</strong></span> <span class='ocrx_word' id='word_1_234' title='bbox 1537 877 1704 904; x_wconf 68' lang='lat' dir='ltr'><strong>Salvatorem</strong></span> <span class='ocrx_word' id='word_1_235' title='bbox 1737 882 1871 904; x_wconf 78' lang='lat' dir='ltr'><strong>nostrum.</strong></span> 
     </span>
    </p>
   </div>
   <div class='ocr_carea' id='block_1_33' title="bbox 239 915 1874 958">
    <p class='ocr_par' dir='ltr' id='par_1_33' title="bbox 239 915 1874 958">
     <span class='ocr_line' id='line_1_33' title="bbox 239 915 1874 958; baseline 0.002 -10"><span class='ocrx_word' id='word_1_236' title='bbox 239 929 300 948; x_wconf 72' lang='lat' dir='ltr'><strong>nus.</strong></span> <span class='ocrx_word' id='word_1_237' title='bbox 320 920 417 954; x_wconf 85' lang='lat' dir='ltr'><strong>Jejuno</strong></span> <span class='ocrx_word' id='word_1_238' title='bbox 433 921 471 948; x_wconf 74' lang='lat' dir='ltr'><strong>bis</strong></span> <span class='ocrx_word' id='word_1_239' title='bbox 485 922 511 947; x_wconf 88' lang='lat' dir='ltr'><strong>in</strong></span> <span class='ocrx_word' id='word_1_240' title='bbox 526 921 651 949; x_wconf 80' lang='lat' dir='ltr'><strong>Sabbato.</strong></span> <span class='ocrx_word' id='word_1_241' title='bbox 675 922 707 949; x_wconf 77' lang='lat' dir='ltr'><strong>At</strong></span> <span class='ocrx_word' id='word_1_242' title='bbox 721 931 786 950; x_wconf 91' lang='lat' dir='ltr'><strong>vero</strong></span> <span class='ocrx_word' id='word_1_243' title='bbox 802 922 968 951; x_wconf 78' lang='lat' dir='ltr'><strong>Publicanus</strong></span> <span class='ocrx_word' id='word_1_244' title='bbox 981 923 1032 951; x_wconf 80' lang='lat' dir='ltr'><strong>hu—</strong></span> <span class='ocrx_word' id='word_1_245' title='bbox 1048 915 1070 942; x_wconf 73' lang='grc' dir='ltr'><strong>Β</strong></span> <span class='ocrx_word' id='word_1_246' title='bbox 1084 924 1162 957; x_wconf 84' lang='lat' dir='ltr'><strong>Quod</strong></span> <span class='ocrx_word' id='word_1_247' title='bbox 1182 929 1272 951; x_wconf 87' lang='lat' dir='ltr'><strong>autem</strong></span> <span class='ocrx_word' id='word_1_248' title='bbox 1296 925 1357 951; x_wconf 83' lang='lat' dir='ltr'><strong>dico</strong></span> <span class='ocrx_word' id='word_1_249' title='bbox 1383 924 1537 951; x_wconf 79' lang='lat' dir='ltr'><strong>istiusmodi</strong></span> <span class='ocrx_word' id='word_1_250' title='bbox 1553 928 1603 955; x_wconf 77' lang='lat' dir='ltr'><strong>est,</strong></span> <span class='ocrx_word' id='word_1_251' title='bbox 1628 929 1652 950; x_wconf 87' lang='lat' dir='ltr'><strong>cl</strong></span> <span class='ocrx_word' id='word_1_252' title='bbox 1672 924 1725 951; x_wconf 84' lang='lat' dir='ltr'><strong>Deo</strong></span> <span class='ocrx_word' id='word_1_253' title='bbox 1743 924 1874 958; x_wconf 80' lang='lat' dir='ltr'><strong>largiente</strong></span> 
     </span>
    </p>
   </div>
   <div class='ocr_carea' id='block_1_34' title="bbox 240 965 1031 1002">
    <p class='ocr_par' dir='ltr' id='par_1_34' title="bbox 240 965 1031 1002">
     <span class='ocr_line' id='line_1_34' title="bbox 240 965 1031 1002; baseline 0.004 -9"><span class='ocrx_word' id='word_1_254' title='bbox 240 965 341 993; x_wconf 86' lang='lat' dir='ltr'><strong>militcr</strong></span> <span class='ocrx_word' id='word_1_255' title='bbox 359 970 386 993; x_wconf 86' lang='lat' dir='ltr'><strong>et</strong></span> <span class='ocrx_word' id='word_1_256' title='bbox 403 971 546 993; x_wconf 84' lang='lat' dir='ltr'><strong>mansuete</strong></span> <span class='ocrx_word' id='word_1_257' title='bbox 562 967 670 1002; x_wconf 79' lang='lat' dir='ltr'><strong>longius</strong></span> <span class='ocrx_word' id='word_1_258' title='bbox 695 972 770 995; x_wconf 81' lang='lat' dir='ltr'><strong>stans</strong></span> <span class='ocrx_word' id='word_1_259' title='bbox 792 976 845 995; x_wconf 91' lang='lat' dir='ltr'><strong>non</strong></span> <span class='ocrx_word' id='word_1_260' title='bbox 868 973 926 996; x_wconf 87' lang='lat' dir='ltr'><strong>erat</strong></span> <span class='ocrx_word' id='word_1_261' title='bbox 946 976 1031 997; x_wconf 88' lang='lat' dir='ltr'><strong>ausus</strong></span> 
     </span>
    </p>
   </div>
   <div class='ocr_carea' id='block_1_35' title="bbox 243 1012 1030 1051">
    <p class='ocr_par' dir='ltr' id='par_1_35' title="bbox 243 1012 1030 1051">
     <span class='ocr_line' id='line_1_35' title="bbox 243 1012 1030 1051; baseline 0.005 -13"><span class='ocrx_word' id='word_1_262' title='bbox 243 1019 330 1046; x_wconf 89' lang='lat' dir='ltr'><strong>neque</strong></span> <span class='ocrx_word' id='word_1_263' title='bbox 345 1012 440 1040; x_wconf 84' lang='lat' dir='ltr'><strong>oculos</strong></span> <span class='ocrx_word' id='word_1_264' title='bbox 459 1012 567 1045; x_wconf 88' lang='lat' dir='ltr'><strong>levare,</strong></span> <span class='ocrx_word' id='word_1_265' title='bbox 581 1018 608 1040; x_wconf 88' lang='lat' dir='ltr'><strong>et</strong></span> <span class='ocrx_word' id='word_1_266' title='bbox 628 1013 735 1041; x_wconf 80' lang='lat' dir='ltr'><strong>dicebat</strong></span> <span class='ocrx_word' id='word_1_267' title='bbox 750 1015 771 1030; x_wconf 85' lang='lat'><strong>&quot;</strong></span> <span class='ocrx_word' id='word_1_268' title='bbox 788 1024 794 1042; x_wconf 95' lang='lat'>:</span> <span class='ocrx_word' id='word_1_269' title='bbox 813 1014 949 1051; x_wconf 73' lang='lat' dir='ltr'><strong>Propitius</strong></span> <span class='ocrx_word' id='word_1_270' title='bbox 964 1020 1030 1049; x_wconf 78' lang='lat' dir='ltr'><strong>esto,</strong></span> 
     </span>
    </p>
   </div>
   <div class='ocr_carea' id='block_1_36' title="bbox 241 1057 1031 1093">
    <p class='ocr_par' dir='ltr' id='par_1_36' title="bbox 241 1057 1031 1093">
     <span class='ocr_line' id='line_1_36' title="bbox 241 1057 1031 1093; baseline 0.006 -9"><span class='ocrx_word' id='word_1_271' title='bbox 241 1057 324 1090; x_wconf 72' lang='lat' dir='ltr'><strong>Deus,</strong></span> <span class='ocrx_word' id='word_1_272' title='bbox 340 1058 405 1085; x_wconf 85' lang='lat' dir='ltr'><strong>mihi</strong></span> <span class='ocrx_word' id='word_1_273' title='bbox 417 1060 560 1093; x_wconf 79' lang='lat' dir='ltr'><strong>peccaturi.</strong></span> <span class='ocrx_word' id='word_1_274' title='bbox 585 1058 619 1089; x_wconf 49' lang='lat' dir='ltr'><strong>lit</strong></span> <span class='ocrx_word' id='word_1_275' title='bbox 631 1060 772 1088; x_wconf 83' lang='lat' dir='ltr'><strong>descendit</strong></span> <span class='ocrx_word' id='word_1_276' title='bbox 785 1061 811 1088; x_wconf 94' lang='lat' dir='ltr'><strong>iu</strong></span> <span class='ocrx_word' id='word_1_277' title='bbox 828 1061 939 1088; x_wconf 88' lang='lat' dir='ltr'><strong>domum</strong></span> <span class='ocrx_word' id='word_1_278' title='bbox 953 1070 1031 1089; x_wconf 86' lang='lat' dir='ltr'><strong>suam</strong></span> 
     </span>
    </p>
   </div>
   <div class='ocr_carea' id='block_1_37' title="bbox 239 1104 1030 1142">
    <p class='ocr_par' dir='ltr' id='par_1_37' title="bbox 239 1104 1030 1142">
     <span class='ocr_line' id='line_1_37' title="bbox 239 1104 1030 1142; baseline 0.006 -12"><span class='ocrx_word' id='word_1_279' title='bbox 239 1104 405 1141; x_wconf 85' lang='lat' dir='ltr'><strong>publicanus</strong></span> <span class='ocrx_word' id='word_1_280' title='bbox 414 1104 592 1139; x_wconf 87' lang='lat' dir='ltr'><strong>justillcatus.</strong></span> <span class='ocrx_word' id='word_1_281' title='bbox 606 1104 666 1133; x_wconf 87' lang='lat' dir='ltr'><strong>Non</strong></span> <span class='ocrx_word' id='word_1_282' title='bbox 679 1105 838 1141; x_wconf 75' lang='lat' dir='ltr'><strong>simpliciter</strong></span> <span class='ocrx_word' id='word_1_283' title='bbox 847 1107 1030 1142; x_wconf 85' lang='lat' dir='ltr'><strong>justificatus:</strong></span> 
     </span>
    </p>
   </div>
   <div class='ocr_carea' id='block_1_38' title="bbox 242 1149 1033 1186">
    <p class='ocr_par' dir='ltr' id='par_1_38' title="bbox 242 1149 1033 1186">
     <span class='ocr_line' id='line_1_38' title="bbox 242 1149 1033 1186; baseline 0.006 -10"><span class='ocrx_word' id='word_1_284' title='bbox 242 1149 290 1176; x_wconf 85' lang='lat' dir='ltr'><strong>sed</strong></span> <span class='ocrx_word' id='word_1_285' title='bbox 305 1150 473 1184; x_wconf 83' lang='lat' dir='ltr'><strong>justiﬁeatus</strong></span> <span class='ocrx_word' id='word_1_286' title='bbox 488 1151 692 1186; x_wconf 86' lang='lat' dir='ltr'><strong>comparatione</strong></span> <span class='ocrx_word' id='word_1_287' title='bbox 706 1151 849 1181; x_wconf 75' lang='lat' dir='ltr'><strong>Pharisa-i.</strong></span> <span class='ocrx_word' id='word_1_288' title='bbox 878 1153 1033 1181; x_wconf 78' lang='lat' dir='ltr'><strong>Observan-</strong></span> 
     </span>
    </p>
   </div>
   <div class='ocr_carea' id='block_1_39' title="bbox 242 1195 1033 1236">
    <p class='ocr_par' dir='ltr' id='par_1_39' title="bbox 242 1195 1033 1236">
     <span class='ocr_line' id='line_1_39' title="bbox 242 1195 1033 1236; baseline 0.008 -14"><span class='ocrx_word' id='word_1_289' title='bbox 242 1195 295 1222; x_wconf 86' lang='lat' dir='ltr'><strong>dus</strong></span> <span class='ocrx_word' id='word_1_290' title='bbox 321 1195 422 1231; x_wconf 88' lang='lat' dir='ltr'><strong>quippe</strong></span> <span class='ocrx_word' id='word_1_291' title='bbox 452 1201 494 1224; x_wconf 86' lang='lat' dir='ltr'><strong>est</strong></span> <span class='ocrx_word' id='word_1_292' title='bbox 526 1197 734 1233; x_wconf 76' lang='lat' dir='ltr'><strong>diligentissime</strong></span> <span class='ocrx_word' id='word_1_293' title='bbox 767 1200 858 1228; x_wconf 85' lang='lat' dir='ltr'><strong>omnis</strong></span> <span class='ocrx_word' id='word_1_294' title='bbox 885 1199 1033 1236; x_wconf 71' lang='lat' dir='ltr'><strong>Scriptum</strong></span> 
     </span>
    </p>
   </div>
   <div class='ocr_carea' id='block_1_40' title="bbox 243 1242 1032 1280">
    <p class='ocr_par' dir='ltr' id='par_1_40' title="bbox 243 1242 1032 1280">
     <span class='ocr_line' id='line_1_40' title="bbox 243 1242 1032 1280; baseline 0.008 -12"><span class='ocrx_word' id='word_1_295' title='bbox 243 1248 345 1273; x_wconf 86' lang='lat' dir='ltr'><strong>sermo.</strong></span> <span class='ocrx_word' id='word_1_296' title='bbox 359 1242 437 1275; x_wconf 81' lang='lat' dir='ltr'><strong>ordo,</strong></span> <span class='ocrx_word' id='word_1_297' title='bbox 452 1242 592 1276; x_wconf 88' lang='lat' dir='ltr'><strong>junctura.</strong></span> <span class='ocrx_word' id='word_1_298' title='bbox 626 1243 706 1270; x_wconf 84' lang='lat' dir='ltr'><strong>Aliud</strong></span> <span class='ocrx_word' id='word_1_299' title='bbox 722 1249 762 1272; x_wconf 85' lang='lat' dir='ltr'><strong>est</strong></span> <span class='ocrx_word' id='word_1_300' title='bbox 776 1245 934 1280; x_wconf 81' lang='lat' dir='ltr'><strong>justiflcari,</strong></span> <span class='ocrx_word' id='word_1_301' title='bbox 959 1246 1032 1274; x_wconf 88' lang='lat' dir='ltr'><strong>aliud</strong></span> 
     </span>
    </p>
   </div>
   <div class='ocr_carea' id='block_1_41' title="bbox 242 1288 1033 1325">
    <p class='ocr_par' dir='ltr' id='par_1_41' title="bbox 242 1288 1033 1325">
     <span class='ocr_line' id='line_1_41' title="bbox 242 1288 1033 1325; baseline 0.006 -11"><span class='ocrx_word' id='word_1_302' title='bbox 242 1295 274 1314; x_wconf 82' lang='lat' dir='ltr'><strong>ex</strong></span> <span class='ocrx_word' id='word_1_303' title='bbox 289 1288 343 1314; x_wconf 87' lang='lat' dir='ltr'><strong>alio</strong></span> <span class='ocrx_word' id='word_1_304' title='bbox 365 1288 523 1322; x_wconf 80' lang='lat' dir='ltr'><strong>justiﬁeari.</strong></span> <span class='ocrx_word' id='word_1_305' title='bbox 551 1289 646 1317; x_wconf 90' lang='lat' dir='ltr'><strong>Simile</strong></span> <span class='ocrx_word' id='word_1_306' title='bbox 662 1294 702 1317; x_wconf 89' lang='lat' dir='ltr'><strong>est</strong></span> <span class='ocrx_word' id='word_1_307' title='bbox 720 1291 894 1325; x_wconf 81' lang='lat' dir='ltr'><strong>publicanum</strong></span> <span class='ocrx_word' id='word_1_308' title='bbox 909 1300 924 1319; x_wconf 85' lang='lat' dir='ltr'><strong>a</strong></span> <span class='ocrx_word' id='word_1_309' title='bbox 936 1292 1033 1320; x_wconf 81' lang='lat' dir='ltr'><strong>Phari-</strong></span> 
     </span>
    </p>
   </div>
   <div class='ocr_carea' id='block_1_42' title="bbox 242 1333 1034 1371">
    <p class='ocr_par' dir='ltr' id='par_1_42' title="bbox 242 1333 1034 1371">
     <span class='ocr_line' id='line_1_42' title="bbox 242 1333 1034 1371; baseline 0.009 -11"><span class='ocrx_word' id='word_1_310' title='bbox 242 1340 297 1360; x_wconf 76' lang='lat' dir='ltr'><strong>san</strong></span> <span class='ocrx_word' id='word_1_311' title='bbox 308 1333 488 1368; x_wconf 77' lang='lat' dir='ltr'><strong>justiticatum</strong></span> <span class='ocrx_word' id='word_1_312' title='bbox 504 1334 606 1366; x_wconf 82' lang='lat' dir='ltr'><strong>fuisse.</strong></span> <span class='ocrx_word' id='word_1_313' title='bbox 625 1336 663 1362; x_wconf 93' lang='lat' dir='ltr'><strong>illi</strong></span> <span class='ocrx_word' id='word_1_314' title='bbox 678 1337 749 1371; x_wconf 90' lang='lat' dir='ltr'><strong>quod</strong></span> <span class='ocrx_word' id='word_1_315' title='bbox 765 1337 881 1365; x_wconf 88' lang='lat' dir='ltr'><strong>Sodoma</strong></span> <span class='ocrx_word' id='word_1_316' title='bbox 896 1343 923 1366; x_wconf 92' lang='lat' dir='ltr'><strong>et</strong></span> <span class='ocrx_word' id='word_1_317' title='bbox 939 1338 1034 1367; x_wconf 87' lang='lat' dir='ltr'><strong>Sama-</strong></span> 
     </span>
    </p>
   </div>
   <div class='ocr_carea' id='block_1_43' title="bbox 240 1379 1034 1420">
    <p class='ocr_par' dir='ltr' id='par_1_43' title="bbox 240 1379 1034 1420">
     <span class='ocr_line' id='line_1_43' title="bbox 240 1379 1034 1420; baseline 0.008 -14"><span class='ocrx_word' id='word_1_318' title='bbox 240 1379 279 1406; x_wconf 87' lang='lat' dir='ltr'><strong>ria</strong></span> <span class='ocrx_word' id='word_1_319' title='bbox 301 1388 334 1407; x_wconf 80' lang='lat' dir='ltr'><strong>ex</strong></span> <span class='ocrx_word' id='word_1_320' title='bbox 357 1382 563 1416; x_wconf 86' lang='lat' dir='ltr'><strong>comparatione</strong></span> <span class='ocrx_word' id='word_1_321' title='bbox 584 1382 744 1416; x_wconf 83' lang='lat' dir='ltr'><strong>peccatricis</strong></span> <span class='ocrx_word' id='word_1_322' title='bbox 761 1382 910 1412; x_wconf 82' lang='lat' dir='ltr'><strong>Jerusalem</strong></span> <span class='ocrx_word' id='word_1_323' title='bbox 932 1384 1034 1420; x_wconf 81' lang='lat' dir='ltr'><strong>justiﬁ—</strong></span> 
     </span>
    </p>
   </div>
   <div class='ocr_carea' id='block_1_44' title="bbox 240 1426 1033 1465">
    <p class='ocr_par' dir='ltr' id='par_1_44' title="bbox 240 1426 1033 1465">
     <span class='ocr_line' id='line_1_44' title="bbox 240 1426 1033 1465; baseline 0.009 -13"><span class='ocrx_word' id='word_1_324' title='bbox 240 1429 309 1452; x_wconf 72' lang='lat' dir='ltr'><strong>eatae</strong></span> <span class='ocrx_word' id='word_1_325' title='bbox 324 1429 397 1453; x_wconf 88' lang='lat' dir='ltr'><strong>sunt.</strong></span> <span class='ocrx_word' id='word_1_326' title='bbox 427 1426 459 1453; x_wconf 86' lang='lat' dir='ltr'><strong>Et</strong></span> <span class='ocrx_word' id='word_1_327' title='bbox 472 1435 582 1455; x_wconf 86' lang='lat' dir='ltr'><strong>necesse</strong></span> <span class='ocrx_word' id='word_1_328' title='bbox 596 1432 639 1455; x_wconf 90' lang='lat' dir='ltr'><strong>est</strong></span> <span class='ocrx_word' id='word_1_329' title='bbox 654 1437 703 1456; x_wconf 90' lang='lat' dir='ltr'><strong>nos</strong></span> <span class='ocrx_word' id='word_1_330' title='bbox 720 1429 745 1456; x_wconf 90' lang='lat' dir='ltr'><strong>id</strong></span> <span class='ocrx_word' id='word_1_331' title='bbox 759 1430 839 1463; x_wconf 83' lang='lat' dir='ltr'><strong>seire,</strong></span> <span class='ocrx_word' id='word_1_332' title='bbox 859 1430 923 1465; x_wconf 89' lang='lat' dir='ltr'><strong>quia</strong></span> <span class='ocrx_word' id='word_1_333' title='bbox 946 1439 1033 1459; x_wconf 88' lang='lat' dir='ltr'><strong>unus-</strong></span> 
     </span>
    </p>
   </div>
   <div class='ocr_carea' id='block_1_45' title="bbox 240 1471 1032 1510">
    <p class='ocr_par' dir='ltr' id='par_1_45' title="bbox 240 1471 1032 1510">
     <span class='ocr_line' id='line_1_45' title="bbox 240 1471 1032 1510; baseline 0.008 -14"><span class='ocrx_word' id='word_1_334' title='bbox 240 1471 359 1506; x_wconf 85' lang='lat' dir='ltr'><strong>quisque</strong></span> <span class='ocrx_word' id='word_1_335' title='bbox 384 1477 506 1498; x_wconf 91' lang='lat' dir='ltr'><strong>nostrum</strong></span> <span class='ocrx_word' id='word_1_336' title='bbox 525 1472 551 1499; x_wconf 94' lang='lat' dir='ltr'><strong>in</strong></span> <span class='ocrx_word' id='word_1_337' title='bbox 567 1472 610 1500; x_wconf 91' lang='lat' dir='ltr'><strong>die</strong></span> <span class='ocrx_word' id='word_1_338' title='bbox 624 1473 720 1507; x_wconf 88' lang='lat' dir='ltr'><strong>judicii</strong></span> <span class='ocrx_word' id='word_1_339' title='bbox 743 1474 777 1501; x_wconf 88' lang='lat' dir='ltr'><strong>ab</strong></span> <span class='ocrx_word' id='word_1_340' title='bbox 792 1474 1032 1510; x_wconf 83' lang='lat' dir='ltr'><strong>aliojustilicetur,</strong></span> 
     </span>
    </p>
   </div>
   <div class='ocr_carea' id='block_1_46' title="bbox 242 1515 1034 1555">
    <p class='ocr_par' dir='ltr' id='par_1_46' title="bbox 242 1515 1034 1555">
     <span class='ocr_line' id='line_1_46' title="bbox 242 1515 1034 1555; baseline 0.008 -14"><span class='ocrx_word' id='word_1_341' title='bbox 242 1519 270 1541; x_wconf 91' lang='lat' dir='ltr'><strong>et</strong></span> <span class='ocrx_word' id='word_1_342' title='bbox 283 1515 317 1541; x_wconf 81' lang='lat' dir='ltr'><strong>ab</strong></span> <span class='ocrx_word' id='word_1_343' title='bbox 334 1515 388 1542; x_wconf 88' lang='lat' dir='ltr'><strong>alio</strong></span> <span class='ocrx_word' id='word_1_344' title='bbox 402 1516 610 1544; x_wconf 89' lang='lat' dir='ltr'><strong>condemnetur.</strong></span> <span class='ocrx_word' id='word_1_345' title='bbox 629 1517 717 1545; x_wconf 86' lang='lat' dir='ltr'><strong>Etiam</strong></span> <span class='ocrx_word' id='word_1_346' title='bbox 734 1526 796 1546; x_wconf 93' lang='lat' dir='ltr'><strong>cum</strong></span> <span class='ocrx_word' id='word_1_347' title='bbox 811 1518 944 1547; x_wconf 87' lang='lat' dir='ltr'><strong>fuerimus</strong></span> <span class='ocrx_word' id='word_1_348' title='bbox 956 1520 1034 1555; x_wconf 86' lang='lat' dir='ltr'><strong>justi-</strong></span> 
     </span>
    </p>
   </div>
   <div class='ocr_carea' id='block_1_47' title="bbox 241 1560 1033 1601">
    <p class='ocr_par' dir='ltr' id='par_1_47' title="bbox 241 1560 1033 1601">
     <span class='ocr_line' id='line_1_47' title="bbox 241 1560 1033 1601; baseline 0.009 -14"><span class='ocrx_word' id='word_1_349' title='bbox 241 1560 313 1588; x_wconf 82' lang='lat' dir='ltr'><strong>iicati</strong></span> <span class='ocrx_word' id='word_1_350' title='bbox 331 1568 362 1588; x_wconf 79' lang='lat' dir='ltr'><strong>ex</strong></span> <span class='ocrx_word' id='word_1_351' title='bbox 377 1562 441 1595; x_wconf 88' lang='lat' dir='ltr'><strong>alio,</strong></span> <span class='ocrx_word' id='word_1_352' title='bbox 458 1562 564 1596; x_wconf 81' lang='lat' dir='ltr'><strong>iustitia</strong></span> <span class='ocrx_word' id='word_1_353' title='bbox 580 1563 625 1591; x_wconf 84' lang='lat' dir='ltr'><strong>illa</strong></span> <span class='ocrx_word' id='word_1_354' title='bbox 639 1572 693 1591; x_wconf 93' lang='lat' dir='ltr'><strong>non</strong></span> <span class='ocrx_word' id='word_1_355' title='bbox 707 1568 762 1592; x_wconf 90' lang='lat' dir='ltr'><strong>tam</strong></span> <span class='ocrx_word' id='word_1_356' title='bbox 776 1565 864 1593; x_wconf 88' lang='lat' dir='ltr'><strong>laudis</strong></span> <span class='ocrx_word' id='word_1_357' title='bbox 879 1574 961 1601; x_wconf 89' lang='lat' dir='ltr'><strong>quam</strong></span> <span class='ocrx_word' id='word_1_358' title='bbox 978 1567 1033 1594; x_wconf 84' lang='lat' dir='ltr'><strong>cri-</strong></span> 
     </span>
    </p>
   </div>
   <div class='ocr_carea' id='block_1_48' title="bbox 243 1608 1033 1645">
    <p class='ocr_par' dir='ltr' id='par_1_48' title="bbox 243 1608 1033 1645">
     <span class='ocr_line' id='line_1_48' title="bbox 243 1608 1033 1645; baseline 0.008 -11"><span class='ocrx_word' id='word_1_359' title='bbox 243 1608 326 1635; x_wconf 92' lang='lat' dir='ltr'><strong>minis</strong></span> <span class='ocrx_word' id='word_1_360' title='bbox 342 1608 402 1636; x_wconf 86' lang='lat' dir='ltr'><strong>loco</strong></span> <span class='ocrx_word' id='word_1_361' title='bbox 418 1609 538 1643; x_wconf 85' lang='lat' dir='ltr'><strong>ponitur.</strong></span> <span class='ocrx_word' id='word_1_362' title='bbox 557 1608 657 1645; x_wconf 88' lang='lat' dir='ltr'><strong>Utputa</strong></span> <span class='ocrx_word' id='word_1_363' title='bbox 670 1610 691 1638; x_wconf 91' lang='lat' dir='ltr'><strong>si</strong></span> <span class='ocrx_word' id='word_1_364' title='bbox 708 1611 834 1639; x_wconf 71' lang='lat' dir='ltr'><strong>iuventus</strong></span> <span class='ocrx_word' id='word_1_365' title='bbox 853 1611 929 1639; x_wconf 87' lang='lat' dir='ltr'><strong>fuero</strong></span> <span class='ocrx_word' id='word_1_366' title='bbox 945 1612 1033 1640; x_wconf 68' lang='lat' dir='ltr'><strong>Sodo-</strong></span> 
     </span>
    </p>
   </div>
   <div class='ocr_carea' id='block_1_49' title="bbox 244 1653 1034 1691">
    <p class='ocr_par' dir='ltr' id='par_1_49' title="bbox 244 1653 1034 1691">
     <span class='ocr_line' id='line_1_49' title="bbox 244 1653 1034 1691; baseline 0.008 -12"><span class='ocrx_word' id='word_1_367' title='bbox 244 1653 337 1681; x_wconf 85' lang='lat' dir='ltr'><strong>mitiea</strong></span> <span class='ocrx_word' id='word_1_368' title='bbox 359 1654 458 1682; x_wconf 84' lang='lat' dir='ltr'><strong>habere</strong></span> <span class='ocrx_word' id='word_1_369' title='bbox 472 1660 593 1690; x_wconf 86' lang='lat' dir='ltr'><strong>peccata,</strong></span> <span class='ocrx_word' id='word_1_370' title='bbox 610 1660 636 1683; x_wconf 82' lang='lat' dir='ltr'><strong>et</strong></span> <span class='ocrx_word' id='word_1_371' title='bbox 654 1656 725 1684; x_wconf 90' lang='lat' dir='ltr'><strong>alius</strong></span> <span class='ocrx_word' id='word_1_372' title='bbox 748 1657 922 1691; x_wconf 86' lang='lat' dir='ltr'><strong>protrahatur</strong></span> <span class='ocrx_word' id='word_1_373' title='bbox 935 1658 961 1685; x_wconf 93' lang='lat' dir='ltr'><strong>in</strong></span> <span class='ocrx_word' id='word_1_374' title='bbox 977 1666 1034 1685; x_wconf 90' lang='lat' dir='ltr'><strong>me-</strong></span> 
     </span>
    </p>
   </div>
   <div class='ocr_carea' id='block_1_50' title="bbox 242 1697 1035 1738">
    <p class='ocr_par' dir='ltr' id='par_1_50' title="bbox 242 1697 1035 1738">
     <span class='ocr_line' id='line_1_50' title="bbox 242 1697 1035 1738; baseline 0.008 -13"><span class='ocrx_word' id='word_1_375' title='bbox 242 1697 318 1725; x_wconf 86' lang='lat' dir='ltr'><strong>dium</strong></span> <span class='ocrx_word' id='word_1_376' title='bbox 333 1698 379 1734; x_wconf 92' lang='lat' dir='ltr'><strong>qui</strong></span> <span class='ocrx_word' id='word_1_377' title='bbox 394 1699 512 1734; x_wconf 86' lang='lat' dir='ltr'><strong>duplicia</strong></span> <span class='ocrx_word' id='word_1_378' title='bbox 526 1700 628 1728; x_wconf 86' lang='lat' dir='ltr'><strong>scelera</strong></span> <span class='ocrx_word' id='word_1_379' title='bbox 642 1701 819 1735; x_wconf 86' lang='lat' dir='ltr'><strong>commiserit,</strong></span> <span class='ocrx_word' id='word_1_380' title='bbox 830 1701 966 1737; x_wconf 87' lang='lat' dir='ltr'><strong>justilicor</strong></span> <span class='ocrx_word' id='word_1_381' title='bbox 978 1703 1035 1738; x_wconf 90' lang='lat' dir='ltr'><strong>qui-</strong></span> 
     </span>
    </p>
   </div>
   <div class='ocr_carea' id='block_1_51' title="bbox 243 1744 1034 1782">
    <p class='ocr_par' dir='ltr' id='par_1_51' title="bbox 243 1744 1034 1782">
     <span class='ocr_line' id='line_1_51' title="bbox 243 1744 1034 1782; baseline 0.008 -11"><span class='ocrx_word' id='word_1_382' title='bbox 243 1744 318 1778; x_wconf 89' lang='lat' dir='ltr'><strong>dem,</strong></span> <span class='ocrx_word' id='word_1_383' title='bbox 345 1745 391 1773; x_wconf 88' lang='lat' dir='ltr'><strong>sed</strong></span> <span class='ocrx_word' id='word_1_384' title='bbox 416 1745 554 1780; x_wconf 84' lang='lat' dir='ltr'><strong>justificor</strong></span> <span class='ocrx_word' id='word_1_385' title='bbox 578 1754 631 1773; x_wconf 93' lang='lat' dir='ltr'><strong>non</strong></span> <span class='ocrx_word' id='word_1_386' title='bbox 656 1752 684 1774; x_wconf 90' lang='lat' dir='ltr'><strong>ut</strong></span> <span class='ocrx_word' id='word_1_387' title='bbox 707 1746 811 1782; x_wconf 84' lang='lat' dir='ltr'><strong>justus,</strong></span> <span class='ocrx_word' id='word_1_388' title='bbox 839 1756 932 1776; x_wconf 84' lang='lat' dir='ltr'><strong>verum</strong></span> <span class='ocrx_word' id='word_1_389' title='bbox 958 1755 988 1776; x_wconf 91' lang='lat' dir='ltr'><strong>ut</strong></span> <span class='ocrx_word' id='word_1_390' title='bbox 1000 1757 1034 1777; x_wconf 79' lang='lat' dir='ltr'><strong>ex</strong></span> 
     </span>
    </p>
   </div>
   <div class='ocr_carea' id='block_1_52' title="bbox 241 1791 1035 1830">
    <p class='ocr_par' dir='ltr' id='par_1_52' title="bbox 241 1791 1035 1830">
     <span class='ocr_line' id='line_1_52' title="bbox 241 1791 1035 1830; baseline 0.006 -13"><span class='ocrx_word' id='word_1_391' title='bbox 241 1791 446 1826; x_wconf 87' lang='lat' dir='ltr'><strong>comparatione</strong></span> <span class='ocrx_word' id='word_1_392' title='bbox 470 1792 531 1827; x_wconf 85' lang='lat' dir='ltr'><strong>ejus</strong></span> <span class='ocrx_word' id='word_1_393' title='bbox 545 1792 590 1828; x_wconf 90' lang='lat' dir='ltr'><strong>qui</strong></span> <span class='ocrx_word' id='word_1_394' title='bbox 613 1792 689 1828; x_wconf 87' lang='lat' dir='ltr'><strong>plura</strong></span> <span class='ocrx_word' id='word_1_395' title='bbox 706 1794 856 1826; x_wconf 86' lang='lat' dir='ltr'><strong>commisit.</strong></span> <span class='ocrx_word' id='word_1_396' title='bbox 866 1794 975 1829; x_wconf 88' lang='lat' dir='ltr'><strong>judicor</strong></span> <span class='ocrx_word' id='word_1_397' title='bbox 990 1795 1035 1830; x_wconf 85' lang='lat' dir='ltr'><strong>ju-</strong></span> 
     </span>
    </p>
   </div>
   <div class='ocr_carea' id='block_1_53' title="bbox 243 1835 1034 1875">
    <p class='ocr_par' dir='ltr' id='par_1_53' title="bbox 243 1835 1034 1875">
     <span class='ocr_line' id='line_1_53' title="bbox 243 1835 1034 1875; baseline 0.006 -13"><span class='ocrx_word' id='word_1_398' title='bbox 243 1839 317 1868; x_wconf 87' lang='lat' dir='ltr'><strong>stus,</strong></span> <span class='ocrx_word' id='word_1_399' title='bbox 340 1842 402 1862; x_wconf 92' lang='lat' dir='ltr'><strong>cum</strong></span> <span class='ocrx_word' id='word_1_400' title='bbox 417 1843 431 1862; x_wconf 87' lang='lat' dir='ltr'><strong>a</strong></span> <span class='ocrx_word' id='word_1_401' title='bbox 445 1835 551 1870; x_wconf 86' lang='lat' dir='ltr'><strong>justitia</strong></span> <span class='ocrx_word' id='word_1_402' title='bbox 565 1837 644 1872; x_wconf 76' lang='lat' dir='ltr'><strong>longe</strong></span> <span class='ocrx_word' id='word_1_403' title='bbox 657 1837 721 1865; x_wconf 91' lang='lat' dir='ltr'><strong>sim.</strong></span> <span class='ocrx_word' id='word_1_404' title='bbox 752 1836 799 1865; x_wconf 72' lang='lat' dir='ltr'><strong>Va:</strong></span> <span class='ocrx_word' id='word_1_405' title='bbox 811 1838 848 1865; x_wconf 91' lang='lat' dir='ltr'><strong>illi</strong></span> <span class='ocrx_word' id='word_1_406' title='bbox 867 1839 970 1866; x_wconf 90' lang='lat' dir='ltr'><strong>homini</strong></span> <span class='ocrx_word' id='word_1_407' title='bbox 986 1840 1034 1875; x_wconf 90' lang='lat' dir='ltr'><strong>qui</strong></span> 
     </span>
    </p>
   </div>
   <div class='ocr_carea' id='block_1_54' title="bbox 242 1881 1034 1919">
    <p class='ocr_par' dir='ltr' id='par_1_54' title="bbox 242 1881 1034 1919">
     <span class='ocr_line' id='line_1_54' title="bbox 242 1881 1034 1919; baseline 0.008 -12"><span class='ocrx_word' id='word_1_408' title='bbox 242 1888 259 1909; x_wconf 84' lang='lat' dir='ltr'><strong>a</strong></span> <span class='ocrx_word' id='word_1_409' title='bbox 284 1881 379 1909; x_wconf 89' lang='lat' dir='ltr'><strong>nutltis</strong></span> <span class='ocrx_word' id='word_1_410' title='bbox 402 1882 591 1917; x_wconf 86' lang='lat' dir='ltr'><strong>peccatoribus</strong></span> <span class='ocrx_word' id='word_1_411' title='bbox 619 1883 801 1919; x_wconf 80' lang='lat' dir='ltr'><strong>justiticalur;</strong></span> <span class='ocrx_word' id='word_1_412' title='bbox 825 1889 855 1912; x_wconf 93' lang='lat' dir='ltr'><strong>ut</strong></span> <span class='ocrx_word' id='word_1_413' title='bbox 877 1886 1034 1913; x_wconf 83' lang='lat' dir='ltr'><strong>econ&#39;rario</strong></span> 
     </span>
    </p>
   </div>
   <div class='ocr_carea' id='block_1_55' title="bbox 243 1927 1034 1967">
    <p class='ocr_par' dir='ltr' id='par_1_55' title="bbox 243 1927 1034 1967">
     <span class='ocr_line' id='line_1_55' title="bbox 243 1927 1034 1967; baseline 0.008 -13"><span class='ocrx_word' id='word_1_414' title='bbox 243 1927 360 1955; x_wconf 91' lang='lat' dir='ltr'><strong>multum</strong></span> <span class='ocrx_word' id='word_1_415' title='bbox 379 1927 474 1956; x_wconf 88' lang='lat' dir='ltr'><strong>beatus</strong></span> <span class='ocrx_word' id='word_1_416' title='bbox 497 1929 543 1964; x_wconf 94' lang='lat' dir='ltr'><strong>qui</strong></span> <span class='ocrx_word' id='word_1_417' title='bbox 569 1931 924 1967; x_wconf 87' lang='lat' dir='ltr'><strong>comparationejustorum</strong></span> <span class='ocrx_word' id='word_1_418' title='bbox 942 1932 1034 1966; x_wconf 91' lang='lat' dir='ltr'><strong>justus</strong></span> 
     </span>
    </p>
   </div>
   <div class='ocr_carea' id='block_1_56' title="bbox 244 1973 1034 2013">
    <p class='ocr_par' dir='ltr' id='par_1_56' title="bbox 244 1973 1034 2013">
     <span class='ocr_line' id='line_1_56' title="bbox 244 1973 1034 2013; baseline 0.009 -14"><span class='ocrx_word' id='word_1_419' title='bbox 244 1974 407 2003; x_wconf 86' lang='lat' dir='ltr'><strong>ostenditur.</strong></span> <span class='ocrx_word' id='word_1_420' title='bbox 435 1973 592 2003; x_wconf 89' lang='lat' dir='ltr'><strong>invenimus</strong></span> <span class='ocrx_word' id='word_1_421' title='bbox 611 1976 638 2003; x_wconf 91' lang='lat' dir='ltr'><strong>in</strong></span> <span class='ocrx_word' id='word_1_422' title='bbox 659 1976 807 2013; x_wconf 71' lang='lat' dir='ltr'><strong>Scriptum</strong></span> <span class='ocrx_word' id='word_1_423' title='bbox 821 1977 947 2006; x_wconf 86' lang='lat' dir='ltr'><strong>laudibus</strong></span> <span class='ocrx_word' id='word_1_424' title='bbox 959 1979 1034 2013; x_wconf 89' lang='lat' dir='ltr'><strong>posi-</strong></span> 
     </span>
    </p>
   </div>
   <div class='ocr_carea' id='block_1_57' title="bbox 242 2019 1035 2058">
    <p class='ocr_par' dir='ltr' id='par_1_57' title="bbox 242 2019 1035 2058">
     <span class='ocr_line' id='line_1_57' title="bbox 242 2019 1035 2058; baseline 0.011 -13"><span class='ocrx_word' id='word_1_425' title='bbox 242 2022 315 2050; x_wconf 81' lang='lat' dir='ltr'><strong>tum,</strong></span> <span class='ocrx_word' id='word_1_426' title='bbox 332 2019 413 2047; x_wconf 77' lang='lat' dir='ltr'><strong>bonis</strong></span> <span class='ocrx_word' id='word_1_427' title='bbox 427 2028 488 2048; x_wconf 87' lang='lat' dir='ltr'><strong>esse</strong></span> <span class='ocrx_word' id='word_1_428' title='bbox 509 2022 665 2051; x_wconf 87' lang='lat' dir='ltr'><strong>meliorem:</strong></span> <span class='ocrx_word' id='word_1_429' title='bbox 685 2028 780 2058; x_wconf 89' lang='lat' dir='ltr'><strong>utpula</strong></span> <span class='ocrx_word' id='word_1_430' title='bbox 796 2024 888 2051; x_wconf 87' lang='lat' dir='ltr'><strong>nullus</strong></span> <span class='ocrx_word' id='word_1_431' title='bbox 912 2026 951 2053; x_wconf 86' lang='lat' dir='ltr'><strong>sic</strong></span> <span class='ocrx_word' id='word_1_432' title='bbox 972 2024 1035 2054; x_wconf 86' lang='lat' dir='ltr'><strong>fecit</strong></span> 
     </span>
    </p>
   </div>
   <div class='ocr_carea' id='block_1_58' title="bbox 243 2067 1034 2105">
    <p class='ocr_par' dir='ltr' id='par_1_58' title="bbox 243 2067 1034 2105">
     <span class='ocr_line' id='line_1_58' title="bbox 243 2067 1034 2105; baseline 0.009 -12"><span class='ocrx_word' id='word_1_433' title='bbox 243 2071 350 2093; x_wconf 88' lang='lat' dir='ltr'><strong>rectum</strong></span> <span class='ocrx_word' id='word_1_434' title='bbox 368 2071 430 2095; x_wconf 89' lang='lat' dir='ltr'><strong>ante</strong></span> <span class='ocrx_word' id='word_1_435' title='bbox 451 2067 549 2095; x_wconf 88' lang='lat' dir='ltr'><strong>faciem</strong></span> <span class='ocrx_word' id='word_1_436' title='bbox 563 2068 689 2102; x_wconf 89' lang='lat' dir='ltr'><strong>Domini,</strong></span> <span class='ocrx_word' id='word_1_437' title='bbox 705 2075 735 2097; x_wconf 93' lang='lat' dir='ltr'><strong>ut</strong></span> <span class='ocrx_word' id='word_1_438' title='bbox 748 2071 792 2098; x_wconf 94' lang='lat' dir='ltr'><strong>ille</strong></span> <span class='ocrx_word' id='word_1_439' title='bbox 804 2093 810 2104; x_wconf 91' lang='lat'><strong>,</strong></span> <span class='ocrx_word' id='word_1_440' title='bbox 826 2076 853 2098; x_wconf 89' lang='lat' dir='ltr'><strong>et</strong></span> <span class='ocrx_word' id='word_1_441' title='bbox 869 2071 929 2105; x_wconf 89' lang='lat' dir='ltr'><strong>ille,</strong></span> <span class='ocrx_word' id='word_1_442' title='bbox 943 2073 1034 2101; x_wconf 87' lang='lat' dir='ltr'><strong>nullus</strong></span> 
     </span>
    </p>
   </div>
   <div class='ocr_carea' id='block_1_59' title="bbox 243 2112 1035 2153">
    <p class='ocr_par' dir='ltr' id='par_1_59' title="bbox 243 2112 1035 2153">
     <span class='ocr_line' id='line_1_59' title="bbox 243 2112 1035 2153; baseline 0.009 -13"><span class='ocrx_word' id='word_1_443' title='bbox 243 2113 284 2140; x_wconf 81' lang='lat' dir='ltr'><strong>sit.-</strong></span> <span class='ocrx_word' id='word_1_444' title='bbox 297 2112 402 2141; x_wconf 86' lang='lat' dir='ltr'><strong>Pascha</strong></span> <span class='ocrx_word' id='word_1_445' title='bbox 431 2114 578 2143; x_wconf 85' lang='lat' dir='ltr'><strong>celebravit</strong></span> <span class='ocrx_word' id='word_1_446' title='bbox 605 2120 635 2145; x_wconf 87' lang='lat' dir='ltr'><strong>ut</strong></span> <span class='ocrx_word' id='word_1_447' title='bbox 647 2115 747 2144; x_wconf 82' lang='lat' dir='ltr'><strong>Josias.</strong></span> <span class='ocrx_word' id='word_1_448' title='bbox 776 2116 814 2144; x_wconf 83' lang='lat' dir='ltr'><strong>Ex</strong></span> <span class='ocrx_word' id='word_1_449' title='bbox 838 2126 892 2153; x_wconf 88' lang='lat' dir='ltr'><strong>quo</strong></span> <span class='ocrx_word' id='word_1_450' title='bbox 914 2120 1035 2147; x_wconf 87' lang='lat' dir='ltr'><strong>ostendi-</strong></span> 
     </span>
    </p>
   </div>
   <div class='ocr_carea' id='block_1_60' title="bbox 243 2160 1035 2196">
    <p class='ocr_par' dir='ltr' id='par_1_60' title="bbox 243 2160 1035 2196">
     <span class='ocr_line' id='line_1_60' title="bbox 243 2160 1035 2196; baseline 0.009 -10"><span class='ocrx_word' id='word_1_451' title='bbox 243 2163 289 2186; x_wconf 85' lang='lat' dir='ltr'><strong>tur</strong></span> <span class='ocrx_word' id='word_1_452' title='bbox 306 2161 537 2194; x_wconf 84' lang='lat' dir='ltr'><strong>eomparationem</strong></span> <span class='ocrx_word' id='word_1_453' title='bbox 558 2160 616 2188; x_wconf 82' lang='lat' dir='ltr'><strong>ﬁeri</strong></span> <span class='ocrx_word' id='word_1_454' title='bbox 641 2161 796 2196; x_wconf 87' lang='lat' dir='ltr'><strong>justorum,</strong></span> <span class='ocrx_word' id='word_1_455' title='bbox 820 2167 848 2191; x_wconf 91' lang='lat' dir='ltr'><strong>et</strong></span> <span class='ocrx_word' id='word_1_456' title='bbox 869 2163 944 2191; x_wconf 88' lang='lat' dir='ltr'><strong>illum</strong></span> <span class='ocrx_word' id='word_1_457' title='bbox 972 2173 1035 2194; x_wconf 87' lang='lat' dir='ltr'><strong>vere</strong></span> 
     </span>
    </p>
   </div>
   <div class='ocr_carea' id='block_1_61' title="bbox 242 2205 1035 2242">
    <p class='ocr_par' dir='ltr' id='par_1_61' title="bbox 242 2205 1035 2242">
     <span class='ocr_line' id='line_1_61' title="bbox 242 2205 1035 2242; baseline 0.009 -10"><span class='ocrx_word' id='word_1_458' title='bbox 242 2212 304 2232; x_wconf 87' lang='lat' dir='ltr'><strong>esse</strong></span> <span class='ocrx_word' id='word_1_459' title='bbox 316 2205 421 2240; x_wconf 90' lang='lat' dir='ltr'><strong>justum</strong></span> <span class='ocrx_word' id='word_1_460' title='bbox 436 2206 482 2241; x_wconf 91' lang='lat' dir='ltr'><strong>qui</strong></span> <span class='ocrx_word' id='word_1_461' title='bbox 501 2207 541 2234; x_wconf 91' lang='lat' dir='ltr'><strong>sic</strong></span> <span class='ocrx_word' id='word_1_462' title='bbox 551 2206 694 2242; x_wconf 89' lang='lat' dir='ltr'><strong>justilieari</strong></span> <span class='ocrx_word' id='word_1_463' title='bbox 710 2214 857 2237; x_wconf 86' lang='lat' dir='ltr'><strong>mereatur.</strong></span> <span class='ocrx_word' id='word_1_464' title='bbox 887 2209 994 2239; x_wconf 91' lang='lat' dir='ltr'><strong>Utinam</strong></span> <span class='ocrx_word' id='word_1_465' title='bbox 1008 2216 1035 2239; x_wconf 86' lang='lat' dir='ltr'><strong>et</strong></span> 
     </span>
    </p>
   </div>
   <div class='ocr_carea' id='block_1_62' title="bbox 244 2252 1074 2298">
    <p class='ocr_par' dir='ltr' id='par_1_62' title="bbox 244 2252 1074 2298">
     <span class='ocr_line' id='line_1_62' title="bbox 244 2252 1074 2298; baseline 0.01 -20"><span class='ocrx_word' id='word_1_466' title='bbox 244 2258 296 2286; x_wconf 77' lang='lat' dir='ltr'><strong>ego</strong></span> <span class='ocrx_word' id='word_1_467' title='bbox 311 2252 427 2279; x_wconf 90' lang='lat' dir='ltr'><strong>collatus</strong></span> <span class='ocrx_word' id='word_1_468' title='bbox 442 2253 612 2287; x_wconf 89' lang='lat' dir='ltr'><strong>sapientibus</strong></span> <span class='ocrx_word' id='word_1_469' title='bbox 629 2253 738 2289; x_wconf 89' lang='lat' dir='ltr'><strong>sapiens</strong></span> <span class='ocrx_word' id='word_1_470' title='bbox 755 2256 885 2291; x_wconf 88' lang='lat' dir='ltr'><strong>reperiar,</strong></span> <span class='ocrx_word' id='word_1_471' title='bbox 906 2261 933 2284; x_wconf 89' lang='lat' dir='ltr'><strong>et</strong></span> <span class='ocrx_word' id='word_1_472' title='bbox 952 2257 1035 2292; x_wconf 85' lang='lat' dir='ltr'><strong>justis</strong></span> <span class='ocrx_word' id='word_1_473' title='bbox 1052 2270 1074 2298; x_wconf 76' lang='grc' dir='ltr'><strong>ο</strong></span> 
     </span>
    </p>
   </div>
   <div class='ocr_carea' id='block_1_63' title="bbox 241 2297 1035 2340">
    <p class='ocr_par' dir='ltr' id='par_1_63' title="bbox 241 2297 1035 2340">
     <span class='ocr_line' id='line_1_63' title="bbox 241 2297 1035 2340; baseline 0.013 -17"><span class='ocrx_word' id='word_1_474' title='bbox 241 2297 348 2332; x_wconf 86' lang='lat' dir='ltr'><strong>judicer</strong></span> <span class='ocrx_word' id='word_1_475' title='bbox 363 2298 465 2332; x_wconf 88' lang='lat' dir='ltr'><strong>justus.</strong></span> <span class='ocrx_word' id='word_1_476' title='bbox 498 2297 567 2326; x_wconf 87' lang='lat' dir='ltr'><strong>Nolo</strong></span> <span class='ocrx_word' id='word_1_477' title='bbox 585 2300 685 2336; x_wconf 87' lang='lat' dir='ltr'><strong>quippe</strong></span> <span class='ocrx_word' id='word_1_478' title='bbox 706 2301 851 2336; x_wconf 83' lang='lat' dir='ltr'><strong>justiticari</strong></span> <span class='ocrx_word' id='word_1_479' title='bbox 872 2303 907 2331; x_wconf 88' lang='lat' dir='ltr'><strong>ab</strong></span> <span class='ocrx_word' id='word_1_480' title='bbox 921 2304 1035 2340; x_wconf 85' lang='lat' dir='ltr'><strong>iniquis.</strong></span> 
     </span>
    </p>
   </div>
   <div class='ocr_carea' id='block_1_64' title="bbox 243 2343 734 2378">
    <p class='ocr_par' dir='ltr' id='par_1_64' title="bbox 243 2343 734 2378">
     <span class='ocr_line' id='line_1_64' title="bbox 243 2343 734 2378; baseline 0.008 -9"><span class='ocrx_word' id='word_1_481' title='bbox 243 2343 308 2378; x_wconf 92' lang='lat' dir='ltr'><strong>quia</strong></span> <span class='ocrx_word' id='word_1_482' title='bbox 323 2343 385 2371; x_wconf 84' lang='lat' dir='ltr'><strong>talis</strong></span> <span class='ocrx_word' id='word_1_483' title='bbox 396 2343 504 2378; x_wconf 86' lang='lat' dir='ltr'><strong>justitia</strong></span> <span class='ocrx_word' id='word_1_484' title='bbox 519 2345 668 2373; x_wconf 87' lang='lat' dir='ltr'><strong>criminosa</strong></span> <span class='ocrx_word' id='word_1_485' title='bbox 683 2350 734 2374; x_wconf 89' lang='lat' dir='ltr'><strong>est.</strong></span> 
     </span>
    </p>
   </div>
   <div class='ocr_carea' id='block_1_65' title="bbox 280 2389 1036 2432">
    <p class='ocr_par' dir='ltr' id='par_1_65' title="bbox 280 2389 1036 2432">
     <span class='ocr_line' id='line_1_65' title="bbox 280 2389 1036 2432; baseline 0.011 -16"><span class='ocrx_word' id='word_1_486' title='bbox 280 2389 307 2416; x_wconf 84' lang='lat'><strong>&#39;5.</strong></span> <span class='ocrx_word' id='word_1_487' title='bbox 328 2389 391 2416; x_wconf 80' lang='lat' dir='ltr'><strong>Haec</strong></span> <span class='ocrx_word' id='word_1_488' title='bbox 406 2390 560 2425; x_wconf 84' lang='lat' dir='ltr'><strong>auticipans</strong></span> <span class='ocrx_word' id='word_1_489' title='bbox 573 2391 681 2421; x_wconf 82' lang='lat' dir='ltr'><strong>locutus</strong></span> <span class='ocrx_word' id='word_1_490' title='bbox 695 2400 772 2424; x_wconf 91' lang='lat' dir='ltr'><strong>sum,</strong></span> <span class='ocrx_word' id='word_1_491' title='bbox 790 2394 855 2427; x_wconf 50' lang='lat' dir='ltr'><strong>quia</strong></span> <span class='ocrx_word' id='word_1_492' title='bbox 874 2394 900 2421; x_wconf 93' lang='lat' dir='ltr'><strong>in</strong></span> <span class='ocrx_word' id='word_1_493' title='bbox 919 2394 962 2423; x_wconf 91' lang='lat' dir='ltr'><strong>his</strong></span> <span class='ocrx_word' id='word_1_494' title='bbox 976 2403 1036 2432; x_wconf 62' lang='lat' dir='ltr'><strong>quae</strong></span> 
     </span>
    </p>
   </div>
   <div class='ocr_carea' id='block_1_66' title="bbox 244 2435 1035 2473">
    <p class='ocr_par' dir='ltr' id='par_1_66' title="bbox 244 2435 1035 2473">
     <span class='ocr_line' id='line_1_66' title="bbox 244 2435 1035 2473; baseline 0.008 -11"><span class='ocrx_word' id='word_1_495' title='bbox 244 2435 313 2463; x_wconf 86' lang='lat' dir='ltr'><strong>lecta</strong></span> <span class='ocrx_word' id='word_1_496' title='bbox 335 2440 399 2463; x_wconf 90' lang='lat' dir='ltr'><strong>sunt</strong></span> <span class='ocrx_word' id='word_1_497' title='bbox 422 2436 526 2463; x_wconf 86' lang='lat' dir='ltr'><strong>dicitur</strong></span> <span class='ocrx_word' id='word_1_498' title='bbox 540 2437 562 2452; x_wconf 85' lang='lat'>&quot;</span> <span class='ocrx_word' id='word_1_499' title='bbox 585 2446 591 2465; x_wconf 94' lang='lat'><strong>:</strong></span> <span class='ocrx_word' id='word_1_500' title='bbox 620 2437 782 2473; x_wconf 80' lang='lat' dir='ltr'><strong>Justtﬁcasti</strong></span> <span class='ocrx_word' id='word_1_501' title='bbox 800 2448 903 2467; x_wconf 74' lang='lat' dir='ltr'><strong>suram</strong></span> <span class='ocrx_word' id='word_1_502' title='bbox 925 2447 986 2467; x_wconf 76' lang='lat' dir='ltr'><strong>tuas</strong></span> <span class='ocrx_word' id='word_1_503' title='bbox 1007 2443 1035 2468; x_wconf 82' lang='lat' dir='ltr'><strong>in</strong></span> 
     </span>
    </p>
   </div>
   <div class='ocr_carea' id='block_1_67' title="bbox 245 2482 1034 2520">
    <p class='ocr_par' dir='ltr' id='par_1_67' title="bbox 245 2482 1034 2520">
     <span class='ocr_line' id='line_1_67' title="bbox 245 2482 1034 2520; baseline 0.009 -12"><span class='ocrx_word' id='word_1_504' title='bbox 245 2482 365 2508; x_wconf 82' lang='lat' dir='ltr'><strong>omnibus</strong></span> <span class='ocrx_word' id='word_1_505' title='bbox 390 2483 576 2517; x_wconf 76' lang='lat' dir='ltr'><strong>iniquitatibus</strong></span> <span class='ocrx_word' id='word_1_506' title='bbox 593 2484 645 2511; x_wconf 79' lang='lat' dir='ltr'><strong>tuis</strong></span> <span class='ocrx_word' id='word_1_507' title='bbox 667 2493 733 2520; x_wconf 73' lang='lat' dir='ltr'><strong>quas</strong></span> <span class='ocrx_word' id='word_1_508' title='bbox 754 2485 852 2520; x_wconf 77' lang='lat' dir='ltr'><strong>fecisti.</strong></span> <span class='ocrx_word' id='word_1_509' title='bbox 873 2485 1034 2515; x_wconf 63' lang='lat' dir='ltr'><strong>Jusliliealte</strong></span> 
     </span>
    </p>
   </div>
   <div class='ocr_carea' id='block_1_68' title="bbox 246 2528 1038 2565">
    <p class='ocr_par' dir='ltr' id='par_1_68' title="bbox 246 2528 1038 2565">
     <span class='ocr_line' id='line_1_68' title="bbox 246 2528 1038 2565; baseline 0.004 -8"><span class='ocrx_word' id='word_1_510' title='bbox 246 2533 312 2557; x_wconf 77' lang='lat' dir='ltr'><strong>sunt</strong></span> <span class='ocrx_word' id='word_1_511' title='bbox 324 2529 396 2556; x_wconf 87' lang='lat' dir='ltr'><strong>enim</strong></span> <span class='ocrx_word' id='word_1_512' title='bbox 412 2528 532 2557; x_wconf 81' lang='lat' dir='ltr'><strong>Samaria</strong></span> <span class='ocrx_word' id='word_1_513' title='bbox 547 2533 576 2557; x_wconf 86' lang='lat' dir='ltr'><strong>et</strong></span> <span class='ocrx_word' id='word_1_514' title='bbox 588 2529 703 2556; x_wconf 88' lang='lat' dir='ltr'><strong>Sodoma</strong></span> <span class='ocrx_word' id='word_1_515' title='bbox 719 2538 750 2556; x_wconf 80' lang='lat' dir='ltr'><strong>ex</strong></span> <span class='ocrx_word' id='word_1_516' title='bbox 764 2530 950 2565; x_wconf 80' lang='lat' dir='ltr'><strong>iniquitatibus</strong></span> <span class='ocrx_word' id='word_1_517' title='bbox 961 2532 1038 2559; x_wconf 82' lang='lat' dir='ltr'><strong>Jeru-</strong></span> 
     </span>
    </p>
   </div>
   <div class='ocr_carea' id='block_1_69' title="bbox 248 2574 1038 2612">
    <p class='ocr_par' dir='ltr' id='par_1_69' title="bbox 248 2574 1038 2612">
     <span class='ocr_line' id='line_1_69' title="bbox 248 2574 1038 2612; baseline 0.005 -12"><span class='ocrx_word' id='word_1_518' title='bbox 248 2575 342 2604; x_wconf 87' lang='lat' dir='ltr'><strong>salem.</strong></span> <span class='ocrx_word' id='word_1_519' title='bbox 356 2574 387 2601; x_wconf 86' lang='lat' dir='ltr'><strong>In</strong></span> <span class='ocrx_word' id='word_1_520' title='bbox 400 2575 518 2601; x_wconf 78' lang='lat' dir='ltr'><strong>omnibus</strong></span> <span class='ocrx_word' id='word_1_521' title='bbox 530 2574 712 2610; x_wconf 76' lang='lat' dir='ltr'><strong>iniquitatibus</strong></span> <span class='ocrx_word' id='word_1_522' title='bbox 726 2576 777 2602; x_wconf 74' lang='lat' dir='ltr'><strong>tuis</strong></span> <span class='ocrx_word' id='word_1_523' title='bbox 787 2585 853 2611; x_wconf 74' lang='lat' dir='ltr'><strong>quas</strong></span> <span class='ocrx_word' id='word_1_524' title='bbox 867 2577 952 2611; x_wconf 76' lang='lat' dir='ltr'><strong>fecisti</strong></span> <span class='ocrx_word' id='word_1_525' title='bbox 959 2578 1038 2612; x_wconf 73' lang='lat' dir='ltr'><strong>justi-</strong></span> 
     </span>
    </p>
   </div>
   <div class='ocr_carea' id='block_1_70' title="bbox 249 2620 1035 2658">
    <p class='ocr_par' dir='ltr' id='par_1_70' title="bbox 249 2620 1035 2658">
     <span class='ocr_line' id='line_1_70' title="bbox 249 2620 1035 2658; baseline 0.006 -12"><span class='ocrx_word' id='word_1_526' title='bbox 249 2621 335 2655; x_wconf 73' lang='lat' dir='ltr'><strong>ﬁcasti</strong></span> <span class='ocrx_word' id='word_1_527' title='bbox 351 2620 410 2647; x_wconf 68' lang='lat' dir='ltr'><strong>illa:</strong></span> <span class='ocrx_word' id='word_1_528' title='bbox 424 2629 502 2655; x_wconf 73' lang='lat' dir='ltr'><strong>super</strong></span> <span class='ocrx_word' id='word_1_529' title='bbox 514 2626 548 2647; x_wconf 88' lang='lat' dir='ltr'><strong>le.</strong></span> <span class='ocrx_word' id='word_1_530' title='bbox 566 2621 668 2648; x_wconf 87' lang='lat' dir='ltr'><strong>idcirco</strong></span> <span class='ocrx_word' id='word_1_531' title='bbox 684 2620 838 2656; x_wconf 78' lang='lat' dir='ltr'><strong>diligentius</strong></span> <span class='ocrx_word' id='word_1_532' title='bbox 852 2623 1035 2658; x_wconf 87' lang='lat' dir='ltr'><strong>attendamus,</strong></span> 
     </span>
    </p>
   </div>
   <div class='ocr_carea' id='block_1_71' title="bbox 250 2667 1037 2704">
    <p class='ocr_par' dir='ltr' id='par_1_71' title="bbox 250 2667 1037 2704">
     <span class='ocr_line' id='line_1_71' title="bbox 250 2667 1037 2704; baseline 0.004 -10"><span class='ocrx_word' id='word_1_533' title='bbox 250 2672 280 2695; x_wconf 89' lang='lat' dir='ltr'><strong>ut</strong></span> <span class='ocrx_word' id='word_1_534' title='bbox 304 2667 439 2702; x_wconf 88' lang='lat' dir='ltr'><strong>possimus</strong></span> <span class='ocrx_word' id='word_1_535' title='bbox 460 2675 607 2702; x_wconf 76' lang='lat' dir='ltr'><strong>agnoscere</strong></span> <span class='ocrx_word' id='word_1_536' title='bbox 626 2674 720 2694; x_wconf 89' lang='lat' dir='ltr'><strong>omnes</strong></span> <span class='ocrx_word' id='word_1_537' title='bbox 739 2675 790 2695; x_wconf 91' lang='lat' dir='ltr'><strong>nos</strong></span> <span class='ocrx_word' id='word_1_538' title='bbox 811 2668 837 2694; x_wconf 94' lang='lat' dir='ltr'><strong>in</strong></span> <span class='ocrx_word' id='word_1_539' title='bbox 855 2668 899 2696; x_wconf 87' lang='lat' dir='ltr'><strong>die</strong></span> <span class='ocrx_word' id='word_1_540' title='bbox 910 2668 1003 2704; x_wconf 88' lang='lat' dir='ltr'><strong>judicii</strong></span> <span class='ocrx_word' id='word_1_541' title='bbox 1021 2677 1037 2697; x_wconf 86' lang='lat' dir='ltr'><strong>a</strong></span> 
     </span>
    </p>
   </div>
   <div class='ocr_carea' id='block_1_72' title="bbox 250 2713 1037 2747">
    <p class='ocr_par' dir='ltr' id='par_1_72' title="bbox 250 2713 1037 2747">
     <span class='ocr_line' id='line_1_72' title="bbox 250 2713 1037 2747; baseline 0.006 -9"><span class='ocrx_word' id='word_1_542' title='bbox 250 2713 388 2747; x_wconf 89' lang='lat' dir='ltr'><strong>pcjoribus</strong></span> <span class='ocrx_word' id='word_1_543' title='bbox 410 2713 510 2739; x_wconf 76' lang='lat' dir='ltr'><strong>nostris</strong></span> <span class='ocrx_word' id='word_1_544' title='bbox 532 2713 733 2746; x_wconf 81' lang='lat' dir='ltr'><strong>justiiirandos.</strong></span> <span class='ocrx_word' id='word_1_545' title='bbox 752 2718 779 2740; x_wconf 91' lang='lat' dir='ltr'><strong>et</strong></span> <span class='ocrx_word' id='word_1_546' title='bbox 801 2722 908 2741; x_wconf 90' lang='lat' dir='ltr'><strong>rursum</strong></span> <span class='ocrx_word' id='word_1_547' title='bbox 926 2723 941 2742; x_wconf 91' lang='lat' dir='ltr'><strong>a</strong></span> <span class='ocrx_word' id='word_1_548' title='bbox 959 2716 1037 2747; x_wconf 87' lang='lat' dir='ltr'><strong>nobis</strong></span> 
     </span>
    </p>
   </div>
   <div class='ocr_carea' id='block_1_73' title="bbox 244 2756 1038 2793">
    <p class='ocr_par' dir='ltr' id='par_1_73' title="bbox 244 2756 1038 2793">
     <span class='ocr_line' id='line_1_73' title="bbox 244 2756 1038 2793; baseline 0.005 -10"><span class='ocrx_word' id='word_1_549' title='bbox 244 2757 314 2784; x_wconf 79' lang='lat' dir='ltr'><strong>alios</strong></span> <span class='ocrx_word' id='word_1_550' title='bbox 335 2757 490 2791; x_wconf 85' lang='lat' dir='ltr'><strong>justificari.</strong></span> <span class='ocrx_word' id='word_1_551' title='bbox 522 2756 600 2785; x_wconf 87' lang='lat' dir='ltr'><strong>Unus</strong></span> <span class='ocrx_word' id='word_1_552' title='bbox 616 2758 691 2785; x_wconf 87' lang='lat' dir='ltr'><strong>solus</strong></span> <span class='ocrx_word' id='word_1_553' title='bbox 712 2758 812 2793; x_wconf 86' lang='lat' dir='ltr'><strong>estqui</strong></span> <span class='ocrx_word' id='word_1_554' title='bbox 826 2758 991 2793; x_wconf 81' lang='lat' dir='ltr'><strong>justiﬁeatur</strong></span> <span class='ocrx_word' id='word_1_555' title='bbox 1003 2760 1038 2788; x_wconf 86' lang='lat' dir='ltr'><strong>ab</strong></span> 
     </span>
    </p>
   </div>
   <div class='ocr_carea' id='block_1_74' title="bbox 244 2802 1037 2840">
    <p class='ocr_par' dir='ltr' id='par_1_74' title="bbox 244 2802 1037 2840">
     <span class='ocr_line' id='line_1_74' title="bbox 244 2802 1037 2840; baseline 0.005 -11"><span class='ocrx_word' id='word_1_556' title='bbox 244 2802 382 2836; x_wconf 87' lang='lat' dir='ltr'><strong>omnibus,</strong></span> <span class='ocrx_word' id='word_1_557' title='bbox 396 2808 423 2830; x_wconf 90' lang='lat' dir='ltr'><strong>et</strong></span> <span class='ocrx_word' id='word_1_558' title='bbox 435 2803 492 2837; x_wconf 91' lang='lat' dir='ltr'><strong>ipse</strong></span> <span class='ocrx_word' id='word_1_559' title='bbox 505 2804 608 2832; x_wconf 91' lang='lat' dir='ltr'><strong>nullum</strong></span> <span class='ocrx_word' id='word_1_560' title='bbox 625 2804 767 2839; x_wconf 83' lang='lat' dir='ltr'><strong>justiticat.</strong></span> <span class='ocrx_word' id='word_1_561' title='bbox 797 2803 899 2840; x_wconf 89' lang='lat' dir='ltr'><strong>Utputa</strong></span> <span class='ocrx_word' id='word_1_562' title='bbox 916 2804 1037 2834; x_wconf 87' lang='lat' dir='ltr'><strong>Sodoma</strong></span> 
     </span>
    </p>
   </div>
   <div class='ocr_carea' id='block_1_75' title="bbox 297 2858 842 2894">
    <p class='ocr_par' dir='ltr' id='par_1_75' title="bbox 297 2858 842 2894">
     <span class='ocr_line' id='line_1_75' title="bbox 297 2858 842 2894; baseline 0.007 -9"><span class='ocrx_word' id='word_1_563' title='bbox 297 2859 319 2875; x_wconf 82' lang='grc'>³⁸</span> <span class='ocrx_word' id='word_1_564' title='bbox 333 2858 414 2887; x_wconf 84' lang='lat' dir='ltr'><strong>Eccli.</strong></span> <span class='ocrx_word' id='word_1_565' title='bbox 430 2869 474 2892; x_wconf 81' lang='grc' dir='ltr'><strong>ιιι,</strong></span> <span class='ocrx_word' id='word_1_566' title='bbox 486 2860 531 2887; x_wconf 75' lang='grc'><strong>20.</strong></span> <span class='ocrx_word' id='word_1_567' title='bbox 581 2861 602 2877; x_wconf 90' lang='grc'><strong>⁸¹</strong></span> <span class='ocrx_word' id='word_1_568' title='bbox 620 2860 684 2888; x_wconf 82' lang='lat' dir='ltr'><strong>Luc.</strong></span> <span class='ocrx_word' id='word_1_569' title='bbox 701 2869 766 2888; x_wconf 79' lang='lat' dir='ltr'><strong>xvtu</strong></span> <span class='ocrx_word' id='word_1_570' title='bbox 777 2882 785 2894; x_wconf 83' lang='lat'><strong>,</strong></span> <span class='ocrx_word' id='word_1_571' title='bbox 799 2861 842 2889; x_wconf 88' lang='lat' dir='ltr'><strong>ll.</strong></span> 
     </span>
    </p>
   </div>
   <div class='ocr_carea' id='block_1_76' title="bbox 260 2893 819 2931">
    <p class='ocr_par' dir='ltr' id='par_1_76' title="bbox 260 2893 819 2931">
     <span class='ocr_line' id='line_1_76' title="bbox 260 2893 819 2931; baseline 0.005 -10"><span class='ocrx_word' id='word_1_572' title='bbox 260 2893 300 2921; x_wconf 81' lang='lat' dir='ltr'><strong>lli.</strong></span> <span class='ocrx_word' id='word_1_573' title='bbox 343 2895 453 2922; x_wconf 76' lang='lat' dir='ltr'><strong>“Joan.</strong></span> <span class='ocrx_word' id='word_1_574' title='bbox 471 2903 490 2929; x_wconf 83' lang='lat' dir='ltr'><strong>I,</strong></span> <span class='ocrx_word' id='word_1_575' title='bbox 505 2896 531 2923; x_wconf 79' lang='grc'><strong>5.</strong></span> <span class='ocrx_word' id='word_1_576' title='bbox 571 2897 593 2912; x_wconf 85' lang='grc'><strong>³⁷</strong></span> <span class='ocrx_word' id='word_1_577' title='bbox 612 2895 712 2931; x_wconf 80' lang='lat' dir='ltr'><strong>Ephes.</strong></span> <span class='ocrx_word' id='word_1_578' title='bbox 726 2904 762 2930; x_wconf 87' lang='lat' dir='ltr'><strong>vt,</strong></span> <span class='ocrx_word' id='word_1_579' title='bbox 776 2897 819 2924; x_wconf 73' lang='lat' dir='ltr'><strong>l2.</strong></span> 
     </span>
    </p>
   </div>
   <div class='ocr_carea' id='block_1_77' title="bbox 882 2863 1045 2891">
    <p class='ocr_par' dir='ltr' id='par_1_77' title="bbox 882 2863 1045 2891">
     <span class='ocr_line' id='line_1_77' title="bbox 882 2863 1045 2891; baseline -0.006 0"><span class='ocrx_word' id='word_1_580' title='bbox 882 2863 904 2878; x_wconf 85' lang='lat'>&quot;</span> <span class='ocrx_word' id='word_1_581' title='bbox 919 2863 986 2891; x_wconf 85' lang='lat' dir='ltr'><strong>ibid.</strong></span> <span class='ocrx_word' id='word_1_582' title='bbox 1002 2863 1045 2891; x_wconf 78' lang='grc'><strong>15.</strong></span> 
     </span>
    </p>
   </div>
   <div class='ocr_carea' id='block_1_78' title="bbox 1083 970 1874 1005">
    <p class='ocr_par' dir='ltr' id='par_1_78' title="bbox 1083 970 1874 1005">
     <span class='ocr_line' id='line_1_78' title="bbox 1083 970 1874 1005; baseline 0 -9"><span class='ocrx_word' id='word_1_583' title='bbox 1083 970 1227 997; x_wconf 81' lang='lat' dir='ltr'><strong>orantibus</strong></span> <span class='ocrx_word' id='word_1_584' title='bbox 1254 971 1331 997; x_wconf 70' lang='lat' dir='ltr'><strong>vobis</strong></span> <span class='ocrx_word' id='word_1_585' title='bbox 1352 971 1476 1005; x_wconf 71' lang='lat' dir='ltr'><strong>pra-bello</strong></span> <span class='ocrx_word' id='word_1_586' title='bbox 1494 971 1526 997; x_wconf 86' lang='lat' dir='ltr'><strong>de</strong></span> <span class='ocrx_word' id='word_1_587' title='bbox 1541 970 1690 1004; x_wconf 86' lang='lat' dir='ltr'><strong>Seripturis</strong></span> <span class='ocrx_word' id='word_1_588' title='bbox 1705 970 1874 1004; x_wconf 78' lang='lat' dir='ltr'><strong>explanatio-</strong></span> 
     </span>
    </p>
   </div>
   <div class='ocr_carea' id='block_1_79' title="bbox 1083 1016 1873 1051">
    <p class='ocr_par' dir='ltr' id='par_1_79' title="bbox 1083 1016 1873 1051">
     <span class='ocr_line' id='line_1_79' title="bbox 1083 1016 1873 1051; baseline -0.001 -8"><span class='ocrx_word' id='word_1_589' title='bbox 1083 1024 1155 1044; x_wconf 89' lang='lat' dir='ltr'><strong>nem.</strong></span> <span class='ocrx_word' id='word_1_590' title='bbox 1196 1016 1269 1043; x_wconf 79' lang='lat' dir='ltr'><strong>Fecit</strong></span> <span class='ocrx_word' id='word_1_591' title='bbox 1294 1016 1411 1044; x_wconf 85' lang='lat' dir='ltr'><strong>Sodoma</strong></span> <span class='ocrx_word' id='word_1_592' title='bbox 1433 1023 1588 1051; x_wconf 76' lang='lat' dir='ltr'><strong>peccatum;</strong></span> <span class='ocrx_word' id='word_1_593' title='bbox 1615 1017 1737 1043; x_wconf 87' lang='lat' dir='ltr'><strong>Samaria</strong></span> <span class='ocrx_word' id='word_1_594' title='bbox 1763 1024 1873 1051; x_wconf 91' lang='lat' dir='ltr'><strong>quoque</strong></span> 
     </span>
    </p>
   </div>
   <div class='ocr_carea' id='block_1_80' title="bbox 1083 1062 1873 1097">
    <p class='ocr_par' dir='ltr' id='par_1_80' title="bbox 1083 1062 1873 1097">
     <span class='ocr_line' id='line_1_80' title="bbox 1083 1062 1873 1097; baseline -0.001 -8"><span class='ocrx_word' id='word_1_595' title='bbox 1083 1063 1221 1097; x_wconf 79' lang='lat' dir='ltr'><strong>peccavit,</strong></span> <span class='ocrx_word' id='word_1_596' title='bbox 1247 1063 1435 1097; x_wconf 87' lang='lat' dir='ltr'><strong>iniquitatibus</strong></span> <span class='ocrx_word' id='word_1_597' title='bbox 1460 1064 1556 1090; x_wconf 80' lang='lat' dir='ltr'><strong>obruta</strong></span> <span class='ocrx_word' id='word_1_598' title='bbox 1580 1068 1621 1090; x_wconf 84' lang='lat' dir='ltr'><strong>est</strong></span> <span class='ocrx_word' id='word_1_599' title='bbox 1636 1062 1805 1094; x_wconf 80' lang='lat' dir='ltr'><strong>Jerusalem,</strong></span> <span class='ocrx_word' id='word_1_600' title='bbox 1826 1062 1873 1089; x_wconf 92' lang='lat' dir='ltr'><strong>scd</strong></span> 
     </span>
    </p>
   </div>
   <div class='ocr_carea' id='block_1_81' title="bbox 1084 1107 1874 1144">
    <p class='ocr_par' dir='ltr' id='par_1_81' title="bbox 1084 1107 1874 1144">
     <span class='ocr_line' id='line_1_81' title="bbox 1084 1107 1874 1144; baseline 0.001 -10"><span class='ocrx_word' id='word_1_601' title='bbox 1084 1108 1189 1135; x_wconf 88' lang='lat' dir='ltr'><strong>minora</strong></span> <span class='ocrx_word' id='word_1_602' title='bbox 1218 1114 1329 1143; x_wconf 88' lang='lat' dir='ltr'><strong>peccata</strong></span> <span class='ocrx_word' id='word_1_603' title='bbox 1357 1117 1371 1135; x_wconf 91' lang='lat' dir='ltr'><strong>a</strong></span> <span class='ocrx_word' id='word_1_604' title='bbox 1401 1109 1552 1143; x_wconf 83' lang='lat' dir='ltr'><strong>majoribus</strong></span> <span class='ocrx_word' id='word_1_605' title='bbox 1582 1109 1788 1144; x_wconf 83' lang='lat' dir='ltr'><strong>justilicantur,</strong></span> <span class='ocrx_word' id='word_1_606' title='bbox 1822 1107 1874 1135; x_wconf 89' lang='lat' dir='ltr'><strong>sub</strong></span> 
     </span>
    </p>
   </div>
   <div class='ocr_carea' id='block_1_82' title="bbox 1084 1154 1873 1189">
    <p class='ocr_par' dir='ltr' id='par_1_82' title="bbox 1084 1154 1873 1189">
     <span class='ocr_line' id='line_1_82' title="bbox 1084 1154 1873 1189; baseline 0.003 -9"><span class='ocrx_word' id='word_1_607' title='bbox 1084 1154 1208 1188; x_wconf 73' lang='lat' dir='ltr'><strong>exemplo</strong></span> <span class='ocrx_word' id='word_1_608' title='bbox 1223 1162 1276 1189; x_wconf 93' lang='lat' dir='ltr'><strong>quo</strong></span> <span class='ocrx_word' id='word_1_609' title='bbox 1292 1154 1409 1182; x_wconf 88' lang='lat' dir='ltr'><strong>Sodoma</strong></span> <span class='ocrx_word' id='word_1_610' title='bbox 1428 1155 1596 1189; x_wconf 77' lang='lat' dir='ltr'><strong>justiﬁcalur</strong></span> <span class='ocrx_word' id='word_1_611' title='bbox 1612 1163 1625 1181; x_wconf 89' lang='lat' dir='ltr'><strong>a</strong></span> <span class='ocrx_word' id='word_1_612' title='bbox 1646 1163 1740 1183; x_wconf 87' lang='lat' dir='ltr'><strong>sorore</strong></span> <span class='ocrx_word' id='word_1_613' title='bbox 1761 1163 1809 1182; x_wconf 89' lang='lat' dir='ltr'><strong>sua</strong></span> <span class='ocrx_word' id='word_1_614' title='bbox 1827 1154 1873 1182; x_wconf 77' lang='lat' dir='ltr'><strong>Je-</strong></span> 
     </span>
    </p>
   </div>
   <div class='ocr_carea' id='block_1_83' title="bbox 1084 1202 1875 1237">
    <p class='ocr_par' dir='ltr' id='par_1_83' title="bbox 1084 1202 1875 1237">
     <span class='ocr_line' id='line_1_83' title="bbox 1084 1202 1875 1237; baseline 0.003 -9"><span class='ocrx_word' id='word_1_615' title='bbox 1084 1203 1212 1229; x_wconf 87' lang='lat' dir='ltr'><strong>rusalem.</strong></span> <span class='ocrx_word' id='word_1_616' title='bbox 1243 1202 1384 1235; x_wconf 91' lang='lat' dir='ltr'><strong>Quomodo</strong></span> <span class='ocrx_word' id='word_1_617' title='bbox 1408 1202 1489 1237; x_wconf 67' lang='lat' dir='ltr'><strong>igitur</strong></span> <span class='ocrx_word' id='word_1_618' title='bbox 1514 1203 1642 1237; x_wconf 85' lang='lat' dir='ltr'><strong>iniquitas</strong></span> <span class='ocrx_word' id='word_1_619' title='bbox 1665 1203 1813 1237; x_wconf 85' lang='lat' dir='ltr'><strong>justificat,</strong></span> <span class='ocrx_word' id='word_1_620' title='bbox 1834 1202 1875 1230; x_wconf 86' lang='lat' dir='ltr'><strong>sic</strong></span> 
     </span>
    </p>
   </div>
   <div class='ocr_carea' id='block_1_84' title="bbox 1083 1248 1874 1283">
    <p class='ocr_par' dir='ltr' id='par_1_84' title="bbox 1083 1248 1874 1283">
     <span class='ocr_line' id='line_1_84' title="bbox 1083 1248 1874 1283; baseline 0 -8"><span class='ocrx_word' id='word_1_621' title='bbox 1083 1248 1249 1275; x_wconf 86' lang='lat' dir='ltr'><strong>condemnat</strong></span> <span class='ocrx_word' id='word_1_622' title='bbox 1263 1248 1410 1283; x_wconf 84' lang='lat' dir='ltr'><strong>aliquando</strong></span> <span class='ocrx_word' id='word_1_623' title='bbox 1423 1248 1540 1282; x_wconf 80' lang='lat' dir='ltr'><strong>jnstitia.</strong></span> <span class='ocrx_word' id='word_1_624' title='bbox 1570 1248 1670 1275; x_wconf 80' lang='lat' dir='ltr'><strong>Verum</strong></span> <span class='ocrx_word' id='word_1_625' title='bbox 1683 1269 1689 1279; x_wconf 86' lang='lat'><strong>,</strong></span> <span class='ocrx_word' id='word_1_626' title='bbox 1702 1256 1795 1283; x_wconf 79' lang='lat' dir='ltr'><strong>quaeso</strong></span> <span class='ocrx_word' id='word_1_627' title='bbox 1805 1269 1812 1281; x_wconf 94' lang='lat'><strong>,</strong></span> <span class='ocrx_word' id='word_1_628' title='bbox 1826 1256 1874 1275; x_wconf 79' lang='lat' dir='ltr'><strong>ex-</strong></span> 
     </span>
    </p>
   </div>
   <div class='ocr_carea' id='block_1_85' title="bbox 1084 1293 1874 1328">
    <p class='ocr_par' dir='ltr' id='par_1_85' title="bbox 1084 1293 1874 1328">
     <span class='ocr_line' id='line_1_85' title="bbox 1084 1293 1874 1328; baseline 0 -8"><span class='ocrx_word' id='word_1_629' title='bbox 1084 1299 1174 1328; x_wconf 83' lang='lat' dir='ltr'><strong>specta</strong></span> <span class='ocrx_word' id='word_1_630' title='bbox 1189 1294 1335 1328; x_wconf 86' lang='lat' dir='ltr'><strong>paulisper,</strong></span> <span class='ocrx_word' id='word_1_631' title='bbox 1351 1293 1437 1320; x_wconf 88' lang='lat' dir='ltr'><strong>donec</strong></span> <span class='ocrx_word' id='word_1_632' title='bbox 1450 1293 1572 1320; x_wconf 69' lang='lat' dir='ltr'><strong>doceat-is</strong></span> <span class='ocrx_word' id='word_1_633' title='bbox 1589 1293 1817 1328; x_wconf 78' lang='lat' dir='ltr'><strong>quemadmodum</strong></span> <span class='ocrx_word' id='word_1_634' title='bbox 1832 1294 1874 1320; x_wconf 82' lang='lat' dir='ltr'><strong>di—</strong></span> 
     </span>
    </p>
   </div>
   <div class='ocr_carea' id='block_1_86' title="bbox 1084 1339 1874 1374">
    <p class='ocr_par' dir='ltr' id='par_1_86' title="bbox 1084 1339 1874 1374">
     <span class='ocr_line' id='line_1_86' title="bbox 1084 1339 1874 1374; baseline 0.001 -8"><span class='ocrx_word' id='word_1_635' title='bbox 1084 1344 1161 1367; x_wconf 84' lang='lat' dir='ltr'><strong>catur</strong></span> <span class='ocrx_word' id='word_1_636' title='bbox 1184 1340 1367 1366; x_wconf 83' lang='lat' dir='ltr'><strong>condemnare</strong></span> <span class='ocrx_word' id='word_1_637' title='bbox 1388 1339 1503 1374; x_wconf 79' lang='lat' dir='ltr'><strong>justitia.</strong></span> <span class='ocrx_word' id='word_1_638' title='bbox 1535 1339 1665 1374; x_wconf 86' lang='lat' dir='ltr'><strong>iniquitas</strong></span> <span class='ocrx_word' id='word_1_639' title='bbox 1688 1348 1747 1367; x_wconf 78' lang='lat' dir='ltr'><strong>mea</strong></span> <span class='ocrx_word' id='word_1_640' title='bbox 1767 1340 1874 1374; x_wconf 83' lang='lat' dir='ltr'><strong>justitia</strong></span> 
     </span>
    </p>
   </div>
   <div class='ocr_carea' id='block_1_87' title="bbox 1084 1385 1874 1420">
    <p class='ocr_par' dir='ltr' id='par_1_87' title="bbox 1084 1385 1874 1420">
     <span class='ocr_line' id='line_1_87' title="bbox 1084 1385 1874 1420; baseline 0.001 -8"><span class='ocrx_word' id='word_1_641' title='bbox 1084 1390 1125 1412; x_wconf 85' lang='lat' dir='ltr'><strong>est</strong></span> <span class='ocrx_word' id='word_1_642' title='bbox 1138 1385 1341 1419; x_wconf 83' lang='lat' dir='ltr'><strong>comparatione</strong></span> <span class='ocrx_word' id='word_1_643' title='bbox 1356 1386 1466 1419; x_wconf 79' lang='lat' dir='ltr'><strong>majoris</strong></span> <span class='ocrx_word' id='word_1_644' title='bbox 1482 1386 1643 1420; x_wconf 83' lang='lat' dir='ltr'><strong>iniquitatis.</strong></span> <span class='ocrx_word' id='word_1_645' title='bbox 1670 1385 1715 1412; x_wconf 86' lang='lat' dir='ltr'><strong>Sic</strong></span> <span class='ocrx_word' id='word_1_646' title='bbox 1728 1390 1755 1413; x_wconf 90' lang='lat' dir='ltr'><strong>et</strong></span> <span class='ocrx_word' id='word_1_647' title='bbox 1768 1386 1874 1420; x_wconf 86' lang='lat' dir='ltr'><strong>jnstitia</strong></span> 
     </span>
    </p>
   </div>
   <div class='ocr_carea' id='block_1_88' title="bbox 1084 1431 1874 1466">
    <p class='ocr_par' dir='ltr' id='par_1_88' title="bbox 1084 1431 1874 1466">
     <span class='ocr_line' id='line_1_88' title="bbox 1084 1431 1874 1466; baseline 0.003 -9"><span class='ocrx_word' id='word_1_648' title='bbox 1084 1438 1143 1457; x_wconf 88' lang='lat' dir='ltr'><strong>mea</strong></span> <span class='ocrx_word' id='word_1_649' title='bbox 1160 1439 1192 1457; x_wconf 81' lang='lat' dir='ltr'><strong>ex</strong></span> <span class='ocrx_word' id='word_1_650' title='bbox 1214 1431 1416 1464; x_wconf 73' lang='lat' dir='ltr'><strong>comparatione</strong></span> <span class='ocrx_word' id='word_1_651' title='bbox 1434 1432 1590 1465; x_wconf 82' lang='lat' dir='ltr'><strong>multiplicis</strong></span> <span class='ocrx_word' id='word_1_652' title='bbox 1610 1431 1722 1465; x_wconf 69' lang='lat' dir='ltr'><strong>justitia:</strong></span> <span class='ocrx_word' id='word_1_653' title='bbox 1745 1432 1874 1466; x_wconf 71' lang='lat' dir='ltr'><strong>iniquitas</strong></span> 
     </span>
    </p>
   </div>
   <div class='ocr_carea' id='block_1_89' title="bbox 1084 1476 1875 1512">
    <p class='ocr_par' dir='ltr' id='par_1_89' title="bbox 1084 1476 1875 1512">
     <span class='ocr_line' id='line_1_89' title="bbox 1084 1476 1875 1512; baseline 0.003 -10"><span class='ocrx_word' id='word_1_654' title='bbox 1084 1482 1234 1511; x_wconf 79' lang='lat' dir='ltr'><strong>reputatur.</strong></span> <span class='ocrx_word' id='word_1_655' title='bbox 1259 1476 1402 1510; x_wconf 75' lang='lat' dir='ltr'><strong>l’mpterea</strong></span> <span class='ocrx_word' id='word_1_656' title='bbox 1419 1486 1468 1503; x_wconf 83' lang='lat' dir='ltr'><strong>non</strong></span> <span class='ocrx_word' id='word_1_657' title='bbox 1482 1478 1678 1511; x_wconf 76' lang='lat' dir='ltr'><strong>justi/imbitur</strong></span> <span class='ocrx_word' id='word_1_658' title='bbox 1693 1478 1717 1503; x_wconf 84' lang='lat' dir='ltr'><strong>in</strong></span> <span class='ocrx_word' id='word_1_659' title='bbox 1736 1483 1875 1512; x_wconf 74' lang='lat' dir='ltr'><strong>conspectu</strong></span> 
     </span>
    </p>
   </div>
   <div class='ocr_carea' id='block_1_90' title="bbox 1085 1522 1876 1558">
    <p class='ocr_par' dir='ltr' id='par_1_90' title="bbox 1085 1522 1876 1558">
     <span class='ocr_line' id='line_1_90' title="bbox 1085 1522 1876 1558; baseline 0.003 -9"><span class='ocrx_word' id='word_1_660' title='bbox 1085 1528 1129 1549; x_wconf 88' lang='lat' dir='ltr'><strong>tuo</strong></span> <span class='ocrx_word' id='word_1_661' title='bbox 1146 1523 1229 1549; x_wconf 80' lang='lat' dir='ltr'><strong>omnis</strong></span> <span class='ocrx_word' id='word_1_662' title='bbox 1247 1523 1331 1549; x_wconf 75' lang='lat' dir='ltr'><strong>rivens</strong></span> <span class='ocrx_word' id='word_1_663' title='bbox 1345 1523 1376 1548; x_wconf 60' lang='lat'><strong>3&quot;.</strong></span> <span class='ocrx_word' id='word_1_664' title='bbox 1403 1522 1494 1549; x_wconf 81' lang='lat' dir='ltr'><strong>Fuerit</strong></span> <span class='ocrx_word' id='word_1_665' title='bbox 1508 1523 1571 1550; x_wconf 89' lang='lat' dir='ltr'><strong>licet</strong></span> <span class='ocrx_word' id='word_1_666' title='bbox 1588 1523 1680 1557; x_wconf 87' lang='lat' dir='ltr'><strong>justus</strong></span> <span class='ocrx_word' id='word_1_667' title='bbox 1692 1523 1775 1558; x_wconf 82' lang='lat'><strong>390</strong></span> <span class='ocrx_word' id='word_1_668' title='bbox 1788 1524 1876 1551; x_wconf 78' lang='lat' dir='ltr'><strong>Abra—</strong></span> 
     </span>
    </p>
   </div>
   <div class='ocr_carea' id='block_1_91' title="bbox 1085 1568 1876 1604">
    <p class='ocr_par' dir='ltr' id='par_1_91' title="bbox 1085 1568 1876 1604">
     <span class='ocr_line' id='line_1_91' title="bbox 1085 1568 1876 1604; baseline 0.003 -9"><span class='ocrx_word' id='word_1_669' title='bbox 1085 1569 1159 1602; x_wconf 89' lang='lat' dir='ltr'><strong>ham,</strong></span> <span class='ocrx_word' id='word_1_670' title='bbox 1169 1573 1195 1596; x_wconf 88' lang='lat' dir='ltr'><strong>ct</strong></span> <span class='ocrx_word' id='word_1_671' title='bbox 1204 1568 1295 1603; x_wconf 90' lang='lat' dir='ltr'><strong>justus</strong></span> <span class='ocrx_word' id='word_1_672' title='bbox 1305 1568 1420 1603; x_wconf 78' lang='lat' dir='ltr'><strong>Moyses,</strong></span> <span class='ocrx_word' id='word_1_673' title='bbox 1431 1569 1522 1603; x_wconf 92' lang='lat' dir='ltr'><strong>justus</strong></span> <span class='ocrx_word' id='word_1_674' title='bbox 1531 1570 1719 1604; x_wconf 83' lang='lat' dir='ltr'><strong>unusquisque</strong></span> <span class='ocrx_word' id='word_1_675' title='bbox 1730 1570 1876 1598; x_wconf 88' lang='lat' dir='ltr'><strong>illustrium</strong></span> 
     </span>
    </p>
   </div>
   <div class='ocr_carea' id='block_1_92' title="bbox 1088 1613 1876 1648">
    <p class='ocr_par' dir='ltr' id='par_1_92' title="bbox 1088 1613 1876 1648">
     <span class='ocr_line' id='line_1_92' title="bbox 1088 1613 1876 1648; baseline 0.004 -9"><span class='ocrx_word' id='word_1_676' title='bbox 1088 1613 1207 1640; x_wconf 80' lang='lat' dir='ltr'><strong>virorum</strong></span> <span class='ocrx_word' id='word_1_677' title='bbox 1232 1622 1238 1640; x_wconf 91' lang='lat'>:</span> <span class='ocrx_word' id='word_1_678' title='bbox 1258 1614 1304 1640; x_wconf 89' lang='lat' dir='ltr'><strong>sed</strong></span> <span class='ocrx_word' id='word_1_679' title='bbox 1326 1613 1358 1639; x_wconf 88' lang='lat' dir='ltr'><strong>ad</strong></span> <span class='ocrx_word' id='word_1_680' title='bbox 1375 1614 1607 1648; x_wconf 86' lang='lat' dir='ltr'><strong>eomparatiouem</strong></span> <span class='ocrx_word' id='word_1_681' title='bbox 1623 1614 1725 1642; x_wconf 85' lang='lat' dir='ltr'><strong>Christi</strong></span> <span class='ocrx_word' id='word_1_682' title='bbox 1742 1623 1796 1641; x_wconf 88' lang='lat' dir='ltr'><strong>non</strong></span> <span class='ocrx_word' id='word_1_683' title='bbox 1810 1619 1876 1643; x_wconf 86' lang='lat' dir='ltr'><strong>sunt</strong></span> 
     </span>
    </p>
   </div>
   <div class='ocr_carea' id='block_1_93' title="bbox 1084 1659 1877 1695">
    <p class='ocr_par' dir='ltr' id='par_1_93' title="bbox 1084 1659 1877 1695">
     <span class='ocr_line' id='line_1_93' title="bbox 1084 1659 1877 1695; baseline 0.004 -9"><span class='ocrx_word' id='word_1_684' title='bbox 1084 1659 1162 1694; x_wconf 85' lang='lat' dir='ltr'><strong>justi.</strong></span> <span class='ocrx_word' id='word_1_685' title='bbox 1185 1659 1244 1685; x_wconf 81' lang='lat' dir='ltr'><strong>Lux</strong></span> <span class='ocrx_word' id='word_1_686' title='bbox 1257 1667 1350 1685; x_wconf 89' lang='lat' dir='ltr'><strong>eorum</strong></span> <span class='ocrx_word' id='word_1_687' title='bbox 1367 1667 1427 1685; x_wconf 83' lang='lat' dir='ltr'><strong>cum</strong></span> <span class='ocrx_word' id='word_1_688' title='bbox 1446 1660 1505 1693; x_wconf 82' lang='lat' dir='ltr'><strong>ejus</strong></span> <span class='ocrx_word' id='word_1_689' title='bbox 1522 1660 1582 1686; x_wconf 85' lang='lat' dir='ltr'><strong>lucc</strong></span> <span class='ocrx_word' id='word_1_690' title='bbox 1595 1661 1744 1695; x_wconf 85' lang='lat' dir='ltr'><strong>composita</strong></span> <span class='ocrx_word' id='word_1_691' title='bbox 1759 1662 1877 1690; x_wconf 61' lang='lat' dir='ltr'><strong>tenebrae</strong></span> 
     </span>
    </p>
   </div>
   <div class='ocr_carea' id='block_1_94' title="bbox 1087 1704 1879 1740">
    <p class='ocr_par' dir='ltr' id='par_1_94' title="bbox 1087 1704 1879 1740">
     <span class='ocr_line' id='line_1_94' title="bbox 1087 1704 1879 1740; baseline 0.004 -8"><span class='ocrx_word' id='word_1_692' title='bbox 1087 1706 1269 1740; x_wconf 84' lang='lat' dir='ltr'><strong>reperiuntur.</strong></span> <span class='ocrx_word' id='word_1_693' title='bbox 1302 1704 1333 1731; x_wconf 82' lang='lat' dir='ltr'><strong>Et</strong></span> <span class='ocrx_word' id='word_1_694' title='bbox 1358 1706 1495 1739; x_wconf 87' lang='lat' dir='ltr'><strong>quomodo</strong></span> <span class='ocrx_word' id='word_1_695' title='bbox 1518 1706 1609 1733; x_wconf 87' lang='lat' dir='ltr'><strong>lumen</strong></span> <span class='ocrx_word' id='word_1_696' title='bbox 1630 1706 1748 1734; x_wconf 70' lang='lat' dir='ltr'><strong>lucerna:</strong></span> <span class='ocrx_word' id='word_1_697' title='bbox 1761 1708 1794 1735; x_wconf 90' lang='lat' dir='ltr'><strong>ad</strong></span> <span class='ocrx_word' id='word_1_698' title='bbox 1810 1708 1879 1735; x_wconf 88' lang='lat' dir='ltr'><strong>solis</strong></span> 
     </span>
    </p>
   </div>
   <div class='ocr_carea' id='block_1_95' title="bbox 1087 1750 1876 1785">
    <p class='ocr_par' dir='ltr' id='par_1_95' title="bbox 1087 1750 1876 1785">
     <span class='ocr_line' id='line_1_95' title="bbox 1087 1750 1876 1785; baseline -0.001 -8"><span class='ocrx_word' id='word_1_699' title='bbox 1087 1750 1179 1777; x_wconf 84' lang='lat' dir='ltr'><strong>radios</strong></span> <span class='ocrx_word' id='word_1_700' title='bbox 1193 1751 1355 1776; x_wconf 83' lang='lat' dir='ltr'><strong>obscuratur</strong></span> <span class='ocrx_word' id='word_1_701' title='bbox 1366 1769 1372 1781; x_wconf 86' lang='grc'><strong>,</strong></span> <span class='ocrx_word' id='word_1_702' title='bbox 1387 1755 1410 1775; x_wconf 89' lang='lat' dir='ltr'><strong>ct</strong></span> <span class='ocrx_word' id='word_1_703' title='bbox 1430 1750 1502 1776; x_wconf 74' lang='lat' dir='ltr'><strong>Vcilll</strong></span> <span class='ocrx_word' id='word_1_704' title='bbox 1514 1750 1566 1777; x_wconf 89' lang='lat' dir='ltr'><strong>alia</strong></span> <span class='ocrx_word' id='word_1_705' title='bbox 1586 1751 1709 1785; x_wconf 55' lang='lat' dir='ltr'><strong>quadam</strong></span> <span class='ocrx_word' id='word_1_706' title='bbox 1728 1758 1799 1777; x_wconf 66' lang='lat' dir='ltr'><strong>caeca</strong></span> <span class='ocrx_word' id='word_1_707' title='bbox 1815 1757 1876 1776; x_wconf 87' lang='lat' dir='ltr'><strong>ma-</strong></span> 
     </span>
    </p>
   </div>
   <div class='ocr_carea' id='block_1_96' title="bbox 1089 1796 1872 1832">
    <p class='ocr_par' dir='ltr' id='par_1_96' title="bbox 1089 1796 1872 1832">
     <span class='ocr_line' id='line_1_96' title="bbox 1089 1796 1872 1832; baseline -0.001 -9"><span class='ocrx_word' id='word_1_708' title='bbox 1089 1797 1168 1824; x_wconf 90' lang='lat' dir='ltr'><strong>teries</strong></span> <span class='ocrx_word' id='word_1_709' title='bbox 1198 1796 1430 1828; x_wconf 76' lang='lat' dir='ltr'><strong>contenebrescit;</strong></span> <span class='ocrx_word' id='word_1_710' title='bbox 1454 1796 1492 1822; x_wconf 86' lang='lat' dir='ltr'><strong>sic</strong></span> <span class='ocrx_word' id='word_1_711' title='bbox 1518 1796 1580 1823; x_wconf 81' lang='lat' dir='ltr'><strong>licet</strong></span> <span class='ocrx_word' id='word_1_712' title='bbox 1606 1797 1706 1832; x_wconf 82' lang='lat' dir='ltr'><strong>fulgeat</strong></span> <span class='ocrx_word' id='word_1_713' title='bbox 1734 1796 1872 1831; x_wconf 90' lang='lat' dir='ltr'><strong>justorum</strong></span> 
     </span>
    </p>
   </div>
   <div class='ocr_carea' id='block_1_97' title="bbox 1087 1839 1874 1875">
    <p class='ocr_par' dir='ltr' id='par_1_97' title="bbox 1087 1839 1874 1875">
     <span class='ocr_line' id='line_1_97' title="bbox 1087 1839 1874 1875; baseline -0.001 -7"><span class='ocrx_word' id='word_1_714' title='bbox 1087 1842 1209 1868; x_wconf 87' lang='lat' dir='ltr'><strong>omnium</strong></span> <span class='ocrx_word' id='word_1_715' title='bbox 1235 1841 1325 1867; x_wconf 88' lang='lat' dir='ltr'><strong>lumen</strong></span> <span class='ocrx_word' id='word_1_716' title='bbox 1350 1845 1412 1867; x_wconf 85' lang='lat' dir='ltr'><strong>ante</strong></span> <span class='ocrx_word' id='word_1_717' title='bbox 1436 1840 1579 1872; x_wconf 83' lang='lat' dir='ltr'><strong>homines,</strong></span> <span class='ocrx_word' id='word_1_718' title='bbox 1599 1849 1652 1868; x_wconf 87' lang='lat' dir='ltr'><strong>non</strong></span> <span class='ocrx_word' id='word_1_719' title='bbox 1677 1845 1765 1868; x_wconf 89' lang='lat' dir='ltr'><strong>tamen</strong></span> <span class='ocrx_word' id='word_1_720' title='bbox 1790 1839 1874 1875; x_wconf 77' lang='lat' dir='ltr'><strong>fulget</strong></span> 
     </span>
    </p>
   </div>
   <div class='ocr_carea' id='block_1_98' title="bbox 1089 1886 1874 1921">
    <p class='ocr_par' dir='ltr' id='par_1_98' title="bbox 1089 1886 1874 1921">
     <span class='ocr_line' id='line_1_98' title="bbox 1089 1886 1874 1921; baseline -0.003 -7"><span class='ocrx_word' id='word_1_721' title='bbox 1089 1893 1151 1914; x_wconf 87' lang='lat' dir='ltr'><strong>ante</strong></span> <span class='ocrx_word' id='word_1_722' title='bbox 1167 1887 1316 1913; x_wconf 79' lang='lat' dir='ltr'><strong>Christum.</strong></span> <span class='ocrx_word' id='word_1_723' title='bbox 1346 1886 1444 1913; x_wconf 76' lang='lat' dir='ltr'><strong>Lureat</strong></span> <span class='ocrx_word' id='word_1_724' title='bbox 1458 1886 1557 1921; x_wconf 86' lang='lat' dir='ltr'><strong>quippe</strong></span> <span class='ocrx_word' id='word_1_725' title='bbox 1571 1887 1657 1913; x_wconf 85' lang='lat' dir='ltr'><strong>lumen</strong></span> <span class='ocrx_word' id='word_1_726' title='bbox 1675 1890 1803 1918; x_wconf 70' lang='lat' dir='ltr'><strong>vestrum,</strong></span> <span class='ocrx_word' id='word_1_727' title='bbox 1820 1894 1874 1913; x_wconf 84' lang='lat' dir='ltr'><strong>non</strong></span> 
     </span>
    </p>
   </div>
   <div class='ocr_carea' id='block_1_99' title="bbox 1089 1932 1874 1967">
    <p class='ocr_par' dir='ltr' id='par_1_99' title="bbox 1089 1932 1874 1967">
     <span class='ocr_line' id='line_1_99' title="bbox 1089 1932 1874 1967; baseline -0.001 -6"><span class='ocrx_word' id='word_1_728' title='bbox 1089 1933 1246 1967; x_wconf 77' lang='lat' dir='ltr'><strong>simpliciter</strong></span> <span class='ocrx_word' id='word_1_729' title='bbox 1263 1933 1364 1959; x_wconf 89' lang='lat' dir='ltr'><strong>dictum</strong></span> <span class='ocrx_word' id='word_1_730' title='bbox 1379 1938 1419 1960; x_wconf 84' lang='lat' dir='ltr'><strong>est</strong></span> <span class='ocrx_word' id='word_1_731' title='bbox 1430 1954 1438 1966; x_wconf 93' lang='lat'><strong>,</strong></span> <span class='ocrx_word' id='word_1_732' title='bbox 1456 1933 1502 1961; x_wconf 85' lang='lat' dir='ltr'><strong>sed</strong></span> <span class='ocrx_word' id='word_1_733' title='bbox 1527 1934 1612 1960; x_wconf 82' lang='lat' dir='ltr'><strong>luceat</strong></span> <span class='ocrx_word' id='word_1_734' title='bbox 1635 1937 1696 1959; x_wconf 83' lang='lat' dir='ltr'><strong>ante</strong></span> <span class='ocrx_word' id='word_1_735' title='bbox 1709 1932 1824 1959; x_wconf 72' lang='lat' dir='ltr'><strong>homines</strong></span> <span class='ocrx_word' id='word_1_736' title='bbox 1840 1933 1874 1960; x_wconf 80' lang='lat'><strong>&quot;.</strong></span> 
     </span>
    </p>
   </div>
   <div class='ocr_carea' id='block_1_100' title="bbox 1087 1977 1874 2014">
    <p class='ocr_par' dir='ltr' id='par_1_100' title="bbox 1087 1977 1874 2014">
     <span class='ocr_line' id='line_1_100' title="bbox 1087 1977 1874 2014; baseline 0.001 -8"><span class='ocrx_word' id='word_1_737' title='bbox 1087 1980 1155 2006; x_wconf 74' lang='lat' dir='ltr'><strong>Ante</strong></span> <span class='ocrx_word' id='word_1_738' title='bbox 1169 1979 1308 2006; x_wconf 85' lang='lat' dir='ltr'><strong>Christum</strong></span> <span class='ocrx_word' id='word_1_739' title='bbox 1328 1987 1379 2006; x_wconf 89' lang='lat' dir='ltr'><strong>non</strong></span> <span class='ocrx_word' id='word_1_740' title='bbox 1398 1984 1485 2014; x_wconf 88' lang='lat' dir='ltr'><strong>potest</strong></span> <span class='ocrx_word' id='word_1_741' title='bbox 1499 1980 1589 2011; x_wconf 80' lang='lat' dir='ltr'><strong>iumen</strong></span> <span class='ocrx_word' id='word_1_742' title='bbox 1605 1978 1706 2014; x_wconf 73' lang='lat' dir='ltr'><strong>fulgere</strong></span> <span class='ocrx_word' id='word_1_743' title='bbox 1722 1977 1874 2013; x_wconf 78' lang='lat' dir='ltr'><strong>justorum.</strong></span> 
     </span>
    </p>
   </div>
   <div class='ocr_carea' id='block_1_101' title="bbox 1090 2024 1877 2060">
    <p class='ocr_par' dir='ltr' id='par_1_101' title="bbox 1090 2024 1877 2060">
     <span class='ocr_line' id='line_1_101' title="bbox 1090 2024 1877 2060; baseline 0.001 -9"><span class='ocrx_word' id='word_1_744' title='bbox 1090 2024 1125 2052; x_wconf 86' lang='lat' dir='ltr'><strong>Ut</strong></span> <span class='ocrx_word' id='word_1_745' title='bbox 1146 2025 1275 2059; x_wconf 83' lang='lat' dir='ltr'><strong>splendor</strong></span> <span class='ocrx_word' id='word_1_746' title='bbox 1292 2026 1361 2052; x_wconf 72' lang='lat' dir='ltr'><strong>luna:</strong></span> <span class='ocrx_word' id='word_1_747' title='bbox 1380 2032 1406 2053; x_wconf 84' lang='lat' dir='ltr'><strong>et</strong></span> <span class='ocrx_word' id='word_1_748' title='bbox 1423 2026 1550 2055; x_wconf 83' lang='lat' dir='ltr'><strong>micantia</strong></span> <span class='ocrx_word' id='word_1_749' title='bbox 1567 2025 1627 2054; x_wconf 62' lang='lat' dir='ltr'><strong>celi</strong></span> <span class='ocrx_word' id='word_1_750' title='bbox 1651 2025 1739 2052; x_wconf 87' lang='lat' dir='ltr'><strong>sidera</strong></span> <span class='ocrx_word' id='word_1_751' title='bbox 1752 2046 1758 2057; x_wconf 88' lang='lat'><strong>,</strong></span> <span class='ocrx_word' id='word_1_752' title='bbox 1784 2025 1877 2060; x_wconf 59' lang='lat' dir='ltr'><strong>prius.</strong></span> 
     </span>
    </p>
   </div>
   <div class='ocr_carea' id='block_1_102' title="bbox 1089 2071 1876 2105">
    <p class='ocr_par' dir='ltr' id='par_1_102' title="bbox 1089 2071 1876 2105">
     <span class='ocr_line' id='line_1_102' title="bbox 1089 2071 1876 2105; baseline 0.001 -8"><span class='ocrx_word' id='word_1_753' title='bbox 1089 2080 1170 2105; x_wconf 90' lang='lat' dir='ltr'><strong>qnam</strong></span> <span class='ocrx_word' id='word_1_754' title='bbox 1187 2072 1227 2098; x_wconf 91' lang='lat' dir='ltr'><strong>sol</strong></span> <span class='ocrx_word' id='word_1_755' title='bbox 1243 2075 1357 2104; x_wconf 85' lang='lat' dir='ltr'><strong>oriatur,</strong></span> <span class='ocrx_word' id='word_1_756' title='bbox 1377 2072 1403 2098; x_wconf 94' lang='lat' dir='ltr'><strong>in</strong></span> <span class='ocrx_word' id='word_1_757' title='bbox 1419 2072 1583 2100; x_wconf 85' lang='lat' dir='ltr'><strong>stationibus</strong></span> <span class='ocrx_word' id='word_1_758' title='bbox 1598 2071 1656 2098; x_wconf 91' lang='lat' dir='ltr'><strong>suis</strong></span> <span class='ocrx_word' id='word_1_759' title='bbox 1672 2071 1798 2104; x_wconf 85' lang='lat' dir='ltr'><strong>rutilant,</strong></span> <span class='ocrx_word' id='word_1_760' title='bbox 1815 2076 1876 2098; x_wconf 90' lang='lat' dir='ltr'><strong>orto</strong></span> 
     </span>
    </p>
   </div>
   <div class='ocr_carea' id='block_1_103' title="bbox 1089 2117 1878 2152">
    <p class='ocr_par' dir='ltr' id='par_1_103' title="bbox 1089 2117 1878 2152">
     <span class='ocr_line' id='line_1_103' title="bbox 1089 2117 1878 2152; baseline 0.001 -9"><span class='ocrx_word' id='word_1_761' title='bbox 1089 2126 1154 2145; x_wconf 84' lang='lat' dir='ltr'><strong>vero</strong></span> <span class='ocrx_word' id='word_1_762' title='bbox 1171 2118 1227 2144; x_wconf 85' lang='lat' dir='ltr'><strong>sole</strong></span> <span class='ocrx_word' id='word_1_763' title='bbox 1239 2118 1463 2152; x_wconf 82' lang='lat' dir='ltr'><strong>absconduntur;</strong></span> <span class='ocrx_word' id='word_1_764' title='bbox 1478 2118 1518 2146; x_wconf 89' lang='lat' dir='ltr'><strong>sic</strong></span> <span class='ocrx_word' id='word_1_765' title='bbox 1535 2118 1624 2145; x_wconf 87' lang='lat' dir='ltr'><strong>lumen</strong></span> <span class='ocrx_word' id='word_1_766' title='bbox 1643 2117 1770 2145; x_wconf 64' lang='lat' dir='ltr'><strong>Ecclesiae</strong></span> <span class='ocrx_word' id='word_1_767' title='bbox 1788 2122 1817 2144; x_wconf 91' lang='lat' dir='ltr'><strong>ut</strong></span> <span class='ocrx_word' id='word_1_768' title='bbox 1835 2118 1878 2145; x_wconf 75' lang='lat' dir='ltr'><strong>lu-</strong></span> 
     </span>
    </p>
   </div>
   <div class='ocr_carea' id='block_1_104' title="bbox 1089 2163 1877 2198">
    <p class='ocr_par' dir='ltr' id='par_1_104' title="bbox 1089 2163 1877 2198">
     <span class='ocr_line' id='line_1_104' title="bbox 1089 2163 1877 2198; baseline 0.003 -9"><span class='ocrx_word' id='word_1_769' title='bbox 1089 2171 1149 2189; x_wconf 89' lang='lat' dir='ltr'><strong>men</strong></span> <span class='ocrx_word' id='word_1_770' title='bbox 1168 2163 1249 2194; x_wconf 68' lang='lat' dir='ltr'><strong>lunm,</strong></span> <span class='ocrx_word' id='word_1_771' title='bbox 1273 2163 1433 2198; x_wconf 87' lang='lat' dir='ltr'><strong>priusquam</strong></span> <span class='ocrx_word' id='word_1_772' title='bbox 1455 2164 1560 2191; x_wconf 88' lang='lat' dir='ltr'><strong>oriatur</strong></span> <span class='ocrx_word' id='word_1_773' title='bbox 1582 2163 1674 2190; x_wconf 90' lang='lat' dir='ltr'><strong>lumen</strong></span> <span class='ocrx_word' id='word_1_774' title='bbox 1692 2164 1757 2191; x_wconf 89' lang='lat' dir='ltr'><strong>illud</strong></span> <span class='ocrx_word' id='word_1_775' title='bbox 1781 2172 1877 2191; x_wconf 80' lang='lat' dir='ltr'><strong>verum</strong></span> 
     </span>
    </p>
   </div>
   <div class='ocr_carea' id='block_1_105' title="bbox 1088 2210 1879 2245">
    <p class='ocr_par' dir='ltr' id='par_1_105' title="bbox 1088 2210 1879 2245">
     <span class='ocr_line' id='line_1_105' title="bbox 1088 2210 1879 2245; baseline 0.003 -10"><span class='ocrx_word' id='word_1_776' title='bbox 1088 2210 1154 2236; x_wconf 87' lang='lat' dir='ltr'><strong>solis</strong></span> <span class='ocrx_word' id='word_1_777' title='bbox 1166 2210 1279 2243; x_wconf 71' lang='lat' dir='ltr'><strong>justitire</strong></span> <span class='ocrx_word' id='word_1_778' title='bbox 1289 2231 1296 2243; x_wconf 89' lang='lat'><strong>,</strong></span> <span class='ocrx_word' id='word_1_779' title='bbox 1313 2210 1484 2245; x_wconf 83' lang='lat' dir='ltr'><strong>resplendet,</strong></span> <span class='ocrx_word' id='word_1_780' title='bbox 1499 2215 1527 2237; x_wconf 87' lang='lat' dir='ltr'><strong>et</strong></span> <span class='ocrx_word' id='word_1_781' title='bbox 1539 2210 1644 2238; x_wconf 87' lang='lat' dir='ltr'><strong>clarum</strong></span> <span class='ocrx_word' id='word_1_782' title='bbox 1660 2215 1701 2238; x_wconf 82' lang='lat' dir='ltr'><strong>est</strong></span> <span class='ocrx_word' id='word_1_783' title='bbox 1712 2216 1775 2238; x_wconf 83' lang='lat' dir='ltr'><strong>ante</strong></span> <span class='ocrx_word' id='word_1_784' title='bbox 1790 2211 1879 2237; x_wconf 91' lang='lat' dir='ltr'><strong>homi-</strong></span> 
     </span>
    </p>
   </div>
   <div class='ocr_carea' id='block_1_106' title="bbox 1089 2256 1878 2288">
    <p class='ocr_par' dir='ltr' id='par_1_106' title="bbox 1089 2256 1878 2288">
     <span class='ocr_line' id='line_1_106' title="bbox 1089 2256 1878 2288; baseline 0.004 -8"><span class='ocrx_word' id='word_1_785' title='bbox 1089 2263 1154 2287; x_wconf 76' lang='lat' dir='ltr'><strong>nes;</strong></span> <span class='ocrx_word' id='word_1_786' title='bbox 1173 2263 1235 2281; x_wconf 88' lang='lat' dir='ltr'><strong>cum</strong></span> <span class='ocrx_word' id='word_1_787' title='bbox 1252 2260 1342 2282; x_wconf 85' lang='lat' dir='ltr'><strong>autem</strong></span> <span class='ocrx_word' id='word_1_788' title='bbox 1368 2256 1494 2283; x_wconf 76' lang='lat' dir='ltr'><strong>Christus</strong></span> <span class='ocrx_word' id='word_1_789' title='bbox 1511 2256 1625 2288; x_wconf 83' lang='lat' dir='ltr'><strong>venerit,</strong></span> <span class='ocrx_word' id='word_1_790' title='bbox 1655 2261 1718 2283; x_wconf 88' lang='lat' dir='ltr'><strong>ante</strong></span> <span class='ocrx_word' id='word_1_791' title='bbox 1735 2264 1796 2283; x_wconf 93' lang='lat' dir='ltr'><strong>eum</strong></span> <span class='ocrx_word' id='word_1_792' title='bbox 1812 2264 1878 2283; x_wconf 77' lang='lat' dir='ltr'><strong>con-</strong></span> 
     </span>
    </p>
   </div>
   <div class='ocr_carea' id='block_1_107' title="bbox 1088 2301 1876 2330">
    <p class='ocr_par' dir='ltr' id='par_1_107' title="bbox 1088 2301 1876 2330">
     <span class='ocr_line' id='line_1_107' title="bbox 1088 2301 1876 2330; baseline -0.001 -3"><span class='ocrx_word' id='word_1_793' title='bbox 1088 2301 1266 2328; x_wconf 84' lang='lat' dir='ltr'><strong>tenebrescet.</strong></span> <span class='ocrx_word' id='word_1_794' title='bbox 1297 2302 1401 2329; x_wconf 90' lang='lat' dir='ltr'><strong>Dicitur</strong></span> <span class='ocrx_word' id='word_1_795' title='bbox 1414 2307 1442 2330; x_wconf 78' lang='lat' dir='ltr'><strong>et</strong></span> <span class='ocrx_word' id='word_1_796' title='bbox 1455 2302 1518 2329; x_wconf 88' lang='lat' dir='ltr'><strong>alibi</strong></span> <span class='ocrx_word' id='word_1_797' title='bbox 1534 2301 1557 2318; x_wconf 81' lang='grc'><strong>³⁸</strong></span> <span class='ocrx_word' id='word_1_798' title='bbox 1572 2311 1578 2329; x_wconf 92' lang='lat'>:</span> <span class='ocrx_word' id='word_1_799' title='bbox 1598 2301 1656 2328; x_wconf 74' lang='lat' dir='ltr'><strong>Lux</strong></span> <span class='ocrx_word' id='word_1_800' title='bbox 1668 2302 1695 2328; x_wconf 82' lang='lat' dir='ltr'><strong>in</strong></span> <span class='ocrx_word' id='word_1_801' title='bbox 1710 2302 1820 2328; x_wconf 75' lang='lat' dir='ltr'><strong>tenebris</strong></span> <span class='ocrx_word' id='word_1_802' title='bbox 1834 2301 1876 2326; x_wconf 81' lang='lat' dir='ltr'><strong>ln-</strong></span> 
     </span>
    </p>
   </div>
   <div class='ocr_carea' id='block_1_108' title="bbox 1087 2345 1877 2383">
    <p class='ocr_par' dir='ltr' id='par_1_108' title="bbox 1087 2345 1877 2383">
     <span class='ocr_line' id='line_1_108' title="bbox 1087 2345 1877 2383; baseline -0.001 -11"><span class='ocrx_word' id='word_1_803' title='bbox 1087 2352 1136 2375; x_wconf 81' lang='lat' dir='ltr'><strong>cet.</strong></span> <span class='ocrx_word' id='word_1_804' title='bbox 1155 2346 1220 2383; x_wconf 63' lang='lat' dir='ltr'><strong>Quae</strong></span> <span class='ocrx_word' id='word_1_805' title='bbox 1234 2352 1275 2376; x_wconf 89' lang='lat' dir='ltr'><strong>est</strong></span> <span class='ocrx_word' id='word_1_806' title='bbox 1289 2348 1332 2375; x_wconf 85' lang='lat' dir='ltr'><strong>illa</strong></span> <span class='ocrx_word' id='word_1_807' title='bbox 1349 2348 1395 2375; x_wconf 83' lang='lat' dir='ltr'><strong>lux</strong></span> <span class='ocrx_word' id='word_1_808' title='bbox 1411 2355 1473 2383; x_wconf 65' lang='lat' dir='ltr'><strong>qua:</strong></span> <span class='ocrx_word' id='word_1_809' title='bbox 1487 2347 1559 2376; x_wconf 86' lang='lat' dir='ltr'><strong>lucet</strong></span> <span class='ocrx_word' id='word_1_810' title='bbox 1576 2348 1602 2375; x_wconf 92' lang='lat' dir='ltr'><strong>in</strong></span> <span class='ocrx_word' id='word_1_811' title='bbox 1624 2347 1762 2375; x_wconf 78' lang='lat' dir='ltr'><strong>tenebris?</strong></span> <span class='ocrx_word' id='word_1_812' title='bbox 1784 2345 1877 2372; x_wconf 82' lang='lat' dir='ltr'><strong>.lusto-</strong></span> 
     </span>
    </p>
   </div>
   <div class='ocr_carea' id='block_1_109' title="bbox 1087 2391 1876 2430">
    <p class='ocr_par' dir='ltr' id='par_1_109' title="bbox 1087 2391 1876 2430">
     <span class='ocr_line' id='line_1_109' title="bbox 1087 2391 1876 2430; baseline -0.005 -9"><span class='ocrx_word' id='word_1_813' title='bbox 1087 2400 1147 2421; x_wconf 83' lang='lat' dir='ltr'><strong>rum</strong></span> <span class='ocrx_word' id='word_1_814' title='bbox 1166 2394 1210 2421; x_wconf 77' lang='lat' dir='ltr'><strong>lux</strong></span> <span class='ocrx_word' id='word_1_815' title='bbox 1230 2395 1256 2421; x_wconf 90' lang='lat' dir='ltr'><strong>in</strong></span> <span class='ocrx_word' id='word_1_816' title='bbox 1274 2394 1394 2422; x_wconf 86' lang='lat' dir='ltr'><strong>tenebris</strong></span> <span class='ocrx_word' id='word_1_817' title='bbox 1411 2394 1493 2422; x_wconf 85' lang='lat' dir='ltr'><strong>lucet.</strong></span> <span class='ocrx_word' id='word_1_818' title='bbox 1512 2395 1541 2422; x_wconf 91' lang='lat' dir='ltr'><strong>in</strong></span> <span class='ocrx_word' id='word_1_819' title='bbox 1557 2395 1657 2430; x_wconf 89' lang='lat' dir='ltr'><strong>quibus</strong></span> <span class='ocrx_word' id='word_1_820' title='bbox 1669 2393 1807 2420; x_wconf 84' lang='lat' dir='ltr'><strong>tenebris?</strong></span> <span class='ocrx_word' id='word_1_821' title='bbox 1825 2391 1876 2418; x_wconf 91' lang='lat' dir='ltr'><strong>Ubi</strong></span> 
     </span>
    </p>
   </div>
   <div class='ocr_carea' id='block_1_110' title="bbox 1087 2438 1877 2468">
    <p class='ocr_par' dir='ltr' id='par_1_110' title="bbox 1087 2438 1877 2468">
     <span class='ocr_line' id='line_1_110' title="bbox 1087 2438 1877 2468; baseline -0.003 -3"><span class='ocrx_word' id='word_1_822' title='bbox 1087 2444 1125 2466; x_wconf 78' lang='lat' dir='ltr'><strong>est</strong></span> <span class='ocrx_word' id='word_1_823' title='bbox 1137 2440 1211 2466; x_wconf 82' lang='lat' dir='ltr'><strong>nobis</strong></span> <span class='ocrx_word' id='word_1_824' title='bbox 1224 2445 1357 2467; x_wconf 76' lang='lat' dir='ltr'><strong>certamen</strong></span> <span class='ocrx_word' id='word_1_825' title='bbox 1372 2440 1497 2468; x_wconf 77' lang='lat' dir='ltr'><strong>adversus</strong></span> <span class='ocrx_word' id='word_1_826' title='bbox 1509 2446 1620 2467; x_wconf 71' lang='lat' dir='ltr'><strong>rectores</strong></span> <span class='ocrx_word' id='word_1_827' title='bbox 1637 2439 1802 2466; x_wconf 76' lang='lat' dir='ltr'><strong>tenebrarum</strong></span> <span class='ocrx_word' id='word_1_828' title='bbox 1815 2438 1877 2465; x_wconf 83' lang='lat' dir='ltr'><strong>ista-</strong></span> 
     </span>
    </p>
   </div>
   <div class='ocr_carea' id='block_1_111' title="bbox 1089 2485 1876 2521">
    <p class='ocr_par' dir='ltr' id='par_1_111' title="bbox 1089 2485 1876 2521">
     <span class='ocr_line' id='line_1_111' title="bbox 1089 2485 1876 2521; baseline -0.003 -10"><span class='ocrx_word' id='word_1_829' title='bbox 1089 2494 1145 2512; x_wconf 88' lang='lat' dir='ltr'><strong>rum</strong></span> <span class='ocrx_word' id='word_1_830' title='bbox 1158 2486 1190 2512; x_wconf 88' lang='grc'><strong>³⁷.</strong></span> <span class='ocrx_word' id='word_1_831' title='bbox 1213 2485 1275 2513; x_wconf 63' lang='grc' dir='ltr'><strong>11³ιο</strong></span> <span class='ocrx_word' id='word_1_832' title='bbox 1289 2486 1336 2520; x_wconf 88' lang='lat' dir='ltr'><strong>qui</strong></span> <span class='ocrx_word' id='word_1_833' title='bbox 1353 2485 1510 2521; x_wconf 64' lang='lat' dir='ltr'><strong>diligentius</strong></span> <span class='ocrx_word' id='word_1_834' title='bbox 1528 2486 1690 2521; x_wconf 77' lang='lat' dir='ltr'><strong>longiusque</strong></span> <span class='ocrx_word' id='word_1_835' title='bbox 1704 2485 1876 2515; x_wconf 82' lang='lat' dir='ltr'><strong>discusserit,</strong></span> 
     </span>
    </p>
   </div>
   <div class='ocr_carea' id='block_1_112' title="bbox 1088 2529 1877 2565">
    <p class='ocr_par' dir='ltr' id='par_1_112' title="bbox 1088 2529 1877 2565">
     <span class='ocr_line' id='line_1_112' title="bbox 1088 2529 1877 2565; baseline -0.004 -8"><span class='ocrx_word' id='word_1_836' title='bbox 1088 2538 1142 2557; x_wconf 88' lang='lat' dir='ltr'><strong>non</strong></span> <span class='ocrx_word' id='word_1_837' title='bbox 1159 2531 1258 2565; x_wconf 85' lang='lat' dir='ltr'><strong>poterit</strong></span> <span class='ocrx_word' id='word_1_838' title='bbox 1273 2530 1372 2563; x_wconf 78' lang='lat' dir='ltr'><strong>inﬂari,</strong></span> <span class='ocrx_word' id='word_1_839' title='bbox 1395 2531 1489 2559; x_wconf 68' lang='lat' dir='ltr'><strong>videns</strong></span> <span class='ocrx_word' id='word_1_840' title='bbox 1506 2530 1595 2559; x_wconf 86' lang='lat' dir='ltr'><strong>lumen</strong></span> <span class='ocrx_word' id='word_1_841' title='bbox 1611 2538 1690 2557; x_wconf 89' lang='lat' dir='ltr'><strong>suum</strong></span> <span class='ocrx_word' id='word_1_842' title='bbox 1708 2529 1741 2556; x_wconf 88' lang='lat' dir='ltr'><strong>ad</strong></span> <span class='ocrx_word' id='word_1_843' title='bbox 1763 2537 1877 2562; x_wconf 87' lang='lat' dir='ltr'><strong>compa-</strong></span> 
     </span>
    </p>
   </div>
   <div class='ocr_carea' id='block_1_113' title="bbox 1088 2573 1877 2611">
    <p class='ocr_par' dir='ltr' id='par_1_113' title="bbox 1088 2573 1877 2611">
     <span class='ocr_line' id='line_1_113' title="bbox 1088 2573 1877 2611; baseline -0.005 -9"><span class='ocrx_word' id='word_1_844' title='bbox 1088 2577 1221 2603; x_wconf 90' lang='lat' dir='ltr'><strong>rationem</strong></span> <span class='ocrx_word' id='word_1_845' title='bbox 1243 2577 1354 2611; x_wconf 86' lang='lat' dir='ltr'><strong>majoris</strong></span> <span class='ocrx_word' id='word_1_846' title='bbox 1369 2577 1482 2604; x_wconf 91' lang='lat' dir='ltr'><strong>lumiuis</strong></span> <span class='ocrx_word' id='word_1_847' title='bbox 1505 2577 1630 2606; x_wconf 78' lang='lat' dir='ltr'><strong>tenebras</strong></span> <span class='ocrx_word' id='word_1_848' title='bbox 1644 2576 1775 2610; x_wconf 81' lang='lat' dir='ltr'><strong>reputari.</strong></span> <span class='ocrx_word' id='word_1_849' title='bbox 1806 2573 1877 2607; x_wconf 87' lang='lat' dir='ltr'><strong>Quid</strong></span> 
     </span>
    </p>
   </div>
   <div class='ocr_carea' id='block_1_114' title="bbox 1087 2620 1879 2659">
    <p class='ocr_par' dir='ltr' id='par_1_114' title="bbox 1087 2620 1879 2659">
     <span class='ocr_line' id='line_1_114' title="bbox 1087 2620 1879 2659; baseline -0.008 -8"><span class='ocrx_word' id='word_1_850' title='bbox 1087 2629 1129 2651; x_wconf 89' lang='lat' dir='ltr'><strong>est</strong></span> <span class='ocrx_word' id='word_1_851' title='bbox 1151 2624 1258 2659; x_wconf 77' lang='lat' dir='ltr'><strong>justitia</strong></span> <span class='ocrx_word' id='word_1_852' title='bbox 1285 2631 1344 2651; x_wconf 90' lang='lat' dir='ltr'><strong>mea</strong></span> <span class='ocrx_word' id='word_1_853' title='bbox 1368 2624 1476 2651; x_wconf 86' lang='lat' dir='ltr'><strong>etiamsi</strong></span> <span class='ocrx_word' id='word_1_854' title='bbox 1504 2622 1605 2649; x_wconf 83' lang='lat' dir='ltr'><strong>Paulus</strong></span> <span class='ocrx_word' id='word_1_855' title='bbox 1630 2622 1770 2656; x_wconf 86' lang='lat' dir='ltr'><strong>apostolus</strong></span> <span class='ocrx_word' id='word_1_856' title='bbox 1794 2620 1879 2646; x_wconf 80' lang='lat' dir='ltr'><strong>fiant?</strong></span> 
     </span>
    </p>
   </div>
   <div class='ocr_carea' id='block_1_115' title="bbox 1089 2666 1878 2704">
    <p class='ocr_par' dir='ltr' id='par_1_115' title="bbox 1089 2666 1878 2704">
     <span class='ocr_line' id='line_1_115' title="bbox 1089 2666 1878 2704; baseline -0.006 -8"><span class='ocrx_word' id='word_1_857' title='bbox 1089 2670 1159 2704; x_wconf 87' lang='lat' dir='ltr'><strong>Quid</strong></span> <span class='ocrx_word' id='word_1_858' title='bbox 1187 2670 1317 2703; x_wconf 77' lang='lat' dir='ltr'><strong>castitas.</strong></span> <span class='ocrx_word' id='word_1_859' title='bbox 1345 2666 1453 2697; x_wconf 87' lang='lat' dir='ltr'><strong>etiamsi</strong></span> <span class='ocrx_word' id='word_1_860' title='bbox 1484 2668 1606 2703; x_wconf 81' lang='lat' dir='ltr'><strong>.loseph?</strong></span> <span class='ocrx_word' id='word_1_861' title='bbox 1632 2668 1702 2701; x_wconf 79' lang='lat' dir='ltr'><strong>Quid</strong></span> <span class='ocrx_word' id='word_1_862' title='bbox 1736 2666 1878 2698; x_wconf 67' lang='lat' dir='ltr'><strong>fortitudo,</strong></span> 
     </span>
    </p>
   </div>
   <div class='ocr_carea' id='block_1_116' title="bbox 1090 2712 1881 2746">
    <p class='ocr_par' dir='ltr' id='par_1_116' title="bbox 1090 2712 1881 2746">
     <span class='ocr_line' id='line_1_116' title="bbox 1090 2712 1881 2746; baseline -0.005 -4"><span class='ocrx_word' id='word_1_863' title='bbox 1090 2717 1196 2743; x_wconf 86' lang='lat' dir='ltr'><strong>etiamsi</strong></span> <span class='ocrx_word' id='word_1_864' title='bbox 1213 2715 1297 2743; x_wconf 71' lang='lat' dir='ltr'><strong>ludas</strong></span> <span class='ocrx_word' id='word_1_865' title='bbox 1313 2715 1485 2742; x_wconf 67' lang='lat' dir='ltr'><strong>Machabteus</strong></span> <span class='ocrx_word' id='word_1_866' title='bbox 1500 2716 1650 2741; x_wconf 71' lang='lat' dir='ltr'><strong>exsistam?</strong></span> <span class='ocrx_word' id='word_1_867' title='bbox 1670 2714 1739 2746; x_wconf 83' lang='lat' dir='ltr'><strong>Quid</strong></span> <span class='ocrx_word' id='word_1_868' title='bbox 1757 2713 1808 2739; x_wconf 83' lang='lat' dir='ltr'><strong>alia</strong></span> <span class='ocrx_word' id='word_1_869' title='bbox 1826 2712 1881 2738; x_wconf 72' lang='lat' dir='ltr'><strong>vir-</strong></span> 
     </span>
    </p>
   </div>
   <div class='ocr_carea' id='block_1_117' title="bbox 1091 2759 1881 2796">
    <p class='ocr_par' dir='ltr' id='par_1_117' title="bbox 1091 2759 1881 2796">
     <span class='ocr_line' id='line_1_117' title="bbox 1091 2759 1881 2796; baseline -0.006 -7"><span class='ocrx_word' id='word_1_870' title='bbox 1091 2768 1135 2790; x_wconf 90' lang='lat' dir='ltr'><strong>tus</strong></span> <span class='ocrx_word' id='word_1_871' title='bbox 1151 2763 1300 2796; x_wconf 63' lang='lat' dir='ltr'><strong>sapientiae,</strong></span> <span class='ocrx_word' id='word_1_872' title='bbox 1319 2762 1426 2788; x_wconf 87' lang='lat' dir='ltr'><strong>etiamsi</strong></span> <span class='ocrx_word' id='word_1_873' title='bbox 1444 2761 1572 2788; x_wconf 86' lang='lat' dir='ltr'><strong>Salomon</strong></span> <span class='ocrx_word' id='word_1_874' title='bbox 1590 2769 1744 2795; x_wconf 67' lang='lat' dir='ltr'><strong>appaream,</strong></span> <span class='ocrx_word' id='word_1_875' title='bbox 1761 2759 1793 2785; x_wconf 93' lang='lat' dir='ltr'><strong>ad</strong></span> <span class='ocrx_word' id='word_1_876' title='bbox 1808 2765 1881 2785; x_wconf 81' lang='lat' dir='ltr'><strong>coiti-</strong></span> 
     </span>
    </p>
   </div>
   <div class='ocr_carea' id='block_1_118' title="bbox 1091 2803 1883 2844">
    <p class='ocr_par' dir='ltr' id='par_1_118' title="bbox 1091 2803 1883 2844">
     <span class='ocr_line' id='line_1_118' title="bbox 1091 2803 1883 2844; baseline -0.006 -9"><span class='ocrx_word' id='word_1_877' title='bbox 1091 2808 1260 2844; x_wconf 86' lang='lat' dir='ltr'><strong>paralionem</strong></span> <span class='ocrx_word' id='word_1_878' title='bbox 1286 2807 1332 2835; x_wconf 85' lang='lat' dir='ltr'><strong>Dei</strong></span> <span class='ocrx_word' id='word_1_879' title='bbox 1355 2812 1382 2837; x_wconf 84' lang='lat' dir='ltr'><strong>et</strong></span> <span class='ocrx_word' id='word_1_880' title='bbox 1405 2808 1438 2834; x_wconf 90' lang='lat' dir='ltr'><strong>ad</strong></span> <span class='ocrx_word' id='word_1_881' title='bbox 1460 2816 1554 2834; x_wconf 75' lang='lat' dir='ltr'><strong>etn~nm</strong></span> <span class='ocrx_word' id='word_1_882' title='bbox 1583 2807 1629 2842; x_wconf 87' lang='lat' dir='ltr'><strong>qui</strong></span> <span class='ocrx_word' id='word_1_883' title='bbox 1651 2806 1778 2832; x_wconf 75' lang='lat' dir='ltr'><strong>meliores</strong></span> <span class='ocrx_word' id='word_1_884' title='bbox 1797 2803 1883 2831; x_wconf 71' lang='lat' dir='ltr'><strong>sunt?</strong></span> 
     </span>
    </p>
   </div>
   <div class='ocr_carea' id='block_1_119' title="bbox 1086 2861 1864 2898">
    <p class='ocr_par' dir='ltr' id='par_1_119' title="bbox 1086 2861 1864 2898">
     <span class='ocr_line' id='line_1_119' title="bbox 1086 2861 1864 2898; baseline -0.005 -8"><span class='ocrx_word' id='word_1_885' title='bbox 1086 2864 1107 2879; x_wconf 80' lang='grc'>³³</span> <span class='ocrx_word' id='word_1_886' title='bbox 1123 2864 1221 2892; x_wconf 81' lang='lat' dir='ltr'><strong>Ezech.</strong></span> <span class='ocrx_word' id='word_1_887' title='bbox 1236 2872 1290 2898; x_wconf 55' lang='grc' dir='ltr'><strong>ενι,</strong></span> <span class='ocrx_word' id='word_1_888' title='bbox 1308 2863 1352 2891; x_wconf 79' lang='lat'><strong>5|.</strong></span> <span class='ocrx_word' id='word_1_889' title='bbox 1393 2863 1415 2878; x_wconf 68' lang='grc'><strong>³⁸</strong></span> <span class='ocrx_word' id='word_1_890' title='bbox 1432 2864 1500 2893; x_wconf 79' lang='lat' dir='ltr'><strong>l‘saL</strong></span> <span class='ocrx_word' id='word_1_891' title='bbox 1523 2872 1606 2897; x_wconf 64' lang='lat' dir='ltr'><strong>urit,</strong></span> <span class='ocrx_word' id='word_1_892' title='bbox 1623 2863 1647 2889; x_wconf 64' lang='grc' dir='ltr'><strong>ἢ.</strong></span> <span class='ocrx_word' id='word_1_893' title='bbox 1688 2864 1709 2879; x_wconf 72' lang='grc'><strong>³⁸</strong></span> <span class='ocrx_word' id='word_1_894' title='bbox 1727 2861 1823 2888; x_wconf 79' lang='lat' dir='ltr'><strong>Matth.</strong></span> <span class='ocrx_word' id='word_1_895' title='bbox 1838 2868 1864 2892; x_wconf 75' lang='grc' dir='ltr'><strong>υ,</strong></span> 
     </span>
    </p>
   </div>
  </div>
