4128 6498
449 394 554 451 737

1818 386 2098 448 HOMILIA
2135 386 2230 450 IX.

3599 400 3703 462 758

451 513 616 584 Ergo,
646 522 707 567 ut
728 512 908 567 dicere
933 523 1311 580 crepet-amns,
1358 506 1619 578 iniquitas
1647 506 1944 579 justiﬁeat,
1973 519 2027 564 et
2055 514 2100 570 Α
2125 521 2284 566 erant
2310 519 2530 582 peccata
2554 512 2820 582 Sodomae,
2851 523 2906 570 ut
2937 515 2991 570 in
3021 519 3306 575 saturitate
3334 533 3533 588 panum
3562 529 3616 575 et
3647 521 3702 575 in

447 605 661 675 justitia
694 605 928 658 aliorum
958 601 1370 671 comparatione
1391 601 1742 665 condemnat,
1778 601 1984 656 idcirco
2012 619 2025 655 :

458 693 528 750 Ut
552 695 866 764 justiﬁceris
894 692 1220 747 sermonibus
1250 692 1376 756 tuis,
1407 700 1457 744 et
1485 691 1663 744 uincas
1692 707 1810 744 cum
1824 691 2031 758 judica-

453 789 532 840 ris
561 789 642 852 ³⁸,
692 787 891 842 dicitur
920 785 984 840 ad
1019 783 1211 838 Deum.
1273 782 1330 838 Si
1367 799 1452 838 me
1473 784 1589 838 vult
1617 784 1830 838 salvare
1858 783 2024 848 Deus,

455 870 563 933 non
611 879 765 934 affert
813 879 866 932 in
909 876 1178 947 judicium
1214 875 1396 929 lumen
1435 891 1631 940 suum;
1674 875 1720 930 si
1762 876 1877 929 vult
1905 890 2028 931 esse

450 969 803 1031 incolumem,
840 982 948 1020 non
978 965 1166 1022 defert.
1185 965 1367 1018 lumen
1403 963 1608 1018 Christi
1633 963 1748 1030 sui;
1783 964 2025 1034 alioquin

449 1061 637 1130 puniet
669 1074 782 1123 me;
816 1057 992 1111 defert
1017 1071 1148 1111 vero
1184 1055 1364 1109 lumen
1395 1056 1666 1109 minorum
1687 1095 1704 1120 ,
1744 1064 2026 1125 comparat

452 1152 585 1206 mihi
633 1149 922 1204 inferiores
951 1164 1222 1218 quosque.
1282 1147 1500 1212 Quanto
1527 1148 1763 1217 amplius
1789 1147 2024 1217 majores

450 1241 586 1296 mihi
616 1241 982 1308 melioresque
1015 1239 1328 1305 contulerit,
1374 1247 1524 1293 tanto
1552 1242 1673 1309 plus
1701 1239 1884 1309 justus
1905 1255 2020 1307 ero,

450 1333 494 1387 si
527 1331 603 1385 illi
637 1346 667 1384 a
701 1345 786 1384 me
815 1331 1013 1399 reperti
1056 1330 1260 1384 fuerint
1301 1330 1564 1385 minores.
1635 1329 1895 1386 Similiter
1940 1343 2024 1388 est

450 1426 580 1479 illud
608 1425 938 1493 intelligere,
971 1425 1114 1493 quod
1145 1425 1213 1479 ab
1237 1425 1494 1494 Apostolo
1539 1427 1740 1481 dicitur
1775 1427 1817 1460 ³⁹
1845 1447 1858 1482 :
1900 1429 2024 1482 Alia

449 1515 622 1586 gloria
646 1516 796 1578 solis,
831 1514 942 1567 alia
973 1515 1145 1584 gloria
1171 1516 1332 1580 lunae,
1368 1517 1480 1570 alia
1512 1517 1686 1586 gloria
1711 1518 2020 1584 stellarum;

427 1606 604 1660 stella
629 1607 770 1660 enim
809 1624 842 1660 a
873 1607 1029 1661 stella
1061 1608 1240 1676 differt
1279 1611 1330 1661 in
1358 1609 1646 1674 claritate;
1679 1611 1756 1663 sic
1789 1627 2022 1666 resurre-

449 1700 554 1750 ctio
581 1709 929 1752 mortuorum.
960 1698 1121 1753 Verbi
1151 1699 1344 1768 gratia,
1369 1699 1582 1768 fulgens
1609 1709 1664 1754 et
1683 1701 1814 1754 illud
1843 1703 2019 1770 sidus,

448 1804 556 1843 non
580 1791 633 1844 in
663 1801 955 1860 conspectu
987 1791 1268 1846 lucidioris
1300 1792 1496 1855 stella,
1532 1791 1625 1846 sed
1661 1792 2018 1860 obscurioris,

448 1880 633 1932 micat.
677 1879 810 1945 Quis
841 1889 1086 1933 nostrum
1112 1890 1284 1949 potest
1314 1881 1382 1934 ad
1405 1881 1579 1936 instar
1604 1881 1807 1952 fulgere
1835 1885 2022 1942 lunae?

448 1969 584 2038 Quis
611 1970 889 2024 lucidioris
923 1970 1161 2024 siderum
1195 1985 1486 2026 coruscare
1517 1973 1763 2029 lumine?
1814 1975 2022 2033 Secun-

448 2072 576 2118 dum
611 2065 661 2119 id
690 2063 836 2133 quod
867 2063 1130 2134 scriptum
1157 2072 1242 2118 est
1273 2064 1326 2117 in
1361 2063 1582 2120 Daniele
1605 2065 1649 2098 ⁸⁸
1680 2085 1693 2120 :
1724 2066 2018 2139 Fulgebtmt

447 2157 584 2210 sicut
615 2156 769 2210 stella
799 2157 856 2209 in
885 2157 1103 2210 sa'cula.

516 2245 570 2298 4.
631 2244 697 2299 Et
749 2246 863 2300 haec
906 2246 1124 2316 quidem
1175 2248 1485 2304 necessario
1538 2250 1919 2320 disputamus,
1955 2262 2017 2310 ut

445 2337 633 2404 procul
669 2353 698 2390 a
724 2338 976 2406 superbia
1001 2339 1320 2394 recedamus
1348 2359 1362 2395 :
1391 2339 1787 2399 Sodomiticum
1816 2347 2016 2417 quippe

443 2437 725 2496 peccatum
759 2437 844 2484 est
893 2431 1110 2500 superbi
1155 2432 1436 2500 iniquitas.
1498 2433 1622 2490 ila‘c
1651 2435 2011 2494 Sodomorum

440 2521 647 2574 sororis
677 2529 781 2575 tua:
810 2523 1064 2592 superbia
1090 2524 1232 2577 unde
1259 2534 1534 2592 nascatur,
1570 2537 1624 2580 ct
1653 2544 1790 2597 quas
1817 2531 2014 2585 habeat

441 2611 672 2676 radices,
727 2613 972 2683 adjungit
1002 2615 1045 2645 “
1092 2633 1106 2668 :
1145 2614 1210 2667 In
1254 2618 1546 2670 saturitate
1585 2635 1815 2686 panum,
1861 2630 1910 2674 et
1955 2623 2009 2676 in

439 2701 771 2756 abundantia
794 2702 1092 2772 amuebant.
1119 2702 1175 2757 Si
1201 2705 1300 2758 soli
1333 2706 1524 2760 litterze
1546 2710 1810 2772 attendas,
1838 2713 2008 2768 multa

437 2792 770 2848 abundantia
791 2793 1095 2863 antiquitus
1129 2795 1180 2848 in
1211 2794 1466 2852 Sodomis
1497 2796 1617 2853 fuit.
1649 2798 1778 2854 Erat
1806 2803 2008 2874 quippe

436 2885 583 2934 terra
618 2895 808 2936 eorum
841 2890 898 2936 ut
928 2883 1216 2951 paradisus
1263 2885 1376 2951 Dei,
1412 2895 1553 2941 etut
1593 2899 1733 2944 terra
1763 2889 2004 2963 Egypti.

436 2964 496 3020 Si
539 2975 721 3022 autem
764 2984 796 3022 a
841 2971 1048 3024 carnali
1085 2972 1356 3028 intellectu
1409 2976 1475 3029 ad
1521 2977 1821 3045 spiritalem
1872 2996 2005 3036 con-

433 3060 737 3122 scenderis,
773 3069 832 3115 ut
862 3063 1046 3118 videas
1069 3066 1343 3135 quomodo
1365 3069 1615 3137 superbia
1640 3069 2002 3129 Sodomorum

2127 599 2468 654 abundantia
2513 599 2694 668 fuerit,
2733 604 2858 660 talis
2905 612 3086 659 autem
3127 616 3212 663 est
3244 617 3300 664 et
3333 609 3486 664 dives
3516 611 3609 679 qui
3647 610 3703 664 in

2130 689 2425 762 Evangelia
2457 693 2810 758 describitur,
2850 695 2984 750 nulli
3017 695 3242 752 dubium
3278 701 3408 768 quin
3437 701 3590 756 dives
3614 701 3705 757 ille

2129 781 2410 837 Sodomita
2437 783 2526 838 sit.
2543 783 2829 851 Quomodo
2858 795 3038 841 autem
3061 786 3296 842 Sodoma
3315 799 3368 844 et
3391 792 3514 845 ﬁliae
3531 792 3702 846 Sodo-

2125 889 2343 928 morum
2401 877 2648 944 superbae
2705 875 2949 942 fuerunt,
3008 877 3144 933 tales
3206 889 3336 933 sunt
3385 890 3701 950 arrogantes

2125 963 2344 1028 animae,
2390 973 2446 1018 et
2493 965 2616 1020 ﬁliae
2651 964 3018 1022 Sodomorum
3063 983 3406 1038 quacunque
3448 971 3698 1026 nesciunt

2124 1052 2332 1106 dictum
2369 1053 2415 1086 ”
2456 1072 2468 1108 :
2515 1053 2701 1109 Omnis
2744 1055 2837 1124 qui
2879 1072 2932 1110 se
2973 1056 3204 1122 exultat,
3233 1057 3623 1123 humiliabitur,
3649 1070 3698 1112 et

2123 1144 2214 1213 qui
2239 1160 2294 1198 se
2316 1144 2561 1198 humiliat
2587 1146 2926 1201 exaltabitur.

2192 1233 2246 1288 5.
2285 1233 2400 1287 Hoc
2430 1245 2543 1288 erat
2565 1237 2614 1288 ei
2636 1245 2684 1290 et
2707 1237 2921 1306 filiabus
2953 1238 3069 1307 ejus
3093 1237 3161 1292 ⁵⁵.
3211 1237 3417 1292 Dehinc
3451 1238 3700 1309 sequitur

2125 1324 2273 1378 aliud
2301 1321 2554 1379 Sodomae
2581 1325 2836 1381 delictum
2859 1366 2875 1393 ,
2912 1329 3058 1398 quod
3094 1328 3359 1385 debemus
3396 1329 3597 1395 dicere,
3627 1346 3696 1387 ne

2125 1414 2180 1468 in
2211 1415 2376 1469 simili
2421 1415 2651 1472 crimine
2696 1419 3048 1487 reperiantur.
3094 1418 3164 1474 Et
3201 1437 3418 1474 manum
3449 1424 3696 1492 pauperis

2121 1515 2172 1559 et
2204 1508 2399 1575 egentis
2438 1523 2543 1560 non
2594 1509 2913 1579 suscipiebat
2948 1511 3014 1565 “.
3065 1511 3364 1567 Considera
3413 1513 3698 1583 diligenter

2125 1597 2594 1652 enumerationem
2641 1610 2990 1668 peccatorum
3039 1601 3307 1658 Sodomae.
3343 1605 3458 1675 Ego
3495 1606 3611 1675 ipse
3647 1610 3695 1660 si

2116 1687 2271 1756 juxta
2317 1688 2460 1743 vires
2499 1705 2650 1745 meas
2700 1707 2920 1747 manum
2966 1695 3218 1764 pauperis
3251 1705 3306 1749 et
3355 1698 3531 1765 gentis
3584 1713 3695 1752 non

2123 1779 2422 1848 adjuvero,
2453 1779 2846 1837 Sodomiticum
2880 1783 3054 1839 habeo
3090 1795 3395 1853 peccatum.
3437 1787 3696 1859 Sequitur

2123 1873 2226 1926 alia
2257 1874 2551 1929 accusatio.
2583 1873 2652 1926 Et
2682 1875 2898 1943 superbe
2918 1875 3247 1946 gloriabatur
3267 1877 3334 1933 “.
3375 1878 3439 1932 Et
3464 1880 3688 1948 jactatio

2121 1963 2309 2032 gloria:
2341 1964 2736 2020 Sodomiticum
2765 1967 2973 2021 crimen
3003 1978 3106 2022 est.
3158 1965 3298 2022 Sunt
3329 1977 3510 2025 autem
3545 1986 3694 2039 quae-

2111 2053 2244 2107 .dam
2275 2053 2528 2126 Egyptia
2559 2066 2815 2126 peccata,
2845 2058 3091 2127 quaedam
3140 2057 3504 2127 Sodomitica;
3564 2069 3692 2116 sunt

2118 2145 2224 2199 alia
2259 2145 2621 2217 Babylonica,
2668 2148 2774 2202 alia
2805 2147 3057 2219 Assyria,
3102 2150 3207 2204 alia
3236 2149 3551 2216 Moabitica,
3585 2152 3690 2206 alia

2115 2235 2502 2293 Ammanitica.
2560 2237 2693 2303 Quis
2749 2240 2960 2308 sapiens
3007 2250 3058 2294 et
3101 2241 3362 2310 intelliget
3415 2243 3560 2296 ista?
3596 2252 3688 2299 aut

2114 2328 2232 2397 quis
2275 2328 2574 2399 intelligens
2617 2339 2667 2384 et
2705 2340 2951 2401 agnoscet
2992 2348 3053 2386 ea
3079 2331 3164 2386 ιη
3239 2332 3691 2404 Quotiescunque

2115 2419 2346 2488 legimus
2380 2437 2442 2475 ea
2481 2437 2604 2492 quae
2649 2422 2716 2476 de
2747 2421 3109 2477 Sodomorum
3159 2425 3518 2482 subversione
3554 2441 3690 2481 con—

2116 2512 2319 2580 scripta
2387 2523 2543 2577 sunt,
2610 2529 2720 2568 non
2771 2515 3048 2580 dicamus,
3119 2516 3458 2572 miserabiles
3511 2515 3692 2572 Sodo.

2116 2603 2284 2666 inim,
2318 2620 2553 2674 quorum
2583 2605 2811 2660 ulterius
2839 2606 3049 2661 fructus
3073 2615 3215 2661 terra
3241 2622 3349 2662 non
3376 2607 3553 2672 aﬂ'ert,
3587 2609 3691 2662 mi-

2111 2695 2373 2750 serabiles
2400 2694 2558 2764 391
2593 2696 2932 2764 multumque
2977 2697 3285 2767 plangeudi,
3324 2699 3419 2768 qui
3458 2707 3568 2752 tam
3597 2699 3687 2752 lu-

2110 2785 2302 2854 gubria
2334 2796 2386 2840 et
2414 2794 2525 2840 tam
2557 2787 2672 2840 dira
2705 2787 2945 2856 perpessi
2979 2794 3106 2842 sunt
3133 2804 3152 2844 :
3181 2790 3314 2858 quin
3345 2797 3523 2858 potius
3549 2804 3685 2843 cono

2108 2887 2388 2933 vertamus
2418 2878 2563 2932 hunc
2594 2877 2651 2932 in
2679 2879 2840 2934 corda
2887 2889 3073 2934 nostra
3112 2894 3440 2947 sermonem,
3475 2893 3687 2936 scrute-

2107 2983 2232 3022 mur
2258 2983 2422 3022 renes
2449 2977 2504 3022 et
2526 2969 2883 3039 cogitationes
2905 2979 3147 3034 nostras,
3164 2978 3217 3024 et
3235 2977 3366 3025 tunc
3381 2971 3686 3027 videbimus

2105 3074 2202 3115 eos
2228 3074 2369 3129 quos
2399 3059 2727 3128 plangimus,
2753 3060 2808 3113 in
2840 3059 3000 3114 nobis
3030 3059 3356 3115 intrinsecus
3395 3063 3685 3128 contineri,

437 3150 494 3204 in
523 3153 803 3208 saturitate
827 3169 1029 3223 panum
1065 3165 1119 3210 et
1144 3158 1195 3210 in
1223 3159 1554 3216 abundantia
1586 3162 1822 3231 littxerit,
1850 3166 2001 3221 utili-

2105 3161 2158 3206 et
2194 3153 2322 3221 quia
2367 3150 2699 3206 Sodomitica
2732 3162 2786 3206 et
2827 3150 3081 3222 Egyptia
3121 3159 3176 3204 et
3213 3152 3458 3223 Assyria,
3491 3160 3548 3207 et
3580 3152 3686 3207 alia

435 3249 602 3297 tatem
626 3244 808 3313 capies
834 3253 888 3299 et
917 3246 982 3300 ad
1012 3247 1136 3302 vitae
1160 3249 1417 3317 cilicium,
1441 3261 1495 3306 et
1523 3254 1589 3308 ad
1621 3255 1725 3309 alia
1753 3257 2000 3326 quaedam

432 3335 638 3405 majora
664 3338 963 3406 majoribus
992 3342 1330 3412 corrigenda.
1365 3343 1745 3415 Proponamus
1765 3351 2000 3420 primum

431 3423 485 3479 id
511 3428 660 3496 quod
687 3437 818 3482 ante
841 3430 1042 3486 multos
1065 3432 1183 3487 dies
1208 3433 1408 3489 lectum
1436 3445 1548 3503 est,
1585 3439 1805 3495 divitem
1831 3443 1999 3498 vesti-

429 3523 547 3570 tum
582 3517 747 3588 bysso
789 3529 842 3574 et
873 3535 1112 3590 purpura
1148 3524 1390 3591 quotidie
1423 3527 1634 3583 deliciis
1679 3530 2001 3602 luxuriaque

427 3608 696 3664 laetantem
717 3649 733 3676 ,
765 3619 820 3664 et
862 3608 1130 3667 Lazarum
1172 3614 1458 3670 vulnerum
1499 3618 1618 3673 labe
1645 3627 1701 3673 et
1730 3622 1996 3678 vermium

425 3699 628 3768 pedore
663 3699 972 3754 confectum
997 3740 1014 3768 ,
1045 3713 1376 3772 quaerentem
1406 3707 1657 3762 solatium
1699 3708 1859 3765 famis
1886 3725 1999 3768 suae

426 3790 597 3847 micas
619 3807 739 3862 quae
762 3793 829 3848 de
858 3809 1046 3849 mensa
1077 3795 1197 3865 ejus
1229 3796 1550 3853 decidebant
1573 3799 1641 3853 ⁴².
1683 3799 1998 3870 Opportune

424 3894 606 3936 autem
639 3899 784 3939 nunc
813 3883 868 3938 in
900 3885 1259 3940 hunclocnm-
1281 3889 1590 3958 exemplum
1615 3891 1758 3945 istud
1784 3893 1993 3961 incidit,

423 3980 482 4026 ut
528 3975 874 4044 perspicuum
925 3976 1020 4030 ﬁat
1066 3992 1190 4046 quae
1245 3978 1508 4048 iniquitas
1555 3981 1742 4037 divitis
1805 3983 1990 4040 fuerit.

421 4063 687 4135 Locuples
713 4075 849 4132 erat,
882 4069 1193 4124 abundabat
1215 4069 1444 4126 deliciis.
1488 4070 1606 4127 Non
1656 4075 1800 4131 enim
1831 4091 1995 4132 accu-

421 4158 566 4212 savit
606 4173 732 4213 euut
763 4157 1047 4230 Scriptura
1071 4199 1087 4226 ,
1120 4162 1296 4231 quasi
1332 4162 1552 4220 divitias
1600 4166 1654 4219 in
1706 4167 1992 4238 iniquitate

417 4249 750 4318 possederit;
790 4266 896 4306 non
927 4266 1052 4306 eum
1085 4253 1407 4309 criminatus
1429 4265 1513 4309 est
1540 4272 1723 4312 sermo
1749 4260 1988 4326 divinus,

417 4343 563 4411 quod
595 4344 974 4399 meretricibus
997 4344 1144 4400 dedit
1169 4363 1184 4399 :
1210 4361 1318 4400 non
1346 4347 1695 4416 homicidam,
1725 4362 1818 4408 aut
1843 4355 1989 4410 aliud

418 4434 784 4504 quodcunque
812 4435 1081 4491 scelerum
1114 4435 1425 4492 facientem.
1459 4438 1564 4494 Sed
1598 4439 1643 4495 si
1671 4445 1986 4502 consideres

2105 3243 2356 3298 universa
2394 3250 2614 3311 peccata
2651 3258 2774 3314 quin
2816 3243 3092 3314 castigans
3137 3243 3418 3314 Scriptura
3453 3259 3683 3300 enume-

2103 3344 2208 3399 rat,
2235 3344 2522 3390 versentur
2550 3337 2602 3389 in
2638 3335 2814 3390 nobis.
2861 3335 3092 3390 Polliciti
3129 3352 3292 3406 supra
3326 3352 3518 3392 sumus
3564 3351 3681 3391 ma-

2097 3423 2191 3494 jus
2219 3423 2423 3493 aliquid
2455 3423 2521 3478 de
2554 3421 2832 3494 Scriptura
2867 3423 3132 3479 dicturos.
3171 3423 3421 3482 Sodoma:
3449 3427 3502 3480 in
3529 3436 3683 3482 satu-

2102 3516 2262 3571 ritate
2316 3514 2504 3585 panis,
2552 3523 2608 3570 et
2658 3516 2713 3570 in
2759 3515 3090 3570 abundantia
3141 3526 3306 3586 atque
3354 3515 3585 3584 deliciis,
3629 3526 3685 3572 et

2101 3609 2407 3664 istiusmodi
2447 3608 2682 3678 peccatis
2719 3608 3052 3677 delinquenti
3087 3608 3172 3662 lex
3213 3609 3454 3678 loquitur
3468 3608 3515 3640 “
3541 3609 3683 3662 :At-

2099 3701 2250 3756 tende
2294 3703 2483 3764 tibi,ne
2513 3701 2785 3754 conradens
2821 3709 2870 3754 et
2907 3700 3084 3754 bibens
3124 3699 3371 3769 repletus,
3405 3707 3455 3752 et
3498 3700 3680 3752 domos

2097 3790 2262 3844 bonas
2291 3791 2586 3859 tediﬁcans,
2617 3789 2796 3843 ovibus
2825 3789 2930 3843 tuis
2955 3798 3006 3843 et
3033 3788 3192 3842 bobus
3217 3791 3324 3842 tuis
3354 3788 3681 3857 multiplica-

2098 3885 2166 3938 tis
2213 3883 2331 3950 tibi,
2379 3893 2598 3952 argento
2645 3895 2693 3936 et
2745 3898 2878 3936 auro
2923 3880 3307 3949 multiplicatus
3351 3879 3677 3934 oblirisraris

2094 3974 2379 4027 Dominum
2414 3972 2601 4026 Deum.
2649 3970 2715 4026 Et
2749 3972 2800 4028 in
2849 3972 2956 4026 alio
3007 3971 3169 4026 loco:
3221 3971 3590 4038 manducavit,
3623 3979 3677 4024 et

2091 4067 2250 4130 bibit,
2285 4075 2338 4121 et
2370 4073 2648 4122 saturatas
2677 4071 2782 4129 est,
2822 4075 2878 4119 et
2909 4063 3268 4127 iucrassatus,
3311 4061 3678 4118 recalcitravit

2091 4159 2320 4213 dilectus
2337 4156 2400 4210 ".
2430 4155 2640 4211 Similia
2674 4156 2759 4211 his
2787 4155 3044 4209 Salomon
3069 4156 3122 4209 in
3149 4153 3465 4212 Proverbiis
3493 4155 3572 4210 ait
3592 4148 3670 4210 '°:

2092 4249 2412 4306 Constituite
2449 4248 2578 4301 mihi
2606 4257 2780 4301 autem
2820 4246 3114 4299 necessaria
3141 4255 3190 4298 et
3228 4245 3572 4314 sufﬁcientia,
3611 4251 3671 4300 ut

2091 4358 2195 4394 non
2225 4339 2449 4409 repletus
2476 4336 2702 4391 mendax
2735 4337 2884 4405 ﬁam,
2919 4344 2968 4389 et
2999 4335 3196 4398 dicant,
3220 4331 3343 4398 Quis
3375 4349 3454 4386 me
3491 4332 3675 4385 uidet?

2091 4441 2185 4486 aut
2210 4447 2361 4501 egens
2387 4429 2553 4499 furer,
2585 4436 2633 4481 et
2650 4426 2847 4496 jurabo
2878 4442 3062 4480 nomen
3089 4426 3202 4482 Dei.
3229 4425 3667 4495 Simpliciterquc

416 4525 522 4580 hoc
561 4527 706 4596 quod
741 4529 793 4581 in
829 4529 1081 4598 praesenti
1121 4530 1383 4600 scripturn
1432 4539 1534 4596 est,
1582 4540 1637 4587 et
1671 4533 1802 4589 illud
1838 4537 1985 4605 quod
2017 4524 2060 4580 D
2090 4523 2380 4579 dicendum
2416 4521 2544 4590 quia
2576 4520 2712 4574 nihil
2753 4520 2832 4573 sic
2875 4519 2930 4572 in
2973 4518 3341 4588 arrogantiam
3385 4515 3577 4582 elevet,
3611 4524 3670 4572 ut

415 4617 471 4671 in
495 4617 787 4689 Evangelio
809 4621 1028 4688 dicitur,
1052 4622 1261 4676 videbis
1286 4623 1412 4693 quia
1433 4633 1487 4677 et
1515 4623 1664 4678 illius
1685 4627 1984 4682 maximum

411 4720 696 4780 peccatum
723 4713 865 4768 inter
887 4714 1140 4770 universa
1171 4723 1388 4784 peccata
1418 4715 1673 4784 superbia
1704 4715 1866 4772 fuerit
1889 4734 1902 4770 ε
1929 4721 1982 4775 in

409 4805 701 4859 saturitate
746 4820 967 4874 panum,
1015 4815 1066 4860 et
1117 4806 1170 4860 in
1215 4807 1549 4863 abundantia
1595 4809 1819 4865 allluens
1871 4827 1982 4868 non

411 4893 603 4948 habuit
631 4896 998 4951 miserationis
1035 4895 1286 4951 ali'ectum
1318 4897 1384 4951 ad
1417 4912 1541 4952 eum
1575 4899 1669 4968 qui
1702 4909 1828 4955 ante
1854 4913 1983 4971 por-

409 4997 498 5041 tas
527 5003 656 5043 suas
677 4987 958 5044 confectus
982 4989 1254 5044 ulceribus
1276 4989 1518 5060 jacebat;
1561 4991 1655 5046 sed
1684 4992 1738 5045 in
1773 5000 1977 5048 tantam

411 5079 723 5148 superbiam
765 5080 941 5134 elatus
985 5089 1069 5135 est
1115 5080 1423 5149 despiciens
1471 5090 1866 5150 paupertatem,
1919 5093 1979 5138 ut

407 5184 522 5224 non
554 5179 894 5240 computaret
924 5186 1102 5241 neque
1133 5170 1448 5225 inferiorum
1483 5171 1766 5240 supplicia,
1805 5188 1979 5244 neque

408 5266 728 5321 communia
766 5264 1118 5320 humanitatis
1146 5263 1300 5334 jura,
1337 5263 1465 5332 quia
1495 5272 1768 5332 oporteret
1798 5265 1978 5319 homi-

407 5371 532 5410 nem
587 5357 823 5410 humana
871 5369 1088 5424 sapere,
1131 5363 1186 5410 et
1229 5354 1284 5408 in
1325 5354 1518 5408 alienis
1577 5354 1980 5410 calamitatibus

405 5461 509 5517 pro
549 5447 715 5501 simili
760 5446 1073 5501 conditione
1116 5444 1201 5500 sui
1250 5443 1655 5515 quodammodo
1705 5443 1974 5498 misereri.

405 5537 504 5593 Est
545 5538 711 5610 igitur
760 5547 816 5594 et
863 5537 1016 5592 dives
1057 5537 1148 5592 ille
1181 5534 1482 5591 Sodomita.
1542 5533 1602 5588 Si
1651 5533 1796 5589 enim
1847 5535 1974 5591 talia

2089 4616 2292 4672 divitia:
2317 4623 2373 4671 et
2413 4612 2696 4676 saturitas,
2751 4619 2808 4665 et
2865 4609 3019 4665 cibus
3067 4622 3233 4678 epum
3284 4607 3665 4677 plurimarum,

2087 4708 2322 4778 dignitas
2346 4721 2566 4775 quoque
2599 4712 2653 4758 et
2697 4711 2957 4773 potestas.
3014 4699 3109 4756 Est
3153 4709 3334 4754 autem
3387 4700 3550 4755 etiam
3599 4700 3666 4771 ad

2087 4800 2282 4854 altiora
2337 4807 2736 4867 transgressum
2781 4793 2980 4856 videre,
3022 4793 3152 4862 quia
3205 4792 3515 4861 superbiam
3560 4790 3669 4845 fre-

2088 4899 2316 4962 quenter
2344 4889 2604 4952 nutriam,
2636 4886 2682 4941 si
2713 4885 2952 4939 divinum
2989 4899 3294 4938 sermonem
3326 4882 3664 4948 intellexero,

2086 4985 2133 5039 si
2161 4982 2460 5052 sapientior
2488 4979 2699 5035 caeteris
2727 4976 2900 5032 fuero.
2939 4975 3174 5031 Scientia
3197 4974 3395 5044 quippe
3423 4973 3574 5042 inflat
3595 4973 3663 5035 ⁸¹,

2086 5091 2194 5129 non
2220 5090 2320 5144 ego
2350 5073 2495 5138 dico,
2539 5071 2632 5126 sed
2664 5070 2976 5140 Apostolus.
3017 5067 3083 5122 Et
3125 5067 3249 5121 ideo
3286 5081 3478 5120 vereor
3509 5081 3576 5118 ne
3610 5073 3666 5119 et

2082 5165 2200 5236 ipse
2242 5163 2522 5220 sustollar.
2570 5160 2776 5216 Dantur
2825 5168 2880 5214 et
2930 5156 3258 5212 charismata
3306 5153 3374 5208 ad
3422 5152 3473 5206 id
3518 5153 3661 5220 quod

2081 5258 2317 5328 expedit.
2351 5255 2408 5310 Si
2453 5255 2518 5310 ad
2561 5255 2664 5308 hoc
2707 5253 2906 5307 dantur
2944 5247 3091 5318 quod
3135 5245 3370 5317 expedit,
3414 5244 3538 5313 quis
3579 5251 3664 5300 est

2079 5349 2170 5404 ille
2201 5350 2290 5405 cui
2340 5362 2448 5402 non
2493 5343 2746 5414 expedit?
2787 5341 2852 5394 Et
2891 5355 2990 5394 cur
3032 5353 3141 5393 non
3194 5335 3468 5405 expediat,
3507 5332 3656 5387 audi.

2079 5438 2308 5494 Inferior
2328 5436 2548 5505 subjicit
2572 5432 2900 5487 inﬂationem
2921 5439 2974 5484 et
2993 5427 3286 5498 quamdam
3312 5424 3656 5495 placitionem

2077 5531 2187 5595 sui,
2227 5529 2358 5583 dum
2410 5541 2468 5581 se
2526 5530 2681 5594 putat
2726 5521 2868 5575 inter
2909 5527 3138 5574 caeteros
3188 5515 3448 5570 eminere.
3504 5511 3662 5581 Saepe

499 5677 543 5708 ³⁸
567 5676 705 5729 Psal.
739 5693 790 5741 L,
826 5675 878 5728 6.
959 5672 1046 5726 "l
1075 5675 1201 5728 Cor.
1227 5688 1317 5740 xv,
1339 5671 1428 5732 4i,
1458 5668 1547 5724 42.
1607 5668 1670 5741 δ’
1695 5667 1842 5741 Dan.
1863 5654 1963 5741 xtl,
1989 5669 2003 5724 Ξ

2121 5666 2162 5700 ι’
2190 5663 2384 5720 Ezech.
2427 5678 2536 5723 xvi,
2564 5659 2654 5714 49.
2720 5655 2765 5688 "
2797 5655 2929 5741 an.
2953 5670 3063 5741 xvi.
3213 5651 3344 5741 huc.
3382 5665 3536 5741 snit;
3563 5652 3657 5741 14.

1369 5742 1415 5774 “
1433 5741 1578 5794 ibid.
1603 5738 1690 5794 50.

402 5747 452 5779 ⁸⁵⁸
480 5746 673 5801 Ezech.
705 5762 814 5808 xvr,
844 5746 929 5800 49.
1049 5745 1094 5778 ’⁵⁸
1123 5743 1252 5799 ibid.
1369 5743 1578 5794 “ibid.
1603 5743 1690 5794 50.
1800 5743 1843 5770 "

406 5833 585 5866 xxxii.
618 5818 701 5866 l5.
778 5817 823 5849 ⁸ο
857 5815 1016 5866 Prov.
1050 5829 1180 5866 xxx.
1214 5814 1267 5866 8.
1295 5813 1350 5866 9.
1436 5812 1479 5846 “
1511 5808 1677 5866 lCor.
1703 5824 1822 5866 vm.
1854 5810 1877 5863 1

1663 5849 1677 5864 ο
1713 5847 1822 5876 IIII,
1860 5847 1905 5863 ιο

406 5833 586 5886 xxxii,
618 5818 701 5873 15.
778 5817 823 5849 ⁸⁸
857 5815 1016 5872 Prov.
1050 5829 1180 5882 xxx,
1214 5814 1268 5878 8,
1295 5813 1350 5869 9.

1800 5739 1843 5770 ⁸⁷
1881 5739 2021 5796 Osee
2052 5754 2164 5806 xiv,
2203 5739 2289 5794 10.

2397 5735 2442 5766 ⁸⁸
2472 5720 2627 5786 Deut.
2657 5741 2774 5796 vut,
2820 5727 2908 5795 ll,
2971 5725 3060 5794 12,
3112 5723 3314 5793 15,14.
3383 5757 3386 5759 λ
3420 5722 3466 5757 ⁸³
3493 5720 3646 5779 Deut.
