2064 3228
246 171 299 201 759

831 170 995 199 ORIGEN'S
1015 170 1046 196 |i\
1066 169 1281 197 LZECIIIELEM

1821 171 1874 197 7ιο

246 234 329 269 igitur
350 233 479 261 saturitas
503 239 604 268 panum
621 236 648 259 et
668 231 834 259 abundantia
857 231 970 259 materia
995 235 1038 258 est
1051 232 1074 261 Α
1090 234 1151 264 post
1163 229 1332 257 confusionis
1346 238 1428 266 opera
1441 238 1502 258 esse
1518 230 1688 261 erubescere,
1709 234 1735 256 et
1754 236 1803 264 pro
1816 237 1875 258 scc—

245 279 418 314 arrogantiat.
436 277 511 312 Sicpe
528 282 618 304 autem
642 281 670 304 ct
688 277 722 304 de
745 276 935 311 spiritualilius
955 275 1036 302 donis

246 324 380 359 superbia:
406 323 509 350 crimen
536 323 669 353 exoritur,
695 327 722 349 et
748 329 803 349 non
825 327 868 349 est
893 320 1037 355 utrobique

246 369 403 397 discrimen.
417 368 521 395 Tantus
531 369 573 395 vir
582 368 722 402 apostolus
735 367 835 395 Paulus
851 368 1035 394 necessarium

246 413 342 441 habuit
357 413 502 447 colaplntm
519 411 606 446 angeli
621 411 740 442 Satanze,
757 416 787 437 ut
801 418 863 438 eum
881 410 1037 445 colaphiza-

246 464 288 486 ret
306 467 340 486 nc
353 458 506 486 elevaretur
520 457 646 487 multum.
671 456 736 492 quia
752 464 836 483 orans
849 460 876 483 et
887 456 1037 490 deprecans

245 505 330 532 Deum
350 503 504 538 impetravit
518 510 567 537 pro
587 502 680 529 multis
693 508 764 535 saepe
777 500 849 535 quod
866 500 956 535 petiit;
973 508 1036 527 cum

245 555 335 577 autem
354 550 435 576 etiam
452 555 501 583 pro
516 549 566 575 hoc
585 548 714 582 petiisset,
737 555 787 574 nec
804 551 877 574 esset
897 547 970 580 quod
990 554 1038 581 pe-

246 596 325 623 tierat
338 599 512 625 consecutus,
523 593 624 620 dietutn
635 597 676 620 est
688 593 712 619 ei
725 593 747 608 "
759 603 766 619 ;
781 591 881 627 Sufﬁcit
892 593 939 618 tibi
948 594 1037 627 gratia

245 650 314 672 mea,
331 641 414 667 virtus
437 640 506 666 enim
528 639 556 665 in
581 639 736 672 inﬁrmitate
758 638 905 672 perﬁcitur.
926 637 1038 672 Oportet

245 687 336 720 itaque
353 686 446 712 tintere
459 692 521 712 eum
535 685 581 719 qui
598 684 688 710 adltnc
701 684 728 710 in
748 691 847 718 genere
861 684 993 716 humano,
1010 688 1038 711 et

246 733 273 759 in
291 734 341 759 hac
357 731 484 766 praesenti
506 732 565 758 luce
584 735 717 763 versatur,
741 738 795 757 non
815 731 903 757 solum
925 738 956 758 ea
976 739 1038 765 qua:

245 778 317 806 bona
335 781 465 812 putantur
481 777 508 804 itt
522 777 633 809 saeculo,
651 776 698 803 sed
713 776 795 803 etiam
810 783 871 810 qua:
888 784 951 803 vere
966 776 1036 804 bona

244 829 308 852 sunt
323 833 329 851 :
342 825 405 859 quia
419 831 516 859 magna
530 831 584 850 non
596 830 742 858 possumus
756 823 901 851 sustinere.
917 822 1037 850 Exhibeo

244 871 279 898 ad
295 870 479 905 probationem
501 869 642 904 praesentis
662 869 804 896 sententiae
822 868 965 896 historiam
984 868 1036 895 Da-

245 916 301 949 vid,
320 917 346 942 in
361 924 413 951 qua
429 915 612 943 conscribitur
628 915 655 942 itt
668 914 760 942 Uriam
781 922 844 942 cum
864 914 1036 941 commisisse

245 966 398 997 peccatum.
419 961 489 987 Ante
508 960 600 987 Uriarn
623 961 726 988 nullum
751 960 878 987 delictum
903 959 1037 994 reperitur

245 1007 272 1033 in
300 1006 410 1033 David:
435 1006 530 1033 beatus
554 1006 637 1033 homo
661 1010 731 1039 erat,
754 1010 782 1033 et
803 1006 861 1033 sine
877 1006 987 1040 querela
1008 1005 1035 1031 in

244 1057 392 1087 censpectu
407 1052 465 1079 Dei.
478 1052 547 1085 Quia
565 1059 629 1079 vero
642 1052 771 1079 conscius
794 1051 844 1079 sibi
861 1051 923 1078 vitae
938 1051 1037 1077 imma-

245 1099 342 1126 culata:
362 1099 469 1126 locutus
490 1103 531 1126 est
553 1098 626 1133 quod
649 1105 703 1126 non
727 1098 857 1125 debuerat
880 1097 973 1124 dicens
991 1096 1035 1123 "1

245 1144 364 1177 Exaudi,
381 1143 503 1177 Domine,
519 1144 656 1179 justitiam
676 1151 776 1175 meum;
795 1143 900 1169 intende
914 1143 1038 1177 depreca-

246 1191 312 1218 tioni
325 1198 397 1217 mea.
413 1190 528 1217 Auribus
544 1191 646 1225 percipe
667 1190 813 1216 orationem
831 1197 915 1215 meum
935 1196 986 1215 non
1009 1188 1036 1214 in

245 1237 323 1264 labiis
336 1237 447 1263 dolosis.
464 1237 503 1263 De
519 1237 592 1263 vultu
610 1241 654 1263 tuo
665 1236 797 1272 judicium
817 1243 900 1261 meum
916 1234 1036 1269 prodeat;

246 1283 316 1309 oculi
338 1283 377 1309 tui
394 1282 498 1309 videant
512 1283 660 1317 tequitates.
682 1282 807 1309 Probasli
831 1290 877 1308 cor
898 1290 994 1315 meum,
1011 1288 1036 1310 et

245 1329 360 1356 risitaati
375 1333 460 1361 nocte;
472 1329 531 1364 igne
546 1337 586 1355 me
599 1329 770 1361 examinati,
782 1334 806 1355 et
821 1336 874 1355 non
884 1333 923 1355 est
933 1330 1037 1355 inventa

246 1377 273 1403 in
289 1384 328 1402 me
342 1376 486 1411 iniquitas;
501 1380 528 1403 et
545 1376 602 1402 haec
617 1375 695 1407 dixit,
710 1375 774 1409 quia
789 1374 908 1402 visitatio
920 1374 968 1402 Dei
980 1382 1039 1409 pro-

247 1427 306 1457 pter
319 1422 515 1449 conscientiam
538 1425 565 1449 et
585 1422 647 1448 vitae
667 1420 863 1448 beatitudinem
884 1421 972 1448 eidem
995 1428 1039 1448 re-

249 1474 467 1504 pr:escntarctur,
482 1471 673 1498 tentatus-est,
693 1467 811 1494 nudatus
825 1467 928 1494 auxilio
950 1471 980 1493 ut
997 1467 1039 1493 vi-

248 1517 324 1543 deret
348 1516 413 1551 quid
444 1516 565 1542 humana
589 1514 676 1549 possit
704 1514 860 1541 infirmitas.
888 1513 1039 1540 Reoedente

248 1563 347 1597 quippe
364 1560 490 1597 praesidio
509 1560 572 1594 Dei,
590 1560 635 1587 ille
652 1559 834 1591 castissimus,
853 1559 899 1587 ille
918 1559 1037 1587 admira-

250 1607 311 1635 bilis
337 1607 363 1634 in
391 1606 538 1641 pudicitia,
559 1605 611 1640 qui
641 1605 783 1632 audierat:
807 1604 837 1632 Si
863 1605 955 1631 mundi
976 1609 1038 1631 sunt

246 1653 332 1687 pueri,
354 1652 471 1678 uictima
493 1659 509 1677 a
530 1651 639 1678 muliere
649 1651 682 1684 “,
703 1655 730 1677 et
749 1654 891 1685 acceperat
909 1649 1040 1677 Euchari-

247 1698 328 1726 sdam
344 1697 424 1733 quasi
439 1696 576 1728 mundus,
593 1703 648 1723 non
669 1696 758 1731 potuit
778 1702 971 1731 perseverare,
992 1695 1039 1723 sed

247 1745 275 1771 iu
288 1749 324 1771 eo
339 1747 462 1778 repertus
474 1746 515 1769 est
530 1741 656 1775 crimine,
672 1742 699 1768 in
714 1749 769 1776 quo
784 1741 834 1769 sibi
856 1741 934 1776 quasi
951 1740 1040 1768 conti-

249 1796 316 1816 nens
333 1787 523 1823 applandcbat.
546 1787 575 1815 Si
590 1787 652 1822 quis
676 1795 741 1822 ergo
765 1786 892 1814 conscius
913 1786 1040 1820 puritatis

248 1842 305 1863 sine
319 1835 439 1869 scipsum
460 1834 652 1869 gloriﬁcaverit
676 1841 729 1861 non
753 1834 857 1861 habens
879 1833 1039 1860 memoriam

249 1881 323 1908 illius
338 1880 404 1907 dicti
414 1880 437 1896 ⁸⁸
453 1888 461 1907 :
475 1880 545 1912 Quid
560 1885 649 1907 autem
665 1880 742 1906 habes
755 1879 825 1914 quod
837 1887 888 1906 non
904 1879 1041 1913 accepisti?

250 1926 280 1953 Si
293 1931 378 1953 autem
394 1926 529 1960 accepisti,
541 1926 605 1961 quid
613 1926 737 1960 gloriaris
743 1925 820 1960 quasi
831 1933 881 1951 non
890 1924 1042 1958 acceperis?

250 1971 424 2005 relinquitur,
437 1974 464 1997 et
477 1970 622 1998 derelictus
634 1971 714 1997 discit
725 1970 921 2005 experimento,
936 1970 999 2004 quia
1014 1969 1041 1996 in

251 2017 294 2044 his
303 2016 381 2044 bonis
389 2024 504 2051 quorum
519 2016 570 2043 sibi
578 2016 711 2043 conscius
718 2019 786 2047 erat,
796 2023 849 2042 nott
862 2019 916 2042 tam
927 2015 985 2049 ipse
999 2014 1042 2042 sui

250 2063 457 2095 ctstititeausa,
465 2070 547 2097 quam
557 2062 603 2097 qui
619 2061 690 2089 Deus
698 2062 828 2088 virtutum
842 2061 965 2088 omnium
981 2060 1043 2087 fons

250 2113 300 2136 est.
313 2107 352 2134 Ex
360 2108 461 2143 quibus
470 2112 583 2142 apparet
595 2111 624 2134 et
636 2107 805 2134 saturitatem
818 2109 964 2141 panum.et
971 2105 1043 2132 dona

251 2154 385 2189 spiritalia
399 2154 424 2181 ei
446 2154 494 2188 qui
515 2161 547 2181 ea
568 2161 621 2180 non
640 2157 729 2188 potest
745 2157 891 2184 sustinere,
912 2159 1043 2187 generare

251 2200 418 2234 superbiam.
433 2198 537 2228 Idcirco
551 2199 687 2234 fugiamus
703 2207 718 2227 a
737 2198 856 2226 Sodoma
877 2204 904 2228 et
924 2200 1043 2234 peccatis

1081 275 1188 304 :leribus
1201 276 1258 303 suis
1273 277 1440 304 verecundos
1460 277 1554 304 oculos
1575 276 1710 310 dejicere,
1732 283 1820 310 neque
1834 277 1873 304 sic

1087 321 1194 355 procaci
1217 321 1291 349 vultu
1316 321 1450 354 incedere,
1465 322 1545 357 qttasi
1564 322 1632 349 nihil
1649 321 1760 348 omnino
1778 328 1876 356 pecta-

1087 367 1165 394 verit.
1194 367 1299 395 Bonum
1322 372 1365 396 est
1385 368 1485 403 quippe
1513 373 1574 403 post
1596 368 1768 396 confusionis
1791 375 1874 403 opera

1087 411 1218 439 confundi
1232 420 1239 439 :
1255 412 1318 447 quia
1334 420 1405 447 saepe
1416 418 1444 440 et
1458 413 1510 440 hoc
1531 413 1641 440 malitia.-
1662 413 1759 441 artifex
1779 413 1876 448 inope-

1088 463 1175 491 ratur,
1196 467 1230 486 ne
1255 462 1381 494 peccator
1396 462 1429 488 ad
1454 462 1640 496 pmnitentiam
1663 461 1764 494 redeat,
1787 465 1815 488 et
1836 461 1878 489 sie

1088 508 1149 537 agat
1164 504 1244 538 quasi
1261 505 1351 532 adhuc
1366 506 1392 532 in
1407 505 1511 540 justitia
1527 511 1690 540 perseveret.
1708 506 1805 534 Videre
1817 513 1878 541 pos-

1087 556 1194 580 sumus,
1207 553 1235 576 et
1247 557 1279 577 ex
1296 551 1453 585 quotidiana
1469 552 1523 578 vita
1542 552 1646 579 disccrc
1665 552 1765 579 multos
1786 552 1877 579 homi-

1089 601 1152 620 num
1169 599 1230 629 post
1241 601 1351 630 peccata
1366 604 1415 624 sua
1428 605 1482 624 non
1507 598 1595 624 solum
1617 605 1669 624 non
1695 597 1785 633 lugere
1803 597 1877 632 quod

1087 638 1228 674 fecerunt,
1255 648 1349 668 verum
1377 642 1459 669 etiam
1484 642 1590 676 procaci
1620 642 1708 669 iroule
1733 642 1877 670 defendere

1087 686 1213 721 proprias
1226 687 1330 715 ruinas.
1346 687 1455 715 Grande
1471 688 1562 722 itaque
1577 687 1737 715 beneficium
1753 687 1779 714 in
1798 686 1878 715 Jeru-

1087 732 1171 759 salem
1186 738 1373 765 conserratnr.
1386 735 1408 762 si
1421 739 1509 762 tamen
1526 734 1617 760 credat
1629 734 1728 760 dicenti
1742 733 1875 760 Domino:

1088 777 1122 805 Et
1138 783 1165 805 tu
1181 779 1349 813 confundere.
1372 779 1465 815 Neque
1479 785 1557 814 putes
1577 780 1610 806 ad
1632 778 1799 807 Hierusalem
1817 784 1878 807 tan-

1087 828 1144 851 tum
1165 825 1222 852 haec
1234 833 1295 853 esse
1312 826 1395 858 dicta,
1422 830 1449 853 et
1470 833 1526 852 non
1550 825 1583 852 ad
1611 825 1734 860 singulos
1753 830 1876 854 nostrum

1087 870 1133 904 qui
1147 870 1254 897 delictis
1268 876 1393 899 tenemur
1405 871 1527 898 obnoxii.
1546 870 1740 905 Unusquisque
1750 871 1822 897 enim
1835 878 1878 898 se-

1088 916 1176 950 ipsunt
1197 916 1362 949 consideret,
1383 917 1448 951 quid
1469 916 1563 943 fecerit
1582 915 1741 943 confusione
1754 917 1877 950 dignum,

1088 960 1153 995 quid
1170 965 1248 996 turpe
1264 962 1372 989 locutus
1388 962 1433 995 sit,
1454 969 1536 996 super
1557 969 1612 995 quo
1635 969 1688 989 non
1709 961 1808 988 habeat
1828 968 1879 987 au-

1087 1006 1192 1034 daciam
1206 1007 1286 1041 quasi
1305 1008 1379 1036 dicto
1400 1008 1483 1039 bono,
1498 1007 1563 1042 quid
1576 1007 1659 1043 392
1678 1007 1806 1043 cogitarit
1827 1006 1879 1034 tate

1087 1052 1158 1086 quod
1175 1053 1275 1080 rubore
1300 1054 1411 1089 dignum
1424 1053 1529 1081 videtur
1544 1054 1578 1081 ab
1591 1062 1624 1081 eo
1633 1055 1678 1089 qui
1694 1053 1783 1081 cordis
1796 1058 1821 1082 et
1836 1061 1880 1080 rc-

1087 1098 1131 1126 nis
1148 1099 1253 1126 occulta
1265 1099 1436 1131 considerat;
1454 1104 1482 1126 et
1495 1107 1558 1126 cum
1577 1099 1721 1134 diligenter
1734 1098 1879 1134 pervideri:

1088 1143 1279 1179 cogitationes,
1294 1144 1377 1176 facta,
1395 1151 1546 1176 sermones,
1567 1148 1633 1171 tuttc
1649 1144 1742 1171 audiet
1762 1144 1879 1178 prophe-

1089 1192 1143 1215 tam
1160 1188 1293 1216 dicentem
1309 1197 1315 1216 :
1332 1188 1366 1216 Et
1381 1193 1408 1216 tu
1426 1188 1593 1223 confundere.
1615 1188 1680 1215 Post
1697 1189 1769 1223 quod
1785 1196 1800 1215 a
1816 1195 1879 1222 pro-

1087 1234 1168 1269 pheta
1182 1234 1307 1269 jungitur
1318 1234 1360 1261 “:
1376 1234 1410 1261 Et
1425 1236 1514 1269 accipe
1527 1234 1699 1270 ignominiam
1715 1239 1787 1260 luant
1802 1234 1829 1260 in
1849 1241 1879 1260 eo

1087 1280 1156 1315 quod
1168 1281 1325 1315 justi/icusti
1343 1289 1445 1308 sorores
1464 1286 1533 1308 tuas.
1546 1281 1675 1316 Sequitur
1688 1280 1878 1308 Confusioncm

1088 1323 1248 1360 ignominia,
1269 1330 1296 1352 et
1319 1325 1366 1353 dat
1390 1326 1463 1353 Deus
1487 1326 1511 1353 ei
1536 1326 1583 1360 qui
1612 1325 1773 1353 coniusione
1797 1325 1878 1360 digna

1088 1371 1190 1407 gessit,
1211 1372 1294 1398 etiam
1317 1371 1511 1406 ignominiam,
1528 1372 1650 1406 dixitque
1673 1371 1707 1398 ad
1734 1378 1796 1398 cum
1815 1379 1821 1397 :
1845 1369 1880 1397 Et

1088 1418 1177 1452 accipe
1193 1418 1368 1453 ignominiam
1387 1423 1469 1445 tuam.
1487 1417 1593 1445 Poteris
1618 1422 1708 1444 autent
1731 1416 1880 1450 intelligere

1089 1464 1162 1499 quod
1187 1464 1298 1497 dicitur,
1320 1465 1344 1491 si
1371 1464 1590 1492 consideraveris
1617 1471 1677 1498 qua:
1701 1463 1823 1498 quotidie
1852 1462 1879 1488 in

1089 1510 1244 1538 civitatibus
1257 1511 1331 1538 tiant.
1349 1510 1526 1537 lttltonoratio
1543 1509 1594 1536 civi
1614 1514 1656 1536 est
1668 1510 1702 1536 de
1721 1509 1807 1543 patria
1830 1515 1878 1536 sua

1090 1556 1226 1588 exsulare,
1241 1561 1267 1583 et
1280 1556 1390 1582 infamia
1405 1556 1544 1581 decurioni
1566 1556 1639 1582 eradi
1658 1555 1691 1581 de
1706 1555 1768 1582 albo
1785 1554 1878 1585 curiae,

1089 1606 1116 1629 et
1129 1602 1316 1636 cujuscunque
1330 1601 1441 1627 alterius
1457 1601 1619 1627 conditionis
1634 1599 1736 1626 homini
1763 1599 1879 1634 relinqui

1090 1646 1200 1681 quidem
1217 1646 1243 1672 in
1258 1647 1321 1677 vita,
1336 1646 1382 1672 Sed
1394 1654 1454 1672 eum
1467 1645 1624 1680 ignominia,
1642 1645 1699 1673 sive
1713 1645 1740 1672 in
1751 1645 1881 1679 operibus

1089 1693 1224 1728 publicis,
1248 1693 1304 1719 sive
1326 1693 1352 1719 in
1378 1692 1467 1718 insula
1492 1691 1583 1724 aliqua
1605 1691 1760 1718 solitudinis
1779 1690 1879 1717 vivere.

1090 1738 1211 1773 lntelligc
1222 1743 1311 1764 autent
1339 1737 1405 1764 ntibi
1432 1737 1535 1772 justum
1558 1737 1677 1771 judicent
1694 1736 1718 1763 ei
1738 1736 1785 1771 qui
1799 1735 1880 1769 digna

1089 1780 1202 1809 infamia
1214 1780 1310 1807 fecerit
1325 1780 1458 1807 dicentem
1475 1788 1482 1806 :
1497 1779 1519 1806 Ο
1533 1784 1560 1806 ιιι
1583 1780 1628 1814 qui
1649 1786 1737 1813 poma:
1756 1786 1818 1806 rcus
1839 1785 1879 1808 es.

1089 1828 1146 1855 noli
1163 1827 1290 1854 exsiliunt
1316 1831 1391 1853 tuutn
1414 1833 1476 1853 cum
1500 1833 1618 1853 maerore
1641 1825 1804 1859 suscipere:
1825 1831 1880 1852 uott

1091 1872 1164 1900 enim
1188 1872 1336 1900 mereberis
1358 1871 1584 1904 misericordiam,
1604 1871 1626 1898 si
1641 1870 1767 1898 irasceris
1779 1871 1811 1897 ad
1824 1877 1882 1904 pm-

1092 1926 1173 1951 nam;
1192 1918 1258 1953 quin
1275 1918 1366 1953 potius
1383 1917 1503 1952 intellige
1518 1916 1600 1951 digne
1622 1920 1648 1943 te
1671 1916 1726 1951 pali
1741 1916 1813 1950 quod
1834 1923 1882 1950 pa-

1092 1965 1173 1999 teris;
1194 1969 1222 1992 et
1235 1972 1297 1992 eum
1314 1969 1339 1991 te
1355 1963 1554 1994 humiliareris,
1566 1967 1650 1996 atquc
1664 1962 1766 1990 dixeris
1775 1962 1880 1997 justum

1091 2012 1126 2040 de
1140 2016 1165 2039 te
1182 2010 1284 2038 factum
1299 2017 1361 2038 esse
1374 2010 1519 2044 judicium,
1533 2009 1646 2037 forsitan
1667 2008 1880 2036 miscricordiam

1091 2057 1268 2091 consequeris
1292 2057 1326 2083 ab
1340 2063 1373 2082 eo
1387 2055 1434 2090 qui
1454 2058 1543 2089 potest
1554 2059 1615 2089 post
1628 2054 1881 2081 condemnationem

1092 2103 1126 2130 ad
1151 2104 1296 2138 pristinum
1320 2107 1345 2129 te
1369 2106 1469 2129 statum
1488 2108 1626 2128 revocare.
1648 2100 1790 2133 Quomodo
1808 2098 1881 2126 enim

1092 2149 1155 2177 licet
1174 2157 1273 2183 magno
1288 2148 1402 2184 principi
1424 2147 1542 2175 liberare
1558 2147 1676 2182 aliquem
1693 2147 1725 2173 de
1740 2146 1838 2178 insula,
1856 2150 1883 2172 et

1093 2196 1240 2229 deexsilio,
1254 2199 1281 2223 et
1293 2195 1328 2222 de
1344 2194 1461 2229 publicis
1473 2193 1608 2223 vinculis;
1622 2193 1709 2220 multo
1722 2193 1808 2227 magis
1820 2191 1883 2218 licet

251 2247 329 2280 ejus;
352 2245 489 2282 fugiamus
514 2253 530 2273 a
556 2246 690 2280 Samaria,
706 2251 734 2274 et
759 2247 920 2274 criminibus
942 2246 1042 2281 quibus
1058 2242 1280 2273 Dunirersitatis
1309 2240 1366 2267 Deo
1399 2247 1462 2267 eum
1486 2240 1533 2275 qui
1567 2239 1745 2266 iubeam-atus
1768 2242 1827 2270 cst,
1855 2237 1882 2263 in

252 2292 403 2326 castigatur
423 2292 523 2319 misera
545 2290 707 2324 Jerusalem,
724 2296 755 2319 ut
778 2292 805 2319 in
829 2292 965 2319 universis
986 2291 1042 2318 Deo

252 2338 333 2365 nobis
351 2337 537 2365 fortitudinem
554 2338 739 2370 ministrante,
758 2338 939 2365 humilitatem
959 2342 986 2364 et
999 2337 1045 2372 ju-

253 2384 355 2412 stitiam
369 2391 569 2419 consequamur
584 2384 611 2410 in
626 2384 736 2411 Christo
746 2384 822 2417 Jesn,
834 2385 878 2411 cui
899 2388 941 2411 est
958 2384 1044 2419 gloria

252 2434 281 2458 et
296 2430 439 2465 imperium
458 2431 484 2457 in
500 2430 599 2457 sazcula
612 2430 786 2457 saeculorum.
806 2431 903 2457 Amen.

553 2485 694 2514 HOMILIA
714 2486 748 2515 X.

255 2531 294 2560 De
306 2541 336 2559 eo
350 2533 420 2567 quod
433 2534 561 2568 scriptum
576 2540 613 2561 est
626 2534 648 2550 "
662 2543 669 2549 ·
683 2543 692 2560 t
713 2533 783 2568 Ergo
796 2538 820 2560 et
834 2537 862 2559 tu
874 2532 1042 2568 confundere,

290 2573 314 2595 et
328 2574 404 2603 porta
422 2567 595 2603 ignominiam
614 2574 704 2601 tuom;
721 2579 729 2594 ι
745 2569 853 2603 usque“
867 2578 873 2595 :
890 2577 899 2593 ε
916 2567 950 2594 Et
960 2567 1044 2594 susci-

290 2604 350 2630 ιαὺο
365 2612 411 2638 ego
428 2609 612 2632 testamentum
626 2613 710 2631 meum
723 2609 817 2631 tecum.
833 2613 842 2629 ι

291 2659 318 2687 1.
335 2659 456 2687 Primum
473 2660 582 2695 quidem
597 2664 649 2694 est,
667 2661 771 2687 nullum
789 2668 857 2695 opus
871 2659 961 2687 facere
976 2666 1044 2686 COII-

255 2704 383 2739 lusionis,
399 2706 446 2733 sed
461 2706 553 2733 omnia
570 2706 633 2733 talia
652 2714 714 2741 quae
731 2711 845 2741 possunt
862 2705 946 2733 Deum
960 2705 1044 2732 libera

257 2751 345 2779 fronte
358 2752 502 2787 respicere.
519 2751 589 2785 Quia
604 2760 678 2785 vero,
696 2757 727 2780 ut
744 2753 879 2786 homines,
899 2759 969 2787 saepe
981 2759 1045 2787 pec-

257 2804 362 2830 camus,
383 2797 525 2826 sciendum
541 2799 700 2832 secundam,
720 2803 750 2827 nt
768 2804 807 2826 tta
827 2799 928 2832 dicam,
950 2805 1045 2825 navem

1094 2290 1225 2317 honorem
1246 2287 1391 2322 pristinum
1419 2286 1572 2317 restituere,
1597 2285 1619 2311 si
1644 2289 1734 2311 tamen
1761 2283 1882 2310 settticus

1094 2336 1223 2364 delictum
1238 2341 1317 2361 suum
1335 2332 1479 2360 confessus
1492 2331 1573 2358 fuerit
1584 2330 1666 2365 digne
1677 2337 1707 2357 se
1718 2328 1882 2356 sustinuisse

1094 2381 1168 2416 quod
1187 2387 1285 2415 passus
1298 2382 1348 2406 cst.
1368 2378 1442 2405 Dabo
1456 2383 1483 2404 et
1498 2377 1572 2404 aliud
1585 2375 1738 2410 exemplum
1752 2376 1785 2402 de
1799 2374 1884 2401 cccle-

1095 2427 1204 2455 siastica
1215 2425 1422 2455 consuetudine.
1441 2423 1556 2451 Infamia
1571 2427 1611 2450 est
1633 2429 1649 2448 a
1666 2421 1767 2456 populo
1788 2420 1835 2447 Dei
1856 2425 1883 2447 ct

1097 2473 1219 2501 Ecclesia
1243 2471 1374 2507 separari.
1402 2470 1526 2498 Dedecus
1557 2473 1598 2497 est
1626 2468 1653 2495 in
1676 2467 1796 2495 Ecclesia
1822 2474 1883 2493 sur-

1098 2527 1162 2555 gere
1176 2519 1211 2546 de
1227 2526 1356 2546 consessu
1370 2517 1542 2552 presbyterii,
1560 2515 1655 2550 projici
1675 2515 1709 2542 de
1724 2513 1883 2541 diaconatus

1097 2566 1193 2601 gradu.
1214 2564 1248 2591 Et
1263 2564 1372 2599 quidem
1387 2571 1481 2590 eorum
1493 2563 1539 2597 qui
1556 2562 1734 2596 abjicinntur,
1749 2559 1795 2586 alii
1812 2558 1885 2586 sedi-

1098 2612 1185 2638 tiones
1204 2611 1385 2639 commovent,
1400 2607 1445 2634 alii
1460 2614 1524 2634 vero
1533 2605 1665 2641 judicium
1687 2605 1715 2631 in
1738 2611 1767 2631 se
1782 2602 1883 2629 factum

1096 2664 1160 2685 cum
1175 2655 1249 2683 omni
1266 2653 1417 2682 humilitate
1437 2652 1600 2687 suscipiunt.
1617 2651 1780 2684 Quicunque
1803 2648 1885 2683 igitur

1097 2703 1253 2737 exiguntur,
1275 2704 1302 2728 et
1323 2699 1417 2727 dolore
1437 2698 1617 2733 depositionis
1639 2705 1696 2724 sure
1719 2697 1885 2731 congregant

1097 2749 1214 2785 populos
1226 2748 1259 2775 ad
1277 2747 1397 2774 schisma
1410 2744 1575 2776 faciendum,
1591 2749 1618 2772 et
1632 2743 1780 2771 sollicitant
1794 2741 1885 2768 multi-

1097 2795 1220 2823 tudinem
1236 2793 1417 2829 malignorum
1429 2812 1437 2825 ,
1461 2800 1515 2819 non
1535 2791 1672 2826 accipiunt
1696 2787 1885 2816 inhonoratio-

301 2853 325 2869 "
335 2852 358 2891 II
371 2853 434 2891 (ἔξιτέ
452 2863 502 2891 lt).
515 2855 542 2882 9-
579 2855 603 2871 "
616 2855 686 2884 Psal.
704 2865 759 2887 tm.
773 2857 799 2891 t,
814 2856 842 2890 2,
857 2856 883 2883 5.
922 2855 946 2872 “
961 2855 1043 2890 llteg.
1060 2862 1114 2886 ut,
1126 2853 1153 2881 4.
1191 2852 1213 2868 ³⁸
1225 2851 1235 2878 l
1247 2851 1323 2883 Con,
1340 2857 1377 2883 tv,
1392 2849 1418 2877 7.
1454 2849 1477 2865 ⁸⁴
1489 2848 1598 2882 Ezech.,
1614 2855 1670 2881 xvr,
1687 2845 1731 2874 52.
1769 2845 1790 2861 "
1817 2841 1883 2871 ibid.

258 2887 302 2916 ῡο.
338 2889 361 2905 ¹¹
382 2889 446 2917 ibid.
459 2890 504 2920 52.
