4128 6472
393 379 492 433 741

1789 375 2064 431 ΙΙΟΜΙΙΛΔ
2107 375 2177 430 Χ.

3553 377 3661 432 742

393 513 521 550 nem
551 511 704 550 suam
746 495 798 550 in
836 496 1121 567 praesenti,
1163 497 1258 552 sed
1295 495 1667 552 thesaurizant
1709 496 1814 550 sibi
1857 497 1972 550 thc-
2001 500 2046 557 Α
2080 500 2353 548 averterat
2385 491 2731 548 aversionem
2777 491 2844 546 ad
2885 491 3109 546 meliora
3146 491 3451 548 convertit:
3479 495 3656 563 primo

394 603 620 642 saurum
665 587 720 642 in
764 589 852 642 die
893 588 1005 643 irae.
1037 587 1140 655 Qui
1175 597 1356 643 autem
1400 603 1523 643 cum
1567 588 1717 642 omni
1752 588 1970 642 humili-

396 682 529 740 tate,
574 677 690 732 sive
734 677 916 747 digne,
967 677 1080 733 sive
1129 678 1352 750 indigne
1398 677 1629 747 depositi
1668 687 1816 742 sunt,
1866 677 1973 733 Deo

392 767 661 837 judicium
692 769 1100 839 derelinquunt,
1129 781 1183 824 et
1217 769 1484 840 patienter
1515 769 1786 825 sustinent
1826 769 1972 840 quod

395 860 468 915 de
507 877 565 916 se
598 861 901 932 judicatum
950 870 1054 928 est,
1094 861 1184 916 isti
1217 871 1270 916 et
1308 877 1338 914 a
1382 860 1492 916 Deo
1537 860 1973 916 misericordiam

396 961 821 1022 consequentur,
867 960 921 1007 et
968 951 1281 1022 frequenter
1329 952 1492 1007 etiam
1543 952 1611 1006 ab
1664 952 1978 1008 hominibus

398 1053 722 1097 revocantur
741 1043 793 1097 in
819 1044 1109 1114 pristinum
1135 1045 1385 1114 gradum,
1404 1054 1458 1098 et
1481 1044 1535 1098 in
1559 1043 1782 1114 gloriam
1808 1059 1976 1115 quam

400 1133 718 1188 amiserant.
746 1133 1007 1189 Doctrina
1037 1150 1166 1206 ergo
1196 1135 1401 1205 optima
1430 1146 1532 1202 est,
1569 1136 1844 1205 quomodo
1873 1135 1978 1191 hoc

399 1221 546 1290 quod
578 1222 815 1278 dicitur:
856 1222 923 1276 Et
973 1235 1028 1277 tu
1073 1223 1413 1293 confundere,
1457 1226 1536 1279 sic
1567 1235 1622 1280 et
1661 1225 1792 1279 illud
1834 1225 1978 1294 quod

380 1301 646 1381 sequitur
672 1330 685 1366 :
713 1311 782 1365 Et
814 1314 991 1382 accipe
1021 1315 1370 1384 ignominiam
1401 1325 1568 1368 tuam.
1598 1315 1664 1369 Et
1693 1315 1807 1368 hate
1833 1313 1977 1378 dico,

401 1412 462 1458 ut
511 1405 916 1474 profundiorem
957 1407 1191 1477 aliquem
1226 1423 1446 1464 sensum
1488 1410 1556 1464 de
1596 1389 1777 1463 futura
1825 1409 1982 1462 inho-

402 1497 685 1551 noratione
739 1497 1100 1568 interponam.
1160 1499 1223 1553 Et
1274 1500 1346 1554 ibi
1399 1500 1595 1570 quippe
1642 1500 1748 1554 erit
1797 1499 1980 1569 aliqua

402 1585 700 1658 ignominia
739 1589 824 1644 his
849 1590 939 1659 qui
972 1590 1194 1660 dignum
1221 1607 1358 1661 opus
1379 1591 1676 1661 ignominia
1711 1591 1979 1657 fecerunt,

2077 581 2466 647 Sodomorum,
2489 583 2684 638 deinde
2709 580 2988 649 Samaritae,
3010 582 3168 637 tertio
3189 597 3317 638 vero
3334 581 3654 638 Jerusalem.

2073 671 2212 726 Cum
2240 679 2445 734 autem.
2476 672 2573 738 ait,
2597 682 2844 727 avertero
2881 672 3222 728 eversionem
3266 671 3654 739 Sodomorum,

2077 771 2126 816 et
2160 761 2444 826 Samaria,
2472 771 2525 816 et
2547 760 2868 828 Jerusalem,
2898 771 3028 818 tunc
3068 763 3125 817 in
3171 764 3456 834 antiquum
3495 765 3657 820 resti-

2077 861 2331 918 tuentur,
2381 853 2618 923 primum
2669 852 2943 922 Sodoma,
2988 855 3146 922 cujus
3196 855 3408 924 priores
3459 858 3653 912 avertit

2075 947 2423 1012 eversiones;
2465 947 2705 1000 secundo
2740 946 3007 1012 Samaria,
3037 961 3200 1014 quam
3237 949 3478 1003 secundo
3519 965 3654 1005 con-

2073 1039 2331 1104 verterit;
2399 1039 2562 1095 tertio
2615 1038 2950 1104 Jerusalem,
2988 1041 3075 1095 cui
3122 1042 3296 1097 tertiae
3341 1043 3657 1099 aversionss

2079 1130 2412 1185 tribuuntur.
2466 1130 2633 1202 Igitur
2663 1132 2936 1188 sanitates
2991 1134 3342 1202 peccantibus
3395 1134 3450 1189 in
3504 1149 3656 1190 aver-

2077 1223 2233 1276 sione
2301 1221 2670 1277 Sodomorum
2731 1232 2786 1278 et
2852 1224 3085 1279 illiarum
3156 1225 3310 1294 ejus,
3379 1225 3433 1280 in
3500 1241 3658 1281 aver-

2079 1313 2236 1367 sione
2297 1311 2472 1382 ipsius
2522 1312 2855 1380 Jerusalem,
2913 1325 2969 1371 et
3042 1316 3359 1371 tribuuntur
3416 1317 3502 1372 his
3559 1316 3656 1386 qui

2080 1404 2254 1474 magis
2306 1413 2559 1460 amantur
2609 1421 2640 1461 a
2689 1406 2829 1474 Deo,
2893 1409 3124 1464 tardius.
3180 1407 3419 1464 Sodoma
3489 1411 3654 1480 quip-

2077 1511 2147 1566 pe
2195 1495 2492 1566 justiilcata
2543 1497 2612 1552 ab
2669 1496 3008 1564 Jerusalem,
3063 1500 3240 1569 prima
3297 1504 3657 1572 consequitur

2079 1584 2546 1650 misericordiam,
2620 1585 2674 1640 id
2743 1597 2828 1642 est
2891 1589 3143 1660 gentiles.
3201 1588 3458 1646 Samaria
3522 1606 3656 1646 vero

404 1677 670 1748 siquidem
716 1694 1001 1752 resurgent
1045 1683 1134 1736 alii
1172 1684 1224 1736 in
1264 1683 1434 1736 vitam
1471 1692 1761 1747 natet-nam,
1795 1691 1848 1736 et
1889 1682 1980 1736 alii
2081 1675 2244 1746 393
2275 1675 2378 1729 hoc
2400 1685 2503 1741 est,
2538 1675 2799 1743 haeretici,
2847 1677 2903 1730 in
2943 1680 3185 1733 secundo
3225 1679 3658 1750 iocoaecipiunt

405 1771 458 1824 in
503 1774 856 1842 opprobrium
906 1783 959 1827 et
1002 1774 1379 1829 confusionem
1426 1782 1684 1828 aeternam
1727 1774 1794 1829 ".
1839 1772 1978 1839 Quid
2012 1841 2025 1842 ί
2083 1769 2393 1824 sanitatem.
2422 1766 2608 1822 Tertio
2639 1783 2768 1821 vero
2793 1769 2952 1837 quasi
2991 1769 3194 1840 indigni
3229 1771 3513 1826 velocioris
3542 1787 3657 1827 me—

401 1875 582 1921 antem
607 1877 694 1923 est
727 1870 828 1923 hoc
853 1869 998 1922 aliud
1026 1868 1128 1922 nisi
1157 1881 1374 1935 ptenam
1408 1864 1646 1919 infamiae
1675 1864 1982 1920 sustinere?
2010 1841 2053 1897 Β
2083 1860 2218 1915 ἀειδῆ
2246 1859 2300 1913 in
2329 1858 2616 1929 pristinum
2651 1865 2852 1912 statum
2898 1859 3262 1913 restituuntur
3307 1860 3401 1929 qui
3437 1861 3658 1916 luerunt

402 1955 538 2009 Dum
565 1972 695 2027 ergo
717 1958 894 2012 adhuc
923 1958 1046 2012 licet
1079 1957 1257 2019 nobis,
1279 1956 1538 2010 debemus
1563 1955 1979 2010 minorationem
2068 1951 2150 2007 -de
2176 1949 2501 2007 Jerusalem.
2532 1949 2672 2005 Ante
2693 1965 2822 2021 ergo
2851 1951 3097 2022 gentiles,
3124 1959 3251 2005 ante
3283 1951 3522 2006 haeretici
3553 1952 3658 2006 ciet-
3724 2027 3728 2031 ι

401 2055 644 2098 nostram
677 2045 944 2114 patienter
973 2045 1137 2108 ferre,
1182 2053 1242 2100 ut
1268 2060 1392 2100 cum
1429 2045 1518 2099 hic
1563 2046 1841 2101 tristitiam
1869 2043 1984 2099 for-
2083 2044 2340 2098 mentiam
2369 2052 2798 2114 consequentur,
2832 2059 2996 2115 quam
3025 2059 3150 2109 nos,
3185 2044 3231 2098 si
3271 2052 3452 2098 tamen
3482 2042 3652 2098 iueri-

400 2136 526 2188 titer
577 2135 1021 2199 sustinuerimus,
1058 2137 1110 2191 in
1161 2135 1346 2191 futuro
1391 2136 1592 2192 surculo
1641 2150 1980 2202 moveamus,

401 2235 459 2279 ut
488 2225 562 2278 ita
589 2225 787 2290 dicam,
818 2227 1020 2282 viscera
1065 2228 1454 2283 misericordiae
1491 2227 1608 2292 Dei,
1641 2236 1696 2284 et
1734 2227 1983 2298 benigni-

395 2325 562 2371 tatem
593 2317 738 2386 ejus,
770 2327 829 2373 ut
871 2335 972 2374 nos
1007 2330 1227 2376 revocet
1262 2321 1315 2375 in
1358 2321 1648 2391 pristinum
1686 2328 1887 2376 statum
1915 2319 1982 2375 de

397 2407 700 2479 ignominia
733 2419 788 2466 et
824 2412 1184 2479 confusione;
1219 2414 1495 2485 quomodo
1539 2416 1848 2471 econtrario
1879 2416 1982 2470 im-

394 2501 656 2570 possibile
687 2511 772 2556 est
803 2503 1000 2572 lapidci
1028 2506 1214 2562 cordis
1260 2507 1496 2576 aliquem
1532 2515 1584 2561 et
1614 2507 1833 2576 penitus
1868 2521 1979 2562 non

396 2591 718 2646 sentientem
750 2595 1007 2649 delictum
1037 2611 1219 2661 suum,
1253 2605 1308 2650 et
1347 2605 1472 2650 ante
1503 2597 1711 2651 vultum
1735 2597 1830 2652 Dei
1863 2613 1982 2654 om-

395 2682 696 2751 ttipotentis
736 2687 1136 2756 superbientem
1159 2727 1175 2752 ,
1213 2689 1639 2745 misericordiam
1695 2691 1977 2761 consequi.

397 2768 663 2829 Videmus
688 2776 830 2830 enim
863 2777 1130 2845 quosdam
1172 2779 1346 2836 bonos
1390 2780 1610 2850 quidem
1650 2781 1882 2836 libenter
1913 2781 1979 2836 de

400 2879 460 2918 se
493 2865 658 2920 latam
688 2865 832 2921 ferre
859 2870 1206 2934 sententiam,
1233 2879 1287 2926 et
1316 2873 1387 2926 ob
1420 2871 1647 2926 salutem
1685 2887 1840 2927 suam
1883 2871 1977 2928 Dei

397 2956 977 3026 justiticarcjudicium
1001 2977 1014 3026 ;
1041 2961 1216 3016 malos
1239 2973 1369 3016 vero
1385 2962 1770 3032 ‘blaspliemare
1796 2963 1981 3018 adver-

401 3064 496 3102 sus
544 3049 943 3117 providentiam
977 3050 1093 3118 Dei,
1133 3062 1187 3108 et
1227 3053 1410 3109 dicere
1443 3074 1456 3108 :
1489 3053 1608 3109 Non
1649 3070 1770 3110 sum
1817 3055 1979 3126 digne

2081 2151 2206 2191 mus
2237 2135 2412 2205 impii,
2446 2135 2492 2190 si
2518 2143 2575 2190 et
2617 2150 2719 2191 nos
2747 2143 2968 2206 peccata
3008 2135 3394 2207 depresserint.
3438 2135 3654 2203 Quanto

2080 2227 2224 2282 enim
2272 2228 2552 2298 propiores
2599 2228 2866 2284 fuerimus
2897 2227 3030 2294 Deo,
3066 2237 3120 2284 et
3148 2228 3218 2283 ad
3262 2228 3652 2284 beatitudinem

2079 2318 2394 2386 viciniores,
2420 2328 2575 2375 tanto
2597 2335 2722 2375 cum
2753 2318 3160 2390 peccaverimus
3195 2320 3413 2390 longius
3459 2321 3657 2377 fiamus

2071 2411 2151 2465 ab
2181 2426 2266 2476 ea,
2309 2410 2546 2480 proximi
2579 2410 2902 2465 terribilium
2943 2409 3420 2480 maximarumque
3458 2426 3654 2479 ptena-

2063 2519 2226 2557 trum.
2250 2502 2467 2558 Justum
2499 2513 2586 2558 est
2624 2503 2824 2572 quippe
2848 2503 3116 2572 judicium
3145 2503 3292 2568 Dei,
3335 2510 3390 2558 et
3423 2513 3656 2572 potentes

2060 2602 2317 2665 potenter
2345 2602 2604 2648 tormenta
2631 2595 2910 2662 patiuntur
2935 2593 3001 2648 ⁶¹.
3031 2593 3134 2660 Qui
3181 2603 3374 2649 autem~
3393 2595 3657 2652 minimus

2059 2694 2182 2749 est,
2219 2685 2641 2740 mereturcitius
2674 2683 3128 2740 misericordiam.
3167 2684 3390 2740 Minima
3440 2695 3523 2742 est
3556 2686 3658 2741 So-

2079 2777 2265 2842 doma,
2297 2786 2353 2832 et
2379 2785 2499 2846 post
2527 2789 2648 2830 eam
2687 2776 2740 2830 in
2769 2777 3173 2845 comparatione
3202 2775 3505 2833 Jerusalem
3553 2779 3659 2832 mi-

2079 2869 2402 2935 nima;~non
2452 2877 2634 2922 tamen
2681 2867 2826 2923 sicut
2859 2866 3116 2932 Sodoma,
3163 2866 3409 2922 Samaria
3454 2879 3575 2933 est;
3604 2878 3659 2923 et

2078 2960 2202 3015 ideo
2239 2960 2477 3030 primum
2508 2959 2721 3012 illarum
2761 2958 2956 3012 avertit
2995 2959 3344 3022 eversiones,
3384 2971 3438 3014 et
3463 2969 3656 3030 postea

2075 3050 2402 3118 Jerusalem,
2431 3052 2619 3106 dicens
2647 3051 2692 3082 ⁶¹
2726 3068 2740 3104 :
2773 3053 3016 3103 Avertam
3037 3059 3086 3102 et
3129 3052 3452 3104 eversionem
3481 3061 3655 3106 tuum.

401 3138 752 3230 adiudicatus
775 3140 902 3230 huic
928 3143 1187 3210 infamiae,
1207 3146 1416 3214 injuste
1457 3145 1563 3200 ista
1596 3146 1885 3215 perpetior.
1915 3143 1974 3199 Si
2001 3171 2044 3230 α
2080 3143 2266 3198 Tertio
2296 3144 2440 3198 enim
2472 3143 2641 3213 gradu
2673 3143 2776 3197 hoc
2809 3143 3010 3197 dicitur
3031 3143 3096 3196 ad
3124 3141 3656 3198 Jerusalem.:iinum

396 3226 758 3296 justiticamus
783 3229 1212 3299 Providentiam,
1250 3234 1512 3289 solvimus
1554 3243 1795 3288 nostram
1833 3232 1973 3288 infa—

398 3321 582 3375 miam.
627 3320 685 3376 Si
709 3337 836 3378 vero
861 3339 966 3378 non
993 3324 1288 3394 recipimus
1314 3324 1520 3394 judicia
1566 3322 1682 3390 Dei,
1711 3321 1977 3394 multipli-

394 3427 587 3467 camus
618 3412 920 3468 infamiam.
951 3413 1239 3482 Quomodo
1278 3425 1458 3470 autem
1484 3413 1790 3480 infamiam,
1817 3415 1896 3470 sic
1922 3419 1979 3469 et

395 3504 684 3573 supplicia,
716 3506 796 3561 sic
821 3515 878 3562 et
907 3516 1121 3562 caetera.
1146 3505 1278 3573 Quae
1313 3514 1444 3562 sunt
1479 3506 1621 3560 enim
1653 3505 1799 3571 huic,
1837 3520 1982 3562 acci-

394 3593 524 3649 dere
570 3605 973 3651 consueverunt
1001 3596 1086 3653 his
1115 3597 1210 3670 qui
1243 3611 1275 3652 a
1313 3595 1424 3652 Deo
1461 3612 1560 3668 pro
1600 3596 1811 3652 delictis
1852 3611 1980 3668 pro-

394 3687 530 3756 priis
563 3689 907 3743 condemnati
935 3698 1083 3746 sunt.

465 3775 522 3829 2.
554 3775 623 3831 Et
658 3786 714 3830 tu
747 3778 1093 3846 confundere,
1134 3785 1182 3833 et
1225 3779 1402 3849 accipe
1436 3778 1780 3849 ignominiam
1831 3787 1980 3832 tuam

392 3867 453 3922 in
487 3884 547 3922 eo
596 3871 733 3940 quod
743 3865 1065 3940 justiﬁcasti
1083 3887 1287 3926 sorores
1329 3881 1472 3925 tuas.
1524 3868 1657 3926 Plus
1703 3885 1981 3926 meremur

394 3959 772 4029 ignominiam,
797 3961 1016 4031 quando
1041 3962 1172 4018 talia
1197 3962 1429 4017 facimus
1449 3964 1650 4032 quibus
1669 3973 1982 4032 peccatores

396 4052 489 4106 alii
512 4052 916 4122 justiiioentur:
952 4061 1010 4108 ut
1036 4054 1444 4123 ccutparatione
1471 4055 1792 4110 delictorum
1828 4067 1980 4107 meo-

392 4157 541 4211 rum,
572 4145 844 4201 malorum
877 4146 1084 4202 scelera
1127 4147 1432 4216 antiquitus
1471 4146 1831 4201 condemnata
1873 4145 1980 4198 mi-

394 4233 693 4289 sericordia
741 4234 962 4301 liberet,
999 4250 1062 4291 eo
1091 4237 1238 4306 quod
1281 4251 1383 4305 ego
1424 4236 1762 4306 subsequens
1794 4235 1977 4305 pejora

399 4325 794 4382 commiserim.
840 4326 1050 4382 Dicitur
1081 4342 1210 4397 ergo
1255 4328 1322 4383 ad
1361 4329 1713 4398 peccatricem
1754 4327 1980 4382 Jerusa-

394 4416 541 4470 lem:
569 4418 760 4486 Accipe
779 4417 1120 4487 ignominiam
1153 4428 1299 4472 tuam
1328 4419 1382 4471 in
1403 4435 1462 4472 eo
1488 4419 1627 4489 quod
1658 4417 1974 4488 justiﬁcasti

2077 3235 2300 3304 quando
2330 3235 2519 3289 avertit
2554 3235 2890 3289 eversionem
2909 3249 3114 3298 meam,
3146 3235 3192 3289 si
3216 3235 3466 3290 inventus
3501 3236 3658 3290 fuero

2054 3322 2400 3389 Jerusalem,
2427 3334 2479 3377 ct
2507 3333 2756 3392 peccator
2784 3323 2837 3378 in
2873 3322 3052 3378 medio
3093 3339 3340 3379 sororum
3387 3341 3652 3382 mearum.

2078 3413 2214 3466 Cum
2261 3413 2486 3467 audiero
2529 3431 2542 3466 :
2591 3412 2659 3467 Ut
2702 3413 2842 3482 [eras
2889 3423 3207 3468 tormentum
3252 3424 3400 3468 tuum
3431 3415 3496 3468 ⁸³.
3532 3415 3658 3472 Ideo

2079 3502 2238 3557 tertio
2265 3503 2385 3556 loco
2417 3503 2492 3556 ait
2533 3519 2546 3555 :
2600 3504 2843 3556 Avertam
2885 3505 3210 3558 uret-sionem
3247 3515 3416 3573 tuam;
3445 3516 3658 3576 etpost

2079 3591 2412 3648 onttteszUt
2456 3594 2597 3662 feras
2641 3602 2958 3646 tormentum
2991 3601 3172 3658 tuum,
3217 3605 3269 3648 et
3301 3595 3657 3650 dehonestsris

2078 3685 2144 3739 de
2172 3685 2414 3739 omnibus
2442 3701 2560 3755 qua
2595 3685 2788 3753 fecisti.
2819 3683 3200 3754 Estquaadam
3234 3701 3494 3740 mensura
3529 3702 3656 3756 pce-

2079 3776 2396 3847 cati,aquam
2426 3776 2803 3844 unusquisque
2827 3775 3046 3844 recipiet
3073 3790 3173 3843 pro
3193 3790 3258 3829 eo
3289 3777 3432 3846 quod
3461 3791 3657 3846 pecca-

2061 3869 2176 3924 -vit.
2209 3867 2266 3922 Si
2299 3868 2540 3922 habuero
2568 3867 2966 3937 quinquaginta
2991 3875 3234 3935 peccata,
3257 3868 3655 3939 quinquaginta

2080 3962 2260 4016 habeo
2303 3959 2668 4031 ignominias;
2721 3959 2767 4014 si
2820 3966 3060 4024 centum,
3103 3959 3470 4028 duplicabitur
3517 3960 3656 4015 mihi

2079 4068 2241 4123 paena
2285 4067 2382 4122 pro
2430 4051 2622 4115 factis,
2667 4058 2722 4105 et
2752 4064 2853 4120 pro
2904 4049 3280 4120 magnitudine
3331 4051 3654 4107 delictorum

2051 4174 2056 4179 ι
2081 4147 2348 4201 tribuetur
2377 4144 2512 4198 mihi
2536 4143 2854 4214 ignominia.
2879 4141 3130 4196 Maximis
3153 4143 3390 4213 peccatis
3418 4159 3652 4215 magnus

2080 4236 2354 4291 cruciatus
2382 4234 2718 4305 adjungitur.
2746 4233 2890 4288 Deus
2919 4243 3100 4289 autem
3125 4234 3275 4290 solus
3295 4250 3459 4291 verus
3480 4236 3654 4305 judex

2051 4327 2486 4398 'magnitudincs
2509 4336 2880 4396 peccatorum,
2907 4335 2964 4380 et
3001 4325 3313 4396 ignominiae
3338 4328 3648 4397 qualitates.

2051 4426 2134 4473 .et
2163 4415 2373 4486 peccati
2402 4430 2688 4470 numerum
2707 4424 2884 4482 potest
2915 4416 3214 4483 pervidere.
3241 4415 3448 4471 Dicitur
3469 4415 3656 4488 itaque

391 4523 600 4563 sorores
640 4519 782 4563 tuas.
826 4507 1031 4564 Deinde
1073 4510 1118 4564 si
1163 4511 1287 4579 quis
1331 4510 1622 4579 complevit
1666 4510 1772 4565 hoc
1817 4509 1964 4580 quod
2004 4510 2050 4564 D
2077 4513 2148 4565 ad
2179 4507 2481 4563 Jerusalem
2519 4525 2532 4560 :
2569 4505 2637 4562 Ut
2663 4507 2803 4576 feras
2835 4518 3151 4561 tormentum
3183 4516 3405 4563 tuamet
3431 4509 3658 4567 dehone-

391 4599 660 4669 scriptum
711 4606 798 4654 est
830 4615 844 4652 :
883 4596 1250 4667 Confundere;
1291 4599 1337 4652 si
1375 4600 1500 4668 quis
1538 4609 1858 4668 prosecutus
1892 4608 1975 4654 est

391 4693 719 4750 sententiam
742 4691 836 4747 Dei
859 4701 1172 4764 sequentem
1199 4709 1214 4747 :
1245 4693 1432 4761 Accipe
1457 4692 1805 4764 ignominiam
1826 4701 1973 4746 tuum

389 4787 450 4841 in
498 4800 558 4839 eo
607 4785 747 4855 quod
770 4785 1088 4856 justiﬁcasti
1134 4801 1339 4840 sorores
1387 4795 1542 4850 tuas;
1589 4785 1972 4840 videatetiam

367 4878 648 4949 gratiam.
674 4878 951 4948 quomodo
987 4891 1087 4948 pro
1121 4876 1445 4933 confusione
1489 4876 1820 4932 vicissitudo
1857 4877 1975 4930 cle-

389 4970 612 5026 mentia:
635 4969 976 5034 restituatur,
1012 4973 1140 5040 quia
1165 4984 1271 5024 non
1297 4968 1684 5038 contempserit
1707 4967 1975 5038 judicium

389 5061 514 5128 Dei,
552 5063 646 5118 sed
682 5077 808 5117 cum
849 5062 996 5116 omni
1041 5061 1350 5116 humilitate
1391 5061 1698 5130 susceperit
1729 5059 1877 5130 quod
1906 5059 1977 5114 de

387 5165 451 5205 se
512 5150 689 5206 'uerat
741 5151 1066 5221 judicatum.
1134 5151 1276 5220 Quid
1341 5161 1472 5222 ergo
1531 5150 1976 5221 repromittttur?

387 5242 644 5296 Avertam
675 5244 971 5298 eversiones
1009 5260 1191 5298 eorum
1229 5244 1500 5298 aversione
1537 5241 1890 5296 Sodomorum
1921 5250 1974 5294 et

389 5349 638 5389 sororum
681 5336 828 5402 eius,
877 5337 935 5390 in
967 5352 1026 5390 eo
1059 5336 1198 5406 quod
1233 5334 1554 5406 justiﬁcasti
1603 5348 1807 5387 sorores
1854 5341 1972 5385 tuas

389 5423 681 5480 Sodomam
725 5435 775 5480 et
816 5424 1118 5481 Samariam
1161 5426 1227 5479 ⁸ο.
1276 5424 1572 5480 Sodomam
1615 5421 1881 5476 minorem
1919 5428 1976 5474 et

392 5514 706 5572 Samariam
753 5518 1062 5583 seniorem,
1121 5525 1181 5570 ut
1229 5516 1285 5570 in
1332 5515 1621 5586 praeterit-is
1673 5514 1969 5569 diximus:

387 5605 642 5662 Avertam
675 5610 998 5664 eversionem
1038 5625 1241 5672 eorum,
1283 5606 1338 5663 id
1375 5615 1488 5671 est,
1531 5607 1698 5662 trium
1735 5619 1970 5676 quarum

463 5723 512 5756 τ’
544 5722 676 5777 Dan.
703 5737 803 5786 xit,
829 5724 884 5778 2.
962 5723 1007 5756 ⁸⁸
1033 5723 1227 5779 Ezech.
1262 5737 1374 5789 xw,
1399 5722 1490 5779 55.

389 5795 438 5826 ⁸⁸
467 5793 606 5848 Psal.
645 5809 850 5848 Lxsvtt.

1587 5720 1629 5752 ⁶¹
1657 5719 1786 5792 Sap.
1817 5735 1893 5785 vi,
1928 5717 1982 5774 7.

2079 4602 2234 4655 steris
2257 4599 2321 4654 de
2348 4599 2586 4654 omnibus
2602 4615 2718 4667 qua:
2739 4598 2910 4666 fecisti
2940 4598 2994 4650 in
3021 4597 3381 4653 exacerbando
3403 4616 3504 4655 me.
3523 4600 3656 4656 Vide

2047 4690 2387 4747 econtrario
2430 4688 2854 4744 satisfacientem
2901 4687 3068 4744 Deum
3091 4726 3108 4752 ,
3158 4695 3214 4744 et
3247 4690 3654 4758 quodammodo

2077 4797 2177 4854 per
2222 4783 2335 4837 haec
2365 4781 2530 4836 verba
2562 4789 2848 4835 testantem
2887 4780 3034 4848 quod
3080 4779 3216 4834 iram
3245 4781 3360 4850 ipse
3405 4798 3511 4836 non
3557 4783 3658 4836 ha-

2075 4873 2223 4939 beat,
2249 4872 2344 4927 sed
2377 4879 2632 4941 peccator
2663 4871 2765 4925 sibi
2790 4871 2856 4925 ad
2884 4871 3020 4924 iram
3052 4871 3289 4926 concitet
3316 4869 3509 4924 Deum.
3542 4870 3656 4928 Un-

2071 4964 2138 5020 de
2169 4974 2222 5018 et
2254 4962 2547 5032 Apostolus
2573 4961 2649 5016 ait
2677 4962 2723 4994 “
2749 4980 2763 5016 :
2787 4962 2872 5016 An
2891 4963 3110 5017 divitias
3143 4962 3401 5016 bonitatis
3431 4973 3480 5016 et
3504 4980 3656 5017 man-

2043 5077 2045 5082 ε
2071 5053 2372 5107 suetudinis
2388 5052 2524 5120 ejus,
2554 5062 2602 5106 et
2627 5052 3044 5122 tonganimitatis
3063 5053 3378 5118 contemnis,
3404 5054 3656 5122 ignorans

2042 5144 2324 5214 quoniam
2369 5143 2576 5196 bonitas
2621 5141 2717 5195 Dei
2755 5142 2824 5195 ad
2878 5144 3239 5212 paenitentiam
3290 5153 3337 5196 te
3382 5144 3658 5196 adducat?

2073 5233 2248 5288 Juxta
2275 5242 2450 5287 autent
2492 5233 2753 5286 duritiam
2791 5243 2940 5286 tuam
2973 5242 3024 5287 et
3053 5234 3380 5303 impwnitens
3411 5249 3502 5286 cor
3545 5239 3657 5284 tlte-

2068 5326 2317 5378 -saurizas
2357 5323 2452 5377 tibi
2476 5323 2638 5378 iram.
2679 5322 2959 5392 Separavit
2985 5323 3074 5378 hic
3103 5339 3284 5378 sermo
3317 5322 3654 5376 iracundiam

2077 5433 2109 5474 a
2144 5416 2270 5472 Deo.
2307 5414 2515 5471 Revera
2543 5417 2688 5470 enim
2715 5415 2998 5471 iracundia
3027 5416 3173 5470 aliud
3206 5415 3464 5485 quiddam
3491 5429 3521 5467 a
3548 5411 3656 5467 Deo

2078 5519 2181 5572 est,
2211 5523 2311 5563 nec
2341 5507 2391 5562 ei
2419 5516 2480 5562 ut
2510 5506 2674 5562 insita
2698 5507 3005 5576 copulatur.
3041 5503 3196 5559 Unde
3219 5513 3275 5560 et
3307 5505 3372 5558 de
3408 5510 3656 5572 peccato-

2081 5602 2232 5657 ribus
2255 5601 2457 5656 dicitur
2487 5600 2530 5632 ⁸⁸
2558 5617 2570 5653 :
2603 5598 2840 5653 Emisisti
2868 5600 3004 5651 iram
3029 5608 3194 5661 tuam,
3225 5605 3272 5650 et
3297 5595 3520 5649 comedit
3545 5609 3653 5649 eos.

2082 5715 2128 5749 ⁶²
2155 5713 2352 5770 Ezeclt.
2389 5729 2501 5781 xvt,
2531 5711 2621 5766 55.
2717 5711 2762 5744 ⁸³
2801 5711 2933 5767 ibid.
2962 5710 3051 5765 54.
3159 5708 3210 5752 ⁸⁸
3237 5706 3393 5763 Rom.
3432 5722 3492 5776 ιι,
3520 5705 3577 5771 4,
3597 5705 3655 5761 5.
