2064 3214
269 157 322 185 743

854 157 1017 186 ORlGENlS
1038 157 1071 184 IN
1092 157 1310 186 EZECIlIELEll

1858 159 1909 186 7M

268 214 354 244 Nemo
370 215 442 251 quod
470 216 522 245 sibi
539 216 644 245 socium
662 220 704 244 est
725 221 752 245 et
772 222 917 253 cognatum
935 218 1059 245 emittere
1075 219 1095 247 Α
1111 219 1201 251 tuo,th
1217 219 1308 246 diebus
1322 220 1450 254 superbia:
1467 225 1528 251 tute,
1542 218 1761 254 quemadmodum
1776 226 1845 244 nunc
1858 226 1907 253 op-

267 266 367 297 potest,
384 270 477 290 verum
503 263 637 290 emittitur
660 263 732 298 quod
748 263 821 292 aliud
843 270 885 292 est
906 265 941 292 ab
960 272 995 292 eo
1012 264 1059 299 qui

267 309 377 336 emittit.
399 308 444 336 Sic
466 314 493 336 et
516 316 566 336 nos
590 310 728 343 peccando
749 310 892 338 irritamus
910 310 1009 344 Deum,
1031 314 1060 338 ut

267 354 358 381 mittat
370 355 437 381 iram
456 362 537 389 quam
556 354 614 389 ipse
629 362 684 382 non
700 356 791 383 habet.

302 400 329 427 3.
344 400 407 428 Post
420 400 486 432 hac,
501 399 531 429 ld
544 405 586 428 est
605 406 667 436 post
684 401 871 435 aversionem,
896 402 997 430 dicitur
1008 403 1031 422 ⁸⁸
1050 411 1058 429 :

267 446 383 473 Sodoma
403 454 480 473 soror
496 451 558 479 tua,
580 450 605 473 et
626 446 691 481 ﬁliw
713 448 771 481 ejus
792 448 966 474 restituentur
990 449 1059 475 sicut

265 498 341 521 erant
355 494 386 521 ab
401 494 488 520 initio.
507 493 593 520 Venio
614 494 646 520 ad
663 493 795 528 imagines
806 498 833 521 et
846 494 959 529 figuras,
972 498 1000 521 et
1019 495 1060 521 vi-

266 538 317 566 deo
331 543 433 573 quanto
448 543 570 573 tempore
583 539 739 566 excruciata
757 538 875 567 Sodoma
899 540 1059 567 restituatur

265 583 293 612 in
305 584 461 619 antiquum.
480 584 509 611 Si
521 588 612 611 autem
627 584 652 612 id
670 585 742 619 quod
759 593 807 619 per
820 585 935 621 figuram
953 585 1056 612 dictum

264 634 308 657 est
325 630 362 657 ita
379 637 409 657 se
426 630 517 662 habet,
533 629 598 665 quid
620 629 655 657 de
670 637 704 657 eo
720 630 765 657 [iet
781 630 827 664 qui
853 639 915 658 vere
937 630 1057 658 Sodoma

265 675 370 703 fuerit?
393 675 492 703 Statim
518 680 581 710 post
601 676 733 704 diluvium
756 677 861 704 decima
882 678 1057 712 generatione

265 729 347 756 passa
362 726 405 749 est
427 721 545 749 Sodoma
563 730 595 749 ea
618 730 678 757 quae
703 722 729 749 in
753 722 851 751 Genesi
877 724 1004 759 leguntur
1021 726 1055 754 ⁸⁷.

264 767 332 795 Erat
346 768 418 795 enim
432 769 509 803 prius
524 768 602 803 quasi
618 769 763 803 paradisus
775 769 833 800 Dei,
848 775 875 797 et
889 772 968 805 quasi
984 776 1056 800 terra

265 813 385 849 Egypti;
405 819 591 842 verumtamen
607 814 709 842 factum
735 820 777 843 est
794 814 920 844 Sodomae
941 817 966 844 id
982 819 1056 853 quod

264 861 345 887 etiam
370 869 443 888 nunc
466 861 588 896 vestigiis
611 861 730 895 regionis
757 862 817 897 ejus
838 864 956 898 perspici
980 865 1054 892 licet.

1113 264 1249 297 probriqu
1264 272 1290 291 es
1310 264 1430 299 ﬁliarum
1453 265 1555 300 ενι-ἰῶ,
1578 268 1602 291 et
1626 262 1747 290 omnibus
1768 271 1827 298 qua:
1846 268 1908 290 sunt

1114 309 1142 336 in
1155 310 1270 336 circuitu
1287 315 1330 337 tuo
1355 311 1474 346 ﬁliarum
1492 307 1700 345 alienigenarum
1716 316 1774 344 qua:
1791 310 1908 336 circurn-

1113 355 1178 381 dant
1191 360 1215 381 te
1232 355 1259 381 in
1272 363 1346 390 gyro.
1362 355 1516 391 Impietates
1534 360 1593 382 tua:
1614 360 1643 382 tu
1670 359 1746 389 porta
1761 348 1795 395 i”.
1814 352 1837 380 Ο
1851 348 1906 381 cle-

1114 400 1315 427 mentissimum
1336 400 1421 427 Deum
1439 396 1651 429 satisfacientem
1678 394 1712 427 tle
1732 398 1907 427 restitutione

1113 450 1195 479 atque
1212 445 1344 472 dicentem
1364 454 1371 472 :
1388 445 1541 480 Impietates
1561 445 1619 472 tuas
1632 449 1657 473 et
1678 439 1832 480 iniquitates
1847 446 1905 472 tua:

1111 496 1187 525 porta
1200 491 1209 517 .’
1221 490 1278 518 Non
1288 491 1388 519 frustra
1403 493 1463 519 dico
1478 502 1485 519 :
1501 492 1724 525 t'cstitueris;sed
1738 499 1800 518 cum
1812 488 1906 526 itnpiea

1112 541 1181 563 tates
1196 536 1278 573 394
1289 542 1350 565 tuas
1365 542 1391 564 ct
1409 538 1566 573 iniquitates
1580 542 1640 565 tuas
1657 537 1828 578 ciltauseris,
1842 542 1906 564 tunc

1112 581 1139 608 lll
1160 582 1249 609 locum
1277 584 1421 618 pristinum
1444 584 1608 611 restitueris.
1627 579 1771 617 Quomodo
1790 579 1904 610 vulnera

1111 635 1172 662 quae
1185 629 1211 655 in
1225 637 1338 665 corpore
1350 635 1424 663 sunt,
1439 638 1510 665 saepe
1528 638 1611 665 parvo
1626 635 1748 665 tempore
1763 624 1902 663 accidunt,

1110 674 1222 702 medelze
1247 683 1311 703 vero
1337 677 1479 703 vulnerum
1501 684 1563 703 cum
1579 677 1724 704 tormentis
1741 677 1903 703 adhibentur

1110 719 1265 755 ingentibus
1284 729 1337 748 non
1352 722 1430 756 juxta
1443 723 1626 756 aqualitatem
1652 722 1782 756 temporis
1799 723 1853 756 quo
1872 722 1905 748 il-

1110 766 1171 793 lata:
1190 772 1264 800 sunt,
1276 766 1322 794 sed
1335 764 1413 802 juxta
1428 769 1559 795 rationem
1573 768 1741 801 curationis;
1756 768 1829 795 verbi
1842 776 1904 803 gra-

1110 812 1158 843 tia,
1176 812 1203 838 in
1222 817 1322 846 puncto
1336 814 1408 840 hora:
1423 812 1541 841 fractura
1557 821 1656 840 manus
1670 817 1697 840 et
1710 807 1786 848 pedis
1798 814 1902 841 contri-

1109 859 1148 886 tio
1162 858 1271 891 accidit,
1290 859 1341 886 hoc
1355 860 1427 895 quod
1445 860 1470 886 in
1486 860 1594 887 modico
1615 859 1717 887 factum
1732 865 1784 892 est,
1799 860 1901 887 mensi-

264 905 334 933 Ecce
356 907 450 941 quanti
475 907 531 941 jam
557 912 709 942 temporum
733 908 828 935 circuli
855 910 1023 938 transierunt
1050 921 1055 938 :

1110 905 1161 932 bus
1178 904 1234 931 fere
1249 905 1347 937 tribus,
1363 913 1396 932 ac
1412 906 1492 940 longo
1507 910 1628 940 tempore
1641 906 1685 932 vix
1704 910 1836 938 curatur;
1862 906 1901 932 sic

264 957 327 977 ecce
344 951 394 978 tria
411 951 496 978 millia
513 959 647 979 annorum
663 956 737 986 sunt,
751 957 778 980 et
797 953 917 982 Sodoma
933 957 1056 984 nondum

263 1000 306 1023 est
322 997 456 1029 restituta;
476 1006 535 1025 non
554 998 599 1025 illa
621 997 740 1026 Sodoma
762 1007 823 1034 qua:
840 1001 867 1027 in
885 1001 964 1036 signo
984 1007 1012 1029 et
1029 1002 1056 1030 in

263 1041 408 1077 aenigmate
419 1044 539 1077 ponitur.
555 1044 601 1071 sed
615 1045 660 1072 illa
684 1052 746 1079 quae
759 1044 786 1072 in
806 1045 929 1073 veritatis
953 1049 1058 1075 ratione

263 1087 437 1122 perspicitur.
461 1089 543 1116 Aiunt
574 1089 678 1117 Hebraei
707 1090 854 1119 Sodomam
878 1092 906 1119 in
931 1094 1056 1121 eumdem

264 1138 365 1160 statum
386 1135 581 1162 restituendam
600 1136 626 1163 in
647 1144 702 1171 quo
716 1142 744 1164 et
764 1143 844 1165 antea
868 1139 1003 1171 constitit,
1028 1144 1057 1167 ut

265 1186 375 1207 rursum
394 1181 523 1215 paradiso
539 1181 585 1209 Dei
599 1186 627 1209 et
640 1187 719 1210 terrae
742 1183 852 1219 Egypti
868 1190 1055 1219 comparetur.

265 1225 295 1252 Si
313 1226 365 1254 hoc
382 1234 411 1254 se
424 1227 465 1254 sic
481 1228 572 1261 habet,
589 1234 615 1256 et
629 1230 686 1257 sive
701 1230 822 1258 futurum
837 1236 890 1264 est.
905 1232 962 1259 sive
978 1240 1032 1260 non
1048 1243 1055 1260 :

263 1276 423 1306 qua‘rentur
437 1274 509 1300 enim
523 1274 678 1303 istiusmodi
695 1284 739 1303 res
749 1277 820 1311 apud
834 1284 881 1305 eos
894 1278 940 1312 qui
955 1278 1057 1307 doctis-

262 1316 325 1344 sinti
342 1321 417 1350 sunt;
440 1323 469 1346 ut
479 1324 570 1347 autem
588 1320 633 1347 ﬁat
650 1321 723 1356 quod
741 1322 854 1355 dicitur,
879 1323 1057 1358 complebun-

263 1366 308 1390 tur
327 1364 394 1391 mihi
411 1372 545 1392 annorum
562 1366 613 1393 tria
630 1367 731 1401 millia,
758 1372 785 1395 et
809 1372 874 1395 tunc
897 1369 1056 1397 restituetur

261 1409 418 1436 excruciata
431 1410 519 1438 tribus
534 1412 654 1438 millibus
669 1420 806 1440 annorum
822 1413 952 1445 Sodoma,
972 1415 999 1442 id
1014 1420 1056 1443 est

262 1454 354 1481 anima
370 1462 429 1482 mea
448 1465 454 1482 :
473 1455 604 1489 Sodoma,
623 1457 691 1485 meis
703 1466 783 1493 paena
804 1460 931 1493 peccatis.
947 1460 1056 1489 Grande

263 1500 436 1529 intervallum
454 1504 586 1537 temporis
602 1504 673 1531 inter
690 1505 889 1533 restitutionem
905 1512 932 1534 et
947 1509 1054 1536 ruinam

262 1548 384 1595 positum
398 1553 450 1576 est.
467 1548 555 1576 Etiam
573 1550 596 1577 si
617 1551 771 1578 restituaris
792 1551 829 1579 ita
852 1556 882 1579 ut
904 1554 1054 1589 antiquitus
1069 1567 1090 1595 ο

261 1599 335 1624 eras,
351 1592 412 1620 vide
425 1598 526 1627 quanta
539 1595 688 1622 exhaurias
704 1596 785 1629 mala,
803 1599 915 1632 quantis
934 1600 1052 1633 primum

263 1636 465 1665 calamitatibus
479 1639 653 1673 opprimaris.
671 1639 727 1667 lloc
745 1645 836 1668 autem
853 1643 924 1677 quod
941 1643 976 1670 de
1003 1643 1054 1671 So-

261 1681 343 1708 doma
359 1682 480 1709 diximus
494 1702 502 1715 .
520 1687 547 1710 et
567 1683 600 1711 de
622 1683 746 1712 Samaria
771 1694 881 1721 quoque
905 1687 1054 1724 intelligere

261 1725 403 1755 debemus.
417 1727 450 1755 Et
464 1728 521 1763 ipsa
538 1729 638 1764 quippe
659 1731 774 1758 necdum
787 1737 828 1759 est
843 1733 965 1761 restituta
975 1756 983 1768 ,
1006 1736 1053 1763 sed

261 1779 296 1799 ex
311 1779 345 1799 eo
361 1776 482 1808 tempore
497 1782 552 1809 quo
568 1775 661 1803 decem
678 1777 763 1804 tribus
776 1777 870 1812 ejecta:
883 1784 947 1807 sunt
961 1780 994 1808 de
1008 1780 1055 1808 Ju—

261 1817 318 1845 daa
333 1823 360 1845 et
371 1819 405 1846 de
418 1818 553 1854 Samaria,
567 1826 594 1848 et
606 1822 790 1856 captivitatem
810 1825 950 1857 sustinuit,
966 1832 993 1853 et
1006 1834 1055 1854 no-

261 1871 324 1891 men
340 1865 444 1900 accepit
460 1873 513 1892 non
540 1866 642 1894 habens
658 1868 765 1896 accolas
782 1877 856 1897 suos.
886 1870 1055 1899 Restituetur

261 1915 353 1938 autem
366 1917 393 1938 et
408 1911 453 1939 illa
469 1912 540 1939 sicut
558 1913 584 1939 in
604 1914 736 1948 principio
751 1915 801 1942 fuit
818 1924 880 1943 cum
895 1917 988 1945 decem
1004 1918 1053 1945 tri-

261 1957 313 1984 bus
330 1956 429 1985 fuerint
445 1965 571 1991 reversae,
584 1964 614 1986 ut
634 1960 755 1987 solvatur
772 1961 797 1988 id
823 1963 895 1996 quod
921 1964 1053 1998 scriptum

261 2002 305 2030 est
320 2003 343 2019 ⁶⁸
369 2012 376 2029 :
402 2003 528 2038 Captivi“
554 2007 649 2032 ductus
677 2011 716 2033 est
739 2008 851 2042 populus
875 2009 903 2035 in
932 2011 1053 2044 Assyrios

261 2056 343 2084 usque
357 2048 384 2074 in
398 2048 553 2076 hodiernum
568 2051 648 2078 diem.
665 2051 693 2079 Si
708 2058 800 2081 autem
815 2058 891 2081 tauto
906 2060 968 2089 post
982 2060 1052 2083 tem-

261 2102 328 2130 pore
339 2095 496 2123 restituetur
512 2097 537 2123 id
553 2098 625 2131 quod
642 2100 781 2132 praecessit
795 2100 821 2127 in
836 2101 956 2135 signum,
969 2110 1054 2137 quan-

261 2140 298 2167 do
308 2145 336 2168 tu
353 2141 514 2172 restitueris,
533 2142 555 2168 si
569 2147 658 2169 tatnen
676 2145 826 2171 restitueris
842 2144 1013 2173 Samaritana
1026 2151 1053 2173 et

261 2187 387 2214 hauetica
406 2188 508 2219 anima,
522 2196 582 2222 qme
600 2189 753 2216 simulacris
765 2195 790 2216 ct
806 2190 880 2217 feriis
894 2198 947 2217 non
968 2192 1051 2224 veris.

1109 955 1136 978 et
1148 951 1272 985 voluptas
1289 959 1350 986 quae
1364 959 1461 979 nervos
1478 952 1576 978 animae
1595 951 1720 983 succidit,
1739 956 1765 978 et
1780 951 1900 984 luxuria,

1108 999 1135 1022 et
1149 996 1232 1023 semel
1249 997 1376 1024 universa
1399 1002 1523 1031 peccata,
1547 1005 1608 1025 cum
1629 997 1656 1023 in
1672 1005 1756 1031 parvo
1781 1002 1903 1031 tempore

1109 1041 1244 1070 infelicem
1260 1044 1380 1070 animant
1397 1039 1552 1076 illexerunt,
1567 1048 1594 1071 ct
1609 1044 1641 1071 ad
1659 1043 1727 1071 vitia
1747 1048 1900 1076 traxerunt,

1109 1096 1236 1123 magnum
1254 1093 1346 1123 postea
1362 1095 1470 1124 tempus
1484 1090 1510 1116 in
1530 1090 1672 1125 suppliciis
1685 1094 1712 1116 et
1730 1090 1901 1117 cruciatibtts

1108 1138 1313 1168 promerentur.
1334 1133 1450 1168 Propter
1467 1135 1539 1169 quod
1559 1135 1610 1162 hoc
1627 1135 1692 1161 dicit
1709 1134 1841 1161 Dominus
1857 1135 1899 1161 7':

1108 1177 1143 1203 Et
1156 1177 1255 1212 faciant
1272 1179 1300 1204 in
1314 1183 1338 1205 te
1350 1180 1418 1205 sicut
1436 1179 1534 1213 fecisti,
1544 1178 1613 1205 sicut
1628 1179 1749 1213 sprevisti
1769 1179 1823 1205 ltaec
1835 1187 1902 1213 prtu-

1108 1224 1252 1251 varicando
1279 1229 1464 1251 testamentum
1488 1233 1585 1257 meum,
1601 1229 1626 1251 ct
1648 1233 1746 1251 menter
1763 1232 1818 1252 ero.
1839 1223 1901 1251 Pri-

1107 1278 1183 1297 mum
1195 1291 1202 1302 ,
1220 1271 1349 1305 quomodo
1367 1271 1453 1306 fecisti
1470 1271 1568 1305 faciam
1583 1270 1646 1303 tibi;
1672 1270 1769 1297 deinde
1780 1290 1787 1303 ,
1802 1278 1901 1297 memor

1107 1325 1151 1344 ero
1177 1317 1326 1343 testamenti
1348 1317 1398 1344 mei
1413 1317 1482 1352 quod
1498 1317 1548 1351 feci
1564 1322 1647 1344 tecum
1663 1317 1689 1343 in
1701 1316 1791 1343 diebus
1811 1316 1901 1350 infan-

1108 1363 1153 1389 tia:
1170 1368 1231 1389 tute.
1271 1362 1348 1390 Fecit
1364 1363 1464 1398 quippe
1486 1365 1680 1390 testamentum
1703 1363 1730 1390 in
1744 1362 1841 1390 diebus
1855 1362 1899 1389 in-

1107 1407 1199 1435 fautize
1212 1408 1281 1443 ejus.
1295 1407 1421 1436 Diximus
1436 1413 1527 1436 autem
1543 1416 1626 1444 supra
1637 1409 1774 1444 quomodo
1789 1416 1850 1437 cum
1867 1415 1900 1436 ea

1108 1452 1203 1481 fecerit
1220 1459 1423 1482 testamentum.
1455 1454 1490 1481 Et
1502 1454 1636 1481 suscitabo
1654 1455 1700 1481 tibi
1717 1459 1899 1482 testamentum

1107 1499 1134 1526 in
1148 1505 1288 1528 teternum.
1320 1500 1376 1535 Ego
1402 1497 1493 1528 occido
1505 1521 1512 1533 ,
1529 1506 1552 1528 et
1567 1509 1613 1535 ego
1631 1501 1768 1534 vivificabo
1779 1522 1785 1534 ,
1813 1501 1850 1528 ait
1864 1499 1897 1528 ⁷³.

1108 1545 1159 1578 Qui
1183 1554 1244 1572 cum
1264 1546 1313 1573 isla
1330 1548 1480 1580 promittit,
1507 1547 1613 1573 dolores
1632 1547 1710 1579 facit,
1738 1551 1764 1574 et
1788 1555 1898 1574 rursum

1111 1592 1247 1618 restituet.
1270 1590 1419 1624 Percussit,
1436 1596 1462 1619 ct
1476 1600 1572 1619 manus
1600 1592 1659 1626 cjus
1685 1593 1830 1619 sanabunt.
1853 1589 1899 1619 Di-

1107 1638 1178 1664 citur
1205 1639 1231 1665 in
1257 1638 1369 1665 Michrca
1382 1639 1404 1653 ⁷⁵
1420 1647 1426 1665 :
1447 1638 1520 1664 Iram
1537 1638 1645 1664 Domini
1661 1639 1811 1671 sustinebo,
1835 1638 1898 1673 quia

1106 1685 1211 1718 peccavi
1226 1686 1260 1717 ei,
1277 1684 1358 1710 donec
1369 1684 1496 1718 justiﬁcct
1513 1683 1565 1718 ipse
1583 1692 1690 1710 causam
1706 1692 1800 1710 meam.
1822 1683 1898 1716 Quo-

1108 1730 1188 1755 modo
1202 1729 1368 1763 justilicalur
1386 1736 1467 1755 causa
1486 1728 1564 1754 mea?
1583 1727 1776 1761 Quandoiram
1789 1727 1897 1755 Domini

1108 1774 1274 1806 sustinuero,
1291 1774 1336 1807 qui
1355 1773 1464 1799 divitias
1483 1774 1613 1799 bonitatis
1630 1774 1690 1806 ejus
1706 1779 1731 1799 et
1749 1773 1896 1807 patientiae,

1107 1825 1132 1845 et
1147 1818 1363 1853 longunitnitatis
1387 1818 1550 1851 contempsi,
1576 1823 1601 1845 et
1616 1818 1693 1851 juxta
1712 1826 1799 1846 meam
1822 1817 1897 1844 duri-

1107 1866 1171 1892 tiam
1187 1869 1213 1891 ct
1229 1864 1401 1898 imptenitens
1421 1872 1468 1890 cor
1484 1863 1664 1891 tlicsaurizavi
1684 1865 1749 1891 mihi
1767 1864 1851 1898 iram,
1869 1865 1897 1893 in

1106 1910 1149 1938 die
1170 1910 1216 1936 ira:
1232 1914 1258 1936 et
1272 1907 1446 1936 revciationis
1463 1909 1529 1943 justi
1546 1909 1640 1942 judicii
1659 1909 1704 1936 Dei
1722 1910 1754 1937 ⁷⁵.

1141 1964 1168 1990 ὅ.
1189 1962 1223 1989 Et
1235 1963 1446 1989 dehoneuaberis
1466 1964 1492 1989 in
1512 1971 1541 1989 eo
1556 1964 1624 1997 quod
1640 1965 1778 1998 suscepisti
1793 1973 1896 1992 sorores

1107 2014 1167 2035 tuas
1179 2008 1294 2035 seniores
1311 2016 1371 2035 cum
1384 2007 1599 2040 adolescentulis,
1615 2014 1638 2035 et
1654 2009 1723 2035 dabo
1744 2009 1792 2036 tibi
1808 2018 1853 2036 eas
1868 2011 1897 2036 in

1104 2054 1310 2088 aedificationem
1324 2054 1347 2069 ⁷⁸
1357 2074 1364 2081 .
1392 2053 1480 2089 Supra
1496 2061 1578 2081 unam
1593 2054 1660 2081 dixit
1671 2062 1793 2082 sororem
1810 2055 1897 2083 Sodo-

1105 2106 1178 2126 mam
1191 2119 1198 2132 ,
1222 2103 1250 2126 et
1272 2099 1353 2126 aliam
1371 2098 1541 2130 Samariam,
1559 2106 1633 2126 nunc
1653 2100 1751 2135 repetit
1767 2104 1793 2127 et
1806 2100 1873 2127 dicit
1888 2110 1894 2127 :

1105 2146 1215 2174 Sorores
1240 2151 1299 2173 tuas
1313 2147 1438 2177 seniores,
1464 2154 1526 2173 cum
1542 2146 1635 2173 senior
1649 2151 1754 2173 tantum
1772 2145 1895 2174 Samaria

1105 2193 1156 2225 sit,
1183 2197 1210 2220 et
1235 2193 1435 2220 adolescentior
1461 2191 1598 2225 Sodoma;
1627 2200 1721 2219 verum
1746 2193 1810 2227 quia
1834 2193 1896 2220 lilite

262 2239 295 2259 ac
311 2232 445 2267 figmentis
466 2234 498 2260 de
520 2233 663 2261 Jcroboam
684 2236 766 2262 corde
780 2237 951 2263 venientibus
965 2236 1053 2264 credi-
1068 2250 1089 2277 ι)
1104 2246 1199 2267 earum
1214 2239 1255 2266 eis
1270 2241 1516 2271 counumerantur,
1526 2238 1593 2265 dicit
1604 2239 1727 2265 omnium
1740 2247 1821 2266 unam
1833 2247 1895 2267 esse

261 2278 339 2306 disti?
354 2278 469 2311 Quando
485 2281 648 2312 restitueris,
663 2289 679 2308 ο
691 2281 781 2308 anima
798 2281 900 2313 infelix,
914 2290 975 2308 cum
990 2286 1052 2317 post

262 2329 336 2352 tanta
353 2327 451 2353 saecula
478 2327 637 2354 restituatur
657 2327 811 2360 exemplum
838 2328 898 2354 tui?
917 2328 944 2355 Si
961 2333 1051 2356 autem

263 2372 314 2397 hoc
329 2379 410 2406 super
430 2373 548 2399 Sodoma
562 2377 589 2399 et
605 2372 727 2400 Samaria
755 2374 793 2405 lit,
816 2381 876 2407 quae
895 2374 1052 2408 justiﬁcatae

261 2424 325 2446 sunt
337 2419 371 2446 ah
384 2418 545 2451 Jerusalem,
560 2419 625 2453 quid
641 2419 785 2445 dicendum
799 2423 841 2445 est
854 2420 886 2446 de
904 2420 959 2454 ipsa
974 2419 1053 2448 Jeru-

262 2464 345 2491 salem
369 2472 429 2499 qu:e
451 2465 666 2498 supradictarum
693 2464 794 2490 scelera
822 2465 1001 2498 jttstilicavit?
1017 2466 1052 2493 Et

262 2510 435 2537 restituemini
451 2511 516 2536 sicut
534 2510 566 2536 ab
579 2510 654 2535 initio
668 2510 766 2543 fuistis.
784 2509 816 2535 Et
833 2516 861 2536 tu
876 2516 899 2537 et
917 2512 980 2544 ﬁliae
999 2517 1052 2539 tua:

262 2557 436 2583 restituentini
460 2558 529 2582 sicut
552 2556 640 2589 fuistis
655 2557 680 2581 in
703 2556 832 2590 principio
855 2557 887 2583 “9.
917 2556 974 2584 Scit
999 2558 1052 2585 hoc

262 2603 333 2638 quod
354 2603 419 2629 dicit
436 2613 440 2629 :
456 2601 530 2629 Sicut
547 2602 636 2635 fuistis
650 2602 676 2627 in
690 2603 837 2636 principio;
860 2608 886 2630 et
910 2603 993 2630 Isaias
1007 2604 1052 2630 di-

261 2657 326 2677 crns
339 2649 383 2676 "°:
400 2648 433 2675 Et
452 2649 723 2682 conuituamjudiccs
742 2653 800 2674 tuos
816 2653 843 2674 ut
859 2649 932 2682 prius
949 2654 973 2676 et
989 2657 1052 2675 con-

260 2695 377 2722 ciliarios
390 2700 447 2720 tuo:
462 2698 491 2719 ut
506 2694 534 2719 in
549 2695 667 2720 exordio.

295 2741 322 2768 4.
337 2740 370 2767 Et
382 2739 434 2767 nisi
448 2745 514 2767 esset
528 2739 644 2767 Sodoma
659 2749 733 2767 soror
751 2745 795 2767 tua
812 2741 838 2767 in
847 2742 952 2772 auditu,
967 2743 992 2768 iu
1005 2750 1050 2768 ore

297 2802 319 2817 ⁸⁸
333 2801 431 2829 Ezech.
449 2810 504 2835 xvi,
519 2801 563 2829 55.
602 2801 623 2817 ⁸⁷
638 2801 706 2828 Gen.
721 2809 779 2833 χιιι,
793 2801 835 2828 10.

264 2844 326 2867 xu.
349 2837 403 2868 56.
434 2837 491 2870 57,
522 2837 566 2865 58.
621 2837 643 2852 τι
671 2837 748 2868 ibid..
772 2837 816 2870 59,
839 2836 882 2863 60.

264 2872 286 2887 "
302 2870 398 2898 Ezech.
416 2880 472 2907 xw,
493 2871 537 2899 6i.
574 2873 597 2888 "
617 2872 682 2899 ibid.
699 2871 744 2905 6i,
758 2871 802 2899 6‘2.
840 2872 863 2888 ⁷⁸
880 2870 945 2899 ibid.
964 2871 1008 2905 ϐξ,
1024 2871 1068 2899 63.

882 2801 905 2816 ⁸⁸
919 2800 952 2827 IV
966 2800 1031 2836 Reg.
1042 2807 1108 2832 xvu,
1117 2799 1164 2826 25.

943 2837 967 2852 ⁷³
988 2833 1064 2863 Dant.
1088 2842 1174 2865 xxx",
1196 2833 1241 2861 59.

1104 2285 1233 2320 speciem.
1262 2284 1376 2317 Quanta:
1404 2289 1495 2311 autem
1522 2283 1584 2310 filiae
1608 2283 1790 2311 Sodomorum
1819 2289 1892 2316 sunt,

1104 2335 1187 2358 tantae
1203 2334 1231 2357 et
1247 2329 1387 2357 Samaria.
1420 2328 1455 2354 Et
1470 2328 1539 2355 dabo
1557 2328 1604 2355 tibi
1628 2337 1671 2355 eas
1692 2329 1719 2355 iu
1736 2329 1893 2363 ludiﬁcatio-

1105 2385 1181 2408 nem,
1199 2380 1223 2403 et
1240 2383 1292 2402 non
1304 2383 1336 2402 ea:
1350 2379 1505 2401 testamento
1523 2380 1583 2407 tuo,
1600 2381 1625 2401 et
1640 2375 1772 2402 sttscitabo
1793 2383 1839 2410 ego
1856 2380 1894 2401 te-

1104 2426 1266 2449 stamentum
1282 2428 1368 2447 meum
1383 2425 1466 2446 tecum
1480 2420 1513 2447 ⁷⁷.
1533 2419 1681 2447 Considera
1699 2421 1779 2447 tinem
1797 2429 1892 2455 repro-

1105 2466 1245 2494 missionis
1263 2475 1270 2493 :
1289 2465 1323 2491 Et
1340 2473 1479 2500 cognosces
1494 2465 1556 2500 quin
1572 2473 1618 2500 ego
1633 2465 1779 2498 Dominus,
1798 2474 1826 2492 ut
1840 2474 1894 2492 nte-

1105 2513 1214 2539 mineris
1227 2517 1253 2539 et
1265 2511 1437 2546 confundaris
1453 2511 1487 2543 ⁷⁸,
1504 2512 1528 2538 id
1544 2516 1585 2538 est
1603 2519 1664 2538 cum
1683 2512 1818 2546 receperis
1831 2519 1893 2547 pec-

1105 2562 1165 2586 cata
1181 2562 1238 2590 tua,
1255 2563 1283 2585 et
1300 2561 1437 2584 remorata
1453 2556 1547 2590 fueris,
1563 2561 1629 2584 tunc
1644 2556 1830 2584 confundcris.
1857 2557 1893 2583 Et

1102 2604 1174 2631 ultra
1183 2612 1234 2631 non
1243 2604 1293 2630 erit
1305 2603 1352 2629 tibi
1360 2611 1388 2629 os
1396 2603 1497 2636 aperire
1506 2602 1539 2629 "’.
1558 2602 1626 2629 Cum
1639 2610 1766 2637 recepero
1782 2608 1892 2638 peccata

1103 2658 1163 2678 mea
1190 2654 1217 2677 et
1234 2649 1378 2676 restitutus
1397 2648 1484 2680 fuero,
1501 2648 1573 2675 facto
1594 2655 1701 2675 mecum
1713 2652 1891 2681 testamento,

1104 2700 1169 2723 tunc
1193 2695 1311 2730 amplius
1327 2694 1447 2728 intelligo
1461 2694 1531 2721 mala
1544 2702 1604 2721 mea
1615 2714 1623 2726 ,
1639 2699 1664 2721 et
1679 2693 1849 2727 confundor,
1866 2698 1893 2720 et

1102 2740 1230 2768 conscius
1244 2738 1310 2765 mihi
1324 2738 1395 2765 ultro
1410 2742 1510 2764 memet
1522 2737 1616 2772 punio.
1638 2736 1706 2764 Vide
1720 2742 1811 2765 autem
1826 2737 1891 2771 quid

1218 2798 1240 2814 ⁸³
1257 2797 1356 2825 Ezecb.
1372 2805 1428 2828 XVI.
1442 2797 1487 2824 55.
1524 2797 1546 2812 ⁷⁸
1561 2796 1613 2824 lsa.
1627 2805 1648 2828 ι,
1660 2796 1706 2824 26.
1752 2797 1775 2813 “
1792 2796 1890 2824 Ezech.

1302 2833 1325 2849 "
1348 2832 1429 2860 Micli.
1449 2840 1496 2865 vn.
1521 2832 1548 2860 9.
1608 2832 1630 2849 ⁷⁸
1653 2831 1733 2859 Rom.
1758 2840 1789 2866 ιι,
1810 2831 1837 2864 4,
1863 2831 1890 2858 5.

1121 2869 1145 2886 "
1158 2869 1223 2897 ibid.
