4128 6434
377 409 484 466 743

1714 399 1996 456 HOMILIA
2039 400 2129 456 XI.

3529 430 3635 484 7H3

379 523 510 578 mihi
543 522 789 588 eveniat,
815 529 874 576 ut
903 521 1044 576 ultra
1073 533 1180 574 non
1213 518 1284 574 sit
1311 517 1542 573 liberum
1580 532 1642 571 os
1673 516 1885 586 aperire
1918 532 1946 570 a
1979 522 2024 578 Α
2052 512 2772 582 necessarleindigemns,ut
2795 530 2903 570 non
2924 525 3030 572 tam
3053 532 3332 588 egoquam
3353 524 3637 582 orantibus

373 613 513 668 facie
545 613 877 684 ignominiae,
895 621 948 668 et
977 609 1199 682 quando
1221 611 1453 665 eveniat.
1495 607 1561 662 In
1591 625 1650 662 eo
1673 609 1812 678 quod
1833 623 1955 677 pro-

373 707 594 777 vitietur
621 706 717 760 tibi
745 706 811 758 ⁸⁸.
877 703 990 760 Nec
1043 715 1175 758 tunc
1217 703 1437 773 quidem
1497 701 1717 768 quando
1770 699 1953 769 propi-

374 799 546 854 tiatur
575 799 709 853 mibi
742 798 912 852 multa
939 795 1209 864 peccanti,
1245 810 1469 866 possum
1500 807 1564 849 os
1591 793 1822 863 aperire,
1854 808 1954 848 nec

375 891 596 961 quando
640 890 877 962 ignoscit
922 889 1223 944 sceleribus
1269 889 1406 944 meis
1455 888 1667 942 alienus
1721 902 1842 941 sum
1887 887 1956 942 ab

376 971 700 1054 ignominia,
732 981 824 1038 sed
865 982 1109 1038 sentiens
1143 981 1350 1036 scelera
1380 995 1498 1035 mea
1529 987 1790 1050 perpetuo
1819 993 1954 1033 con-

377 1075 620 1131 scientiae
646 1090 782 1130 mea:
806 1075 931 1145 igne
960 1073 1289 1129 discrucior.
1328 1072 1536 1129 Idcirco
1569 1074 1696 1142 quia
1730 1072 1956 1143 ignomi-

376 1167 470 1222 nia
497 1176 551 1222 et
576 1165 832 1224 confusio
873 1174 1076 1222 aeterna
1109 1166 1269 1220 nobis
1299 1167 1538 1236 reposita
1566 1173 1649 1220 est
1683 1165 1730 1220 si
1763 1179 1955 1235 pecea-

375 1258 620 1314 verimus
641 1298 658 1324 ,
694 1257 845 1313 omni
887 1257 1054 1312 corde
1081 1273 1368 1327 precemur
1396 1257 1566 1312 Deum
1590 1295 1606 1320 ,
1641 1257 1700 1312 nt
1730 1256 1821 1311 det
1854 1271 1956 1310 no-

376 1347 463 1403 bis
494 1363 670 1419 usque
715 1348 783 1403 ad
834 1348 996 1402 linem
1028 1357 1082 1403 et
1110 1349 1277 1403 animi
1310 1359 1364 1404 et
1395 1350 1643 1420 corporis
1698 1348 1818 1404 uisu
1854 1363 1953 1418 pro

376 1438 605 1496 veritate
632 1438 996 1506 contendere;
1033 1447 1092 1494 ut
1121 1440 1335 1497 etiamsi
1363 1441 1581 1511 aliquod
1618 1450 1832 1510 tempus
1866 1441 1954 1494 in-

376 1530 576 1587 stiterit
601 1532 749 1603 quod
765 1540 1010 1588 nostram
1034 1533 1310 1588 examinet
1326 1532 1484 1588 fidem
1505 1532 1654 1603 (nam
1680 1543 1738 1585 ut
1758 1546 1953 1586 aurum

375 1623 641 1692 probatur
675 1624 730 1677 in
757 1622 1014 1690 fornace,
1042 1624 1124 1678 sic
1155 1623 1289 1678 fides
1318 1632 1508 1677 nostra
1535 1623 1587 1676 in
1624 1622 1868 1692 periculo
1901 1630 1957 1676 et

373 1715 855 1783 persecutionibus
909 1715 1319 1784 examinatur),
1376 1712 1594 1767 etiamsi
1647 1713 1954 1783 persecutio

371 1807 634 1876 eruperit,
684 1805 926 1860 inveniat
972 1819 1072 1859 nos
1103 1812 1462 1874 praeparatos,
1511 1820 1578 1858 ne
1606 1805 1803 1860 domus
1854 1819 1954 1859 no-

2054 607 2212 661 vobis
2258 605 2433 675 gratia
2479 604 2576 660 Dei
2612 607 2665 659 in
2711 623 2796 661 me
2840 608 3106 664 edisserat
3151 610 3474 667 solutionem
3495 631 3635 684 pro-

2054 698 2304 754 blematis
2337 705 2392 752 et
2418 698 2746 768 a'nigmatis,
2778 699 2891 754 sive
2915 701 3212 768 parabolae.

2122 792 2178 846 2.
2215 789 2347 856 Quae
2370 800 2456 846 est
2479 805 2614 861 ergo
2645 791 2902 860 parabola
2936 793 3134 862 aquila:
3159 809 3324 862 quam
3381 797 3434 851 in
3491 814 3632 870 prc-

2054 882 2196 938 senti
2252 882 2494 952 Spiritus
2527 889 2751 938 sanctus
2801 883 3081 937 ostendit?
3129 884 3262 951 Quae
3304 903 3412 943 non
3454 893 3633 948 solum

2052 972 2258 1043 aquila,
2281 973 2377 1027 sed
2399 973 2560 1027 etiam
2591 972 3006 1042 comparatione
3047 983 3374 1032 cmterarum
3416 982 3633 1050 aquila-

2054 1079 2176 1118 rum
2210 1077 2406 1132 magna
2437 1061 2618 1131 aquila
2645 1101 2660 1128 ,
2691 1070 2744 1116 et
2771 1060 3072 1131 ingentium
3097 1063 3335 1132 alarum,
3367 1075 3423 1122 et
3471 1068 3630 1140 longa

2053 1161 2303 1217 extensu,
2333 1159 2389 1206 et
2413 1151 2571 1220 plena
2597 1151 2896 1222 unguibus,
2924 1151 3060 1220 sive,
3109 1165 3168 1210 ut
3210 1157 3431 1225 quidam
3461 1159 3634 1216 inter-

2053 1255 2300 1318 pretatus
2329 1255 2433 1312 est,
2465 1247 2620 1316 plena
2645 1247 2849 1317 plumis
2881 1249 3160 1304 scribitur.
3193 1249 3308 1305 Non
3337 1252 3515 1308 solum
3546 1255 3634 1312 his

2053 1355 2177 1409 quae
2207 1339 2448 1394 diximus
2477 1339 2649 1409 major
2675 1350 2758 1395 est
2777 1342 2988 1398 caeteris
3016 1343 3238 1413 aquilis,
3275 1360 3462 1401 verum
3490 1347 3543 1403 in
3566 1364 3636 1404 eo

2053 1430 2138 1484 vel
2171 1428 2444 1498 praecipua
2478 1437 2602 1495 est,
2627 1430 2774 1498 quod
2830 1431 3051 1488 ductum
3081 1433 3243 1490 habet
3289 1435 3526 1494 intrandi
3577 1440 3634 1495 in

2055 1511 2343 1568 Libanum.
2372 1514 2508 1570 Nam
2532 1517 2843 1588 ingrediens
2867 1521 2976 1577 illic
2998 1524 3066 1578 ab
3087 1525 3285 1581 arbore
3312 1529 3461 1584 cedri
3511 1546 3636 1601 quae

2055 1607 2108 1660 in
2149 1605 2360 1662 Libano
2388 1608 2493 1663 sita
2522 1619 2640 1663 erat
2674 1611 2844 1667 electa
2864 1654 2878 1677 ,
2912 1617 3304 1677 teneritudines
3336 1631 3389 1678 et
3417 1638 3635 1681 summa

2054 1711 2286 1766 quaeque
2318 1698 2627 1768 decerpsit,
2659 1708 2715 1754 et
2737 1705 2916 1758 attulit
2947 1705 3002 1758 in
3037 1714 3238 1763 terram
3263 1710 3548 1778 Chanaan,
3577 1717 3635 1772 in

2055 1787 2330 1842 civitatem
2377 1789 2492 1844 sive
2523 1796 2919 1864 negotiatorum
2954 1836 2969 1863 ,
3024 1796 3139 1852 sive
3175 1802 3585 1869 negotiatricem
3617 1849 3634 1874 ,

373 1873 490 1952 sua—
524 1899 578 1951 ίη
611 1897 790 1951 hieme
817 1904 1062 1959 corruat,
1096 1873 1164 1950 ᾖε
1194 1895 1481 1950 adiat-alio
1511 1896 1668 1966 quasi
1701 1895 1755 1950 in
1783 1912 1948 1952 arena
1985 1879 2027 1938 Β
2056 1873 2170 1937 Sive
2203 1883 2614 1955 translatorum,
2649 1888 2764 1944 sive
2797 1897 2962 1957 certe,
2993 1900 3052 1945 ut
3080 1891 3433 1965 Septuaginta
3462 1899 3632 1955 inter-

371 1994 690 2040 constructa
742 1983 1154 2052 tempestatibus
1185 1984 1509 2054 dissipetur;
1542 1994 1602 2041 ut
1637 2001 1760 2041 eum
1788 1986 1952 2043 flave-

372 2077 486 2129 rint
515 2076 661 2128 venti
689 2073 914 2139 diaboli,
945 2074 997 2128 id
1027 2083 1110 2129 est
1139 2075 1364 2145 spiritus
1395 2077 1638 2146 pessimi,
1669 2092 1832 2146 opera
1862 2093 1954 2132 no-

372 2176 489 2221 stra
542 2167 836 2236 persistant
870 2182 994 2237 quae
1023 2183 1196 2238 usque
1245 2168 1312 2223 ad
1363 2169 1504 2224 hanc
1531 2169 1674 2224 diem
1701 2171 1953 2239 perstite-

371 2267 522 2324 runt,
550 2258 594 2312 si
624 2268 800 2313 tamen
832 2274 939 2313 non
973 2269 1100 2315 sunt
1127 2261 1336 2316 occulte
1361 2261 1610 2325 subruta,
1630 2271 1685 2316 et
1709 2261 1761 2315 in
1791 2277 1954 2332 expe-

368 2347 596 2401 ditionis
631 2347 874 2402 accinetu
897 2349 1311 2405 manifestemus
1351 2349 1670 2404 cbaritatem
1705 2356 1950 2402 nostram

369 2453 532 2508 quam
567 2437 829 2494 habemus
871 2439 938 2494 ad
970 2439 1138 2496 Deum
1189 2441 1246 2495 in
1282 2439 1500 2495 Christo
1528 2438 1678 2505 Jesu,
1729 2439 1819 2494 cui
1869 2448 1954 2495 est

371 2531 543 2602 gloria
573 2540 628 2586 et
657 2530 945 2602 imperium
978 2533 1031 2587 in
1068 2533 1267 2589 saecula
1296 2531 1645 2587 saculorum.
1679 2529 1871 2586 Amen.

943 2665 1232 2722 HOMILIA
1272 2666 1365 2722 XI.

375 2783 448 2838 De
472 2799 534 2838 eo
561 2783 701 2855 quod
746 2782 947 2855 dictum
985 2781 1170 2855 est_°‘_:
1214 2799 1233 2831 t
1280 2779 1690 2855 Filiiwminig,
1725 2796 1954 2855 propone

441 2850 749 2934 aenig'ma‘et
781 2853 868 2934 die
914 2850 1224 2920 parabolam
1261 2851 1340 2934 ,σά
1381 2852 1595 2934 domant
1638 2850 1847 2920 Israel,
1902 2859 1953 2906 et

439 2921 581 2978 dices
611 2939 629 2977 :
657 2921 850 2992 Aquila
877 2937 1191 2993 magnarum
1217 2921 1450 2986 alarum,
1486 2939 1506 2973 ι
1537 2929 1641 2977 etc.

444 3064 496 3118 l.
518 3062 847 3118 Exercitatio
876 3077 1189 3132 corporum,
1214 3069 1266 3117 et
1292 3061 1346 3116 in
1375 3070 1544 3117 totum
1581 3060 1952 3118 fortitudinem

373 3168 649 3229 comparat
668 3159 734 3214 iis
750 3159 840 3229 qui
862 3165 1204 3222 exercentur,
1222 3166 1275 3212 et
1289 3171 1384 3226 per
1406 3164 1586 3226 partes
1607 3155 1956 3227 unumquod-

2056 1975 2253 2043 pretati
2279 1985 2428 2042 sunt,
2453 1987 2721 2034 muratam
2750 1988 2840 2046 ;et
2865 1982 3042 2050 posuit
3069 1983 3172 2038 hoc
3197 1986 3341 2054 quod
3369 1987 3437 2043 de
3474 1991 3636 2047 cedro

2004 2109 2006 2112 .
2053 2065 2244 2120 Libani
2275 2081 2604 2140 sumpserat,
2636 2080 2696 2127 ut
2728 2073 3067 2143 plantaretur
3082 2085 3134 2131 et
3156 2089 3422 2136 cresceret
3448 2081 3501 2136 in
3526 2090 3638 2138 ter-

2052 2171 2168 2211 ram
2199 2157 2481 2217 Chanaan.
2522 2161 2790 2221 Posthac
2821 2166 3012 2222 eadem
3069 2169 3253 2240 aquila
3306 2169 3375 2227 de
3425 2174 3636 2232 semine

2054 2256 2233 2311 terrae,
2265 2250 2409 2305 unde
2443 2263 2754 2322 sumpserat
2786 2256 3134 2313 summitates
3165 2258 3334 2326 cedri,
3365 2267 3637 2322 extrinse-

2053 2351 2153 2393 cus
2191 2339 2295 2395 sibi
2322 2355 2506 2397 semen
2542 2344 2768 2413 accepit,
2793 2353 2848 2399 et
2868 2347 3134 2416 plantavit
3171 2348 3306 2404 illud
3355 2351 3411 2406 in
3440 2369 3637 2427 eampo

2053 2427 2357 2486 frondifero
2379 2448 2543 2503 super
2569 2450 2766 2505 aquam
2795 2438 3048 2494 multam.
3086 2439 3202 2496 Hoc
3239 2451 3420 2498 autem
3451 2445 3633 2516 ipsum

2054 2521 2199 2586 quod
2227 2521 2294 2576 de
2316 2531 2461 2578 terra
2484 2525 2744 2580 Chanaan
2779 2525 2956 2582 fuerat
2977 2540 3320 2600 assumptum
3342 2535 3413 2589 ab
3427 2551 3491 2590 ea
3513 2553 3638 2606 quae

2055 2609 2245 2666 Libani
2268 2629 2482 2669 summa
2515 2632 2746 2687 quaeque
2773 2618 3142 2690 decerpserat,
3174 2623 3226 2678 id
3245 2633 3350 2689 est,
3380 2630 3526 2697 quod
3550 2645 3637 2685 se-

2054 2703 2233 2759 cunda
2259 2704 2377 2760 vice
2416 2716 2721 2776 acceperat,
2751 2707 2952 2764 factum
2993 2721 3077 2767 est
3109 2715 3162 2767 in
3186 2715 3348 2770 vitem
3382 2732 3491 2772 non
3524 2717 3640 2774 for-

2056 2804 2187 2857 tem,
2237 2799 2332 2851 sed
2368 2797 2663 2865 infirmam,
2687 2816 2876 2856 verum
2905 2804 3067 2858 etiam
3100 2815 3308 2862 statura
3339 2809 3634 2880 pusillam;

2054 2897 2109 2943 et
2139 2889 2388 2959 palmites
2432 2890 2594 2960 hujus
2630 2892 2753 2946 vitis
2787 2892 3017 2948 infirmae
3063 2896 3307 2951 reclinati
3340 2910 3490 2968 sunt,
3534 2917 3637 2972 pro

2055 2995 2121 3036 eo
2145 2981 2291 3050 quod
2315 2981 2381 3035 de
2408 2979 2617 3036 Libano
2651 2991 2706 3036 et
2749 2984 2911 3038 cedro
2947 2983 3127 3041 fuerat
3169 3000 3535 3059 assumptum.
3578 2995 3635 3049 in

2057 3083 2268 3130 tantum
2298 3083 2361 3129 ut
2387 3075 2598 3131 radices
2629 3091 2757 3132 suas
2788 3077 2893 3133 sub
2927 3079 3102 3148 ipsius
3149 3090 3352 3139 trunco
3393 3086 3638 3142 consitas

2057 3166 2300 3222 haberet.
2337 3163 2404 3219 Et
2428 3166 2648 3235 quidem
2675 3165 2814 3222 facta
2839 3177 2925 3222 est
2970 3169 3119 3236 vitis,
3140 3180 3195 3226 et
3225 3171 3353 3228 fecit
3378 3177 3635 3248 propagi-

375 3267 482 3320 que
501 3251 804 3306 membrum
824 3265 1128 3320 sensusque
1149 3250 1520 3304 membrorum
1551 3249 1853 3318 vegetiores
1871 3247 1952 3302 fa-
1977 3252 2021 3310 C
2056 3271 2174 3322 nes,
2206 3265 2262 3310 et
2289 3255 2533 3312 extendit
2559 3257 2785 3312 arbusta
2807 3273 2928 3314 sua.
2965 3259 3032 3314 Et
3063 3271 3187 3332 post
3208 3263 3323 3320 hac
3359 3267 3508 3322 venit
3529 3247 3636 3323 alia

372 3342 446 3396 cit
468 3342 534 3396 ad
559 3341 926 3397 suﬂerendum
957 3341 1108 3411 quid,
1132 3340 1303 3395 autad
1319 3340 1663 3395 sentiendum
1691 3357 1705 3394 :
1732 3348 1792 3395 ut
1821 3347 1949 3409 puta

366 3433 653 3488 oculorum
673 3433 840 3500 acies,
861 3433 907 3488 si
935 3433 1262 3488 exercitetur
1279 3432 1336 3486 in
1362 3432 1502 3496 visu,
1529 3431 1740 3488 acutior
1762 3432 1856 3487 fiat
1882 3432 1950 3487 ad

367 3524 660 3580 videndum
680 3543 694 3592 ;
713 3540 896 3592 aures,
923 3525 968 3579 si
991 3524 1330 3596 frequentius
1346 3523 1590 3588 audiant,
1617 3525 1812 3580 melius
1828 3540 1950 3595 pos-

366 3623 496 3673 sunt
509 3631 703 3671 vocum
727 3630 920 3685 capere
944 3613 1335 3670 dissonantias.
1360 3612 1474 3668 Hoc
1495 3622 1678 3668 autem
1698 3621 1751 3668 et
1771 3613 1826 3666 in
1853 3627 1952 3668 ca:-

367 3707 499 3765 teris
519 3707 781 3763 membris
797 3707 922 3762 licet
945 3705 1371 3776 deprehendere,
1401 3706 1545 3776 quod
1563 3706 1616 3760 in
1641 3705 1832 3776 paucis
1859 3701 1977 3760 os-'

363 3800 664 3856 tendimus.
686 3797 888 3854 Verum
921 3799 1050 3868 quid
1077 3797 1212 3852 mihi
1233 3797 1453 3866 prodest
1473 3795 1541 3852 ad
1558 3795 1948 3851 beatitudinem

363 3900 420 3947 et
439 3891 506 3946 ad
530 3892 692 3946 vitam
717 3889 1123 3960 sempiternam,
1150 3889 1194 3942 si
1225 3902 1425 3956 corpus
1470 3884 1954 3942 exercitationibus

365 3981 690 4038 roboretur?
713 3981 867 4047 Quod
886 3980 1019 4034 mihi
1036 3989 1119 4034 est
1138 3979 1587 4042 emolumentum,
1602 3975 1814 4031 etiamsi
1838 3973 1954 4029 for—

367 4074 582 4129 tissinto
604 4075 828 4143 corpore
847 4074 994 4135 fiam,
1015 4070 1228 4126 etiamsi
1248 4068 1503 4124 omnibus
1519 4065 1779 4122 membris
1793 4079 1956 4136 vege-

364 4173 458 4218 tus
479 4163 760 4221 incedam?
784 4159 1103 4216 Econtrario
1129 4168 1308 4212 autem
1341 4158 1385 4213 si
1409 4172 1604 4213 sensus
1637 4156 1832 4211 animae
1857 4156 1957 4210 ha-

363 4258 538 4311 buero
554 4255 877 4310 exercitatos
904 4253 970 4308 ad
998 4251 1340 4307 sentiendum
1363 4250 1514 4320 quid,
1540 4249 1606 4304 ad
1633 4249 1954 4306 discendum

362 4350 483 4404 dies
499 4357 789 4416 noctesque
810 4347 1139 4410 contrivero,
1167 4361 1274 4402 non
1297 4345 1470 4399 solum
1496 4342 1548 4396 in
1574 4343 1672 4398 hac
1689 4344 1792 4398 vita
1822 4342 1956 4398 mihi

363 4439 645 4504 conducit,
687 4440 779 4495 sed
813 4439 977 4493 etiam
1007 4439 1346 4493 recedentem
1382 4438 1448 4492 de
1490 4451 1719 4508 corpore
1767 4451 1957 4506 prose-

363 4539 585 4600 quetur.
631 4531 836 4586 Idcirco
870 4531 922 4585 in
957 4529 1230 4602 parabolis
1259 4537 1313 4583 et
1358 4529 1411 4583 in
1452 4528 1835 4600 aanigmatibus
1874 4526 1958 4581 lo-

2055 3348 2260 3419 aquila,
2293 3357 2347 3404 et
2378 3349 2493 3419 ipsa
2527 3365 2748 3420 magna,
2801 3353 3018 3423 magnis
3066 3355 3168 3411 alis
3197 3364 3253 3410 et
3277 3357 3520 3428 copiosis
3551 3360 3638 3414 vel

2052 3440 2257 3511 plumis
2294 3441 2410 3497 sive
2448 3441 2763 3510 unguibus;
2807 3452 2862 3498 et
2898 3459 3025 3500 ecce
3069 3445 3174 3501 ista
3227 3448 3358 3504 vitis
3401 3449 3469 3504 de
3527 3465 3638 3520 qua

2052 3546 2200 3586 nunc
2225 3530 2488 3596 diximus,
2524 3532 2776 3587 veniente
2808 3534 3048 3589 secunda
3093 3537 3306 3606 aquila,
3342 3538 3638 3595 declinavit

2052 3630 2441 3678 testamentum
2473 3640 2634 3679 suum
2680 3624 2747 3678 ad
2779 3639 2923 3690 eam,
2966 3641 3229 3694 spernens
3261 3629 3316 3683 id
3346 3638 3636 3686 testamen-

2054 3724 2169 3770 tum
2199 3715 2346 3785 quod
2367 3716 2521 3784 prius
2542 3731 2668 3771 cum
2696 3716 2892 3770 arbore
2918 3715 3213 3780 fecerat,in
3236 3735 3344 3788 qua
3375 3721 3636 3778 reclinata

2053 3804 2182 3859 vitis
2232 3803 2408 3858 fuerat
2442 3804 2632 3860 ellecta
2653 3846 2669 3869 ,
2705 3813 2761 3860 et
2791 3806 3182 3877 pronaginibus
3211 3807 3370 3865 factis
3410 3811 3635 3868 arbusta

2054 3894 2222 3948 latius
2257 3893 2494 3960 fuderat,
2531 3904 2586 3950 et
2617 3898 2899 3966 complexa
2927 3909 3012 3955 est
3042 3901 3337 3955 secundam
3370 3904 3632 3972 aquilam,

2055 3994 2110 4040 et
2156 3985 2368 4041 radices
2394 4003 2523 4044 suas
2575 4003 2607 4042 a
2655 3990 2837 4059 priore
2889 3992 3170 4047 transtulit
3195 3993 3262 4047 ad
3293 4006 3631 4064 sequentem.

2056 4074 2260 4132 Deinde
2297 4079 2548 4158 palmites
2588 4081 2772 4136 emisit
2813 4083 2880 4137 ad
2927 4083 3163 4153 aquilam
3210 4087 3540 4154 secundam,
3575 4100 3636 4144 ut

2056 4168 2307 4239 irrigaret
2335 4184 2454 4224 eam
2488 4185 2612 4225 cum
2635 4172 2788 4241 gleba
2828 4173 3184 4243 plantationis
3206 4175 3324 4245 ejus
3361 4176 3415 4230 in
3437 4192 3632 4247 campo

2056 4259 2202 4314 bono
2248 4267 2303 4314 et
2348 4275 2489 4331 aqua
2546 4261 2735 4317 multa.
2765 4262 2831 4318 Et
2879 4264 3099 4334 quidem
3157 4266 3376 4335 irrigata
3405 4277 3488 4322 est
3519 4269 3636 4326 haec

2057 4350 2173 4420 ipsa
2195 4351 2341 4418 vitis,
2378 4363 2430 4406 et
2460 4353 2723 4407 translata
2761 4354 2826 4409 ad
2859 4355 3098 4425 aquilam
3122 4359 3440 4423 secundam,
3462 4368 3519 4414 ut
3547 4359 3633 4416 fa-

2057 4449 2202 4495 ceret
2232 4441 2670 4508 incrementa,ut
2694 4442 2913 4498 afferret
2940 4443 3172 4499 fructum
3209 4485 3225 4511 ,
3284 4455 3342 4500 ut
3369 4446 3522 4502 fieret
3578 4449 3635 4505 in

2058 4531 2220 4585 vitem
2245 4546 2521 4602 magnam.
2547 4531 2756 4589 Idcirco
2801 4536 3077 4605 pr0pbeta2
3111 4536 3410 4606 imperatur
3441 4547 3500 4593 ut
3547 4541 3635 4594 di-

365 4628 529 4675 cutus
574 4631 658 4677 est
691 4621 835 4677 Deus
855 4662 868 4684 ,
897 4600 975 4675 uti
994 4618 1311 4674 extenderet
1343 4634 1402 4674 se
1433 4634 1588 4672 mens
1624 4628 1831 4679 nostra,
1869 4615 1952 4670 vel
1983 4600 2029 4653 D
2057 4633 2162 4690 cat,
2200 4624 2326 4695 quia
2345 4600 2734 4681 testamentum
2779 4600 3344 4699 transgrediens-vitis
3369 4632 3513 4702 quod
3545 4632 3630 4689 fe-

363 4713 551 4784 potius
597 4712 651 4766 in
693 4728 863 4768 unum
909 4714 1170 4783 colligens
1201 4711 1470 4766 dictorum
1515 4711 1789 4764 intueatur
1820 4722 1950 4762 acu-

363 4804 538 4869 mina,
580 4812 635 4857 et
679 4818 708 4856 a
744 4807 990 4873 corporis
1031 4804 1178 4858 vitiis
1216 4803 1494 4866 recedens,
1525 4802 1654 4855 dum
1701 4799 1952 4870 intelligit

362 4895 648 4950 veritatem
675 4936 689 4960 ,
733 4895 858 4948 vitm
902 4910 1014 4949 suae
1072 4909 1291 4949 cursum
1351 4892 1647 4948 secundum
1698 4891 1950 4946 eumdem

362 4991 584 5060 dirigat.
611 4989 734 5044 llaec
751 4991 804 5043 in
824 4990 1090 5060 prommio
1115 4991 1376 5055 diximus,
1399 4989 1526 5059 quia
1555 5003 1736 5044 sermo
1759 4987 1850 5042 Dei
1875 4987 1956 5042 fa-

363 5091 489 5137 ctus
518 5090 602 5135 est
627 5081 692 5135 ad
725 5079 1060 5134 Ezechielem
1091 5081 1277 5134 dicens
1308 5097 1320 5132 :
1365 5077 1476 5132 Fili
1509 5078 1758 5143 hominis,
1789 5093 1951 5130 narra

362 5174 765 5236 narrationem,
816 5181 864 5227 et
910 5171 996 5225 dic
1041 5171 1351 5238 parabolam
1392 5171 1462 5224 ad
1498 5171 1711 5224 domum
1750 5168 1945 5226 Israel.

361 5263 472 5318 Pro
504 5264 610 5317 hoc
661 5273 842 5318 autem
887 5263 1032 5332 quod
1079 5261 1433 5333 Septuaginta
1490 5263 1809 5331 interpretes
1851 5276 1948 5330 po-

362 5364 598 5409 suerunt
634 5348 992 5408 narrationem
1013 5394 1028 5416 ,
1056 5353 1196 5408 alius
1244 5353 1311 5408 de
1354 5353 1740 5422 interpretibus
1775 5361 1948 5406 trans-

365 5445 509 5510 tulit,
527 5460 753 5514 propone
768 5445 1034 5515 problema
1052 5461 1071 5510 ;
1087 5445 1249 5508 alius,
1267 5445 1446 5515 profer
1459 5444 1761 5512 problema;
1782 5444 1947 5509 alius,

362 5536 612 5606 signiﬁca
637 5537 881 5606 wnigma.
902 5535 1064 5607 395
1084 5536 1251 5607 Igitur
1273 5547 1326 5592 et
1345 5535 1622 5606 problema
1638 5543 1694 5590 et
1717 5535 1946 5606 aenigma

363 5638 421 5682 et
437 5628 694 5698 parabola
715 5635 800 5682 est
827 5629 969 5698 quod
1002 5629 1201 5682 lectum
1217 5635 1318 5684 est.
1347 5625 1404 5682 Si
1427 5626 1648 5697 quando
1670 5625 1946 5682 illumina-

364 5719 513 5774 tioue
544 5719 880 5790 indiguimus
924 5719 1165 5774 scientiae
1203 5717 1320 5787 Dei,
1346 5733 1490 5773 nunc
1513 5717 1597 5772 vel
1635 5718 1869 5774 maxime
1892 5728 1948 5776 et

463 5904 510 5935 κο
543 5903 739 5957 Ezm-h.
767 5918 896 5968 uti,
921 5903 1009 5958 63.
1087 5903 1126 5936 "
1157 5904 1356 5964 Ezeeh.
1389 5925 1541 5976 xvm,
1574 5910 1628 5979 ‘2,
1659 5913 1714 5973 '5.

640 5999 911 6062 PATROL.
946 5997 1062 6060 GR.
1096 5999 1274 6064 Xlll.

2054 4725 2203 4771 cerat
2235 4732 2360 4770 cum
2386 4716 2569 4784 aquila
2620 4717 2823 4787 priore,
2851 4728 2906 4773 et
2930 4729 3176 4776 statuens
3209 4722 3339 4776 illud
3382 4739 3506 4778 cum
3538 4739 3630 4778 se-

2054 4808 2256 4875 cunda,
2280 4823 2387 4862 non
2435 4808 2722 4880 dirigatur,
2779 4825 2956 4881 neque
3002 4813 3216 4867 radices
3251 4815 3630 4871 teneritudinis

2055 4900 2175 4969 ejus
2227 4899 2512 4966 efﬂoreat;
2569 4901 2700 4970 quin
2757 4903 2938 4972 potius
2989 4902 3199 4960 fructus
3235 4903 3354 4974 ejus
3412 4915 3633 4975 propter

2057 4991 2524 5046 transcensionem
2555 4991 2676 5061 ejus
2707 5001 2980 5062 putreant,
3038 5003 3090 5048 et
3139 5005 3394 5050 arescant
3445 4996 3632 5052 omnia

2057 5091 2179 5145 quae
2209 5075 2276 5130 de
2296 5091 2358 5131 ea
2385 5077 2722 5143 oriebantur,
2755 5088 2810 5133 et
2841 5078 2954 5150 jam
2990 5081 3132 5136 ultra
3151 5097 3258 5137 non
3287 5083 3482 5139 habeat
3509 5085 3634 5138 bra-

2057 5165 2240 5220 chium
2278 5183 2534 5239 magnum
2567 5179 2622 5222 et
2641 5169 2902 5238 populum
2927 5173 3196 5238 multum;
3249 5174 3511 5229 cvellatur
3539 5189 3634 5229 au-

2057 5263 2163 5310 tem
2204 5258 2486 5319 radicitus.
2508 5269 2560 5314 et
2589 5260 2715 5313 licet
2741 5260 2962 5330 irrigata
2988 5264 3079 5326 sit,
3112 5271 3291 5318 tamen
3323 5280 3432 5318 non
3453 5278 3634 5333 perse-

2053 5358 2224 5413 veret,
2248 5358 2303 5404 et
2327 5365 2434 5405 non
2461 5351 2729 5421 dirigatur
2765 5354 2818 5406 in
2851 5353 3156 5408 ubertatem
3184 5371 3200 5418 ;
3233 5357 3529 5424 statimque
3571 5363 3636 5409 ut

2048 5442 2339 5514 contigerit
2365 5459 2483 5498 eam
2509 5451 2704 5500 ventus
2738 5461 2925 5510 urens,
2967 5455 3200 5509 arescat,
3237 5455 3291 5500 et
3324 5462 3447 5501 cum
3474 5446 3632 5516 gleba

2048 5532 2402 5602 plantationis
2433 5551 2545 5590 suae
2571 5534 2823 5591 siccetur.
2858 5535 2973 5592 Hoc
2997 5537 3302 5607 prepositio
3339 5537 3512 5607 ipsius
3546 5537 3632 5593 bi-

2051 5626 2234 5681 storiae
2261 5627 2526 5697 exposcit,
2558 5635 2617 5681 ut
2647 5641 2771 5698 qua
2805 5627 3094 5682 obscurius
3117 5628 3261 5683 dicta
3311 5637 3474 5693 sunt,
3502 5628 3630 5700 qui-

2052 5716 2283 5773 busdam
2333 5716 2608 5788 adiunctis
2653 5715 3000 5774 sermonibus
3043 5717 3262 5788 planius
3287 5734 3633 5775 enarremus.

2614 5954 2620 5963 ν
2645 5958 2692 5967 ,-.-

2549 5982 2551 5985 .
2566 5962 2606 5982 «ιτ-
2669 5962 2695 5981 '=-
2713 5964 2716 5968 λ

3320 5989 3401 6051 2's
