  <div class='ocr_page' id='page_1' title='image "/cluster/home/n/w/nwhite01/storage/ocr_20150623/13:no.3/coo.31924054872910/382.png"; bbox 0 0 4128 6432; ppageno 0'>
   <div class='ocr_carea' id='block_1_1' title="bbox 428 420 539 479">
    <p class='ocr_par' dir='ltr' id='par_1_1' title="bbox 428 420 539 479">
     <span class='ocr_line' id='line_1_1' title="bbox 428 420 539 479; baseline 0.036 -5"><span class='ocrx_word' id='word_1_1' title='bbox 428 420 539 479; x_wconf 75' lang='grc' dir='ltr'><strong>ἰω</strong></span> 
     </span>
    </p>
   </div>
   <div class='ocr_carea' id='block_1_2' title="bbox 1846 417 2252 477">
    <p class='ocr_par' dir='ltr' id='par_1_2' title="bbox 1846 417 2252 477">
     <span class='ocr_line' id='line_1_2' title="bbox 1846 417 2252 477; baseline 0.01 -5"><span class='ocrx_word' id='word_1_2' title='bbox 1846 417 2121 473; x_wconf 70' lang='lat' dir='ltr'><strong>HOMILIA</strong></span> <span class='ocrx_word' id='word_1_3' title='bbox 2161 420 2252 477; x_wconf 80' lang='lat' dir='ltr'><strong>XI.</strong></span> 
     </span>
    </p>
   </div>
   <div class='ocr_carea' id='block_1_3' title="bbox 3599 429 3701 482">
    <p class='ocr_par' dir='ltr' id='par_1_3' title="bbox 3599 429 3701 482">
     <span class='ocr_line' id='line_1_3' title="bbox 3599 429 3701 482; baseline -0.039 1"><span class='ocrx_word' id='word_1_4' title='bbox 3599 429 3701 482; x_wconf 65' lang='lat'><strong>7530</strong></span> 
     </span>
    </p>
   </div>
   <div class='ocr_carea' id='block_1_4' title="bbox 433 535 3696 614">
    <p class='ocr_par' dir='ltr' id='par_1_4' title="bbox 433 535 3696 614">
     <span class='ocr_line' id='line_1_4' title="bbox 433 535 3696 614; baseline 0.001 -18"><span class='ocrx_word' id='word_1_5' title='bbox 433 540 599 596; x_wconf 79' lang='lat' dir='ltr'><strong>modo</strong></span> <span class='ocrx_word' id='word_1_6' title='bbox 620 554 752 611; x_wconf 88' lang='lat' dir='ltr'><strong>ergo</strong></span> <span class='ocrx_word' id='word_1_7' title='bbox 782 538 868 594; x_wconf 88' lang='lat' dir='ltr'><strong>leo</strong></span> <span class='ocrx_word' id='word_1_8' title='bbox 889 538 1093 593; x_wconf 85' lang='lat' dir='ltr'><strong>dicitur</strong></span> <span class='ocrx_word' id='word_1_9' title='bbox 1120 546 1174 593; x_wconf 81' lang='lat' dir='ltr'><strong>ct</strong></span> <span class='ocrx_word' id='word_1_10' title='bbox 1204 538 1256 591; x_wconf 91' lang='lat' dir='ltr'><strong>in</strong></span> <span class='ocrx_word' id='word_1_11' title='bbox 1289 536 1484 592; x_wconf 87' lang='lat' dir='ltr'><strong>malam</strong></span> <span class='ocrx_word' id='word_1_12' title='bbox 1514 547 1717 606; x_wconf 79' lang='lat' dir='ltr'><strong>partem</strong></span> <span class='ocrx_word' id='word_1_13' title='bbox 1744 543 1798 590; x_wconf 90' lang='lat' dir='ltr'><strong>et</strong></span> <span class='ocrx_word' id='word_1_14' title='bbox 1826 535 1878 589; x_wconf 90' lang='lat' dir='ltr'><strong>in</strong></span> <span class='ocrx_word' id='word_1_15' title='bbox 1913 536 2015 590; x_wconf 50' lang='lat' dir='ltr'><strong>bow</strong></span> <span class='ocrx_word' id='word_1_16' title='bbox 2045 539 2093 598; x_wconf 78' lang='grc' dir='ltr'><strong>Α</strong></span> <span class='ocrx_word' id='word_1_17' title='bbox 2121 546 2180 592; x_wconf 93' lang='lat' dir='ltr'><strong>ut</strong></span> <span class='ocrx_word' id='word_1_18' title='bbox 2211 538 2418 609; x_wconf 83' lang='lat' dir='ltr'><strong>aquila,</strong></span> <span class='ocrx_word' id='word_1_19' title='bbox 2444 548 2499 594; x_wconf 83' lang='lat' dir='ltr'><strong>et</strong></span> <span class='ocrx_word' id='word_1_20' title='bbox 2518 539 2573 595; x_wconf 90' lang='lat' dir='ltr'><strong>in</strong></span> <span class='ocrx_word' id='word_1_21' title='bbox 2608 537 2702 593; x_wconf 88' lang='lat' dir='ltr'><strong>Dei</strong></span> <span class='ocrx_word' id='word_1_22' title='bbox 2733 547 2890 608; x_wconf 87' lang='lat' dir='ltr'><strong>parte</strong></span> <span class='ocrx_word' id='word_1_23' title='bbox 2917 539 3074 597; x_wconf 82' lang='lat' dir='ltr'><strong>dives</strong></span> <span class='ocrx_word' id='word_1_24' title='bbox 3117 541 3344 599; x_wconf 78' lang='lat' dir='ltr'><strong>cﬂ‘ecttts</strong></span> <span class='ocrx_word' id='word_1_25' title='bbox 3370 544 3566 614; x_wconf 74' lang='lat' dir='ltr'><strong>aquilae</strong></span> <span class='ocrx_word' id='word_1_26' title='bbox 3590 547 3696 602; x_wconf 83' lang='lat' dir='ltr'><strong>sibi</strong></span> 
     </span>
    </p>
   </div>
   <div class='ocr_carea' id='block_1_5' title="bbox 432 630 2014 701">
    <p class='ocr_par' dir='ltr' id='par_1_5' title="bbox 432 630 2014 701">
     <span class='ocr_line' id='line_1_5' title="bbox 432 630 2014 701; baseline -0.005 -14"><span class='ocrx_word' id='word_1_27' title='bbox 432 649 582 700; x_wconf 87' lang='lat' dir='ltr'><strong>nam,</strong></span> <span class='ocrx_word' id='word_1_28' title='bbox 620 647 727 688; x_wconf 90' lang='lat' dir='ltr'><strong>non</strong></span> <span class='ocrx_word' id='word_1_29' title='bbox 755 641 839 687; x_wconf 91' lang='lat' dir='ltr'><strong>est</strong></span> <span class='ocrx_word' id='word_1_30' title='bbox 867 633 1228 701; x_wconf 85' lang='lat' dir='ltr'><strong>incongruum</strong></span> <span class='ocrx_word' id='word_1_31' title='bbox 1262 632 1424 684; x_wconf 89' lang='lat' dir='ltr'><strong>etiam</strong></span> <span class='ocrx_word' id='word_1_32' title='bbox 1457 630 1694 699; x_wconf 81' lang='lat' dir='ltr'><strong>aquilam</strong></span> <span class='ocrx_word' id='word_1_33' title='bbox 1724 630 1778 682; x_wconf 91' lang='lat' dir='ltr'><strong>in</strong></span> <span class='ocrx_word' id='word_1_34' title='bbox 1811 640 2014 682; x_wconf 89' lang='lat' dir='ltr'><strong>utram-</strong></span> 
     </span>
    </p>
   </div>
   <div class='ocr_carea' id='block_1_6' title="bbox 431 722 2015 796">
    <p class='ocr_par' dir='ltr' id='par_1_6' title="bbox 431 722 2015 796">
     <span class='ocr_line' id='line_1_6' title="bbox 431 722 2015 796; baseline -0.003 -15"><span class='ocrx_word' id='word_1_35' title='bbox 431 741 540 796; x_wconf 89' lang='lat' dir='ltr'><strong>que</strong></span> <span class='ocrx_word' id='word_1_36' title='bbox 561 732 767 795; x_wconf 89' lang='lat' dir='ltr'><strong>partem</strong></span> <span class='ocrx_word' id='word_1_37' title='bbox 798 726 997 795; x_wconf 84' lang='lat' dir='ltr'><strong>accipi.</strong></span> <span class='ocrx_word' id='word_1_38' title='bbox 1033 723 1100 779; x_wconf 88' lang='lat' dir='ltr'><strong>Et</strong></span> <span class='ocrx_word' id='word_1_39' title='bbox 1122 739 1221 793; x_wconf 90' lang='lat' dir='ltr'><strong>ego</strong></span> <span class='ocrx_word' id='word_1_40' title='bbox 1250 723 1518 793; x_wconf 84' lang='lat' dir='ltr'><strong>suspicor,</strong></span> <span class='ocrx_word' id='word_1_41' title='bbox 1543 722 1726 791; x_wconf 88' lang='lat' dir='ltr'><strong>justus</strong></span> <span class='ocrx_word' id='word_1_42' title='bbox 1777 736 1884 774; x_wconf 83' lang='lat' dir='ltr'><strong>non</strong></span> <span class='ocrx_word' id='word_1_43' title='bbox 1930 730 2015 776; x_wconf 89' lang='lat' dir='ltr'><strong>est</strong></span> 
     </span>
    </p>
   </div>
   <div class='ocr_carea' id='block_1_7' title="bbox 430 813 2009 885">
    <p class='ocr_par' dir='ltr' id='par_1_7' title="bbox 430 813 2009 885">
     <span class='ocr_line' id='line_1_7' title="bbox 430 813 2009 885; baseline -0.003 -15"><span class='ocrx_word' id='word_1_44' title='bbox 430 816 637 885; x_wconf 83' lang='lat' dir='ltr'><strong>aquila,</strong></span> <span class='ocrx_word' id='word_1_45' title='bbox 671 815 764 870; x_wconf 87' lang='lat' dir='ltr'><strong>sed</strong></span> <span class='ocrx_word' id='word_1_46' title='bbox 797 816 953 885; x_wconf 90' lang='lat' dir='ltr'><strong>quasi</strong></span> <span class='ocrx_word' id='word_1_47' title='bbox 978 815 1181 885; x_wconf 89' lang='lat' dir='ltr'><strong>aquila,</strong></span> <span class='ocrx_word' id='word_1_48' title='bbox 1212 815 1501 868; x_wconf 63' lang='lat' dir='ltr'><strong>aemulatur</strong></span> <span class='ocrx_word' id='word_1_49' title='bbox 1526 815 1725 882; x_wconf 83' lang='lat' dir='ltr'><strong>quippe</strong></span> <span class='ocrx_word' id='word_1_50' title='bbox 1752 813 2009 882; x_wconf 79' lang='lat' dir='ltr'><strong>aquilam.</strong></span> 
     </span>
    </p>
   </div>
   <div class='ocr_carea' id='block_1_8' title="bbox 432 905 2006 979">
    <p class='ocr_par' dir='ltr' id='par_1_8' title="bbox 432 905 2006 979">
     <span class='ocr_line' id='line_1_8' title="bbox 432 905 2006 979; baseline 0 -19"><span class='ocrx_word' id='word_1_51' title='bbox 432 905 499 960; x_wconf 85' lang='lat' dir='ltr'><strong>Et</strong></span> <span class='ocrx_word' id='word_1_52' title='bbox 529 907 803 976; x_wconf 88' lang='lat' dir='ltr'><strong>quomodo</strong></span> <span class='ocrx_word' id='word_1_53' title='bbox 836 922 1064 977; x_wconf 86' lang='lat' dir='ltr'><strong>serpens</strong></span> <span class='ocrx_word' id='word_1_54' title='bbox 1098 923 1274 963; x_wconf 65' lang='lat' dir='ltr'><strong>atreus</strong></span> <span class='ocrx_word' id='word_1_55' title='bbox 1312 914 1471 979; x_wconf 80' lang='lat' dir='ltr'><strong>typus</strong></span> <span class='ocrx_word' id='word_1_56' title='bbox 1511 907 1612 961; x_wconf 90' lang='lat' dir='ltr'><strong>fuit</strong></span> <span class='ocrx_word' id='word_1_57' title='bbox 1661 906 1963 962; x_wconf 80' lang='lat' dir='ltr'><strong>Salvatoris</strong></span> <span class='ocrx_word' id='word_1_58' title='bbox 1994 924 2006 960; x_wconf 90' lang='lat'><strong>:</strong></span> 
     </span>
    </p>
   </div>
   <div class='ocr_carea' id='block_1_9' title="bbox 432 997 2010 1067">
    <p class='ocr_par' dir='ltr' id='par_1_9' title="bbox 432 997 2010 1067">
     <span class='ocr_line' id='line_1_9' title="bbox 432 997 2010 1067; baseline 0.001 -17"><span class='ocrx_word' id='word_1_59' title='bbox 432 1011 609 1066; x_wconf 90' lang='lat' dir='ltr'><strong>neque</strong></span> <span class='ocrx_word' id='word_1_60' title='bbox 629 998 776 1052; x_wconf 90' lang='lat' dir='ltr'><strong>enim</strong></span> <span class='ocrx_word' id='word_1_61' title='bbox 808 1013 1030 1067; x_wconf 87' lang='lat' dir='ltr'><strong>serpens</strong></span> <span class='ocrx_word' id='word_1_62' title='bbox 1074 1006 1196 1051; x_wconf 89' lang='lat' dir='ltr'><strong>erat</strong></span> <span class='ocrx_word' id='word_1_63' title='bbox 1243 1012 1385 1059; x_wconf 85' lang='lat' dir='ltr'><strong>vere,</strong></span> <span class='ocrx_word' id='word_1_64' title='bbox 1420 997 1515 1052; x_wconf 90' lang='lat' dir='ltr'><strong>sed</strong></span> <span class='ocrx_word' id='word_1_65' title='bbox 1548 997 1861 1052; x_wconf 86' lang='lat' dir='ltr'><strong>imitabatur</strong></span> <span class='ocrx_word' id='word_1_66' title='bbox 1892 1013 2010 1052; x_wconf 87' lang='lat' dir='ltr'><strong>ser-</strong></span> 
     </span>
    </p>
   </div>
   <div class='ocr_carea' id='block_1_10' title="bbox 432 1086 2012 1158">
    <p class='ocr_par' dir='ltr' id='par_1_10' title="bbox 432 1086 2012 1158">
     <span class='ocr_line' id='line_1_10' title="bbox 432 1086 2012 1158; baseline 0.001 -17"><span class='ocrx_word' id='word_1_67' title='bbox 432 1098 671 1158; x_wconf 87' lang='lat' dir='ltr'><strong>pentem,</strong></span> <span class='ocrx_word' id='word_1_68' title='bbox 703 1089 917 1144; x_wconf 77' lang='lat' dir='ltr'><strong>dicente</strong></span> <span class='ocrx_word' id='word_1_69' title='bbox 947 1087 1177 1142; x_wconf 90' lang='lat' dir='ltr'><strong>Domino</strong></span> <span class='ocrx_word' id='word_1_70' title='bbox 1197 1089 1245 1120; x_wconf 82' lang='lat'><strong>“</strong></span> <span class='ocrx_word' id='word_1_71' title='bbox 1276 1106 1288 1142; x_wconf 89' lang='lat'><strong>:</strong></span> <span class='ocrx_word' id='word_1_72' title='bbox 1324 1086 1392 1142; x_wconf 88' lang='lat' dir='ltr'><strong>Ut</strong></span> <span class='ocrx_word' id='word_1_73' title='bbox 1430 1088 1634 1158; x_wconf 78' lang='lat' dir='ltr'><strong>Moyses</strong></span> <span class='ocrx_word' id='word_1_74' title='bbox 1663 1088 1879 1143; x_wconf 80' lang='lat' dir='ltr'><strong>elevavit</strong></span> <span class='ocrx_word' id='word_1_75' title='bbox 1903 1106 2012 1143; x_wconf 87' lang='lat' dir='ltr'><strong>ser-</strong></span> 
     </span>
    </p>
   </div>
   <div class='ocr_carea' id='block_1_11' title="bbox 434 1178 2010 1250">
    <p class='ocr_par' dir='ltr' id='par_1_11' title="bbox 434 1178 2010 1250">
     <span class='ocr_line' id='line_1_11' title="bbox 434 1178 2010 1250; baseline 0 -17"><span class='ocrx_word' id='word_1_76' title='bbox 434 1189 638 1250; x_wconf 84' lang='lat' dir='ltr'><strong>pentem</strong></span> <span class='ocrx_word' id='word_1_77' title='bbox 669 1181 723 1235; x_wconf 88' lang='lat' dir='ltr'><strong>in</strong></span> <span class='ocrx_word' id='word_1_78' title='bbox 752 1180 979 1243; x_wconf 83' lang='lat' dir='ltr'><strong>deserto,</strong></span> <span class='ocrx_word' id='word_1_79' title='bbox 1006 1180 1083 1233; x_wconf 85' lang='lat' dir='ltr'><strong>sic</strong></span> <span class='ocrx_word' id='word_1_80' title='bbox 1101 1189 1303 1248; x_wconf 77' lang='lat' dir='ltr'><strong>oportet</strong></span> <span class='ocrx_word' id='word_1_81' title='bbox 1329 1179 1560 1233; x_wconf 68' lang='lat' dir='ltr'><strong>exaltari</strong></span> <span class='ocrx_word' id='word_1_82' title='bbox 1591 1178 1796 1234; x_wconf 76' lang='lat' dir='ltr'><strong>Filium</strong></span> <span class='ocrx_word' id='word_1_83' title='bbox 1837 1180 2010 1233; x_wconf 87' lang='lat' dir='ltr'><strong>Itami-</strong></span> 
     </span>
    </p>
   </div>
   <div class='ocr_carea' id='block_1_12' title="bbox 431 1271 2009 1342">
    <p class='ocr_par' dir='ltr' id='par_1_12' title="bbox 431 1271 2009 1342">
     <span class='ocr_line' id='line_1_12' title="bbox 431 1271 2009 1342; baseline 0.001 -17"><span class='ocrx_word' id='word_1_84' title='bbox 431 1275 548 1336; x_wconf 81' lang='lat' dir='ltr'><strong>nis;</strong></span> <span class='ocrx_word' id='word_1_85' title='bbox 579 1274 767 1327; x_wconf 90' lang='lat' dir='ltr'><strong>eodem</strong></span> <span class='ocrx_word' id='word_1_86' title='bbox 805 1273 972 1327; x_wconf 88' lang='lat' dir='ltr'><strong>modo</strong></span> <span class='ocrx_word' id='word_1_87' title='bbox 1022 1281 1074 1326; x_wconf 92' lang='lat' dir='ltr'><strong>et</strong></span> <span class='ocrx_word' id='word_1_88' title='bbox 1122 1271 1305 1342; x_wconf 91' lang='lat' dir='ltr'><strong>justus</strong></span> <span class='ocrx_word' id='word_1_89' title='bbox 1341 1287 1450 1326; x_wconf 90' lang='lat' dir='ltr'><strong>non</strong></span> <span class='ocrx_word' id='word_1_90' title='bbox 1503 1281 1611 1327; x_wconf 90' lang='lat' dir='ltr'><strong>tam</strong></span> <span class='ocrx_word' id='word_1_91' title='bbox 1662 1273 1842 1342; x_wconf 63' lang='lat' dir='ltr'><strong>aquila</strong></span> <span class='ocrx_word' id='word_1_92' title='bbox 1882 1282 2009 1339; x_wconf 89' lang='lat' dir='ltr'><strong>est,</strong></span> 
     </span>
    </p>
   </div>
   <div class='ocr_carea' id='block_1_13' title="bbox 430 1363 2012 1434">
    <p class='ocr_par' dir='ltr' id='par_1_13' title="bbox 430 1363 2012 1434">
     <span class='ocr_line' id='line_1_13' title="bbox 430 1363 2012 1434; baseline -0.001 -17"><span class='ocrx_word' id='word_1_93' title='bbox 430 1380 594 1432; x_wconf 90' lang='lat' dir='ltr'><strong>quam</strong></span> <span class='ocrx_word' id='word_1_94' title='bbox 621 1365 817 1433; x_wconf 76' lang='lat' dir='ltr'><strong>aquilze</strong></span> <span class='ocrx_word' id='word_1_95' title='bbox 841 1363 1057 1429; x_wconf 85' lang='lat' dir='ltr'><strong>similis,</strong></span> <span class='ocrx_word' id='word_1_96' title='bbox 1079 1369 1204 1433; x_wconf 86' lang='lat' dir='ltr'><strong>quia</strong></span> <span class='ocrx_word' id='word_1_97' title='bbox 1228 1365 1277 1418; x_wconf 89' lang='lat' dir='ltr'><strong>ei</strong></span> <span class='ocrx_word' id='word_1_98' title='bbox 1294 1365 1423 1419; x_wconf 80' lang='lat' dir='ltr'><strong>utile</strong></span> <span class='ocrx_word' id='word_1_99' title='bbox 1438 1374 1519 1419; x_wconf 89' lang='lat' dir='ltr'><strong>est</strong></span> <span class='ocrx_word' id='word_1_100' title='bbox 1540 1364 1830 1434; x_wconf 85' lang='lat' dir='ltr'><strong>imaginem</strong></span> <span class='ocrx_word' id='word_1_101' title='bbox 1856 1364 2012 1432; x_wconf 91' lang='lat' dir='ltr'><strong>aqui-</strong></span> 
     </span>
    </p>
   </div>
   <div class='ocr_carea' id='block_1_14' title="bbox 431 1454 2011 1522">
    <p class='ocr_par' dir='ltr' id='par_1_14' title="bbox 431 1454 2011 1522">
     <span class='ocr_line' id='line_1_14' title="bbox 431 1454 2011 1522; baseline 0 -13"><span class='ocrx_word' id='word_1_102' title='bbox 431 1457 497 1510; x_wconf 70' lang='lat' dir='ltr'><strong>lae</strong></span> <span class='ocrx_word' id='word_1_103' title='bbox 522 1457 740 1511; x_wconf 88' lang='lat' dir='ltr'><strong>sectari.</strong></span> <span class='ocrx_word' id='word_1_104' title='bbox 767 1454 930 1509; x_wconf 84' lang='lat' dir='ltr'><strong>Juxta</strong></span> <span class='ocrx_word' id='word_1_105' title='bbox 964 1456 1111 1509; x_wconf 91' lang='lat' dir='ltr'><strong>hunc</strong></span> <span class='ocrx_word' id='word_1_106' title='bbox 1141 1456 1472 1510; x_wconf 86' lang='lat' dir='ltr'><strong>intellectum</strong></span> <span class='ocrx_word' id='word_1_107' title='bbox 1502 1498 1517 1522; x_wconf 92' lang='lat'><strong>,</strong></span> <span class='ocrx_word' id='word_1_108' title='bbox 1565 1465 1618 1511; x_wconf 90' lang='lat' dir='ltr'><strong>et</strong></span> <span class='ocrx_word' id='word_1_109' title='bbox 1652 1456 1705 1509; x_wconf 92' lang='lat' dir='ltr'><strong>in</strong></span> <span class='ocrx_word' id='word_1_110' title='bbox 1737 1455 1845 1508; x_wconf 89' lang='lat' dir='ltr'><strong>alio</strong></span> <span class='ocrx_word' id='word_1_111' title='bbox 1891 1455 2011 1509; x_wconf 89' lang='lat' dir='ltr'><strong>loco</strong></span> 
     </span>
    </p>
   </div>
   <div class='ocr_carea' id='block_1_15' title="bbox 431 1546 2007 1617">
    <p class='ocr_par' dir='ltr' id='par_1_15' title="bbox 431 1546 2007 1617">
     <span class='ocr_line' id='line_1_15' title="bbox 431 1546 2007 1617; baseline -0.001 -16"><span class='ocrx_word' id='word_1_112' title='bbox 431 1560 759 1617; x_wconf 68' lang='lat' dir='ltr'><strong>praeceptum</strong></span> <span class='ocrx_word' id='word_1_113' title='bbox 787 1546 996 1616; x_wconf 87' lang='lat' dir='ltr'><strong>accepit</strong></span> <span class='ocrx_word' id='word_1_114' title='bbox 1027 1546 1231 1615; x_wconf 90' lang='lat' dir='ltr'><strong>justus,</strong></span> <span class='ocrx_word' id='word_1_115' title='bbox 1276 1554 1333 1600; x_wconf 93' lang='lat' dir='ltr'><strong>ut</strong></span> <span class='ocrx_word' id='word_1_116' title='bbox 1367 1548 1438 1602; x_wconf 88' lang='lat' dir='ltr'><strong>sit</strong></span> <span class='ocrx_word' id='word_1_117' title='bbox 1469 1547 1690 1616; x_wconf 87' lang='lat' dir='ltr'><strong>sapiens</strong></span> <span class='ocrx_word' id='word_1_118' title='bbox 1718 1546 1860 1601; x_wconf 90' lang='lat' dir='ltr'><strong>sicut</strong></span> <span class='ocrx_word' id='word_1_119' title='bbox 1889 1561 2007 1600; x_wconf 90' lang='lat' dir='ltr'><strong>ser-</strong></span> 
     </span>
    </p>
   </div>
   <div class='ocr_carea' id='block_1_16' title="bbox 432 1636 2010 1708">
    <p class='ocr_par' dir='ltr' id='par_1_16' title="bbox 432 1636 2010 1708">
     <span class='ocr_line' id='line_1_16' title="bbox 432 1636 2010 1708; baseline -0.001 -16"><span class='ocrx_word' id='word_1_120' title='bbox 432 1653 587 1708; x_wconf 89' lang='lat' dir='ltr'><strong>pens,</strong></span> <span class='ocrx_word' id='word_1_121' title='bbox 620 1654 725 1692; x_wconf 87' lang='lat' dir='ltr'><strong>non</strong></span> <span class='ocrx_word' id='word_1_122' title='bbox 771 1646 830 1691; x_wconf 91' lang='lat' dir='ltr'><strong>ut</strong></span> <span class='ocrx_word' id='word_1_123' title='bbox 886 1641 978 1692; x_wconf 88' lang='lat' dir='ltr'><strong>liat</strong></span> <span class='ocrx_word' id='word_1_124' title='bbox 1022 1652 1269 1705; x_wconf 87' lang='lat' dir='ltr'><strong>serpens,</strong></span> <span class='ocrx_word' id='word_1_125' title='bbox 1296 1637 1389 1691; x_wconf 90' lang='lat' dir='ltr'><strong>sed</strong></span> <span class='ocrx_word' id='word_1_126' title='bbox 1424 1652 1492 1690; x_wconf 92' lang='lat' dir='ltr'><strong>ne</strong></span> <span class='ocrx_word' id='word_1_127' title='bbox 1525 1652 1556 1691; x_wconf 89' lang='lat' dir='ltr'><strong>a</strong></span> <span class='ocrx_word' id='word_1_128' title='bbox 1581 1636 1692 1689; x_wconf 80' lang='lat' dir='ltr'><strong>veri</strong></span> <span class='ocrx_word' id='word_1_129' title='bbox 1739 1637 2010 1706; x_wconf 86' lang='lat' dir='ltr'><strong>serpentis</strong></span> 
     </span>
    </p>
   </div>
   <div class='ocr_carea' id='block_1_17' title="bbox 432 1726 2009 1800">
    <p class='ocr_par' dir='ltr' id='par_1_17' title="bbox 432 1726 2009 1800">
     <span class='ocr_line' id='line_1_17' title="bbox 432 1726 2009 1800; baseline -0.001 -16"><span class='ocrx_word' id='word_1_130' title='bbox 432 1730 679 1800; x_wconf 82' lang='lat' dir='ltr'><strong>capiatur</strong></span> <span class='ocrx_word' id='word_1_131' title='bbox 702 1731 924 1784; x_wconf 84' lang='lat' dir='ltr'><strong>astutia.</strong></span> <span class='ocrx_word' id='word_1_132' title='bbox 953 1728 1011 1783; x_wconf 92' lang='lat' dir='ltr'><strong>Si</strong></span> <span class='ocrx_word' id='word_1_133' title='bbox 1033 1738 1213 1783; x_wconf 90' lang='lat' dir='ltr'><strong>autem</strong></span> <span class='ocrx_word' id='word_1_134' title='bbox 1247 1743 1426 1783; x_wconf 89' lang='lat' dir='ltr'><strong>sermo</strong></span> <span class='ocrx_word' id='word_1_135' title='bbox 1453 1727 1547 1781; x_wconf 87' lang='lat' dir='ltr'><strong>Dei</strong></span> <span class='ocrx_word' id='word_1_136' title='bbox 1581 1726 1893 1798; x_wconf 85' lang='lat' dir='ltr'><strong>Scripturas</strong></span> <span class='ocrx_word' id='word_1_137' title='bbox 1922 1728 2009 1783; x_wconf 82' lang='lat' dir='ltr'><strong>di-</strong></span> 
     </span>
    </p>
   </div>
   <div class='ocr_carea' id='block_1_18' title="bbox 431 1818 2003 1891">
    <p class='ocr_par' dir='ltr' id='par_1_18' title="bbox 431 1818 2003 1891">
     <span class='ocr_line' id='line_1_18' title="bbox 431 1818 2003 1891; baseline -0.001 -16"><span class='ocrx_word' id='word_1_138' title='bbox 431 1822 659 1891; x_wconf 85' lang='lat' dir='ltr'><strong>ligenter</strong></span> <span class='ocrx_word' id='word_1_139' title='bbox 681 1822 980 1883; x_wconf 77' lang='lat' dir='ltr'><strong>excutiens,</strong></span> <span class='ocrx_word' id='word_1_140' title='bbox 1012 1829 1063 1874; x_wconf 91' lang='lat' dir='ltr'><strong>et</strong></span> <span class='ocrx_word' id='word_1_141' title='bbox 1082 1820 1309 1888; x_wconf 83' lang='lat' dir='ltr'><strong>spiritus</strong></span> <span class='ocrx_word' id='word_1_142' title='bbox 1327 1820 1392 1873; x_wconf 87' lang='lat' dir='ltr'><strong>de</strong></span> <span class='ocrx_word' id='word_1_143' title='bbox 1416 1835 1525 1887; x_wconf 89' lang='lat' dir='ltr'><strong>quo</strong></span> <span class='ocrx_word' id='word_1_144' title='bbox 1539 1818 1796 1887; x_wconf 90' lang='lat' dir='ltr'><strong>scriptum</strong></span> <span class='ocrx_word' id='word_1_145' title='bbox 1826 1832 1908 1875; x_wconf 88' lang='lat' dir='ltr'><strong>est</strong></span> <span class='ocrx_word' id='word_1_146' title='bbox 1923 1820 2003 1873; x_wconf 67' lang='lat'><strong>‘7:</strong></span> 
     </span>
    </p>
   </div>
   <div class='ocr_carea' id='block_1_19' title="bbox 336 1907 2007 1988">
    <p class='ocr_par' dir='ltr' id='par_1_19' title="bbox 336 1907 2007 1988">
     <span class='ocr_line' id='line_1_19' title="bbox 336 1907 2007 1988; baseline 0.001 -22"><span class='ocrx_word' id='word_1_147' title='bbox 336 1983 342 1988; x_wconf 28' lang='lat'><em>.</em></span> <span class='ocrx_word' id='word_1_148' title='bbox 433 1910 667 1983; x_wconf 76' lang='lat' dir='ltr'><strong>Spiritus</strong></span> <span class='ocrx_word' id='word_1_149' title='bbox 694 1910 872 1964; x_wconf 83' lang='lat' dir='ltr'><strong>omnia</strong></span> <span class='ocrx_word' id='word_1_150' title='bbox 906 1917 1179 1963; x_wconf 81' lang='lat' dir='ltr'><strong>scrutatur</strong></span> <span class='ocrx_word' id='word_1_151' title='bbox 1201 1911 1363 1962; x_wconf 88' lang='lat' dir='ltr'><strong>etiam</strong></span> <span class='ocrx_word' id='word_1_152' title='bbox 1391 1907 1502 1963; x_wconf 87' lang='lat' dir='ltr'><strong>alta</strong></span> <span class='ocrx_word' id='word_1_153' title='bbox 1530 1907 1662 1974; x_wconf 86' lang='lat' dir='ltr'><strong>Dei,</strong></span> <span class='ocrx_word' id='word_1_154' title='bbox 1689 1909 1742 1962; x_wconf 91' lang='lat' dir='ltr'><strong>in</strong></span> <span class='ocrx_word' id='word_1_155' title='bbox 1776 1910 2007 1980; x_wconf 87' lang='lat' dir='ltr'><strong>alicujus</strong></span> 
     </span>
    </p>
   </div>
   <div class='ocr_carea' id='block_1_20' title="bbox 433 1997 2007 2064">
    <p class='ocr_par' dir='ltr' id='par_1_20' title="bbox 433 1997 2007 2064">
     <span class='ocr_line' id='line_1_20' title="bbox 433 1997 2007 2064; baseline -0.001 -8"><span class='ocrx_word' id='word_1_156' title='bbox 433 2001 671 2056; x_wconf 88' lang='lat' dir='ltr'><strong>animam</strong></span> <span class='ocrx_word' id='word_1_157' title='bbox 713 1998 941 2064; x_wconf 86' lang='lat' dir='ltr'><strong>venerit,</strong></span> <span class='ocrx_word' id='word_1_158' title='bbox 983 1997 1428 2054; x_wconf 81' lang='lat' dir='ltr'><strong>manifestissime</strong></span> <span class='ocrx_word' id='word_1_159' title='bbox 1459 1999 1709 2054; x_wconf 88' lang='lat' dir='ltr'><strong>ostendet</strong></span> <span class='ocrx_word' id='word_1_160' title='bbox 1756 1999 1823 2054; x_wconf 94' lang='lat' dir='ltr'><strong>de</strong></span> <span class='ocrx_word' id='word_1_161' title='bbox 1854 1999 2007 2055; x_wconf 85' lang='lat' dir='ltr'><strong>Scri-</strong></span> 
     </span>
    </p>
   </div>
   <div class='ocr_carea' id='block_1_21' title="bbox 434 2089 2006 2161">
    <p class='ocr_par' dir='ltr' id='par_1_21' title="bbox 434 2089 2006 2161">
     <span class='ocr_line' id='line_1_21' title="bbox 434 2089 2006 2161; baseline 0.003 -16"><span class='ocrx_word' id='word_1_162' title='bbox 434 2090 610 2161; x_wconf 90' lang='lat' dir='ltr'><strong>pturis</strong></span> <span class='ocrx_word' id='word_1_163' title='bbox 640 2097 693 2144; x_wconf 90' lang='lat' dir='ltr'><strong>et</strong></span> <span class='ocrx_word' id='word_1_164' title='bbox 732 2089 975 2159; x_wconf 81' lang='lat' dir='ltr'><strong>aquilam</strong></span> <span class='ocrx_word' id='word_1_165' title='bbox 1021 2097 1076 2145; x_wconf 90' lang='lat' dir='ltr'><strong>et</strong></span> <span class='ocrx_word' id='word_1_166' title='bbox 1108 2090 1319 2145; x_wconf 91' lang='lat' dir='ltr'><strong>leonem</strong></span> <span class='ocrx_word' id='word_1_167' title='bbox 1376 2090 1431 2144; x_wconf 92' lang='lat' dir='ltr'><strong>in</strong></span> <span class='ocrx_word' id='word_1_168' title='bbox 1484 2101 1640 2161; x_wconf 89' lang='lat' dir='ltr'><strong>parte</strong></span> <span class='ocrx_word' id='word_1_169' title='bbox 1677 2093 2006 2149; x_wconf 90' lang='lat' dir='ltr'><strong>mundorum</strong></span> 
     </span>
    </p>
   </div>
   <div class='ocr_carea' id='block_1_22' title="bbox 436 2177 2005 2248">
    <p class='ocr_par' dir='ltr' id='par_1_22' title="bbox 436 2177 2005 2248">
     <span class='ocr_line' id='line_1_22' title="bbox 436 2177 2005 2248; baseline 0.003 -14"><span class='ocrx_word' id='word_1_170' title='bbox 436 2179 755 2234; x_wconf 86' lang='lat' dir='ltr'><strong>animalium</strong></span> <span class='ocrx_word' id='word_1_171' title='bbox 806 2178 1030 2248; x_wconf 84' lang='lat' dir='ltr'><strong>posita:</strong></span> <span class='ocrx_word' id='word_1_172' title='bbox 1089 2178 1372 2234; x_wconf 86' lang='lat' dir='ltr'><strong>cherubim</strong></span> <span class='ocrx_word' id='word_1_173' title='bbox 1423 2177 1517 2234; x_wconf 90' lang='lat' dir='ltr'><strong>Dei</strong></span> <span class='ocrx_word' id='word_1_174' title='bbox 1554 2180 1757 2236; x_wconf 86' lang='lat' dir='ltr'><strong>habere</strong></span> <span class='ocrx_word' id='word_1_175' title='bbox 1810 2180 2005 2238; x_wconf 82' lang='lat' dir='ltr'><strong>faciem</strong></span> 
     </span>
    </p>
   </div>
   <div class='ocr_carea' id='block_1_23' title="bbox 434 2272 2006 2346">
    <p class='ocr_par' dir='ltr' id='par_1_23' title="bbox 434 2272 2006 2346">
     <span class='ocr_line' id='line_1_23' title="bbox 434 2272 2006 2346; baseline 0.004 -18"><span class='ocrx_word' id='word_1_176' title='bbox 434 2273 672 2329; x_wconf 86' lang='lat' dir='ltr'><strong>hominis</strong></span> <span class='ocrx_word' id='word_1_177' title='bbox 699 2285 754 2328; x_wconf 90' lang='lat' dir='ltr'><strong>et</strong></span> <span class='ocrx_word' id='word_1_178' title='bbox 780 2272 973 2329; x_wconf 84' lang='lat' dir='ltr'><strong>faciem</strong></span> <span class='ocrx_word' id='word_1_179' title='bbox 1012 2274 1183 2329; x_wconf 90' lang='lat' dir='ltr'><strong>leonis</strong></span> <span class='ocrx_word' id='word_1_180' title='bbox 1200 2287 1230 2327; x_wconf 90' lang='lat' dir='ltr'><strong>a</strong></span> <span class='ocrx_word' id='word_1_181' title='bbox 1261 2274 1468 2329; x_wconf 80' lang='lat' dir='ltr'><strong>dextris</strong></span> <span class='ocrx_word' id='word_1_182' title='bbox 1485 2284 1729 2346; x_wconf 87' lang='lat' dir='ltr'><strong>quatuor</strong></span> <span class='ocrx_word' id='word_1_183' title='bbox 1744 2279 2006 2346; x_wconf 86' lang='lat' dir='ltr'><strong>partium,</strong></span> 
     </span>
    </p>
   </div>
   <div class='ocr_carea' id='block_1_24' title="bbox 429 2363 2007 2442">
    <p class='ocr_par' dir='ltr' id='par_1_24' title="bbox 429 2363 2007 2442">
     <span class='ocr_line' id='line_1_24' title="bbox 429 2363 2007 2442; baseline 0.006 -24"><span class='ocrx_word' id='word_1_184' title='bbox 429 2373 483 2420; x_wconf 90' lang='lat' dir='ltr'><strong>et</strong></span> <span class='ocrx_word' id='word_1_185' title='bbox 519 2363 713 2420; x_wconf 86' lang='lat' dir='ltr'><strong>faciem</strong></span> <span class='ocrx_word' id='word_1_186' title='bbox 741 2366 893 2420; x_wconf 90' lang='lat' dir='ltr'><strong>vituli</strong></span> <span class='ocrx_word' id='word_1_187' title='bbox 923 2375 975 2421; x_wconf 92' lang='lat' dir='ltr'><strong>et</strong></span> <span class='ocrx_word' id='word_1_188' title='bbox 1002 2364 1197 2421; x_wconf 83' lang='lat' dir='ltr'><strong>faciem</strong></span> <span class='ocrx_word' id='word_1_189' title='bbox 1220 2369 1416 2439; x_wconf 67' lang='lat' dir='ltr'><strong>aquilae</strong></span> <span class='ocrx_word' id='word_1_190' title='bbox 1444 2384 1476 2424; x_wconf 90' lang='lat' dir='ltr'><strong>a</strong></span> <span class='ocrx_word' id='word_1_191' title='bbox 1505 2371 1744 2427; x_wconf 87' lang='lat' dir='ltr'><strong>sinistris</strong></span> <span class='ocrx_word' id='word_1_192' title='bbox 1772 2382 2007 2442; x_wconf 86' lang='lat' dir='ltr'><strong>quatuor</strong></span> 
     </span>
    </p>
   </div>
   <div class='ocr_carea' id='block_1_25' title="bbox 429 2456 2008 2528">
    <p class='ocr_par' dir='ltr' id='par_1_25' title="bbox 429 2456 2008 2528">
     <span class='ocr_line' id='line_1_25' title="bbox 429 2456 2008 2528; baseline 0.005 -17"><span class='ocrx_word' id='word_1_193' title='bbox 429 2456 662 2526; x_wconf 87' lang='lat' dir='ltr'><strong>partium</strong></span> <span class='ocrx_word' id='word_1_194' title='bbox 688 2475 702 2511; x_wconf 88' lang='lat'><strong>:</strong></span> <span class='ocrx_word' id='word_1_195' title='bbox 733 2466 789 2511; x_wconf 90' lang='lat' dir='ltr'><strong>et</strong></span> <span class='ocrx_word' id='word_1_196' title='bbox 810 2457 925 2512; x_wconf 72' lang='lat' dir='ltr'><strong>haec</strong></span> <span class='ocrx_word' id='word_1_197' title='bbox 973 2471 1095 2526; x_wconf 71' lang='lat' dir='ltr'><strong>quae</strong></span> <span class='ocrx_word' id='word_1_198' title='bbox 1120 2459 1173 2512; x_wconf 91' lang='lat' dir='ltr'><strong>in</strong></span> <span class='ocrx_word' id='word_1_199' title='bbox 1196 2460 1480 2515; x_wconf 87' lang='lat' dir='ltr'><strong>cherubim</strong></span> <span class='ocrx_word' id='word_1_200' title='bbox 1509 2462 1783 2528; x_wconf 88' lang='lat' dir='ltr'><strong>videntur,</strong></span> <span class='ocrx_word' id='word_1_201' title='bbox 1824 2464 1878 2517; x_wconf 92' lang='lat' dir='ltr'><strong>id</strong></span> <span class='ocrx_word' id='word_1_202' title='bbox 1923 2473 2008 2520; x_wconf 91' lang='lat' dir='ltr'><strong>est</strong></span> 
     </span>
    </p>
   </div>
   <div class='ocr_carea' id='block_1_26' title="bbox 430 2549 2003 2623">
    <p class='ocr_par' dir='ltr' id='par_1_26' title="bbox 430 2549 2003 2623">
     <span class='ocr_line' id='line_1_26' title="bbox 430 2549 2003 2623; baseline 0.005 -20"><span class='ocrx_word' id='word_1_203' title='bbox 430 2549 609 2618; x_wconf 87' lang='lat' dir='ltr'><strong>aquila</strong></span> <span class='ocrx_word' id='word_1_204' title='bbox 642 2557 698 2604; x_wconf 88' lang='lat' dir='ltr'><strong>et</strong></span> <span class='ocrx_word' id='word_1_205' title='bbox 724 2550 829 2617; x_wconf 90' lang='lat' dir='ltr'><strong>leo,</strong></span> <span class='ocrx_word' id='word_1_206' title='bbox 862 2550 1063 2604; x_wconf 89' lang='lat' dir='ltr'><strong>munda</strong></span> <span class='ocrx_word' id='word_1_207' title='bbox 1089 2561 1235 2605; x_wconf 88' lang='lat' dir='ltr'><strong>sunt.</strong></span> <span class='ocrx_word' id='word_1_208' title='bbox 1263 2550 1406 2606; x_wconf 83' lang='lat' dir='ltr'><strong>Nihil</strong></span> <span class='ocrx_word' id='word_1_209' title='bbox 1436 2553 1636 2623; x_wconf 91' lang='lat' dir='ltr'><strong>quippe</strong></span> <span class='ocrx_word' id='word_1_210' title='bbox 1661 2555 2003 2610; x_wconf 89' lang='lat' dir='ltr'><strong>immundum</strong></span> 
     </span>
    </p>
   </div>
   <div class='ocr_carea' id='block_1_27' title="bbox 428 2640 2007 2715">
    <p class='ocr_par' dir='ltr' id='par_1_27' title="bbox 428 2640 2007 2715">
     <span class='ocr_line' id='line_1_27' title="bbox 428 2640 2007 2715; baseline 0.004 -19"><span class='ocrx_word' id='word_1_211' title='bbox 428 2650 512 2697; x_wconf 91' lang='lat' dir='ltr'><strong>est</strong></span> <span class='ocrx_word' id='word_1_212' title='bbox 540 2642 593 2696; x_wconf 91' lang='lat' dir='ltr'><strong>in</strong></span> <span class='ocrx_word' id='word_1_213' title='bbox 627 2655 791 2695; x_wconf 91' lang='lat' dir='ltr'><strong>curru</strong></span> <span class='ocrx_word' id='word_1_214' title='bbox 826 2641 942 2695; x_wconf 89' lang='lat' dir='ltr'><strong>Dei.</strong></span> <span class='ocrx_word' id='word_1_215' title='bbox 974 2640 1041 2694; x_wconf 87' lang='lat' dir='ltr'><strong>Et</strong></span> <span class='ocrx_word' id='word_1_216' title='bbox 1084 2643 1366 2711; x_wconf 87' lang='lat' dir='ltr'><strong>quomodo</strong></span> <span class='ocrx_word' id='word_1_217' title='bbox 1396 2652 1452 2698; x_wconf 91' lang='lat' dir='ltr'><strong>tu</strong></span> <span class='ocrx_word' id='word_1_218' title='bbox 1482 2645 1552 2699; x_wconf 90' lang='lat' dir='ltr'><strong>de</strong></span> <span class='ocrx_word' id='word_1_219' title='bbox 1602 2645 1854 2715; x_wconf 75' lang='lat' dir='ltr'><strong>gentibus</strong></span> <span class='ocrx_word' id='word_1_220' title='bbox 1886 2662 2007 2703; x_wconf 91' lang='lat' dir='ltr'><strong>cre-</strong></span> 
     </span>
    </p>
   </div>
   <div class='ocr_carea' id='block_1_28' title="bbox 427 2731 2004 2805">
    <p class='ocr_par' dir='ltr' id='par_1_28' title="bbox 427 2731 2004 2805">
     <span class='ocr_line' id='line_1_28' title="bbox 427 2731 2004 2805; baseline 0.003 -18"><span class='ocrx_word' id='word_1_221' title='bbox 427 2732 563 2789; x_wconf 83' lang='lat' dir='ltr'><strong>dens</strong></span> <span class='ocrx_word' id='word_1_222' title='bbox 593 2732 831 2787; x_wconf 90' lang='lat' dir='ltr'><strong>mundus</strong></span> <span class='ocrx_word' id='word_1_223' title='bbox 855 2731 1081 2787; x_wconf 76' lang='lat' dir='ltr'><strong>eﬂ‘ectus</strong></span> <span class='ocrx_word' id='word_1_224' title='bbox 1109 2747 1169 2788; x_wconf 89' lang='lat' dir='ltr'><strong>es</strong></span> <span class='ocrx_word' id='word_1_225' title='bbox 1199 2751 1212 2786; x_wconf 88' lang='lat'><strong>:</strong></span> <span class='ocrx_word' id='word_1_226' title='bbox 1252 2732 1319 2786; x_wconf 87' lang='lat' dir='ltr'><strong>Et</strong></span> <span class='ocrx_word' id='word_1_227' title='bbox 1339 2734 1477 2804; x_wconf 88' lang='lat' dir='ltr'><strong>quod</strong></span> <span class='ocrx_word' id='word_1_228' title='bbox 1515 2735 1658 2790; x_wconf 85' lang='lat' dir='ltr'><strong>Deus</strong></span> <span class='ocrx_word' id='word_1_229' title='bbox 1684 2737 1959 2792; x_wconf 80' lang='lat' dir='ltr'><strong>mandavit</strong></span> <span class='ocrx_word' id='word_1_230' title='bbox 1987 2778 2004 2805; x_wconf 95' lang='lat'><strong>,</strong></span> 
     </span>
    </p>
   </div>
   <div class='ocr_carea' id='block_1_29' title="bbox 430 2824 2008 2901">
    <p class='ocr_par' dir='ltr' id='par_1_29' title="bbox 430 2824 2008 2901">
     <span class='ocr_line' id='line_1_29' title="bbox 430 2824 2008 2901; baseline 0.006 -24"><span class='ocrx_word' id='word_1_231' title='bbox 430 2834 486 2877; x_wconf 82' lang='lat' dir='ltr'><strong>tu</strong></span> <span class='ocrx_word' id='word_1_232' title='bbox 508 2840 571 2877; x_wconf 88' lang='lat' dir='ltr'><strong>ne</strong></span> <span class='ocrx_word' id='word_1_233' title='bbox 592 2839 865 2877; x_wconf 82' lang='lat' dir='ltr'><strong>commune</strong></span> <span class='ocrx_word' id='word_1_234' title='bbox 887 2824 1087 2877; x_wconf 67' lang='lat' dir='ltr'><strong>dixeris</strong></span> <span class='ocrx_word' id='word_1_235' title='bbox 1121 2824 1169 2857; x_wconf 79' lang='grc'><strong>⁸⁸</strong></span> <span class='ocrx_word' id='word_1_236' title='bbox 1197 2864 1213 2890; x_wconf 90' lang='grc'><strong>,</strong></span> <span class='ocrx_word' id='word_1_237' title='bbox 1252 2826 1455 2880; x_wconf 87' lang='lat' dir='ltr'><strong>dicitur</strong></span> <span class='ocrx_word' id='word_1_238' title='bbox 1505 2827 1573 2883; x_wconf 89' lang='lat' dir='ltr'><strong>de</strong></span> <span class='ocrx_word' id='word_1_239' title='bbox 1600 2829 1858 2885; x_wconf 90' lang='lat' dir='ltr'><strong>omnibus</strong></span> <span class='ocrx_word' id='word_1_240' title='bbox 1886 2846 2008 2901; x_wconf 61' lang='lat' dir='ltr'><strong>qua?</strong></span> 
     </span>
    </p>
   </div>
   <div class='ocr_carea' id='block_1_30' title="bbox 427 2920 2009 2991">
    <p class='ocr_par' dir='ltr' id='par_1_30' title="bbox 427 2920 2009 2991">
     <span class='ocr_line' id='line_1_30' title="bbox 427 2920 2009 2991; baseline 0.006 -18"><span class='ocrx_word' id='word_1_241' title='bbox 427 2921 567 2975; x_wconf 77' lang='lat' dir='ltr'><strong>cmlo</strong></span> <span class='ocrx_word' id='word_1_242' title='bbox 592 2920 878 2990; x_wconf 88' lang='lat' dir='ltr'><strong>pendentia</strong></span> <span class='ocrx_word' id='word_1_243' title='bbox 890 2929 1107 2977; x_wconf 86' lang='lat' dir='ltr'><strong>ostensa</strong></span> <span class='ocrx_word' id='word_1_244' title='bbox 1136 2930 1265 2977; x_wconf 89' lang='lat' dir='ltr'><strong>sunt</strong></span> <span class='ocrx_word' id='word_1_245' title='bbox 1289 2921 1477 2991; x_wconf 91' lang='lat' dir='ltr'><strong>Petro;</strong></span> <span class='ocrx_word' id='word_1_246' title='bbox 1506 2925 1586 2980; x_wconf 89' lang='lat' dir='ltr'><strong>sic</strong></span> <span class='ocrx_word' id='word_1_247' title='bbox 1609 2927 1900 2983; x_wconf 88' lang='lat' dir='ltr'><strong>mundatus</strong></span> <span class='ocrx_word' id='word_1_248' title='bbox 1923 2937 2009 2983; x_wconf 88' lang='lat' dir='ltr'><strong>est</strong></span> 
     </span>
    </p>
   </div>
   <div class='ocr_carea' id='block_1_31' title="bbox 428 2995 2007 3085">
    <p class='ocr_par' dir='ltr' id='par_1_31' title="bbox 428 2995 2007 3085">
     <span class='ocr_line' id='line_1_31' title="bbox 428 2995 2007 3085; baseline 0.007 -23"><span class='ocrx_word' id='word_1_249' title='bbox 428 3009 515 3063; x_wconf 92' lang='lat' dir='ltr'><strong>leo</strong></span> <span class='ocrx_word' id='word_1_250' title='bbox 544 2995 810 3080; x_wconf 50' lang='lat' dir='ltr'><strong>et&#39;aquila</strong></span> <span class='ocrx_word' id='word_1_251' title='bbox 855 3025 978 3080; x_wconf 64' lang='lat' dir='ltr'><strong>quae</strong></span> <span class='ocrx_word' id='word_1_252' title='bbox 1024 3010 1080 3065; x_wconf 89' lang='lat' dir='ltr'><strong>in</strong></span> <span class='ocrx_word' id='word_1_253' title='bbox 1122 3014 1406 3067; x_wconf 84' lang='lat' dir='ltr'><strong>cherubim</strong></span> <span class='ocrx_word' id='word_1_254' title='bbox 1451 3027 1842 3085; x_wconf 90' lang='lat' dir='ltr'><strong>apparuerunt.</strong></span> <span class='ocrx_word' id='word_1_255' title='bbox 1895 3016 2007 3074; x_wconf 83' lang='lat' dir='ltr'><strong>Nec</strong></span> 
     </span>
    </p>
   </div>
   <div class='ocr_carea' id='block_1_32' title="bbox 431 3102 2005 3180">
    <p class='ocr_par' dir='ltr' id='par_1_32' title="bbox 431 3102 2005 3180">
     <span class='ocr_line' id='line_1_32' title="bbox 431 3102 2005 3180; baseline 0.006 -25"><span class='ocrx_word' id='word_1_256' title='bbox 431 3116 541 3155; x_wconf 89' lang='lat' dir='ltr'><strong>non</strong></span> <span class='ocrx_word' id='word_1_257' title='bbox 564 3110 648 3156; x_wconf 87' lang='lat' dir='ltr'><strong>est</strong></span> <span class='ocrx_word' id='word_1_258' title='bbox 674 3102 819 3156; x_wconf 85' lang='lat' dir='ltr'><strong>aliud</strong></span> <span class='ocrx_word' id='word_1_259' title='bbox 850 3102 994 3173; x_wconf 89' lang='lat' dir='ltr'><strong>quod</strong></span> <span class='ocrx_word' id='word_1_260' title='bbox 1022 3102 1076 3156; x_wconf 91' lang='lat' dir='ltr'><strong>in</strong></span> <span class='ocrx_word' id='word_1_261' title='bbox 1109 3103 1309 3158; x_wconf 87' lang='lat' dir='ltr'><strong>Christi</strong></span> <span class='ocrx_word' id='word_1_262' title='bbox 1332 3104 1562 3160; x_wconf 88' lang='lat' dir='ltr'><strong>adventu</strong></span> <span class='ocrx_word' id='word_1_263' title='bbox 1588 3106 1835 3163; x_wconf 89' lang='lat' dir='ltr'><strong>futurum</strong></span> <span class='ocrx_word' id='word_1_264' title='bbox 1865 3125 2005 3180; x_wconf 74' lang='lat' dir='ltr'><strong>prte-</strong></span> 
     </span>
    </p>
   </div>
   <div class='ocr_carea' id='block_1_33' title="bbox 2116 631 3042 701">
    <p class='ocr_par' dir='ltr' id='par_1_33' title="bbox 2116 631 3042 701">
     <span class='ocr_line' id='line_1_33' title="bbox 2116 631 3042 701; baseline 0.004 -17"><span class='ocrx_word' id='word_1_265' title='bbox 2116 645 2322 699; x_wconf 86' lang='lat' dir='ltr'><strong>pennas</strong></span> <span class='ocrx_word' id='word_1_266' title='bbox 2346 638 2609 701; x_wconf 66' lang='lat' dir='ltr'><strong>praeparet</strong></span> <span class='ocrx_word' id='word_1_267' title='bbox 2629 631 2695 685; x_wconf 88' lang='lat' dir='ltr'><strong>ad</strong></span> <span class='ocrx_word' id='word_1_268' title='bbox 2723 631 3042 688; x_wconf 84' lang='lat' dir='ltr'><strong>volandum.</strong></span> 
     </span>
    </p>
   </div>
   <div class='ocr_carea' id='block_1_34' title="bbox 2187 720 3699 797">
    <p class='ocr_par' dir='ltr' id='par_1_34' title="bbox 2187 720 3699 797">
     <span class='ocr_line' id='line_1_34' title="bbox 2187 720 3699 797; baseline 0.007 -21"><span class='ocrx_word' id='word_1_269' title='bbox 2187 724 2241 777; x_wconf 75' lang='grc'><strong>4.</strong></span> <span class='ocrx_word' id='word_1_270' title='bbox 2280 720 2479 777; x_wconf 88' lang='lat' dir='ltr'><strong>Verum</strong></span> <span class='ocrx_word' id='word_1_271' title='bbox 2514 732 2573 778; x_wconf 92' lang='lat' dir='ltr'><strong>ut</strong></span> <span class='ocrx_word' id='word_1_272' title='bbox 2609 725 2676 778; x_wconf 89' lang='lat' dir='ltr'><strong>ad</strong></span> <span class='ocrx_word' id='word_1_273' title='bbox 2732 726 3073 796; x_wconf 89' lang='lat' dir='ltr'><strong>propositum</strong></span> <span class='ocrx_word' id='word_1_274' title='bbox 3111 725 3351 792; x_wconf 86' lang='lat' dir='ltr'><strong>redeam,</strong></span> <span class='ocrx_word' id='word_1_275' title='bbox 3389 729 3699 797; x_wconf 81' lang='lat' dir='ltr'><strong>specialiter</strong></span> 
     </span>
    </p>
   </div>
   <div class='ocr_carea' id='block_1_35' title="bbox 2115 813 3698 891">
    <p class='ocr_par' dir='ltr' id='par_1_35' title="bbox 2115 813 3698 891">
     <span class='ocr_line' id='line_1_35' title="bbox 2115 813 3698 891; baseline 0.006 -24"><span class='ocrx_word' id='word_1_276' title='bbox 2115 813 2374 882; x_wconf 87' lang='lat' dir='ltr'><strong>quiddam</strong></span> <span class='ocrx_word' id='word_1_277' title='bbox 2411 817 2751 882; x_wconf 76' lang='lat' dir='ltr'><strong>signiﬁcatur</strong></span> <span class='ocrx_word' id='word_1_278' title='bbox 2775 819 2841 873; x_wconf 89' lang='lat' dir='ltr'><strong>de</strong></span> <span class='ocrx_word' id='word_1_279' title='bbox 2865 817 3389 885; x_wconf 80' lang='lat' dir='ltr'><strong>Nabuchodonosor,</strong></span> <span class='ocrx_word' id='word_1_280' title='bbox 3422 822 3551 891; x_wconf 89' lang='lat' dir='ltr'><strong>quia</strong></span> <span class='ocrx_word' id='word_1_281' title='bbox 3581 837 3698 876; x_wconf 86' lang='lat' dir='ltr'><strong>ma-</strong></span> 
     </span>
    </p>
   </div>
   <div class='ocr_carea' id='block_1_36' title="bbox 2116 910 3697 979">
    <p class='ocr_par' dir='ltr' id='par_1_36' title="bbox 2116 910 3697 979">
     <span class='ocr_line' id='line_1_36' title="bbox 2116 910 3697 979; baseline 0.004 -19"><span class='ocrx_word' id='word_1_282' title='bbox 2116 922 2220 976; x_wconf 83' lang='lat' dir='ltr'><strong>gna</strong></span> <span class='ocrx_word' id='word_1_283' title='bbox 2256 916 2310 962; x_wconf 90' lang='lat' dir='ltr'><strong>et</strong></span> <span class='ocrx_word' id='word_1_284' title='bbox 2341 923 2667 979; x_wconf 85' lang='lat' dir='ltr'><strong>magnarum</strong></span> <span class='ocrx_word' id='word_1_285' title='bbox 2693 910 2924 977; x_wconf 86' lang='lat' dir='ltr'><strong>alarum,</strong></span> <span class='ocrx_word' id='word_1_286' title='bbox 2974 920 3029 965; x_wconf 91' lang='lat' dir='ltr'><strong>et</strong></span> <span class='ocrx_word' id='word_1_287' title='bbox 3078 912 3164 966; x_wconf 90' lang='lat' dir='ltr'><strong>sui</strong></span> <span class='ocrx_word' id='word_1_288' title='bbox 3213 914 3530 967; x_wconf 82' lang='lat' dir='ltr'><strong>extensione</strong></span> <span class='ocrx_word' id='word_1_289' title='bbox 3576 914 3697 968; x_wconf 91' lang='lat' dir='ltr'><strong>lon-</strong></span> 
     </span>
    </p>
   </div>
   <div class='ocr_carea' id='block_1_37' title="bbox 2115 1000 3697 1068">
    <p class='ocr_par' dir='ltr' id='par_1_37' title="bbox 2115 1000 3697 1068">
     <span class='ocr_line' id='line_1_37' title="bbox 2115 1000 3697 1068; baseline 0.006 -17"><span class='ocrx_word' id='word_1_290' title='bbox 2115 1000 2361 1068; x_wconf 82' lang='lat' dir='ltr'><strong>gissima,</strong></span> <span class='ocrx_word' id='word_1_291' title='bbox 2394 1001 2446 1054; x_wconf 91' lang='lat' dir='ltr'><strong>in</strong></span> <span class='ocrx_word' id='word_1_292' title='bbox 2477 1010 2688 1057; x_wconf 89' lang='lat' dir='ltr'><strong>tantum</strong></span> <span class='ocrx_word' id='word_1_293' title='bbox 2710 1012 2771 1057; x_wconf 91' lang='lat' dir='ltr'><strong>ut</strong></span> <span class='ocrx_word' id='word_1_294' title='bbox 2801 1019 2969 1059; x_wconf 90' lang='lat' dir='ltr'><strong>ausus</strong></span> <span class='ocrx_word' id='word_1_295' title='bbox 2992 1003 3155 1058; x_wconf 86' lang='lat' dir='ltr'><strong>fuerit</strong></span> <span class='ocrx_word' id='word_1_296' title='bbox 3179 1004 3362 1059; x_wconf 89' lang='lat' dir='ltr'><strong>dicere</strong></span> <span class='ocrx_word' id='word_1_297' title='bbox 3386 1007 3453 1060; x_wconf 66' lang='grc' dir='ltr'>ἰε</span> <span class='ocrx_word' id='word_1_298' title='bbox 3485 1004 3697 1061; x_wconf 83' lang='lat' dir='ltr'><strong>Viribus</strong></span> 
     </span>
    </p>
   </div>
   <div class='ocr_carea' id='block_1_38' title="bbox 2114 1091 3696 1169">
    <p class='ocr_par' dir='ltr' id='par_1_38' title="bbox 2114 1091 3696 1169">
     <span class='ocr_line' id='line_1_38' title="bbox 2114 1091 3696 1169; baseline 0.006 -25"><span class='ocrx_word' id='word_1_299' title='bbox 2114 1091 2333 1159; x_wconf 80' lang='lat' dir='ltr'><strong>faciam,</strong></span> <span class='ocrx_word' id='word_1_300' title='bbox 2375 1097 2636 1164; x_wconf 77' lang='lat' dir='ltr'><strong>sapientia</strong></span> <span class='ocrx_word' id='word_1_301' title='bbox 2681 1096 2976 1151; x_wconf 86' lang='lat' dir='ltr'><strong>intellectus</strong></span> <span class='ocrx_word' id='word_1_302' title='bbox 3022 1099 3260 1167; x_wconf 77' lang='lat' dir='ltr'><strong>auferam</strong></span> <span class='ocrx_word' id='word_1_303' title='bbox 3294 1099 3424 1168; x_wconf 84' lang='lat' dir='ltr'><strong>ﬁnes</strong></span> <span class='ocrx_word' id='word_1_304' title='bbox 3463 1101 3696 1169; x_wconf 80' lang='lat' dir='ltr'><strong>gentium</strong></span> 
     </span>
    </p>
   </div>
   <div class='ocr_carea' id='block_1_39' title="bbox 2112 1183 3695 1256">
    <p class='ocr_par' dir='ltr' id='par_1_39' title="bbox 2112 1183 3695 1256">
     <span class='ocr_line' id='line_1_39' title="bbox 2112 1183 3695 1256; baseline 0.009 -23"><span class='ocrx_word' id='word_1_305' title='bbox 2112 1192 2162 1234; x_wconf 89' lang='lat' dir='ltr'><strong>et</strong></span> <span class='ocrx_word' id='word_1_306' title='bbox 2200 1183 2443 1236; x_wconf 74' lang='lat' dir='ltr'><strong>uirtutem</strong></span> <span class='ocrx_word' id='word_1_307' title='bbox 2475 1201 2656 1239; x_wconf 89' lang='lat' dir='ltr'><strong>eorunt</strong></span> <span class='ocrx_word' id='word_1_308' title='bbox 2690 1187 2963 1256; x_wconf 86' lang='lat' dir='ltr'><strong>depascar,</strong></span> <span class='ocrx_word' id='word_1_309' title='bbox 3006 1199 3055 1243; x_wconf 90' lang='lat' dir='ltr'><strong>et</strong></span> <span class='ocrx_word' id='word_1_310' title='bbox 3094 1192 3421 1245; x_wconf 84' lang='lat' dir='ltr'><strong>commovebo</strong></span> <span class='ocrx_word' id='word_1_311' title='bbox 3457 1193 3695 1247; x_wconf 71' lang='lat' dir='ltr'><strong>civitates</strong></span> 
     </span>
    </p>
   </div>
   <div class='ocr_carea' id='block_1_40' title="bbox 2111 1274 3697 1344">
    <p class='ocr_par' dir='ltr' id='par_1_40' title="bbox 2111 1274 3697 1344">
     <span class='ocr_line' id='line_1_40' title="bbox 2111 1274 3697 1344; baseline 0.009 -19"><span class='ocrx_word' id='word_1_312' title='bbox 2111 1290 2229 1344; x_wconf 73' lang='lat' dir='ltr'><strong>qua:</strong></span> <span class='ocrx_word' id='word_1_313' title='bbox 2258 1274 2640 1342; x_wconf 87' lang='lat' dir='ltr'><strong>inhabitantur,</strong></span> <span class='ocrx_word' id='word_1_314' title='bbox 2669 1288 2720 1331; x_wconf 92' lang='lat' dir='ltr'><strong>et</strong></span> <span class='ocrx_word' id='word_1_315' title='bbox 2741 1278 2915 1333; x_wconf 85' lang='lat' dir='ltr'><strong>orbem</strong></span> <span class='ocrx_word' id='word_1_316' title='bbox 2942 1291 3202 1335; x_wconf 81' lang='lat' dir='ltr'><strong>terrarum</strong></span> <span class='ocrx_word' id='word_1_317' title='bbox 3227 1284 3525 1337; x_wconf 80' lang='lat' dir='ltr'><strong>universum</strong></span> <span class='ocrx_word' id='word_1_318' title='bbox 3551 1300 3697 1338; x_wconf 80' lang='lat' dir='ltr'><strong>com-</strong></span> 
     </span>
    </p>
   </div>
   <div class='ocr_carea' id='block_1_41' title="bbox 2111 1364 3694 1444">
    <p class='ocr_par' dir='ltr' id='par_1_41' title="bbox 2111 1364 3694 1444">
     <span class='ocr_line' id='line_1_41' title="bbox 2111 1364 3694 1444; baseline 0.01 -30"><span class='ocrx_word' id='word_1_319' title='bbox 2111 1364 2427 1432; x_wconf 81' lang='lat' dir='ltr'><strong>prehendam</strong></span> <span class='ocrx_word' id='word_1_320' title='bbox 2456 1383 2614 1421; x_wconf 87' lang='lat' dir='ltr'><strong>manu</strong></span> <span class='ocrx_word' id='word_1_321' title='bbox 2648 1378 2705 1421; x_wconf 90' lang='lat' dir='ltr'><strong>ut</strong></span> <span class='ocrx_word' id='word_1_322' title='bbox 2737 1371 2942 1437; x_wconf 87' lang='lat' dir='ltr'><strong>nidum,</strong></span> <span class='ocrx_word' id='word_1_323' title='bbox 2978 1382 3028 1426; x_wconf 86' lang='lat' dir='ltr'><strong>et</strong></span> <span class='ocrx_word' id='word_1_324' title='bbox 3075 1374 3229 1444; x_wconf 84' lang='lat' dir='ltr'><strong>quasi</strong></span> <span class='ocrx_word' id='word_1_325' title='bbox 3279 1374 3554 1444; x_wconf 79' lang='lat' dir='ltr'><strong>confracta</strong></span> <span class='ocrx_word' id='word_1_326' title='bbox 3596 1393 3694 1430; x_wconf 82' lang='lat' dir='ltr'><strong>ova</strong></span> 
     </span>
    </p>
   </div>
   <div class='ocr_carea' id='block_1_42' title="bbox 2113 1454 3696 1535">
    <p class='ocr_par' dir='ltr' id='par_1_42' title="bbox 2113 1454 3696 1535">
     <span class='ocr_line' id='line_1_42' title="bbox 2113 1454 3696 1535; baseline 0.009 -28"><span class='ocrx_word' id='word_1_327' title='bbox 2113 1454 2375 1523; x_wconf 77' lang='lat' dir='ltr'><strong>auferant.</strong></span> <span class='ocrx_word' id='word_1_328' title='bbox 2418 1456 2555 1509; x_wconf 85' lang='lat' dir='ltr'><strong>Ecce</strong></span> <span class='ocrx_word' id='word_1_329' title='bbox 2605 1457 2705 1510; x_wconf 86' lang='lat' dir='ltr'><strong>ista</strong></span> <span class='ocrx_word' id='word_1_330' title='bbox 2750 1465 2835 1514; x_wconf 88' lang='lat' dir='ltr'><strong>est</strong></span> <span class='ocrx_word' id='word_1_331' title='bbox 2873 1464 3121 1517; x_wconf 85' lang='lat' dir='ltr'><strong>extensio</strong></span> <span class='ocrx_word' id='word_1_332' title='bbox 3161 1465 3371 1518; x_wconf 87' lang='lat' dir='ltr'><strong>alarum</strong></span> <span class='ocrx_word' id='word_1_333' title='bbox 3406 1466 3546 1535; x_wconf 87' lang='lat' dir='ltr'><strong>ejus.</strong></span> <span class='ocrx_word' id='word_1_334' title='bbox 3582 1464 3696 1522; x_wconf 78' lang='lat' dir='ltr'><strong>Nec</strong></span> 
     </span>
    </p>
   </div>
   <div class='ocr_carea' id='block_1_43' title="bbox 2115 1546 3695 1624">
    <p class='ocr_par' dir='ltr' id='par_1_43' title="bbox 2115 1546 3695 1624">
     <span class='ocr_line' id='line_1_43' title="bbox 2115 1546 3695 1624; baseline 0.008 -24"><span class='ocrx_word' id='word_1_335' title='bbox 2115 1547 2218 1601; x_wconf 89' lang='lat' dir='ltr'><strong>hoc</strong></span> <span class='ocrx_word' id='word_1_336' title='bbox 2246 1546 2295 1599; x_wconf 91' lang='lat' dir='ltr'><strong>ei</strong></span> <span class='ocrx_word' id='word_1_337' title='bbox 2328 1546 2544 1613; x_wconf 85' lang='lat' dir='ltr'><strong>sul‘licit,</strong></span> <span class='ocrx_word' id='word_1_338' title='bbox 2581 1562 2768 1602; x_wconf 88' lang='lat' dir='ltr'><strong>verum</strong></span> <span class='ocrx_word' id='word_1_339' title='bbox 2803 1553 3078 1620; x_wconf 85' lang='lat' dir='ltr'><strong>unguibus</strong></span> <span class='ocrx_word' id='word_1_340' title='bbox 3107 1556 3300 1624; x_wconf 90' lang='lat' dir='ltr'><strong>plenus</strong></span> <span class='ocrx_word' id='word_1_341' title='bbox 3325 1566 3427 1621; x_wconf 86' lang='lat' dir='ltr'><strong>est,</strong></span> <span class='ocrx_word' id='word_1_342' title='bbox 3464 1567 3517 1613; x_wconf 91' lang='lat' dir='ltr'><strong>et</strong></span> <span class='ocrx_word' id='word_1_343' title='bbox 3553 1559 3695 1613; x_wconf 85' lang='lat' dir='ltr'><strong>mul-</strong></span> 
     </span>
    </p>
   </div>
   <div class='ocr_carea' id='block_1_44' title="bbox 2115 1637 3691 1717">
    <p class='ocr_par' dir='ltr' id='par_1_44' title="bbox 2115 1637 3691 1717">
     <span class='ocr_line' id='line_1_44' title="bbox 2115 1637 3691 1717; baseline 0.01 -26"><span class='ocrx_word' id='word_1_344' title='bbox 2115 1638 2184 1691; x_wconf 86' lang='lat' dir='ltr'><strong>tis</strong></span> <span class='ocrx_word' id='word_1_345' title='bbox 2214 1637 2434 1706; x_wconf 86' lang='lat' dir='ltr'><strong>plumis,</strong></span> <span class='ocrx_word' id='word_1_346' title='bbox 2464 1647 2519 1691; x_wconf 90' lang='lat' dir='ltr'><strong>et</strong></span> <span class='ocrx_word' id='word_1_347' title='bbox 2547 1638 2708 1692; x_wconf 86' lang='lat' dir='ltr'><strong>habet</strong></span> <span class='ocrx_word' id='word_1_348' title='bbox 2749 1640 2969 1696; x_wconf 89' lang='lat' dir='ltr'><strong>ductum</strong></span> <span class='ocrx_word' id='word_1_349' title='bbox 3013 1644 3253 1703; x_wconf 85' lang='lat' dir='ltr'><strong>intrandi</strong></span> <span class='ocrx_word' id='word_1_350' title='bbox 3297 1650 3352 1703; x_wconf 90' lang='lat' dir='ltr'><strong>in</strong></span> <span class='ocrx_word' id='word_1_351' title='bbox 3398 1647 3691 1717; x_wconf 87' lang='lat' dir='ltr'><strong>Libanum,</strong></span> 
     </span>
    </p>
   </div>
   <div class='ocr_carea' id='block_1_45' title="bbox 2115 1728 3693 1811">
    <p class='ocr_par' dir='ltr' id='par_1_45' title="bbox 2115 1728 3693 1811">
     <span class='ocr_line' id='line_1_45' title="bbox 2115 1728 3693 1811; baseline 0.011 -30"><span class='ocrx_word' id='word_1_352' title='bbox 2115 1736 2175 1782; x_wconf 85' lang='lat' dir='ltr'><strong>ut</strong></span> <span class='ocrx_word' id='word_1_353' title='bbox 2200 1728 2346 1781; x_wconf 86' lang='lat' dir='ltr'><strong>cedri</strong></span> <span class='ocrx_word' id='word_1_354' title='bbox 2376 1728 2495 1797; x_wconf 85' lang='lat' dir='ltr'><strong>ejus</strong></span> <span class='ocrx_word' id='word_1_355' title='bbox 2521 1744 2734 1784; x_wconf 90' lang='lat' dir='ltr'><strong>summa</strong></span> <span class='ocrx_word' id='word_1_356' title='bbox 2766 1732 3038 1802; x_wconf 86' lang='lat' dir='ltr'><strong>decerpat.</strong></span> <span class='ocrx_word' id='word_1_357' title='bbox 3067 1735 3319 1801; x_wconf 82' lang='lat' dir='ltr'><strong>Quandiu</strong></span> <span class='ocrx_word' id='word_1_358' title='bbox 3348 1740 3402 1793; x_wconf 90' lang='lat' dir='ltr'><strong>hi</strong></span> <span class='ocrx_word' id='word_1_359' title='bbox 3427 1742 3521 1811; x_wconf 88' lang='lat' dir='ltr'><strong>qui</strong></span> <span class='ocrx_word' id='word_1_360' title='bbox 3543 1757 3693 1797; x_wconf 86' lang='lat' dir='ltr'><strong>com-</strong></span> 
     </span>
    </p>
   </div>
   <div class='ocr_carea' id='block_1_46' title="bbox 2114 1818 3695 1897">
    <p class='ocr_par' dir='ltr' id='par_1_46' title="bbox 2114 1818 3695 1897">
     <span class='ocr_line' id='line_1_46' title="bbox 2114 1818 3695 1897; baseline 0.011 -26"><span class='ocrx_word' id='word_1_361' title='bbox 2114 1818 2472 1872; x_wconf 86' lang='lat' dir='ltr'><strong>morabantur</strong></span> <span class='ocrx_word' id='word_1_362' title='bbox 2518 1820 2571 1874; x_wconf 90' lang='lat' dir='ltr'><strong>in</strong></span> <span class='ocrx_word' id='word_1_363' title='bbox 2623 1818 2835 1876; x_wconf 87' lang='lat' dir='ltr'><strong>Libano</strong></span> <span class='ocrx_word' id='word_1_364' title='bbox 2892 1838 3002 1877; x_wconf 87' lang='lat' dir='ltr'><strong>non</strong></span> <span class='ocrx_word' id='word_1_365' title='bbox 3057 1838 3453 1897; x_wconf 87' lang='lat' dir='ltr'><strong>peccaverunt,</strong></span> <span class='ocrx_word' id='word_1_366' title='bbox 3502 1832 3556 1885; x_wconf 91' lang='lat' dir='ltr'><strong>id</strong></span> <span class='ocrx_word' id='word_1_367' title='bbox 3609 1841 3695 1888; x_wconf 83' lang='lat' dir='ltr'><strong>est</strong></span> 
     </span>
    </p>
   </div>
   <div class='ocr_carea' id='block_1_47' title="bbox 2110 1909 3693 1986">
    <p class='ocr_par' dir='ltr' id='par_1_47' title="bbox 2110 1909 3693 1986">
     <span class='ocr_line' id='line_1_47' title="bbox 2110 1909 3693 1986; baseline 0.008 -21"><span class='ocrx_word' id='word_1_368' title='bbox 2110 1911 2353 1981; x_wconf 89' lang='lat' dir='ltr'><strong>quandiu</strong></span> <span class='ocrx_word' id='word_1_369' title='bbox 2388 1911 2442 1965; x_wconf 93' lang='lat' dir='ltr'><strong>in</strong></span> <span class='ocrx_word' id='word_1_370' title='bbox 2487 1909 2843 1984; x_wconf 78' lang='lat' dir='ltr'><strong>lerosolymis</strong></span> <span class='ocrx_word' id='word_1_371' title='bbox 2888 1916 3072 1986; x_wconf 82' lang='lat' dir='ltr'><strong>positi,</strong></span> <span class='ocrx_word' id='word_1_372' title='bbox 3122 1927 3252 1972; x_wconf 91' lang='lat' dir='ltr'><strong>sunt</strong></span> <span class='ocrx_word' id='word_1_373' title='bbox 3295 1919 3351 1975; x_wconf 90' lang='lat' dir='ltr'><strong>in</strong></span> <span class='ocrx_word' id='word_1_374' title='bbox 3394 1922 3693 1978; x_wconf 79' lang='lat' dir='ltr'><strong>sceleribus</strong></span> 
     </span>
    </p>
   </div>
   <div class='ocr_carea' id='block_1_48' title="bbox 2108 2002 3693 2083">
    <p class='ocr_par' dir='ltr' id='par_1_48' title="bbox 2108 2002 3693 2083">
     <span class='ocr_line' id='line_1_48' title="bbox 2108 2002 3693 2083; baseline 0.006 -26"><span class='ocrx_word' id='word_1_375' title='bbox 2108 2002 2473 2072; x_wconf 78' lang='lat' dir='ltr'><strong>deprehensi,</strong></span> <span class='ocrx_word' id='word_1_376' title='bbox 2527 2019 2636 2057; x_wconf 85' lang='lat' dir='ltr'><strong>non</strong></span> <span class='ocrx_word' id='word_1_377' title='bbox 2699 2006 2908 2076; x_wconf 88' lang='lat' dir='ltr'><strong>accepit</strong></span> <span class='ocrx_word' id='word_1_378' title='bbox 2962 2016 3282 2077; x_wconf 87' lang='lat' dir='ltr'><strong>potestatem</strong></span> <span class='ocrx_word' id='word_1_379' title='bbox 3339 2010 3443 2065; x_wconf 89' lang='lat' dir='ltr'><strong>ista</strong></span> <span class='ocrx_word' id='word_1_380' title='bbox 3497 2028 3693 2083; x_wconf 83' lang='lat' dir='ltr'><strong>magna</strong></span> 
     </span>
    </p>
   </div>
   <div class='ocr_carea' id='block_1_49' title="bbox 2109 2095 3692 2173">
    <p class='ocr_par' dir='ltr' id='par_1_49' title="bbox 2109 2095 3692 2173">
     <span class='ocr_line' id='line_1_49' title="bbox 2109 2095 3692 2173; baseline 0.008 -26"><span class='ocrx_word' id='word_1_381' title='bbox 2109 2095 2290 2165; x_wconf 89' lang='lat' dir='ltr'><strong>aquila</strong></span> <span class='ocrx_word' id='word_1_382' title='bbox 2321 2103 2382 2150; x_wconf 91' lang='lat' dir='ltr'><strong>ut</strong></span> <span class='ocrx_word' id='word_1_383' title='bbox 2414 2096 2792 2164; x_wconf 78' lang='lat' dir='ltr'><strong>ingrederetur</strong></span> <span class='ocrx_word' id='word_1_384' title='bbox 2842 2099 2896 2153; x_wconf 91' lang='lat' dir='ltr'><strong>in</strong></span> <span class='ocrx_word' id='word_1_385' title='bbox 2938 2098 3229 2169; x_wconf 88' lang='lat' dir='ltr'><strong>Libanum,</strong></span> <span class='ocrx_word' id='word_1_386' title='bbox 3264 2117 3441 2173; x_wconf 89' lang='lat' dir='ltr'><strong>neque</strong></span> <span class='ocrx_word' id='word_1_387' title='bbox 3471 2118 3692 2160; x_wconf 84' lang='lat' dir='ltr'><strong>assum-</strong></span> 
     </span>
    </p>
   </div>
   <div class='ocr_carea' id='block_1_50' title="bbox 2108 2186 3692 2269">
    <p class='ocr_par' dir='ltr' id='par_1_50' title="bbox 2108 2186 3692 2269">
     <span class='ocr_line' id='line_1_50' title="bbox 2108 2186 3692 2269; baseline 0.011 -31"><span class='ocrx_word' id='word_1_388' title='bbox 2108 2186 2217 2256; x_wconf 85' lang='lat' dir='ltr'><strong>psit</strong></span> <span class='ocrx_word' id='word_1_389' title='bbox 2245 2187 2348 2241; x_wconf 88' lang='lat' dir='ltr'><strong>sibi</strong></span> <span class='ocrx_word' id='word_1_390' title='bbox 2379 2189 2570 2252; x_wconf 89' lang='lat' dir='ltr'><strong>electa,</strong></span> <span class='ocrx_word' id='word_1_391' title='bbox 2604 2198 2655 2244; x_wconf 92' lang='lat' dir='ltr'><strong>et</strong></span> <span class='ocrx_word' id='word_1_392' title='bbox 2701 2192 2847 2246; x_wconf 90' lang='lat' dir='ltr'><strong>cedri</strong></span> <span class='ocrx_word' id='word_1_393' title='bbox 2881 2207 3065 2249; x_wconf 85' lang='lat' dir='ltr'><strong>semen</strong></span> <span class='ocrx_word' id='word_1_394' title='bbox 3117 2195 3343 2266; x_wconf 89' lang='lat' dir='ltr'><strong>regium,</strong></span> <span class='ocrx_word' id='word_1_395' title='bbox 3393 2206 3448 2253; x_wconf 88' lang='lat' dir='ltr'><strong>et</strong></span> <span class='ocrx_word' id='word_1_396' title='bbox 3489 2200 3692 2269; x_wconf 85' lang='lat' dir='ltr'><strong>princi-</strong></span> 
     </span>
    </p>
   </div>
   <div class='ocr_carea' id='block_1_51' title="bbox 2110 2281 3685 2362">
    <p class='ocr_par' dir='ltr' id='par_1_51' title="bbox 2110 2281 3685 2362">
     <span class='ocr_line' id='line_1_51' title="bbox 2110 2281 3685 2362; baseline 0.01 -30"><span class='ocrx_word' id='word_1_397' title='bbox 2110 2294 2237 2348; x_wconf 91' lang='lat' dir='ltr'><strong>pum</strong></span> <span class='ocrx_word' id='word_1_398' title='bbox 2270 2282 2514 2350; x_wconf 89' lang='lat' dir='ltr'><strong>stirpem.</strong></span> <span class='ocrx_word' id='word_1_399' title='bbox 2569 2281 2673 2337; x_wconf 88' lang='lat' dir='ltr'><strong>lsta</strong></span> <span class='ocrx_word' id='word_1_400' title='bbox 2708 2285 2910 2354; x_wconf 89' lang='lat' dir='ltr'><strong>quippe</strong></span> <span class='ocrx_word' id='word_1_401' title='bbox 2962 2297 3089 2341; x_wconf 88' lang='lat' dir='ltr'><strong>sunt</strong></span> <span class='ocrx_word' id='word_1_402' title='bbox 3135 2291 3513 2346; x_wconf 81' lang='lat' dir='ltr'><strong>teneritudinis</strong></span> <span class='ocrx_word' id='word_1_403' title='bbox 3546 2293 3685 2362; x_wconf 87' lang='lat' dir='ltr'><strong>ejus,</strong></span> 
     </span>
    </p>
   </div>
   <div class='ocr_carea' id='block_1_52' title="bbox 2107 2372 3690 2444">
    <p class='ocr_par' dir='ltr' id='par_1_52' title="bbox 2107 2372 3690 2444">
     <span class='ocr_line' id='line_1_52' title="bbox 2107 2372 3690 2444; baseline 0.011 -21"><span class='ocrx_word' id='word_1_404' title='bbox 2107 2385 2229 2440; x_wconf 79' lang='lat' dir='ltr'><strong>quae</strong></span> <span class='ocrx_word' id='word_1_405' title='bbox 2258 2372 2494 2441; x_wconf 88' lang='lat' dir='ltr'><strong>quodam</strong></span> <span class='ocrx_word' id='word_1_406' title='bbox 2529 2382 2772 2444; x_wconf 88' lang='lat' dir='ltr'><strong>tempore</strong></span> <span class='ocrx_word' id='word_1_407' title='bbox 2805 2391 2914 2430; x_wconf 91' lang='lat' dir='ltr'><strong>non</strong></span> <span class='ocrx_word' id='word_1_408' title='bbox 2946 2376 3173 2433; x_wconf 84' lang='lat' dir='ltr'><strong>fuerunt</strong></span> <span class='ocrx_word' id='word_1_409' title='bbox 3207 2380 3344 2435; x_wconf 88' lang='lat' dir='ltr'><strong>duro</strong></span> <span class='ocrx_word' id='word_1_410' title='bbox 3379 2383 3543 2437; x_wconf 89' lang='lat' dir='ltr'><strong>corde</strong></span> <span class='ocrx_word' id='word_1_411' title='bbox 3571 2401 3585 2438; x_wconf 91' lang='lat'><strong>:</strong></span> <span class='ocrx_word' id='word_1_412' title='bbox 3614 2393 3690 2442; x_wconf 74' lang='lat' dir='ltr'><strong>at-</strong></span> 
     </span>
    </p>
   </div>
   <div class='ocr_carea' id='block_1_53' title="bbox 2109 2465 3685 2536">
    <p class='ocr_par' dir='ltr' id='par_1_53' title="bbox 2109 2465 3685 2536">
     <span class='ocr_line' id='line_1_53' title="bbox 2109 2465 3685 2536; baseline 0.009 -20"><span class='ocrx_word' id='word_1_413' title='bbox 2109 2470 2287 2516; x_wconf 86' lang='lat' dir='ltr'><strong>tamen</strong></span> <span class='ocrx_word' id='word_1_414' title='bbox 2318 2465 2497 2533; x_wconf 88' lang='lat' dir='ltr'><strong>rapuit</strong></span> <span class='ocrx_word' id='word_1_415' title='bbox 2545 2480 2630 2529; x_wconf 88' lang='lat' dir='ltr'><strong>ea,</strong></span> <span class='ocrx_word' id='word_1_416' title='bbox 2675 2467 2803 2535; x_wconf 89' lang='lat' dir='ltr'><strong>quia</strong></span> <span class='ocrx_word' id='word_1_417' title='bbox 2858 2484 3217 2536; x_wconf 88' lang='lat' dir='ltr'><strong>peccaverunt</strong></span> <span class='ocrx_word' id='word_1_418' title='bbox 3267 2473 3321 2525; x_wconf 88' lang='lat' dir='ltr'><strong>in</strong></span> <span class='ocrx_word' id='word_1_419' title='bbox 3371 2473 3685 2532; x_wconf 89' lang='lat' dir='ltr'><strong>Dominum.</strong></span> 
     </span>
    </p>
   </div>
   <div class='ocr_carea' id='block_1_54' title="bbox 2108 2553 3684 2624">
    <p class='ocr_par' dir='ltr' id='par_1_54' title="bbox 2108 2553 3684 2624">
     <span class='ocr_line' id='line_1_54' title="bbox 2108 2553 3684 2624; baseline 0.009 -17"><span class='ocrx_word' id='word_1_420' title='bbox 2108 2553 2304 2623; x_wconf 84' lang='lat' dir='ltr'><strong>Aquila</strong></span> <span class='ocrx_word' id='word_1_421' title='bbox 2350 2554 2454 2611; x_wconf 87' lang='lat' dir='ltr'><strong>ista</strong></span> <span class='ocrx_word' id='word_1_422' title='bbox 2502 2558 2755 2624; x_wconf 79' lang='lat' dir='ltr'><strong>grandis,</strong></span> <span class='ocrx_word' id='word_1_423' title='bbox 2804 2560 2970 2614; x_wconf 83' lang='lat' dir='ltr'><strong>totius</strong></span> <span class='ocrx_word' id='word_1_424' title='bbox 3019 2562 3235 2616; x_wconf 86' lang='lat' dir='ltr'><strong>arboris</strong></span> <span class='ocrx_word' id='word_1_425' title='bbox 3282 2566 3568 2620; x_wconf 88' lang='lat' dir='ltr'><strong>cacumina</strong></span> <span class='ocrx_word' id='word_1_426' title='bbox 3628 2568 3684 2622; x_wconf 88' lang='lat' dir='ltr'><strong>in</strong></span> 
     </span>
    </p>
   </div>
   <div class='ocr_carea' id='block_1_55' title="bbox 2107 2644 3682 2724">
    <p class='ocr_par' dir='ltr' id='par_1_55' title="bbox 2107 2644 3682 2724">
     <span class='ocr_line' id='line_1_55' title="bbox 2107 2644 3682 2724; baseline 0.009 -25"><span class='ocrx_word' id='word_1_427' title='bbox 2107 2644 2368 2701; x_wconf 88' lang='lat' dir='ltr'><strong>Chanaan</strong></span> <span class='ocrx_word' id='word_1_428' title='bbox 2406 2649 2701 2713; x_wconf 79' lang='lat' dir='ltr'><strong>transtulit,</strong></span> <span class='ocrx_word' id='word_1_429' title='bbox 2742 2649 2869 2718; x_wconf 91' lang='lat' dir='ltr'><strong>quia</strong></span> <span class='ocrx_word' id='word_1_430' title='bbox 2912 2650 3210 2719; x_wconf 77' lang='lat' dir='ltr'><strong>ﬁguraliter</strong></span> <span class='ocrx_word' id='word_1_431' title='bbox 3258 2652 3682 2724; x_wconf 82' lang='lat' dir='ltr'><strong>Babyloniorum</strong></span> 
     </span>
    </p>
   </div>
   <div class='ocr_carea' id='block_1_56' title="bbox 2109 2739 3679 2817">
    <p class='ocr_par' dir='ltr' id='par_1_56' title="bbox 2109 2739 3679 2817">
     <span class='ocr_line' id='line_1_56' title="bbox 2109 2739 3679 2817; baseline 0.008 -24"><span class='ocrx_word' id='word_1_432' title='bbox 2109 2747 2250 2793; x_wconf 88' lang='lat' dir='ltr'><strong>terra</strong></span> <span class='ocrx_word' id='word_1_433' title='bbox 2282 2739 2554 2794; x_wconf 84' lang='lat' dir='ltr'><strong>maledicti</strong></span> <span class='ocrx_word' id='word_1_434' title='bbox 2582 2740 2839 2795; x_wconf 88' lang='lat' dir='ltr'><strong>Chanaan</strong></span> <span class='ocrx_word' id='word_1_435' title='bbox 2873 2741 3093 2808; x_wconf 86' lang='lat' dir='ltr'><strong>dicitur,</strong></span> <span class='ocrx_word' id='word_1_436' title='bbox 3121 2744 3190 2799; x_wconf 86' lang='lat' dir='ltr'><strong>de</strong></span> <span class='ocrx_word' id='word_1_437' title='bbox 3217 2761 3328 2817; x_wconf 91' lang='lat' dir='ltr'><strong>quo</strong></span> <span class='ocrx_word' id='word_1_438' title='bbox 3358 2748 3432 2801; x_wconf 90' lang='lat' dir='ltr'><strong>ait</strong></span> <span class='ocrx_word' id='word_1_439' title='bbox 3460 2746 3573 2802; x_wconf 84' lang='lat' dir='ltr'><strong>Noe</strong></span> <span class='ocrx_word' id='word_1_440' title='bbox 3587 2749 3634 2782; x_wconf 83' lang='lat'>”</span> <span class='ocrx_word' id='word_1_441' title='bbox 3663 2768 3679 2805; x_wconf 89' lang='lat'><strong>:</strong></span> 
     </span>
    </p>
   </div>
   <div class='ocr_carea' id='block_1_57' title="bbox 2108 2825 3682 2905">
    <p class='ocr_par' dir='ltr' id='par_1_57' title="bbox 2108 2825 3682 2905">
     <span class='ocr_line' id='line_1_57' title="bbox 2108 2825 3682 2905; baseline 0.007 -24"><span class='ocrx_word' id='word_1_442' title='bbox 2108 2825 2428 2881; x_wconf 80' lang='lat' dir='ltr'><strong>Maledictus</strong></span> <span class='ocrx_word' id='word_1_443' title='bbox 2470 2843 2599 2895; x_wconf 83' lang='lat' dir='ltr'><strong>puer</strong></span> <span class='ocrx_word' id='word_1_444' title='bbox 2646 2826 2933 2897; x_wconf 78' lang='lat' dir='ltr'><strong>Chanaan,</strong></span> <span class='ocrx_word' id='word_1_445' title='bbox 2980 2831 3219 2900; x_wconf 85' lang='lat' dir='ltr'><strong>famulus</strong></span> <span class='ocrx_word' id='word_1_446' title='bbox 3265 2836 3367 2888; x_wconf 84' lang='lat' dir='ltr'><strong>erit</strong></span> <span class='ocrx_word' id='word_1_447' title='bbox 3421 2835 3682 2905; x_wconf 76' lang='lat' dir='ltr'><strong>fratribus</strong></span> 
     </span>
    </p>
   </div>
   <div class='ocr_carea' id='block_1_58' title="bbox 2106 2919 3685 3000">
    <p class='ocr_par' dir='ltr' id='par_1_58' title="bbox 2106 2919 3685 3000">
     <span class='ocr_line' id='line_1_58' title="bbox 2106 2919 3685 3000; baseline 0.007 -24"><span class='ocrx_word' id='word_1_448' title='bbox 2106 2922 2238 2977; x_wconf 86' lang='lat' dir='ltr'><strong>suis.</strong></span> <span class='ocrx_word' id='word_1_449' title='bbox 2273 2919 2329 2974; x_wconf 87' lang='lat' dir='ltr'><strong>In</strong></span> <span class='ocrx_word' id='word_1_450' title='bbox 2356 2919 2574 2975; x_wconf 80' lang='lat' dir='ltr'><strong>civitate</strong></span> <span class='ocrx_word' id='word_1_451' title='bbox 2604 2935 2823 2990; x_wconf 91' lang='lat' dir='ltr'><strong>quoque</strong></span> <span class='ocrx_word' id='word_1_452' title='bbox 2846 2924 3273 2989; x_wconf 80' lang='lat' dir='ltr'><strong>negotiatorum,</strong></span> <span class='ocrx_word' id='word_1_453' title='bbox 3305 2926 3418 2982; x_wconf 88' lang='lat' dir='ltr'><strong>sive</strong></span> <span class='ocrx_word' id='word_1_454' title='bbox 3445 2933 3685 3000; x_wconf 81' lang='lat' dir='ltr'><strong>negotia-</strong></span> 
     </span>
    </p>
   </div>
   <div class='ocr_carea' id='block_1_59' title="bbox 2107 3010 3686 3089">
    <p class='ocr_par' dir='ltr' id='par_1_59' title="bbox 2107 3010 3686 3089">
     <span class='ocr_line' id='line_1_59' title="bbox 2107 3010 3686 3089; baseline 0.007 -20"><span class='ocrx_word' id='word_1_455' title='bbox 2107 3014 2264 3080; x_wconf 90' lang='lat' dir='ltr'><strong>trice,</strong></span> <span class='ocrx_word' id='word_1_456' title='bbox 2295 3013 2409 3068; x_wconf 89' lang='lat' dir='ltr'><strong>sive</strong></span> <span class='ocrx_word' id='word_1_457' title='bbox 2445 3010 2913 3078; x_wconf 86' lang='lat' dir='ltr'><strong>transferentium,</strong></span> <span class='ocrx_word' id='word_1_458' title='bbox 2941 3022 3037 3068; x_wconf 90' lang='lat' dir='ltr'><strong>aut</strong></span> <span class='ocrx_word' id='word_1_459' title='bbox 3060 3025 3205 3070; x_wconf 89' lang='lat' dir='ltr'><strong>certe</strong></span> <span class='ocrx_word' id='word_1_460' title='bbox 3233 3025 3467 3083; x_wconf 83' lang='lat' dir='ltr'><strong>murata,</strong></span> <span class='ocrx_word' id='word_1_461' title='bbox 3503 3025 3686 3089; x_wconf 79' lang='lat' dir='ltr'><strong>posuit</strong></span> 
     </span>
    </p>
   </div>
   <div class='ocr_carea' id='block_1_60' title="bbox 2110 3102 3683 3178">
    <p class='ocr_par' dir='ltr' id='par_1_60' title="bbox 2110 3102 3683 3178">
     <span class='ocr_line' id='line_1_60' title="bbox 2110 3102 3683 3178; baseline 0.007 -20"><span class='ocrx_word' id='word_1_462' title='bbox 2110 3105 2216 3158; x_wconf 92' lang='lat' dir='ltr'><strong>hoc</strong></span> <span class='ocrx_word' id='word_1_463' title='bbox 2243 3103 2387 3173; x_wconf 90' lang='lat' dir='ltr'><strong>quod</strong></span> <span class='ocrx_word' id='word_1_464' title='bbox 2417 3103 2484 3157; x_wconf 90' lang='lat' dir='ltr'><strong>de</strong></span> <span class='ocrx_word' id='word_1_465' title='bbox 2509 3102 2673 3157; x_wconf 89' lang='lat' dir='ltr'><strong>cedro</strong></span> <span class='ocrx_word' id='word_1_466' title='bbox 2695 3104 3013 3170; x_wconf 87' lang='lat' dir='ltr'><strong>abstulerat,</strong></span> <span class='ocrx_word' id='word_1_467' title='bbox 3042 3116 3097 3159; x_wconf 92' lang='lat' dir='ltr'><strong>et</strong></span> <span class='ocrx_word' id='word_1_468' title='bbox 3122 3110 3331 3178; x_wconf 89' lang='lat' dir='ltr'><strong>accepit</strong></span> <span class='ocrx_word' id='word_1_469' title='bbox 3362 3109 3466 3165; x_wconf 86' lang='lat' dir='ltr'><strong>sibi</strong></span> <span class='ocrx_word' id='word_1_470' title='bbox 3502 3113 3568 3167; x_wconf 91' lang='lat' dir='ltr'><strong>de</strong></span> <span class='ocrx_word' id='word_1_471' title='bbox 3594 3129 3683 3169; x_wconf 87' lang='lat' dir='ltr'><strong>se-</strong></span> 
     </span>
    </p>
   </div>
   <div class='ocr_carea' id='block_1_61' title="bbox 431 3192 3681 3273">
    <p class='ocr_par' dir='ltr' id='par_1_61' title="bbox 431 3192 3681 3273">
     <span class='ocr_line' id='line_1_61' title="bbox 431 3192 3681 3273; baseline 0.004 -27"><span class='ocrx_word' id='word_1_472' title='bbox 431 3192 646 3247; x_wconf 86' lang='lat' dir='ltr'><strong>dicatur</strong></span> <span class='ocrx_word' id='word_1_473' title='bbox 671 3211 686 3247; x_wconf 91' lang='lat'><strong>:</strong></span> <span class='ocrx_word' id='word_1_474' title='bbox 720 3194 868 3248; x_wconf 91' lang='lat' dir='ltr'><strong>novit</strong></span> <span class='ocrx_word' id='word_1_475' title='bbox 891 3193 1154 3248; x_wconf 89' lang='lat' dir='ltr'><strong>mundum</strong></span> <span class='ocrx_word' id='word_1_476' title='bbox 1187 3195 1423 3261; x_wconf 89' lang='lat' dir='ltr'><strong>leonem,</strong></span> <span class='ocrx_word' id='word_1_477' title='bbox 1446 3198 1708 3253; x_wconf 85' lang='lat' dir='ltr'><strong>mundam</strong></span> <span class='ocrx_word' id='word_1_478' title='bbox 1744 3208 1799 3256; x_wconf 80' lang='lat' dir='ltr'><strong>et</strong></span> <span class='ocrx_word' id='word_1_479' title='bbox 1846 3204 2003 3273; x_wconf 63' lang='grc' dir='ltr'><strong>ηυξ-</strong></span> <span class='ocrx_word' id='word_1_480' title='bbox 2027 3207 2072 3266; x_wconf 73' lang='grc' dir='ltr'>ο</span> <span class='ocrx_word' id='word_1_481' title='bbox 2106 3194 2254 3249; x_wconf 91' lang='lat' dir='ltr'><strong>mine</strong></span> <span class='ocrx_word' id='word_1_482' title='bbox 2283 3201 2461 3258; x_wconf 79' lang='lat' dir='ltr'><strong>terrae,</strong></span> <span class='ocrx_word' id='word_1_483' title='bbox 2487 3193 2601 3262; x_wconf 90' lang='lat' dir='ltr'><strong>jam</strong></span> <span class='ocrx_word' id='word_1_484' title='bbox 2633 3209 2744 3247; x_wconf 88' lang='lat' dir='ltr'><strong>non</strong></span> <span class='ocrx_word' id='word_1_485' title='bbox 2770 3193 2836 3248; x_wconf 90' lang='lat' dir='ltr'><strong>de</strong></span> <span class='ocrx_word' id='word_1_486' title='bbox 2865 3194 3151 3252; x_wconf 87' lang='lat' dir='ltr'><strong>altioribus</strong></span> <span class='ocrx_word' id='word_1_487' title='bbox 3178 3201 3377 3266; x_wconf 87' lang='lat' dir='ltr'><strong>solum,</strong></span> <span class='ocrx_word' id='word_1_488' title='bbox 3401 3202 3493 3256; x_wconf 84' lang='lat' dir='ltr'><strong>sed</strong></span> <span class='ocrx_word' id='word_1_489' title='bbox 3518 3205 3681 3260; x_wconf 85' lang='lat' dir='ltr'><strong>etiam</strong></span> 
     </span>
    </p>
   </div>
   <div class='ocr_carea' id='block_1_62' title="bbox 428 3283 1999 3359">
    <p class='ocr_par' dir='ltr' id='par_1_62' title="bbox 428 3283 1999 3359">
     <span class='ocr_line' id='line_1_62' title="bbox 428 3283 1999 3359; baseline 0.007 -22"><span class='ocrx_word' id='word_1_490' title='bbox 428 3283 557 3351; x_wconf 89' lang='lat' dir='ltr'><strong>lam,</strong></span> <span class='ocrx_word' id='word_1_491' title='bbox 589 3299 713 3355; x_wconf 67' lang='lat' dir='ltr'><strong>quae</strong></span> <span class='ocrx_word' id='word_1_492' title='bbox 762 3292 1113 3354; x_wconf 88' lang='lat' dir='ltr'><strong>nuncupatur</strong></span> <span class='ocrx_word' id='word_1_493' title='bbox 1159 3285 1488 3342; x_wconf 87' lang='lat' dir='ltr'><strong>immunda:</strong></span> <span class='ocrx_word' id='word_1_494' title='bbox 1541 3286 1721 3359; x_wconf 80' lang='lat' dir='ltr'><strong>Lupus</strong></span> <span class='ocrx_word' id='word_1_495' title='bbox 1767 3292 1906 3346; x_wconf 88' lang='lat' dir='ltr'><strong>enim</strong></span> <span class='ocrx_word' id='word_1_496' title='bbox 1948 3302 1999 3349; x_wconf 85' lang='lat' dir='ltr'><strong>et</strong></span> 
     </span>
    </p>
   </div>
   <div class='ocr_carea' id='block_1_63' title="bbox 428 3375 2000 3451">
    <p class='ocr_par' dir='ltr' id='par_1_63' title="bbox 428 3375 2000 3451">
     <span class='ocr_line' id='line_1_63' title="bbox 428 3375 2000 3451; baseline 0.01 -25"><span class='ocrx_word' id='word_1_497' title='bbox 428 3376 867 3444; x_wconf 74' lang='lat' dir='ltr'><strong>agnipascentur</strong></span> <span class='ocrx_word' id='word_1_498' title='bbox 888 3375 1046 3429; x_wconf 83' lang='lat' dir='ltr'><strong>simul</strong></span> <span class='ocrx_word' id='word_1_499' title='bbox 1069 3376 1135 3431; x_wconf 77' lang='grc'><strong>⁸⁸.</strong></span> <span class='ocrx_word' id='word_1_500' title='bbox 1200 3375 1387 3447; x_wconf 89' lang='lat' dir='ltr'><strong>Lupus</strong></span> <span class='ocrx_word' id='word_1_501' title='bbox 1418 3379 1566 3433; x_wconf 90' lang='lat' dir='ltr'><strong>enim</strong></span> <span class='ocrx_word' id='word_1_502' title='bbox 1605 3381 1701 3451; x_wconf 92' lang='lat' dir='ltr'><strong>qui</strong></span> <span class='ocrx_word' id='word_1_503' title='bbox 1747 3397 1872 3437; x_wconf 90' lang='lat' dir='ltr'><strong>cum</strong></span> <span class='ocrx_word' id='word_1_504' title='bbox 1898 3398 2000 3441; x_wconf 88' lang='lat' dir='ltr'><strong>ove</strong></span> 
     </span>
    </p>
   </div>
   <div class='ocr_carea' id='block_1_64' title="bbox 425 3468 1996 3537">
    <p class='ocr_par' dir='ltr' id='par_1_64' title="bbox 425 3468 1996 3537">
     <span class='ocr_line' id='line_1_64' title="bbox 425 3468 1996 3537; baseline 0.006 -15"><span class='ocrx_word' id='word_1_505' title='bbox 425 3468 685 3523; x_wconf 79' lang='lat' dir='ltr'><strong>innoxius</strong></span> <span class='ocrx_word' id='word_1_506' title='bbox 724 3468 987 3537; x_wconf 90' lang='lat' dir='ltr'><strong>pascitur,</strong></span> <span class='ocrx_word' id='word_1_507' title='bbox 1022 3482 1134 3523; x_wconf 91' lang='lat' dir='ltr'><strong>non</strong></span> <span class='ocrx_word' id='word_1_508' title='bbox 1164 3478 1248 3523; x_wconf 89' lang='lat' dir='ltr'><strong>est</strong></span> <span class='ocrx_word' id='word_1_509' title='bbox 1279 3470 1422 3524; x_wconf 89' lang='lat' dir='ltr'><strong>ultra</strong></span> <span class='ocrx_word' id='word_1_510' title='bbox 1452 3470 1847 3530; x_wconf 90' lang='lat' dir='ltr'><strong>observandus.</strong></span> <span class='ocrx_word' id='word_1_511' title='bbox 1877 3474 1996 3531; x_wconf 88' lang='lat' dir='ltr'><strong>Non</strong></span> 
     </span>
    </p>
   </div>
   <div class='ocr_carea' id='block_1_65' title="bbox 424 3559 1998 3634">
    <p class='ocr_par' dir='ltr' id='par_1_65' title="bbox 424 3559 1998 3634">
     <span class='ocr_line' id='line_1_65' title="bbox 424 3559 1998 3634; baseline 0.006 -23"><span class='ocrx_word' id='word_1_512' title='bbox 424 3559 777 3614; x_wconf 87' lang='lat' dir='ltr'><strong>mibidicitur</strong></span> <span class='ocrx_word' id='word_1_513' title='bbox 810 3560 879 3615; x_wconf 81' lang='lat' dir='ltr'><strong>de</strong></span> <span class='ocrx_word' id='word_1_514' title='bbox 909 3560 1004 3614; x_wconf 89' lang='lat' dir='ltr'><strong>tali</strong></span> <span class='ocrx_word' id='word_1_515' title='bbox 1034 3560 1163 3630; x_wconf 91' lang='lat' dir='ltr'><strong>lupo</strong></span> <span class='ocrx_word' id='word_1_516' title='bbox 1189 3560 1234 3593; x_wconf 74' lang='grc' dir='ltr'><strong><em>ὀ</em></strong></span> <span class='ocrx_word' id='word_1_517' title='bbox 1274 3577 1288 3614; x_wconf 90' lang='lat'><strong>:</strong></span> <span class='ocrx_word' id='word_1_518' title='bbox 1317 3560 1584 3616; x_wconf 79' lang='lat' dir='ltr'><strong>Attendite</strong></span> <span class='ocrx_word' id='word_1_519' title='bbox 1609 3564 1673 3617; x_wconf 82' lang='lat' dir='ltr'><strong>ab</strong></span> <span class='ocrx_word' id='word_1_520' title='bbox 1697 3564 1773 3618; x_wconf 84' lang='lat' dir='ltr'><strong>eis</strong></span> <span class='ocrx_word' id='word_1_521' title='bbox 1800 3566 1893 3634; x_wconf 81' lang='lat' dir='ltr'><strong>qui</strong></span> <span class='ocrx_word' id='word_1_522' title='bbox 1912 3581 1998 3620; x_wconf 78' lang='lat' dir='ltr'><strong>ve-</strong></span> 
     </span>
    </p>
   </div>
   <div class='ocr_carea' id='block_1_66' title="bbox 424 3652 2000 3727">
    <p class='ocr_par' dir='ltr' id='par_1_66' title="bbox 424 3652 2000 3727">
     <span class='ocr_line' id='line_1_66' title="bbox 424 3652 2000 3727; baseline 0.004 -23"><span class='ocrx_word' id='word_1_523' title='bbox 424 3653 573 3705; x_wconf 82' lang='lat' dir='ltr'><strong>niunt</strong></span> <span class='ocrx_word' id='word_1_524' title='bbox 600 3652 669 3706; x_wconf 86' lang='lat' dir='ltr'><strong>ad</strong></span> <span class='ocrx_word' id='word_1_525' title='bbox 707 3668 795 3706; x_wconf 80' lang='lat' dir='ltr'><strong>vos</strong></span> <span class='ocrx_word' id='word_1_526' title='bbox 821 3653 878 3706; x_wconf 89' lang='lat' dir='ltr'><strong>in</strong></span> <span class='ocrx_word' id='word_1_527' title='bbox 905 3655 1093 3707; x_wconf 79' lang='lat' dir='ltr'><strong>vestitu</strong></span> <span class='ocrx_word' id='word_1_528' title='bbox 1121 3656 1295 3706; x_wconf 80' lang='lat' dir='ltr'><strong>ouium</strong></span> <span class='ocrx_word' id='word_1_529' title='bbox 1319 3692 1334 3717; x_wconf 93' lang='lat'><strong>,</strong></span> <span class='ocrx_word' id='word_1_530' title='bbox 1356 3653 1500 3707; x_wconf 88' lang='lat' dir='ltr'><strong>intus</strong></span> <span class='ocrx_word' id='word_1_531' title='bbox 1523 3664 1706 3708; x_wconf 86' lang='lat' dir='ltr'><strong>autem.</strong></span> <span class='ocrx_word' id='word_1_532' title='bbox 1727 3670 1849 3712; x_wconf 83' lang='lat' dir='ltr'><strong>sunt</strong></span> <span class='ocrx_word' id='word_1_533' title='bbox 1886 3658 2000 3727; x_wconf 84' lang='lat' dir='ltr'><strong>lupi</strong></span> 
     </span>
    </p>
   </div>
   <div class='ocr_carea' id='block_1_67' title="bbox 423 3742 1996 3814">
    <p class='ocr_par' dir='ltr' id='par_1_67' title="bbox 423 3742 1996 3814">
     <span class='ocr_line' id='line_1_67' title="bbox 423 3742 1996 3814; baseline 0.002 -16"><span class='ocrx_word' id='word_1_534' title='bbox 423 3760 664 3814; x_wconf 83' lang='lat' dir='ltr'><strong>rapaces.</strong></span> <span class='ocrx_word' id='word_1_535' title='bbox 692 3742 981 3814; x_wconf 88' lang='lat' dir='ltr'><strong>Signanter</strong></span> <span class='ocrx_word' id='word_1_536' title='bbox 1009 3746 1223 3799; x_wconf 87' lang='lat' dir='ltr'><strong>locutus</strong></span> <span class='ocrx_word' id='word_1_537' title='bbox 1253 3751 1354 3805; x_wconf 92' lang='lat' dir='ltr'><strong>est,</strong></span> <span class='ocrx_word' id='word_1_538' title='bbox 1383 3744 1569 3799; x_wconf 92' lang='lat' dir='ltr'><strong>dicens</strong></span> <span class='ocrx_word' id='word_1_539' title='bbox 1600 3762 1615 3798; x_wconf 89' lang='lat'><strong>:</strong></span> <span class='ocrx_word' id='word_1_540' title='bbox 1650 3743 1804 3799; x_wconf 84' lang='lat' dir='ltr'><strong>Intus</strong></span> <span class='ocrx_word' id='word_1_541' title='bbox 1820 3756 1996 3801; x_wconf 86' lang='lat' dir='ltr'><strong>autem</strong></span> 
     </span>
    </p>
   </div>
   <div class='ocr_carea' id='block_1_68' title="bbox 422 3833 1995 3907">
    <p class='ocr_par' dir='ltr' id='par_1_68' title="bbox 422 3833 1995 3907">
     <span class='ocr_line' id='line_1_68' title="bbox 422 3833 1995 3907; baseline 0.003 -18"><span class='ocrx_word' id='word_1_542' title='bbox 422 3844 545 3889; x_wconf 77' lang='lat' dir='ltr'><strong>sunt</strong></span> <span class='ocrx_word' id='word_1_543' title='bbox 577 3835 689 3904; x_wconf 88' lang='lat' dir='ltr'><strong>lupi</strong></span> <span class='ocrx_word' id='word_1_544' title='bbox 719 3851 957 3904; x_wconf 86' lang='lat' dir='ltr'><strong>rapaces.</strong></span> <span class='ocrx_word' id='word_1_545' title='bbox 1016 3833 1158 3889; x_wconf 90' lang='lat' dir='ltr'><strong>Sunt</strong></span> <span class='ocrx_word' id='word_1_546' title='bbox 1192 3835 1398 3907; x_wconf 80' lang='lat' dir='ltr'><strong>quippe</strong></span> <span class='ocrx_word' id='word_1_547' title='bbox 1418 3835 1512 3889; x_wconf 88' lang='lat' dir='ltr'><strong>alii</strong></span> <span class='ocrx_word' id='word_1_548' title='bbox 1557 3850 1665 3889; x_wconf 92' lang='lat' dir='ltr'><strong>non</strong></span> <span class='ocrx_word' id='word_1_549' title='bbox 1730 3852 1952 3906; x_wconf 87' lang='lat' dir='ltr'><strong>rapaces</strong></span> <span class='ocrx_word' id='word_1_550' title='bbox 1979 3880 1995 3904; x_wconf 90' lang='lat'><strong>,</strong></span> 
     </span>
    </p>
   </div>
   <div class='ocr_carea' id='block_1_69' title="bbox 422 3926 1997 3997">
    <p class='ocr_par' dir='ltr' id='par_1_69' title="bbox 422 3926 1997 3997">
     <span class='ocr_line' id='line_1_69' title="bbox 422 3926 1997 3997; baseline 0.002 -17"><span class='ocrx_word' id='word_1_551' title='bbox 422 3926 642 3996; x_wconf 90' lang='lat' dir='ltr'><strong>quando</strong></span> <span class='ocrx_word' id='word_1_552' title='bbox 661 3926 774 3997; x_wconf 89' lang='lat' dir='ltr'><strong>lupi</strong></span> <span class='ocrx_word' id='word_1_553' title='bbox 795 3934 851 3982; x_wconf 91' lang='lat' dir='ltr'><strong>et</strong></span> <span class='ocrx_word' id='word_1_554' title='bbox 872 3927 997 3997; x_wconf 90' lang='lat' dir='ltr'><strong>agni</strong></span> <span class='ocrx_word' id='word_1_555' title='bbox 1015 3935 1306 3996; x_wconf 88' lang='lat' dir='ltr'><strong>pascentur</strong></span> <span class='ocrx_word' id='word_1_556' title='bbox 1333 3926 1535 3990; x_wconf 90' lang='lat' dir='ltr'><strong>simul,</strong></span> <span class='ocrx_word' id='word_1_557' title='bbox 1586 3938 1641 3981; x_wconf 89' lang='lat' dir='ltr'><strong>et</strong></span> <span class='ocrx_word' id='word_1_558' title='bbox 1684 3928 1909 3996; x_wconf 87' lang='lat' dir='ltr'><strong>vitulus,</strong></span> <span class='ocrx_word' id='word_1_559' title='bbox 1944 3940 1997 3984; x_wconf 89' lang='lat' dir='ltr'><strong>et</strong></span> 
     </span>
    </p>
   </div>
   <div class='ocr_carea' id='block_1_70' title="bbox 424 4017 1994 4089">
    <p class='ocr_par' dir='ltr' id='par_1_70' title="bbox 424 4017 1994 4089">
     <span class='ocr_line' id='line_1_70' title="bbox 424 4017 1994 4089; baseline 0.001 -16"><span class='ocrx_word' id='word_1_560' title='bbox 424 4028 633 4086; x_wconf 86' lang='lat' dir='ltr'><strong>taurus,</strong></span> <span class='ocrx_word' id='word_1_561' title='bbox 663 4028 718 4074; x_wconf 88' lang='lat' dir='ltr'><strong>et</strong></span> <span class='ocrx_word' id='word_1_562' title='bbox 749 4019 833 4074; x_wconf 90' lang='lat' dir='ltr'><strong>leo</strong></span> <span class='ocrx_word' id='word_1_563' title='bbox 865 4018 1264 4089; x_wconf 90' lang='lat' dir='ltr'><strong>pariteredent.</strong></span> <span class='ocrx_word' id='word_1_564' title='bbox 1298 4017 1437 4072; x_wconf 89' lang='lat' dir='ltr'><strong>Cum</strong></span> <span class='ocrx_word' id='word_1_565' title='bbox 1476 4028 1657 4073; x_wconf 81' lang='lat' dir='ltr'><strong>autem</strong></span> <span class='ocrx_word' id='word_1_566' title='bbox 1689 4018 1853 4075; x_wconf 86' lang='lat' dir='ltr'><strong>fuerit</strong></span> <span class='ocrx_word' id='word_1_567' title='bbox 1886 4032 1994 4076; x_wconf 89' lang='lat' dir='ltr'><strong>tam</strong></span> 
     </span>
    </p>
   </div>
   <div class='ocr_carea' id='block_1_71' title="bbox 423 4106 1994 4167">
    <p class='ocr_par' dir='ltr' id='par_1_71' title="bbox 423 4106 1994 4167">
     <span class='ocr_line' id='line_1_71' title="bbox 423 4106 1994 4167; baseline 0.001 -2"><span class='ocrx_word' id='word_1_568' title='bbox 423 4110 760 4165; x_wconf 87' lang='lat' dir='ltr'><strong>diversarum</strong></span> <span class='ocrx_word' id='word_1_569' title='bbox 784 4109 925 4162; x_wconf 89' lang='lat' dir='ltr'><strong>inter</strong></span> <span class='ocrx_word' id='word_1_570' title='bbox 946 4122 1006 4163; x_wconf 92' lang='lat' dir='ltr'><strong>se</strong></span> <span class='ocrx_word' id='word_1_571' title='bbox 1031 4117 1356 4161; x_wconf 88' lang='lat' dir='ltr'><strong>naturarum</strong></span> <span class='ocrx_word' id='word_1_572' title='bbox 1390 4106 1445 4161; x_wconf 90' lang='lat' dir='ltr'><strong>in</strong></span> <span class='ocrx_word' id='word_1_573' title='bbox 1472 4106 1577 4164; x_wconf 84' lang='lat' dir='ltr'><strong>llde</strong></span> <span class='ocrx_word' id='word_1_574' title='bbox 1607 4107 1813 4165; x_wconf 88' lang='lat' dir='ltr'><strong>Christi</strong></span> <span class='ocrx_word' id='word_1_575' title='bbox 1853 4110 1994 4167; x_wconf 89' lang='lat' dir='ltr'><strong>facta</strong></span> 
     </span>
    </p>
   </div>
   <div class='ocr_carea' id='block_1_72' title="bbox 424 4197 1996 4268">
    <p class='ocr_par' dir='ltr' id='par_1_72' title="bbox 424 4197 1996 4268">
     <span class='ocr_line' id='line_1_72' title="bbox 424 4197 1996 4268; baseline 0.001 -13"><span class='ocrx_word' id='word_1_576' title='bbox 424 4200 655 4256; x_wconf 89' lang='lat' dir='ltr'><strong>sociatio</strong></span> <span class='ocrx_word' id='word_1_577' title='bbox 679 4242 695 4266; x_wconf 91' lang='lat'><strong>,</strong></span> <span class='ocrx_word' id='word_1_578' title='bbox 720 4201 805 4254; x_wconf 92' lang='lat' dir='ltr'><strong>leo</strong></span> <span class='ocrx_word' id='word_1_579' title='bbox 831 4215 941 4253; x_wconf 90' lang='lat' dir='ltr'><strong>non</strong></span> <span class='ocrx_word' id='word_1_580' title='bbox 964 4198 1068 4252; x_wconf 88' lang='lat' dir='ltr'><strong>erit</strong></span> <span class='ocrx_word' id='word_1_581' title='bbox 1090 4197 1205 4268; x_wconf 87' lang='lat' dir='ltr'><strong>jam</strong></span> <span class='ocrx_word' id='word_1_582' title='bbox 1231 4199 1565 4265; x_wconf 89' lang='lat' dir='ltr'><strong>immundus,</strong></span> <span class='ocrx_word' id='word_1_583' title='bbox 1594 4214 1782 4254; x_wconf 85' lang='lat' dir='ltr'><strong>verum</strong></span> <span class='ocrx_word' id='word_1_584' title='bbox 1813 4198 1996 4256; x_wconf 82' lang='lat' dir='ltr'><strong>ferita-</strong></span> 
     </span>
    </p>
   </div>
   <div class='ocr_carea' id='block_1_73' title="bbox 425 4287 1996 4362">
    <p class='ocr_par' dir='ltr' id='par_1_73' title="bbox 425 4287 1996 4362">
     <span class='ocr_line' id='line_1_73' title="bbox 425 4287 1996 4362; baseline 0.001 -18"><span class='ocrx_word' id='word_1_585' title='bbox 425 4291 494 4344; x_wconf 83' lang='lat' dir='ltr'><strong>tis</strong></span> <span class='ocrx_word' id='word_1_586' title='bbox 516 4306 629 4345; x_wconf 68' lang='lat' dir='ltr'><strong>suae</strong></span> <span class='ocrx_word' id='word_1_587' title='bbox 649 4290 1017 4355; x_wconf 89' lang='lat' dir='ltr'><strong>obliviscetur,</strong></span> <span class='ocrx_word' id='word_1_588' title='bbox 1037 4296 1090 4343; x_wconf 89' lang='lat' dir='ltr'><strong>et</strong></span> <span class='ocrx_word' id='word_1_589' title='bbox 1108 4287 1361 4343; x_wconf 87' lang='lat' dir='ltr'><strong>universa</strong></span> <span class='ocrx_word' id='word_1_590' title='bbox 1387 4289 1643 4343; x_wconf 88' lang='lat' dir='ltr'><strong>animalia</strong></span> <span class='ocrx_word' id='word_1_591' title='bbox 1664 4304 1785 4359; x_wconf 72' lang='lat' dir='ltr'><strong>qua:</strong></span> <span class='ocrx_word' id='word_1_592' title='bbox 1804 4290 1859 4344; x_wconf 92' lang='lat' dir='ltr'><strong>in</strong></span> <span class='ocrx_word' id='word_1_593' title='bbox 1881 4292 1996 4362; x_wconf 88' lang='lat' dir='ltr'><strong>lege</strong></span> 
     </span>
    </p>
   </div>
   <div class='ocr_carea' id='block_1_74' title="bbox 428 4379 1997 4451">
    <p class='ocr_par' dir='ltr' id='par_1_74' title="bbox 428 4379 1997 4451">
     <span class='ocr_line' id='line_1_74' title="bbox 428 4379 1997 4451; baseline 0.001 -15"><span class='ocrx_word' id='word_1_594' title='bbox 428 4382 520 4439; x_wconf 89' lang='lat' dir='ltr'><strong>Dei</strong></span> <span class='ocrx_word' id='word_1_595' title='bbox 544 4384 802 4439; x_wconf 91' lang='lat' dir='ltr'><strong>dicuntur</strong></span> <span class='ocrx_word' id='word_1_596' title='bbox 819 4380 1120 4444; x_wconf 86' lang='lat' dir='ltr'><strong>immunda,</strong></span> <span class='ocrx_word' id='word_1_597' title='bbox 1144 4379 1468 4435; x_wconf 89' lang='lat' dir='ltr'><strong>conditionis</strong></span> <span class='ocrx_word' id='word_1_598' title='bbox 1480 4380 1715 4451; x_wconf 84' lang='lat' dir='ltr'><strong>antiquae</strong></span> <span class='ocrx_word' id='word_1_599' title='bbox 1733 4381 1997 4451; x_wconf 73' lang='lat' dir='ltr'><strong>recipient</strong></span> 
     </span>
    </p>
   </div>
   <div class='ocr_carea' id='block_1_75' title="bbox 422 4470 1991 4545">
    <p class='ocr_par' dir='ltr' id='par_1_75' title="bbox 422 4470 1991 4545">
     <span class='ocr_line' id='line_1_75' title="bbox 422 4470 1991 4545; baseline -0.001 -17"><span class='ocrx_word' id='word_1_600' title='bbox 422 4475 736 4545; x_wconf 87' lang='lat' dir='ltr'><strong>puritatem.</strong></span> <span class='ocrx_word' id='word_1_601' title='bbox 772 4471 886 4528; x_wconf 83' lang='lat' dir='ltr'><strong>Hoc</strong></span> <span class='ocrx_word' id='word_1_602' title='bbox 915 4479 1098 4526; x_wconf 89' lang='lat' dir='ltr'><strong>autem</strong></span> <span class='ocrx_word' id='word_1_603' title='bbox 1127 4479 1181 4526; x_wconf 90' lang='lat' dir='ltr'><strong>et</strong></span> <span class='ocrx_word' id='word_1_604' title='bbox 1207 4486 1273 4526; x_wconf 81' lang='lat' dir='ltr'><strong>ex</strong></span> <span class='ocrx_word' id='word_1_605' title='bbox 1311 4478 1465 4540; x_wconf 91' lang='lat' dir='ltr'><strong>parte</strong></span> <span class='ocrx_word' id='word_1_606' title='bbox 1495 4471 1609 4542; x_wconf 89' lang='lat' dir='ltr'><strong>jam</strong></span> <span class='ocrx_word' id='word_1_607' title='bbox 1646 4470 1845 4526; x_wconf 82' lang='lat' dir='ltr'><strong>factum</strong></span> <span class='ocrx_word' id='word_1_608' title='bbox 1872 4480 1991 4541; x_wconf 83' lang='lat' dir='ltr'><strong>est,</strong></span> 
     </span>
    </p>
   </div>
   <div class='ocr_carea' id='block_1_76' title="bbox 2106 3284 3683 3358">
    <p class='ocr_par' dir='ltr' id='par_1_76' title="bbox 2106 3284 3683 3358">
     <span class='ocr_line' id='line_1_76' title="bbox 2106 3284 3683 3358; baseline -0.001 -17"><span class='ocrx_word' id='word_1_609' title='bbox 2106 3286 2175 3341; x_wconf 89' lang='lat' dir='ltr'><strong>de</strong></span> <span class='ocrx_word' id='word_1_610' title='bbox 2200 3284 2538 3350; x_wconf 82' lang='lat' dir='ltr'><strong>minoribus,</strong></span> <span class='ocrx_word' id='word_1_611' title='bbox 2584 3293 2640 3339; x_wconf 90' lang='lat' dir='ltr'><strong>et</strong></span> <span class='ocrx_word' id='word_1_612' title='bbox 2682 3286 2750 3339; x_wconf 88' lang='lat' dir='ltr'><strong>de</strong></span> <span class='ocrx_word' id='word_1_613' title='bbox 2798 3287 3001 3355; x_wconf 88' lang='lat' dir='ltr'><strong>popqu</strong></span> <span class='ocrx_word' id='word_1_614' title='bbox 3044 3286 3391 3358; x_wconf 76' lang='lat' dir='ltr'><strong>Judteorum,</strong></span> <span class='ocrx_word' id='word_1_615' title='bbox 3435 3303 3490 3349; x_wconf 77' lang='lat' dir='ltr'><strong>et</strong></span> <span class='ocrx_word' id='word_1_616' title='bbox 3533 3297 3683 3354; x_wconf 56' lang='lat' dir='ltr'><strong>dedi;</strong></span> 
     </span>
    </p>
   </div>
   <div class='ocr_carea' id='block_1_77' title="bbox 2106 3375 3680 3453">
    <p class='ocr_par' dir='ltr' id='par_1_77' title="bbox 2106 3375 3680 3453">
     <span class='ocr_line' id='line_1_77' title="bbox 2106 3375 3680 3453; baseline 0.008 -22"><span class='ocrx_word' id='word_1_617' title='bbox 2106 3377 2240 3433; x_wconf 90' lang='lat' dir='ltr'><strong>illud</strong></span> <span class='ocrx_word' id='word_1_618' title='bbox 2267 3378 2322 3432; x_wconf 90' lang='lat' dir='ltr'><strong>in</strong></span> <span class='ocrx_word' id='word_1_619' title='bbox 2349 3392 2602 3448; x_wconf 89' lang='lat' dir='ltr'><strong>campum</strong></span> <span class='ocrx_word' id='word_1_620' title='bbox 2637 3375 3020 3445; x_wconf 86' lang='lat' dir='ltr'><strong>frondiferum,</strong></span> <span class='ocrx_word' id='word_1_621' title='bbox 3047 3395 3210 3451; x_wconf 88' lang='lat' dir='ltr'><strong>super</strong></span> <span class='ocrx_word' id='word_1_622' title='bbox 3234 3398 3430 3453; x_wconf 89' lang='lat' dir='ltr'><strong>aquam</strong></span> <span class='ocrx_word' id='word_1_623' title='bbox 3456 3389 3680 3444; x_wconf 85' lang='lat' dir='ltr'><strong>multam</strong></span> 
     </span>
    </p>
   </div>
   <div class='ocr_carea' id='block_1_78' title="bbox 2104 3468 3684 3547">
    <p class='ocr_par' dir='ltr' id='par_1_78' title="bbox 2104 3468 3684 3547">
     <span class='ocr_line' id='line_1_78' title="bbox 2104 3468 3684 3547; baseline 0.009 -25"><span class='ocrx_word' id='word_1_624' title='bbox 2104 3469 2505 3539; x_wconf 86' lang='lat' dir='ltr'><strong>respiciendum</strong></span> <span class='ocrx_word' id='word_1_625' title='bbox 2557 3468 2842 3525; x_wconf 87' lang='lat' dir='ltr'><strong>constituit</strong></span> <span class='ocrx_word' id='word_1_626' title='bbox 2886 3468 3048 3537; x_wconf 84' lang='lat' dir='ltr'><strong>illud,</strong></span> <span class='ocrx_word' id='word_1_627' title='bbox 3096 3481 3151 3526; x_wconf 93' lang='lat' dir='ltr'><strong>et</strong></span> <span class='ocrx_word' id='word_1_628' title='bbox 3196 3484 3446 3530; x_wconf 89' lang='lat' dir='ltr'><strong>exortum</strong></span> <span class='ocrx_word' id='word_1_629' title='bbox 3483 3487 3586 3547; x_wconf 88' lang='lat' dir='ltr'><strong>est,</strong></span> <span class='ocrx_word' id='word_1_630' title='bbox 3630 3490 3684 3536; x_wconf 88' lang='lat' dir='ltr'><strong>et</strong></span> 
     </span>
    </p>
   </div>
   <div class='ocr_carea' id='block_1_79' title="bbox 2104 3558 3683 3639">
    <p class='ocr_par' dir='ltr' id='par_1_79' title="bbox 2104 3558 3683 3639">
     <span class='ocr_line' id='line_1_79' title="bbox 2104 3558 3683 3639; baseline 0.006 -25"><span class='ocrx_word' id='word_1_631' title='bbox 2104 3558 2307 3614; x_wconf 89' lang='lat' dir='ltr'><strong>factum</strong></span> <span class='ocrx_word' id='word_1_632' title='bbox 2335 3568 2420 3614; x_wconf 86' lang='lat' dir='ltr'><strong>est</strong></span> <span class='ocrx_word' id='word_1_633' title='bbox 2446 3561 2497 3612; x_wconf 91' lang='lat' dir='ltr'><strong>in</strong></span> <span class='ocrx_word' id='word_1_634' title='bbox 2528 3559 2691 3612; x_wconf 85' lang='lat' dir='ltr'><strong>vitem</strong></span> <span class='ocrx_word' id='word_1_635' title='bbox 2725 3559 2959 3612; x_wconf 79' lang='lat' dir='ltr'><strong>ﬁrmam.</strong></span> <span class='ocrx_word' id='word_1_636' title='bbox 2988 3559 3295 3617; x_wconf 85' lang='lat' dir='ltr'><strong>lnﬁrmatns</strong></span> <span class='ocrx_word' id='word_1_637' title='bbox 3325 3574 3408 3620; x_wconf 89' lang='lat' dir='ltr'><strong>est</strong></span> <span class='ocrx_word' id='word_1_638' title='bbox 3435 3582 3561 3623; x_wconf 89' lang='lat' dir='ltr'><strong>vere</strong></span> <span class='ocrx_word' id='word_1_639' title='bbox 3586 3585 3683 3639; x_wconf 87' lang='lat' dir='ltr'><strong>po-</strong></span> 
     </span>
    </p>
   </div>
   <div class='ocr_carea' id='block_1_80' title="bbox 2104 3650 3681 3722">
    <p class='ocr_par' dir='ltr' id='par_1_80' title="bbox 2104 3650 3681 3722">
     <span class='ocr_line' id='line_1_80' title="bbox 2104 3650 3681 3722; baseline 0.008 -18"><span class='ocrx_word' id='word_1_640' title='bbox 2104 3652 2264 3722; x_wconf 90' lang='lat' dir='ltr'><strong>pulus</strong></span> <span class='ocrx_word' id='word_1_641' title='bbox 2295 3651 2388 3706; x_wconf 91' lang='lat' dir='ltr'><strong>Dei</strong></span> <span class='ocrx_word' id='word_1_642' title='bbox 2414 3652 2468 3705; x_wconf 90' lang='lat' dir='ltr'><strong>in</strong></span> <span class='ocrx_word' id='word_1_643' title='bbox 2501 3650 2796 3720; x_wconf 83' lang='lat' dir='ltr'><strong>Babylone,</strong></span> <span class='ocrx_word' id='word_1_644' title='bbox 2830 3660 2885 3705; x_wconf 89' lang='lat' dir='ltr'><strong>et</strong></span> <span class='ocrx_word' id='word_1_645' title='bbox 2915 3651 3036 3705; x_wconf 88' lang='lat' dir='ltr'><strong>ideo</strong></span> <span class='ocrx_word' id='word_1_646' title='bbox 3073 3667 3248 3722; x_wconf 84' lang='lat' dir='ltr'><strong>neque</strong></span> <span class='ocrx_word' id='word_1_647' title='bbox 3275 3657 3546 3712; x_wconf 83' lang='lat' dir='ltr'><strong>canticum</strong></span> <span class='ocrx_word' id='word_1_648' title='bbox 3572 3658 3681 3716; x_wconf 79' lang='lat' dir='ltr'><strong>Do-</strong></span> 
     </span>
    </p>
   </div>
   <div class='ocr_carea' id='block_1_81' title="bbox 2103 3739 3683 3808">
    <p class='ocr_par' dir='ltr' id='par_1_81' title="bbox 2103 3739 3683 3808">
     <span class='ocr_line' id='line_1_81' title="bbox 2103 3739 3683 3808; baseline 0.004 -11"><span class='ocrx_word' id='word_1_649' title='bbox 2103 3742 2238 3797; x_wconf 89' lang='lat' dir='ltr'><strong>mini</strong></span> <span class='ocrx_word' id='word_1_650' title='bbox 2273 3750 2497 3795; x_wconf 84' lang='lat' dir='ltr'><strong>cantare</strong></span> <span class='ocrx_word' id='word_1_651' title='bbox 2526 3747 2759 3808; x_wconf 84' lang='lat' dir='ltr'><strong>poterat,</strong></span> <span class='ocrx_word' id='word_1_652' title='bbox 2803 3739 2991 3793; x_wconf 85' lang='lat' dir='ltr'><strong>dicens</strong></span> <span class='ocrx_word' id='word_1_653' title='bbox 3016 3740 3064 3772; x_wconf 81' lang='lat'>”</span> <span class='ocrx_word' id='word_1_654' title='bbox 3092 3759 3105 3795; x_wconf 92' lang='lat'><strong>:</strong></span> <span class='ocrx_word' id='word_1_655' title='bbox 3142 3741 3415 3805; x_wconf 80' lang='lat' dir='ltr'><strong>Quomodo</strong></span> <span class='ocrx_word' id='word_1_656' title='bbox 3442 3749 3683 3804; x_wconf 80' lang='lat' dir='ltr'><strong>cantabi-</strong></span> 
     </span>
    </p>
   </div>
   <div class='ocr_carea' id='block_1_82' title="bbox 2102 3823 3678 3893">
    <p class='ocr_par' dir='ltr' id='par_1_82' title="bbox 2102 3823 3678 3893">
     <span class='ocr_line' id='line_1_82' title="bbox 2102 3823 3678 3893; baseline 0.004 -6"><span class='ocrx_word' id='word_1_657' title='bbox 2102 3823 2227 3887; x_wconf 48' lang='lat' dir='ltr'><strong>mus‘</strong></span> <span class='ocrx_word' id='word_1_658' title='bbox 2255 3832 2522 3885; x_wconf 87' lang='lat' dir='ltr'><strong>canticum</strong></span> <span class='ocrx_word' id='word_1_659' title='bbox 2564 3829 2773 3883; x_wconf 83' lang='lat' dir='ltr'><strong>Domini</strong></span> <span class='ocrx_word' id='word_1_660' title='bbox 2813 3831 2871 3882; x_wconf 87' lang='lat' dir='ltr'><strong>in</strong></span> <span class='ocrx_word' id='word_1_661' title='bbox 2901 3839 3040 3883; x_wconf 88' lang='lat' dir='ltr'><strong>terra</strong></span> <span class='ocrx_word' id='word_1_662' title='bbox 3082 3831 3299 3886; x_wconf 77' lang='lat' dir='ltr'><strong>aliena?</strong></span> <span class='ocrx_word' id='word_1_663' title='bbox 3326 3831 3530 3889; x_wconf 80' lang='lat' dir='ltr'><strong>Revera</strong></span> <span class='ocrx_word' id='word_1_664' title='bbox 3568 3854 3678 3893; x_wconf 89' lang='lat' dir='ltr'><strong>non</strong></span> 
     </span>
    </p>
   </div>
   <div class='ocr_carea' id='block_1_83' title="bbox 2102 3920 3678 3992">
    <p class='ocr_par' dir='ltr' id='par_1_83' title="bbox 2102 3920 3678 3992">
     <span class='ocr_line' id='line_1_83' title="bbox 2102 3920 3678 3992; baseline 0.006 -17"><span class='ocrx_word' id='word_1_665' title='bbox 2102 3929 2316 3992; x_wconf 85' lang='lat' dir='ltr'><strong>poterat</strong></span> <span class='ocrx_word' id='word_1_666' title='bbox 2365 3920 2580 3974; x_wconf 90' lang='lat' dir='ltr'><strong>intlrma</strong></span> <span class='ocrx_word' id='word_1_667' title='bbox 2628 3933 2736 3973; x_wconf 91' lang='lat' dir='ltr'><strong>non</strong></span> <span class='ocrx_word' id='word_1_668' title='bbox 2780 3934 2902 3975; x_wconf 90' lang='lat' dir='ltr'><strong>esse</strong></span> <span class='ocrx_word' id='word_1_669' title='bbox 2949 3936 3071 3990; x_wconf 75' lang='lat' dir='ltr'><strong>qua:</strong></span> <span class='ocrx_word' id='word_1_670' title='bbox 3114 3922 3350 3991; x_wconf 86' lang='lat' dir='ltr'><strong>plantata</strong></span> <span class='ocrx_word' id='word_1_671' title='bbox 3397 3924 3573 3982; x_wconf 80' lang='lat' dir='ltr'><strong>fuerat</strong></span> <span class='ocrx_word' id='word_1_672' title='bbox 3622 3930 3678 3984; x_wconf 86' lang='lat' dir='ltr'><strong>in</strong></span> 
     </span>
    </p>
   </div>
   <div class='ocr_carea' id='block_1_84' title="bbox 2101 3994 3679 4090">
    <p class='ocr_par' dir='ltr' id='par_1_84' title="bbox 2101 3994 3679 4090">
     <span class='ocr_line' id='line_1_84' title="bbox 2101 3994 3679 4090; baseline 0.006 -23"><span class='ocrx_word' id='word_1_673' title='bbox 2101 4013 2393 4085; x_wconf 85' lang='lat' dir='ltr'><strong>Babylone.</strong></span> <span class='ocrx_word' id='word_1_674' title='bbox 2427 4010 2548 4080; x_wconf 84' lang='lat' dir='ltr'><strong>Quo</strong></span> <span class='ocrx_word' id='word_1_675' title='bbox 2574 4020 2732 4081; x_wconf 88' lang='lat' dir='ltr'><strong>pacto</strong></span> <span class='ocrx_word' id='word_1_676' title='bbox 2762 4012 2900 4067; x_wconf 84' lang='lat' dir='ltr'><strong>vires</strong></span> <span class='ocrx_word' id='word_1_677' title='bbox 2932 3994 3190 4082; x_wconf 87' lang='lat' dir='ltr'><strong>pristinas</strong></span> <span class='ocrx_word' id='word_1_678' title='bbox 3227 4029 3523 4074; x_wconf 86' lang='lat' dir='ltr'><strong>reservaret</strong></span> <span class='ocrx_word' id='word_1_679' title='bbox 3555 4036 3679 4090; x_wconf 65' lang='lat' dir='ltr'><strong>quae</strong></span> 
     </span>
    </p>
   </div>
   <div class='ocr_carea' id='block_1_85' title="bbox 2098 4103 3681 4176">
    <p class='ocr_par' dir='ltr' id='par_1_85' title="bbox 2098 4103 3681 4176">
     <span class='ocr_line' id='line_1_85' title="bbox 2098 4103 3681 4176; baseline 0.003 -15"><span class='ocrx_word' id='word_1_680' title='bbox 2098 4106 2227 4161; x_wconf 83' lang='lat' dir='ltr'><strong>vitis</strong></span> <span class='ocrx_word' id='word_1_681' title='bbox 2251 4104 2548 4176; x_wconf 87' lang='lat' dir='ltr'><strong>Babylonia</strong></span> <span class='ocrx_word' id='word_1_682' title='bbox 2580 4119 2704 4159; x_wconf 90' lang='lat' dir='ltr'><strong>esse</strong></span> <span class='ocrx_word' id='word_1_683' title='bbox 2736 4103 3027 4173; x_wconf 62' lang='lat' dir='ltr'><strong>coepisset?</strong></span> <span class='ocrx_word' id='word_1_684' title='bbox 3058 4104 3190 4171; x_wconf 73' lang='lat' dir='ltr'><strong>Qua:</strong></span> <span class='ocrx_word' id='word_1_685' title='bbox 3230 4108 3357 4176; x_wconf 91' lang='lat' dir='ltr'><strong>quia</strong></span> <span class='ocrx_word' id='word_1_686' title='bbox 3392 4108 3448 4163; x_wconf 90' lang='lat' dir='ltr'><strong>in</strong></span> <span class='ocrx_word' id='word_1_687' title='bbox 3489 4117 3681 4167; x_wconf 87' lang='lat' dir='ltr'><strong>sancta</strong></span> 
     </span>
    </p>
   </div>
   <div class='ocr_carea' id='block_1_86' title="bbox 2102 4179 3675 4270">
    <p class='ocr_par' dir='ltr' id='par_1_86' title="bbox 2102 4179 3675 4270">
     <span class='ocr_line' id='line_1_86' title="bbox 2102 4179 3675 4270; baseline 0.001 -16"><span class='ocrx_word' id='word_1_688' title='bbox 2102 4208 2245 4254; x_wconf 90' lang='lat' dir='ltr'><strong>terra</strong></span> <span class='ocrx_word' id='word_1_689' title='bbox 2276 4179 2489 4252; x_wconf 73' lang='lat' dir='ltr'><strong>fructus</strong></span> <span class='ocrx_word' id='word_1_690' title='bbox 2519 4210 2628 4249; x_wconf 91' lang='lat' dir='ltr'><strong>non</strong></span> <span class='ocrx_word' id='word_1_691' title='bbox 2659 4194 2881 4258; x_wconf 90' lang='lat' dir='ltr'><strong>fecerat,</strong></span> <span class='ocrx_word' id='word_1_692' title='bbox 2917 4195 3041 4250; x_wconf 91' lang='lat' dir='ltr'><strong>ideo</strong></span> <span class='ocrx_word' id='word_1_693' title='bbox 3086 4199 3346 4253; x_wconf 89' lang='lat' dir='ltr'><strong>translata</strong></span> <span class='ocrx_word' id='word_1_694' title='bbox 3372 4200 3442 4253; x_wconf 91' lang='lat' dir='ltr'><strong>ab</strong></span> <span class='ocrx_word' id='word_1_695' title='bbox 3472 4202 3675 4270; x_wconf 82' lang='lat' dir='ltr'><strong>aquila,</strong></span> 
     </span>
    </p>
   </div>
   <div class='ocr_carea' id='block_1_87' title="bbox 2100 4286 3679 4358">
    <p class='ocr_par' dir='ltr' id='par_1_87' title="bbox 2100 4286 3679 4358">
     <span class='ocr_line' id='line_1_87' title="bbox 2100 4286 3679 4358; baseline 0 -13"><span class='ocrx_word' id='word_1_696' title='bbox 2100 4300 2154 4346; x_wconf 82' lang='lat' dir='ltr'><strong>et</strong></span> <span class='ocrx_word' id='word_1_697' title='bbox 2189 4291 2245 4344; x_wconf 93' lang='lat' dir='ltr'><strong>in</strong></span> <span class='ocrx_word' id='word_1_698' title='bbox 2281 4298 2425 4343; x_wconf 88' lang='lat' dir='ltr'><strong>terra</strong></span> <span class='ocrx_word' id='word_1_699' title='bbox 2453 4288 2632 4358; x_wconf 86' lang='lat' dir='ltr'><strong>posita</strong></span> <span class='ocrx_word' id='word_1_700' title='bbox 2662 4286 2944 4353; x_wconf 87' lang='lat' dir='ltr'><strong>Chanaan,</strong></span> <span class='ocrx_word' id='word_1_701' title='bbox 2977 4286 3115 4342; x_wconf 84' lang='lat' dir='ltr'><strong>facta</strong></span> <span class='ocrx_word' id='word_1_702' title='bbox 3142 4296 3228 4342; x_wconf 92' lang='lat' dir='ltr'><strong>est</strong></span> <span class='ocrx_word' id='word_1_703' title='bbox 3253 4288 3307 4342; x_wconf 88' lang='lat' dir='ltr'><strong>in</strong></span> <span class='ocrx_word' id='word_1_704' title='bbox 3336 4289 3498 4343; x_wconf 82' lang='lat' dir='ltr'><strong>vitem</strong></span> <span class='ocrx_word' id='word_1_705' title='bbox 3526 4291 3679 4345; x_wconf 86' lang='lat' dir='ltr'><strong>intlr-</strong></span> 
     </span>
    </p>
   </div>
   <div class='ocr_carea' id='block_1_88' title="bbox 2100 4376 3676 4448">
    <p class='ocr_par' dir='ltr' id='par_1_88' title="bbox 2100 4376 3676 4448">
     <span class='ocr_line' id='line_1_88' title="bbox 2100 4376 3676 4448; baseline 0 -11"><span class='ocrx_word' id='word_1_706' title='bbox 2100 4398 2246 4438; x_wconf 85' lang='lat' dir='ltr'><strong>matn</strong></span> <span class='ocrx_word' id='word_1_707' title='bbox 2268 4389 2323 4436; x_wconf 88' lang='lat' dir='ltr'><strong>et</strong></span> <span class='ocrx_word' id='word_1_708' title='bbox 2343 4381 2397 4434; x_wconf 91' lang='lat' dir='ltr'><strong>in</strong></span> <span class='ocrx_word' id='word_1_709' title='bbox 2418 4378 2670 4448; x_wconf 86' lang='lat' dir='ltr'><strong>pusillam</strong></span> <span class='ocrx_word' id='word_1_710' title='bbox 2699 4385 2929 4432; x_wconf 88' lang='lat' dir='ltr'><strong>statura.</strong></span> <span class='ocrx_word' id='word_1_711' title='bbox 2948 4376 3198 4443; x_wconf 87' lang='lat' dir='ltr'><strong>Quandiu</strong></span> <span class='ocrx_word' id='word_1_712' title='bbox 3232 4378 3285 4433; x_wconf 91' lang='lat' dir='ltr'><strong>in</strong></span> <span class='ocrx_word' id='word_1_713' title='bbox 3319 4388 3459 4433; x_wconf 90' lang='lat' dir='ltr'><strong>terra</strong></span> <span class='ocrx_word' id='word_1_714' title='bbox 3490 4391 3676 4437; x_wconf 83' lang='lat' dir='ltr'><strong>sancta</strong></span> 
     </span>
    </p>
   </div>
   <div class='ocr_carea' id='block_1_89' title="bbox 2102 4469 3674 4541">
    <p class='ocr_par' dir='ltr' id='par_1_89' title="bbox 2102 4469 3674 4541">
     <span class='ocr_line' id='line_1_89' title="bbox 2102 4469 3674 4541; baseline -0.001 -12"><span class='ocrx_word' id='word_1_715' title='bbox 2102 4474 2228 4540; x_wconf 86' lang='lat' dir='ltr'><strong>fuit,</strong></span> <span class='ocrx_word' id='word_1_716' title='bbox 2258 4474 2451 4541; x_wconf 82' lang='lat' dir='ltr'><strong>ingens</strong></span> <span class='ocrx_word' id='word_1_717' title='bbox 2484 4469 2609 4524; x_wconf 89' lang='lat' dir='ltr'><strong>vitis</strong></span> <span class='ocrx_word' id='word_1_718' title='bbox 2633 4478 2751 4523; x_wconf 89' lang='lat' dir='ltr'><strong>erat</strong></span> <span class='ocrx_word' id='word_1_719' title='bbox 2777 4487 2790 4523; x_wconf 88' lang='lat'><strong>:</strong></span> <span class='ocrx_word' id='word_1_720' title='bbox 2817 4470 3038 4539; x_wconf 89' lang='lat' dir='ltr'><strong>quando</strong></span> <span class='ocrx_word' id='word_1_721' title='bbox 3069 4484 3199 4523; x_wconf 82' lang='lat' dir='ltr'><strong>vero</strong></span> <span class='ocrx_word' id='word_1_722' title='bbox 3221 4469 3485 4527; x_wconf 82' lang='lat' dir='ltr'><strong>translata</strong></span> <span class='ocrx_word' id='word_1_723' title='bbox 3513 4482 3598 4527; x_wconf 89' lang='lat' dir='ltr'><strong>est</strong></span> <span class='ocrx_word' id='word_1_724' title='bbox 3619 4475 3674 4528; x_wconf 87' lang='lat' dir='ltr'><strong>in</strong></span> 
     </span>
    </p>
   </div>
   <div class='ocr_carea' id='block_1_90' title="bbox 420 4558 3672 4638">
    <p class='ocr_par' dir='ltr' id='par_1_90' title="bbox 420 4558 3672 4638">
     <span class='ocr_line' id='line_1_90' title="bbox 420 4558 3672 4638; baseline -0.003 -13"><span class='ocrx_word' id='word_1_725' title='bbox 420 4579 474 4625; x_wconf 87' lang='lat' dir='ltr'><strong>et</strong></span> <span class='ocrx_word' id='word_1_726' title='bbox 506 4567 819 4638; x_wconf 86' lang='lat' dir='ltr'><strong>plenissime</strong></span> <span class='ocrx_word' id='word_1_727' title='bbox 848 4566 902 4620; x_wconf 91' lang='lat' dir='ltr'><strong>in</strong></span> <span class='ocrx_word' id='word_1_728' title='bbox 934 4566 1178 4621; x_wconf 89' lang='lat' dir='ltr'><strong>secundo</strong></span> <span class='ocrx_word' id='word_1_729' title='bbox 1206 4565 1565 4634; x_wconf 86' lang='lat' dir='ltr'><strong>complchitur</strong></span> <span class='ocrx_word' id='word_1_730' title='bbox 1585 4564 1996 4623; x_wconf 72' lang='lat' dir='ltr'><strong>adventu.Pm-</strong></span> <span class='ocrx_word' id='word_1_731' title='bbox 2024 4558 2069 4614; x_wconf 83' lang='grc' dir='ltr'><strong>Ι)</strong></span> <span class='ocrx_word' id='word_1_732' title='bbox 2100 4566 2235 4622; x_wconf 81' lang='lat' dir='ltr'><strong>lines</strong></span> <span class='ocrx_word' id='word_1_733' title='bbox 2266 4573 2635 4633; x_wconf 87' lang='lat' dir='ltr'><strong>peccatorum,</strong></span> <span class='ocrx_word' id='word_1_734' title='bbox 2672 4571 2726 4615; x_wconf 93' lang='lat' dir='ltr'><strong>et</strong></span> <span class='ocrx_word' id='word_1_735' title='bbox 2771 4562 2983 4615; x_wconf 81' lang='lat' dir='ltr'><strong>intlrma</strong></span> <span class='ocrx_word' id='word_1_736' title='bbox 3035 4570 3088 4616; x_wconf 90' lang='lat' dir='ltr'><strong>et</strong></span> <span class='ocrx_word' id='word_1_737' title='bbox 3134 4577 3299 4631; x_wconf 86' lang='lat' dir='ltr'><strong>parva</strong></span> <span class='ocrx_word' id='word_1_738' title='bbox 3350 4563 3537 4619; x_wconf 72' lang='lat' dir='ltr'><strong>eﬁ‘ecta</strong></span> <span class='ocrx_word' id='word_1_739' title='bbox 3570 4578 3672 4623; x_wconf 80' lang='lat' dir='ltr'><strong>est.</strong></span> 
     </span>
    </p>
   </div>
   <div class='ocr_carea' id='block_1_91' title="bbox 417 4654 1995 4725">
    <p class='ocr_par' dir='ltr' id='par_1_91' title="bbox 417 4654 1995 4725">
     <span class='ocr_line' id='line_1_91' title="bbox 417 4654 1995 4725; baseline 0 -11"><span class='ocrx_word' id='word_1_740' title='bbox 417 4659 569 4714; x_wconf 84' lang='lat' dir='ltr'><strong>venit</strong></span> <span class='ocrx_word' id='word_1_741' title='bbox 599 4658 765 4723; x_wconf 81' lang='lat' dir='ltr'><strong>igitur</strong></span> <span class='ocrx_word' id='word_1_742' title='bbox 809 4663 1214 4711; x_wconf 88' lang='lat' dir='ltr'><strong>sacramentum</strong></span> <span class='ocrx_word' id='word_1_743' title='bbox 1263 4654 1408 4725; x_wconf 90' lang='lat' dir='ltr'><strong>quod</strong></span> <span class='ocrx_word' id='word_1_744' title='bbox 1459 4664 1741 4710; x_wconf 90' lang='lat' dir='ltr'><strong>ostensum</strong></span> <span class='ocrx_word' id='word_1_745' title='bbox 1800 4665 1885 4713; x_wconf 90' lang='lat' dir='ltr'><strong>est</strong></span> <span class='ocrx_word' id='word_1_746' title='bbox 1939 4661 1995 4714; x_wconf 88' lang='lat' dir='ltr'><strong>in</strong></span> 
     </span>
    </p>
   </div>
   <div class='ocr_carea' id='block_1_92' title="bbox 423 4746 1997 4812">
    <p class='ocr_par' dir='ltr' id='par_1_92' title="bbox 423 4746 1997 4812">
     <span class='ocr_line' id='line_1_92' title="bbox 423 4746 1997 4812; baseline 0.001 -10"><span class='ocrx_word' id='word_1_747' title='bbox 423 4748 726 4812; x_wconf 89' lang='lat' dir='ltr'><strong>cherubim,</strong></span> <span class='ocrx_word' id='word_1_748' title='bbox 761 4748 840 4801; x_wconf 87' lang='lat' dir='ltr'><strong>rei</strong></span> <span class='ocrx_word' id='word_1_749' title='bbox 874 4748 1201 4805; x_wconf 81' lang='lat' dir='ltr'><strong>veritatem;</strong></span> <span class='ocrx_word' id='word_1_750' title='bbox 1248 4756 1302 4800; x_wconf 93' lang='lat' dir='ltr'><strong>et</strong></span> <span class='ocrx_word' id='word_1_751' title='bbox 1354 4746 1409 4799; x_wconf 88' lang='lat' dir='ltr'><strong>in</strong></span> <span class='ocrx_word' id='word_1_752' title='bbox 1465 4754 1673 4799; x_wconf 88' lang='lat' dir='ltr'><strong>tantum</strong></span> <span class='ocrx_word' id='word_1_753' title='bbox 1719 4746 1895 4803; x_wconf 83' lang='lat' dir='ltr'><strong>leonis</strong></span> <span class='ocrx_word' id='word_1_754' title='bbox 1942 4762 1997 4804; x_wconf 88' lang='lat' dir='ltr'><strong>et</strong></span> 
     </span>
    </p>
   </div>
   <div class='ocr_carea' id='block_1_93' title="bbox 420 4836 1997 4911">
    <p class='ocr_par' dir='ltr' id='par_1_93' title="bbox 420 4836 1997 4911">
     <span class='ocr_line' id='line_1_93' title="bbox 420 4836 1997 4911; baseline 0.001 -18"><span class='ocrx_word' id='word_1_755' title='bbox 420 4840 617 4911; x_wconf 63' lang='lat' dir='ltr'><strong>aquila;</strong></span> <span class='ocrx_word' id='word_1_756' title='bbox 652 4839 818 4894; x_wconf 86' lang='lat' dir='ltr'><strong>facies</strong></span> <span class='ocrx_word' id='word_1_757' title='bbox 858 4854 982 4892; x_wconf 92' lang='lat' dir='ltr'><strong>cum</strong></span> <span class='ocrx_word' id='word_1_758' title='bbox 1009 4837 1132 4891; x_wconf 89' lang='lat' dir='ltr'><strong>aliis</strong></span> <span class='ocrx_word' id='word_1_759' title='bbox 1180 4836 1426 4891; x_wconf 87' lang='lat' dir='ltr'><strong>faciebus</strong></span> <span class='ocrx_word' id='word_1_760' title='bbox 1456 4846 1697 4906; x_wconf 86' lang='lat' dir='ltr'><strong>cognatae</strong></span> <span class='ocrx_word' id='word_1_761' title='bbox 1732 4846 1895 4905; x_wconf 88' lang='lat' dir='ltr'><strong>sunt,</strong></span> <span class='ocrx_word' id='word_1_762' title='bbox 1936 4849 1997 4895; x_wconf 96' lang='lat' dir='ltr'><strong>ut</strong></span> 
     </span>
    </p>
   </div>
   <div class='ocr_carea' id='block_1_94' title="bbox 418 4927 1995 5000">
    <p class='ocr_par' dir='ltr' id='par_1_94' title="bbox 418 4927 1995 5000">
     <span class='ocr_line' id='line_1_94' title="bbox 418 4927 1995 5000; baseline 0.001 -17"><span class='ocrx_word' id='word_1_763' title='bbox 418 4930 599 5000; x_wconf 88' lang='lat' dir='ltr'><strong>majus</strong></span> <span class='ocrx_word' id='word_1_764' title='bbox 626 4930 782 4984; x_wconf 88' lang='lat' dir='ltr'><strong>nobis</strong></span> <span class='ocrx_word' id='word_1_765' title='bbox 814 4928 1062 4982; x_wconf 88' lang='lat' dir='ltr'><strong>videatur</strong></span> <span class='ocrx_word' id='word_1_766' title='bbox 1082 4927 1269 4987; x_wconf 86' lang='lat' dir='ltr'><strong>vitulo.</strong></span> <span class='ocrx_word' id='word_1_767' title='bbox 1303 4937 1356 4981; x_wconf 93' lang='lat' dir='ltr'><strong>et</strong></span> <span class='ocrx_word' id='word_1_768' title='bbox 1383 4937 1560 4990; x_wconf 90' lang='lat' dir='ltr'><strong>tauro,</strong></span> <span class='ocrx_word' id='word_1_769' title='bbox 1578 4938 1631 4982; x_wconf 91' lang='lat' dir='ltr'><strong>et</strong></span> <span class='ocrx_word' id='word_1_770' title='bbox 1646 4928 1803 4983; x_wconf 88' lang='lat' dir='ltr'><strong>leone</strong></span> <span class='ocrx_word' id='word_1_771' title='bbox 1828 4930 1995 4984; x_wconf 89' lang='lat' dir='ltr'><strong>simul</strong></span> 
     </span>
    </p>
   </div>
   <div class='ocr_carea' id='block_1_95' title="bbox 417 5017 1992 5092">
    <p class='ocr_par' dir='ltr' id='par_1_95' title="bbox 417 5017 1992 5092">
     <span class='ocr_line' id='line_1_95' title="bbox 417 5017 1992 5092; baseline 0 -16"><span class='ocrx_word' id='word_1_772' title='bbox 417 5023 789 5092; x_wconf 56' lang='lat' dir='ltr'><strong>pascentibus,</strong></span> <span class='ocrx_word' id='word_1_773' title='bbox 821 5020 875 5075; x_wconf 90' lang='lat' dir='ltr'><strong>id</strong></span> <span class='ocrx_word' id='word_1_774' title='bbox 897 5021 1041 5089; x_wconf 88' lang='lat' dir='ltr'><strong>quod</strong></span> <span class='ocrx_word' id='word_1_775' title='bbox 1058 5020 1307 5089; x_wconf 89' lang='lat' dir='ltr'><strong>apparuit</strong></span> <span class='ocrx_word' id='word_1_776' title='bbox 1330 5026 1382 5072; x_wconf 86' lang='lat' dir='ltr'><strong>in</strong></span> <span class='ocrx_word' id='word_1_777' title='bbox 1422 5019 1726 5074; x_wconf 87' lang='lat' dir='ltr'><strong>cherubim.</strong></span> <span class='ocrx_word' id='word_1_778' title='bbox 1751 5020 1833 5075; x_wconf 88' lang='lat' dir='ltr'><strong>Ab</strong></span> <span class='ocrx_word' id='word_1_779' title='bbox 1856 5017 1992 5076; x_wconf 82' lang='lat' dir='ltr'><strong>Isaia</strong></span> 
     </span>
    </p>
   </div>
   <div class='ocr_carea' id='block_1_96' title="bbox 418 5112 1995 5188">
    <p class='ocr_par' dir='ltr' id='par_1_96' title="bbox 418 5112 1995 5188">
     <span class='ocr_line' id='line_1_96' title="bbox 418 5112 1995 5188; baseline 0.001 -19"><span class='ocrx_word' id='word_1_780' title='bbox 418 5117 620 5188; x_wconf 90' lang='lat' dir='ltr'><strong>quippe</strong></span> <span class='ocrx_word' id='word_1_781' title='bbox 647 5115 784 5168; x_wconf 90' lang='lat' dir='ltr'><strong>nihil</strong></span> <span class='ocrx_word' id='word_1_782' title='bbox 810 5115 876 5168; x_wconf 91' lang='lat' dir='ltr'><strong>de</strong></span> <span class='ocrx_word' id='word_1_783' title='bbox 903 5114 987 5168; x_wconf 90' lang='lat' dir='ltr'><strong>his</strong></span> <span class='ocrx_word' id='word_1_784' title='bbox 1019 5129 1138 5183; x_wconf 78' lang='lat' dir='ltr'><strong>quae</strong></span> <span class='ocrx_word' id='word_1_785' title='bbox 1166 5112 1420 5181; x_wconf 67' lang='lat' dir='ltr'><strong>praedicta</strong></span> <span class='ocrx_word' id='word_1_786' title='bbox 1438 5121 1564 5167; x_wconf 90' lang='lat' dir='ltr'><strong>sunt</strong></span> <span class='ocrx_word' id='word_1_787' title='bbox 1591 5112 1693 5167; x_wconf 88' lang='lat' dir='ltr'><strong>sibi</strong></span> <span class='ocrx_word' id='word_1_788' title='bbox 1714 5114 1995 5172; x_wconf 67' lang='lat' dir='ltr'><strong>cohaerens</strong></span> 
     </span>
    </p>
   </div>
   <div class='ocr_carea' id='block_1_97' title="bbox 422 5201 1996 5277">
    <p class='ocr_par' dir='ltr' id='par_1_97' title="bbox 422 5201 1996 5277">
     <span class='ocr_line' id='line_1_97' title="bbox 422 5201 1996 5277; baseline 0 -19"><span class='ocrx_word' id='word_1_789' title='bbox 422 5214 476 5260; x_wconf 90' lang='lat' dir='ltr'><strong>et</strong></span> <span class='ocrx_word' id='word_1_790' title='bbox 498 5205 658 5277; x_wconf 79' lang='lat'><strong>397</strong></span> <span class='ocrx_word' id='word_1_791' title='bbox 683 5205 915 5259; x_wconf 88' lang='lat' dir='ltr'><strong>invicem</strong></span> <span class='ocrx_word' id='word_1_792' title='bbox 947 5216 1254 5257; x_wconf 82' lang='lat' dir='ltr'><strong>connexum</strong></span> <span class='ocrx_word' id='word_1_793' title='bbox 1304 5201 1718 5272; x_wconf 84' lang='lat' dir='ltr'><strong>repromittitur.</strong></span> <span class='ocrx_word' id='word_1_794' title='bbox 1759 5204 1818 5257; x_wconf 91' lang='lat' dir='ltr'><strong>ln</strong></span> <span class='ocrx_word' id='word_1_795' title='bbox 1866 5205 1996 5258; x_wconf 90' lang='lat' dir='ltr'><strong>che-</strong></span> 
     </span>
    </p>
   </div>
   <div class='ocr_carea' id='block_1_98' title="bbox 425 5294 2045 5367">
    <p class='ocr_par' dir='ltr' id='par_1_98' title="bbox 425 5294 2045 5367">
     <span class='ocr_line' id='line_1_98' title="bbox 425 5294 2045 5367; baseline -0.001 -15"><span class='ocrx_word' id='word_1_796' title='bbox 425 5299 601 5353; x_wconf 91' lang='lat' dir='ltr'><strong>rubim</strong></span> <span class='ocrx_word' id='word_1_797' title='bbox 632 5312 759 5351; x_wconf 86' lang='lat' dir='ltr'><strong>vero</strong></span> <span class='ocrx_word' id='word_1_798' title='bbox 783 5295 1211 5365; x_wconf 88' lang='lat' dir='ltr'><strong>unumquodque</strong></span> <span class='ocrx_word' id='word_1_799' title='bbox 1259 5294 1459 5348; x_wconf 80' lang='lat' dir='ltr'><strong>animal</strong></span> <span class='ocrx_word' id='word_1_800' title='bbox 1489 5310 1613 5348; x_wconf 86' lang='lat' dir='ltr'><strong>cum</strong></span> <span class='ocrx_word' id='word_1_801' title='bbox 1650 5296 1759 5350; x_wconf 90' lang='lat' dir='ltr'><strong>alio</strong></span> <span class='ocrx_word' id='word_1_802' title='bbox 1788 5311 1993 5367; x_wconf 82' lang='lat' dir='ltr'><strong>cogna-</strong></span> <span class='ocrx_word' id='word_1_803' title='bbox 2042 5318 2045 5323; x_wconf 90' lang='grc'><strong>·</strong></span> 
     </span>
    </p>
   </div>
   <div class='ocr_carea' id='block_1_99' title="bbox 420 5384 1987 5457">
    <p class='ocr_par' dir='ltr' id='par_1_99' title="bbox 420 5384 1987 5457">
     <span class='ocr_line' id='line_1_99' title="bbox 420 5384 1987 5457; baseline -0.004 -9"><span class='ocrx_word' id='word_1_804' title='bbox 420 5403 534 5448; x_wconf 84' lang='lat' dir='ltr'><strong>tum</strong></span> <span class='ocrx_word' id='word_1_805' title='bbox 566 5399 668 5457; x_wconf 89' lang='lat' dir='ltr'><strong>est,</strong></span> <span class='ocrx_word' id='word_1_806' title='bbox 695 5389 862 5444; x_wconf 85' lang='lat' dir='ltr'><strong>facies</strong></span> <span class='ocrx_word' id='word_1_807' title='bbox 880 5386 1035 5441; x_wconf 88' lang='lat' dir='ltr'><strong>vituli</strong></span> <span class='ocrx_word' id='word_1_808' title='bbox 1064 5384 1219 5440; x_wconf 85' lang='lat' dir='ltr'><strong>faciei</strong></span> <span class='ocrx_word' id='word_1_809' title='bbox 1249 5385 1441 5448; x_wconf 85' lang='lat' dir='ltr'><strong>leonis,</strong></span> <span class='ocrx_word' id='word_1_810' title='bbox 1470 5396 1524 5439; x_wconf 89' lang='lat' dir='ltr'><strong>et</strong></span> <span class='ocrx_word' id='word_1_811' title='bbox 1544 5386 1721 5441; x_wconf 87' lang='lat' dir='ltr'><strong>vultus</strong></span> <span class='ocrx_word' id='word_1_812' title='bbox 1750 5386 1987 5442; x_wconf 85' lang='lat' dir='ltr'><strong>hominis</strong></span> 
     </span>
    </p>
   </div>
   <div class='ocr_carea' id='block_1_100' title="bbox 417 5478 1986 5553">
    <p class='ocr_par' dir='ltr' id='par_1_100' title="bbox 417 5478 1986 5553">
     <span class='ocr_line' id='line_1_100' title="bbox 417 5478 1986 5553; baseline -0.004 -14"><span class='ocrx_word' id='word_1_813' title='bbox 417 5484 588 5540; x_wconf 83' lang='lat' dir='ltr'><strong>vultui</strong></span> <span class='ocrx_word' id='word_1_814' title='bbox 618 5483 833 5553; x_wconf 67' lang='lat' dir='ltr'><strong>aquilas.</strong></span> <span class='ocrx_word' id='word_1_815' title='bbox 868 5479 984 5536; x_wconf 82' lang='lat' dir='ltr'><strong>Non</strong></span> <span class='ocrx_word' id='word_1_816' title='bbox 1024 5480 1188 5548; x_wconf 86' lang='lat' dir='ltr'><strong>igitur</strong></span> <span class='ocrx_word' id='word_1_817' title='bbox 1222 5491 1552 5546; x_wconf 78' lang='lat' dir='ltr'><strong>magnopere</strong></span> <span class='ocrx_word' id='word_1_818' title='bbox 1603 5478 1838 5543; x_wconf 87' lang='lat' dir='ltr'><strong>mireris,</strong></span> <span class='ocrx_word' id='word_1_819' title='bbox 1861 5494 1986 5533; x_wconf 88' lang='lat' dir='ltr'><strong>cum</strong></span> 
     </span>
    </p>
   </div>
   <div class='ocr_carea' id='block_1_101' title="bbox 415 5569 1989 5644">
    <p class='ocr_par' dir='ltr' id='par_1_101' title="bbox 415 5569 1989 5644">
     <span class='ocr_line' id='line_1_101' title="bbox 415 5569 1989 5644; baseline -0.002 -14"><span class='ocrx_word' id='word_1_820' title='bbox 415 5575 631 5631; x_wconf 83' lang='lat' dir='ltr'><strong>Pharao</strong></span> <span class='ocrx_word' id='word_1_821' title='bbox 662 5585 715 5630; x_wconf 89' lang='lat' dir='ltr'><strong>et</strong></span> <span class='ocrx_word' id='word_1_822' title='bbox 743 5573 1053 5644; x_wconf 74' lang='lat' dir='ltr'><strong>praecedens</strong></span> <span class='ocrx_word' id='word_1_823' title='bbox 1079 5586 1204 5627; x_wconf 82' lang='lat' dir='ltr'><strong>eum</strong></span> <span class='ocrx_word' id='word_1_824' title='bbox 1241 5569 1747 5625; x_wconf 86' lang='lat' dir='ltr'><strong>Nabuchodonosor</strong></span> <span class='ocrx_word' id='word_1_825' title='bbox 1789 5572 1989 5641; x_wconf 67' lang='lat' dir='ltr'><strong>aquila:</strong></span> 
     </span>
    </p>
   </div>
   <div class='ocr_carea' id='block_1_102' title="bbox 416 5660 1986 5739">
    <p class='ocr_par' dir='ltr' id='par_1_102' title="bbox 416 5660 1986 5739">
     <span class='ocr_line' id='line_1_102' title="bbox 416 5660 1986 5739; baseline -0.003 -17"><span class='ocrx_word' id='word_1_826' title='bbox 416 5676 802 5739; x_wconf 86' lang='lat' dir='ltr'><strong>nuncupantur</strong></span> <span class='ocrx_word' id='word_1_827' title='bbox 827 5683 842 5733; x_wconf 88' lang='lat'><strong>;</strong></span> <span class='ocrx_word' id='word_1_828' title='bbox 874 5665 1057 5734; x_wconf 87' lang='lat' dir='ltr'><strong>justus</strong></span> <span class='ocrx_word' id='word_1_829' title='bbox 1085 5677 1213 5718; x_wconf 79' lang='lat' dir='ltr'><strong>vero</strong></span> <span class='ocrx_word' id='word_1_830' title='bbox 1238 5677 1444 5732; x_wconf 90' lang='lat' dir='ltr'><strong>pennas</strong></span> <span class='ocrx_word' id='word_1_831' title='bbox 1466 5676 1746 5717; x_wconf 88' lang='lat' dir='ltr'><strong>assumere</strong></span> <span class='ocrx_word' id='word_1_832' title='bbox 1770 5660 1986 5718; x_wconf 86' lang='lat' dir='ltr'><strong>dicatur</strong></span> 
     </span>
    </p>
   </div>
   <div class='ocr_carea' id='block_1_103' title="bbox 468 5775 2013 5843">
    <p class='ocr_par' dir='ltr' id='par_1_103' title="bbox 468 5775 2013 5843">
     <span class='ocr_line' id='line_1_103' title="bbox 468 5775 2013 5843; baseline -0.006 -3"><span class='ocrx_word' id='word_1_833' title='bbox 468 5785 515 5816; x_wconf 81' lang='grc'><strong><em>³⁸</em></strong></span> <span class='ocrx_word' id='word_1_834' title='bbox 542 5783 701 5839; x_wconf 85' lang='lat' dir='ltr'><strong>Joan.</strong></span> <span class='ocrx_word' id='word_1_835' title='bbox 728 5798 809 5842; x_wconf 86' lang='lat' dir='ltr'><strong>tn,</strong></span> <span class='ocrx_word' id='word_1_836' title='bbox 841 5781 923 5834; x_wconf 66' lang='lat' dir='ltr'><strong>ll.</strong></span> <span class='ocrx_word' id='word_1_837' title='bbox 1018 5779 1061 5811; x_wconf 86' lang='grc'><strong>⁸⁷</strong></span> <span class='ocrx_word' id='word_1_838' title='bbox 1094 5777 1113 5831; x_wconf 83' lang='grc'><strong>1</strong></span> <span class='ocrx_word' id='word_1_839' title='bbox 1142 5777 1270 5834; x_wconf 90' lang='lat' dir='ltr'><strong>Cor.</strong></span> <span class='ocrx_word' id='word_1_840' title='bbox 1302 5792 1365 5843; x_wconf 86' lang='grc' dir='ltr'>ιι,</span> <span class='ocrx_word' id='word_1_841' title='bbox 1412 5777 1498 5832; x_wconf 83' lang='grc'><strong>10.</strong></span> <span class='ocrx_word' id='word_1_842' title='bbox 1610 5776 1655 5809; x_wconf 81' lang='grc'>⁸⁸</span> <span class='ocrx_word' id='word_1_843' title='bbox 1681 5775 1801 5831; x_wconf 82' lang='lat' dir='ltr'><strong>Act.</strong></span> <span class='ocrx_word' id='word_1_844' title='bbox 1839 5792 1895 5840; x_wconf 87' lang='lat' dir='ltr'><strong>x,</strong></span> <span class='ocrx_word' id='word_1_845' title='bbox 1924 5775 2013 5832; x_wconf 82' lang='lat' dir='ltr'><strong>l5.</strong></span> 
     </span>
    </p>
   </div>
   <div class='ocr_carea' id='block_1_104' title="bbox 415 5845 2016 5919">
    <p class='ocr_par' dir='ltr' id='par_1_104' title="bbox 415 5845 2016 5919">
     <span class='ocr_line' id='line_1_104' title="bbox 415 5845 2016 5919; baseline -0.006 -6"><span class='ocrx_word' id='word_1_846' title='bbox 415 5850 459 5882; x_wconf 80' lang='grc'><strong>⁹’</strong></span> <span class='ocrx_word' id='word_1_847' title='bbox 486 5854 623 5913; x_wconf 83' lang='lat' dir='ltr'><strong>Gen.</strong></span> <span class='ocrx_word' id='word_1_848' title='bbox 651 5868 726 5919; x_wconf 83' lang='lat' dir='ltr'><strong>Ix,</strong></span> <span class='ocrx_word' id='word_1_849' title='bbox 753 5852 842 5905; x_wconf 71' lang='lat'><strong>25.</strong></span> <span class='ocrx_word' id='word_1_850' title='bbox 920 5849 966 5883; x_wconf 81' lang='lat'>”</span> <span class='ocrx_word' id='word_1_851' title='bbox 1012 5847 1154 5904; x_wconf 83' lang='lat' dir='ltr'><strong>Psal.</strong></span> <span class='ocrx_word' id='word_1_852' title='bbox 1190 5864 1407 5914; x_wconf 83' lang='lat' dir='ltr'><strong>cxxxvt,</strong></span> <span class='ocrx_word' id='word_1_853' title='bbox 1447 5848 1499 5903; x_wconf 78' lang='grc'><strong>4.</strong></span> <span class='ocrx_word' id='word_1_854' title='bbox 1567 5846 1615 5883; x_wconf 64' lang='grc'><strong>⁸⁸</strong></span> <span class='ocrx_word' id='word_1_855' title='bbox 1637 5845 1808 5903; x_wconf 81' lang='lat' dir='ltr'><strong>Exod.</strong></span> <span class='ocrx_word' id='word_1_856' title='bbox 1836 5862 1927 5913; x_wconf 81' lang='lat' dir='ltr'><strong>xx,</strong></span> <span class='ocrx_word' id='word_1_857' title='bbox 1951 5847 2016 5903; x_wconf 74' lang='grc'><strong>2.</strong></span> 
     </span>
    </p>
   </div>
   <div class='ocr_carea' id='block_1_105' title="bbox 2100 4650 3672 4726">
    <p class='ocr_par' dir='ltr' id='par_1_105' title="bbox 2100 4650 3672 4726">
     <span class='ocr_line' id='line_1_105' title="bbox 2100 4650 3672 4726; baseline 0 -15"><span class='ocrx_word' id='word_1_858' title='bbox 2100 4657 2164 4711; x_wconf 88' lang='lat' dir='ltr'><strong>Et</strong></span> <span class='ocrx_word' id='word_1_859' title='bbox 2192 4665 2244 4711; x_wconf 90' lang='lat' dir='ltr'><strong>tu</strong></span> <span class='ocrx_word' id='word_1_860' title='bbox 2268 4656 2452 4726; x_wconf 87' lang='lat' dir='ltr'><strong>igitur,</strong></span> <span class='ocrx_word' id='word_1_861' title='bbox 2484 4655 2611 4709; x_wconf 89' lang='lat' dir='ltr'><strong>vitis</strong></span> <span class='ocrx_word' id='word_1_862' title='bbox 2633 4668 2755 4722; x_wconf 65' lang='lat' dir='ltr'><strong>quae</strong></span> <span class='ocrx_word' id='word_1_863' title='bbox 2782 4667 2870 4706; x_wconf 90' lang='lat' dir='ltr'><strong>me</strong></span> <span class='ocrx_word' id='word_1_864' title='bbox 2901 4653 3080 4716; x_wconf 90' lang='lat' dir='ltr'><strong>audis,</strong></span> <span class='ocrx_word' id='word_1_865' title='bbox 3112 4653 3156 4707; x_wconf 89' lang='lat' dir='ltr'><strong>si</strong></span> <span class='ocrx_word' id='word_1_866' title='bbox 3187 4650 3269 4709; x_wconf 87' lang='lat' dir='ltr'><strong>vis</strong></span> <span class='ocrx_word' id='word_1_867' title='bbox 3301 4670 3422 4710; x_wconf 91' lang='lat' dir='ltr'><strong>esse</strong></span> <span class='ocrx_word' id='word_1_868' title='bbox 3456 4672 3672 4726; x_wconf 81' lang='lat' dir='ltr'><strong>magna,</strong></span> 
     </span>
    </p>
   </div>
   <div class='ocr_carea' id='block_1_106' title="bbox 2100 4742 3672 4811">
    <p class='ocr_par' dir='ltr' id='par_1_106' title="bbox 2100 4742 3672 4811">
     <span class='ocr_line' id='line_1_106' title="bbox 2100 4742 3672 4811; baseline -0.001 -9"><span class='ocrx_word' id='word_1_869' title='bbox 2100 4748 2210 4803; x_wconf 91' lang='lat' dir='ltr'><strong>noli</strong></span> <span class='ocrx_word' id='word_1_870' title='bbox 2250 4747 2399 4801; x_wconf 73' lang='lat' dir='ltr'><strong>exire</strong></span> <span class='ocrx_word' id='word_1_871' title='bbox 2440 4747 2507 4800; x_wconf 92' lang='lat' dir='ltr'><strong>dc</strong></span> <span class='ocrx_word' id='word_1_872' title='bbox 2549 4744 2803 4799; x_wconf 72' lang='lat' dir='ltr'><strong>Ecclesiae</strong></span> <span class='ocrx_word' id='word_1_873' title='bbox 2850 4742 3073 4803; x_wconf 81' lang='lat' dir='ltr'><strong>ﬁnibus,</strong></span> <span class='ocrx_word' id='word_1_874' title='bbox 3124 4758 3382 4811; x_wconf 90' lang='lat' dir='ltr'><strong>permane</strong></span> <span class='ocrx_word' id='word_1_875' title='bbox 3423 4745 3476 4798; x_wconf 90' lang='lat' dir='ltr'><strong>in</strong></span> <span class='ocrx_word' id='word_1_876' title='bbox 3529 4756 3672 4801; x_wconf 82' lang='lat' dir='ltr'><strong>terra</strong></span> 
     </span>
    </p>
   </div>
   <div class='ocr_carea' id='block_1_107' title="bbox 2097 4834 3673 4906">
    <p class='ocr_par' dir='ltr' id='par_1_107' title="bbox 2097 4834 3673 4906">
     <span class='ocr_line' id='line_1_107' title="bbox 2097 4834 3673 4906; baseline -0.011 -10"><span class='ocrx_word' id='word_1_877' title='bbox 2097 4850 2285 4896; x_wconf 72' lang='lat' dir='ltr'><strong>sancta</strong></span> <span class='ocrx_word' id='word_1_878' title='bbox 2315 4837 2639 4892; x_wconf 80' lang='lat' dir='ltr'><strong>Jerusalem.</strong></span> <span class='ocrx_word' id='word_1_879' title='bbox 2684 4834 2841 4902; x_wconf 85' lang='lat' dir='ltr'><strong>Quod</strong></span> <span class='ocrx_word' id='word_1_880' title='bbox 2875 4836 2919 4888; x_wconf 89' lang='lat' dir='ltr'><strong>si</strong></span> <span class='ocrx_word' id='word_1_881' title='bbox 2967 4842 3188 4904; x_wconf 82' lang='lat' dir='ltr'><strong>propter</strong></span> <span class='ocrx_word' id='word_1_882' title='bbox 3221 4843 3439 4903; x_wconf 78' lang='lat' dir='ltr'><strong>peccata</strong></span> <span class='ocrx_word' id='word_1_883' title='bbox 3482 4837 3534 4890; x_wconf 88' lang='lat' dir='ltr'><strong>in</strong></span> <span class='ocrx_word' id='word_1_884' title='bbox 3578 4852 3673 4906; x_wconf 80' lang='lat' dir='ltr'><strong>pe.</strong></span> 
     </span>
    </p>
   </div>
   <div class='ocr_carea' id='block_1_108' title="bbox 2086 4925 3673 5014">
    <p class='ocr_par' dir='ltr' id='par_1_108' title="bbox 2086 4925 3673 5014">
     <span class='ocr_line' id='line_1_108' title="bbox 2086 4925 3673 5014; baseline -0.004 -26"><span class='ocrx_word' id='word_1_885' title='bbox 2086 4935 2210 5005; x_wconf 90' lang='lat' dir='ltr'><strong>jora</strong></span> <span class='ocrx_word' id='word_1_886' title='bbox 2242 4930 2540 4993; x_wconf 84' lang='lat' dir='ltr'><strong>corrueris,</strong></span> <span class='ocrx_word' id='word_1_887' title='bbox 2563 4925 2929 5014; x_wconf 58' lang='lat' dir='ltr'><strong>.transfereris</strong></span> <span class='ocrx_word' id='word_1_888' title='bbox 2960 4926 3015 4980; x_wconf 90' lang='lat' dir='ltr'><strong>in</strong></span> <span class='ocrx_word' id='word_1_889' title='bbox 3048 4926 3208 4979; x_wconf 74' lang='lat' dir='ltr'><strong>aliam</strong></span> <span class='ocrx_word' id='word_1_890' title='bbox 3240 4934 3463 4988; x_wconf 70' lang='lat' dir='ltr'><strong>ten&#39;am,</strong></span> <span class='ocrx_word' id='word_1_891' title='bbox 3487 4934 3542 4980; x_wconf 92' lang='lat' dir='ltr'><strong>et</strong></span> <span class='ocrx_word' id='word_1_892' title='bbox 3562 4928 3673 4982; x_wconf 89' lang='lat' dir='ltr'><strong>eris</strong></span> 
     </span>
    </p>
   </div>
   <div class='ocr_carea' id='block_1_109' title="bbox 2096 5017 3674 5092">
    <p class='ocr_par' dir='ltr' id='par_1_109' title="bbox 2096 5017 3674 5092">
     <span class='ocr_line' id='line_1_109' title="bbox 2096 5017 3674 5092; baseline -0.006 -11"><span class='ocrx_word' id='word_1_893' title='bbox 2096 5027 2150 5081; x_wconf 88' lang='lat' dir='ltr'><strong>in</strong></span> <span class='ocrx_word' id='word_1_894' title='bbox 2180 5027 2343 5080; x_wconf 87' lang='lat' dir='ltr'><strong>vitem</strong></span> <span class='ocrx_word' id='word_1_895' title='bbox 2377 5022 2650 5092; x_wconf 89' lang='lat' dir='ltr'><strong>pusillam,</strong></span> <span class='ocrx_word' id='word_1_896' title='bbox 2695 5028 2750 5073; x_wconf 90' lang='lat' dir='ltr'><strong>et</strong></span> <span class='ocrx_word' id='word_1_897' title='bbox 2788 5019 3039 5089; x_wconf 88' lang='lat' dir='ltr'><strong>palmites</strong></span> <span class='ocrx_word' id='word_1_898' title='bbox 3085 5017 3159 5070; x_wconf 89' lang='lat' dir='ltr'><strong>tui</strong></span> <span class='ocrx_word' id='word_1_899' title='bbox 3194 5017 3463 5081; x_wconf 79' lang='lat' dir='ltr'><strong>deciderit,</strong></span> <span class='ocrx_word' id='word_1_900' title='bbox 3494 5028 3547 5072; x_wconf 92' lang='lat' dir='ltr'><strong>et</strong></span> <span class='ocrx_word' id='word_1_901' title='bbox 3583 5032 3674 5072; x_wconf 81' lang='lat' dir='ltr'><strong>ra-</strong></span> 
     </span>
    </p>
   </div>
   <div class='ocr_carea' id='block_1_110' title="bbox 2095 5107 3672 5175">
    <p class='ocr_par' dir='ltr' id='par_1_110' title="bbox 2095 5107 3672 5175">
     <span class='ocr_line' id='line_1_110' title="bbox 2095 5107 3672 5175; baseline -0.008 -2"><span class='ocrx_word' id='word_1_902' title='bbox 2095 5118 2244 5172; x_wconf 88' lang='lat' dir='ltr'><strong>dices</strong></span> <span class='ocrx_word' id='word_1_903' title='bbox 2270 5126 2376 5169; x_wconf 77' lang='lat' dir='ltr'><strong>tute</strong></span> <span class='ocrx_word' id='word_1_904' title='bbox 2406 5111 2780 5173; x_wconf 83' lang='lat' dir='ltr'><strong>siccabuntur,</strong></span> <span class='ocrx_word' id='word_1_905' title='bbox 2815 5110 2869 5161; x_wconf 87' lang='lat' dir='ltr'><strong>in</strong></span> <span class='ocrx_word' id='word_1_906' title='bbox 2909 5116 3119 5161; x_wconf 79' lang='lat' dir='ltr'><strong>tantum</strong></span> <span class='ocrx_word' id='word_1_907' title='bbox 3153 5115 3211 5159; x_wconf 91' lang='lat' dir='ltr'><strong>ut</strong></span> <span class='ocrx_word' id='word_1_908' title='bbox 3244 5116 3431 5175; x_wconf 88' lang='lat' dir='ltr'><strong>postea</strong></span> <span class='ocrx_word' id='word_1_909' title='bbox 3458 5107 3672 5162; x_wconf 81' lang='lat' dir='ltr'><strong>deside-</strong></span> 
     </span>
    </p>
   </div>
   <div class='ocr_carea' id='block_1_111' title="bbox 2094 5196 3673 5274">
    <p class='ocr_par' dir='ltr' id='par_1_111' title="bbox 2094 5196 3673 5274">
     <span class='ocr_line' id='line_1_111' title="bbox 2094 5196 3673 5274; baseline -0.007 -13"><span class='ocrx_word' id='word_1_910' title='bbox 2094 5222 2184 5263; x_wconf 85' lang='lat' dir='ltr'><strong>res</strong></span> <span class='ocrx_word' id='word_1_911' title='bbox 2210 5205 2553 5274; x_wconf 85' lang='lat' dir='ltr'><strong>requiescere</strong></span> <span class='ocrx_word' id='word_1_912' title='bbox 2587 5215 2751 5269; x_wconf 88' lang='lat' dir='ltr'><strong>super</strong></span> <span class='ocrx_word' id='word_1_913' title='bbox 2785 5200 2946 5253; x_wconf 88' lang='lat' dir='ltr'><strong>aliam</strong></span> <span class='ocrx_word' id='word_1_914' title='bbox 2980 5197 3245 5267; x_wconf 89' lang='lat' dir='ltr'><strong>aquilam,</strong></span> <span class='ocrx_word' id='word_1_915' title='bbox 3274 5203 3337 5250; x_wconf 88' lang='lat' dir='ltr'><strong>ut</strong></span> <span class='ocrx_word' id='word_1_916' title='bbox 3364 5211 3508 5251; x_wconf 88' lang='lat' dir='ltr'><strong>nunc</strong></span> <span class='ocrx_word' id='word_1_917' title='bbox 3536 5196 3673 5250; x_wconf 84' lang='lat' dir='ltr'><strong>dici-</strong></span> 
     </span>
    </p>
   </div>
   <div class='ocr_carea' id='block_1_112' title="bbox 2094 5284 3669 5365">
    <p class='ocr_par' dir='ltr' id='par_1_112' title="bbox 2094 5284 3669 5365">
     <span class='ocr_line' id='line_1_112' title="bbox 2094 5284 3669 5365; baseline -0.01 -14"><span class='ocrx_word' id='word_1_918' title='bbox 2094 5309 2205 5359; x_wconf 90' lang='lat' dir='ltr'><strong>tur,</strong></span> <span class='ocrx_word' id='word_1_919' title='bbox 2243 5307 2564 5365; x_wconf 78' lang='lat' dir='ltr'><strong>magnarum</strong></span> <span class='ocrx_word' id='word_1_920' title='bbox 2615 5293 2825 5345; x_wconf 87' lang='lat' dir='ltr'><strong>alarum</strong></span> <span class='ocrx_word' id='word_1_921' title='bbox 2870 5298 2923 5344; x_wconf 84' lang='lat' dir='ltr'><strong>et</strong></span> <span class='ocrx_word' id='word_1_922' title='bbox 2976 5287 3335 5357; x_wconf 86' lang='lat' dir='ltr'><strong>plurimorum</strong></span> <span class='ocrx_word' id='word_1_923' title='bbox 3383 5284 3669 5355; x_wconf 87' lang='lat' dir='ltr'><strong>unguium.</strong></span> 
     </span>
    </p>
   </div>
   <div class='ocr_carea' id='block_1_113' title="bbox 2094 5376 3675 5444">
    <p class='ocr_par' dir='ltr' id='par_1_113' title="bbox 2094 5376 3675 5444">
     <span class='ocr_line' id='line_1_113' title="bbox 2094 5376 3675 5444; baseline -0.008 -4"><span class='ocrx_word' id='word_1_924' title='bbox 2094 5387 2305 5440; x_wconf 81' lang='lat' dir='ltr'><strong>Bonum</strong></span> <span class='ocrx_word' id='word_1_925' title='bbox 2338 5392 2422 5440; x_wconf 90' lang='lat' dir='ltr'><strong>est</strong></span> <span class='ocrx_word' id='word_1_926' title='bbox 2463 5383 2887 5438; x_wconf 85' lang='lat' dir='ltr'><strong>condemnatum</strong></span> <span class='ocrx_word' id='word_1_927' title='bbox 2935 5381 2991 5434; x_wconf 92' lang='lat' dir='ltr'><strong>in</strong></span> <span class='ocrx_word' id='word_1_928' title='bbox 3035 5376 3509 5433; x_wconf 82' lang='lat' dir='ltr'><strong>condemnationis</strong></span> <span class='ocrx_word' id='word_1_929' title='bbox 3548 5389 3675 5444; x_wconf 84' lang='lat' dir='ltr'><strong>per-</strong></span> 
     </span>
    </p>
   </div>
   <div class='ocr_carea' id='block_1_114' title="bbox 2096 5460 3668 5544">
    <p class='ocr_par' dir='ltr' id='par_1_114' title="bbox 2096 5460 3668 5544">
     <span class='ocr_line' id='line_1_114' title="bbox 2096 5460 3668 5544; baseline -0.009 -11"><span class='ocrx_word' id='word_1_930' title='bbox 2096 5493 2315 5533; x_wconf 84' lang='lat' dir='ltr'><strong>manere</strong></span> <span class='ocrx_word' id='word_1_931' title='bbox 2360 5475 2650 5540; x_wconf 87' lang='lat' dir='ltr'><strong>sentcntia,</strong></span> <span class='ocrx_word' id='word_1_932' title='bbox 2681 5460 2922 5544; x_wconf 87' lang='lat' dir='ltr'><strong>quandiu</strong></span> <span class='ocrx_word' id='word_1_933' title='bbox 2964 5470 3014 5525; x_wconf 87' lang='lat' dir='ltr'><strong>ei</strong></span> <span class='ocrx_word' id='word_1_934' title='bbox 3055 5470 3188 5525; x_wconf 85' lang='lat' dir='ltr'><strong>libet</strong></span> <span class='ocrx_word' id='word_1_935' title='bbox 3233 5469 3328 5539; x_wconf 87' lang='lat' dir='ltr'><strong>qui</strong></span> <span class='ocrx_word' id='word_1_936' title='bbox 3369 5467 3668 5524; x_wconf 80' lang='lat' dir='ltr'><strong>damnavit.</strong></span> 
     </span>
    </p>
   </div>
   <div class='ocr_carea' id='block_1_115' title="bbox 2093 5558 3670 5629">
    <p class='ocr_par' dir='ltr' id='par_1_115' title="bbox 2093 5558 3670 5629">
     <span class='ocr_line' id='line_1_115' title="bbox 2093 5558 3670 5629; baseline -0.012 0"><span class='ocrx_word' id='word_1_937' title='bbox 2093 5573 2212 5629; x_wconf 79' lang='lat' dir='ltr'><strong>Non</strong></span> <span class='ocrx_word' id='word_1_938' title='bbox 2240 5582 2527 5626; x_wconf 86' lang='lat' dir='ltr'><strong>curramus</strong></span> <span class='ocrx_word' id='word_1_939' title='bbox 2554 5567 2800 5622; x_wconf 85' lang='lat' dir='ltr'><strong>volentes</strong></span> <span class='ocrx_word' id='word_1_940' title='bbox 2830 5564 2896 5618; x_wconf 85' lang='lat' dir='ltr'><strong>ad</strong></span> <span class='ocrx_word' id='word_1_941' title='bbox 2932 5561 3295 5617; x_wconf 81' lang='lat' dir='ltr'><strong>Pharaonem.</strong></span> <span class='ocrx_word' id='word_1_942' title='bbox 3333 5558 3391 5614; x_wconf 88' lang='lat' dir='ltr'><strong>Si</strong></span> <span class='ocrx_word' id='word_1_943' title='bbox 3419 5558 3565 5612; x_wconf 90' lang='lat' dir='ltr'><strong>enim</strong></span> <span class='ocrx_word' id='word_1_944' title='bbox 3602 5558 3670 5611; x_wconf 83' lang='lat' dir='ltr'><strong>ad</strong></span> 
     </span>
    </p>
   </div>
   <div class='ocr_carea' id='block_1_116' title="bbox 2094 5645 3669 5724">
    <p class='ocr_par' dir='ltr' id='par_1_116' title="bbox 2094 5645 3669 5724">
     <span class='ocr_line' id='line_1_116' title="bbox 2094 5645 3669 5724; baseline -0.012 -5"><span class='ocrx_word' id='word_1_945' title='bbox 2094 5677 2218 5720; x_wconf 86' lang='lat' dir='ltr'><strong>eum</strong></span> <span class='ocrx_word' id='word_1_946' title='bbox 2241 5658 2742 5724; x_wconf 77' lang='lat' dir='ltr'><strong>eurrimus,eontra</strong></span> <span class='ocrx_word' id='word_1_947' title='bbox 2759 5654 2926 5709; x_wconf 85' lang='lat' dir='ltr'><strong>Deum</strong></span> <span class='ocrx_word' id='word_1_948' title='bbox 2947 5651 3178 5708; x_wconf 81' lang='lat' dir='ltr'><strong>facimus</strong></span> <span class='ocrx_word' id='word_1_949' title='bbox 3203 5650 3299 5720; x_wconf 87' lang='lat' dir='ltr'><strong>qui</strong></span> <span class='ocrx_word' id='word_1_950' title='bbox 3318 5649 3539 5707; x_wconf 68' lang='lat' dir='ltr'><strong>dixit“:</strong></span> <span class='ocrx_word' id='word_1_951' title='bbox 3558 5645 3669 5717; x_wconf 70' lang='lat' dir='ltr'><strong>Ego</strong></span> 
     </span>
    </p>
   </div>
   <div class='ocr_carea' id='block_1_117' title="bbox 2112 5762 3664 5841">
    <p class='ocr_par' dir='ltr' id='par_1_117' title="bbox 2112 5762 3664 5841">
     <span class='ocr_line' id='line_1_117' title="bbox 2112 5762 3664 5841; baseline -0.008 -11"><span class='ocrx_word' id='word_1_952' title='bbox 2112 5775 2156 5809; x_wconf 71' lang='grc'><strong>⁸³</strong></span> <span class='ocrx_word' id='word_1_953' title='bbox 2187 5773 2291 5831; x_wconf 82' lang='lat' dir='ltr'><strong>lsa.</strong></span> <span class='ocrx_word' id='word_1_954' title='bbox 2331 5787 2410 5841; x_wconf 85' lang='lat' dir='ltr'><strong>xl,</strong></span> <span class='ocrx_word' id='word_1_955' title='bbox 2435 5770 2487 5826; x_wconf 84' lang='lat'><strong>6.</strong></span> <span class='ocrx_word' id='word_1_956' title='bbox 2576 5768 2623 5802; x_wconf 86' lang='grc'>⁹⁶</span> <span class='ocrx_word' id='word_1_957' title='bbox 2643 5768 2830 5825; x_wconf 81' lang='lat' dir='ltr'><strong>Matth.</strong></span> <span class='ocrx_word' id='word_1_958' title='bbox 2868 5784 2961 5834; x_wconf 83' lang='lat' dir='ltr'><strong>vn,</strong></span> <span class='ocrx_word' id='word_1_959' title='bbox 2999 5765 3085 5821; x_wconf 70' lang='grc'><strong>15.</strong></span> <span class='ocrx_word' id='word_1_960' title='bbox 3160 5765 3204 5797; x_wconf 80' lang='grc'><strong>⁹¹</strong></span> <span class='ocrx_word' id='word_1_961' title='bbox 3242 5765 3343 5819; x_wconf 87' lang='lat' dir='ltr'><strong>lsa.</strong></span> <span class='ocrx_word' id='word_1_962' title='bbox 3380 5780 3433 5830; x_wconf 83' lang='lat' dir='ltr'><strong>x,</strong></span> <span class='ocrx_word' id='word_1_963' title='bbox 3461 5762 3547 5830; x_wconf 76' lang='grc'><strong>13,</strong></span> <span class='ocrx_word' id='word_1_964' title='bbox 3580 5764 3664 5818; x_wconf 67' lang='lat' dir='ltr'><strong>l4.</strong></span> 
     </span>
    </p>
   </div>
  </div>
