4128 6424
1685 396 2004 452 Ollllil-ZNIS
2039 393 2102 447 IN
2143 391 2571 447 EZECHIELEM

3651 399 3756 454 75':

480 538 594 575 sum
615 520 871 574 Dominus
896 517 1292 586 Deustuus,qui
1315 524 1361 568 te
1388 515 1546 569 eduxi
1567 516 1628 568 de
1656 526 1796 570 terra
1814 512 2055 584 ﬁgypti,
2091 516 2131 570 Α
2167 509 2368 578 populo
2400 520 2608 579 peccat,
2644 518 2698 564 et
2729 509 2795 563 de
2825 507 2920 564 Dei
2947 509 3100 579 plebe
3132 509 3337 566 diaboli
3378 511 3593 582 laqueis
3620 530 3756 584 pra:-

482 615 544 668 de
567 613 723 667 domo
758 613 1046 666 servitutis.
1092 610 1173 664 Ad
1220 607 1724 664 Nabuchodonosor
1766 603 1914 660 enim
1953 622 2059 658 non

483 718 592 760 tam
628 716 820 775 spcnte
844 719 1229 776 properamus,
1249 717 1415 773 quam
1455 701 1804 757 condemnati
1849 708 1904 754 et
1942 713 2064 769 per-

483 794 639 848 ttacti
671 793 737 846 ad
771 808 893 847 eum
931 807 1143 846 sumus.

552 887 603 941 5.
641 885 896 952 Sequitur
915 886 960 917 ’⁸
987 904 999 938 :
1052 883 1117 938 Et
1156 889 1357 954 [actum
1389 893 1490 950 est,
1521 884 1706 954 aquila
1739 885 1909 938 altera
1944 901 2062 937 ma-

483 994 607 1046 gna,
637 977 840 1046 magnis
871 977 974 1030 alis
1019 987 1067 1030 et
1123 975 1350 1042 copiosis
1398 976 1682 1045 unguibus,
1721 985 1769 1029 et
1805 991 1918 1030 ecce
1945 976 2064 1028 vitis

482 1072 589 1124 ista
623 1069 1015 1140 amplexabitur
1040 1085 1176 1133 eam,
1221 1066 1272 1121 id
1313 1077 1420 1128 est,
1466 1069 1762 1123 seeumlam
1803 1067 2061 1138 aquilam.

487 1162 683 1217 Evenit
701 1177 842 1232 saepe
865 1171 922 1215 nt
951 1162 1019 1216 ab
1041 1177 1146 1216 una
1171 1160 1443 1214 contraria
1471 1157 1784 1215 fortitudine
1808 1161 1873 1215 ad
1903 1159 2064 1214 aliam

486 1251 899 1308 transferamur.
944 1250 1193 1306 Iusserat
1223 1250 1369 1304 enim
1403 1249 1568 1314 Deus,
1604 1259 1663 1304 ut
1696 1249 2063 1304 Israelitarum

481 1345 717 1415 populus
748 1343 850 1398 sub
879 1341 1386 1398 Nabuchodonosor
1431 1341 1620 1412 jugum
1663 1341 1800 1395 colla
1831 1341 2066 1396 submit-

485 1444 642 1499 teret,
677 1443 735 1488 ut
762 1433 995 1502 legimus
1026 1433 1079 1486 in
1112 1431 1368 1496 Jeremia,
1400 1431 1452 1485 in
1489 1441 1698 1486 tantum
1740 1439 1800 1484 ut
1841 1433 2068 1488 somnii-

485 1536 711 1582 naretur
753 1525 803 1580 ei
847 1525 941 1595 qui
985 1526 1055 1579 ab
1102 1526 1223 1593 ejus
1263 1523 1485 1580 servitio
1531 1523 1862 1590 declinaret;
1904 1533 1960 1579 et
2001 1540 2069 1580 eo

498 1623 737 1682 tempore
779 1628 886 1680 quo
925 1611 1212 1666 Jeremiam
1254 1612 1604 1682 exposuimus
1626 1653 1639 1676 ,
1669 1628 1732 1667 ea
1765 1630 1886 1684 quae
1915 1616 2074 1671 nobis

493 1703 664 1774 gratia
696 1703 787 1757 Dei
822 1704 1100 1758 orantibus
1129 1702 1281 1759 vobis
1311 1703 1499 1774 largita
1528 1716 1628 1772 est,
1663 1707 1777 1761 sive
1806 1716 1952 1762 certe
1984 1719 2072 1763 ut-

494 1811 708 1865 cunque
753 1795 1052 1860 sensimus,
1096 1811 1370 1867 exponere
1417 1798 1596 1852 conati
1649 1814 1858 1854 sumus.
1892 1799 2074 1856 Noluit

491 1896 674 1941 autem
703 1887 757 1942 id
800 1885 977 1942 facere
1019 1866 1183 1958 quod
1215 1887 1392 1944 fuerat
1438 1889 1762 1960 imperatum
1783 1932 1799 1957 ,
1829 1893 1924 1947 sed
1954 1896 2072 1964 pal-
2095 1866 2140 1928 Β

489 1979 649 2034 mites
677 1993 803 2034 suos
830 1980 1074 2035 extendit
1101 1981 1168 2036 ad
1212 1981 1550 2037 Pharaonem
1595 1983 1649 2036 in
1679 1984 1832 2054 gleba
1860 1985 2072 2054 planta-

493 2070 656 2125 tionis
685 2071 837 2140 ejus;
887 2073 956 2128 ab
998 2088 1064 2128 eo
1114 2073 1408 2129 constituta
1458 2083 1544 2129 est
1586 2075 1640 2128 in
1683 2089 1876 2144 campo
1907 2091 2072 2146 super

491 2176 687 2230 aquam
723 2163 976 2229 multam,
1008 2174 1068 2219 ut
1113 2164 1322 2220 fructus
1367 2165 1585 2221 aﬂ‘erret
1631 2166 1966 2236 uberrimos;
2015 2180 2071 2225 et

489 2254 704 2309 deserta
737 2255 968 2327 Aigypto
1013 2273 1230 2314 rursum
1266 2259 1555 2330 {Egyptum
1605 2263 1935 2333 concupivit,
1971 2280 2072 2334 pu-

493 2354 615 2400 tans
667 2361 726 2401 se
779 2347 1078 2403 ubertatem
1130 2350 1412 2420 pristinam
1449 2361 1863 2408 consecuturam
1907 2372 1920 2407 :
1966 2355 2071 2411 hoc

490 2441 544 2495 in
593 2443 784 2514 primis
842 2445 1083 2518 cogitans
1141 2446 1286 2518 quod
1330 2447 1374 2502 si
1443 2447 1942 2506 Nabuchodonosor
2002 2453 2070 2507 ad

488 2532 826 2590 Pharaonem
867 2538 1290 2602 transcenderet.
1329 2541 1536 2596 radices
1579 2541 1839 2609 firmaret,
1871 2543 2071 2599 evelle-

489 2637 574 2682 ret
609 2637 908 2692 staturam,
948 2629 1156 2686 fructus
1202 2632 1441 2688 afferret.
1485 2631 1591 2688 Sed
1643 2633 1696 2688 in
1739 2635 2070 2690 contrarium

487 2735 647 2789 quam
700 2721 912 2790 putavit
961 2725 1142 2779 omnia
1205 2725 1535 2782 reciderunt.
1586 2727 1820 2783 Fructus
1869 2728 2071 2799 quippe

488 2809 608 2878 ejus
633 2811 812 2866 omnis
845 2813 1194 2882 computruit,
1227 2823 1284 2869 et
1311 2815 1693 2884 pullulationes
1724 2831 1844 2887 qua:
1873 2819 2068 2874 saltem

481 2899 714 2956 modicae
747 2900 801 2955 in
831 2901 1156 2973 Babylonem
1188 2916 1470 2971 venerant,
1504 2907 1806 2964 mutatione
1835 2909 2072 2981 regionis

476 2999 847 3056 exaruerunt,
890 2991 943 3045 in
994 3001 1202 3048 tantum
1243 3003 1304 3050 ut
1350 2996 1606 3053 radicitus
1637 2998 1822 3054 evulsa
1869 2999 1958 3065 sit,
1999 3016 2071 3055 ne

475 3074 629 3130 .ultra
665 3075 720 3129 in
747 3077 970 3134 brachio
999 3097 1193 3153 magno
1220 3093 1316 3139 aut
1343 3085 1398 3140 in
1444 3087 1645 3157 populo
1673 3087 1906 3157 plurimo
1934 3104 2069 3145 con—

480 3168 806 3226 valesceret.
837 3170 976 3236 Quid
1008 3173 1060 3228 in
1093 3191 1150 3230 se
1185 3176 1301 3232 haec
1333 3185 1479 3234 tanta
1508 3179 1594 3234 vel
1625 3179 1751 3234 talia
1785 3181 2069 3236 continent
2095 3211 2137 3270 ρ

478 3262 858 3316 sacramenta?
901 3263 1040 3329 Quid
1105 3267 1476 3338 unusquisque
1531 3285 1714 3326 sermo
1762 3269 2070 3340 significat?

486 3349 816 3418 Possumus,
859 3354 903 3409 si
946 3365 1127 3412 tamen
1161 3360 1458 3414 habeamus
1484 3362 1777 3424 auditores,
1809 3362 1876 3416 ad
1905 3361 2062 3416 aliam

472 3444 772 3511 ,quamdam
793 3445 1092 3502 Jerusalem
1119 3451 1506 3516 conscendere,
1533 3461 1588 3507 et
1606 3453 1701 3508 tibi
1726 3455 2065 3513 demonstra-

489 3547 551 3587 re
577 3531 856 3602 quomodo
889 3531 1070 3603 aquila
1104 3545 1300 3600 magna
1329 3529 1552 3585 ductum
1584 3545 1745 3586 suum
1774 3529 1985 3594 fecerit,
2016 3538 2072 3585 et

465 3621 545 3676 .in
602 3623 744 3678 hanc
789 3638 952 3692 quam
1002 3635 1148 3676 nunc
1190 3636 1292 3675 nos
1343 3621 1687 3691 possidemus
1737 3620 2070 3693 Babylonem

478 3716 832 3773 summitates
878 3717 998 3787 ejus
1068 3716 1342 3771 detulerit.
1407 3714 1710 3773 Possumus
1773 3718 2069 3774 secretiora

481 3807 738 3877 quaedam
764 3807 833 3863 de
875 3807 1158 3864 Pharaone
1199 3807 1390 3877 loqui:
1433 3823 1622 3862 verum
1659 3809 1785 3879 quia
1826 3819 2072 3880 tempore

469 3908 852 3964 coarctamur,
879 3909 932 3954 et
951 3898 1090 3954 forte
1107 3899 1368 3956 audenter
1389 3901 1758 3970 promittimus
1780 3902 1929 3972 quod
1961 3918 2069 3958 non

488 3989 770 4043 valeamus
803 3989 1046 4057 implere,
1074 3988 1142 4044 ad
1173 3989 1384 4045 minora
1432 3991 1742 4059 redeamus,
1771 4001 1827 4047 et
1868 4007 2068 4049 secun-

484 4079 621 4134 dum
652 4094 966 4135 mensuram
1013 4080 1319 4136 intellectus
1354 4083 1528 4137 nostri
1570 4082 1652 4138 sic
1688 4084 1870 4153 potius
1897 4099 2070 4155 expo-

490 4187 708 4227 namus.
739 4169 898 4226 Venit
919 4171 987 4226 ad
1008 4172 1174 4226 istum
1198 4172 1487 4240 Libanum,
1514 4175 1620 4230 hoc
1640 4185 1723 4230 est
1742 4175 2068 4240 Ecciesiam,

473 4261 584 4316 subi
611 4261 804 4316 hostia
842 4259 960 4322 Dei,
992 4260 1085 4314 ubi
1115 4261 1399 4318 incensum
1428 4263 1738 4318 orationum
1771 4263 1894 4332 ejus
1922 4263 2070 4319 cele-

490 4351 701 4413 bratur,
735 4350 839 4405 ista
867 4364 1061 4420 magna
1092 4359 1146 4406 et
1166 4366 1293 4406 vera
1323 4353 1505 4423 aquila
1543 4354 2068 4421 Nabuchodonosor,

485 4439 543 4492 id
574 4447 658 4495 est
681 4440 848 4511 398
876 4441 1150 4509 diabolus,
1183 4451 1238 4498 et
1268 4444 1464 4513 rapuit.
1487 4444 1646 4499 Absit
1674 4453 1856 4502 autem
1885 4461 1916 4500 a
1941 4453 2073 4500 tem-

2172 601 2405 668 peditur.
2431 599 2772 670 Quapropter
2796 601 2992 658 diebus
3022 612 3076 656 et
3113 603 3366 659 noctibus
3389 611 3499 659 tam
3531 620 3631 674 pro
3657 621 3760 661 no-

2169 690 2253 746 bis
2301 706 2467 761 quam
2525 705 2623 760 pro
2670 691 2936 746 fratribus
2989 693 3196 748 nostris
3249 693 3343 749 Dei
3402 696 3762 766 imploremus

2169 785 2470 851 auxilium,
2513 799 2583 840 ne
2632 784 2758 853 quis
2810 785 2879 839 de
2939 783 3245 841 Jerusalem
3295 788 3658 844 transferatur
3699 790 3754 846 in

2165 877 2451 944 Chanaan,
2490 891 2559 931 ne
2601 876 2868 932 sententia
2906 876 3026 947 ejus
3058 877 3272 934 deserta
3304 894 3335 934 a
3376 879 3659 937 voluntate
3688 883 3748 938 il-

2168 970 2272 1024 lius
2304 969 2371 1023 ad
2412 969 2578 1022 aliam
2625 967 2915 1022 tendamus
2945 968 3207 1038 aquilam,
3261 983 3316 1025 et.
3363 972 3547 1026 veniat
3591 988 3756 1045 super

2169 1075 2269 1114 nos
2315 1059 2394 1114 ira
2451 1058 2728 1129 majorset
2774 1067 3049 1130 putrescat
3089 1061 3342 1118 universa
3379 1063 3671 1136 plantatio,
3701 1077 3758 1122 et

2170 1148 2385 1206 fructus
2437 1150 2642 1220 pariter
2681 1164 2807 1205 cum
2868 1149 3144 1208 radicibus
3197 1164 3430 1209 arescat.
3481 1154 3755 1212 Plantatio

2167 1241 2368 1312 quippe
2413 1239 2718 1296 Jerusalem
2769 1256 2877 1296 non
2929 1250 3108 1312 potest
3143 1243 3197 1297 in
3250 1245 3356 1300 alia
3411 1255 3554 1301 terra
3610 1245 3752 1303 ferre

2168 1332 2404 1401 fructus,
2433 1349 2542 1389 non
2569 1331 2700 1388 facit
2731 1333 2986 1404 palmites
3032 1335 3088 1389 in
3141 1335 3343 1392 finibus
3393 1339 3608 1404 alienis,
3656 1341 3752 1395 sed

2171 1426 2353 1478 statim
2389 1441 2514 1479 cum
2543 1425 2696 1494 gleba
2723 1440 2822 1480 sua
2859 1425 3100 1479 siccatur
3141 1429 3185 1482 si
3221 1444 3330 1482 non
3372 1446 3757 1500 perseverave-

2168 1520 2240 1574 rit
2264 1521 2317 1574 in
2347 1520 2623 1574 voluntate
2658 1519 2774 1580 Dei,
2807 1525 2862 1573 et
2910 1517 2963 1572 in
3008 1517 3250 1575 Ecclesia
3291 1522 3431 1591 ejus,
3480 1523 3533 1578 id
3575 1537 3659 1580 est
3699 1528 3751 1580 in

2169 1613 2348 1670 factis.
2389 1620 2443 1666 et
2470 1612 2838 1676 sermonibus,
2883 1621 2936 1665 et
2978 1611 3202 1666 scientia
3250 1616 3498 1669 veritatis
3547 1616 3750 1672 Christi

2167 1704 2322 1762 Jesu:
2346 1705 2436 1760 cui
2459 1716 2544 1760 est
2575 1707 2746 1777 gloria
2789 1715 2844 1760 et
2887 1705 3172 1776 imperium
3205 1706 3259 1760 in
3294 1707 3491 1761 saecula
3523 1709 3753 1763 sacculo-

2169 1813 2314 1853 rum.
2350 1798 2549 1853 Amen.

2743 1907 3027 1966 HOMILIA
3064 1909 3181 1966 XII.

2171 1999 2244 2054 De
2271 2017 2330 2055 eo
2357 2002 2496 2072 quod
2527 2001 2783 2071 scriptum
2823 2012 2899 2055 est
2924 2001 3010 2072 "7:
3053 2021 3072 2054 ς
3107 2000 3219 2056 Fili
3261 2002 3515 2066 hominis,
3549 2001 3636 2055 dic
3685 2003 3754 2056 ad

2237 2071 2448 2125 domum
2479 2082 2874 2141 exasperantem
2899 2087 2918 2124 :
2955 2071 3187 2126 Nescitis
3231 2074 3358 2134 quid
3405 2075 3511 2127 ista
3548 2073 3757 2142 signiﬁ-

2238 2151 2374 2196 cent.
2408 2160 2426 2192 ι

2239 2255 2291 2308 1.
2317 2251 2392 2306 Ea
2417 2267 2540 2322 quae
2565 2251 2678 2322 jam
2706 2267 2875 2322 supra
2903 2250 3198 2306 memoravi
3225 2251 3292 2306 de
3318 2253 3531 2308 duabus
3556 2254 3758 2323 aquilis

2169 2346 2410 2416 magnis,
2449 2354 2504 2400 et
2549 2359 2868 2415 magnarum
2905 2344 3150 2412 alarum,
3188 2353 3243 2398 et
3285 2359 3606 2415 magnorum
3649 2361 3756 2399 un-

2167 2439 2375 2508 guium,
2409 2451 2618 2492 necnon
2656 2451 2780 2506 quae
2811 2436 2990 2507 prima
3035 2446 3090 2490 et
3132 2436 3372 2491 secunda
3410 2436 3591 2506 aquila
3634 2452 3758 2506 ges-

2169 2538 2378 2595 serunt,
2411 2543 2558 2584 nunc
2577 2529 2733 2598 quasi
2764 2527 2818 2582 in
2848 2527 3131 2598 prophetia
3159 2526 3360 2582 scilicet
3391 2528 3619 2598 figurata
3644 2530 3759 2584 vult

2167 2638 2234 2678 ex
2271 2632 2423 2693 parte
2450 2634 2633 2676 sermo
2669 2619 2889 2674 divinus
2929 2633 3223 2688 exponere,
3255 2619 3415 2674 nobis
3448 2619 3516 2674 ad
3549 2620 3754 2675 intellio

2176 2713 2411 2785 gendum
2458 2712 2773 2782 relinquens
2824 2727 2946 2781 quae
2989 2711 3106 2781 ipse
3149 2710 3356 2766 dimisit
3406 2711 3630 2767 intacta.
3682 2714 3759 2768 Ac

2170 2808 2406 2878 primum
2461 2805 2680 2876 quidem
2741 2804 2870 2860 licet
2922 2819 3063 2876 saepe
3103 2804 3215 2874 jam
3263 2803 3528 2872 dixerim,
3575 2815 3756 2860 tamen

2167 2899 2334 2954 etiam
2393 2911 2542 2954 nunc
2595 2895 2800 2967 aliquid
2849 2911 2958 2952 non
3010 2911 3212 2950 novum
3269 2895 3470 2952 inferre
3517 2898 3759 2952 conabor

2168 2989 2314 3060 quod
2365 2995 2566 3043 nostra;
2608 2987 2804 3042 animae
2855 2985 3060 3042 tribuat
3104 2985 3356 3052 salutem,
3399 2987 3453 3042 in
3501 3001 3567 3042 eo
3611 2988 3760 3059 quod

2169 3083 2375 3139 dictum
2403 3093 2488 3137 est
2512 3081 2577 3135 ad
2613 3079 2931 3151 prophetam
2953 3080 2996 3112 "
3024 3097 3038 3133 :
3069 3077 3167 3132 Dic
3195 3080 3265 3133 ad
3303 3086 3519 3135 domum
3550 3085 3759 3136 antari-

2171 3182 2410 3238 cantem,
2448 3170 2563 3226 sive
2605 3169 3029 3228 cxacerbantem.
3074 3167 3194 3224 Non
3239 3169 3383 3224 enim
3435 3169 3641 3225 addidit
3691 3173 3758 3226 ad

2173 3268 2398 3323 domum
2431 3263 2873 3328 exacerbantem,
2897 3263 3010 3317 sive
3037 3271 3448 3330 exasperantem
3479 3278 3586 3320 me.
3619 3263 3684 3318 Et
3713 3265 3762 3320 si

2174 3355 2427 3410 volumus
2448 3353 2631 3408 videre
2653 3350 2963 3421 cujusmodi
2990 3350 3062 3405 sit
3087 3360 3368 3420 peccatum
3393 3353 3756 3420 exasperatio,

2178 3447 2468 3503 audiamus
2499 3459 2663 3515 quam
2697 3441 2876 3498 dulcia
2909 3441 2958 3496 ei
2998 3440 3090 3511 qui
3122 3441 3373 3512 intelligit
3410 3441 3626 3511 eloquia
3661 3441 3756 3496 Dei

2173 3548 2325 3602 sunt,
2364 3536 2564 3594 dicenti
2593 3536 2640 3568 ”
2678 3553 2691 3588 :
2731 3533 2904 3599 Quam
2933 3531 3115 3586 dulcia
3146 3532 3349 3603 gutturi
3388 3549 3501 3586 mea
3545 3533 3756 3604 eloquia

2177 3641 2294 3686 tua.
2328 3627 2456 3685 Haec
2495 3627 2812 3683 naturaliter
2839 3624 3017 3679 dulcia
3045 3638 3169 3678 cum
3199 3624 3596 3692 assumpserint
3633 3640 3756 3680 cre-

2172 3723 2385 3784 dentes,
2428 3729 2524 3775 aut
2565 3719 2702 3773 bene
2741 3717 2964 3781 vivunt,
3000 3724 3096 3770 aut
3137 3729 3262 3769 vere
3295 3715 3630 3770 contrarium
3677 3715 3757 3771 fa-

2173 3814 2347 3870 ciunt.
2377 3810 2444 3866 Et
2480 3811 2527 3866 si
2560 3809 2778 3880 quidem
2813 3809 2967 3880 juxta
3000 3808 3240 3862 divinam
3287 3807 3530 3879 regulam
3574 3811 3756 3879 ingre-

2171 3907 2414 3971 diuntur,
2460 3909 2743 3959 reservant
2785 3900 3002 3972 eloquia
3041 3900 3134 3976 Dei
3179 3901 3236 3956 in
3279 3915 3345 3956 eo
3379 3899 3604 3956 dulcore
3644 3917 3756 3972 quo

2172 4003 2297 4050 nata
2323 4003 2472 4050 sunt.
2497 3991 2662 4048 Juxta
2694 3993 2798 4047 mei
2826 4000 3008 4047 autem
3032 3991 3200 4046 animi
3230 3999 3439 4045 motum
3469 4001 3600 4060 puto
3627 3991 3757 4060 quia

2171 4086 2604 4144 conversationis
2641 4085 2884 4140 bonitate
2913 4092 2969 4138 et
3005 4092 3241 4154 augeant
3279 4083 3620 4153 eloquiorum
3660 4083 3754 4139 Dei

2173 4178 2498 4235 suavitatem
2531 4176 2823 4232 miscentes
2850 4174 3193 4229 dulcedinem
3237 4174 3359 4229 vitae
3393 4175 3601 4230 dulcori
3637 4189 3756 4230 ser-

2175 4269 2374 4324 monis.
2408 4267 2502 4323 Sin
2533 4283 2662 4324 vero
2688 4266 2814 4337 quis
2841 4273 3048 4336 peccet,
3087 4274 3142 4321 et
3174 4275 3327 4338 extra
3360 4277 3626 4336 praecepta
3657 4266 3753 4323 Dei

2175 4375 2470 4433 perversos
2492 4359 2732 4423 incedat,
2769 4357 2872 4412 iste
2898 4357 3171 4426 accipiens
3197 4355 3512 4412 dulcissima
3541 4357 3756 4427 eloquia

2178 4449 2292 4517 Dei,
2323 4465 2416 4520 per
2438 4459 2690 4505 naturam
2717 4446 3049 4502 amarissimi
3078 4447 3284 4515 peccati
3305 4447 3576 4518 (amarum
3605 4447 3758 4516 quip-

487 4530 716 4601 poribus
750 4531 972 4596 nostris,
1026 4539 1085 4585 ut
1139 4532 1208 4588 de
1260 4535 1490 4588 summis
1536 4535 1707 4600 cedri,
1753 4535 1808 4590 id
1861 4542 1946 4591 est
2005 4537 2072 4592 de
2103 4558 2148 4613 ι)
2181 4557 2244 4612 pe
2271 4551 2553 4612 peccatum
2585 4547 2670 4595 est
2703 4537 2849 4608 quod
2889 4537 3230 4592 dulcedinem
3274 4541 3543 4591 sermonis
3571 4545 3755 4590 exter-

480 4622 850 4692 principibus,
877 4630 934 4678 et
965 4623 1033 4678 de
1079 4625 1227 4694 regio
1256 4627 1463 4681 semine
1488 4627 1540 4680 in
1582 4627 1842 4683 Chanaan
1889 4638 2071 4685 trans-

492 4715 648 4771 ferat.
696 4713 928 4772 Oremus
969 4732 1038 4772 ne
1083 4719 1173 4772 ﬁat
1223 4719 1367 4787 quod
1394 4734 1536 4790 saepe
1573 4717 1777 4776 factum
1817 4730 1919 4777 est.
1965 4720 2070 4776 As-

492 4808 694 4876 sumpti
727 4808 873 4863 enim
907 4816 1034 4863 sunt
1063 4809 1306 4879 quidam,
1341 4819 1396 4865 et
1428 4811 1481 4864 in
1511 4810 1839 4883 Babylonem
1885 4824 2068 4869 trans-

484 4897 608 4966 lati,
649 4901 742 4969 qui
797 4901 850 4954 in
893 4899 1134 4956 Ecclesia
1163 4904 1438 4973 principes
1465 4903 1706 4970 fuerunt,
1751 4912 1805 4959 et
1849 4916 2069 4974 propter

486 4997 774 5058 peccatum
803 5007 963 5046 suum
995 4992 1061 5047 de
1086 4990 1277 5047 Libani
1305 4979 1616 5048 summitate
1647 4994 1864 5050 sublati.
1895 4995 2070 5063 Super

492 5081 579 5138 his
618 5082 906 5140 dicendum
950 5094 1054 5152 est,
1101 5087 1230 5156 quia
1278 5087 1458 5156 aquila
1503 5104 1697 5158 magna
1747 5103 2067 5157 magnorum

488 5177 778 5246 unguium,
809 5178 1011 5247 plumis
1035 5187 1258 5234 extensa
1284 5181 1557 5249 acceperit
1593 5181 1660 5235 de
1690 5178 2069 5235 cacuminibus

491 5269 660 5333 cedri,
691 5279 741 5323 et
771 5269 1035 5323 deraserit
1065 5283 1160 5324 eos
1187 5269 1254 5324 de
1293 5269 1520 5335 Libano,
1556 5272 1605 5326 id
1635 5281 1718 5325 est
1755 5271 1822 5325 de
1846 5268 2064 5325 Jerusa-

492 5357 619 5422 lem,
651 5369 705 5414 et
743 5361 1066 5428 plantaverit
1115 5364 1167 5415 in
1217 5370 1357 5415 terra
1403 5361 1685 5417 Chanaan.
1726 5362 1843 5417 Non
1891 5359 2068 5416 solum

493 5460 674 5506 autem
705 5454 890 5521 aquila
924 5454 1028 5508 ista
1056 5471 1272 5511 summa
1298 5455 1466 5520 cedri,
1517 5456 1569 5510 id
1617 5465 1700 5511 est
1737 5455 1804 5510 de
1834 5455 2069 5525 optima-

493 5552 611 5601 tum
638 5561 834 5618 genere
859 5547 963 5603 sibi
990 5549 1251 5615 vindicat,
1279 5549 1371 5605 sed
1405 5559 1461 5603 et
1495 5557 1656 5603 terra:
1681 5564 1868 5604 semen
1905 5549 2070 5617 rapit,

496 5645 549 5693 et
586 5640 846 5697 transfert
892 5641 947 5696 in
995 5652 1196 5698 terram
1227 5643 1485 5700 Chanaan
1512 5681 1527 5707 ,
1575 5641 1795 5712 quando
1841 5642 1962 5711 quis
2001 5640 2070 5696 de

2183 4633 2397 4704 minat),
2434 4633 2488 4687 in
2527 4645 2774 4686 amarum
2815 4642 3062 4698 saporem
3096 4641 3311 4683 omnem
3353 4627 3548 4697 redigit
3575 4627 3757 4682 suavi-

2180 4736 2365 4782 tatem.
2407 4724 2563 4789 Quod
2601 4722 2858 4784 dicimus,
2894 4720 3108 4790 plenius
3161 4718 3578 4784 animadvertes,
3611 4718 3758 4773 acci-

2179 4821 2334 4891 piens
2354 4813 2680 4886 exemplum.
2709 4812 2884 4866 Herba
2907 4825 3029 4880 quae
3057 4810 3390 4864 absinthium
3417 4809 3755 4876 nominatur,

2180 4909 2501 4964 naturaliter
2528 4919 2712 4959 amara
2749 4911 2833 4957 est
2869 4918 2882 4955 :
2922 4901 3064 4955 banc
3097 4899 3144 4954 si
3183 4899 3480 4955 secundum
3525 4899 3760 4969 qualita-

2177 5012 2284 5056 tetn
2320 5011 2374 5054 et
2400 4997 2754 5068 quantitatem
2792 4992 2966 5046 mellis
3000 4992 3052 5045 in
3088 4991 3194 5046 mel
3220 4991 3455 5060 injicias,
3494 4993 3761 5046 amaritu-

2177 5094 2302 5146 dine
2341 5105 2439 5143 sua
2482 5087 2648 5142 vincit
2691 5086 2811 5154 ejus
2857 5083 3200 5148 suavitatem,
3236 5093 3290 5136 et
3328 5083 3472 5154 cogit
3507 5100 3755 5138 amarum

2177 5199 2298 5238 esse
2324 5181 2468 5250 quod
2492 5179 2650 5232 dulce
2679 5187 2784 5232 est.
2817 5174 2991 5244 Hujus
3017 5175 3196 5230 herba:
3225 5177 3332 5229 vim
3364 5176 3526 5232 habet
3563 5192 3759 5245 pecca-

2180 5283 2314 5327 tum.
2347 5272 2402 5324 Si
2447 5270 2598 5340 plura
2642 5283 2956 5339 peccavero,
2997 5267 3118 5336 plus
3164 5268 3550 5324 amaritudinis
3600 5270 3758 5324 mitto

2180 5366 2234 5419 in
2253 5363 2593 5418 dulcedinem
2623 5374 2936 5416 sermonum
2965 5359 3078 5414 liei.
3111 5357 3166 5412 Si
3190 5360 3394 5429 grande
3427 5359 3590 5415 fuerit
3612 5362 3757 5430 quod

2178 5457 2452 5525 delinquo,
2486 5463 2658 5508 totum
2690 5451 2965 5506 dulcorem
3004 5449 3178 5504 mellis
3209 5461 3362 5505 verto
3406 5451 3458 5505 in
3500 5452 3757 5507 acerbum

2179 5562 2448 5618 saporem.
2476 5545 2542 5600 Et
2583 5545 2785 5600 idcirco
2835 5541 2997 5606 Deus,
3048 5543 3140 5612 qui
3173 5558 3482 5598 sermonem
3527 5558 3687 5599 suum
3727 5558 3756 5596 a

2178 5638 2557 5712 peccatoribus
2587 5635 2966 5692 eonculcatum
2995 5633 3298 5701 ulciscitur,
3333 5635 3626 5704 unicuique
3660 5649 3758 5703 pro

570 5804 615 5836 ’³
637 5827 833 5884 Ezecli.
868 5845 1002 5899 xvn,
1034 5831 1084 5884 7.
1160 5833 1205 5863 “
1237 5830 1434 5887 Ezech.
1469 5849 1600 5900 xvn,
1631 5831 1715 5887 l2.
1795 5833 1839 5864 ’⁷
1875 5830 2008 5887 ibid.
2085 5829 2131 5862 θ’
2159 5827 2302 5885 Psal.
2333 5840 2523 5893 cxvtn,
2554 5821 2680 5878 105.
