4128 6448
432 322 537 378 ’735

1807 316 2092 376 ηυωιιΑ
2127 318 2240 375 Xll.

3596 325 3699 381 Τῦι

420 439 687 503 qualitate
728 440 1021 496 amarioris
1069 442 1210 503 vitae,
1258 446 1313 493 et
1344 454 1444 509 pro
1484 438 1645 495 modo
1691 437 2008 495 intentionis
2038 444 2081 500 Α
2110 439 2322 508 Josias,
2375 449 2468 497 aut
2516 453 2659 497 certe
2710 443 3021 513 quicunque
3059 443 3243 514 justus
3284 459 3379 500 rex
3415 455 3605 516 regnat
3641 443 3696 499 in

423 532 845 587 amaritudinem
892 548 1178 603 plenarum
1212 532 1713 604 suppliciorumque
1744 530 2001 588 restituit.

424 618 561 675 Etsi
595 623 813 692 quidem
844 640 943 678 nos
969 625 1062 694 qui
1101 624 1214 679 haec
1234 625 1491 689 dicimus,
1531 633 1586 680 et
1626 624 1793 679 semel
1830 624 2005 679 credi-

420 711 605 769 dianus
633 713 764 781 Deo,
792 715 1223 784 peccaverimus,
1268 730 1591 787 exasperare
1633 716 1858 770 nitimur
1891 732 2005 770 ser-

420 814 639 857 monem
670 802 789 874 ejus
820 821 834 858 :
867 804 961 873 qui
994 817 1125 858 vero
1160 804 1374 874 penitus
1409 819 1439 859 a
1471 804 1575 859 tide
1608 804 1730 874 ejus
1765 821 2006 861 recesse-

421 901 573 955 runt,
601 908 781 964 neque
810 893 1044 964 ingressi
1078 907 1206 949 sunt
1227 894 1551 962 Ecclesium,
1582 894 1636 949 hi
1660 910 1768 949 non
1800 895 2007 951 faciunt

419 996 610 1037 amara
636 983 850 1056 eloquia
878 984 995 1051 Dei.
1022 984 1308 1051 Quomodo
1334 986 1478 1039 enim
1506 994 1736 1055 possunt
1762 987 2007 1041 suavita-

418 1078 530 1125 tem
558 1087 881 1143 exasperare
909 1089 1225 1130 sermonum
1255 1076 1455 1146 quibus
1490 1078 1733 1131 nondum
1766 1077 2010 1132 credide—

423 1163 592 1216 runt?
633 1161 866 1234 Ideoque
914 1164 1074 1220 nobis
1128 1165 1235 1221 alia
1277 1177 1566 1222 servantur
1611 1176 1874 1223 tormenta
1915 1169 2010 1239 qui

419 1251 672 1308 videmur
701 1255 944 1322 credere,
984 1263 1040 1311 et
1080 1255 1135 1310 in
1177 1258 1294 1327 ipsa
1331 1256 1651 1314 credulitate
1696 1274 2010 1329 peccamus,

419 1344 492 1399 ab
514 1360 704 1401 eorum
734 1348 1003 1418 supplicio
1034 1348 1130 1419 qui
1161 1364 1227 1404 ne
1243 1349 1457 1405 initium
1476 1351 1696 1421 quidem
1719 1351 2012 1406 credulita-

420 1442 496 1497 tis
525 1441 858 1498 habuerunt.
893 1440 961 1497 Et
994 1456 1065 1498 ne
1096 1443 1442 1501 solummodo
1488 1455 1744 1518 putemus
1784 1448 2011 1501 verbum

421 1548 528 1589 nos
556 1548 886 1604 exasperare
934 1532 1147 1590 Domini
1188 1535 1235 1591 si
1279 1551 1591 1608 peccemus,
1624 1537 2016 1615 delictum‘no-

421 1633 599 1680 utrum
631 1641 806 1698 usque
832 1627 900 1682 ad
930 1626 1103 1694 ipsius
1133 1626 1225 1683 Dei
1266 1627 1522 1699 injuriam
1558 1630 1827 1700 pervenit.
1866 1629 2016 1684 Scri-

422 1725 574 1784 ptum
602 1724 688 1771 est
719 1717 866 1772 enim
893 1717 939 1749 ”
975 1716 1120 1786 quod
1164 1716 1260 1785 qui
1301 1727 1510 1787 peccat,
1552 1733 1648 1788 per
1683 1719 2011 1789 praevarica-

2113 534 2352 602 populo,
2403 548 2509 587 non
2558 542 2734 603 potest
2780 534 2881 588 iste
2924 532 3432 590 Nabuchodonosor
3484 536 3696 590 vinctos

2109 623 2379 679 abducere
2408 635 2503 677 aut
2542 623 2834 694 principes,
2876 632 2971 679 aut
2999 625 3256 695 populum
3294 627 3362 682 de
3396 623 3604 682 Iudaea.
3637 626 3697 681 Si

2106 727 2287 770 autem
2320 731 2421 770 nos
2450 714 2564 785 (28)
2589 717 2680 784 qui
2713 717 2962 772 videmur
2992 717 3245 773 Ecclesia:
3274 733 3527 788 praeesse,
3566 734 3692 787 pec-

2108 807 2415 863 caverimus
2461 807 2639 864 locum
2688 809 2880 864 dantes
2941 809 3158 864 diabolo
3205 810 3492 865 adversum
3543 809 3695 865 Pauli

2110 907 2437 968 praeceptum
2475 898 2710 954 dicentis
2743 898 2765 930 '
2798 918 2812 953 :
2848 898 3028 954 Nolite
3058 898 3231 953 locant
3270 899 3400 953 dare
3444 898 3694 963 diabolo;

2108 991 2519 1060 quodammodo
2551 1007 2646 1061 per
2673 992 2871 1047 delicta
2899 1003 3081 1047 nostra
3110 1008 3232 1063 quae
3262 992 3492 1048 fecimus
3522 993 3578 1047 in
3605 989 3697 1047 Je-

2111 1082 2371 1147 rusalem,
2402 1083 2749 1140 occasionem
2785 1084 3077 1139 tribuimus
3106 1082 3608 1139 Nabuchodonosor
3636 1090 3698 1139 ιιι

2111 1174 2447 1243 ingrediatur
2489 1176 2767 1231 civitatem
2818 1187 3100 1243 sanctam,
3151 1188 3206 1232 et
3256 1177 3492 1232 abducat
3528 1191 3697 1243 quos-

2112 1279 2327 1335 cunque
2366 1267 2620 1323 voluerit.
2685 1267 2790 1333 Qui
2845 1284 2973 1324 vero
3022 1284 3129 1324 non
3182 1277 3407 1339 peccat,
3459 1267 3697 1322 excludit

2113 1353 2639 1425 Nabuchodonosor,
2678 1368 2737 1415 ut
2766 1374 2873 1415 non
2908 1360 3077 1430 possit
3124 1360 3178 1414 in
3226 1357 3450 1414 terram'
3477 1356 3567 1411 Dei
3622 1358 3697 1411 im

2112 1447 2287 1518 gredi.
2324 1446 2468 1520 Ergo
2502 1450 2761 1507 omnibus
2789 1452 2993 1507 viribus
3020 1434 3380 1507 excludamus
3412 1448 3695 1505 Nabucho-

2116 1539 2381 1607 donosor,
2415 1551 2475 1596 ut
2522 1543 2590 1597 ad
2636 1542 2854 1598 beatum
2893 1544 3053 1599 istius
3083 1542 3338 1599 Ecclesia:
3365 1550 3696 1598 conventum

2116 1647 2225 1686 non
2267 1630 2684 1702 appropinquct.
2734 1631 3106 1689 Excludamus
3140 1643 3322 1688 autem
3373 1648 3497 1688 eum
3539 1648 3698 1689 assu-

2117 1729 2328 1777 meutes
2361 1722 2567 1778 clavem
2606 1721 2887 1790 scientiae;
2928 1724 3284 1779 excludamus
3314 1740 3439 1780 eum
3468 1739 3696 1780 conver-

425 1808 630 1863 tionem
661 1807 794 1878 legis
833 1807 1002 1862 Deum
1034 1807 1344 1863 inhonorat.
1374 1807 1574 1863 Parum
1609 1818 1728 1865 erat
1758 1810 1804 1865 si
1839 1810 2013 1866 dixis-
2042 1814 2085 1868 Β
2115 1813 2329 1870 satione
2358 1821 2413 1868 et
2443 1813 2601 1870 factis
2643 1814 2824 1879 bonis,
2858 1822 2918 1869 ut
2960 1830 3068 1869 non
3118 1814 3297 1884 rapiat
3334 1829 3514 1882 regem
3540 1814 3697 1871 Jeru-

424 1909 528 1966 set,
553 1899 849 1953 inhonorat
884 1897 1172 1967 angelum;
1203 1915 1349 1955 nunc
1374 1908 1577 1966 autem,
1612 1917 1710 1972 per
1750 1905 2009 1974 prmvaﬁ-

420 1992 719 2057 cationcm,
746 1989 944 2060 inquit,
966 1993 1101 2065 legis
1122 1993 1290 2048 Deum
1317 1993 1623 2052 inhonorat.
1652 1995 2011 2065 Quotiescun-

419 2096 528 2153 que
572 2082 996 2151 pmvaricamur
1044 2086 1215 2155 legem
1261 2084 1379 2155 Dei,
1418 2090 1583 2144 toties
1613 2088 2008 2149 inhonoramus

424 2170 625 2239 Deum;
659 2180 713 2227 et
733 2181 942 2243 quanto
969 2176 1177 2245 majora
1214 2176 1611 2248 delinquimus,
1649 2188 1803 2236 tanto
1833 2181 2007 2253 majo-

422 2264 576 2321 ribus
626 2266 970 2323 contumeliis
1023 2267 1291 2325 allicimus
1343 2269 1546 2336 Deum;
1596 2282 1805 2342 quanto
1851 2274 2005 2346 plura

316 2348 323 2353 ’
420 2368 731 2423 peccamus,
764 2363 915 2412 tanto
949 2357 1071 2426 plus
1106 2359 1500 2417 inhonoramus
1531 2361 1747 2419 Patrem
1772 2374 1825 2418 et
1846 2364 2007 2420 Chri-

420 2453 565 2499 stum
591 2445 731 2516 ejus,
762 2448 907 2504 sicut
932 2448 1195 2520 scriptum
1242 2461 1327 2507 est
1350 2454 1367 2485 ⁸
1397 2470 1411 2508 :
1446 2452 1657 2518 Quanto
1696 2457 1866 2527 magis
1907 2473 2006 2527 pu-

418 2537 551 2591 tatis
579 2538 845 2593 deteriora
874 2540 1065 2595 mereri
1092 2541 1353 2612 supplicia
1382 2545 1473 2615 qui
1501 2543 1706 2599 Filium
1747 2545 1842 2600 Dei
1880 2564 2007 2601 con-

416 2626 725 2697 calcaverit,
771 2640 821 2686 et
854 2632 1165 2702 sanguinem
1199 2636 1497 2688 testamenti
1532 2636 1794 2706 pollutum
1838 2637 2004 2692 duxe-

416 2722 510 2785 rit,
534 2722 589 2776 in
620 2738 724 2794 quo
755 2724 1123 2792 sanctificatus
1146 2735 1246 2792 est,
1272 2735 1322 2780 et
1346 2728 1560 2797 spiritui
1589 2731 1777 2801 gratias
1812 2740 2004 2786 contu-

416 2814 632 2868 meliam
665 2813 888 2883 fecerit?
915 2814 1085 2884 lgitur
1109 2815 1423 2887 quicunque
1454 2827 1657 2888 peccat.
1695 2834 2001 2892 exasperat,

415 2914 473 2959 et
508 2904 898 2960 contumeliam
938 2905 1086 2973 facit,
1113 2915 1166 2962 et
1201 2907 1496 2964 inhonorat
1523 2919 1629 2965 tam
1659 2910 1752 2968 Dei
1786 2913 2002 2986 eloquia

415 3011 543 3066 qua:
573 2997 834 3066 suscepit,
864 3012 1029 3068 quam
1061 3014 1186 3053 eum
1216 3000 1311 3069 qui
1345 3002 1553 3057 docuit.

2111 1905 2303 1971 salem,
2350 1916 2406 1961 et
2456 1906 2728 1978 principes
2759 1906 2909 1977 ejus,
2963 1913 3025 1962 ut
3065 1921 3176 1961 non
3218 1906 3454 1961 abducat
3499 1921 3595 1961 eos
3640 1906 3694 1959 in

2109 1993 2438 2068 Babylonem
2488 1996 2820 2068 captivitatis
2884 2011 3001 2052 suae
3052 1995 3413 2067 triumphum.
3467 1996 3523 2050 Si
3569 2011 3697 2051 Vero

2108 2087 2350 2160 aliquem
2385 2104 2453 2145 ex
2494 2090 2656 2146 nobis
2690 2089 2908 2146 vincere
2936 2089 3178 2161 potuerit
3205 2103 3385 2146 saevus
3415 2087 3695 2154 inimicus,

2107 2181 2259 2237 ducit
2298 2198 2423 2238 eum
2460 2182 2513 2238 in
2554 2182 2919 2255 Babylonem,
2973 2197 3084 2239 non
3134 2181 3190 2238 in
3232 2182 3412 2238 locum
3453 2180 3697 2254 amplum

2106 2272 2339 2345 alicujus
2386 2281 2578 2340 terrae,
2616 2272 2712 2330 sed
2761 2274 2816 2328 in
2868 2273 3199 2347 Babylonem
3249 2273 3464 2337 animae,
3518 2273 3568 2327 id
3611 2284 3697 2329 est

2107 2362 2483 2418 confusionem
2514 2348 2661 2434 (eo).
2714 2362 3048 2432 Frequenter
3096 2363 3339 2419 diximus
3366 2363 3694 2435 Babylonem

2106 2454 2465 2525 confusionem
2522 2453 2889 2524 interpretari.
2940 2452 3269 2524 Quicunque
3312 2456 3460 2510 enim
3505 2455 3576 2509 ab
3626 2470 3698 2509 eo

2104 2542 2283 2597 victus
2348 2542 2642 2598 abducitur
2703 2540 2759 2595 in
2825 2540 3206 2596 confusionem
3275 2543 3474 2596 mentis
3539 2555 3694 2606 sua,

2104 2632 2429 2690 transfertur
2453 2634 2507 2689 in
2539 2633 2887 2705 Babylonem.
2922 2631 3300 2702 Respiciamus
3327 2633 3393 2687 ad
3423 2632 3697 2703 quotidie.

2106 2741 2232 2782 nam
2263 2725 2455 2782 vitam.
2498 2723 2556 2780 Si
2581 2725 2803 2797 quando
2829 2724 3130 2779 viderimus
3162 2724 3402 2779 animam
3432 2740 3464 2780 a
3495 2738 3692 2795 peccs-

2105 2816 2197 2884 tis,
2225 2832 2255 2872 a
2283 2816 2452 2883 vitiis,
2485 2830 2518 2871 a
2541 2814 2786 2883 tristitia,
2817 2815 2886 2871 ab
2928 2814 3029 2882 ira,
3067 2830 3097 2869 a
3122 2814 3427 2881 desideriis,
3461 2815 3532 2870 ab
3560 2829 3696 2871 ava-

2103 2908 2229 2963 ritia
2279 2907 2563 2975 confundi,
2599 2907 2842 2962 sciamus
2889 2906 3050 2961 istam
3085 2920 3209 2962 esse
3242 2921 3409 2976 quam
3442 2906 3695 2963 diabolus

2105 3001 2340 3056 abducat
2388 3000 2443 3055 in
2479 2998 2830 3071 Babylonem.
2883 2996 2943 3053 Si
2998 3012 3128 3053 vero
3175 2997 3460 3069 principali
3509 2998 3692 3055 cordis

490 3083 547 3143 9.
578 3086 678 3141 Dic
694 3103 831 3143 nunc
855 3088 924 3141 ad
945 3088 1155 3144 domum
1172 3093 1854 3161 exasperantem:Nescitis
1872 3099 2002 3169 quid
2041 3161 2072 3169 Δ
2106 3093 2494 3164 tranquillitas,
2527 3090 2817 3157 serenitas,
2867 3106 2970 3161 pax
3021 3090 3259 3146 fructum
3292 3089 3504 3159 fecerit,
3551 3092 3694 3146 scia-

426 3179 539 3233 sint
570 3179 674 3233 ista
690 3181 733 3244 ',
764 3180 814 3234 id
843 3189 929 3235 est
949 3196 1071 3251 quae
1098 3183 1151 3237 in
1181 3184 1436 3253 parabola
1459 3184 1604 3240 dicta
1640 3195 1768 3243 sunt
1789 3161 2003 3259 aquila-
2030 3161 2073 3221 θ
2109 3161 2404 3254 mus—quia
2446 3181 2749 3238 Jerusalem
2798 3190 3045 3238 Versetur
3091 3183 3143 3237 in
3179 3197 3277 3248 ea;
3324 3181 3463 3238 νίδίο
3495 3183 3694 3255 quippe

420 3286 566 3326 rum.
596 3270 734 3326 Dic:
757 3271 889 3327 Cum
921 3276 1120 3328 uenerit
1146 3290 1238 3329 rex
1265 3276 1555 3347 Babylonis
1586 3280 1656 3333 ad
1681 3279 2001 3349 Jerusalem,

416 3377 468 3422 ct
494 3370 752 3438 acceperit
784 3387 954 3440 regem
980 3371 1116 3441 ejus,
1152 3380 1203 3426 et
1233 3374 1492 3444 principes
1515 3374 1629 3445 ejus
1656 3377 1697 3433 ³.
1726 3376 2002 3446 Quantum

415 3459 486 3515 ad
529 3460 814 3519 historiam
857 3464 1094 3533 pertinet
1130 3464 1528 3535 prophetautis,
1558 3470 1863 3539 expositum
1894 3482 2000 3537 est,

417 3550 565 3619 quod
619 3549 1130 3611 Nabuchodonosor
1188 3558 1397 3615 venerit
1450 3557 1505 3612 in
1561 3557 1958 3633 Jerosolymam
1984 3603 2001 3631 ,

422 3640 592 3713 399
619 3651 674 3698 et
699 3645 945 3715 captivos
966 3648 1185 3704 duxerit
1214 3650 1535 3708 Sedecbiam
1568 3667 1749 3724 regem
1781 3652 2001 3721 Judaete,

415 3740 473 3788 et
518 3734 792 3805 principes
825 3738 918 3807 qui
952 3748 1109 3794 erant
1151 3756 1276 3797 cum
1316 3756 1405 3809 eo,
1457 3753 1777 3815 partemque
1820 3746 2003 3815 populi

416 3822 731 3882 Judteorum
767 3844 785 3883 :
816 3844 1026 3885 necnon
1058 3832 1221 3887 etiam
1254 3832 1387 3889 illud
1415 3834 1698 3903 addemus,
1727 3837 2003 3907 quomodo

421 3915 743 3986 plantaverit
770 3934 865 3975 eos
889 3919 944 3974 in
986 3929 1127 3976 terra
1157 3921 1467 3994 Babylonis.
1512 3924 1617 3981 Sed
1652 3940 1762 3981 non
1793 3935 2003 3985 stemus

420 4007 475 4061 in
509 4008 708 4073 littera,
741 4025 842 4065 nec
869 4012 1172 4069 haereamus
1204 4014 1259 4068 in
1301 4015 1562 4082 historia,
1602 4016 1777 4089 magis
1819 4026 2000 4073 autem

421 4108 479 4155 tu
512 4102 605 4172 qui
641 4102 694 4156 in
730 4100 1030 4171 Scripturis
1062 4104 1154 4159 Dei
1186 4104 1488 4176 profectum
1525 4108 1714 4171 habes,
1763 4118 1817 4164 et
1859 4108 2001 4165 nosti

420 4191 549 4262 quia
574 4193 682 4247 ista
710 4194 888 4247 omnia
905 4194 1205 4264 ﬁguraliter
1225 4198 1595 4268 contingebant
1630 4198 1763 4264 illis,
1801 4202 2003 4271 scripta

418 4293 544 4337 sunt
581 4292 758 4338 autent
791 4300 886 4354 pro
919 4283 1089 4351 nobis,
1121 4287 1179 4340 in
1221 4303 1351 4359 quos
1393 4282 1537 4359 ﬁnes
1562 4288 1876 4345 steculorum
1904 4291 2001 4346 de-

419 4385 698 4430 currerunt
746 4375 787 4430 ⁸.
853 4374 1026 4433 Instat
1086 4393 1213 4435 ecce
1278 4395 1441 4436 verus
1496 4379 2002 4440 Nabuchodonosor

2106 3275 2258 3346 pacis
2291 3274 2625 3331 intrinsecus
2652 3285 2755 3331 est.

2176 3368 2233 3425 3.
2279 3364 2346 3421 Et
2381 3367 2525 3422 ducit
2559 3382 2646 3423 eos
2677 3367 2748 3421 ad
2784 3383 2838 3421 se
2875 3367 2932 3420 in
2964 3364 3310 3438 Babylonem,
3352 3377 3402 3422 et
3437 3369 3601 3423 sumit
3626 3366 3692 3422 de

2104 3462 2300 3513 semine
2349 3460 2497 3530 regni
2533 3468 2583 3513 et
2630 3458 2866 3528 disponit
2918 3457 2988 3511 ad
3035 3460 3205 3529 ipsum
3247 3467 3618 3514 testamentum
3643 3460 3685 3512 ⁸.

2104 3549 2312 3606 Omnes
2348 3552 2441 3621 qui
2473 3548 2583 3620 ('50)
2619 3563 2928 3605 sermonem
2961 3547 3057 3605 Dei
3086 3550 3446 3620 suscepimus,
3477 3550 3687 3621 regium

2105 3656 2291 3698 semen
2325 3654 2518 3696 sumus
2555 3656 2568 3693 :
2601 3637 2811 3692 Etenim
2839 3653 3002 3707 genus
3042 3639 3268 3694 electum
3305 3655 3590 3706 vocamur,
3632 3651 3687 3695 et

2104 3732 2278 3804 regale
2296 3730 2671 3794 sacerdotium,
2705 3745 2827 3797 gens
2857 3739 3045 3783 sancta
3067 3770 3084 3796 ,
3121 3730 3348 3800 populus
3379 3732 3687 3801 acquisitia-

2104 3826 2187 3878 nis
2214 3824 2257 3875 '.
2300 3820 2358 3876 Si
2406 3820 2532 3891 quis
2576 3835 2708 3890 ergo
2752 3834 2819 3874 ex
2857 3819 3017 3874 nobis
3042 3820 3136 3891 qui
3176 3820 3230 3875 in
3259 3821 3454 3877 ordine
3487 3822 3687 3893 regalis

2103 3912 2332 3972 seminis
2373 3911 2657 3968 constituti
2697 3928 2911 3978 sumus,
2959 3927 3055 3983 per
3083 3919 3366 3983 peccatum
3398 3928 3559 3969 suum
3594 3928 3687 3968 ca-

2104 4007 2287 4078 ptivus
2331 4005 2622 4061 abducitur
2650 4020 2680 4060 a
2708 4004 2950 4071 diabolo,
2997 4004 3141 4060 haud
3182 4005 3408 4061 dubium
3441 4012 3527 4061 cst
3552 4006 3684 4074 quin

2102 4101 2170 4155 de
2202 4098 2349 4170 regio
2377 4111 2574 4170 genere
2620 4096 2692 4153 sit
2736 4097 3003 4153 abductus
3036 4097 3091 4153 in
3121 4097 3472 4170 Babylonem,
3503 4105 3560 4152 et
3599 4095 3684 4152 fa-

2103 4192 2213 4249 ciat
2239 4200 2625 4248 testamentum
2665 4207 2790 4247 cum
2835 4189 3359 4255 Nabuchodonosor,
3400 4190 3530 4261 quia
3567 4190 3684 4260 jam

2105 4292 2489 4341 testamentum
2521 4282 2616 4338 Dei
2647 4282 2931 4354 spreverit.
2983 4280 3323 4353 lmpossibile
3360 4280 3560 4353 quippe
3600 4290 3685 4336 est

2103 4376 2382 4431 hominem
2428 4372 2548 4430 sine
2598 4380 2922 4429 testamento
2962 4387 3105 4429 esse.
3149 4372 3209 4428 Si
3259 4373 3427 4429 habes
3459 4371 3574 4441 (51)
3605 4380 3684 4428 te-

420 4481 672 4538 qumrens
698 4467 912 4537 aliquos
939 4483 1134 4539 capere
1158 4468 1226 4525 de
1264 4470 1441 4526 nobis.
1498 4470 1563 4526 Et
1600 4472 1836 4543 primum
1878 4474 2003 4545 qui-
2034 4497 2079 4554 Β
2105 4474 2434 4523 stamentum
2464 4464 2558 4520 Dei
2588 4464 2641 4519 in
2689 4474 2761 4530 te,
2812 4480 2918 4519 non
2961 4470 3139 4535 potest
3183 4470 3570 4554 testamentum
3605 4470 3685 4518 te-

418 4560 544 4613 dem
575 4558 746 4628 cupit,
796 4560 842 4613 si
878 4557 994 4614 fieri
1029 4569 1239 4630 potest,
1279 4562 1347 4617 de
1380 4562 1714 4633 principibus
1745 4562 1998 4623 Ecclesia:
2036 4553 2060 4554 ί
2103 4574 2229 4618 cum
2263 4559 2443 4615 facere
2471 4556 2998 4614 Nabuchodonosor.
3044 4555 3216 4612 Porro
3241 4555 3288 4611 si
3318 4553 3566 4625 repulisti
3605 4564 3685 4610 te-

421 4649 667 4720 captivos
711 4648 815 4704 sibi
878 4649 1079 4707 ducere
1118 4667 1353 4709 :verum
1399 4654 1642 4725 quandiu
1694 4654 1955 4715 Ezechias
1980 4701 1996 4727 ,

493 4768 539 4800 ”
572 4765 742 4841 Rom.
757 4781 826 4841 ιι,
853 4766 966 4841 2:5._
1001 4769 1039 4841 ξ
1064 4768 1228 4827 Hebr.
1253 4788 1307 4838 x,
1328 4772 1420 4830 29.
1495 4776 1516 4806 '
1541 4771 1737 4829 Ezech.
1770 4791 1903 4841 xvn,
1946 4778 2034 4833 l2.

426 4851 562 4904 xvn,
602 4837 691 4904 12,
722 4837 811 4893 13.
885 4839 906 4870 ⁷
946 4839 967 4892 l
1001 4836 1143 4895 Petr.
1177 4856 1239 4909 ll,
1269 4836 1325 4898 9.

501 4951 626 5025 (28)Δ
651 4951 713 5008 Si
741 4963 924 5025 autem
964 4970 1082 5022 nos,
1133 4964 1241 5009 etc.
1297 4952 1515 5025 Catena:
1554 4972 1687 5013 mss.
1731 4959 1871 5012 εΔιὰ
1900 4959 2000 5025 τὰς

421 5022 696 5108 ἁμαρτίᾳ
739 5024 1052 5108 κυριεύεὶῖαι
1097 5024 1333 5108 τιςρτεὸ
1365 5024 1783 5108 ⁹ἰςοῦυιιιεονηροῦ,

422 5094 575 5165 aitet}:
596 5094 759 5165 ’νότιον
800 5094 1096 5165 perdimus
1127 5096 1216 5148 ἐπ’
1249 5094 1430 5165 αὐτόν,
1465 5096 1578 5150 Καὶ
1608 5094 1949 5164 τὸῦτόείδὼς
1971 5100 2003 5153 ὁ

424 5163 636 5228 Παῦλος
860 5163 959 5238 lilii
986 5163 1123 5220 δότε
1151 5165 1348 5238 sduci:
1366 5163 1445 5238 τῷ
1470 5165 1744 5238 ᾶιαόόλῳ.
1776 5163 2003 5238 Propter

422 5243 637 5306 peccata
670 5234 948 5306 contingit,
980 5243 1040 5288 ut
1070 5235 1187 5305 quis
1219 5233 1440 5306 maligni
1473 5235 1827 5292 dominationi
1870 5233 2003 5293 sub-

423 5305 604 5377 datur,
640 5306 785 5377 dans
805 5304 861 5359 ei
882 5304 1091 5377 locum,
1121 5315 1178 5358 ut
1226 5304 1310 5377 ad
1337 5304 1508 5377 ipsum
1539 5315 1797 5362 transeat.
1833 5306 2001 5377 quue

423 5375 593 5496 zcilens
641 5372 847 5428 Paulus
904 5375 1154 5431 dicebat:
1198 5391 1219 5426 ι
1257 5372 1439 5430 Nolite
1487 5375 1659 5430 locum
1702 5377 1833 5433 dare
1876 5372 1999 5433 dia-

458 5460 488 5496 o
511 5460 562 5496 ο.
601 5463 622 5496 ι

458 5460 562 5498 οιο.
601 5463 622 5497 ι

494 5515 608 5584 (29)
649 5513 715 5568 Id
740 5521 837 5578 est,
871 5513 1256 5584 confusionem,
1286 5523 1391 5569 etc.
1424 5514 1641 5570 Catena:
1674 5531 1807 5572 mss.
1837 5534 1851 5571 :
1888 5517 1996 5572 Βα-

424 5582 601 5659 ϐυλῲν
642 5582 1001 5659 ὲρμηνεύξτοιι
1043 5583 1329 5659 βύγχυσις.
1365 5584 1809 5659 Βαβυ-λὼνῌξστιν
1843 5588 1999 5659 ἡτῆς

427 5602 601 5638 ουΛων
642 5602 706 5654 ερ
750 5602 1001 5655 ηνευεται
1049 5602 1329 5654 συγχυσις.
1365 5602 1621 5639 ηαουλων
1662 5602 1809 5641 εστιν
1843 5602 1874 5656 η
1901 5605 1999 5659 της

427 5653 625 5729 grauia;
682 5602 814 5729 ἕξις.
841 5724 853 5729 Δ
881 5654 1188 5729 Συγχέεται
1238 5654 1351 5729 γᾴρ
1397 5654 1553 5729 ιιιὺτὴΔ
1580 5655 1730 5729 οῷδὲν
1780 5658 2000 5729 εἰρήνης

426 5721 642 5795 ἔχουσα,
683 5724 803 5779 οὐδὲ
832 5721 1103 5796 ὁμονὸῖξις.
1146 5721 1384 5795 Babylon
1425 5721 1784 5794 confusionem
1820 5721 1997 5787 sonat,

2105 4659 2434 4711 stamentum
2465 4648 2560 4705 Dei
2611 4664 2707 4720 per
2750 4648 3248 4720 praevaricationem
3300 4646 3682 4725 mandatorum

2111 4780 2135 4814 ³
2156 4773 2290 4832 ibid.
2369 4769 2434 4826 ⁸1
2458 4770 2588 4826 Cor.
2626 4785 2680 4835 ι,
2710 4767 2797 4827 ιι.
2873 4769 2895 4802 ⁸
2927 4768 3127 4838 Ephes.
3162 4781 3236 4831 tv,
3261 4764 3353 4820 27.
3430 4765 3452 4797 ⁸
3481 4763 3679 4820 Ezech.

2100 4958 2201 5014 Est
2240 4966 2417 5011 autem
2470 4953 2715 5024 Babylon
2760 4952 2975 5007 habitus
3022 4951 3264 5024 malitias.
3320 4949 3683 5024 Confunditur

2095 5028 2235 5084 enim
2266 5026 2379 5089 ille,
2410 5025 2539 5079 dum
2568 5021 2703 5078 nihil
2727 5027 2879 5093 pacis
2904 5031 2998 5075 aut
3019 5022 3315 5076 concordia:
3336 5021 3513 5093 liabet.

2171 5097 2287 5170 (δυ)
2330 5095 2524 5170 omnes
2548 5095 2660 5170 aui,
2693 5090 2799 5170 etc:
2837 5092 3062 5170 Qatena:
3093 5109 3228 5170 mss.
3249 5111 3276 5170 _:
3314 5092 3556 5170 Σπέρμιι⁵
3581 5090 3682 5170 βεξ-

2099 5161 2304 5236 σιὶξεὶἀς
2344 5167 2484 5236 εἰσιν
2522 5166 2573 5218 oi.
2616 5161 3053 5236 παραδεξάμενοι
3084 5163 3175 5236 ⁸[ὠν
3203 5162 3360 5236 λόχον
3396 5161 3492 5214 τοῦ
3518 5161 3679 5236 Θεοῦ,

2084 5235 2208 5302 ὀἶος
2241 5240 2269 5292 ὁ
2301 5234 2519 5307 Δανιὴλ,
2571 5236 2667 5307 irai.
2699 5231 2756 5288 ὀι
2789 5231 2938 5305 spei};
2987 5233 3194 5297 παῖδες.
3247 5231 3434 5307 Semen
3480 5231 3683 5307 regium

2098 5298 2242 5376 sunt,
2270 5307 2360 5379 qui
2408 5298 2501 5388 at»:
2527 5306 2736 5359 verbum
2757 5298 3120 5373 susceperunt,
3152 5304 3327 5373 qualis
3354 5303 3458 5372 fuit
3491 5298 3687 5354 Daniel

2097 5389 2148 5433 et
2182 5390 2287 5433 tres
2311 5393 2428 5433 Due:
2442 5392 2481 5429 ι.

2179 5393 2291 5519 ἷῗζῗῖ
2310 5393 2616 5519 ,lmbes,
2664 5453 2772 5519 etc.
2816 5442 3032 5519 Catena;
3072 5458 3260 5519 mssa:
3304 5443 3383 5519 _’O_
3410 5440 3549 5519 Exuit!
3590 5444 3691 5519 rip:

2105 5512 2371 5589 διάθήᾷιην
2399 5514 2534 5589 πρὸς
2567 5516 2658 5589 τὸν
2686 5513 2850 5589 Θςρνι
2869 5513 2929 5566 οὐ
2964 5512 3186 5589 δᾲύνᾳται
3211 5512 3472 5589 διαθεῖναι
3502 5512 3687 5589 διαβή-

2107 5606 2210 5660 κην
2241 5582 2375 5659 ᾱτρδς
2398 5582 2704 5660 1%)")an
2730 5582 3219 5654 Ναϐουχοδονόσορ.
3409 5599 3557 5660 cii»!-
3583 5582 3687 5660 υιῖσ

2107 5652 2477 5713 testamentum
2498 5652 2674 5718 habet,
2703 5652 3072 5707 testamentum
3093 5652 3210 5706 cum
3236 5652 3471 5724 spiritali
3504 5653 3688 5711 Nabu-

2107 5729 2460 5784 cliodonosore
2492 5725 2763 5796 disponere
2804 5741 2903 5781 non
2934 5731 3124 5794 potest.
