4128 6430
466 298 568 356 ’15ῗί

1685 290 2012 350 ORIGENIS
2052 290 2118 345 IN
2157 290 2593 347 EZECHIELEM

3638 290 3740 346 756

461 413 624 480 ejus,
694 406 983 479 suscepisti
1057 414 1443 463 testamentum
1513 402 2041 459 Nabuchodonosor.
2075 407 2117 463 Α
2147 402 2314 457 duces
2350 411 2508 457 terrae
2549 401 2670 470 ejus
2717 400 2968 471 accipiet,
3015 410 3073 456 ut
3119 402 3252 457 fiant
3285 403 3339 457 in
3386 418 3612 472 regnum
3662 408 3741 463 iu-

464 507 741 575 Scriptum
772 513 857 559 est
905 502 1049 558 enim
1087 502 1108 533 "‘
1143 521 1157 557 :
1192 500 1441 570 Disponit
1486 499 1557 554 ad
1607 514 1725 552 eum
1776 508 2050 552 testamen-

463 610 577 653 tum
604 612 780 659 suum,
815 604 864 649 et
908 594 1113 648 inducit
1159 609 1277 647 eum
1316 594 1371 645 in
1412 591 1856 645 maledictioncm.
1906 590 2049 645 Deus

461 687 516 742 in
557 684 932 741 benedictione
964 683 1246 737 uobiscum
1292 689 1673 736 testamentum
1721 680 1852 733 facit
1884 696 1899 745 ;
1935 677 2044 732 Na-

457 778 881 835 buchodonosor
916 790 1043 829 vero
1094 783 1479 830 testamentum
1522 788 1682 829 suum
1719 773 1772 827 in
1818 772 2044 826 maledi-

457 872 638 924 ctione
685 869 988 924 constituit.
1041 866 1157 922 Non
1211 876 1388 937 potest
1422 868 1474 920 in
1507 866 1885 921 benedictione
1924 880 2046 920 esse

457 962 550 1030 qui
585 970 800 1029 paetum
836 960 1022 1015 fecerit
1049 977 1174 1014 cum
1204 959 1728 1015 Nabuchodonosor.
1779 957 1882 1013 Sed
1914 959 2046 1013 dicit

457 1053 589 1107 inihi
624 1052 823 1122 aliquis
849 1053 941 1122 qui
982 1055 1033 1105 iu
1069 1050 1368 1121 Scripturis
1399 1050 1601 1106 divinis
1640 1059 1724 1104 est
1752 1049 1998 1103 eruditus
2027 1066 2040 1102 :

455 1143 677 1198 Invenio
727 1145 778 1198 iu
825 1145 942 1215 lege
971 1143 1137 1215 Moysi
1177 1142 1584 1197 maledictiones
1614 1139 1941 1196 constitutas
1988 1140 2040 1194 in

457 1244 818 1304 peccatorum.
859 1234 915 1289 Si
949 1251 1079 1303 ergo
1111 1242 1380 1304 praecepto
1410 1232 1505 1287 Dei
1534 1232 1876 1286 maledictum
1909 1246 2043 1285 eon-

455 1327 709 1381 stitutum
756 1338 838 1382 est
873 1326 926 1380 in
970 1334 1305 1393 peccatores,
1356 1341 1455 1379 cur
1493 1339 1599 1379 non
1645 1332 1698 1378 et
1732 1322 2041 1377 eeontrario

442 1419 600 1487 [apud
635 1418 913 1472 diabolum
942 1417 1189 1486 quaedam
1222 1416 1527 1471 benedictio
1558 1417 1649 1481 sit,
1679 1425 1736 1470 ut
1771 1415 1860 1468 alii
1895 1416 2038 1484 apud

455 1524 580 1561 eum
619 1511 674 1562 in
725 1508 1105 1563 benedictione
1155 1508 1307 1575 fiant,
1360 1508 1450 1561 alii
1503 1509 1556 1562 in
1618 1508 2041 1563 maledictione?

457 1597 594 1653 Huic
630 1613 760 1668 ergo
806 1609 962 1654 acute
1004 1607 1059 1653 et
1086 1599 1351 1653 acerrime
1395 1598 1775 1667 interroganti,
1821 1599 1901 1653 sic
1941 1614 2037 1654 co-

456 1691 627 1748 nabor
653 1706 961 1757 occurrere,
1009 1700 1063 1745 et
1104 1691 1285 1745 dicere
1333 1691 1460 1759 quia
1499 1699 1551 1744 et
1579 1693 1824 1760 quzedam
1851 1690 1921 1744 sit
1947 1691 2037 1745 be-

456 1783 690 1837 nedictio
735 1798 763 1836 a
815 1782 1362 1846 Nabuchodonosor,
1434 1797 1598 1851 quam
1659 1780 1800 1837 Deus
1848 1782 2037 1849 procul

451 1874 673 1941 altjiciat
701 1888 732 1928 a
760 1873 952 1940 nobis;
1006 1884 1059 1928 et
1101 1873 1410 1928 maledictio
1437 1873 1505 1927 de
1535 1888 1640 1943 qua
1679 1888 1823 1925 nunc
1856 1871 2038 1926 dicere

451 1966 735 2033 debemus,
783 1981 906 2036 qute
952 1965 1113 2035 digne
1158 1979 1323 2034 super
1358 1973 1672 2033 peccatores
1704 1964 1869 2024 venit.
1905 1962 2036 2030 Quae

452 2068 535 2112 est
602 2059 766 2128 igitur
819 2057 1125 2114 benedictio
1187 2055 1747 2111 Nabuchodonosor?
1808 2056 2037 2122 Quando

450 2147 649 2215 aliquis
695 2148 749 2201 in
802 2147 1006 2201 mundo
1055 2149 1161 2202 isto
1201 2146 1440 2216 locuples
1474 2145 1670 2210 fuerit,
1717 2156 1772 2201 et
1812 2147 2036 2201 feliciter

452 2240 704 2304 grsserit,
752 2248 806 2293 et
851 2240 1034 2294 omnia
1073 2239 1119 2293 ei
1161 2253 1422 2308 prospero
1461 2254 1627 2293 cursu
1666 2238 1943 2303 fluxerint,
1980 2240 2035 2293 in

453 2334 663 2381 tantum
697 2336 756 2382 ut
786 2329 916 2383 illttd
942 2329 1086 2398 quod
1111 2329 1375 2398 scriptum
1407 2338 1491 2383 est
1520 2329 1566 2384 ei
1601 2331 1774 2399 possit
1794 2330 1966 2399 aptari
1990 2331 2031 2383 ’.

449 2418 556 2472 Bos
572 2418 685 2488 ejus
711 2434 811 2471 non
841 2419 1003 2487 faciet
1041 2416 1401 2480 abortionem;
1437 2427 1485 2472 et
1518 2417 1561 2470 si
1589 2418 1896 2471 universam
1932 2432 2033 2473 sa:—

447 2509 555 2564 culi
597 2508 787 2581 habuit
831 2509 1281 2578 prosperitatem,
1328 2507 1633 2562 benedictio
1668 2506 2034 2562 Nabuchodo-

448 2614 613 2655 nosor
638 2615 803 2670 super
827 2616 950 2655 eum
985 2609 1086 2656 est.
1115 2599 1422 2654 Maledictio
1450 2615 1578 2653 vero
1607 2600 1659 2654 in
1688 2615 1775 2667 eo,
1810 2601 2034 2671 quando

448 2688 647 2759 aliquis
676 2691 880 2745 recedit
911 2707 940 2745 a
977 2689 1109 2756 Deo,
1155 2700 1208 2746 et
1239 2690 1596 2746 nihilominus
1631 2691 1684 2745 in
1730 2701 1881 2761 parte
1917 2693 2033 2747 dia-

448 2779 557 2835 boli
605 2781 936 2838 constitutus
985 2783 1223 2840 miseriis
1284 2782 1673 2853 suppliciiSque
1725 2792 2030 2854 torquetur.

447 2870 577 2929 Vult
620 2874 786 2944 igitur
817 2876 996 2943 Deus,
1030 2884 1091 2931 ut
1137 2892 1283 2932 nunc
1307 2875 1590 2947 Scriptura
1616 2888 2030 2944 commemorat,

447 2974 832 3024 testamentum
874 2966 1058 3023 lsraeli
1095 2970 1532 3024 maledictioncm
1574 2985 1695 3025 esse
1740 2971 1883 3040 apud
1924 2969 2033 3026 Na-

445 3053 888 3111 buchodonosor.
944 3054 1009 3109 Et
1039 3055 1161 3110 ideo
1188 3055 1316 3125 quia
1353 3055 1523 3109 voluit
1565 3071 1822 3125 spernere
1865 3065 2030 3111 testa-
2057 3078 2100 3137 ο

449 3154 692 3201 utentum
718 3145 1220 3202 Nabuchodonosor
1250 3163 1342 3202 res
1371 3146 1694 3215 Jerusalem,
1723 3158 1776 3203 et
1811 3149 2032 3204 mittens

449 3239 671 3308 angelos
709 3254 839 3293 suos
874 3238 927 3292 iu
973 3236 1267 3309 Egyptum
1301 3246 1684 3293 testamentum
1730 3254 1854 3292 cum
1886 3237 2031 3292 Pha-

448 3343 618 3383 raone
646 3327 825 3384 facere
854 3340 1082 3383 conatus
1106 3337 1208 3392 est,
1237 3329 1313 3383 ait
1342 3344 1524 3384 sermo
1551 3329 1769 3384 divinus
1792 3328 1835 3361 ¹⁰
1863 3348 1875 3383 :
1908 3328 2030 3383 Non

447 3420 745 3492 dirigetur,
799 3437 900 3475 non
942 3419 1254 3476 salvabitur.
1296 3420 1638 3490 Quapropter
1683 3428 1897 3490 oportet
1932 3436 2032 3476 nos

447 3512 591 3568 t‘erre
623 3512 908 3582 patienter,
945 3528 1067 3568 cum
1116 3529 1148 3567 a
1201 3512 1307 3568 Deo
1344 3513 1614 3567 tradimur
1651 3512 1864 3567 ultioni.
1905 3511 2034 3566 Tra-

446 3607 585 3661 didit
611 3608 902 3677 quemdam
929 3606 996 3661 de
1018 3616 1162 3663 cuitu
1198 3606 1453 3661 Ecclesiae
1482 3604 1784 3676 Apostolus
1814 3605 2031 3659 diabolo

448 3701 504 3755 in
557 3701 830 3756 interitum
864 3700 1047 3755 carnis
1096 3718 1109 3754 :
1158 3709 1212 3754 et
1252 3700 1476 3754 tradidit
1524 3700 1577 3753 in
1628 3700 1813 3755 carnis
1846 3699 2033 3752 interi-

448 3799 588 3859 tum,
630 3807 738 3845 non
779 3798 839 3847 ut
882 3790 1129 3861 perderet
1155 3790 1318 3862 500
1345 3791 1626 3857 traditum,
1656 3789 1749 3844 sed
1785 3799 1842 3845 ut
1873 3790 2032 3858 spiri-

446 3894 562 3938 tum
599 3883 783 3939 traditi
821 3892 1187 3938 conservaret.
1238 3882 1318 3937 Ex
1354 3899 1464 3953 quo
1518 3881 1800 3953 Scriptura
1830 3881 1906 3936 ait
1936 3882 1977 3912 “
2014 3898 2026 3934 :

452 3974 680 4028 Tradere
712 3975 1013 4029 istiusmodi
1051 3972 1267 4029 Satanw
1297 3976 1353 4027 in
1401 3974 1677 4028 interitum
1722 3973 1922 4037 carnis,
1971 3980 2030 4024 ut

445 4066 664 4134 spiritus
694 4064 871 4120 salvus
900 4066 996 4135 ﬁat
1036 4067 1092 4120 in
1122 4067 1204 4119 die
1231 4066 1427 4136 judicii
1464 4065 1678 4122 Domini
1705 4061 1857 4119 Iesu.
1897 4062 2033 4117 Tra-

445 4164 591 4212 ditur
622 4166 805 4211 autem
838 4156 1123 4211 tormentis
1156 4170 1428 4227 peccator,
1459 4164 1518 4211 ut
1548 4155 1778 4225 recipiat
1802 4154 1855 4208 in
1888 4169 2025 4221 prte-

446 4248 586 4303 senti
630 4248 1019 4319 supplicia,.ct
1059 4263 1159 4320 pro
1199 4248 1437 4318 peccatis
1475 4245 1592 4301 suis
1637 4244 1932 4309 cruciatus,
1961 4243 2014 4297 in

445 4338 630 4393 futuro
670 4336 1010 4408 refrigerium
1060 4346 1465 4407 consequatur,
1506 4344 1554 4391 et
1605 4335 1711 4390 dici
1758 4335 1931 4405 possit
1962 4334 2031 4388 de

2154 496 2318 550 tirmi.
2361 493 2640 548 lnlirmum
2676 494 2907 550 efﬁcitur
2951 511 3210 563 regnum,
3251 497 3397 565 quod
3445 497 3512 552 de
3547 509 3735 556 saneta

2152 589 2291 634 terra
2354 582 2407 635 in
2459 581 2788 652 Babylonem
2859 584 3207 639 transfertur.
3276 583 3471 640 Nullus
3538 589 3738 659 quippe

2150 671 2308 727 fortis
2346 674 2399 727 in
2427 674 2717 745 Babylone,
2752 675 2802 729 id
2833 688 2917 730 est
2945 676 2995 728 in
3025 676 3349 731 confusione
3379 678 3578 735 mentis
3604 696 3736 736 suae.

2150 763 2386 819 Omnino
2410 781 2517 819 non
2562 776 2736 835 potest
2779 767 2964 822 extolli
3015 770 3180 823 homo
3209 770 3302 838 qui
3333 770 3598 828 confusus
3630 779 3737 837 est,

2150 866 2209 911 nt
2246 860 2518 914 custodiat
2552 869 2939 916 testamentum
2971 878 3175 927 meum,
3197 872 3258 916 ut
3282 870 3486 918 statuat
3511 865 3642 920 illud
3681 874 3741 921 et

2146 947 2391 1003 discedat
2417 950 2486 1004 ab
2517 966 2604 1016 eo,
2636 961 2696 1005 ut
2722 951 2900 1006 mittat
2925 953 3147 1007 nuntios
3175 969 3306 1009 suos
3340 954 3393 1008 in
3416 954 3731 1026 IEgyptum.

2146 1037 2252 1094 Iste
2284 1040 2377 1110 qui
2409 1057 2438 1095 a
2464 1040 2970 1099 Nabuchodonosor
3003 1054 3223 1115 propter
3247 1056 3469 1115 peccata
3501 1063 3598 1101 sua
3628 1056 3738 1102 tor-

2146 1141 2330 1187 menta
2379 1136 2701 1203 perpetitur,
2743 1144 2797 1190 et
2842 1137 3010 1190 mittit
3049 1137 3271 1191 nuntios
3307 1152 3436 1193 suos
3471 1137 3525 1191 in
3563 1136 3734 1209 IEgy-

2143 1232 2320 1293 ptum,
2354 1240 2463 1280 non
2506 1226 2690 1284 ferens
2710 1229 3056 1283 traditionem
3098 1246 3204 1299 qua
3254 1230 3396 1285 hosti
3435 1246 3730 1287 concessus

2142 1324 2225 1370 est
2264 1332 2294 1372 a
2331 1315 2459 1383 Deo,
2491 1328 2551 1372 ut
2583 1320 2671 1373 det
2707 1319 2756 1373 ei
2795 1334 2968 1390 equos
3007 1330 3062 1376 et
3105 1323 3362 1392 populum
3393 1324 3647 1391 multum,
3676 1325 3731 1382 id

2142 1410 2321 1479 poscit
2365 1412 2510 1479 quod
2561 1413 2612 1465 in
2660 1411 2781 1467 loco
2832 1414 3166 1483 prohibitum
3213 1424 3299 1471 est
3350 1434 3365 1472 :
3420 1431 3529 1472 non
3583 1417 3729 1473 enim

2141 1500 2528 1570 multiplicabis
2562 1503 2656 1557 tibi
2695 1518 2866 1573 equos
2898 1506 2976 1568 η,
3013 1506 3091 1559 ait
3127 1505 3429 1577 Scriptura.
3487 1507 3547 1564 Si
3590 1511 3731 1564 diri-

2140 1596 2308 1656 getur,
2338 1590 2385 1642 si
2415 1589 2710 1645 salvabitur
2736 1594 2827 1663 qui
2858 1595 2987 1663 facit
3015 1595 3257 1659 adversa,
3286 1606 3336 1651 et
3372 1600 3730 1666 prmaricans

2143 1688 2513 1736 testamentum
2535 1685 2597 1738 ¹³.
2630 1684 2957 1754 Oportuerat
2980 1703 3104 1743 eum
3149 1689 3240 1759 qui
3285 1690 3518 1746 traditus
3551 1690 3729 1750 fuerat

2142 1782 2526 1829 testamentum
2594 1775 3099 1835 Nabuchodonosor
3173 1781 3443 1837 sustinere
3516 1783 3727 1853 supplio

2138 1867 2283 1921 cium
2324 1884 2338 1921 :
2380 1882 2568 1921 verum
2608 1884 2716 1923 non
2760 1872 3029 1935 sustinet,
3064 1880 3119 1926 et
3166 1871 3370 1928 idcirco
3419 1872 3620 1929 dicitur
3659 1875 3729 1930 de

2136 1971 2202 2011 eo
2232 1974 2245 2010 :
2282 1956 2403 2011 Non
2435 1957 2751 2013 salvabitur.

2207 2047 2261 2102 4.
2315 2046 2441 2102 Vivo
2469 2065 2597 2119 ego,
2631 2050 2763 2103 dicit
2805 2051 3016 2106 Adonai
3044 2051 3336 2118 Dominus,
3378 2054 3482 2108 nisi
3520 2054 3576 2108 in
3611 2053 3727 2108 loco

2137 2142 2271 2209 regis
2300 2140 2390 2210 qui
2430 2142 2704 2195 constituit
2744 2159 2863 2196 cum
2887 2182 2900 2207 ,
2932 2144 3023 2214 qui
3068 2146 3267 2213 spernit
3310 2146 3729 2201 maledictioncm

2136 2248 2326 2298 meam,
2358 2242 2407 2286 et
2446 2240 2802 2303 transgressus
2825 2244 2901 2288 est
2930 2244 3300 2290 testamentum
3334 2253 3507 2291 meum
3534 2238 3595 2292 “.
3630 2236 3727 2293 Est

2135 2323 2359 2392 quidam
2411 2324 2505 2393 qui
2551 2324 2846 2380 inhonorat
2883 2326 3318 2382 maledictioncm
3361 2326 3494 2394 Dei,
3544 2337 3597 2383 et
3641 2336 3729 2383 est

2137 2415 2276 2470 alios
2315 2416 2409 2486 qui
2457 2415 2690 2471 honorat
2728 2430 2873 2470 eam.
2919 2414 3030 2473 Nec
3066 2418 3293 2471 dubium
3333 2425 3449 2483 est,
3491 2418 3621 2488 quin
3666 2417 3722 2472 iu

2136 2504 2390 2573 praesenti
2420 2504 2487 2560 de
2519 2504 2625 2560 isto
2650 2514 2913 2575 queratur
2945 2504 3110 2571 Deus,
3147 2506 3241 2576 qui
3285 2505 3721 2561 maledictioncm

2135 2608 2290 2649 suam
2324 2595 2751 2652 inhonoraverit.
2786 2596 2925 2653 Cum
2964 2598 3109 2652 enim
3137 2599 3262 2668 quis
3293 2598 3526 2652 traditus
3560 2596 3725 2652 fuerit

2135 2688 2419 2756 Suppliciis
2456 2698 2517 2743 ut
2562 2688 2899 2759 castigetur,
2959 2698 3015 2745 et
3048 2704 3156 2744 non
3209 2688 3532 2746 sustinuerit
3572 2689 3722 2759 quod

2134 2791 2464 2851 praeceptum
2513 2790 2629 2847 est,
2673 2781 2967 2836 inhonorat
3012 2779 3449 2836 maledictioncm
3498 2777 3615 2836 Dei.
3670 2772 3729 2828 Si

2136 2888 2263 2927 vero
2295 2873 2617 2928 sustinuerit
2649 2889 2773 2927 cum
2802 2873 2950 2928 omni
2990 2874 3437 2939 mansuetudine,
3466 2881 3521 2928 et
3547 2873 3717 2928 bene-

2132 2963 2390 3027 dictione,
2420 2973 2472 3019 et
2504 2965 2800 3035 gratiarum
2831 2965 3047 3020 actione
3079 2966 3147 3020 ad
3176 2965 3370 3032 Deum,
3411 2966 3513 3020 iste
3549 2965 3723 3021 hono-

2134 3067 2217 3111 rat
2258 3057 2693 3113 maledietionem
2724 3057 2878 3126 ejus;
2913 3066 2967 3112 et
3004 3073 3129 3112 cum
3174 3057 3525 3112 honoravcrit
3552 3056 3722 3112 male-

2134 3146 2453 3213 dictionem,
2483 3163 2709 3203 necesse
2733 3156 2816 3201 est
2838 3156 2899 3201 ut
2923 3147 3087 3202 etiam
3117 3148 3550 3202 benedictionem
3575 3147 3722 3202 illius
3768 3206 3776 3215 ,

2133 3250 2518 3312 consequatur.
2544 3240 2612 3295 Et
2645 3251 3005 3311 transgressus
3029 3252 3102 3294 est
3127 3248 3495 3294 testamentum
3522 3256 3719 3306 meum,

2133 3350 2251 3387 cum
2284 3335 2397 3403 ipso
2445 3335 2500 3387 in
2533 3333 2703 3387 medio
2744 3331 3035 3401 Babylonis
3079 3333 3370 3396 morietur,
3418 3339 3467 3383 et
3508 3347 3612 3384 non
3664 3332 3718 3384 in

2133 3428 2324 3481 virtute
2359 3442 2583 3495 magna,
2628 3441 2789 3496 neque
2825 3425 2878 3477 in
2911 3424 3066 3477 turba
3101 3422 3272 3475 multa
3314 3422 3472 3490 faciet
3502 3419 3717 3475 Pharao

2132 3519 2328 3573 bellum
2358 3520 2420 3572 ⁸⁵.
2453 3516 2570 3571 Non
2602 3526 2776 3587 potest
2806 3516 2856 3570 ei
2892 3516 2985 3584 qui
3018 3523 3392 3583 transgressus
3440 3511 3622 3575 fuerit,
3662 3520 3718 3567 et

2133 3610 2545 3666 inhonoraverit
2588 3607 3024 3663 maledictioncm
3061 3604 3178 3671 Dei,
3220 3604 3436 3659 Pharao
3477 3604 3716 3659 tribucre

2132 3703 2420 3769 auxilium,
2464 3716 2650 3755 verum
2691 3700 2746 3753 iit
2777 3699 2956 3755 medio
2993 3697 3287 3769 Babylonis
3322 3712 3418 3767 pro
3448 3712 3545 3753 sua
3574 3711 3715 3767 prte-

2133 3794 2469 3853 varicatione
2495 3792 2779 3847 morietur.

2203 3886 2255 3941 5.
2298 3883 2501 3939 Deinde
2521 3883 2790 3953 sequitur,
2821 3890 2875 3935 et
2892 3887 3078 3935 narrat
3102 3879 3232 3948 quid
3250 3887 3567 3948 peceatores
3594 3892 3716 3947 pas-

2133 3978 2245 4033 suri
2278 3985 2439 4043 sunt,
2469 3986 2522 4030 et
2550 3983 2671 4046 post
2705 3975 2818 4029 lucc
2848 3973 3192 4043 prosperiora
3222 3986 3451 4040 quicque
3478 3986 3716 4025 comme-

2132 4073 2351 4134 morat,
2403 4066 2591 4120 dicens
2628 4065 2672 4096 ”
2707 4084 2720 4120 :
2751 4064 3020 4133 Accipiam
3061 4077 3180 4132 ergo
3230 4061 3294 4114 de
3328 4060 3504 4114 electis
3551 4059 3717 4126 cedri,

2131 4167 2180 4212 et
2220 4158 2284 4212 de
2311 4157 2500 4212 vertice
2529 4155 2702 4209 cordis
2752 4153 3011 4217 avellant,
3045 4163 3093 4207 et
3136 4150 3388 4221 plantabo
3438 4152 3613 4219 ipsum
3660 4151 3715 4203 in

2132 4261 2307 4305 monte
2338 4253 2562 4306 excelso.
2606 4247 2738 4303 Post
2787 4245 3196 4301 maledictiones
3233 4259 3370 4313 quas
3412 4258 3576 4313 supra
3607 4259 3714 4296 tne-

2135 4344 2492 4408 moravimus,
2529 4340 2883 4410 repromissio
2915 4337 3270 4393 beatitudinis
3296 4346 3350 4390 et
3384 4336 3714 4392 dulcissima:

445 4447 531 4491 eo.
568 4430 771 4500 recepit
809 4431 948 4484 mala
997 4446 1095 4485 sua
1147 4431 1200 4484 in
1253 4429 1358 4484 vita
1413 4446 1529 4483 sua.
1586 4427 1643 4483 Si
1691 4429 1815 4500 quis
1844 4427 2026 4497 igitur.
2060 4419 2105 4476 Ῐ)
2135 4437 2543 4507 pollicitationis
2574 4434 2630 4487 in
2659 4433 2765 4487 fine
2795 4431 3067 4486 sermonis
3097 4429 3400 4498 profertur;
3441 4432 3567 4499 quia
3598 4430 3712 4499 jam

444 4523 624 4593 pinnis
656 4523 1006 4577 excruciatus
1038 4521 1196 4592 juxta
1243 4520 1592 4575 maledictum
1641 4521 1694 4575 iu
1732 4537 1840 4591 quo
1884 4520 2029 4577 Deus

448 4612 631 4683 posuit
681 4622 1032 4683 peccatores,
1098 4611 1349 4667 maluerit
1391 4611 1576 4683 fugere
1632 4612 1930 4682 supplicia,
1977 4621 2030 4666 et

450 4706 664 4760 mittere
701 4694 766 4759 ad
803 4702 1097 4776 Egyptum
1143 4718 1243 4775 pro
1278 4703 1496 4758 auxiliis
1534 4704 1919 4773 comparandis
1959 4702 2027 4756 ad

446 4796 787 4853 Pharaonem
832 4813 861 4851 a
906 4812 1016 4868 quo
1060 4796 1312 4852 liberavit
1355 4796 1499 4852 Deus
1533 4797 1790 4865 populum
1832 4808 2025 4858 suum,

445 4906 557 4944 non
584 4890 868 4961 dirigetur,
916 4906 1023 4944 non
1057 4882 1375 4945 salvabitur.
1427 4886 1485 4942 Si
1533 4888 1659 4956 quis
1698 4893 1879 4941 autem
1923 4900 2022 4952 pa—

445 4982 643 5036 tienter
685 4981 1123 5037 maledictioncm
1160 4975 1506 5040 sustinuerit,
1538 4983 1594 5030 et
1627 4972 1891 5043 supplicia
1918 4971 2027 5026 Na-

444 5073 903 5140 buchodonosor,
951 5082 1007 5128 et
1052 5080 1264 5139 tempus
1309 5073 1657 5137 peccatorum
1702 5080 1927 5119 suorum
1970 5065 2024 5118 in

445 5168 689 5223 cruciatu
738 5164 1110 5238 compleverit,
1143 5161 1418 5232 quomodo
1460 5160 1551 5214 ille
1598 5160 1690 5230 qui
1726 5160 2024 5213 secundum

445 5259 736 5330 Epistolas.
768 5256 937 5313 Pauli'
964 5254 1311 5312 excruciatus
1361 5261 1476 5316 est,
1530 5260 1590 5306 ut
1636 5251 1860 5321 spiritus
1908 5252 2028 5320 ejus

447 5351 629 5405 salvus
658 5350 810 5404 fieret
837 5347 890 5400 iu
921 5346 1008 5401 die
1034 5345 1248 5414 judicii,
1285 5346 1386 5401 iste
1414 5345 1574 5399 finem
1606 5344 1872 5414 optimum
1905 5360 2029 5398 cou-

442 5453 726 5515 sequetur.
774 5439 989 5495 lnducit
1037 5454 1166 5509 ergo
1215 5453 1339 5494 eum
1380 5438 1433 5492 in
1478 5436 1937 5501 maledictioncm,
1973 5446 2028 5491 ct

522 5645 543 5675 '
569 5648 762 5706 Ezeeh.
797 5664 932 5712 xvu,
965 5649 1052 5703 15.
1128 5650 1149 5680 ⁹
1176 5648 1279 5703 Joh
1310 5663 1426 5709 χχι,
1459 5648 1540 5701 lt).

452 5731 586 5787 ινιι,
623 5721 708 5775 i5.
813 5722 853 5752 ιδ
883 5721 1041 5782 ibid.,
1072 5720 1155 5774 16.
1191 5722 1232 5752 ’⁸
1269 5721 1399 5773 ibid.
1440 5720 1522 5786 16,
1556 5718 1639 5791 [7.

1620 5648 1662 5772 io
1699 5642 2271 5779 ἮθὲξὲεἶιῗΊῗνιῖῗὶξ.

2131 4528 2225 4597 qui
2256 4526 2537 4596 suppliciis
2578 4521 2912 4592 indigebant,
2944 4519 3160 4573 fuerant
3193 4533 3290 4586 pro
3322 4521 3559 4586 peccatis
3597 4518 3716 4573 suis

2133 4625 2407 4673 tormenta
2442 4612 2708 4686 perpessi.
2758 4610 2907 4665 Intra
2962 4610 3341 4677 memetipsum
3373 4623 3500 4662 vero
3531 4608 3713 4661 consi-

2129 4708 2349 4770 derans,
2381 4713 2435 4759 et
2464 4704 2753 4773 diligenter
2782 4700 2939 4755 istius
2965 4699 3067 4754 loci
3100 4713 3320 4753 sensum
3350 4706 3710 4767 pertractans,

2131 4797 2370 4850 arbitror
2398 4795 2465 4849 de
2494 4792 2759 4863 apostolis
2813 4790 3145 4861 prophetari.
3202 4788 3294 4844 Isti
3344 4789 3544 4859 quippe
3585 4797 3714 4842 sunt

2127 4885 2195 4938 de
2236 4884 2421 4938 electis
2460 4883 2629 4946 cedri,
2675 4882 2743 4935 de
2791 4881 3140 4943 summitate,
3186 4880 3253 4934 de
3297 4879 3530 4942 vertice,
3573 4893 3712 4949 quos

2128 4975 2278 5028 dedit
2307 4974 2448 5029 Deus
2475 4974 2531 5027 in
2560 4973 2796 5027 virorem
2840 4973 3046 5039 Steculi,
3080 4975 3276 5028 radens
3302 4972 3463 5028 corda
3498 4986 3710 5035 eorum,

2129 5077 2184 5120 et
2215 5065 2466 5134 plautans
2505 5079 2600 5118 eos
2643 5063 2696 5117 iu
2748 5072 2932 5118 monte
2968 5065 3183 5120 excelso
3210 5063 3338 5120 Jesu
3367 5064 3583 5119 Christo
3614 5061 3716 5115 Do-

2130 5159 2282 5212 mino
2325 5169 2533 5211 nostro.
2582 5154 2652 5208 Et
2700 5156 3014 5224 suspendam
3067 5157 3244 5226 ipsum
3284 5157 3338 5209 in
3384 5166 3555 5209 monte
3603 5154 3713 5208 alto

2136 5249 2329 5311 Israel,
2364 5258 2414 5301 et
2443 5248 2716 5325 plantabo,
2758 5258 2807 5301 et
2838 5248 3090 5317 producet
3129 5248 3504 5319 propaginem,
3541 5256 3590 5300 et
3628 5248 3715 5317 fa-

2133 5343 2231 5394 ciet
2276 5340 2508 5409 fructum
2540 5340 2604 5393 ιτ.
2661 5338 2928 5395 Fecerunt
2967 5341 3056 5394 isti
3107 5341 3469 5411 propagines,
3516 5341 3714 5394 attule-

2133 5443 2259 5487 runt
2291 5432 2520 5489 fructus.
2568 5430 2637 5483 Et
2683 5434 2782 5485 erit
2816 5432 2870 5484 in
2910 5433 3124 5485 cedrum
3152 5448 3397 5501 magnam
3431 5431 3490 5484 ¹⁸.
3524 5431 3717 5488 (Ξουθία
3790 5456 3793 5457 ν

2296 5641 2337 5671 υ
2369 5639 2389 5693 ι
2416 5640 2540 5693 Cor.
2573 5656 2624 5706 v,
2661 5639 2716 5693 5.
2819 5639 2859 5670 "
2890 5637 3044 5694 Deut.
3083 5655 3217 5705 xvn,
3256 5639 3340 5693 16.
3404 5602 3411 5606 ἢ
3446 5640 3487 5670 ¹¹
3512 5636 3710 5692 Ezech.

2354 5711 2393 5742 ιτ
2427 5711 2585 5777 ibid.,
2609 5711 2700 5763 as.
2741 5709 2782 5740 η
2809 5710 2937 5763 ibid.
