4128 6498
458 299 562 354 ῗῦἸ

1845 295 2137 352 llOSllLlA
2177 292 2313 352 Xlll.
2375 313 2379 317 ‘

3637 293 3737 347 733

455 418 586 475 dera
620 412 1044 483 magnitudinem
1081 421 1136 466 et
1177 412 1562 467 sublimitatem
1603 412 1858 467 Ecclesiae
1887 410 2046 467 Chri-
2077 415 2117 469 A
2150 410 2292 463 onmi
2316 409 2554 478 aperanti
2580 406 2793 473 bonum,
2840 406 3031 465 Judrea
3076 409 3304 479 primum
3340 416 3389 463 et
3427 406 3632 462 Cra'ca.
3672 408 3738 463 tu

458 507 550 574 sti,
604 515 665 560 ut
715 504 987 574 intelligas
1027 502 1181 570 juxta
1220 503 1639 572 promissionem
1690 504 1777 557 Dei
1839 502 2041 557 factum

456 613 578 656 esse
606 598 750 668 quod
783 597 981 651 dicitur
1013 595 1055 627 ¹⁹
1089 613 1102 648 :
1138 594 1206 647 Et
1244 596 1344 648 erit
1373 596 1425 647 in
1452 595 1665 649 cedrum
1696 612 1962 665 magnam,
1994 604 2042 649 et

457 692 737 762 requiescet
774 705 929 758 super
965 705 1023 742 eo
1067 687 1237 741 omnis
1270 688 1413 754 aris,
1451 697 1500 740 et
1532 704 1682 741 autne
1709 687 1915 741 volatile
1945 688 2042 741 sub

457 777 643 832 umbra
672 777 788 845 ejus
825 776 1124 846 requiescet.
1153 776 1386 830 Assume
1412 776 1506 830 tibi
1538 792 1744 844 pennas
1774 777 2044 831 sermonis

462 870 573 938 Dei,
601 880 653 925 et
684 868 889 938 poteris
919 883 1212 937 repausare
1246 868 1349 923 sub
1378 868 1480 922 hac
1505 870 1699 923 arbore
1737 884 1859 938 quae
1891 867 2043 937 plan-

457 971 566 1017 tata
603 969 688 1017 est
720 960 775 1015 in
814 969 999 1014 monte
1029 957 1270 1016 excelso.
1302 957 1370 1012 Et
1404 960 1716 1029 requiescet,
1766 968 1815 1011 et
1857 976 2044 1028 propa-

454 1054 600 1124 gines
641 1053 754 1123 ejus
797 1054 1141 1107 restituentur
1186 1052 1254 1107 ¹⁰.
1304 1049 1437 1107 Vide
1477 1051 1754 1121 quomodo
1800 1051 1853 1106 in
1900 1052 2041 1108 bona

458 1154 610 1215 parte
640 1145 922 1215 prophetia
959 1146 1200 1200 finiatur.
1249 1142 1509 1214 Sequitur
1540 1146 1681 1199 enim
1715 1147 1757 1177 ’ί
1793 1164 1804 1197 :
1838 1143 1904 1198 Et
1954 1162 2043 1199 co-

453 1240 699 1301 gnoscent
727 1233 901 1286 omnia
935 1232 1080 1302 ligna
1107 1232 1310 1301 campi,
1348 1232 1486 1302 quod
1517 1250 1610 1302 ego
1657 1232 1911 1290 Dominus
1953 1236 2042 1305 qui

454 1322 677 1377 humilia
723 1323 930 1394 lignum
974 1324 1164 1378 altum.
1213 1323 1441 1394 Lignum
1487 1325 1654 1380 altum
1689 1326 1919 1396 populus
1947 1326 2043 1382 Ju-

453 1415 692 1471 daeorum
717 1424 825 1479 est,
852 1417 944 1487 qui
969 1433 1115 1472 nunc
1137 1417 1459 1472 humiliatus
1484 1418 1707 1475 sceleris
1738 1419 1824 1473 sui
1851 1435 2042 1488 pmnas

455 1508 575 1573 luit,
604 1511 733 1581 quia
767 1510 820 1564 in
849 1510 1015 1566 Deum
1046 1523 1294 1567 nostrum
1329 1511 1516 1568 Jesum
1540 1512 1819 1568 Christum
1849 1530 2042 1570 manus

451 1615 622 1654 ausus
649 1609 731 1655 est
763 1601 995 1657 mittere.
1037 1601 1105 1655 Et
1146 1601 1343 1655 extollo
1377 1602 1580 1674 lignum
1626 1602 1824 1657 humile
1858 1605 1926 1656 ’³.
1960 1603 2038 1657 Tn

413 1707 577 1764 .eras
642 1694 849 1764 lignum
900 1693 1144 1757 humile,
1203 1692 1410 1762 lignum
1469 1692 1780 1761 dejertum,
1833 1694 2039 1764 lignum

2151 501 2410 570 adjuvare
2446 499 2746 571 principem
2786 499 3180 566 lsraelitarum,
3233 501 3533 571 principem
3584 502 3733 570 regni

2153 592 2491 657 Graecorum,
2532 591 2765 648 fortasse
2807 593 2920 664 jam
2968 592 3168 647 factum
3223 602 3325 647 est.
3383 595 3441 646 ln
3496 592 3732 646 adventu

2148 686 2352 756 quippe
2403 684 2619 740 Domini
2671 687 2778 740 mei
2827 685 2955 740 Jcsu
3006 686 3231 746 Christi.
3282 685 3532 756 princeps
3569 683 3733 741 Israel

2152 779 2359 847 adjuvit
2395 779 2696 849 principem
2733 781 2885 847 regni
2915 780 3251 844 Graecorum,
3286 787 3346 832 ut
3377 787 3563 848 gentes
3596 793 3731 832 cou-

2150 882 2513 940 sequerentur
2560 872 2814 938 salutem,
2860 883 2913 927 et
2947 873 3022 926 illi
3056 872 3329 928 credendo
3364 872 3727 927 salvarentur.

2148 963 2326 1033 Atque
2367 963 2441 1017 ita
2481 964 2536 1018 in
2569 964 2717 1020 hunc
2749 967 2972 1020 modum
3008 966 3208 1021 dicitur
3233 964 3452 1035 quidam
3480 964 3731 1034 princeps

2148 1057 2299 1128 regni
2332 1057 2648 1126 Persarum,
2709 1060 2852 1115 sicut
2896 1059 3076 1114 dictus
3102 1066 3186 1112 est
3219 1056 3443 1112 Michael
3479 1056 3732 1125 princeps

2149 1148 2540 1218 lsraelitarum,
2567 1161 2621 1207 et
2646 1152 2787 1208 alius
2814 1153 3150 1208 Graecorum.
3181 1148 3299 1205 Non
3338 1157 3468 1205 sunt
3505 1162 3635 1217 ergo
3675 1146 3728 1202 hi

2150 1240 2424 1308 homines,
2468 1258 2568 1298 nec
2610 1245 2910 1300 secundum
2950 1245 3193 1298 locorum
3229 1241 3490 1296 voeabula
3525 1241 3576 1293 in
3605 1239 3730 1309 qni-

2149 1330 2252 1385 bus
2280 1331 2545 1397 imperant
2580 1336 2957 1392 nominantur.
2996 1334 3151 1391 Unde
3174 1344 3228 1389 et
3256 1333 3550 1403 Apostolus
3572 1334 3729 1401 quasi

2150 1437 2257 1475 non
2308 1424 2375 1476 de
2425 1425 2740 1482 hominibus
2782 1414 3093 1498 disputans,
3144 1428 3219 1481 ait
3246 1426 3291 1458 ⁸³
3341 1444 3354 1480 :
3399 1423 3727 1495 Sapientiam

2147 1513 2288 1565 enim
2322 1512 2586 1583 loquimur
2610 1517 2746 1571 inter
2773 1519 3054 1588 perfectas,
3079 1517 3400 1587 sapientiam
3425 1526 3600 1570 autem
3625 1532 3729 1569 non

2148 1605 2304 1674 hujus
2341 1607 2544 1671 surculi,
2582 1625 2741 1679 neque
2779 1611 3076 1681 principum
3112 1611 3295 1665 swculi
3330 1611 3485 1665 istius
3518 1610 3607 1680 qui
3640 1609 3731 1663 de—

2148 1709 2451 1764 struuntur,
2479 1700 2569 1753 sed
2604 1700 2868 1771 loquimur
2907 1703 3001 1757 Dei
3041 1704 3357 1772 sapientiam
3389 1703 3443 1755 in
3480 1703 3729 1771 mysteria

452 1791 610 1837 terra:
647 1785 889 1846 haarens;
936 1798 1126 1836 verum
1158 1781 1474 1837 sublimarit
1521 1790 1572 1835 te
1608 1780 1772 1837 Deus.
1826 1782 1894 1836 Et
1933 1800 2046 1838 are-
2075 1776 2116 1831 Β
2149 1788 2484 1855 absconsum,
2517 1806 2675 1859 quam
2704 1790 3101 1860 prtedestinavit
3138 1791 3276 1844 Deus
3305 1800 3428 1844 ante
3452 1789 3651 1844 swcula
3675 1791 3729 1843 in

450 1875 592 1944 facio
618 1876 824 1946 lignum
853 1874 1017 1928 viride
1048 1874 1112 1926 ’³.
1149 1872 1379 1944 Lignum
1411 1873 1580 1928 viride
1604 1873 2042 1931 circumcisionis

450 1976 535 2022 est
567 1966 822 2037 populus,
862 1965 955 2036 qui
993 1965 1267 2034 quondam
1303 1964 1578 2034 pullulans
1606 1975 1660 2021 et
1683 1964 1884 2021 florens
1914 1965 2039 2033 fuit,

454 2073 641 2111 verum
688 2057 855 2113 nimia
892 2072 1038 2111 nunc
1063 2057 1310 2113 siccitate
1347 2058 1664 2124 contabuit;
1712 2058 1799 2113 ubi
1843 2059 2042 2129 quippe

450 2162 598 2202 nunc
635 2146 849 2202 vividus
889 2162 1071 2203 sermo
1114 2148 1257 2217 apud
1298 2149 1431 2204 eos?
1463 2148 1562 2203 Uhi
1602 2150 1862 2204 virtutum
1903 2151 2041 2207 cho-

453 2242 581 2294 rus?
617 2241 685 2294 Et
710 2242 1015 2295 revirescere
1039 2243 1181 2311 facio
1205 2242 1407 2312 lignum
1437 2243 1650 2296 aridum
1679 2243 1745 2297 ’⁸.
1773 2243 1852 2297 Tu
1888 2242 2035 2301 luisti

448 2330 657 2401 lignum
685 2333 935 2398 aridum,
983 2344 1037 2388 et
1082 2333 1210 2390 fecit
1240 2344 1290 2388 te
1327 2336 1658 2390 revirescere
1692 2335 1894 2391 Christi
1943 2336 2041 2390 ad-

445 2431 664 2479 ventus.
697 2422 811 2495 Ega
837 2424 1089 2479 Dominus
1114 2426 1320 2480 locutus
1351 2444 1468 2481 sum
1498 2437 1548 2480 et
1571 2427 1772 2497 faciam
1801 2429 1868 2482 ³⁸.
1908 2427 2040 2494 Qui-

445 2515 547 2570 bus
571 2515 733 2572 dictis
766 2524 825 2572 ut
846 2524 899 2572 et
928 2533 1029 2573 nos
1055 2518 1475 2585 revirescamus,
1513 2527 1574 2572 ut
1618 2518 1829 2576 fructus
1861 2521 2041 2575 valea-

445 2622 569 2663 mus
597 2608 821 2674 ailerre,
867 2619 926 2664 ut
971 2610 1283 2680 germinans
1330 2610 1539 2679 lignum
1585 2620 1640 2665 et
1676 2626 1786 2665 non
1831 2612 2036 2668 siccum

443 2696 766 2767 eﬂlciamur,
800 2709 861 2755 ut
885 2715 1166 2770 nunquam
1199 2701 1266 2756 ad
1305 2701 1519 2756 radices
1558 2711 1775 2757 nostras
1806 2713 2040 2773 ponatur

444 2789 657 2844 securis
695 2806 818 2859 qua:
852 2791 903 2844 in
936 2790 1232 2861 Evangelia
1269 2791 1614 2862 praedicatur,
1647 2796 1909 2851 attentius
1948 2793 2039 2849 Je-

445 2893 568 2935 sum
611 2877 892 2936 Christum
931 2879 1225 2937 Dominum
1270 2890 1521 2938 nostrum
1568 2899 1693 2939 cum
1724 2882 1884 2940 Patre
1934 2901 2038 2941 suo

450 2986 776 3041 precemur:
809 2972 897 3026 cui
948 2983 1031 3028 est
1082 2974 1254 3044 gloria
1306 2984 1361 3030 et
1411 2975 1699 3045 imperium
1740 2975 1795 3030 in
1837 2977 2035 3032 saecula

446 3061 793 3117 saeculorum.
829 3061 1025 3121 Amen.

901 3174 1060 3245 ἀοι
1103 3173 1394 3230 HOMILIA
1424 3174 1556 3237 xm.

451 3261 530 3317 De
552 3280 612 3317 ea
636 3264 775 3334 quod
805 3266 1005 3338 dicitur
1030 3267 1077 3338 ’ἦ
1107 3285 1118 3319 :
1153 3286 1172 3317 ι
1207 3266 1319 3321 Fili
1342 3267 1592 3332 hominis,
1620 3267 1732 3324 leva
1757 3270 2030 3338 planctum

514 3348 671 3409 super
719 3352 887 3403 regem
943 3336 1092 3406 Tyri,
1142 3347 1190 3391 et
1232 3354 1366 3406 pone
1411 3338 1605 3409 faciem
1648 3336 1795 3393 (nam
1845 3352 2033 3399 contra

516 3400 794 3458 Si'donem.
833 3424 852 3456 ι

516 3514 568 3573 1.
610 3513 930 3587 PI-wcipitur
962 3518 1124 3575 nobis
1167 3520 1236 3575 ab
1278 3521 1550 3593 episcopis
1594 3524 1871 3582 discutere
1909 3542 2032 3583 ser-

441 3619 665 3663 monem
710 3610 977 3680 principis
1031 3610 1184 3684 Tyri,
1237 3622 1295 3668 ut
1343 3614 1532 3671 laudes
1572 3617 1693 3683 ejus
1729 3619 2033 3690 culpasque

449 3699 694 3755 dicamus
716 3713 731 3753 :
754 3715 968 3756 necnon
1014 3700 1232 3774 iussum
1259 3712 1362 3772 est,
1393 3713 1455 3760 ut
1484 3704 1551 3761 de
1589 3704 1877 3762 Pharaone
1908 3724 2034 3779 rege

447 3784 671 3863 [Egypti
699 3794 884 3865 aliqua
924 3805 1304 3853 retractemus.
1348 3796 1631 3869 Plangitur
1666 3798 1850 3868 itaque
1881 3800 2033 3868 prin-

445 3897 577 3953 ceps
607 3882 757 3954 Tyri,
813 3901 915 3940 nec
946 3886 1248 3955 putandum
1281 3895 1362 3941 est
1399 3888 1547 3942 hunc
1581 3888 1858 3944 hominem
1888 3906 2029 3945 esse.

444 3973 506 4029 In
528 3976 707 4032 medio
733 3978 934 4048 quippe
954 3978 1238 4033 cherubim
1264 3978 1446 4033 nullus
1474 3978 1755 4033 hominum
1779 3988 1863 4035 est
1886 3996 2035 4035 crea-

446 4078 556 4134 tus,
601 4077 656 4125 et
695 4070 750 4124 in
796 4070 1051 4140 paradiso
1081 4069 1201 4137 Dei,
1233 4072 1279 4126 si
1314 4070 1638 4140 simpliciter
1674 4072 1913 4127 litteram
1947 4089 2032 4128 se—

444 4162 688 4233 quimur,
730 4162 1013 4218 hominum
1044 4164 1228 4219 nullus
1260 4172 1345 4219 est
1374 4163 1667 4220 enutritus.
1712 4163 1936 4227 Etcum
1975 4164 2031 4220 in

444 4252 702 4323 paradiso
740 4253 1086 4320 deliciarum,
1126 4253 1289 4309 sicuti
1330 4252 1594 4319 diximus,
1638 4269 1800 4309 nemo
1846 4253 2029 4321 fuerit,

450 4360 599 4401 nunc
626 4345 829 4401 dicitur
862 4345 1120 4416 princeps
1159 4343 1287 4417 Tyri
1320 4345 1373 4399 in
1404 4345 1659 4415 paradiso
1700 4346 2028 4402 deliciarum

2060 3111 2104 3170 c
2142 3084 2205 3137 ¹³¹’

2143 1877 2369 1947 gloriam
2421 1887 2678 1943 nostram,
2745 1894 2904 1949 quam
2962 1877 3140 1930 nullus
3197 1877 3494 1945 principum
3544 1872 3729 1928 swculi

2143 1971 2297 2024 istius
2330 1971 2591 2041 cognovit.
2626 1969 2686 2024 Si
2724 1970 2863 2024 enim
2898 1970 3281 2040 cognovissent,
3318 1983 3584 2037 nunquam
3616 1965 3731 2019 Da--

2142 2064 2340 2118 minum
2373 2063 2558 2134 glarita
2596 2062 3007 2133 cr'nciﬁxissent.
3055 2062 3121 2118 Et
3167 2061 3311 2133 quod
3348 2061 3509 2115 istius
3545 2058 3727 2115 seculi

2142 2154 2416 2227 principes
2472 2157 2867 2211 cruciﬁxerunt
2918 2155 3255 2211 Salvatorem
3308 2164 3362 2209 et
3410 2152 3724 2216 Dominum,

2144 2251 2427 2320 prophetia
2455 2251 2609 2307 testis
2631 2258 2736 2318 est,
2766 2249 3014 2304 dicens"
3033 2267 3045 2303 :
3063 2249 3360 2302 Astiterunt
3385 2262 3524 2317 reges
3551 2253 3725 2308 terrm,

2142 2354 2191 2395 et
2219 2344 2480 2412 principes
2505 2349 2851 2397 convenerunt
2867 2342 2919 2395 in
2932 2356 3092 2394 unum
3107 2339 3356 2394 adrersus
3375 2337 3656 2390 Dominum
3675 2347 3723 2389 et

2141 2432 2393 2487 adversus
2425 2430 2697 2486 Christum
2712 2433 2848 2500 ejus.
2872 2429 3026 2484 Unde
3043 2429 3237 2483 etalibi
3255 2428 3308 2482 in
3328 2426 3562 2482 Psalmis
3592 2426 3727 2480 seri-

2144 2522 2288 2577 hitur
2317 2503 2522 2591 5°:Ega
2536 2521 2686 2576 dixi:
2705 2519 2799 2573 Dii
2810 2520 3134 2589 estis,et/ilii
3156 2519 3367 2573 Επειδί
3390 2534 3603 2580 omnes;
3640 2536 3725 2572 vos

2145 2620 2322 2664 autent
2339 2620 2395 2664 ut
2415 2612 2649 2665 homines
2670 2608 2989 2677 moriemini,
3003 2618 3051 2663 et
3071 2618 3321 2678 tanquam
3338 2622 3471 2660 unus
3496 2606 3558 2660 de
3578 2607 3698 2676 prin
3716 2635 3727 2644 -

2147 2701 2356 2773 cipibus
2383 2703 2603 2757 cadetis.
2630 2700 2694 2756 Et
2715 2711 2799 2757 est
2816 2702 2887 2755 ibi
2905 2700 3164 2756 sermode
3185 2698 3333 2753 nullo
3346 2698 3562 2767 penitus
3583 2696 3728 2766 prin-

2141 2795 2263 2863 cipe
2312 2794 2608 2864 corporali.
2654 2791 2710 2847 Si
2759 2793 2927 2863 igitur
2971 2800 3054 2847 est
3097 2789 3319 2860 quidam
3358 2788 3611 2858 princeps
3638 2802 3724 2841 re—

2139 2886 2232 2955 gni
2260 2884 2578 2953 Persarum,
2604 2885 2648 2939 si
2680 2893 2765 2939 est
2788 2883 3042 2953 princeps
3070 2879 3438 2935 Israelitarum
3472 2875 3723 2942 Michael,

2138 2986 2539 3045 consequenter
2570 2985 2625 3031 et
2656 2975 2783 3046 Tyri
2823 2975 3077 3045 princeps
3112 2982 3195 3028 est
3227 2990 3240 3026 :
3269 2979 3323 3025 et
3362 2971 3429 3025 de
3464 2970 3549 3024 his
3578 2986 3726 3025 nunc

2211 3069 2481 3138 incipibus
2524 3067 2874 3138 propheticus
2920 3080 3102 3121 sermo
3147 3063 3411 3133 loquitur.
3451 3061 3720 3129 Quoniam

2138 3167 2319 3214 autem
2345 3168 2399 3213 et
2419 3158 2485 3213 de
2515 3157 2699 3231 Moyse
2724 3156 3096 3212 testimonium
3132 3153 3357 3223 polliciti
3391 3166 3600 3215 sumus,
3626 3167 3724 3207 au-

2136 3251 2311 3307 sculta
2360 3249 2506 3321 quod
2547 3249 2858 3319 sequitur"
2890 3266 2902 3301 :
2947 3246 3169 3312 Quando
3203 3244 3468 3297 dividebat
3505 3241 3723 3296 Altissi-

2137 3357 2252 3396 mus
2284 3350 2481 3412 gentes,
2535 3358 2652 3394 cum
2694 3340 3055 3394 disseminarit
3106 3336 3248 3407 ﬁlios
3291 3338 3485 3397 Adam,
3532 3337 3721 3388 statuit

2135 3432 2266 3501 ﬁnes
2309 3432 2540 3501 gentium
2592 3429 2878 3483 secundum
2912 3442 3190 3480 numerum
3238 3423 3543 3494 angelorum
3590 3421 3711 3487 Dei,

2137 3523 2274 3587 sive,
2308 3532 2366 3577 ut
2397 3522 2594 3576 melius
2630 3521 2811 3584 habet,
2846 3519 3134 3574 secundum
3176 3532 3453 3570 numerum
3484 3514 3722 3583 ﬁliorum

2138 3612 2333 3677 Israel,
2374 3624 2422 3668 et
2456 3614 2598 3682 facta
2625 3622 2701 3668 est
2733 3629 2857 3681 pars
2891 3610 3103 3663 Domini
3129 3609 3352 3677 populus
3381 3607 3497 3675 ejus
3527 3603 3718 3663 Jacab.

2137 3706 2239 3761 Alii
2275 3705 2503 3775 principi
2527 3704 2669 3759 facta
2704 3712 2789 3758 est
2816 3717 2945 3772 pars
2973 3701 3170 3772 Tyrus,
3196 3699 3286 3753 alii
3316 3697 3573 3768 Babylon,
3598 3699 3720 3754 aliis

2137 3801 2256 3855 alia:
2291 3799 2574 3852 nationes:
2608 3805 2771 3865 atque
2803 3795 2878 3848 ita
2913 3793 2966 3847 in
3010 3794 3157 3846 hunc
3190 3791 3410 3844 modum
3447 3790 3720 3863 principes

2135 3888 2498 3958 possederunt
2534 3899 2725 3940 omnes
2768 3884 2902 3937 lines
2946 3881 3212 3952 gentium.
3259 3877 3315 3933 Si
3369 3880 3493 3949 quis
3536 3890 3715 3935 autem

2134 3987 2290 4049 putat
2330 3978 2512 4046 legens
2557 3976 2610 4029 in
2660 3973 2960 4043 Scripturis
2992 3972 3149 4040 quasi
3187 3972 3254 4025 dc
3290 3970 3601 4025 hominibus
3631 3972 3716 4026 di-

2134 4083 2304 4134 ctum,
2339 4068 2606 4137 intelligat
2636 4068 2804 4122 altius
2844 4065 3131 4137 spiritalis,
3168 4073 3222 4122 et
3255 4079 3285 4119 a
3319 4064 3467 4120 nullo
3499 4063 3716 4134 judica-

2134 4172 2242 4218 tus.
2276 4160 2680 4231 Dignoscuntur
2713 4157 2859 4212 enim
2895 4156 3143 4226 quaedam
3179 4154 3245 4211 dc
3277 4154 3715 4210 Nabuchodonoo

2133 4268 2225 4310 sor
2252 4268 2377 4323 rege
2402 4249 2772 4323 Assyriorum,
2805 4262 2928 4317 qua:
2964 4262 3074 4301 non
3108 4248 3442 4300 conveniunt
3468 4260 3716 4316 persona:

2132 4344 2272 4416 ejus.
2322 4341 2470 4397 Dixit
2513 4342 2658 4395 enim
2684 4341 2728 4372 "
2762 4357 2774 4393 :
2812 4337 2879 4393 In
2910 4336 3226 4409 fortitudine
3258 4336 3478 4406 faciam,
3525 4346 3575 4390 et
3618 4353 3712 4391 sa-

444 4447 609 4495 natus
637 4450 802 4509 atque
829 4439 1127 4494 enutritus.
1163 4437 1298 4506 Quis
1329 4448 1413 4494 est
1439 4439 1541 4494 iste
1569 4439 1822 4509 princeps
1865 4438 2028 4510 Tyri?
2059 4449 2103 4504 1)
2131 4437 2332 4507 pientia
2365 4433 2660 4488 intellectus
2691 4432 2934 4502 auferam
2963 4432 3093 4500 ﬁnes
3127 4427 3380 4501 gentium,
3407 4439 3454 4482 et
3478 4444 3711 4481 commo-

444 4528 747 4586 Veniamus
769 4530 835 4585 ad
870 4530 1168 4597 Danielem,
1200 4540 1252 4586 et
1276 4530 1623 4587 occasionem
1655 4531 2028 4602 intelligentiae

442 4621 800 4691 reperientes,
828 4620 1074 4676 dicamus
1106 4637 1214 4676 non
1258 4637 1380 4677 esse
1426 4622 1700 4691 principes
1730 4638 2026 4693 corporeae

442 4712 510 4765 de
539 4711 741 4780 quibus
777 4726 925 4767 nunc
969 4712 1253 4781 qum-itur.
1302 4711 1436 4768 Post
1469 4712 1745 4770 Dauielem
1776 4714 1844 4769 ab
1872 4714 2025 4787 Apo-

442 4805 586 4860 stolo
610 4813 859 4875 petamus
891 4807 1220 4877 exemplum.
1255 4806 1455 4862 Deinde
1480 4824 1698 4862 rursum
1731 4808 2025 4878 propheta-

440 4913 566 4953 rum
615 4900 923 4954 testimonia
975 4915 1252 4955 vocemus.
1305 4899 1403 4955 His
1432 4901 1689 4957 omnibus
1737 4902 1900 4957 etiam
1937 4902 2028 4958 ille

441 4990 785 5059 capulandus
814 5002 895 5047 est
916 4991 1091 5052 locus,
1125 4992 1273 5062 quia
1303 4991 1486 5064 Moyse
1514 4993 1566 5047 in
1602 4992 2025 5049 Deuteronomio

443 5095 552 5135 non
591 5091 817 5137 tacetur.
863 5081 999 5154 Age,
1034 5098 1180 5137 nunc
1228 5084 1554 5151 replicemus
1583 5086 1854 5155 exempla,
1888 5085 2027 5140 inci-

443 5172 656 5242 pientes
694 5190 724 5229 a
765 5173 1007 5231 Daniele.
1061 5175 1342 5246 Princeps,
1384 5177 1481 5239 ait,
1527 5179 1742 5233 videtur
1770 5177 2020 5233 Michael.

441 5262 633 5334 Ibique
665 5281 907 5329 rursum,
937 5270 1187 5336 princeps
1217 5267 1419 5334 Israel;
1458 5278 1509 5322 ct
1550 5269 1604 5323 in
1639 5269 2020 5336 consequenti.

441 5355 676 5414 Michael
701 5358 997 5430 adiuvabat
1019 5360 1316 5429 principem
1344 5360 1490 5429 regni
1521 5360 1880 5429 gentium.Ad
1909 5362 2022 5417 lucc

443 5449 612 5506 addat
646 5450 945 5520 Apostolus
966 5451 1009 5483 ’⁷
1047 5473 1059 5507 ;
1098 5448 1280 5504 Gloria
1318 5461 1491 5505 autem
1531 5460 1580 5504 et
1615 5454 1783 5507 honor
1827 5460 1875 5505 et
1916 5468 2024 5522 pax

454 5605 477 5616 ε
545 5586 586 5617 ιθ
618 5583 817 5641 Ezech.
850 5599 984 5649 xvu,
1015 5585 1105 5638 ‘25.
1213 5586 1256 5618 ²⁶
1286 5586 1414 5641 ibid.
1494 5586 1537 5618 ”
1568 5586 1723 5645 ibid.
1758 5586 1848 5639 24.

452 5655 538 5712 21.
595 5656 800 5709 "Rom
856 5672 914 5717 ιι.
954 5654 1037 5709 10.

450 5733 621 5789 uisa.
652 5741 709 5794 κ,
742 5726 827 5783 l3.
904 5727 949 5758 ³³
976 5723 1081 5782 lsa.
1106 5740 1220 5793 xw,
1260 5728 1342 5782 14.
1422 5728 1466 5760 ³³
1501 5726 1695 5783 Ezech.
1727 5743 1880 5797 nix,
1913 5728 1966 5785 5.

848 5815 1014 5834 ’β’-ξς.

1927 5588 1973 5618 ’⁸
1998 5587 2130 5641 ibid.

1151 5656 1195 5687 ’³
1225 5655 1390 5710 lCor.
1433 5674 1495 5722 ιι,
1527 5658 1579 5719 6,
1613 5658 1666 5718 7,
1700 5657 1752 5710 8.
1796 5658 1840 5688 ’θ
1873 5656 2014 5711 Psal.
2062 5674 2124 5724 tl,
2167 5658 2221 5713 2.

2135 4527 2256 4583 veba
2286 4527 2524 4580 civitates
2548 4523 2899 4588 inhabitatas,
2940 4532 2991 4576 et
3016 4522 3189 4576 orbem
3213 4533 3476 4578 terrarum
3507 4537 3713 4574 onmem

2134 4615 3014 4690 camprehendam;et:ascendam
3058 4631 3214 4683 super
3248 4613 3431 4670 sidera
3475 4615 3611 4675 caeli.
3660 4624 3712 4669 et

2134 4712 2316 4777 nubes,
2365 4720 2416 4766 ct
2451 4711 2682 4780 reliqua,
2726 4718 2776 4764 et
2820 4723 2909 4763 era
2956 4708 3149 4765 similis
3189 4708 3553 4763 Allissimo”.
3591 4705 3713 4762 lla-c

2134 4802 2656 4859 Nabuchodonosor.
2705 4796 2798 4855 Sic
2840 4809 2894 4854 et
2934 4800 3188 4870 princeps
3230 4799 3356 4871 Tyri
3396 4809 3450 4853 et
3478 4798 3709 4854 Pharao.

2128 4894 2317 4965 Neque
2352 4894 2498 4949 enim
2534 4893 2587 4947 in
2621 4900 2835 4947 tantum
2878 4893 3114 4963 agitatus
3154 4900 3238 4948 est
3281 4890 3439 4946 furiis
3468 4907 3625 4944 verus
3657 4900 3714 4943 et.

2130 5002 2428 5059 corporeus
2448 4985 2687 5050 Pharao,
2723 4994 2783 5039 ut
2818 4984 3022 5039 diceret
3055 5002 3069 5036 :
3104 4981 3223 5036 Mea
3246 4990 3367 5035 sunt
3390 4983 3636 5051 flumina,
3659 4991 3711 5036 et

2128 5100 2221 5155 ego
2249 5083 2349 5153 feci
2381 5098 2462 5135 ea.
2499 5078 2614 5135 lloc
2644 5091 2822 5135 autem
2849 5087 2974 5136 ante
3005 5080 3203 5135 lectum
3234 5090 3315 5135 est
3344 5079 3395 5133 in
3429 5080 3717 5148 prophetia

2130 5191 2252 5246 qum
2281 5184 2364 5230 est
2388 5173 2653 5228 adversus
2681 5170 3044 5226 Pharaonem.
3076 5170 3261 5241 Neque
3292 5185 3532 5240 unquam
3558 5169 3710 5240 prin-

2131 5270 2307 5338 cipem
2343 5265 2516 5329 illum,
2550 5262 2604 5320 id
2638 5272 2721 5319 est
2765 5279 3086 5335 corporeum
3133 5262 3474 5317 Pharaonem
3518 5261 3710 5314 draco-

2134 5373 2254 5413 nem
2285 5365 2677 5424 nuncupasset,
2705 5355 2892 5411 dicens
2908 5355 2951 5387 “
2978 5373 2985 5381 ’
3014 5354 3147 5408 Ecce
3171 5370 3264 5422 ego
3286 5368 3440 5422 super
3465 5350 3706 5404 Pharao-

2131 5467 2245 5505 nem
2269 5451 2553 5504 draconem
2579 5446 2670 5515 qni
2700 5445 2842 5500 sedet
2867 5447 2921 5501 in
2948 5446 3119 5499 medio
3152 5445 3429 5511 ﬂuminum
3463 5440 3704 5511 /Egypti,

2206 5585 2253 5618 “
2281 5583 2414 5641 ibid.
2492 5583 2535 5613 "
2564 5580 2697 5638 ibid.
2793 5580 2838 5612 "
2876 5580 3008 5635 ibid.

2320 5657 2363 5689 ³ο
2417 5651 2563 5711 Psal.
2624 5665 2810 5716 uxxr,
2857 5653 2910 5715 6,
2965 5650 3014 5704 7.

3086 5580 3132 5611 ’⁸
3163 5578 3356 5633 Ezceh.
3390 5592 3580 5638 sntit,
3618 5577 3704 5644 ll,

3115 5649 3153 5680 ³⁵
3189 5648 3347 5703 Deut.
3380 5664 3547 5710 nan,
3571 5646 3626 5713 8,
3652 5652 3698 5704 9.
