2064 3214
251 130 302 156 759

842 133 1004 162 ORIGENIS
1022 133 1056 161 IN
1076 133 1292 162 EZECHIELEM

249 188 294 223 qui
308 189 372 215 dicit
387 196 396 215 :
418 188 478 216 Mea
500 194 561 217 sunt
581 190 706 224 ﬂumina,
724 196 748 218 et
760 199 806 227 ego
820 193 871 225 feri
886 201 926 220 ea.
944 192 1044 220 Verum
1061 196 1083 224 Α
1099 194 1127 221 in
1146 194 1326 230 perditionem
1343 201 1449 224 creatos
1468 197 1548 224 esse?
1568 196 1756 224 Criminantur
1778 196 1890 225 Creato-

248 235 301 262 hoc
315 235 342 261 in
356 235 417 262 loco
434 236 544 270 proprio
563 242 729 269 reservetur,
750 238 823 272 quod
848 246 922 265 nunc
940 238 1041 266 idcirco

247 281 450 315 assumpsimus
464 286 493 308 ut
513 289 559 316 per
573 282 714 310 notionem
731 283 935 318 Scripturarum
953 284 1041 311 mani-

247 325 343 353 festius
358 326 433 352 deret
443 326 468 353 id
481 326 553 360 quod
568 327 710 355 videbatur
724 329 871 356 occultum.
888 329 1040 356 Adversum

247 369 298 396 bos
311 369 447 405 principes
462 375 503 398 est
518 371 597 398 nobis
614 379 714 407 pugna.
731 372 764 399 Et
780 373 852 400 beati
866 374 982 409 apostoli
992 374 1039 409 qui

246 415 323 443 missi
343 415 452 443 fuerant
465 417 498 444 ad
520 418 735 452 prmdicandum,
759 421 869 454 quando
883 422 917 448 ab
934 421 976 448 his
990 421 1038 456 qui

245 461 314 487 lines
342 461 464 494 gentium
494 462 670 495 possederant
702 463 827 491 homines
853 465 1036 498 abducebant,

246 505 419 538 patiebantur
435 506 559 533 insidias.
584 507 664 534 Verbi
691 509 777 543 gratia
802 510 905 537 dictum
929 510 982 538 sit:
997 511 1038 538 in-

243 550 330 584 gressi
346 556 410 578 sunt
425 552 540 587 apostoli
556 552 668 587 Tyrum.
680 562 840 589 persecutus
854 561 896 583 est
907 563 953 583 eos
964 556 1038 591 prin-

242 604 307 631 ceps
318 596 400 633 Tyri;
414 597 791 633 ascenderuntAntiochiam,
805 601 976 637 impugnavit
990 609 1037 629 eos

242 642 370 678 princeps
381 644 456 678 regni
473 643 568 679 Syriae,
583 645 633 672 iste
644 651 702 673 erat
712 647 758 681 qui
771 647 889 674 bellabat
905 648 1037 676 adversus

241 695 302 720 eos,
316 695 371 715 non
387 696 482 717 omnes
503 690 548 724 qui
566 691 742 725 putabantur,
759 697 787 720 ut
801 692 885 721 ludas
902 695 1034 729 proditor.

244 733 389 767 Quomodo
404 736 476 762 enim
500 736 544 764 ille
565 744 618 764 non
637 739 824 773 principaliter
842 740 979 774 putandus
994 746 1036 768 est

242 779 399 813 prodidisse
413 780 594 813 Salvatorem,
607 782 648 809 sic
661 783 741 810 etiam
760 785 892 818 apostolis
905 786 1033 814 omnibus

240 824 287 859 qui
307 827 523 860 persecutionem
550 828 621 862 passi
645 834 719 861 sunt,
745 830 814 857 alius
838 830 888 857 init
908 831 1034 867 princeps

1094 248 1164 273 rem,
1190 246 1221 268 ut
1244 249 1273 269 se
1298 241 1460 270 criminibus
1474 242 1626 270 absolvant.
1646 244 1740 278 Accipe
1756 243 1887 271 lamenta-

1095 287 1191 313 tionem
1212 288 1291 315 istam
1311 297 1389 323 super
1411 297 1496 324 regem
1517 289 1672 324 Babylonis,
1688 295 1713 316 et
1726 290 1807 323 dices,
1823 298 1889 325 quo-

1093 333 1170 359 modo
1198 334 1308 361 cessarit
1328 335 1373 369 qui
1397 335 1549 370 repetebat?
1570 336 1700 370 quomodo
1724 337 1819 372 quievit
1842 338 1887 372 qui

1091 380 1263 415 exigebat"?
1282 380 1310 407 ln
1337 389 1427 416 regem
1456 382 1602 417 Babylonis
1625 382 1677 410 ista
1700 382 1830 410 dicuntdr
1841 382 1885 410 ":

1092 425 1230 458 Quomodo
1245 428 1340 454 cecidit
1356 427 1465 462 Lucifer
1479 429 1510 455 de
1527 429 1606 461 caelo,
1622 429 1667 464 qui
1685 437 1764 456 mane
1783 429 1887 456 orieba-

1091 477 1146 503 tur,
1161 474 1290 500 contritus
1303 479 1341 501 est
1357 475 1383 501 in
1399 475 1515 501 terram?
1531 474 1564 501 Et
1580 475 1623 502 ille
1639 475 1673 502 de
1689 476 1759 503 ccelo
1776 475 1884 509 cecidit,

1089 523 1116 545 et
1132 519 1183 546 iste
1202 520 1372 555 signaculum
1389 520 1588 553 similitudinis,
1604 528 1707 549 corona
1721 521 1840 554 decoris,
1854 522 1883 549 in

1089 566 1218 600 paradiso
1235 566 1395 594 deliciarum
1412 567 1542 594 nutritus.
1564 568 1632 596 Ecce
1645 576 1741 597 omnes
1759 569 1792 597 de
1811 570 1882 597 ctelo

1090 611 1233 644 Cecidisse,
1258 619 1314 639 non
1344 612 1519 641 descendisse
1550 613 1721 647 referuntur;
1750 613 1882 642 Dominus

1089 663 1153 683 vero
1170 664 1247 684 meus
1264 658 1298 685 de
1314 658 1384 685 coelo
1399 658 1549 692 descendit,
1567 663 1594 686 et
1607 659 1655 694 qui
1672 659 1811 688 descendit
1824 660 1882 695 ipse

1087 705 1130 729 est
1146 701 1218 730 ﬁlius
1232 702 1362 731 hominis.
1376 703 1411 731 At
1426 711 1479 731 non
1500 705 1571 732 sicut
1587 704 1713 733 Satanas.
1730 704 1790 732 Non
1808 706 1880 733 enim

1087 747 1229 776 descendit
1239 749 1272 777 de
1289 750 1368 783 coelo,
1389 758 1477 785 neque
1492 752 1516 778 ei
1534 752 1599 778 mali
1611 752 1759 787 quidquam
1774 752 1881 780 accide-

1086 798 1138 827 rat,
1155 794 1177 822 si
1193 794 1389 822 descendisset.
1413 795 1484 823 Audi
1504 794 1598 823 Jesum
1617 796 1751 823 dicentem
1766 796 1788 812 ⁵⁸
1804 805 1810 824 ;
1834 795 1880 823 Vi-

1086 839 1178 867 debam
1192 839 1322 867 Satanam
1340 841 1417 876 quasi
1433 841 1523 877 fulgur
1536 841 1568 868 de
1583 841 1646 869 caelo
1660 842 1806 873 cadentem,
1824 849 1878 869 non

239 872 448 905 persecutionis.
473 872 610 908 Scriptum
631 879 672 901 est
692 875 792 910 quippe
808 876 841 903 de
855 876 924 904 Juda
937 878 979 904 ³⁵ε
1000 878 1027 904 Ει

1086 886 1309 915 descendentem.
1335 887 1435 915 Verum
1460 896 1514 916 non
1532 889 1607 917 solus
1623 888 1748 917 Salvator
1769 897 1784 916 c
1808 889 1879 916 cmlo

238 922 297 951 post
323 919 468 946 buecellam
489 920 608 947 introivit
627 920 654 947 in
674 921 752 948 illum
771 922 897 951 Satanas.
914 923 973 951 NOII
992 930 1034 952 est

239 963 311 989 enim
327 963 407 991 nobis
422 971 512 1000 pugna
530 966 662 994 adversus
676 974 786 994 carnem
813 973 840 995 et
861 970 1033 1004 sanguinem,

236 1008 300 1035 licet
314 1009 458 1037 videantur
469 1019 500 1038 ex
518 1019 602 1040 carne
618 1017 643 1040 et
662 1014 796 1049 sanguine
813 1016 860 1049 qui
879 1023 930 1043 nos
943 1024 1034 1051 persc-

238 1059 372 1089 quuntur.
386 1055 446 1083 Non
461 1064 508 1084 eos
519 1058 670 1093 oderimus,
683 1059 750 1094 quin
766 1060 858 1095 potius
872 1061 1032 1097 diligamus,

238 1099 303 1127 licet
330 1099 434 1128 inimici
459 1101 538 1130 nobis
561 1103 642 1131 velint
664 1111 837 1140 permanere,
853 1106 1034 1135 misereamur

236 1153 346 1179 eorum,
376 1146 541 1175 daemonium
573 1149 683 1184 habent,
717 1152 861 1186 patiuntur
884 1153 1030 1181 insaniam.

235 1189 296 1218 Non
312 1197 367 1219 tam
383 1192 409 1219 hi
428 1199 493 1221 sunt
503 1195 646 1223 adversum
660 1204 721 1229 nos,
735 1198 842 1232 quinos
858 1206 1030 1234 persequun-

237 1242 292 1271 tur,
315 1245 397 1273 quam
421 1239 460 1266 illi
476 1240 522 1275 qui
537 1242 619 1269 corda
634 1250 729 1270 eorum
744 1243 826 1279 5.02
843 1245 1028 1279 repleverunt.

236 1282 338 1312 Verum
359 1284 467 1313 Domini
484 1287 663 1323 deprecemur
680 1290 825 1322 auxilium,
855 1296 882 1319 ut
905 1292 1030 1320 infirmos

236 1329 355 1358 habeant
375 1336 491 1361 conatus
509 1334 576 1361 tanti
596 1335 746 1363 adversarii
766 1342 859 1364 contra
880 1337 1029 1366 humanam

236 1376 355 1403 animam
377 1377 549 1412 dimicantes,
567 1385 594 1407 et
609 1381 733 1409 dicamus
746 1382 788 1410 ἐς
811 1383 873 1410 Nisi
892 1385 955 1418 quia
976 1384 1029 1411 Do-

235 1422 322 1449 minus
337 1429 394 1449 erat
411 1425 438 1451 in
452 1426 538 1458 nobis,
561 1426 587 1452 in
607 1435 636 1453 eo
650 1436 710 1454 cum
729 1434 899 1463 exsurgerent
911 1429 1028 1458 homines

233 1467 261 1494 in
277 1476 335 1501 nos,
348 1468 464 1503 forsitan
477 1472 545 1498 vivos
557 1472 728 1507 deglutissent
743 1482 799 1501 nos.
815 1474 900 1510 Igitur
913 1482 954 1503 est
968 1477 1028 1511 qui-

235 1513 297 1541 dam
311 1514 439 1550 princops
453 1516 527 1552 Tyri,
542 1523 569 1545 et
583 1520 726 1555 prophetia
743 1527 796 1547 non
814 1521 848 1549 de
864 1522 957 1549 Hiram
977 1532 1027 1552 nos

232 1560 321 1593 docet,
341 1560 392 1588 hoc
407 1562 507 1597 quippe
521 1571 620 1591 nomen
638 1566 665 1592 in
684 1567 764 1594 tertio
778 1567 935 1603 Regnorum
955 1570 1026 1598 libro

232 1605 365 1640 scriptum
381 1611 431 1640 est,
457 1616 511 1635 non
526 1609 559 1637 de
581 1611 635 1638 alio
656 1612 778 1648 principe
793 1613 870 1649 Tyri,
887 1623 976 1651 neque
993 1616 1026 1644 de

232 1658 371 1687 quoquam
385 1653 504 1688 homine,
519 1663 572 1682 non
585 1663 636 1684 nos
651 1658 771 1686 humana
790 1660 890 1688 docent
903 1661 1024 1697 eloquia,

232 1697 280 1724 sed
297 1697 401 1731 divina,
425 1704 452 1727 et
475 1702 600 1735 quietiam
623 1702 780 1738 inell‘abilia,
804 1710 831 1733 et
854 1712 960 1735 sacrata
974 1709 1026 1736 sub

232 1744 357 1779 personis
380 1745 535 1774 hominum.
552 1746 660 1775 Pharao
676 1749 758 1777 homo
780 1755 822 1778 est
836 1761 843 1778 :
856 1753 929 1780 aliud
943 1755 1024 1788 quid-

232 1788 296 1815 dam
312 1789 424 1817 crudior
437 1789 586 1827 intelligere
603 1792 785 1822 Pharaonem.
807 1795 840 1823 Et
853 1796 938 1825 Nabal
956 1799 1024 1826 Car—

231 1835 295 1862 meli
310 1836 392 1863 homo
403 1841 454 1869 est,
466 1842 492 1864 et
504 1836 595 1865 lliram
608 1839 700 1872 homo,
714 1841 759 1868 sed
775 1842 848 1869 aliud
860 1843 911 1871 sub
925 1852 1022 1872 eorum

230 1881 330 1908 doceor
344 1882 440 1917 clligie.
457 1882 524 1916 Quis
543 1889 585 1911 est
601 1889 693 1913 tantus
707 1891 734 1913 et
748 1887 810 1915 talis
826 1889 872 1922 qui
888 1897 902 1916 a
922 1897 1019 1926 corpo-

231 1927 336 1955 ralibus
349 1931 525 1962 conscendat,
540 1930 586 1965 qui
601 1939 615 1957 a
629 1931 782 1960 visibilibus
795 1933 942 1964 invisibilia
955 1943 1023 1964 con-

231 1973 386 2008 templetur,
404 1979 430 2001 et
454 1975 541 2009 possit
560 1978 779 2013 unumquodque
800 1979 896 2008 horum
922 1989 1022 2011 secun~

231 2019 296 2047 dum
314 2018 361 2047 Dei
374 2020 526 2055 intelligere
541 2021 728 2051 voluntatem?

265 2079 293 2107 2.
313 2079 381 2113 Quis
406 2084 448 2108 est
463 2088 528 2115 ergo
547 2081 675 2117 princeps
695 2083 745 2111 iste
763 2083 913 2119 discamus,
932 2092 961 2114 ut
975 2094 1022 2115 co-

230 2131 392 2160 gnoscentes
406 2126 641 2162 lamentationem,
657 2129 738 2157 etiam
758 2132 830 2166 quod
848 2140 921 2160 nunc
939 2140 1023 2169 super

229 2179 260 2198 ea
273 2172 383 2206 dicitur,
395 2173 540 2201 evitemus.
553 2173 694 2209 Plangitur
705 2176 831 2212 princeps
845 2178 918 2213 Tyri.
933 2178 1021 2212 Quam

1085 933 1227 961 descendit
1242 943 1249 961 :
1267 934 1390 969 quotidie
1411 935 1557 962 multitudo
1571 935 1722 969 descendit,
1740 942 1766 963 et
1780 943 1878 963 ascen-

1085 979 1125 1006 dit
1147 987 1230 1014 super
1253 979 1351 1007 Filinm
1375 980 1505 1008 hominis.
1527 980 1657 1008 Videbitis
1684 982 1759 1009 enim
1785 981 1880 1008 caelum

1085 1029 1217 1060 apertum,
1232 1030 1257 1052 et
1282 1027 1388 1061 angelos
1411 1026 1460 1053 Dei
1475 1027 1642 1054 ascendentes
1654 1031 1679 1054 et
1695 1027 1879 1054 descendentes

1083 1079 1161 1105 super
1176 1070 1197 1097 F
1199 1071 1276 1098 ilium
1288 1071 1401 1098 hominis
1415 1073 1449 1099 η.
1464 1071 1497 1099 Et
1506 1076 1533 1099 tu
1546 1077 1673 1107 exspecta
1687 1073 1878 1101 ascensionem

1083 1122 1170 1144 tuam.
1186 1116 1304 1143 Tantum
1322 1125 1337 1144 a
1357 1118 1437 1144 ruina
1453 1125 1599 1154 consurge,
1613 1123 1639 1146 et
1652 1119 1716 1146 audi
1732 1127 1877 1154 :exsurge,

1082 1162 1245 1196 Jerusalem,
1269 1171 1284 1190 a
1308 1163 1388 1190 ruina
1405 1169 1461 1196 tua,
1480 1171 1558 1199 spera
1575 1165 1639 1199 quia
1656 1165 1695 1192 sis
1709 1172 1878 1193 ascensurus

1082 1209 1109 1236 in
1126 1208 1238 1242 ctelum,
1259 1213 1286 1236 et
1299 1216 1365 1236 cave
1380 1217 1414 1237 ne
1428 1209 1476 1237 tibi
1491 1217 1601 1245 quoque
1615 1210 1723 1238 dicatur
1736 1210 1758 1226 δ’
1775 1221 1781 1238 :
1799 1211 1877 1238 Nun-

1081 1253 1144 1288 quid
1158 1253 1204 1288 qui
1216 1253 1289 1280 cadit
1302 1261 1354 1280 non
1366 1255 1504 1289 resurget?
1523 1259 1569 1281 aut
1585 1262 1691 1282 aversus
1707 1263 1758 1282 non
1770 1264 1877 1283 conver-

1081 1299 1171 1326 tetur?
1187 1298 1233 1326 Vae
1248 1299 1295 1334 qui
1320 1303 1518 1327 convertuntur
1540 1300 1720 1328 conversione
1744 1302 1875 1336 pessima,

1081 1344 1148 1372 dicit
1170 1344 1313 1373 Dominus.
1338 1344 1371 1372 Et
1393 1345 1445 1373 iste
1470 1346 1561 1381 itaque
1582 1347 1674 1375 dehis
1690 1355 1761 1375 unus
1773 1348 1875 1382 estqui

1081 1396 1205 1425 ruerunt,
1230 1395 1258 1419 et
1281 1391 1421 1427 plangitur
1446 1392 1482 1419 ab
1508 1393 1619 1421 homine
1647 1394 1784 1429 princeps,
1811 1402 1874 1422 cum

1080 1437 1206 1471 princeps
1219 1436 1357 1464 hominem
1370 1436 1434 1464 ﬂere
1441 1437 1575 1465 debuerit.
1587 1438 1674 1466 Homo
1684 1444 1726 1466 est
1738 1439 1873 1474 Ezechiel,

1079 1488 1106 1510 et
1123 1482 1194 1509 [ilius
1218 1482 1358 1515 hominis;
1381 1482 1428 1518 qui
1446 1491 1511 1511 vero
1527 1484 1677 1520 plangitur,
1691 1484 1875 1515 Nabuchodo-

1081 1535 1163 1555 nosor
1175 1532 1217 1555 est
1230 1536 1277 1555 rex
1293 1528 1449 1564 Babylonis.
1461 1530 1561 1564 Accipe
1573 1534 1600 1557 et
1611 1534 1638 1557 tu
1651 1530 1873 1561 lamentationem

1079 1578 1152 1601 tuam
1170 1581 1253 1608 super
1270 1582 1360 1609 regem
1374 1574 1532 1610 Babylonis,
1544 1579 1572 1602 et
1584 1575 1659 1603 dices
1673 1576 1696 1592 "
1710 1585 1718 1604 :
1735 1576 1873 1610 Quomodo

1076 1620 1174 1665 quievit
1189 1619 1234 1654 qui
1247 1619 1389 1654 repetebat,
1399 1625 1426 1647 et
1441 1620 1557 1655 reliqua.
1572 1622 1721 1649 Considera
1739 1623 1766 1650 in
1782 1632 1871 1658 quan-

1078 1671 1133 1693 tam
1154 1673 1231 1701 spem
1254 1670 1368 1693 vocatus
1384 1665 1434 1697 sis,
1449 1673 1465 1693 ο
1482 1666 1573 1699 homo,
1589 1667 1637 1702 qui
1652 1675 1735 1696 carne
1751 1669 1870 1697 circum-

1076 1712 1158 1740 datus
1174 1712 1243 1740 dicis
1259 1711 1301 1739 “;
1325 1712 1410 1745 Quasi
1435 1712 1478 1739 lac
1495 1721 1534 1739 me
1557 1713 1698 1746 emulsisti,
1722 1716 1869 1751 coagulasti

1076 1763 1164 1785 autem
1179 1765 1219 1784 me
1235 1758 1270 1784 ad
1292 1757 1497 1784 similitudimen
1514 1759 1594 1792 casei,
1615 1765 1674 1787 cute
1697 1765 1722 1788 et
1744 1762 1868 1789 carnibus

1075 1813 1115 1831 me
1131 1805 1242 1837 vestisti,
1258 1804 1361 1832 ossibus
1375 1809 1400 1831 et
1414 1806 1499 1832 nervis
1514 1814 1554 1833 me
1568 1807 1719 1835 contexisti.
1742 1807 1782 1835 Tu
1803 1817 1868 1844 ergo

1075 1850 1122 1885 qui
1139 1850 1172 1877 de
1188 1849 1346 1877 conditione
1361 1854 1407 1877 tua
1424 1849 1548 1883 dolebas,
1565 1858 1629 1879 ecce
1643 1852 1759 1889 plangis,
1783 1857 1810 1881 et
1824 1854 1868 1881 ille

1074 1895 1120 1931 qui
1134 1903 1217 1923 carne
1234 1903 1288 1923 non
1302 1901 1344 1923 est
1356 1896 1553 1930 circumdatus,
1569 1905 1585 1924 a
1600 1902 1626 1925 te
1639 1898 1797 1933 plangitur;
1816 1908 1865 1928 vo-

1074 1947 1152 1970 catus
1164 1949 1194 1969 es
1209 1942 1282 1969 enim
1296 1942 1324 1969 in
1336 1949 1397 1969 eam
1409 1949 1484 1977 spem
1497 1943 1531 1970 de
1546 1951 1600 1978 qua
1618 1944 1663 1971 ille
1676 1945 1783 1972 cecidit.
1800 1945 1867 1973 Pec-

1074 1993 1138 2017 cato
1158 1988 1241 2016 lsrael
1261 1988 1337 2015 salus
1354 1988 1481 2022 gentibus
1498 1989 1673 2017 subintravit.
1688 1990 1801 2019 Audebo
1814 1992 1866 2019 ali-

1073 2035 1139 2071 quid
1169 2034 1306 2062 sacratius
1334 2034 1426 2061 dicere
1441 2043 1448 2061 :
1464 2034 1491 2061 in
1515 2034 1605 2062 locum
1635 2036 1795 2071 angelorum
1819 2037 1867 2072 qui

1073 2087 1198 2114 ruerunt,
1220 2086 1248 2109 tu
1270 2089 1437 2110 ascensurus
1450 2089 1490 2114 es,
1508 2087 1536 2109 et
1553 2083 1711 2118 mysterium
1727 2084 1799 2118 quod
1815 2084 1868 2111 ali-

1073 2128 1185 2164 quando
1208 2128 1262 2156 illis
1285 2129 1418 2156 creditum
1433 2133 1485 2160 est,
1503 2129 1549 2156 tibi
1569 2131 1734 2157 credendum
1753 2132 1814 2164 erit,
1832 2132 1865 2159 de

1073 2183 1128 2210 quo
1144 2175 1245 2202 dicitur
1259 2174 1281 2190 ⁸³
1295 2184 1302 2201 :
1318 2175 1456 2207 Quomodo
1474 2176 1566 2202 cecidit
1585 2175 1703 2211 Lucifer,
1728 2179 1772 2211 qui
1791 2186 1865 2204 manu

230 2216 320 2245 bonus
335 2217 419 2252 Deus,
441 2220 488 2254 qui
509 2220 591 2247 etiam
606 2228 652 2249 eos
666 2222 712 2257 qui
728 2230 757 2250 se
772 2231 949 2258 negaverunt.
973 2226 1021 2253 de-
1038 2229 1059 2258 υ
1075 2220 1228 2247 oriebatur?
1242 2219 1281 2247 Tu
1295 2228 1360 2247 vero
1376 2220 1421 2247 lux
1440 2219 1530 2247 iactus
1543 2228 1572 2247 es
1590 2221 1694 2251 mundi,
1712 2226 1739 2247 tu
1758 2230 1805 2255 pro
1820 2222 1865 2248 illo

227 2262 291 2290 ﬂet!
317 2264 350 2292 Et
372 2264 424 2292 hoc
443 2266 515 2293 venit
532 2266 613 2293 etiam
635 2275 668 2295 ex
685 2269 787 2297 amoris
809 2269 918 2299 aﬂectu.
934 2270 1020 2299 Nemo

227 2309 329 2344 quippe
347 2310 451 2346 plangit
467 2319 549 2346 quem
564 2313 636 2347 odit;
648 2318 676 2341 et
689 2315 736 2349 qui
750 2315 901 2352 plangitur,
914 2318 1020 2355 plangi-

228 2359 273 2385 tur
287 2357 397 2391 quidem
416 2362 446 2386 ut
465 2365 607 2396 mortuus,
629 2368 723 2389 verum
741 2363 821 2398 quasi
836 2364 926 2393 adhuc
943 2374 1018 2400 quae-

226 2406 315 2436 ratur,
331 2404 410 2437 quasi
426 2403 494 2432 vivis
506 2405 643 2434 desiderio
660 2407 706 2441 sit,
717 2408 850 2444 diligitur.
864 2410 896 2438 Et
907 2410 1019 2439 Jerusa-

226 2448 278 2477 lem
291 2450 401 2483 quando
412 2450 549 2487 plangitur
559 2453 690 2488 scriptum
704 2460 745 2483 est
758 2455 779 2471 ³⁷
797 2465 803 2483 :
822 2456 855 2484 Et
866 2457 967 2491 factum
979 2463 1017 2485 est

224 2500 365 2530 postquam
385 2501 478 2531 captus
499 2503 536 2525 est
560 2496 658 2533 Israel,
673 2505 698 2527 et
715 2501 836 2528 desolata
853 2508 891 2529 est
903 2502 1017 2529 Jerusa-

223 2541 285 2574 lem,
296 2542 362 2569 cedit
372 2542 505 2572 Jeremias
518 2545 584 2580 flens
598 2551 621 2573 et
637 2546 786 2574 lamentans
798 2547 1016 2575 lamentationem

225 2588 305 2614 istam
319 2596 397 2621 super
410 2588 569 2624 Jerusalem,
588 2596 612 2619 et
632 2592 671 2619 ait
686 2600 695 2618 :
711 2591 848 2625 Quomodo
871 2602 897 2620 se
911 2596 940 2620 'et
958 2594 1016 2621 sola

224 2633 316 2660 civitas
333 2642 392 2670 quae
408 2635 527 2663 abundat
541 2638 666 2671 populis:
679 2639 751 2672 facta
765 2644 803 2665 est
817 2645 845 2666 ut
862 2640 941 2667 vidua
958 2649 1015 2675 qua:

223 2679 402 2714 multiplicata
414 2686 470 2708 erat
483 2682 510 2708 in
527 2683 678 2710 nationibus
698 2691 707 2710 .'
725 2684 843 2719 princeps
858 2685 884 2711 in
902 2686 1014 2720 regioni—

224 2724 271 2750 bus
291 2725 363 2758 facta
378 2733 416 2753 est
431 2728 457 2754 in
474 2727 613 2755 tributam.
636 2728 778 2763 Plangitur
790 2735 816 2757 et
831 2730 1014 2760 Nabuchodo-

223 2778 316 2799 nosor.
338 2771 388 2800 Ubi
408 2778 472 2801 sunt
487 2774 625 2801 haereses?
641 2775 687 2802 ubi
704 2780 767 2803 sunt
789 2777 834 2811 qui
852 2778 928 2805 aiunt
947 2778 1015 2807 istos

242 2817 358 2856 f'_Joan.
373 2827 434 2852 χιιι,
449 2821 494 2848 9.7.
529 2821 550 2837 ³⁸
568 2821 638 2850 Psal.
653 2831 747 2854 cum.
767 2825 790 2856 l,
807 2825 834 2852 2.

262 2852 343 2893 iusin.
365 2862 383 2885 ι,
399 2856 443 2893 51⁸,
493 2858 514 2893 ξ’
529 2857 630 2886 .lcrem.
648 2868 705 2893 rm,
725 2852 753 2888 ιζ

791 2861 812 2877 ⁸³
828 2862 879 2889 lsa.
899 2870 954 2895 xw,
972 2863 997 2890 .l.

224 2887 245 2904 "
259 2888 269 2916 ι
284 2888 349 2917 Cor.
366 2898 411 2924 xv,
427 2891 472 2924 ιι,
485 2892 529 2921 42.

884 2828 904 2841 ⁸⁷
923 2826 1023 2854 Thren.
1043 2836 1060 2860 ι,
1079 2828 1102 2854 l.
1155 2829 1177 2843 ³⁸
1194 2828 1246 2855 lsa.
1270 2837 1282 2855 κ

899 2870 954 2892 xn‘,
972 2863 997 2890 .i.
1039 2864 1059 2880 "t
1074 2863 1125 2890 Job
1154 2872 1181 2892 ιι.
1200 2864 1283 2892 10.11

1039 2869 1059 2880 η
1074 2869 1125 2890 Job
1154 2872 1181 2897 κ,
1200 2869 1240 2897 ιυ,
1257 2869 1296 2892 ιι.

1072 2258 1203 2294 Γιιοιιιεέε
1215 2265 1324 2293 Lucifer
1341 2275 1347 2292 :
1366 2273 1436 2293 unus
1455 2265 1488 2292 de
1503 2266 1588 2292 stellis
1606 2270 1665 2292 erat
1689 2266 1796 2294 Lucifer
1817 2268 1863 2301 qui

1072 2311 1105 2338 de
1120 2311 1190 2338 caelo
1201 2310 1265 2342 ruit,
1281 2315 1308 2336 et
1320 2317 1358 2342 tu,
1371 2310 1392 2337 si
1406 2316 1494 2336 tamen
1508 2310 1540 2336 de
1552 2311 1655 2337 semine
1669 2318 1698 2337 es
1713 2312 1861 2343 Abraham,

1072 2356 1142 2383 inter
1156 2355 1248 2383 stellas
1265 2355 1326 2382 rmli
1344 2355 1558 2388 compulaberis.
1573 2353 1674 2381 Eduxit
1690 2356 1761 2381 enim
1776 2355 1862 2382 Alna-

1070 2401 1134 2429 ham
1149 2400 1233 2433 foras,
1247 2405 1275 2428 et
1286 2401 1354 2428 dixit
1364 2400 1388 2427 ei
1404 2400 1475 2427 Deus
1483 2401 1505 2416 δθ
1518 2411 1523 2427 ;
1538 2400 1653 2434 Respice,
1666 2401 1704 2427 sic
1713 2402 1764 2428 erit
1775 2410 1861 2428 semen

1070 2452 1155 2474 tuum.
1173 2447 1228 2474 Hoc
1246 2452 1335 2474 autem
1352 2452 1417 2474 tunc
1433 2448 1497 2479 erit,
1522 2448 1632 2482 quando
1655 2447 1740 2475 stellae
1764 2448 1862 2475 cadent

1070 2498 1100 2519 ut
1120 2491 1184 2520 folia
1207 2493 1241 2520 de
1264 2492 1344 2525 cmlo,
1371 2496 1398 2519 et
1422 2492 1474 2519 erit
1495 2493 1552 2519 alia
1568 2493 1654 2527 gloria
1673 2493 1749 2527 solis,
1763 2499 1787 2520 et
1805 2494 1861 2520 alia

1068 2540 1156 2574 gloria
1178 2539 1261 2570 Iunce,
1287 2538 1343 2565 alia
1368 2538 1453 2574 gloria
1469 2539 1618 2567 stellarum.
1638 2539 1722 2567 Stella
1743 2540 1813 2567 enim
1827 2539 1860 2567 ab

1069 2585 1146 2612 stella
1165 2585 1254 2619 diﬂ'ert
1273 2585 1301 2611 in
1323 2585 1456 2618 claritate,
1472 2586 1511 2612 sic
1525 2591 1549 2613 et
1570 2586 1728 2613 resurrectio
1743 2592 1861 2613 mortuo-

1069 2630 1172 2657 rum".
1200 2630 1301 2658 Verum
1327 2631 1381 2658 noli
1406 2631 1516 2666 gloriari
1541 2632 1686 2660 adversum
1706 2632 1860 2661 istiusmodi

1069 2686 1171 2711 ramos,
1186 2678 1232 2714 qui
1248 2678 1275 2705 in
1294 2678 1451 2707 infidelitate
1466 2679 1633 2711 ceciderunt,
1648 2683 1675 2706 et
1687 2679 1764 2707 fracti
1777 2685 1859 2708 sunt:

1068 2729 1096 2750 tu
1113 2724 1177 2759 quia
1204 2724 1230 2751 in
1249 2723 1300 2751 lidc
1317 2729 1385 2757 stas,
1402 2725 1454 2751 tide
1470 2729 1497 2751 et
1523 2726 1664 2752 ascendes.
1687 2724 1718 2752 Et
1739 2733 1787 2760 per
1808 2726 1860 2753 hoc

1068 2770 1141 2804 quod
1158 2770 1263 2805 plangis
1287 2770 1437 2805 principem
1454 2770 1529 2806 Tyri,
1545 2776 1571 2798 et
1594 2778 1625 2798 ea
1646 2779 1708 2798 cum
1727 2771 1859 2798 lamenta-

1155 2829 1177 2843 ³⁸
1194 2828 1246 2855 lsa.
1270 2837 1324 2863 xw,
1344 2829 1366 2856 πί.
1417 2830 1437 2845 ³⁰
1452 2829 1528 2861 ibid.,
1554 2830 1597 2857 1'2.
1646 2829 1670 2846 ‘°
1685 2828 1750 2857 Luc.
1769 2838 1796 2863 x,
1813 2829 1856 2858 l8.

1351 2865 1372 2880 ⁸⁸
1389 2865 1441 2893 lsa.
1469 2873 1523 2898 χιιι,
1545 2866 1585 2892 1‘2.
1640 2865 1661 2881 “
1679 2865 1746 2892 Gen.
1767 2873 1811 2898 xv,

1840 134 1890 165 760
1931 132 1933 134 ’
