4128 6438
343 327 445 388 761

1739 329 2022 386 ilOMlLlA
2065 328 2200 384 XIII.

3503 329 3612 383 762

343 455 494 507 tione
526 449 782 521 deploras
833 465 955 520 qua:
1001 449 1257 519 superius
1304 449 1751 520 interposuimus,
1795 450 1928 504 edo-
1956 450 1999 505 Α
2033 446 2131 500 Ubi
2165 445 2258 500 Dei
2285 455 2369 501 est
2397 445 2737 500 similitudo?
2765 443 2897 501 Cum
2935 446 3284 516 apparuerit,
3325 431 3527 500 similes
3559 450 3615 501 ei

341 559 466 600 cere
510 559 580 599 ne
624 541 764 598 forte
807 542 860 597 in
915 543 1001 598 his
1035 542 1194 598 bonis
1241 551 1490 612 repertus
1519 558 1640 613 qua:
1673 542 1925 612 princeps

341 634 473 709 Tyri
504 634 717 703 habuit,
759 635 923 690 etiam
977 644 1031 689 tu
1068 634 1297 704 incipias
1339 651 1518 701 ruere,
1564 635 1611 690 si
1642 636 1921 706 paululum

344 726 514 784 fueris
553 727 837 800 gloriatus,
879 737 932 782 et
969 743 1072 782 non
1121 727 1446 782 custodieris
1488 727 1637 782 onmi
1677 726 1924 782 custodia

342 837 441 876 cor
489 830 666 876 tuum.
720 818 857 875 Vide
911 820 1113 889 quippe
1162 819 1292 889 quid
1329 819 1477 874 dicat
1514 817 1580 874 ad
1625 820 1921 890 principem

342 909 494 982 Tyri.
550 908 628 965 Tu
681 909 1014 980 signaculum
1066 909 1437 963 similitudinis
1459 909 1524 964 ιθ.
1581 908 1719 964 Volo
1762 926 1924 966 nosse

339 1002 472 1072 quid
506 1001 689 1067 fuerit,
719 1011 778 1057 ut
809 1001 1150 1070 signaculum
1178 999 1549 1056 similitudinis
1575 1010 1925 1070 nuncupatus

339 1093 432 1149 sit.
457 1092 593 1148 Cum
627 1091 942 1163 profeceris,
978 1091 1233 1161 accepisti
1262 1091 1635 1162 signaculum;
1663 1091 1921 1161 quoniam

340 1181 484 1238 Deus
509 1198 636 1238 vere
664 1182 830 1252 hujus
873 1181 1035 1235 Pater
1079 1197 1242 1251 quem
1297 1181 1536 1253 signavit
1581 1193 1634 1238 et
1668 1183 1838 1245 misit,
1869 1189 1925 1236 et

341 1273 466 1328 ideo
519 1288 732 1342 semper
781 1272 1066 1327 credentes
1117 1271 1401 1342 signantur
1430 1289 1460 1327 a
1491 1271 1741 1326 Domino.
1799 1270 1920 1325 Jam

341 1371 523 1418 autem
559 1371 613 1418 et
639 1376 929 1417 commune
961 1363 1305 1432 proverbium
1335 1363 1506 1429 venit,
1536 1371 1594 1417 ut
1619 1365 1867 1419 dicamus
1905 1381 1918 1417 :

340 1454 430 1509 ille
450 1463 504 1510 et
535 1455 622 1508 ille
652 1470 757 1509 non
782 1455 988 1526 accepit
1011 1455 1374 1526 signaculum,
1394 1466 1448 1511 et
1465 1456 1553 1511 ille
1579 1457 1920 1527 signaculum

340 1545 520 1600 habet.
551 1544 686 1612 Quis
728 1546 892 1600 habet
933 1547 1321 1617 signaculum?
1359 1548 1450 1602 ille
1486 1562 1649 1614 quem
1687 1547 1923 1618 signavit

340 1634 502 1691 Deus.
552 1637 778 1692 Audebo
827 1638 1032 1708 aliquid
1084 1639 1285 1702 dicere,
1322 1639 1450 1708 quia
1485 1639 1766 1710 signaculo
1815 1639 1924 1694 isto

339 1728 427 1784 ille
463 1731 709 1801 signatus
762 1741 866 1797 est,
924 1731 1018 1800 qui
1067 1730 1307 1800 baptizat
1357 1730 1410 1781 in
1464 1728 1670 1798 Spiritu
1731 1739 1922 1786 sancto

336 1829 390 1873 et
426 1821 567 1891 igne,
625 1820 715 1875 ille
764 1821 859 1889 qui
907 1819 1137 1890 largitur
1177 1819 1468 1890 imaginem
1515 1821 1774 1884 cmlestis,
1826 1823 1920 1890 qui

337 1910 539 1965 format
603 1919 659 1964 te
725 1910 790 1964 ad
859 1909 1186 1979 superiora,
1245 1917 1305 1964 ut
1361 1909 1503 1964 ultra
1569 1925 1678 1964 non
1733 1921 1920 1980 portes

334 1999 631 2070 imaginem
678 1999 970 2055 terrestris.
1031 2000 1212 2067 Cave,
1271 2001 1470 2068 homo,
1525 2017 1593 2055 ne
1657 2002 1917 2058 saeculum

331 2091 498 2164 403
539 2091 682 2144 istud
706 2092 1008 2162 egrediens,
1038 2092 1320 2162 signaculo
1346 2093 1546 2148 diaboli
1576 2094 1653 2150 sis
1684 2095 1919 2165 impres-

335 2193 452 2232 sus.
491 2178 662 2235 Habet
691 2179 892 2250 quippe
938 2181 1026 2236 ille
1060 2182 1421 2252 signaculum.
1475 2183 1646 2240 Sicuti
1677 2188 1917 2255 portavi-

338 2284 456 2322 mus
489 2269 778 2338 imaginem
817 2273 1080 2326 terrestris
1122 2275 1190 2339 ",
1222 2273 1369 2330 uude‘
1387 2314 1404 2340 ,
1441 2276 1524 2330 vel
1559 2277 1801 2346 quando,
1834 2279 1917 2333 vel

334 2361 429 2431 qui
467 2359 828 2427 signiticavit,
861 2362 966 2417 hoc
998 2363 1156 2434 signo
1181 2365 1580 2433 portaverimus
1622 2367 1914 2438 imaginem

336 2451 634 2506 terrestris.
667 2451 874 2508 Circuit
907 2454 1160 2512 diabolus
1187 2465 1241 2511 et
1269 2457 1467 2512 lustrat
1495 2457 1701 2524 omnia,
1728 2459 1916 2514 volens

335 2551 392 2598 et
428 2543 546 2613 ipse
587 2543 802 2614 signare
839 2546 1114 2617 subjectos
1164 2548 1292 2603 sibi.
1337 2548 1530 2620 Signat
1575 2559 1755 2605 autem
1801 2552 1916 2605 sin-

336 2635 592 2699 gulorum
648 2637 812 2693 corda
867 2639 1256 2706 considerans,
1304 2649 1358 2696 et
1410 2640 1674 2710 imprimit
1728 2642 1780 2696 in
1834 2644 1914 2698 eis

335 2725 569 2796 ﬁguram
621 2729 823 2784 terreni
869 2744 964 2798 per
994 2741 1254 2799 peccata,
1299 2745 1394 2801 per
1419 2732 1570 2798 vitia,
1609 2743 1668 2787 ut
1695 2743 1916 2803 portent

334 2817 629 2890 imaginem
675 2821 973 2876 terrestris.
1013 2820 1156 2875 Audi
1188 2819 1376 2877 Jesum
1409 2825 1534 2892 quid
1563 2826 1910 2894 respondeat,

335 2909 557 2977 quando
616 2909 908 2978 imaginem
959 2920 1014 2965 et
1054 2912 1463 2981 inscriptionem
1529 2914 1760 2972 Czesaris
1810 2933 1910 2987 po-

336 3000 574 3055 stulatur
607 3019 620 3054 :
649 3000 753 3065 Qui
788 2999 941 3054 habet
977 3018 1131 3056 aures
1164 3004 1434 3070 audiendi,
1469 3006 1653 3060 audiat
1674 3007 1740 3061 '°.
1771 3007 1907 3064 Nam

1952 1796 1996 1852 Β

333 3091 466 3161 quia
510 3105 618 3144 non
654 3091 888 3146 habebat
924 3107 1042 3146 cam
1085 3093 1374 3164 imaginem
1402 3112 1565 3166 quam
1600 3099 1904 3168 petebatur,
1937 3134 1979 3190 ο

337 3195 520 3251 neque
547 3181 681 3251 ipse,
714 3199 888 3253 neque
916 3186 1214 3254 discipulus
1241 3202 1396 3252 suus,
1427 3189 1584 3244 docet
1609 3191 1700 3244 ubi
1733 3192 1912 3247 valeat

336 3271 565 3340 reperiri
612 3272 791 3343 imago
820 3289 941 3343 qua:
967 3277 1228 3345 quaeritur
1257 3296 1271 3332 :
1314 3276 1484 3345 Vade,
1531 3279 1711 3348 inquit
1743 3281 1812 3346 δι,
1839 3283 1908 3336 ad

333 3377 500 3429 mare,
547 3373 598 3416 et
641 3365 788 3418 mitte
825 3367 1060 3430 hamum,
1104 3377 1155 3421 et
1194 3384 1310 3422 eum
1352 3369 1545 3438 piscem
1590 3373 1681 3443 qui
1708 3374 1910 3443 primus

333 3454 651 3523 ascenderit,
699 3456 845 3524 tolle,
875 3467 924 3512 et
962 3461 1163 3528 aperics
1202 3478 1259 3516 os
1289 3463 1434 3532 ejus;
1471 3476 1520 3519 et
1547 3481 1666 3520 cum
1703 3467 1910 3522 invene-

333 3545 406 3598 ris
450 3554 734 3614 staterem,
782 3549 906 3604 tolle
949 3549 1140 3616 illum,
1192 3563 1241 3608 et
1292 3555 1444 3611 dabis
1485 3573 1580 3626 pro
1624 3574 1706 3612 me
1747 3569 1797 3614 et
1839 3567 1906 3614 te.

332 3635 518 3708 Neque
547 3654 649 3712 ego
676 3641 847 3697 habeo
879 3643 1020 3699 hanc
1069 3644 1361 3720 imaginem
1402 3657 1454 3703 et
1491 3651 1910 3721 superscriptio-

333 3745 481 3798 nem,
511 3746 689 3802 neque
726 3741 816 3802 tu;
858 3735 900 3791 si
933 3745 1112 3790 tamen
1148 3752 1274 3794 vere
1297 3739 1597 3810 discipulus
1628 3758 1786 3799 meus
1823 3758 1906 3809 es,

335 3823 382 3878 si
422 3833 590 3893 portae
637 3825 933 3882 inferorum
992 3846 1101 3884 non
1145 3833 1440 3901 przevalent
1489 3833 1778 3889 adversum
1832 3845 1903 3890 te.

330 3911 475 3984 Ergo
509 3913 670 3972 Jesus
687 3917 846 3973 aliter
866 3918 958 3974 dat
980 3935 1080 3989 pro
1100 3937 1160 3976 se
1183 3921 1473 3993 imaginem
1497 3922 1566 3978 de
1586 3924 1722 3978 mari
1755 3925 1904 3980 illam

2029 541 2246 604 erimus,
2278 541 2527 610 quoniam
2557 539 2844 594 videbimus
2866 555 2984 593 eum
3011 540 3174 593 sicuti
3194 550 3270 594 est
3293 540 3362 595 ⁸³.
3391 539 3500 608 Ego
3534 540 3616 596 sic

2029 633 2236 704 accipio
2284 633 2470 687 ethoc
2511 633 2658 702 quod
2707 633 2909 688 dicitur
2957 630 3285 701 aPropheta
3311 631 3392 687 ’δε
3445 632 3606 697 Deus,

2031 726 2146 792 quis
2197 723 2395 778 similis
2429 724 2566 777 tibi?
2599 723 2756 793 quasi
2809 723 2940 776 illud
2968 723 3014 754 ⁸⁸
3043 741 3056 776 :
3089 721 3220 788 Quis
3243 732 3402 791 putas
3430 721 3608 790 fidelis

2025 824 2074 868 et
2116 817 2327 886 sapiens
2377 815 2750 884 dispensator?
2799 815 2942 870 sicut
2991 823 3046 869 et
3081 813 3188 869 hoc
3223 829 3238 866 :
3285 814 3418 868 Cum
3460 813 3604 867 enim

2025 907 2354 975 apparuerit,
2401 905 2598 960 similes
2638 907 2688 961 ei
2734 908 2954 960 erimus.
3018 905 3153 972 Quis
3199 914 3284 960 est
3323 905 3417 974 qui
3464 907 3606 959 assio

2027 997 2247 1052 milelur
2290 995 2386 1052 ei?
2437 996 2605 1052 Pauci
2653 997 2947 1052 admodum
2992 1005 3124 1052 sunt
3162 997 3256 1066 qui
3288 1005 3609 1066 receperunt

2027 1086 2440 1142 similitudinem
2491 1097 2548 1142 ιιι
2589 1087 2844 1157 apostoli.
2898 1085 3187 1141 Faciamus
3229 1086 3492 1140 hominem
3535 1089 3605 1140 ad

2025 1177 2311 1248 imaginem
2349 1189 2396 1232 et
2429 1179 2838 1234 similitudinem
2891 1189 3150 1233 nostram.
3198 1177 3306 1234 Iste
3340 1193 3470 1248 ergo
3509 1177 3605 1248 qui

2025 1283 2171 1322 nunc
2202 1268 2499 1340 plangitur,
2531 1270 2871 1340 signaculum
2911 1278 3049 1337 erat,
3085 1277 3140 1325 et
3166 1270 3359 1340 plenus
3389 1269 3606 1338 sapien-

2027 1358 2100 1413 tia
2129 1400 2144 1423 ,
2176 1373 2338 1429 quem
2372 1368 2428 1414 et
2453 1369 2507 1414 tu
2538 1361 2760 1431 planges
2782 1404 2797 1429 ,
2836 1362 2883 1417 si
2916 1361 3094 1417 factus
3127 1360 3295 1416 fueris
3329 1360 3599 1418 Ezechiel.

2024 1447 2222 1504 Nescio
2253 1460 2429 1504 autem
2472 1453 2517 1505 si
2553 1463 2605 1506 et
2640 1460 2694 1505 tu
2733 1453 2994 1522 sapientia
3037 1453 3230 1521 plenus
3271 1452 3443 1509 fueris
3473 1471 3485 1506 :
3520 1452 3606 1506 in--

2025 1539 2186 1594 terim
2235 1538 2339 1595 iste
2386 1541 2478 1610 qui
2525 1541 2839 1610 plangitur,
2903 1544 3098 1612 plenus
3148 1552 3265 1598 erat
3313 1543 3603 1613 sapientia,

2024 1637 2080 1684 et
2119 1638 2238 1683 erat
2267 1629 2481 1684 decoris
2528 1644 2753 1684 corona.
2779 1631 3078 1686 Considera
3100 1632 3276 1702 qualis
3298 1631 3479 1697 fuerit,
3508 1633 3604 1702 qui

2026 1719 2132 1775 fuit
2159 1736 2358 1775 corona
2385 1721 2620 1776 decoris.
2645 1719 2761 1776 Non
2783 1722 3102 1792 simpliciter
3117 1724 3303 1789 decor,
3317 1740 3418 1778 nec
3434 1725 3603 1796 gloria

2023 1821 2140 1866 erat
2170 1812 2222 1866 in
2255 1827 2341 1879 eo,
2371 1812 2465 1866 sed
2494 1828 2696 1867 corona
2722 1811 2926 1882 gloriae.
2954 1811 3110 1868 llunc
3138 1823 3318 1867 autem
3350 1813 3602 1868 decorem

2022 1904 2133 1958 noli
2167 1911 2326 1958 extra
2372 1913 2423 1958 te
2448 1919 2713 1974 quaerere,
2745 1903 2839 1958 sed
2869 1903 3018 1958 circa
3059 1904 3255 1959 animae
3296 1903 3602 1974 regionem,

2021 1994 2114 2050 ubi
2163 1995 2570 2065 cogitatorium,
2619 1995 2712 2050 ubi
2768 1995 3134 2051 intellectuale
3193 1995 3465 2063 consistit,
3510 1995 3603 2050 ubi

2020 2099 2150 2140 vera
2178 2094 2262 2141 est
2287 2085 2660 2156 pulchritudo.
2693 2085 2850 2153 Quod
2894 2087 2940 2142 si
2971 2085 3214 2142 volueris
3257 2085 3333 2141 ibi
3359 2100 3604 2155 quaerere

2018 2176 2270 2233 decorem
2308 2177 2400 2232 ubi
2429 2193 2558 2233 caro
2584 2184 2688 2242 est,
2725 2185 2781 2234 et
2804 2178 3053 2248 sanguis,
3085 2177 3308 2244 humor,
3337 2186 3393 2232 et
3424 2193 3598 2240 venas,

2019 2269 2112 2324 ubi
2159 2270 2386 2325 materia
2439 2271 2764 2341 corporalis,
2824 2286 2932 2325 non
2985 2271 3191 2341 poteris
3239 2271 3504 2327 invenire.
3543 2271 3600 2325 Si

2015 2362 2233 2432 quidem
2263 2378 2425 2418 verus
2463 2362 2626 2418 decor
2662 2364 2714 2416 in
2750 2362 3034 2417 Salvatore
3063 2371 3165 2427 est,
3200 2371 3255 2418 et
3289 2362 3362 2417 ita
3395 2363 3465 2417 ab
3501 2361 3598 2417 illo

2010 2452 2166 2524 juxta
2194 2455 2535 2525 largitionem
2565 2464 2620 2508 et
2658 2455 3090 2510 misericordiam
3122 2454 3244 2525 ejus
3277 2455 3332 2508 in
3370 2462 3601 2509 cuncto-

2016 2561 2136 2599 rum
2169 2545 2377 2601 divisus
2422 2555 2506 2600 est
2548 2545 2782 2600 animas.
2833 2547 3120 2616 Accingere
3164 2545 3404 2615 gladium
3448 2557 3599 2598 tuum

2013 2638 2159 2692 circa
2191 2640 2362 2708 [emur
2394 2647 2564 2700 tuum,
2596 2638 2977 2707 potentissime,
3004 2639 3173 2708 specie
3195 2646 3309 2703 tua,
3331 2647 3380 2690 et
3413 2639 3598 2691 decore

2015 2738 2126 2795 tuo,
2157 2739 2205 2784 et
2235 2728 2631 2799 pulchritudine
2655 2737 2748 2781 tua
2772 2728 2841 2781 ⁸⁸.
2873 2726 2968 2782 Est
3008 2727 3174 2796 igitur
3202 2726 3404 2796 aliquis
3433 2727 3598 2781 decor

2012 2821 2066 2877 in
2091 2821 2376 2892 principali
2410 2820 2592 2875 cordis
2621 2818 2816 2886 nostri,
2844 2827 2897 2874 et
2929 2819 2983 2873 in
3013 2818 3215 2873 anima.
3248 2818 3386 2885 Quia
3413 2828 3594 2873 autem

2012 2911 2320 2968 istiusmodi
2369 2912 2538 2966 decor
2576 2910 2745 2965 etiam
2789 2911 2856 2965 ad
2893 2909 3133 2964 animam
3171 2909 3442 2979 pertingat
3491 2909 3594 2962 hu-

2013 3019 2255 3067 manam,
2287 3002 2586 3072 Prophetes
2614 3010 2666 3056 te
2692 3002 2906 3068 doceat,
2932 3001 3121 3056 dicens
3145 3001 3189 3032 "
3215 3019 3228 3054 :
3257 3001 3422 3066 Audi,
3457 2999 3596 3070 ﬁlia,

2011 3105 2062 3151 et
2089 3095 2224 3162 uide,
2249 3104 2298 3148 et
2327 3094 2528 3148 inclina
2558 3109 2742 3147 aurem
2777 3102 2946 3158 tuam,
2981 3102 3031 3146 et
3061 3091 3362 3146 obliviscere
3391 3093 3597 3160 populi,

2013 3197 2062 3242 et
2108 3187 2295 3241 domus
2343 3187 2516 3246 patris
2560 3185 2668 3249 tui,
2706 3186 2831 3255 quia
2879 3184 3177 3253 concupivit
3223 3198 3316 3237 res
3360 3189 3598 3239 decorem

2014 3285 2184 3342 tuum,
2222 3276 2274 3330 id
2323 3283 2410 3330 est
2449 3290 2710 3345 sponsus.
2786 3273 2921 3340 Quis
2977 3273 3051 3327 ita
3095 3273 3257 3328 habet
3317 3273 3593 3340 puichram

2011 3368 2276 3431 animam,
2317 3367 2442 3438 quis
2484 3375 2694 3421 tantum
2742 3365 2986 3436 possidet
3032 3363 3313 3428 decorem,
3354 3363 3474 3432 quis
3521 3363 3594 3418 ita

2010 3468 2094 3515 est
2135 3467 2429 3515 extraneas
2466 3460 2537 3513 ab
2571 3459 2724 3514 omni
2768 3457 3034 3521 foeditate,
3071 3466 3131 3508 ut
3160 3457 3332 3525 possit
3365 3454 3415 3510 ei
3447 3455 3590 3510 dici:

2011 3549 2322 3619 Concupiuit
2356 3563 2449 3604 rea:
2471 3549 2710 3602 decorem
2751 3557 2898 3600 tuum
2925 3546 2949 3598 ?
2982 3545 3048 3597 Et
3079 3554 3134 3598 tu
3165 3545 3386 3614 quidem
3416 3545 3596 3601 adhuc

2012 3641 2176 3696 istum
2227 3642 2429 3710 quaeris
2462 3641 2748 3703 decorem,
2783 3648 2836 3692 et
2881 3636 3072 3690 niteris
3111 3637 3175 3689 ad
3225 3636 3589 3705 placendum;

2010 3732 2114 3788 iste
2146 3747 2275 3786 vero
2318 3747 2350 3785 a
2386 3731 2584 3786 decore
2617 3743 2779 3799 quem
2815 3727 3044 3790 habuit,
3097 3725 3148 3778 in
3196 3725 3591 3796 turpitudinem

2010 3823 2270 3882 concidit.
2306 3821 2374 3877 Et
2399 3821 2682 3892 quomodo
2720 3820 2774 3873 in
2809 3818 3134 3890 corporibus
3169 3832 3312 3890 saepe
3342 3817 3594 3874 videmus

2009 3916 2290 3982 accidere,
2340 3926 2398 3970 ut
2442 3913 2639 3969 mulier
2690 3913 2938 3983 speciosa
2989 3920 3044 3966 et
3073 3911 3300 3982 pulchra
3347 3910 3485 3967 facie
3521 3912 3592 3967 ab

331 4008 631 4076 accipiens,
679 4025 800 4080 qute
827 4011 880 4066 in
910 4012 1059 4083 pisce
1108 4011 1284 4069 fuerat
1327 4016 1558 4082 inclusa,
1591 4017 1786 4074 similis
1822 4019 1906 4075 his

2015 4008 2360 4080 aegrotatione
2394 4008 2646 4063 decorem
2689 4020 2852 4061 suum
2883 4005 3095 4074 perdat,
3127 4011 3182 4058 et
3213 4018 3311 4073 per
3337 4012 3591 4060 senectu-

330 4100 572 4170 piscibus
587 4101 654 4156 de
670 4103 871 4172 quibus
897 4104 1057 4160 hodie
1079 4105 1278 4161 lectum
1303 4116 1405 4174 est,
1431 4109 1524 4178 qui
1550 4110 1830 4166 adhaerent
1850 4112 1903 4166 in

330 4195 578 4262 squamis
605 4194 862 4250 draconis
889 4195 980 4264 qui
1017 4196 1166 4251 sedet
1205 4212 1370 4266 super
1407 4197 1632 4255 ﬂumina
1659 4199 1900 4273 Egypti.

333 4282 475 4340 Vere
496 4287 696 4356 quippe
721 4286 1032 4342 istiusmodi
1062 4287 1239 4358 pisces
1263 4288 1337 4343 ibi
1367 4289 1668 4346 adhaerent.
1699 4293 1901 4358 Quanti

2009 4110 2114 4156 tem
2166 4101 2513 4172 splendorem
2559 4099 2745 4154 vultus
2787 4098 3004 4151 amittat
3041 4112 3055 4149 :
3094 4097 3288 4152 eodem
3335 4097 3498 4151 modo
3535 4106 3592 4153 et

2005 4211 2128 4266 quae
2173 4195 2399 4266 pulchra
2439 4203 2591 4260 erat,
2632 4208 2726 4263 per
2771 4188 3142 4244 inﬁrmitatem
3196 4189 3403 4244 amittit
3431 4188 3602 4244 deco-

2005 4305 2158 4357 rem,
2197 4297 2250 4344 et
2286 4303 2381 4357 per
2421 4293 2757 4342 senectutem
2811 4283 3074 4340 deformis
3134 4282 3388 4338 edicitur.
3451 4283 3588 4335 Cum

329 4385 386 4433 et
424 4378 585 4435 hodie
626 4380 804 4449 pisces
852 4388 980 4435 sunt
1024 4394 1258 4448 quorum
1304 4395 1399 4436 rex
1437 4391 1521 4438 est
1559 4381 1662 4437 iste
1701 4383 1796 4454 qui
1846 4383 1900 4438 in
2002 4383 2147 4437 enim
2197 4379 2499 4449 susceperit
2540 4389 2778 4434 veterem
2826 4377 3102 4432 hominem
3161 4391 3287 4432 cum
3357 4375 3571 4430 actibus

327 4469 488 4539 aquis
531 4470 719 4526 multis
765 4471 989 4540 regnat?
1023 4470 1294 4541 Scriptum
1341 4480 1424 4527 est
1467 4473 1669 4543 quippe
1710 4475 1778 4529 de
1822 4474 1906 4527 in-
1936 4470 1979 4524 D
2009 4473 2125 4529 suis
2151 4515 2166 4538 ,
2223 4479 2504 4526 senectute
2563 4470 2683 4541 ejus
2743 4471 3032 4541 pristinum
3080 4473 3260 4543 perdit
3309 4473 3584 4527 decorem.

327 4557 529 4613 visibili
556 4558 814 4624 dracone,
847 4559 974 4630 quia
1004 4561 1118 4630 ipse
1148 4577 1244 4615 rex
1279 4563 1349 4616 sit
1375 4564 1620 4617 omnium
1653 4563 1745 4634 qui
1775 4573 1905 4619 sunt

326 4650 384 4704 iu
426 4649 626 4721 aquis;
689 4666 878 4704 verum
927 4660 983 4706 ιιι
1026 4667 1136 4706 non
1186 4667 1247 4708 es
1291 4653 1342 4706 in
1377 4655 1566 4724 aquis,
1605 4655 1699 4710 sed
1750 4655 1806 4709 in
1838 4671 1900 4711 ea

327 4746 471 4792 terra
493 4754 616 4808 quae
648 4739 746 4794 tibi
779 4741 1198 4810 repromittitur.
1245 4741 1312 4796 Et
1339 4742 1454 4798 hzec
1481 4743 1626 4799 dicta
1659 4752 1811 4812 sunt,
1843 4755 1904 4800 ut

325 4829 643 4899 diligentius
693 4831 1084 4887 ventilaremus
1140 4831 1286 4902 quod
1327 4833 1400 4888 sit
1443 4834 1784 4906 signaculum
1825 4836 1903 4892 si-

329 4919 674 4976 militudinis.
708 4918 883 4986 Quam
925 4919 1118 4976 beatus
1151 4919 1254 4976 fuit
1296 4922 1349 4976 in
1398 4922 1492 4978 illo
1520 4929 1765 4994 tempore
1789 4941 1901 4996 quo

322 5011 673 5082 signaculum
723 5012 1098 5070 similitudinis
1145 5023 1282 5069 erat.
1353 5013 1474 5070 Tibi
1529 5016 1709 5072 adhuc
1749 5018 1901 5074 deest

324 5112 388 5158 ιιι
429 5103 732 5159 similitudo
770 5103 1034 5174 signaculi
1074 5105 1192 5170 tias,
1228 5113 1281 5159 et
1321 5107 1512 5175 procul
1549 5123 1610 5163 es
1641 5107 1711 5164 ab
1750 5108 1900 5179 ejus-

323 5195 472 5250 modi
508 5210 756 5251 munere.
783 5194 931 5250 Dixit
963 5197 1182 5266 quidem
1210 5195 1354 5252 Deus
1373 5198 1419 5229 δ’
1447 5216 1460 5252 :
1493 5195 1780 5253 Faciamus
1805 5199 1895 5254 ho-

323 5292 516 5345 minem
545 5290 616 5344 ad
648 5291 933 5361 imaginem
959 5301 1008 5345 et
1029 5293 1434 5348 similitudinem
1462 5303 1728 5359 nostram;
1761 5303 1898 5349 atta-

325 5397 448 5438 men
499 5381 731 5438 necdum
782 5391 1112 5438 consecutus
1155 5399 1214 5439 es
1263 5384 1725 5439 similitudinem:
1771 5384 1900 5441 fecit

326 5475 529 5546 quippe
574 5475 718 5531 Deus
768 5475 1084 5542 hominem,
1137 5475 1204 5530 ad
1246 5477 1534 5548 imaginem
1589 5477 1681 5532 Dei
1743 5476 1892 5534 iecit.

2015 4563 2172 4619 Venit
2212 4561 2374 4617 Jesus
2416 4569 2477 4614 ut
2514 4560 2810 4616 transferat
2851 4577 2953 4618 nos
2995 4578 3025 4617 a
3053 4573 3236 4618 vetere
3263 4563 3502 4626 homine,
3533 4573 3590 4617 et

2010 4654 2304 4712 senectutis
2331 4652 2674 4723 insignibus:
2715 4669 2849 4724 ruga
2874 4654 3074 4725 quippe
3113 4655 3412 4710 senectutis
3444 4653 3588 4709 indi-

2009 4746 2153 4804 cium
2201 4753 2305 4813 est,
2351 4753 2412 4798 ut
2463 4743 2541 4798 ait
2595 4743 2890 4814 Apostolus
2910 4745 2959 4778 ⁸⁸
3005 4761 3020 4799 :
3073 4745 3142 4801 Ut
3188 4746 3430 4801 exhibeat
3481 4745 3586 4800 sibi

2007 4841 2295 4912 gloriosam
2334 4836 2666 4904 Ecclesium,
2710 4855 2816 4892 non
2847 4837 3126 4892 habentem
3155 4838 3423 4892 maculam
3443 4879 3457 4903 ,
3491 4847 3584 4891 aut

2007 4946 2214 5002 rugam,
2251 4938 2344 4984 aut
2384 4928 2590 5000 aliquid
2622 4930 2951 4994 istiusmodi,
2984 4946 3162 4984 verum
3189 4939 3248 4984 ut
3288 4931 3357 4984 sit
3397 4939 3586 4984 sancta

2003 5035 2054 5078 et
2101 5020 2473 5078 immaculata.
2527 5021 2679 5078 Licet
2723 5022 2893 5093 igitur
2941 5037 2976 5077 a
3028 5030 3306 5078 senectute
3353 5029 3407 5076 et
3450 5038 3582 5092 ruga

2003 5114 2071 5168 ad
2119 5113 2462 5184 iuventutem
2516 5113 2905 5169 transcendere
2950 5129 2964 5165 :
3011 5122 3066 5168 et
3107 5115 3211 5168 hoc
3255 5122 3341 5170 est
3384 5114 3439 5167 in
3482 5115 3584 5168 hac

2003 5212 2156 5275 parte
2188 5204 2454 5272 mirabile,
2485 5204 2633 5274 quod
2668 5219 2870 5274 corpus
2904 5205 2973 5259 ab
3007 5203 3374 5259 adolescentia
3405 5205 3585 5274 pergit

2005 5295 2073 5350 ad
2114 5296 2325 5351 senium
2353 5314 2368 5364 ;
2395 5297 2576 5351 anima
2629 5311 2759 5351 vero
2801 5297 2847 5351 si
2897 5297 3109 5353 venerit
3155 5297 3221 5351 ad
3255 5295 3576 5367 perfectum,

2005 5403 2036 5442 a
2067 5397 2282 5443 senecta
2336 5389 2392 5443 in
2432 5387 2859 5443 adolescentiam
2911 5389 3318 5444 transmittitur.
3372 5387 3580 5441 Idcirco

2003 5480 2214 5534 etiamsi
2243 5481 2475 5535 exterior
2501 5479 2655 5534 homo
2696 5490 2872 5534 noster
2915 5481 3271 5550 corrumpitur
3295 5521 3309 5546 ,
3372 5479 3463 5532 sed
3493 5481 3578 5532 in-

397 5641 441 5670 ⁸⁸
477 5640 674 5696 Ezech.
710 5657 903 5699 sxvm.
934 5641 1018 5694 12.
1095 5641 1138 5674 ⁸⁵⁸
1164 5643 1178 5695 Ι
1203 5641 1329 5698 Cor.
1362 5661 1451 5706 xv,
1480 5615 1568 5699 ἀι).
1643 5643 1688 5675 ⁸ο
1711 5642 1902 5698 Matth.

397 5709 528 5764 Gen.
567 5728 606 5772 ι,
629 5712 720 5765 26.
835 5711 880 5742 ⁵³
909 5711 928 5765 ι
959 5711 1116 5768 Joan.
1149 5729 1231 5772 ιιι,
1257 5714 1309 5769 ‘2.
1383 5715 1428 5746 “
1452 5713 1594 5770 Psal.
1628 5730 1755 5772 1.“.
1785 5716 1864 5770 l9.

2043 5645 2145 5710 l5;
2206 5644 2372 5701 Marc.
2404 5660 2478 5711 Iv,
2510 5644 2544 5700 9
2567 5642 2719 5704 :Luc.
2748 5659 2864 5710 \‘lll,
2890 5642 2941 5697 8.
3019 5644 3060 5674 ⁵¹
3089 5642 3278 5709 Matth,
3311 5661 3446 5701 xvu.
3477 5643 3571 5700 ‘26.

2020 5714 2152 5772 Luc.
2189 5732 2286 5772 xu.
2321 5717 2406 5771 42.
2485 5717 2529 5748 ⁵³
2553 5715 2698 5771 Psal.
2733 5730 2876 5772 xuv.
2909 5714 2964 5772 4.
2999 5713 3050 5768 5.
3126 5714 3169 5746 ⁵⁷
3195 5715 3325 5772 ibid.
3368 5715 3457 5772 li.
3486 5714 3571 5772 12.

2069 5733 2152 5772 UC.
2189 5732 2286 5786 XII,
2321 5732 2406 5771 42.
2485 5732 2529 5748 ⁸⁸³
2553 5732 2698 5771 ι’διιι.
2733 5732 2876 5784 κων,
2909 5732 2964 5780 4,
2999 5732 3050 5768 ὓ.
3126 5732 3165 5746 ¹¹¹
3195 5732 3325 5772 ιυιιι.
3368 5732 3457 5778 ll.
3486 5732 3576 5772 ΓΞ.

323 5711 372 5742 ³⁸
395 5709 528 5764 Gut).
567 5728 606 5776 l,
629 5712 720 5765 26.

323 5780 373 5814 ⁵⁸
397 5780 593 5854 Ephcs.
631 5799 683 5849 v,
704 5780 792 5838 Ἦ.

835 5711 880 5742 ⁵³
909 5711 928 5765 ι
959 5711 1116 5768 Joan.
1149 5729 1231 5778 tu,
1257 5714 1309 5769 ‘2.
1383 5715 1428 5746 “
1452 5713 1594 5770 Psal.
1628 5716 1864 5781 1.“,I9.
