4128 6436
518 283 627 342 763

1707 270 1868 334 ORIG
1878 279 1961 332 ΕΝ
1970 278 2030 333 IS
2068 274 2136 330 ΙΝ
2177 276 2611 333 EZECIHELEM

3696 282 3799 342 764

522 406 688 462 terior
714 412 997 463 renovatur
1024 406 1090 460 de
1114 405 1199 460 die
1228 405 1282 458 in
1311 404 1450 458 diem
1481 404 1548 463 ι’.
1580 402 1834 474 Oportuit
1862 411 1915 458 te
1945 415 2108 456 nosse
2134 401 2184 461 Δ
2210 398 2544 455 tribuuntur.
2596 396 2651 453 Si
2711 396 3041 454 intellexeris
3098 407 3286 468 portas
3334 396 3639 454 Jerusalem
3664 443 3678 460 .
3739 414 3795 458 et

518 500 772 555 decorem
811 513 975 569 quem
1015 513 1109 551 rex
1158 496 1536 566 concupiscit,
1585 494 1829 565 oportuit
1870 503 1925 548 te
1964 494 2107 549 scire

519 607 645 648 eum
681 591 774 661 qui
810 591 1103 660 aliquando
1142 588 1243 644 fuit
1275 588 1489 643 decoris
1519 601 1723 642 corona
1752 602 1766 638 :
1794 595 1849 641 et
1894 594 1950 640 tu
1980 601 2106 640 cum

520 683 693 739 fueris
735 691 1065 739 consecutus
1107 682 1248 736 hanc
1290 680 1542 752 gloriam,
1579 695 1710 736 cave
1751 695 1820 734 ne
1857 693 2103 743 corruas,

520 777 567 831 si
603 776 822 846 quidem
861 785 916 830 et
957 776 1058 831 iste
1100 776 1193 846 qui
1241 775 1470 841 corruit,
1506 775 1846 845 signaculum
1874 783 1993 829 erat
2034 773 2108 828 si-

519 866 867 931 militudinis,
900 865 1093 935 plenus
1128 865 1416 943 sapientia,
1448 874 1503 920 et
1531 865 1747 921 decoris
1778 880 2001 920 corona.
2037 862 2107 918 In

519 956 723 1010 deliciis
776 957 1020 1027 paradisi
1057 957 1153 1011 Dei
1202 958 1278 1011 tui
1333 957 1641 1027 inquinatus
1682 973 1734 1011 es
1766 957 1834 1012 ⁶⁰.
1874 954 1995 1011 Non
2032 956 2108 1011 ait

520 1047 845 1116 simpliciter
888 1048 1178 1117 paradiso,
1217 1049 1311 1103 sed
1360 1049 1415 1102 in
1460 1048 1724 1118 paradiso
1766 1048 2102 1103 deliciarum.

520 1138 717 1207 Quaero
760 1148 945 1193 utrum
1002 1139 1112 1195 sint
1165 1140 1414 1207 quaedam
1475 1141 1710 1209 paradisi
1765 1140 2103 1205 differentiae,

522 1236 579 1284 et
620 1243 745 1283 cum
782 1229 907 1298 quis
953 1229 1007 1282 in
1038 1229 1292 1299 paradiso
1321 1228 1416 1284 Dei
1449 1229 1630 1296 fuerit,
1669 1241 1846 1285 tamen
1890 1246 1996 1283 non
2035 1232 2108 1286 sit

521 1319 577 1373 in
605 1320 862 1389 paradiso
890 1319 1213 1375 deliciarum
1240 1361 1253 1383 ,
1285 1322 1429 1376 sicut
1463 1322 1602 1374 latro
1638 1320 1726 1374 ille
1757 1322 1932 1389 prima
1967 1323 2102 1375 hora

520 1426 649 1465 cum
678 1409 807 1466 .lesu
831 1410 1111 1480 ingressus
1134 1420 1219 1467 est
1242 1413 1579 1481 paradisum.
1642 1412 1699 1466 Si
1745 1428 1775 1465 a
1811 1424 1863 1466 te
1894 1428 2104 1482 rogem,

521 1511 754 1572 putasne
789 1504 842 1557 in
875 1505 1188 1572 paradisum
1229 1503 1599 1572 introgressus
1627 1513 1728 1570 est,
1753 1520 1959 1568 annon,
1996 1521 2105 1560 non

522 1592 753 1647 dubium
781 1594 910 1663 quin
938 1609 1062 1648 eum
1088 1599 1421 1664 respondeas
1455 1596 1873 1665 introgressum.
1901 1594 2108 1650 Deinde

524 1682 570 1738 si
601 1699 818 1738 rursum
855 1699 886 1739 a
912 1684 1077 1757 404
1108 1694 1157 1741 te
1185 1703 1448 1757 quaeram,
1479 1689 1611 1757 quid
1644 1703 1776 1759 ergo
1806 1690 2106 1760 introgres—

2211 497 2399 561 portas
2441 490 2563 544 ﬁliae
2607 489 2758 555 Sion,
2808 488 2899 545 ubi
2945 497 3001 544 et
3049 496 3268 559 oportet
3314 499 3367 545 te
3405 506 3605 545 canere
3640 490 3793 547 Deo:

2213 580 2452 635 Cantabo
2483 580 2704 651 quippe,
2738 581 2814 635 ait
2834 579 2904 642 ⁸⁸,
2938 596 3113 634 omnes
3146 580 3332 635 laudes
3366 591 3488 637 tuas
3530 584 3587 636 in
3627 589 3797 653 portis

2211 674 2341 744 ﬁlia:
2364 672 2526 738 Sion;
2561 675 2606 729 si
2650 673 3105 729 animadverteris
3151 675 3429 743 quomodo
3470 676 3697 733 indutus
3727 681 3797 735 sit

2213 766 2412 836 aliquis
2438 765 2725 821 duodecim
2754 767 3046 835 lapidibus,
3077 774 3131 821 et
3157 766 3443 837 ingressus
3465 767 3796 837 Jerusalem,

2211 867 2266 913 et
2303 874 2399 928 per
2432 858 2572 913 alias
2614 868 2803 929 portas
2846 860 3133 929 ingressus
3155 900 3171 925 ,
3214 860 3522 931 conspicies
3556 862 3798 933 virgines

2211 951 2515 1006 duodecim.
2571 949 2628 1004 In
2659 951 2797 1006 libro
2827 950 3090 1016 Pastoris,
3121 952 3178 1006 in
3218 968 3330 1023 quo
3358 954 3586 1025 angelus
3613 956 3796 1025 pinni-

2211 1039 2433 1093 tentiam
2480 1040 2661 1100 docet,
2703 1040 2991 1095 duodecim
3037 1040 3278 1110 virgines
3328 1042 3530 1098 habent
3569 1046 3795 1101 nomina

2213 1146 2333 1193 sua,
2365 1131 2521 1194 ﬁdes,
2552 1131 2914 1197 continentia,
2960 1141 3066 1186 etc.
3112 1131 3348 1188 Potestis
3382 1137 3582 1205 quippe
3612 1136 3794 1206 legere

2212 1222 2257 1276 si
2299 1221 2482 1277 vultis.
2538 1221 2740 1276 Deinde
2802 1223 3024 1292 quando
3082 1225 3250 1279 turris
3298 1226 3615 1293 aediﬁcatur,
3662 1243 3787 1282 cum

2214 1313 2583 1382 assumpseris
2616 1312 2965 1368 fortitudines
2990 1314 3288 1383 virginum,
3323 1318 3526 1385 pariter
3553 1318 3787 1388 accipies

2212 1410 2268 1455 et
2311 1401 2362 1454 id
2388 1403 2531 1471 quod
2570 1401 2638 1456 de
2682 1403 2854 1471 portis
2904 1401 3145 1456 dicitur:
3175 1414 3556 1461 ornamentum
3592 1408 3790 1477 quippe

2213 1491 2311 1545 tibi
2348 1501 2433 1547 est
2460 1508 2801 1562 unaquaeque
2841 1494 3056 1551 virtus:
3100 1503 3264 1565 atque
3289 1495 3364 1550 ita
3395 1496 3450 1550 in
3492 1497 3638 1552 hunc
3668 1514 3788 1552 mo-

2213 1581 2342 1637 dum
2393 1584 2829 1653 superaediﬁcant
2870 1585 3227 1643 fundamento
3274 1586 3500 1654 Christi,
3545 1605 3655 1671 npn
3702 1606 3789 1645 so-

2215 1673 2324 1729 lum
2361 1692 2555 1730 aurum
2610 1688 2664 1733 et
2713 1689 3037 1748 argentum,
3086 1696 3275 1737 verum
3320 1691 3376 1737 et
3416 1682 3625 1752 lapides
3660 1699 3787 1754 pre-

523 1791 623 1832 sus
651 1779 966 1847 paradisum
989 1821 1005 1845 ,
1040 1780 1300 1836 statimne
1329 1781 1650 1836 deliciarum
1693 1782 1814 1837 loco
1845 1793 2105 1851 exceptus

2211 1766 2401 1822 tiosos.
2452 1767 2793 1824 Prohibitum
2821 1780 2905 1826 est
2930 1782 3112 1827 autem
3143 1774 3408 1830 aediﬁcare
3465 1775 3611 1844 ligna
3637 1817 3654 1843 ,
3705 1758 3791 1831 fe-

521 1869 642 1924 est?
673 1869 823 1924 dicas
870 1871 1122 1936 forsitan,
1163 1873 1291 1942 quia
1328 1873 1500 1942 prima
1541 1874 1674 1928 liora
1716 1875 1996 1943 ingressus
2035 1877 2108 1932 sit

519 1958 865 2028 paradisum,
909 1961 963 2015 in
1009 1962 1262 2031 paradiso
1306 1963 1625 2018 deliciarum
1656 1962 1750 2018 Dei
1788 1963 1962 2021 factus
1996 1981 2104 2021 non

520 2057 625 2104 est.
661 2049 756 2104 Sin
785 2061 969 2106 autem
1006 2038 1120 2122 jam
1150 2052 1354 2107 videris
1392 2069 1517 2108 eum
1556 2055 1912 2124 accipientem
1943 2056 2011 2111 de
2040 2055 2107 2109 li-

522 2156 631 2211 gno
658 2142 806 2207 vitae,
837 2153 891 2198 et
930 2143 997 2198 de
1020 2145 1233 2200 cunctis
1283 2146 1574 2202 arboribus
1604 2163 1743 2216 quas
1785 2164 1893 2202 non
1935 2148 2106 2204 inter«

527 2234 667 2289 dixit
692 2235 860 2302 Deus,
896 2237 969 2292 ita
1001 2246 1061 2292 ut
1103 2239 1170 2293 de
1209 2239 1357 2293 omni
1407 2239 1557 2309 ligno
1604 2240 1845 2309 paradisi
1890 2256 2109 2297 vescen-

528 2335 673 2394 tem;
716 2329 761 2384 si
793 2329 1076 2398 aspexeris
1105 2345 1253 2397 eum,
1297 2339 1352 2385 et
1385 2332 1533 2386 illius
1571 2332 1728 2402 ligni,
1770 2344 1824 2387 et
1860 2334 2106 2389 omnium

524 2434 648 2490 quae
676 2435 821 2474 nunc
855 2421 1127 2489 prohibita
1157 2437 1265 2475 non
1301 2423 1431 2490 sint,
1468 2424 1652 2478 cibum
1681 2425 1842 2479 edere
1868 2440 1882 2489 ;
1907 2434 1961 2481 et
1992 2441 2023 2480 a
2056 2435 2107 2482 te

522 2526 730 2581 rogem,
766 2520 996 2581 putasne
1029 2512 1134 2567 iste
1165 2528 1274 2567 non
1314 2514 1492 2568 solum
1548 2514 1601 2568 in
1643 2516 1900 2585 paradiso
1930 2516 2108 2573 factus

524 2610 633 2665 est,
667 2617 857 2657 verum
887 2604 1052 2659 etiam
1087 2605 1141 2659 in
1171 2606 1426 2674 paradiso
1455 2605 1770 2663 deliciarum
1807 2610 1898 2665 Dei
1926 2627 1940 2664 :
1969 2612 2100 2682 quid

522 2693 657 2748 mihi
716 2694 863 2749 aliud
913 2710 1282 2764 responsurus
1328 2711 1409 2763 es,
1457 2697 1565 2752 nisi
1598 2713 1724 2753 eum
1768 2701 1824 2754 in
1865 2703 2106 2771 paradisi

523 2786 737 2843 deliciis
773 2789 1174 2843 constitutum?
1213 2788 1293 2842 Ad
1323 2788 1463 2844 hanc
1499 2790 1891 2847 beatitudinem
1936 2800 1993 2848 tu
2030 2793 2109 2848 l'e-

524 2878 722 2942 stinas,
758 2878 853 2948 qui
883 2876 1088 2933 videris
1136 2878 1411 2948 plangere.
1461 2879 1566 2936 Iste
1593 2897 1724 2937 vero
1755 2883 1849 2953 qui
1896 2884 2111 2957 plangi-

525 2978 634 3032 tur,
661 2968 761 3023 fuit
788 2969 1065 3038 quondam
1097 2969 1151 3023 in
1182 2969 1392 3026 deliciis
1420 2970 1534 3027 Dei.

595 3062 650 3115 3.
697 3059 915 3115 Omnem
945 3061 1175 3131 lapidem
1215 3062 1406 3116 bonum
1443 3064 1661 3119 indutus
1701 3076 1799 3131 est,
1829 3068 2105 3122 sardinam
2132 3097 2180 3160 ρ

522 3162 574 3207 et
607 3152 1012 3218 carbunculum,
1055 3153 1364 3221 sapphirum
1403 3166 1451 3210 et
1489 3156 1769 3225 beryllum,
1811 3170 1861 3211 et
1892 3160 2109 3228 hyacin-

526 3245 700 3308 thum,
731 3257 783 3300 et
807 3245 1008 3315 jaspim
1044 3246 1086 3277 ⁶¹
1109 3284 1124 3310 ,
1171 3256 1225 3301 et
1259 3247 1501 3317 reliquos
1550 3250 1834 3305 duodecim
1878 3251 2104 3321 lapides.

524 3335 771 3393 Difﬁcilis
819 3346 935 3403 est,
984 3347 1041 3393 et
1085 3338 1227 3393 ultra
1278 3340 1423 3394 vires
1471 3350 1691 3397 nostras
1741 3351 2110 3414 naturamque

529 3430 697 3500 hujus
726 3431 833 3488 loci
871 3446 931 3486 se
969 3433 1241 3502 expositio
1275 3434 1535 3489 sustollit.
1575 3433 1711 3501 Quis
1744 3437 1891 3491 enim
1922 3445 2108 3506 potest

531 3533 788 3579 naturam
835 3526 1270 3596 uniuscujusque
1326 3527 1525 3597 lapidis
1571 3543 1867 3599 exponere,
1915 3538 1969 3585 et
2013 3531 2110 3587 de-

531 3618 797 3684 scribere,
853 3618 970 3674 sive
1015 3620 1280 3688 colorem,
1330 3622 1445 3677 sive
1490 3622 1603 3676 vim
1652 3622 1796 3692 ejus.
1843 3631 1904 3678 ut
1930 3624 2109 3679 valeat

528 3706 774 3779 reperire
815 3724 985 3778 quare
1018 3710 1226 3779 lapides
1253 3710 1341 3767 isti
1380 3712 1649 3781 assumpti
1674 3711 1828 3767 sint?
1855 3713 2106 3769 Attamen

527 3800 655 3857 licet
681 3818 788 3858 non
815 3803 990 3858 simus
1032 3804 1189 3871 tales,
1221 3804 1316 3874 qui
1355 3814 1551 3861 cuncta
1598 3805 1899 3875 intelligere
1928 3806 2109 3876 possi-

522 3905 669 3952 mus,
716 3906 890 3961 pauca
934 3891 1246 3959 videamus,
1316 3894 1595 3964 quomodo
1641 3894 1929 3948 duodecim
1988 3895 2110 3952 istis

522 3982 793 4053 lapidibus
820 3984 1044 4040 indutus
1073 3984 1258 4041 fuerit.
1320 3984 1378 4041 Si
1405 3987 1492 4042 cui
1522 3987 1722 4041 divina:
1744 3987 1939 4041 litterae
1967 4003 2111 4044 cura:

523 4083 694 4129 sunt:
732 4075 800 4132 ad
833 4091 999 4146 quam
1043 4092 1159 4132 rem
1211 4093 1354 4147 saepe
1396 4078 1757 4134 exhortamur
1794 4079 2111 4134 adolescen-

522 4176 627 4234 tes,
679 4168 772 4223 sed
818 4177 877 4222 ιιι
911 4168 1087 4232 video.
1137 4170 1270 4224 nihil
1325 4170 1685 4240 proﬁcimus,
1728 4173 2110 4229 tantummodo

525 4267 770 4329 tempora
799 4270 1187 4315 consumentes
1216 4276 1229 4312 :
1264 4277 1372 4315 non
1406 4263 1552 4315 enim
1584 4261 1866 4331 potuimus
1893 4261 2111 4340 aliquos

523 4365 717 4406 eorum
748 4350 815 4405 ad
858 4350 910 4406 id
950 4352 1268 4422 perducere,
1316 4362 1377 4408 ut
1408 4353 1583 4409 sacris
1622 4354 1993 4410 voluminibus
2026 4354 2111 4408 in—

2210 1876 2339 1913 num
2368 1870 2423 1914 et
2452 1861 2730 1932 stipulam.

2210 1952 2480 2007 dechnus.

2279 2043 2333 2096 4.
2382 2043 2448 2098 Et
2484 2044 2645 2100 nobis
2683 2045 2863 2099 adhuc
2888 2044 3213 2116 imperatum
3239 2056 3323 2103 est
3352 2057 3413 2103 ut
3443 2047 3695 2104 dicamus
3723 2050 3792 2104 de

2210 2133 2376 2207 Tyro,
2418 2147 2473 2191 et
2503 2135 2742 2199 Sidone,
2782 2148 2838 2192 et
2865 2137 3169 2193 Pharaone.
3215 2140 3482 2210 Augustin
3532 2142 3792 2211 temporis

2209 2242 2385 2297 neque
2435 2229 2720 2299 superiora
2763 2246 2885 2299 quae
2930 2230 3200 2299 cmpimus
3251 2231 3478 2301 implere
3520 2233 3791 2301 permisit,

2208 2328 2264 2374 et
2317 2321 2431 2376 lucc
2481 2338 2604 2391 qua:
2654 2322 2911 2377 volumus
2964 2336 3227 2378 enarrare
3281 2323 3438 2393 quasi
3495 2325 3792 2378 commenti

2209 2430 2362 2469 more
2402 2416 2815 2485 perstringenda
2860 2428 2989 2471 sunt
3019 2416 3278 2471 breviter.
3314 2416 3681 2471 Comminatio
3707 2428 3793 2473 est

2209 2507 2261 2561 in
2312 2505 2593 2573 Sidonem,
2643 2524 2766 2579 quae
2810 2509 3195 2579 interpretatur
3247 2516 3537 2563 venatores.
3595 2509 3791 2564 Anima

2208 2609 2390 2651 nostra
2420 2599 2557 2652 sicut
2585 2616 2768 2668 passer
2795 2609 2973 2669 erepta
2999 2599 3162 2654 estde
3188 2598 3373 2670 laqueo
3401 2600 3703 2654 venantium
3720 2598 3789 2653 “.

2211 2688 2267 2743 Si
2315 2688 2577 2746 Hebraice
2628 2692 2784 2763 legis,
2836 2692 3006 2747 habes
3051 2691 3118 2747 de
3170 2691 3366 2762 laqueo
3413 2690 3785 2750 Sidoniorum.

2209 2779 2374 2852 Igitur
2407 2782 2616 2837 Sidonii
2664 2793 2952 2840 venatores
2987 2767 3138 2851 sunt,
3186 2794 3236 2839 et
3272 2784 3625 2840 comminatio
3666 2799 3788 2855 qua:

2208 2874 2267 2928 ﬁt
2299 2875 2351 2927 in
2382 2890 2500 2940 eos,
2536 2885 2757 2946 propter
2788 2886 2840 2931 te
2867 2876 2945 2940 ﬁt,
2974 2877 3234 2947 quoniam
3267 2878 3457 2933 volunt
3488 2888 3540 2932 te
3568 2892 3783 2945 capere,

2210 2974 2264 3020 et
2292 2967 2580 3037 diligenter
2602 2969 2897 3023 observant
2917 2969 3197 3039 quomodo
3237 2970 3510 3025 auditores
3534 2966 3783 3039 Scriptu-

2212 3076 2394 3117 rarum
2425 3061 2490 3115 de
2516 3060 2756 3115 Ecclesia
2787 3060 3044 3127 avellant,
3070 3061 3349 3130 quomodo
3374 3062 3440 3115 de
3468 3059 3667 3114 ﬁnibus
3688 3057 3788 3114 Ju—

2210 3151 2340 3205 dzeaz
2364 3152 2617 3205 adﬁnem
2645 3149 2867 3205 Sidonis
2891 3149 3260 3217 transferant;
3310 3165 3495 3204 verum
3540 3158 3595 3204 tu
3642 3149 3791 3204 omni

2210 3244 2456 3298 custodia
2480 3257 2633 3296 serva
2670 3256 2767 3297 cor
2796 3251 2949 3296 tuum
2968 3283 2984 3307 ,
3015 3249 3070 3296 et
3096 3241 3248 3296 disce
3277 3241 3405 3310 quia
3436 3241 3793 3297 comminatio

2210 3335 2264 3389 in
2305 3344 2590 3389 venatores
2622 3333 2697 3387 tui
2728 3348 2893 3389 causa
2919 3332 3011 3388 sit.
3076 3331 3154 3387 De
3201 3331 3486 3386 Pharaone
3514 3347 3642 3386 vero
3674 3333 3789 3403 jam

2209 3429 2392 3496 aliqua
2434 3441 2617 3481 sermo
2650 3426 2994 3488 memoravit,
3027 3423 3301 3478 aﬂirmans
3333 3438 3455 3477 eum
3496 3423 3788 3478 draconem

2209 3522 2485 3575 sedentem
2539 3519 2593 3574 in
2628 3517 2808 3574 medio
2835 3516 3145 3583 ﬂuminum,
3196 3528 3357 3586 atque
3405 3516 3674 3571 dicentem
3700 3516 3780 3573 “z

2210 3612 2331 3666 Mea
2374 3622 2497 3666 sunt
2530 3612 2784 3682 ﬂumina,
2829 3619 2877 3667 et
2907 3627 3001 3680 ego
3031 3609 3131 3679 feci
3159 3610 3281 3664 illa.
3328 3607 3465 3664 Novi
3499 3623 3600 3680 ego
3628 3607 3788 3663 diﬂ'e-

2209 3705 2416 3760 rentias
2447 3704 2759 3769 ﬂuminum,
2794 3710 2850 3757 et
2875 3702 2993 3758 scio
3024 3701 3249 3756 ﬁumina
3304 3702 3359 3755 in
3390 3700 3589 3771 quibus
3619 3699 3791 3755 draco

2211 3795 2420 3859 sedeat,
2440 3809 2604 3865 super
2625 3808 2747 3863 quae
2768 3791 2995 3847 ﬂumina
3017 3791 3070 3845 hi
3097 3791 3189 3862 qui
3221 3790 3289 3848 de
3314 3792 3481 3847 Israel
3503 3790 3645 3861 capti
3669 3789 3791 3845 fue-

2213 3888 2619 3954 rant,sedentes
2641 3902 2765 3941 cum
2793 3900 3013 3941 carmen
3044 3885 3176 3939 Sion
3201 3901 3398 3940 canere
3422 3901 3530 3939 non
3546 3892 3789 3955 possent,

2212 3981 2454 4046 ﬂebant,
2502 3977 2803 4035 secundum
2852 3978 2904 4032 id
2952 3976 3098 4047 quod
3146 3976 3201 4031 in
3251 3976 3480 4031 Psalmis
3527 3975 3791 4045 scriptum

2213 4082 2295 4129 est
2324 4074 2369 4106 “
2395 4092 2408 4127 :
2446 4070 2616 4143 Super
2639 4072 2865 4141 [Iuntina
2891 4069 3181 4140 Babylonis
3216 4070 3327 4123 illic
3352 4070 3582 4124 sedimus
3618 4078 3670 4122 et
3696 4068 3794 4139 ﬂe-

2211 4167 2399 4220 vimus.
2434 4164 2498 4218 Et
2535 4165 2650 4221 scio
2685 4163 2831 4219 aliud
2865 4161 3090 4221 ﬂumen,
3127 4160 3284 4228 cujus
3325 4159 3560 4229 impetus
3607 4158 3786 4214 laetiﬁ-

2212 4269 2301 4314 cat
2333 4259 2610 4313 civitatem
2653 4255 2771 4322 Dei,
2805 4254 2963 4326 juxta
3005 4252 3313 4309 Psalmista:
3360 4269 3547 4308 vocem
3606 4252 3796 4308 dicen-

2214 4353 2285 4407 tis
2326 4351 2369 4383 ⁸⁷
2413 4368 2427 4405 :
2474 4349 2743 4404 Fluminis
2792 4348 3014 4414 impetus
3059 4344 3303 4416 lwtiﬁcat
3358 4346 3624 4399 civitatem
3674 4343 3790 4398 Dei.

2809 1865 2963 1921 Intus
3008 1875 3093 1922 est
3126 1866 3290 1936 igitur
3344 1867 3447 1923 iste
3476 1867 3615 1940 lapis
3653 1869 3792 1925 duo-
3858 1868 3862 1873 ’

526 4442 781 4497 sisterent
818 4459 831 4495 :
867 4451 923 4498 et
952 4443 1242 4500 duodecim
1280 4445 1402 4501 illos
1428 4446 1660 4516 lapides,
1691 4455 1746 4501 et
1771 4457 1968 4502 caetera
2012 4461 2102 4501 re-
2138 4438 2187 4499 D
2214 4443 2309 4500 Vis
2337 4443 2527 4499 audire
2558 4441 2683 4512 quis
2715 4448 2801 4494 est
2840 4439 2942 4494 iste
2970 4438 3172 4493 ﬂuvius
3200 4439 3359 4506 cujus
3388 4438 3620 4504 impetus
3652 4436 3793 4490 lauti-

525 4532 709 4602 quirat
748 4533 803 4587 in
840 4533 1162 4604 Scripturis,
1208 4536 1450 4592 inveniet
1490 4539 1625 4593 etin
1657 4538 1981 4610 Apocalypsi
2008 4552 2105 4592 eo-

525 4626 647 4679 dem
677 4625 840 4681 modo
869 4634 1033 4697 atque
1057 4629 1245 4684 ordine
1272 4640 1616 4700 nuncupatos
1640 4632 1706 4685 ⁸³.
1744 4630 1849 4697 Qui
1886 4631 1958 4686 ibi
1988 4630 2103 4701 pri-

527 4731 674 4780 mus,
716 4724 772 4771 et
813 4716 905 4773 hic
937 4718 1148 4787 primus
1183 4725 1269 4773 est
1302 4720 1538 4788 positus,
1565 4720 1659 4789 qui
1697 4721 1972 4777 secundus
2019 4734 2106 4775 se—

526 4804 761 4870 cundus,
815 4805 908 4876 qui
934 4807 1125 4863 tertius
1178 4807 1390 4875 tertius,
1445 4810 1537 4878 qui
1581 4820 1812 4880 quartus
1851 4819 2106 4881 quartus,

525 4906 688 4967 atque
722 4899 796 4954 ita
833 4915 1008 4970 usque
1033 4901 1098 4954 ad
1132 4899 1516 4957 duodecimum
1548 4903 1780 4973 lapidem
1820 4905 1960 4960 ordo
1989 4919 2106 4961 ser—

524 5001 685 5046 vatus
733 5002 838 5048 est.
930 4994 1042 5049 Cur
1085 5010 1215 5067 ergo
1260 5004 1313 5051 et
1369 5011 1532 5065 super
1581 5012 1692 5065 quo
1740 4996 1950 5065 lapides
2016 4997 2108 5053 isti

526 5082 582 5138 in
649 5084 970 5157 Apocalypsi
1043 5087 1338 5155 nuncupati
1394 5086 1555 5143 sunt?
1678 5086 1879 5156 Utique
1945 5104 2110 5159 super

537 5180 727 5243 portas
771 5172 1072 5229 Jei-usalem
1121 5176 1380 5231 caelestis.
1460 5174 1647 5243 Ibique
1712 5174 1915 5229 dicitur
1977 5174 2106 5245 quia

527 5268 706 5336 prima
755 5274 910 5335 porta
963 5266 1236 5335 topazium
1286 5266 1394 5329 sit,
1446 5264 1687 5320 secunda
1748 5268 2104 5337 smaragdus,

527 5360 686 5414 tertia
715 5360 1115 5425 carbunculus,
1147 5366 1341 5429 quarta
1371 5357 1697 5427 sapphirus:
1737 5366 1901 5429 atque
1934 5361 2008 5416 ita
2052 5361 2105 5416 in

532 5450 679 5507 hunc
708 5452 929 5506 modum
956 5451 1010 5506 in
1039 5451 1283 5520 singulas
1310 5458 1492 5519 portas
1525 5449 1728 5521 singuli
1756 5450 1966 5521 lapides
1990 5451 2105 5507 dis-

599 5586 645 5619 ”
668 5584 713 5639 ll
734 5585 861 5641 Cor.
898 5603 971 5650 tv,
997 5586 1083 5643 16.
1162 5587 1206 5624 σο
1231 5585 1428 5640 Ezeclt.
1458 5603 1649 5651 xxviii,
1683 5588 1765 5643 15.
1840 5587 1884 5620 ⁸¹
1910 5587 2104 5645 Ezech.

603 5672 720 5712 xm.
747 5657 797 5710 7.
836 5658 881 5690 "
926 5656 1098 5712 Ezech
1162 5674 1311 5712 axis.
1369 5654 1421 5712 ὅ.
1487 5659 1532 5691 ⁸⁸
1577 5658 1719 5712 Psal.
1754 5660 2031 5712 cntva.
2107 5673 2108 5680 ‘

2219 5603 2334 5651 vm,
2364 5586 2447 5641 15.
2524 5584 2569 5615 θ’
2597 5584 2766 5651 Apoc.
2807 5600 2917 5637 XXI.

2211 5661 2318 5712 sal.
2354 5655 2549 5712 xuii.
2628 5655 2800 5710 “lsa.
2844 5671 2910 5708 ιχ

2196 5673 2318 5715 ’sat.
2354 5673 2476 5725 xcv,
2497 5674 2549 5709 ο.

530 5671 720 5719 cxxtu,
747 5657 797 5710 7.
836 5658 881 5690 "
926 5656 1098 5714 Ezech
1162 5674 1311 5723 λιιι,
1369 5654 1421 5712 3.

1487 5659 1532 5691 “
1577 5658 1719 5714 Psal.
1754 5660 2031 5726 cxxxvt,i.

536 5727 579 5757 '°
608 5725 765 5781 Joan.
791 5742 888 5793 vn,
920 5726 1008 5783 38.

2210 4538 2335 4592 licat
2363 4535 2637 4590 civitatem
2670 4530 2808 4586 Dei?
2832 4528 2993 4584 Jesus
3020 4528 3274 4582 Christus
3309 4526 3575 4581 Dominus
3607 4537 3794 4579 noster

2210 4636 2296 4681 est
2346 4624 2545 4680 ﬂuvius
2590 4622 2746 4691 cujus
2802 4620 3041 4688 impetus
3089 4617 3326 4671 lmtiﬁcat
3371 4616 3643 4670 civitatem
3669 4614 3788 4669 Dei.

2209 4720 2318 4774 Iste
2356 4725 2440 4772 est
2473 4713 2569 4784 qui
2606 4712 2685 4767 ait
2724 4726 2819 4781 per
2857 4708 3052 4765 Isaiam
3080 4708 3165 4761 ⁶³ε
3212 4706 3347 4761 Ecce
3378 4722 3470 4775 ego
3503 4705 3707 4759 decline
3734 4706 3789 4758 in

2209 4825 2295 4864 vos
2319 4807 2472 4879 quasi
2496 4805 2687 4874 ﬂuvius
2714 4804 2882 4873 pacis.
2934 4799 3062 4856 Scio
3095 4815 3194 4867 ego
3227 4798 3493 4869 quosdam
3528 4813 3649 4853 esse
3690 4797 3793 4851 ﬂu-

2212 4901 2332 4955 vios
2355 4896 2741 4968 repromissos,
2769 4894 2863 4965 qui
2891 4909 2958 4949 ex
2990 4893 3095 4948 hoc
3121 4892 3288 4947 ﬂuvio
3322 4896 3566 4946 manant.
3603 4889 3790 4945 Omnis

2212 4992 2358 5048 enim
2408 4989 2498 5059 qui
2549 4987 2739 5042 biberit
2786 5002 2850 5041 ea:
2882 5003 3023 5057 aqua
3058 4987 3186 5051 ista,
3229 4984 3375 5040 sitiet
3419 4998 3672 5036 rursum:
3699 4983 3792 5053 qui

2215 5092 2390 5137 autem
2429 5079 2617 5151 biberit
2652 5094 2717 5133 ea;
2751 5094 2891 5147 aqua
2919 5093 3081 5147 quant
3124 5092 3218 5146 ego
3256 5075 3468 5139 dedero,
3508 5075 3585 5127 ait
3608 5072 3790 5139 Jesus,

2216 5191 2318 5228 non
2349 5174 2489 5228 sitiet
2534 5174 2589 5226 in
2625 5180 2919 5236 teter-num,
2959 5171 3049 5225 sed
3097 5171 3195 5224 erit
3243 5168 3436 5238 ﬂuvius
3475 5168 3529 5221 in
3569 5183 3630 5221 eo
3674 5168 3792 5237 fons

2213 5282 2364 5338 aqua:
2394 5264 2633 5318 salientis
2671 5264 2724 5317 in
2768 5263 2932 5319 vitam
2978 5257 3418 5327 aeternam”;et:
3450 5258 3700 5313 Flumina
3729 5258 3793 5313 de

2214 5368 2387 5413 ventre
2406 5357 2520 5426 ejus
2549 5356 2948 5427 egrediantur"
2968 5394 2982 5408 .
3023 5352 3203 5409 Habes
3243 5353 3410 5422 igitur
3438 5351 3635 5404 ﬂuvios
3666 5368 3793 5405 san-

2214 5460 2333 5505 ctos
2374 5464 2404 5504 a
2432 5449 2635 5519 quibus
2677 5447 2867 5518 procul
2909 5454 2993 5502 est
3068 5450 3260 5509 draco.
3324 5442 3613 5509 Qumnodo
3648 5443 3790 5497 enim

3030 5583 3072 5614 ⁸³
3096 5582 3240 5638 Psal.
3293 5598 3369 5636 Ix.
3405 5580 3486 5634 l5.
3564 5576 3611 5609 “
3640 5575 3781 5631 Psal-

2628 5646 2800 5710 “lsa.
2844 5671 2992 5718 LXVI,
3029 5654 3110 5708 Η..
3185 5649 3414 5707 “'Joan.
3464 5665 3537 5716 tv,
3577 5647 3660 5715 l5,
3697 5646 3784 5703 ιι.
