4128 6480
504 350 606 406 787

1941 333 2027 389 EX
2067 324 2365 388 ORIGENE

3664 312 3775 370 768

505 471 600 524 dia:
619 479 666 523 et
694 486 854 538 genus
889 467 1080 530 David,
1125 467 1326 534 aperire
1349 463 1567 522 librum,
1599 471 1647 515 et
1675 460 1872 514 solvere
1905 461 2082 527 signa-
2112 459 2157 514 Δ
2185 465 2312 518 οριω
2343 445 2477 515 εἶπαι
2501 443 2698 538 θιῧυξθ
2736 447 2821 495 35"
2869 439 3051 507 ίίθίιυθ
3075 437 3266 538 jf’mf"
3299 443 3363 538 "At.
3392 448 3553 487 nemo
3587 434 3776 538 fidem:

511 565 632 620 cula
655 566 789 633 ejus.
817 564 880 618 Et
909 563 1120 635 aperuit
1149 560 1240 630 qui
1275 568 1394 614 erat
1419 558 1484 612 de
1520 559 1663 611 trihu
1692 555 1854 618 Juda,
1885 562 1938 608 et
1972 568 2088 606 ma-

510 656 788 712 nifestavit
833 671 954 725 quae
995 661 1151 709 erant
1206 653 1430 720 scripta.
1472 648 1724 715 Quandiu
1783 661 1891 700 non
1944 643 2090 699 venit

444 749 446 754 ’
514 748 651 802 Deus
689 762 861 809 meus,
885 746 1069 799 clausa
1101 751 1218 799 erat
1255 743 1361 804 lex,
1391 741 1613 795 clausus
1643 753 1825 792 sermo
1850 735 2087 805 prophe-

511 836 672 903 ticus,
708 837 882 890 velata
901 837 1064 891 lectio
1087 833 1300 889 Veteris
1325 830 1685 895 Testamenti,
1718 838 1773 901 et
1807 844 1974 898 usque
2019 827 2087 879 ad

512 929 646 982 hanc
683 930 823 983 diem
864 929 1074 998 quando
1124 927 1317 996 legitur
1351 923 1588 992 Moyses,
1639 921 1991 975 velamentum
2033 919 2091 971 in

511 1021 667 1074 corde
683 1019 993 1074 Iudaeorum
1019 1029 1095 1073 est
1126 1017 1356 1088 positum
1390 1017 1456 1068 ⁷⁸³.
1483 1013 1622 1067 Snnt
1655 1020 1833 1066 autem
1869 1009 2088 1079 quidam

431 1123 436 1192 ς
509 1111 604 1180 qui
633 1119 821 1164 amant
851 1111 1238 1172 velamentum,
1270 1116 1323 1161 et
1354 1106 1586 1159 oderunt
1619 1119 1714 1158 eos
1765 1103 1855 1170 qui
1885 1103 1950 1156 de
1997 1117 2089 1154 ve-

511 1199 712 1253 lamine
733 1199 1197 1266 interpretantur:
1233 1197 1324 1250 sed
1364 1210 1463 1248 nos
1490 1202 1874 1248 convertamur
1895 1191 1960 1244 ad
1986 1188 2092 1244 Do-

445 1309 450 1318 ι
511 1289 746 1354 minum,
783 1296 842 1342 nt
865 1288 1044 1342 ablato
1082 1287 1352 1341 Velamine
1373 1285 1622 1339 dicamus
1641 1283 1687 1315 ⁸⁰
1723 1301 1736 1337 :
1766 1281 1878 1336 Nos
1916 1292 2091 1334 autem

514 1398 692 1436 omnes
721 1381 946 1434 revelata
987 1380 1120 1448 [acie
1145 1379 1367 1448 gloriam
1389 1377 1482 1430 Dei
1508 1377 1862 1446 speculantes,
1881 1375 1935 1428 in
1952 1391 2091 1428 eam-

512 1471 630 1524 dem
657 1471 938 1540 imaginem
972 1469 1418 1538 transformamur
1465 1483 1497 1519 a
1538 1465 1711 1536 gloria
1757 1466 1812 1518 in
1839 1464 2086 1535 gloriam.

516 1565 716 1618 Verum
743 1571 826 1618 est
853 1563 1097 1633 quaedam
1153 1571 1304 1629 porta
1333 1600 1348 1624 ,
1405 1567 1458 1612 et
1491 1574 1597 1612 una
1630 1599 1644 1619 ,
1695 1566 1750 1611 et
1781 1557 1964 1612 clausa
1994 1573 2089 1627 per

514 1671 680 1724 quam
718 1669 880 1708 nemo
908 1653 1140 1706 transiit.
1179 1649 1539 1718 Suntquippe
1590 1649 1836 1717 quaedam
1873 1649 2090 1702 univero

516 1761 591 1799 sae
615 1753 880 1800 creaturae
916 1741 1212 1811 incognita,
1260 1749 1315 1794 et
1365 1740 1456 1792 uni
1509 1739 1886 1793 tantummodo
1937 1748 2085 1793 nota.

514 1833 701 1905 Neque
723 1835 866 1888 enim
903 1833 1164 1903 quidquid
1193 1831 1340 1886 novit
1365 1830 1555 1898 Filius,
1584 1833 1688 1884 hoc
1723 1831 1928 1886 mundo
1959 1846 2090 1900 ape—

516 1926 644 1980 ruit.
672 1923 789 1978 Non
813 1926 960 1994 capit
989 1936 1238 1979 creatura
1275 1925 1418 1994 quod
1463 1924 1607 1994 capit
1638 1923 1781 1978 Deus
1808 1941 1820 1977 :
1847 1932 1901 1977 et
1935 1931 1994 1978 ut
2023 1923 2091 1977 ad

515 2016 727 2086 majora
747 2016 985 2082 veniam,
1018 2032 1125 2070 non
1174 2016 1397 2085 capiunt
1429 2016 1583 2086 signa
1608 2015 1892 2085 aequaliter
1925 2013 2092 2086 5,06

516 2106 904 2177 cognitionem.
933 2105 1064 2161 Plus
1095 2117 1212 2160 erat
1236 2106 1286 2157 in
1316 2103 1486 2159 Paulo
1510 2120 1672 2175 quam
1699 2105 1752 2158 in
1776 2103 2088 2168 Timotheo,

516 2213 641 2252 cum
669 2206 814 2252 esset
835 2213 931 2252 vas
953 2197 1254 2253 electionis.
1282 2197 1347 2253 Et
1369 2213 1494 2252 vere
1530 2212 1788 2266 magunum
1837 2195 1889 2248 in
1928 2195 2091 2250 domo

519 2300 616 2339 vas
647 2283 990 2353 Timotheus,
1021 2302 1240 2341 rursum
1292 2287 1438 2357 capit
1458 2302 1580 2356 qua:
1609 2301 1709 2356 ego
1753 2300 1950 2354 capere
1981 2299 2090 2338 non

516 2391 763 2446 possum.
795 2375 860 2431 Et
890 2375 1216 2432 estforsitan
1243 2378 1438 2444 aliquis
1475 2378 1568 2448 qui
1601 2378 1764 2433 etiam
1791 2391 1878 2430 me
1911 2376 2092 2430 minus

518 2469 735 2538 capiat:
761 2478 887 2525 sunt
914 2471 1160 2540 quaedam
1191 2487 1313 2541 quae
1341 2472 1494 2527 solus
1516 2471 1769 2526 Christus
1800 2468 1944 2538 capit
1972 2509 1989 2535 ,
2039 2478 2095 2523 et

518 2561 725 2617 idcirco
757 2562 946 2616 clausa
971 2569 1055 2616 est
1077 2562 1248 2632 janua
1280 2564 1466 2633 templi
1491 2561 1608 2618 Dei.
1640 2561 1774 2629 Qua:
1819 2576 1903 2622 est
1945 2567 2090 2623 enim

518 2649 649 2718 ista,
681 2650 948 2706 obsecro?
977 2649 1228 2706 Exterior
1251 2668 1372 2722 qua:
1391 2661 1544 2706 extra
1571 2652 1880 2710 mundanas
1902 2671 2012 2723 res,
2040 2665 2094 2711 et

519 2742 890 2811 incorporeas,
924 2752 998 2810 et,
1029 2753 1088 2798 ut
1123 2744 1194 2798 ita
1223 2744 1424 2811 dicam,
1465 2744 1853 2804 immateriales
1898 2750 2093 2818 aperit.

516 2831 704 2902 Neque
721 2833 868 2888 enim
899 2833 1102 2890 frustra
1125 2836 1363 2905 positum
1391 2845 1496 2905 est,
1526 2839 1852 2895 exteriorem
1865 2840 2093 2910 januam

520 2940 736 2995 semper
755 2941 877 2982 esse
900 2927 1169 2982 clausam.
1199 2926 1333 2993 Quae
1366 2938 1451 2984 est
1480 2930 1583 2986 ista
1607 2931 1778 3001 janua
1810 2935 2098 2991 exterior?

521 3013 871 3071 Sanctorum.
928 3017 1110 3084 Quare
1163 3019 1395 3075 clausa?
1447 3019 1586 3087 Quia
1639 3021 1905 3079 Dominus
1953 3023 2094 3082 Deus

2192 553 2447 610 magnum
2472 535 2807 591 sacerdotem
2854 547 3047 602 panem
3087 528 3145 583 in
3179 526 3399 583 Sanctis
3450 535 3774 583 sanctorum

2188 629 2588 685 comedentem.

2259 737 2313 790 5.
2352 735 2432 790 Ad
2456 735 2569 789 haec
2595 743 2778 789 autem
2805 732 3085 803 probanda
3107 748 3229 802 quae
3256 731 3518 797 dicimus,
3545 731 3639 801 qui
3663 728 3772 784 Le-

2192 826 2414 881 viticum
2447 825 2578 896 legit
2603 825 2683 891 3',
2711 825 2894 879 ablato
2919 840 2985 879 ex
3021 825 3188 879 corde
3219 840 3320 880 suo
3348 825 3640 889 velamine,
3671 839 3772 894 po-

2191 919 2321 973 terit
2354 932 2650 989 agnoscere
2675 916 2993 988 mysterium
3045 916 3414 971 sacerdotum.
3461 914 3538 971 l'hi
3567 917 3773 986 quippe

2191 1010 2259 1065 de
2288 1008 2574 1064 sacriliciis
2610 1017 2664 1063 et
2687 1007 2794 1062 cibi
2824 1021 2965 1076 quos
2987 1009 3088 1061 soli
3120 1008 3434 1063 sacerdotes
3451 1007 3771 1072 comedunt,

2193 1101 2445 1158 refertur.
2478 1102 2618 1156 Sunt
2663 1102 2883 1171 quidam
2923 1100 3029 1156 eihi
3060 1102 3451 1166 sacerdotales,
3483 1117 3623 1172 quos
3655 1117 3769 1156 non

2193 1194 2426 1250 comedit
2460 1193 2716 1248 sacerdos
2743 1195 2795 1247 in
2823 1195 2985 1249 domo
3016 1209 3138 1256 sua.
3177 1210 3285 1248 non
3307 1210 3430 1249 cum
3463 1195 3609 1262 ﬁliis,
3637 1195 3768 1250 licet

2194 1287 2557 1342 sacerdotales
2582 1287 2710 1352 sint,
2747 1301 2856 1341 non
2889 1301 3015 1341 cum
3040 1301 3231 1350 uxore,
3260 1287 3385 1342 licet
3434 1287 3672 1356 legitime
3716 1287 3767 1341 ei

2194 1379 2458 1448 nupserit,
2485 1378 2579 1434 sed
2620 1379 2672 1431 in
2700 1378 2820 1432 loco
2856 1386 3046 1433 sancto
3075 1377 3312 1433 comedit
3342 1394 3438 1433 eos
3458 1418 3473 1442 ,
3506 1386 3560 1432 et
3587 1393 3772 1433 come-

2193 1471 2272 1525 di‘t
2301 1471 2374 1525 ihi
2400 1486 2581 1526 escam
2608 1469 2660 1524 in
2691 1468 2886 1524 Sancta
2919 1477 3255 1524 sanctorum.
3280 1468 3566 1536 Quomodo
3590 1485 3770 1524 sacer-

2195 1565 2294 1619 dos
2325 1579 2431 1618 non
2463 1563 2700 1618 comedit
2731 1579 2913 1618 escam
2947 1563 3000 1616 in
3037 1563 3202 1617 domo
3234 1578 3358 1627 sua,
3402 1570 3499 1615 aut
3551 1562 3605 1615 in
3655 1561 3764 1615 alio
3797 1591 3806 1622 ν,

2181 1657 2469 1744 ξίιυοῳιειηι
2501 1653 2642 1719 loco,
2681 1653 2775 1708 sed
2806 1653 2858 1722 in
2884 1651 3099 1707 Sanctis
3126 1661 3472 1716 sanctorum;
3518 1652 3599 1707 sic
3649 1652 3766 1704 Sal-
3802 1701 3807 1708 .

2171 1729 2351 1818 g‘vator
2368 1759 2524 1799 meus
2550 1745 2702 1799 solus
2720 1744 2958 1799 comedit
2975 1758 3188 1813 panem,
3209 1743 3356 1796 nullo
3382 1741 3588 1795 valente
3613 1757 3733 1796 com
3750 1771 3764 1781 -
3805 1729 3814 1800 Ῐ

2163 1837 2354 1896 sedere
2399 1852 2520 1892 cum
2571 1851 2656 1891 eo.
2693 1835 2791 1891 Est
2828 1843 3011 1890 autem
3057 1835 3277 1904 quidam
3315 1833 3504 1897 locus,
3545 1835 3600 1887 in
3657 1848 3770 1902 quo

2193 1929 2502 1994 comedens,
2524 1937 2679 1983 etme
2703 1942 2888 1983 secum
2912 1927 3136 1981 attrahit
3163 1926 3228 1980 ad
3253 1925 3601 1982 vescendum.
3637 1923 3771 1979 Ecce

2194 2019 2362 2085 enim,
2391 2020 2569 2090 inquit
2582 2019 2650 2086 ⁸³,
2675 2021 2745 2074 ad
2767 2021 2962 2074 ostium
2993 2029 3098 2087 sto,
3133 2029 3184 2074 et
3215 2019 3368 2090 pulso
3386 2035 3405 2084 ;
3432 2018 3614 2085 siquis
3638 2017 3768 2070 mihi

2193 2113 2480 2180 aperuerit,
2504 2113 2771 2182 ingrediar
2793 2115 2862 2166 ad
2891 2129 3031 2178 eum,
3054 2121 3104 2165 et
3116 2112 3326 2165 caenabo
3349 2127 3467 2164 cum
3491 2125 3572 2173 eo,
3598 2119 3644 2163 et
3665 2109 3772 2177 ipse

2198 2219 2418 2258 mecum.
2447 2201 2525 2257 Ex
2547 2217 2659 2274 quo
2689 2211 2930 2272 apparet,
2949 2210 3004 2256 et
3033 2202 3198 2256 alium
3217 2216 3379 2271 posse
3399 2213 3615 2255 ρωποι-θ
3643 2213 3770 2254 cum

2197 2315 2281 2356 eo.
2315 2298 2489 2356 Porro
2521 2299 2769 2368 quaedam
2799 2312 2926 2354 esca
2956 2307 3062 2362 est,
3081 2313 3184 2368 qua
3205 2297 3363 2352 solus
3389 2293 3772 2351 tantummodo

2201 2393 2462 2448 vescitur.
2493 2390 2778 2447 Excellens
2805 2389 3006 2461 quippe
3040 2390 3110 2445 ab
3141 2390 3394 2444 universa
3456 2388 3774 2443 conditione

2202 2490 2396 2534 natura
2428 2478 2570 2548 ejus,
2594 2490 2648 2534 et
2689 2478 2758 2533 ab
2793 2477 3050 2534 omnibus
3097 2486 3418 2548 segregata,
3466 2477 3594 2532 facit
3641 2494 3769 2534 eum

2197 2569 2576 2639 quotidianum
2632 2584 2828 2640 panem
2868 2569 2936 2625 de
2989 2568 3169 2624 Patris
3211 2577 3404 2624 natura
3459 2570 3766 2626 comedere.

2199 2662 2592 2733 Unusquisque
2621 2673 2868 2718 nostrum
2895 2662 3030 2733 petit
3055 2675 3248 2731 panem
3269 2663 3668 2732 quotidianum,
3715 2673 3771 2719 et

2198 2766 2387 2826 petens
2407 2754 2783 2823 quotidianum
2809 2769 3024 2825 panem,
3057 2769 3166 2810 non
3191 2755 3468 2818 eumdem,
3499 2771 3599 2810 nec
3620 2755 3772 2824 ejus-

2195 2847 2316 2902 dem
2347 2861 2618 2902 mensura:
2643 2861 2768 2901 eum
2795 2846 3013 2917 accipit,
3040 2864 3228 2903 verum
3267 2862 3481 2916 semper
3534 2847 3588 2901 in
3639 2863 3766 2902 ora-

2197 2938 2438 2994 tionibus
2465 2937 2636 3008 puris,
2670 2948 2723 2994 et
2766 2941 2967 2995 munda
3001 2941 3357 3008 conscientia,
3389 2940 3443 2995 in
3487 2939 3646 2996 factis
3679 2939 3769 3010 ju—

2199 3031 2380 3098 stitiae,
2399 3032 2777 3102 quotidianum
2809 3033 3147 3089 comedimus
3162 3049 3380 3104 panem.
3412 3032 3471 3088 Si
3493 3034 3618 3104 quis
3641 3048 3769 3088 vero

522 3103 686 3196 “me!
719 3107 867 3162 ⁵⁰¹¹¹⁵
891 3108 1212 3178 “greditur,
1238 3119 1292 3164 εί
1318 3113 1593 3183 θετθιίίῑυτ
1621 3129 1719 3183 Per
1740 3130 1882 3171 eam-
1912 3116 2095 3183 Quare
2123 3119 2168 3181 C
2198 3125 2381 3178 minus
2401 3140 2571 3194 purus
2598 3132 2702 3190 est,
2749 3124 2857 3178 alio
2889 3126 3051 3179 modo
3102 3103 3480 3196 quotidianum
3513 3103 3770 3182 comedit

527 3193 963 3265 ingreditur?Ut
985 3209 1370 3270 cognoscatur.
1401 3201 1448 3256 Α
1486 3205 1632 3273 quo?
1682 3204 1727 3258 A
1760 3205 1920 3262 duce.
1953 3209 2090 3274 Quis

521 3287 587 3340 ad
612 3287 854 3343 clausam
899 3301 1112 3359 portam
1143 3292 1250 3346 dux
1283 3293 1419 3349 iste?
1453 3293 1702 3352 Salvator
1729 3307 1834 3364 est,
1866 3300 1960 3369 qui
1995 3316 2092 3370 pa-

523 3390 646 3430 nem
680 3380 936 3444 comedit,
960 3380 1054 3450 qui
1090 3391 1302 3451 portam
1335 3399 1461 3439 cum
1507 3395 1662 3457 patre
1703 3389 1950 3454 claudit,
1999 3390 2093 3461 qui

523 3466 755 3535 spiritali
784 3471 1026 3540 pascitur
1048 3473 1194 3540 cibo,
1229 3490 1376 3530 meus
1399 3475 1546 3531 cibus
1572 3487 1672 3546 est,
1700 3479 1891 3536 dicens
1921 3480 1965 3513 ⁸¹
1987 3521 2002 3546 ,
2036 3491 2094 3534 ut

525 3559 725 3627 faciam
759 3563 1081 3621 voluntatem
1101 3566 1215 3636 ejus
1243 3569 1334 3638 qui
1361 3569 1510 3624 misit
1531 3586 1610 3624 me
1637 3611 1653 3638 ,
1705 3581 1764 3626 ut
1819 3573 2094 3642 perﬁciam

522 3771 2890 3814 W

2199 3229 2414 3283 panem.
2445 3213 2708 3268 Dominus
2725 3224 2929 3279 autem,
2954 3214 3046 3282 qui
3073 3215 3317 3270 omnium
3343 3214 3507 3284 judex
3541 3224 3645 3270 est.
3682 3214 3773 3266 det

2199 3304 2357 3359 nobis
2399 3320 2590 3373 panem
2615 3304 2906 3368 viventem,
2946 3313 3005 3358 nt
3046 3305 3208 3359 cibati
3233 3321 3320 3371 eo,
3349 3313 3402 3359 et
3429 3305 3770 3360 corroborati

2201 3394 2476 3464 possimus
2506 3396 2559 3448 in
2587 3395 2785 3450 coelum
2817 3395 2918 3449 iter
2941 3393 3118 3449 facere
3140 3435 3155 3459 ,
3203 3395 3570 3464 gloriﬁcantes
3600 3393 3768 3447 Deum

2200 3482 2648 3552 onmipotentem,
2676 3499 2770 3550 per
2803 3483 3076 3538 Christum
3104 3482 3286 3539 Jesum
3318 3499 3333 3536 :
3373 3482 3461 3537 cui
3486 3491 3569 3537 est
3600 3481 3766 3554 gloria

2197 3581 2254 3629 et
2278 3572 2561 3642 imperium
2590 3572 2642 3626 in
2667 3573 2865 3628 saecula
2889 3573 3239 3628 saeculorum.
3260 3573 3451 3627 Amen.

1314 3997 1542 4121 EK
1631 3993 1969 4122 ΤΩΝ
2045 3988 2990 4124 ΩΡΙΓΕΝΟΥΣ

1352 4251 1844 4340 ΕΚΛΟΓΑΙ
1895 4255 2068 4341 ΕΙΣ
2118 4257 2344 4343 TON
2409 4253 2965 4343 IEZEKIHA.

922 4605 1086 4695 EX
1154 4603 1692 4699 ORIGENE
1785 4606 2307 4699 SELECTA
2382 4606 2506 4696 IN
2587 4599 3393 4694 EZECHIELEM.

1183 4913 1338 4971 CAP.
1367 4914 1407 4969 Ι.

1183 4918 1338 4971 CAP.
1367 4918 1407 4969 Ι.
2121 4918 2166 4973 D

593 5006 664 5063 Et
690 5005 893 5076 factum
921 5014 1000 5062 est
1026 5007 1080 5061 in
1102 5005 1368 5063 tricesimo
1388 5026 1549 5076 anno,
1586 5009 1643 5064 in
1661 5020 1856 5080 quarto
1894 5025 2086 5072 mense,

2849 4905 3004 4958 ΚΕΦ.
3036 4905 3114 4957 Α’.

2263 5003 2375 5057 Καὶ
2417 5000 2654 5070 ἐγένετο
2684 4999 2755 5052 ἐν
2787 4997 2866 5064 τῷ
2912 4993 3240 5066 τριακοστῷ
3273 4993 3417 5058 ἔτει,
3458 4992 3528 5047 ἐν
3569 4993 3648 5060 τῷ
3680 5009 3772 5046 τε-

518 5105 706 5175 φιίηια
737 5101 966 5165 mensis;
997 5111 1045 5155 et
1073 5117 1166 5171 ego
1190 5117 1334 5156 eram
1358 5103 1415 5156 in
1450 5103 1622 5157 medio
1657 5103 1983 5171 captivitatis
2007 5119 2095 5156 su-

519 5208 611 5261 per
637 5191 855 5248 ﬂuvium
879 5189 1120 5256 Chobar,
1156 5201 1205 5244 et
1254 5193 1422 5259 aperti
1453 5200 1575 5246 sunt
1599 5192 1714 5245 coeli
1739 5191 1807 5245 ⁸⁸.
1843 5190 2090 5246 Ezechiel

523 5287 574 5338 in
613 5283 800 5338 multis
833 5281 1038 5336 Christi
1063 5290 1244 5352 typum
1285 5284 1442 5352 gerit,
1481 5283 1708 5354 ejusque
1740 5283 1814 5335 rei
1841 5281 2091 5337 conside-

524 5377 790 5430 rationem
815 5374 882 5428 ab
910 5375 1028 5443 ipso
1079 5376 1376 5443 pr0phetiae
1421 5375 1649 5430 exordio
1696 5373 2089 5442 auspicaberis.

526 5465 752 5520 Factum
781 5480 858 5518 est
887 5465 941 5518 in
971 5466 1232 5519 tricesimo
1285 5481 1422 5518 anno
1449 5504 1464 5528 ,
1521 5465 1576 5517 in
1626 5474 1817 5535 quarto
1878 5481 2051 5517 mense
2075 5505 2090 5528 ,

526 5558 706 5626 quinta
737 5559 965 5622 mensis;
993 5566 1042 5610 et
1072 5573 1164 5628 ego
1189 5572 1335 5611 eram
1364 5555 1418 5608 in
1445 5556 1614 5609 medio
1646 5555 1970 5624 captivitatis
2005 5569 2095 5608 su-

600 5759 711 5814 "ll
741 5759 866 5814 Cor.
903 5762 1097 5830 111,15.
1177 5763 1222 5796 ⁸⁰
1263 5762 1398 5819 ibid.
1463 5763 1544 5818 l8.
1625 5762 1666 5796 "
1698 5761 1852 5818 Joan.
1896 5779 1969 5827 xv,
2021 5761 2111 5815 54.

2194 5759 2231 5791 δ’
2267 5757 2437 5815 Levit.
2501 5773 2595 5813 vn.

2193 5096 2384 5164 τάρτῳ
2405 5093 2576 5165 μηνὶ,
2602 5091 2838 5162 πέμπτῃ
2868 5089 2974 5143 τοῦ
2997 5087 3210 5158 μηνὸς,
3245 5085 3343 5140 καὶ
3364 5084 3480 5155 ἐγὼ
3513 5083 3676 5154 ἤμην
3699 5085 3770 5138 ἐν

2192 5188 2360 5259 μέσῳ
2412 5186 2524 5254 τῆς
2573 5183 2987 5254 αἰχμαλωσίας
3035 5179 3133 5232 ἐπὶ
3186 5177 3291 5232 τοῦ
3342 5176 3608 5247 ποταμοῦ
3666 5177 3772 5230 τοῦ

2198 5278 2421 5348 Χοϐἀρ·
2469 5276 2568 5332 καὶ
2612 5276 2990 5344 ἠνοίχθησαν
3019 5274 3073 5326 οἱ
3107 5269 3370 5339 οὐρανοί.
3421 5269 3480 5322 '0
3516 5261 3774 5338 Ίεζεκιὴλ

2197 5369 2364 5423 τύπον
2422 5368 2575 5439 φέρει
2631 5364 2725 5419 τοῦ
2762 5363 3012 5436 ’Χριστοῦ
3079 5359 3220 5413 κατὰ
3265 5355 3455 5419 πολλὰ,
3513 5355 3608 5408 καὶ
3637 5354 3774 5426 ἄρξῃ

2199 5459 2424 5528 θεωρεῖν
2470 5457 2629 5511 τοῦτο
2673 5460 2730 5509 ἐν
2762 5457 2874 5519 τοῖς
2907 5452 3215 5526 προοιμίοις
3250 5449 3347 5520 τῆς
3399 5447 3733 5520 προφητείας
3756 5482 3774 5500 .

2213 5551 2480 5619 Ἐγένετο
2511 5551 2580 5604 ἐν
2628 5548 2707 5615 τῷ
2754 5545 3084 5616 τριακοστῷ
3128 5545 3266 5609 ἑτει,
3323 5545 3578 5610 τετάρτῳ
3601 5538 3772 5610 μηνὶ,

2690 5756 2735 5786 ⁸³
2779 5754 2949 5824 Apoc.
2977 5768 3060 5819 ιιι,
3088 5750 3178 5805 ιο.
3257 5744 3515 5802 "lazech.
3548 5761 3586 5810 ι,
3617 5743 3670 5798 1.
