4128 6426
321 412 430 470 769

1533 395 1844 454 SELECTA
1875 392 1941 449 IN
1977 392 2440 449 EZECHIELEM.

3487 388 3589 446 77b

323 537 562 605 πέμπτῃ
609 529 716 584 τοῦ
745 527 966 598 μηνός,
1013 525 1194 594 κάγὼ,
1229 522 1416 595 φησὶν,
1450 519 1614 590 ἤμην
1642 520 1714 574 ἐν
1740 518 1908 589 μέσῳ

2023 532 2099 569 rer
2127 516 2343 584 ﬂuvium
2371 512 2620 576 Chobar;
2650 521 2700 566 et
2723 513 2893 581 aperti
2915 522 3036 566 sunt
3069 511 3205 566 caeli.
3241 512 3436 568 Eadem
3469 531 3585 585 ipsa

329 624 738 695 αὶχμαλωσίας
757 621 854 673 ἐπὶ
873 619 1139 688 ποταμοῦ
1157 616 1346 686 Χοϐάρ
1368 635 1381 648 ·
1418 617 1517 670 καὶ
1533 615 1910 683 ἠνοίχθησαν

323 720 380 772 οἱ
396 715 659 784 οὐρανοί.
681 711 866 766 Ταῦτα
897 711 994 765 καὶ
1022 709 1263 781 περὶτοῦ
1295 707 1532 780 Χριστοῦ
1565 706 1874 776 γέγραπται
1893 742 1909 767 ,

323 809 416 863 ὅτε
445 804 512 879 ἦν
542 809 600 859 tv
628 805 705 876 τῷ
730 805 919 876 κόσμῳ
943 803 1140 874 τούτῳ,
1185 804 1244 855 ὲν
1271 804 1336 872 τῇ
1371 796 1720 870 αἰχμαλωσίᾳ
1738 795 1912 866 ταύτῃ

324 900 421 954 ἐπὶ
448 898 542 952 τοῦ
576 899 861 970 Ἰορδάνου,
891 897 980 949 ὅτε
1021 894 1261 961 Ἰησοῦς
1287 889 1367 964 ἦν
1401 892 1734 961 ἀρχόμενος
1769 888 1914 943 ὡσεὶ

323 992 481 1047 ἐτῶν
498 989 834 1059 τριάκοντα,
858 989 952 1042 καὶ
970 989 1058 1042 ὅτε
1083 986 1407 1058 ἠνοίχθησαν
1425 983 1573 1054 αύτῷ
1598 983 1648 1036 οἱ
1674 981 1909 1053 οὐρανοί.

327 1085 410 1138 Τά
454 1084 510 1136 δὲ
543 1083 837 1154 τριάκοντα
879 1079 972 1151 ἔτη
1016 1079 1086 1132 τὰ
1120 1080 1178 1132 ὲν
1224 1082 1290 1150 τῇ
1340 1077 1646 1149 προφητείᾳ
1683 1073 1826 1128 κατά
1855 1073 1916 1126 τὸ

325 1176 586 1247 αἰσθητόν
616 1178 764 1228 ἐστιν
788 1176 816 1226 ὀ
843 1174 1032 1246 χρόνος
1061 1172 1162 1242 τῆς
1188 1171 1335 1241 ζωῆς
1360 1169 1454 1222 τοῦ
1477 1171 1754 1241 προφήτου
1775 1183 1788 1197 ⁸
1816 1167 1915 1237 τῆς

325 1273 387 1326 δὲ
417 1271 793 1343 αἰχμαλωσίας
823 1268 915 1337 ἀφ’
933 1259 992 1320 οῦ
1013 1263 1280 1334 κατῆλθον
1305 1263 1556 1333 πέμπτον
1579 1259 1715 1323 ἔτος.
1754 1256 1915 1310 Ἀλλὰ

335 1366 432 1436 μὲν
479 1364 620 1417 κατὰ
658 1363 757 1433 τὴν
807 1357 1180 1432 προσηγορίαν
1224 1355 1319 1409 καὶ
1361 1353 1628 1424 σύμϐολον
1670 1351 1782 1422 ἔχει
1819 1347 1914 1403 τοῦ

327 1457 569 1528 Χριστοῦ
629 1443 924 1524 ’1εζεκιὴλ,
987 1449 1046 1513 ὃς
1100 1445 1462 1518 ἑρμηνεύεται
1509 1444 1710 1515 κράτος
1754 1439 1912 1494 Θεοῦ.

330 1549 442 1603 Καὶ
481 1546 541 1600 τὸ
562 1589 578 1614 ,
620 1545 713 1600 υἱὲ
742 1542 1075 1612 ἀνθρώπου,
1121 1542 1200 1602 είς
1237 1537 1527 1608 ἀναγωγὴν
1563 1535 1658 1589 τοῦ
1695 1549 1916 1606 χρημα-

330 1639 578 1703 τίσαντος
605 1637 740 1692 υἱοῦ
767 1633 1103 1703 ἀνθρώπου.

403 1729 567 1800 ΔἘγὼ
601 1728 764 1797 ἥμην
799 1727 868 1779 ἐν
894 1723 1064 1794 μέσῳ
1092 1721 1200 1789 τῆς
1247 1717 1684 1787 αίχμαλωσίοςο
1721 1715 1778 1768 '0
1818 1713 1917 1785 μὲν

333 1820 458 1885 νοῦς
484 1824 628 1874 ἐστιν
653 1820 711 1872 ὃν
743 1819 856 1888 ἔχει
886 1817 946 1869 τὸ
980 1813 1143 1886 ῥητόν
1164 1829 1178 1844 ·
1215 1811 1348 1864 αὐτὸ
1371 1809 1427 1863 δὲ
1446 1808 1616 1878 ψιλῶς
1646 1809 1706 1862 οὗ
1773 1807 1915 1862 οἱον-

2010 606 2078 660 de
2127 604 2252 660 Jrsn
2313 606 2511 674 scripta
2570 612 2732 669 sunt,
2798 603 2978 673 ipsum
3049 621 3244 674 nempe
3309 604 3478 661 fuisse
3530 608 3585 663 in

2012 698 2217 753 mundo
2266 698 2369 752 hoc
2393 739 2408 763 ,
2462 698 2517 751 in
2562 697 2666 751 hac
2705 695 3019 765 captivitate
3044 712 3210 766 super
3241 695 3534 752 .lordanem
3575 747 3589 769 ,

2011 791 2233 860 quando
2261 789 2420 844 Iesus
2444 798 2557 843 erat
2590 789 2845 857 incipiens
2873 789 3026 857 quasi
3052 806 3311 843 annorum
3340 793 3588 862 triginta,

2011 889 2066 935 et
2088 879 2309 950 quando
2339 881 2509 946 aperti
2534 890 2656 935 sunt
2685 881 2734 933 ei
2759 880 2874 933 coeli
2896 880 2964 934 ⁸⁵.
2991 879 3093 946 Qui
3121 889 3302 934 autem
3330 881 3458 935 anni
3490 881 3590 934 tri-

2012 971 2158 1040 ginta
2218 971 2270 1025 in
2321 971 2603 1040 prophetia
2649 970 2922 1026 habentur
2951 1012 2966 1035 ,
2995 973 3061 1026 ad
3099 973 3332 1027 litteram
3373 981 3590 1042 tempus

2014 1071 2141 1115 sunt
2172 1076 2280 1131 quo
2312 1063 2571 1131 propheta
2607 1062 2660 1115 in
2697 1061 2952 1119 humanis
2982 1063 3178 1130 fuerat,
3217 1075 3270 1118 et
3299 1079 3328 1118 a
3369 1064 3592 1135 captivi-

2017 1161 2144 1215 tate,
2183 1166 2289 1218 qua
2341 1151 2634 1220 reliquerat
2686 1151 2941 1219 patriam,
2970 1167 3148 1205 annus
3181 1151 3424 1220 quintus.
3445 1149 3587 1217 Quin

2015 1250 2067 1294 et
2102 1239 2400 1293 secundum
2443 1240 2680 1295 nominis
2711 1241 3093 1314 etymologiam
3123 1240 3326 1295 Christi
3358 1243 3588 1312 liguram

2015 1327 2232 1397 praefert
2261 1328 2548 1396 Ezechiel,
2583 1332 2678 1400 qui
2733 1333 3122 1403 interpretatur
3154 1332 3414 1402 fortitudo
3469 1333 3587 1390 Dei.

2016 1418 2170 1484 Quod
2195 1422 2324 1474 item
2359 1421 2407 1475 ei
2462 1422 2661 1476 dicitur
2698 1442 2712 1478 :
2753 1422 2866 1477 Fili
2909 1425 3137 1479 hominis
3165 1467 3180 1492 ,
3238 1425 3304 1480 ad
3340 1425 3588 1479 altiorem

2018 1525 2240 1565 sensum
2261 1510 2601 1566 referendum
2626 1522 2728 1579 est,
2752 1524 2812 1569 ut
2839 1515 2926 1569 ille
2949 1516 3288 1587 signiﬁcetur
3303 1516 3397 1587 qui
3421 1531 3589 1572 voca-

2019 1611 2106 1657 tus
2128 1613 2213 1657 cst
2241 1602 2389 1672 ﬁlius
2411 1603 2656 1657 hominis.

2089 1698 2249 1770 407
2280 1698 2393 1770 Ego
2414 1715 2558 1752 eram
2593 1698 2646 1751 in
2671 1697 2840 1752 medio
2877 1699 3222 1767 captivitatis.
3252 1699 3586 1771 Estquidcm

2021 1790 2136 1860 ipse
2166 1805 2362 1845 sensus
2383 1805 2545 1860 quem
2575 1787 2794 1858 praefert
2821 1787 3000 1842 littera
3038 1806 3052 1842 :
3091 1790 3183 1844 sed
3229 1805 3332 1842 non
3377 1791 3590 1859 simpli-

673 1871 830 1978 Ἐγῶ,
857 1910 884 1960 ὁ
919 1871 1080 1978 μηδέν
1104 1871 1478 1974 αἰχμαλωσίας
1493 1900 1650 1970 ἔχων,
1673 1901 1732 1953 ἐν
1767 1898 1915 1970 μέσῳ

2023 1885 2152 1938 eiter
2172 1898 2238 1938 ae
2269 1881 2412 1936 nude
2439 1899 2454 1948 ;
2490 1880 2649 1952 quasi
2681 1880 2826 1934 dicat
2855 1898 2868 1934 :
2899 1878 3013 1950 Ego
3050 1880 3138 1934 cui
3187 1880 3321 1934 nihil
3364 1882 3593 1950 captivi-

336 2001 712 2074 αἰχμαλωσίας
743 2001 891 2070 ἥμην
921 1998 986 2050 δι’
1023 1994 1354 2065 οἰκονομίαν.
1391 1991 1548 2045 Οὕτω
1583 1984 1680 2044 καὶ
1720 1991 1749 2044 ὀ
1776 1989 1913 2062 Χρι-

340 2095 465 2156 στὸς
501 2093 602 2144 οὐκ
630 2087 1086 2160 αἰχμαλωτισθεὶς
1117 2082 1184 2159 ἦν
1209 2086 1267 2138 tv
1296 2084 1374 2156 τῷ
1404 2082 1555 2153 τόπῳ
1574 2082 1682 2136 τῶν
1714 2083 1916 2152 αἰχμα-

340 2181 548 2244 λώτων,
577 2179 714 2233 ἀλλά
737 2178 1056 2250 λυτρὼσεως
1081 2175 1262 2230 αὐτῶν
1281 2174 1440 2246 χάριν
1458 2189 1472 2204 ·
1503 2173 1579 2235 ὡς
1613 2171 1705 2227 καὶ
1735 2172 1764 2224 ὁ
1783 2188 1917 2244 προ-

343 2275 517 2346 φήτης
544 2273 603 2327 οὐ
635 2273 702 2326 δι’
731 2269 1005 2343 ἁμαρτίας
1031 2264 1099 2341 ἦν
1125 2269 1184 2321 tv
1214 2267 1366 2340 μέσῳ
1394 2264 1494 2336 τῆς
1519 2263 1914 2334 αἰχμαλωσίας,

339 2363 455 2418 ἀλλ’
493 2361 750 2433 ἰατρείας.

411 2546 519 2603 Kal
571 2541 735 2601 εἶδον
765 2545 1007 2614 ὁράσεις
1055 2542 1223 2598 Θεοῦ.
1279 2541 1338 2596 Ὁ
1372 2539 1506 2603 Θεὸς
1539 2538 1639 2610 τὴν
1687 2538 1918 2609 ἀόρατον

341 2639 435 2694 καὶ
478 2639 671 2711 νοητὴν
726 2637 888 2707 φύσιν
919 2637 978 2690 tv
1019 2637 1086 2707 τῇ
1120 2636 1288 2706 ὁρατῇ
1333 2632 1429 2686 καὶ
1473 2630 1704 2702 αισθητῇ
1761 2626 1920 2698 φύσει

342 2730 754 2803 ὲξωγράφησεν,
795 2728 862 2781 ἵν’
902 2729 952 2780 οἱ
994 2727 1100 2780 ὑπὸ
1141 2724 1391 2798 αἴσθησιν
1433 2721 1816 2794 γυμνασθῶσιν
1863 2721 1921 2773 tv

343 2825 481 2896 αὐτῇ
513 2825 593 2887 είς
623 2821 856 2892 θεωρίαν
880 2820 979 2890 τῆς
1009 2818 1224 2889 νοητῆς.

415 2919 525 2974 Καὶ
555 2915 791 2986 ἐγένετο
819 2913 1002 2980 λόγος
1035 2910 1258 2978 Κυρίου
1300 2908 1448 2976 πρὸς
1499 2898 1785 2972 Ἰεζεκιήλ.
1819 2903 1922 2957 Λό-

351 3023 438 3075 γος
462 3009 490 3060 ὁ
517 3007 576 3059 ὲν
612 3006 777 3075 ἀρχῇ,
805 3002 940 3056 Θεοῦ
965 3002 1156 3070 Λόγος.
1210 2998 1356 3068 Ἐγὼ
1382 2997 1583 3052 aliter
1623 2995 1756 3051 Θεοί
1781 2995 1922 3049 ἐστε

346 3098 443 3151 καί
478 3095 594 3151 vlol
637 3096 919 3163 Ὑψίστου
952 3093 1192 3157 πάντες.
1222 3089 1296 3143 Τὸ
1327 3088 1551 3160 Πνεῦμα
1580 3087 1727 3156 λέγει
1765 3087 1920 3148 θεοὺς

347 3189 484 3261 πρὸς
513 3187 606 3251 οὒς
643 3189 671 3241 ὀ
712 3186 884 3254 Λόγος
913 3183 1006 3237 τοῦ
1036 3182 1170 3237 Θεοῦ
1200 3181 1443 3250 ἐγένετο,
1489 3181 1517 3233 ὁ
1548 3178 1679 3242 Θεὸς
1709 3178 1882 3247 Λόγος
1901 3192 1916 3207 ο
1946 3220 1988 3278 C

346 3274 500 3343 οὗτος
525 3278 633 3350 γὰρ
667 3276 909 3340 θεοποιός
949 3277 1086 3329 ἐστι.

427 3461 530 3514 Ἐν
573 3458 651 3529 γῇ
696 3457 1026 3512 Χαλδαίων.
1078 3457 1340 3522 Χαλδαῖος
1384 3453 1744 3526 ἑρμηνεύεται
1801 3450 1921 3519 πᾶς

338 3551 550 3620 πόνος.
601 3543 760 3605 Οὗτοι
795 3550 852 3603 δέ
893 3551 1029 3604 εἰσιν
1071 3548 1388 3621 ἀστρολόγοι
1429 3547 1528 3618 τὴν
1579 3544 1922 3616 εἱμαρμένην

344 3645 610 3714 λέγοντες,
639 3644 732 3697 καὶ
769 3641 906 3705 ὅλως
928 3644 1041 3705 τοῖς
1065 3640 1341 3712 αίσθητοῐς
1377 3635 1804 3708 προσηλωμένοι,
1830 3633 1924 3687 καὶ

346 3740 403 3790 tv
427 3737 610 3799 αὐτοῖς
639 3733 1073 3804 διαπονούμενοι,
1104 3729 1475 3791 θεοποιοῦντες
1493 3726 1634 3780 αὐτά
1652 3742 1664 3756 ·
1702 3725 1779 3795 Γῆ
1807 3726 1924 3777 ἐστι

346 3827 628 3881 Χαλδαίων
662 3829 692 3880 ὁ
719 3825 886 3888 τόπος
921 3825 1016 3878 καὶ
1058 3825 1092 3894 ή
1132 3821 1245 3886 ἕξις
1286 3822 1320 3891 ή
1361 3819 1628 3890 χειρίστη.
1663 3814 1772 3868 Nai.
1819 3813 1924 3885 μὴν

347 3921 442 3978 καὶ
473 3920 581 3975 τῶν
619 3923 678 3974 ὲν
715 3917 940 3987 ἀσεϐείᾳ
976 3911 1340 3987 ὑπερηφανῶν
1362 3910 1545 3982 ἔχουσι
1578 3905 1844 3978 σύμϐολον
1874 3905 1925 3958 oi

345 4012 626 4066 Χαλδαῖοι.

419 4105 527 4160 Kal
569 4102 698 4157 ἰδοὺ
725 4101 960 4172 πνεῦμα
985 4097 1243 4166 ἐξαῒρον.
1287 4094 1512 4166 Πνεῦμα
1536 4090 1752 4163 ὲξαῖρόν
1779 4092 1927 4144 ἔστιν

343 4195 372 4246 ὀ
408 4193 539 4255 Θεός
561 4209 575 4223 ο
621 4189 838 4262 πνεῦμα
867 4189 974 4263 γὰρ
993 4189 1022 4240 ὀ
1053 4187 1205 4250 Θεὸς,
1242 4186 1460 4257 ὲξαῖρον
1490 4183 1548 4236 δὲ
1586 4182 1686 4253 τὴν
1708 4178 1923 4234 κακίαν.

419 4282 528 4336 Kal
571 4281 796 4351 νεφέλη
827 4276 1082 4350 μεγάλη.
1135 4275 1283 4345 Αὐτὴ
1324 4276 1357 4345 ή
1394 4272 1591 4342 νεφέλη
1643 4272 1676 4341 ή
1725 4270 1927 4323 δικαιο-

353 4373 508 4446 σύνη,
529 4373 591 4426 τὸ
621 4371 826 4441 ἀγαθὸν
851 4370 912 4424 τὸ
931 4372 996 4423 ὲκ
1027 4367 1122 4421 τοῦ
1146 4364 1284 4419 Θεοῦ
1315 4364 1501 4434 διῆκον
1528 4363 1606 4425 είς
1633 4361 1802 4431 ἡμᾶς,
1834 4359 1927 4428 ἀφ’

348 4461 413 4521 οὗ
442 4463 787 4536 φωτιζόμεθα
805 4461 906 4534 τὴν
931 4460 1132 4530 γνῶσιν
1153 4458 1250 4529 τῆς
1271 4454 1548 4526 ἀληθείας.
1577 4451 1688 4506 Καὶ
1713 4449 1931 4521 φέγγος

349 4557 462 4628 γὰρ
485 4556 582 4612 καὶ
621 4555 822 4619 κύκλῳ
843 4550 1052 4606 αὐτοῦ.
1402 4607 1408 4614 ,

434 4649 724 4718 Ὀμοίωμα
760 4646 842 4712 ὡς
873 4641 1033 4709 εἶδος
1062 4641 1397 4710 ἀνθρώπου.
1447 4638 1640 4708 Ἡμεῖς
1679 4633 1931 4706 ὁμοίωμα

350 4741 460 4796 τῶν
490 4740 771 4810 τεσσάρων
804 4736 958 4801 ζώων
989 4735 1176 4805 ἐσμέν.
1222 4733 1382 4802 Ζήτει
1429 4729 1486 4782 δὲ
1517 4729 1641 4782 τίνα
1679 4725 1747 4779 τὰ
1781 4724 1926 4796 τρία.

364 4833 425 4888 '0
453 4832 665 4904 ἡνίοχος
708 4829 817 4882 τῶν
858 4827 1139 4896 τεσσάρων
1171 4823 1374 4877 τούτων
1404 4819 1559 4884 ζώων
1588 4819 1689 4890 οὐχ
1721 4816 1839 4878 ὅλος
1864 4811 1933 4886 ἦν

354 4923 484 4996 πῦρ,
520 4923 636 4976 ἄλλ’
673 4919 784 4974 ἀπὸ
815 4917 1014 4986 ὀσφύος
1045 4914 1138 4970 ἐπὶ
1177 4913 1246 4966 τὰ
1283 4911 1454 4976 κάτω,
1480 4909 1574 4963 καὶ
1605 4907 1714 4962 ἀπὸ
1732 4904 1934 4974 ὀσφύος

353 5015 450 5068 καὶ
500 5013 605 5075 ἕως
653 5010 766 5064 ἄνω
799 5009 1080 5080 ήλεκτρον.
1127 5005 1200 5058 Οὐ
1257 5003 1366 5076 γὰρ
1414 5001 1549 5073 μόνα
1602 4998 1934 5070 κολαστήρια

351 5107 468 5179 ἔχει
494 5107 523 5158 ὁ
541 5105 718 5172 λόγος,
749 5101 863 5156 ἀλλ’
898 5101 1009 5172 ἔχει
1047 5098 1142 5154 καὶ
1162 5099 1228 5151 δι’
1251 5089 1327 5149 ὧν
1356 5092 1644 5149 ἀναπαύει.
1694 5089 1932 5154 Κολάζει

350 5199 412 5256 δὲ
445 5197 534 5252 διὰ
568 5195 678 5250 τῶν
707 5195 859 5249 κάτω
888 5193 1192 5263 δυνάμεων.
1229 5189 1304 5243 Οὐ
1341 5187 1451 5258 γὰρ
1492 5181 1601 5240 εἶδε
1645 5183 1757 5256 πῦρ
1801 5183 1933 5254 περὶ

350 5293 454 5364 τὴν
486 5289 748 5360 κεφαλὴν,
784 5287 906 5341 οὐδὲ
933 5285 1044 5340 ἀπὸ
1071 5284 1172 5354 τῆς
1199 5281 1398 5351 ὀσφύος
1429 5279 1521 5332 ἐπὶ
1554 5277 1622 5332 τὰ
1645 5277 1758 5331 ἄνω
1787 5275 1934 5347 ἡνίο·

351 5402 450 5458 χος
487 5382 600 5456 πῦρ
633 5378 724 5452 ἦν,
758 5378 893 5433 ἀλλά
921 5377 1030 5431 ἀπὸ
1057 5376 1159 5446 τῆς
1187 5373 1386 5444 ὀσφύος
1419 5371 1512 5424 ἐπὶ
1540 5370 1608 5424 τὰ
1642 5368 1791 5422 κάτω
1821 5364 1932 5458 πῦρ

351 5451 444 5548 ἦν,
478 5451 582 5529 ἵνα-
604 5451 839 5545 δηλώσῃ,
875 5470 956 5523 ὄτι
982 5470 1030 5522 oi
1063 5470 1120 5521 ὲν
1149 5467 1399 5537 γεννήσει
1423 5460 1800 5531 τυγχάνοντες,
1838 5451 1933 5511 οῦ-

353 5547 439 5622 τοι
475 5566 682 5620 δέονται
724 5561 894 5636 πυρός
917 5577 932 5591 ο
973 5560 1143 5628 ὀσφὺς
1170 5556 1281 5628 γὰρ
1313 5555 1615 5624 γεννήσεως
1643 5547 1932 5620 σύμϐολον.

261 5657 276 5666 ’
355 5661 432 5715 Οὐ
484 5659 642 5730 μόνον
689 5657 746 5710 δὲ
792 5657 917 5718 τοὺς
970 5652 1074 5706 ὑπὸ
1118 5651 1370 5722 γέννησιν
1411 5644 1646 5705 ἐδήλωσε
1689 5641 1774 5706 τὸ,
1827 5639 1936 5693 ἀπὸ

2016 1972 2112 2027 tati
2147 1972 2446 2026 obnoxium
2483 1971 2676 2035 inerat,
2706 1969 2760 2024 in
2784 1969 2965 2025 medio
3019 1985 3168 2024 eram
3218 1972 3547 2040 captivitatis
3570 2011 3591 2040 ,

2016 2064 2441 2134 dispensationis
2473 2077 2662 2119 causa.
2689 2063 2778 2117 Sic
2807 2070 2862 2117 et
2887 2059 3162 2126 Christus,
3192 2062 3318 2117 licet
3351 2079 3458 2117 non
3493 2079 3590 2117 ea-

2016 2157 2195 2226 ptivus
2215 2195 2230 2222 ,
2251 2157 2303 2211 in
2338 2156 2460 2211 loco
2480 2164 2597 2210 erat
2630 2154 2990 2225 captivorum,
3021 2157 3112 2209 sed
3157 2163 3215 2209 ut
3246 2154 3393 2224 ipsos
3443 2155 3592 2210 redi-

2017 2257 2227 2314 meret;
2261 2245 2720 2318 quemadmodum
2745 2246 2911 2300 etiam
2934 2244 3218 2314 propheta,
3242 2259 3350 2300 non
3372 2255 3592 2314 propter

2017 2335 2240 2409 peccata
2269 2338 2322 2392 in
2353 2338 2535 2394 medio
2563 2345 2683 2394 erat
2720 2337 3074 2407 captivitatis,
3120 2337 3216 2392 sed
3264 2346 3325 2392 ut
3358 2339 3593 2409 captivis

2019 2429 2314 2485 remedium
2343 2429 2580 2483 alierret.

2090 2518 2157 2572 Ει
2182 2520 2288 2573 vidi
2312 2520 2534 2573 visiones
2564 2517 2662 2570 Dei
2686 2517 2752 2570 ⁸⁸.
2789 2515 2930 2572 Deus
2979 2517 3306 2573 invisibilem
3365 2527 3421 2572 et
3471 2535 3596 2588 qua:

2019 2610 2133 2663 sola
2169 2618 2347 2663 mente
2385 2615 2563 2678 potest
2598 2605 2846 2675 intelligi,
2879 2614 3164 2668 naturam,
3200 2607 3252 2660 in
3292 2616 3484 2663 natura
3515 2610 3598 2663 vi-

2020 2700 2163 2756 sibili
2193 2709 2245 2753 et
2281 2715 2405 2769 quae
2429 2699 2534 2754 sub
2567 2713 2788 2754 sensum
2830 2696 3011 2762 cadit,
3035 2697 3201 2752 veluti
3235 2698 3510 2769 depingit,
3539 2709 3598 2755 ut

2018 2791 2112 2863 qui
2143 2793 2328 2846 sensui
2363 2790 2584 2846 obnoxii
2613 2798 2762 2854 sunt,
2794 2791 2848 2844 in
2877 2789 2966 2842 illa
2984 2787 3051 2843 ad
3079 2789 3596 2859 contemplationem

2021 2899 2231 2939 naturae
2265 2883 2526 2952 spiritalis
2555 2881 2896 2937 erudiantur.

2090 2974 2158 3028 Et
2177 2974 2377 3044 factum
2393 2983 2468 3027 est
2491 2973 2700 3026 verbum
2720 2971 2932 3025 Domini
2950 2971 3018 3023 ad
3044 2968 3367 3026 Ezechiele»:
3389 2972 3454 3027 ⁸⁷.
3473 2970 3603 3028 Ver.

2020 3066 2146 3121 bum
2175 3065 2318 3136 quod
2344 3064 2398 3118 in
2431 3063 2695 3134 principio
2719 3069 2856 3126 erat,
2895 3061 2989 3116 Dei
3014 3059 3274 3118 Verbum.
3304 3061 3416 3133 Ego
3445 3064 3562 3118 dixi
3579 3077 3601 3118 :

2024 3155 2114 3209 Dii
2136 3156 2282 3218 estis,
2322 3164 2372 3208 et
2409 3153 2512 3223 ﬁlii
2562 3151 2773 3206 Excelsi
2828 3167 3010 3208 omnes
3058 3151 3124 3205 ⁸⁸.
3161 3151 3396 3221 Spiritus
3444 3169 3603 3210 vorat

2021 3248 2174 3314 deos,
2199 3247 2266 3302 ad
2288 3262 2426 3318 quos
2445 3244 2680 3300 Verbum
2702 3243 2796 3299 Dei
2817 3243 3023 3300 factum
3047 3252 3152 3310 est,
3178 3243 3321 3316 Deus
3339 3243 3599 3304 Verbum.

2021 3338 2194 3394 Tanta
2221 3340 2366 3395 enim
2392 3348 2474 3395 est
2499 3337 2620 3408 ejus
2647 3337 2824 3392 virtus
2852 3347 2913 3392 ut
2940 3335 3175 3394 deiﬁeet.

2094 3429 2164 3484 In
2184 3441 2328 3484 terra
2354 3429 2734 3485 Chaldworum
2760 3427 2827 3484 δ’.
2877 3428 3166 3484 Chaldaeus
3217 3426 3601 3502 interpretatur

2024 3521 2193 3574 omnis
2221 3519 2393 3574 labor.
2432 3517 2496 3573 lli
2520 3527 2701 3574 autem
2738 3526 2867 3573 sunt
2890 3517 3148 3588 astrOIOgi
3176 3556 3193 3584 ,
3233 3517 3406 3573 fatum
3451 3535 3605 3577 asse-

2023 3619 2224 3678 rentes,
2258 3609 2490 3665 terrenis
2526 3609 2691 3665 rebus
2729 3623 2958 3678 prorsus
3016 3609 3215 3663 addicti
3245 3647 3263 3674 ,
3304 3625 3606 3681 earumque

2025 3700 2208 3754 studio
2231 3699 2420 3765 dediti,
2444 3713 2706 3754 concessa
2728 3699 2809 3751 eis
2841 3697 3064 3752 deitate.
3106 3696 3274 3752 Terra
3318 3697 3604 3754 Chaldaeo-

2025 3810 2146 3848 rum
2173 3795 2326 3849 locus
2355 3802 2440 3848 est
2465 3801 2628 3862 atque
2653 3791 2872 3846 habitus
2913 3792 3205 3860 pessimus.
3239 3789 3381 3856 Quin
3424 3801 3479 3847 et
3508 3807 3607 3847 eo-

2027 3902 2147 3940 rum
2167 3885 2262 3956 qui
2296 3885 2351 3940 in
2376 3884 2653 3955 impietate
2675 3882 3030 3953 superbiunt,
3077 3882 3252 3954 ﬁgura
3289 3893 3420 3938 sunt
3438 3883 3607 3940 Chal-

2026 3978 2126 4035 daei
2139 4016 2155 4033 .

2100 4062 2170 4122 Et
2195 4083 2308 4122 ecce
2339 4065 2556 4136 spiritu:
2581 4065 2823 4135 auferens
2848 4065 2914 4118 ὀ.
2947 4062 3184 4134 Spiritus
3226 4062 3480 4121 auferens
3523 4072 3609 4122 est

2030 4161 2194 4216 Deus.
2224 4159 2460 4229 Spiritus
2489 4159 2634 4214 enim
2666 4157 2831 4224 Deus,
2854 4156 3108 4213 auferens
3139 4155 3424 4211 malitiam.

2105 4253 2171 4306 Et
2203 4251 2360 4306 nubes
2411 4267 2603 4321 magna
2631 4251 2698 4304 “.
2737 4249 2860 4304 Haec
2892 4250 3068 4304 nubes
3097 4248 3311 4319 justitia
3339 4257 3424 4305 est
3456 4265 3471 4304 :
3509 4248 3610 4303 bo-

2033 4360 2163 4400 num
2189 4359 2383 4412 nempe
2419 4341 2568 4412 quod
2597 4358 2661 4397 ex
2689 4341 2797 4398 Deo
2823 4342 2887 4396 ad
2911 4357 3010 4397 nos
3036 4342 3312 4404 dimanat,
3364 4355 3472 4411 quo
3519 4355 3611 4393 vc-

2032 4435 2211 4490 ritatis
2230 4434 2458 4490 scientia
2493 4433 2850 4488 illustramur.
2873 4431 3008 4490 Nam
3035 4441 3092 4489 et
3129 4431 3379 4502 splendor
3407 4433 3463 4486 in
3495 4432 3606 4485 cir-

1962 4549 2004 4603 ι)
2034 4528 2178 4582 cuitu
2201 4527 2314 4596 ejus
2336 4527 2404 4578 ".

2107 4617 2412 4673 Similitudo
2468 4619 2622 4689 quasi
2661 4618 2854 4688 species
2904 4616 3131 4672 hominis
3159 4616 3226 4672 ³³.
3257 4615 3462 4673 Sumus
3512 4631 3614 4671 nos

2033 4709 2330 4766 similitudo
2353 4719 2590 4779 quatuor
2614 4709 2953 4763 animalium.
2987 4707 3182 4775 Quaere
3205 4723 3336 4764 vero
3361 4723 3611 4777 quaenam

2037 4803 2139 4860 tria
2183 4803 2311 4856 sint.
2362 4801 2570 4856 Horum
2604 4809 2842 4870 quatuor
2882 4800 3202 4855 animalium
3227 4799 3413 4869 auriga
3438 4839 3454 4865 ,
3503 4816 3612 4854 non

2036 4903 2182 4952 totus
2209 4895 2352 4967 ignis
2377 4903 2516 4959 erat,
2542 4894 2635 4950 sed
2659 4911 2690 4948 a
2721 4893 2924 4949 lumbis
2966 4893 3222 4949 deorsum
3252 4910 3268 4957 ,
3331 4907 3362 4945 a
3411 4890 3615 4944 lumbis

2036 5002 2166 5044 vero
2191 5003 2408 5043 sursum
2443 4986 2727 5042 electrum.
2759 4983 2878 5039 Non
2933 4983 3078 5039 enim
3125 4998 3306 5039 sermo
3342 4989 3612 5037 tormenta

2035 5081 2214 5136 solum
2236 5079 2438 5145 habet;
2471 5079 2564 5133 sed
2593 5077 2749 5132 habet
2775 5076 2938 5130 etiam
2967 5074 3166 5145 quibus
3187 5073 3428 5144 requiem
3473 5087 3614 5140 pim-

2035 5171 2183 5228 beat.
2203 5169 2517 5224 Punitvero
2544 5184 2642 5239 per
2671 5167 2960 5223 inferiores
2977 5173 3294 5236 potestates.
3317 5161 3436 5218 Non
3465 5163 3609 5217 enim

2036 5265 2217 5337 ignem
2254 5263 2388 5318 vidit
2438 5265 2586 5318 circa
2634 5269 2838 5332 caput;
2889 5274 3069 5330 neque
3114 5259 3302 5329 auriga
3332 5272 3362 5312 a
3410 5255 3614 5310 lumbis

2037 5371 2257 5413 sursum
2291 5355 2433 5427 ignis
2455 5363 2593 5420 erat,
2629 5353 2722 5408 sed
2750 5368 2780 5407 a
2812 5351 3013 5406 lumbis
3047 5350 3324 5409 deorsum,
3347 5357 3406 5401 ut
3427 5353 3617 5400 osten-

2039 5451 2132 5504 dat
2179 5463 2276 5504 eos
2307 5446 2418 5517 'qui
2471 5443 2772 5499 nativitatis
2810 5452 2988 5496 ortum
3053 5439 3286 5503 habent,
3321 5437 3443 5506 igne
3473 5433 3618 5489 indi-

2042 5557 2187 5614 gere.
2213 5539 2356 5595 Sunt
2379 5537 2524 5593 enim
2552 5534 2724 5589 lumbi
2757 5529 3122 5604 generationis
3146 5526 3470 5598 symbolum.
3498 5522 3618 5578 Non

2043 5635 2219 5691 solum
2251 5640 2434 5686 autem
2464 5642 2559 5682 eos
2591 5625 2686 5696 qui
2729 5619 3065 5694 generationi
3115 5616 3338 5673 obnoxii
3367 5624 3516 5672 sunt.
3543 5615 3618 5668 si-

428 5773 474 5804 "
516 5769 646 5825 Luc.
684 5781 769 5832 Ill,
801 5768 891 5821 21.
967 5763 1014 5797 ⁸⁸
1044 5762 1238 5819 Ezecb.
1277 5779 1314 5826 I,
1350 5761 1397 5816 l.
1475 5759 1519 5791 ⁸⁷
1555 5757 1709 5822 ibid.,
1733 5754 1786 5808 3.
1852 5751 1923 5805 ⁸⁸]

2023 5751 2117 5806 Ιιη.
2144 5763 2328 5814 LXXXI,
2363 5747 2416 5800 6.
2494 5745 2539 5776 θ’
2564 5740 2760 5798 Ezech.
2795 5755 2833 5804 l,
2868 5739 2921 5793 '5.
2999 5737 3044 5769 ⁹⁰
3075 5735 3232 5803 ibid.,
3269 5735 3327 5790 4.
3403 5730 3444 5763 ⁸⁸
3482 5730 3616 5788 ibid.

357 5833 406 5866 "
447 5841 580 5898 ibid.
655 5839 702 5873 ’³
736 5839 902 5906 ibid.,
947 5835 1037 5891 26.
