4128 6446
554 398 651 451 771
1987 399 2076 454 EX

2220 398 2422 455 IGEIVE
3730 403 3852 461 ἴτ’

551 516 830 586 guibcavit
867 515 1010 585 quod
1041 531 1069 570 a
1095 515 1295 569 lumbis
1319 514 1571 570 deorsum
1594 524 1733 581 erat,
1751 530 1939 570 verum
1966 517 2118 571 etiam

2236 515 2438 587 ὀσφύος
2475 514 2580 580 ἕως
2613 516 2783 582 κάτω,
2815 517 2949 572 ἀλλὰ
2972 518 3067 572 καὶ
3093 516 3304 581 πάντας
3333 516 3462 583 τοὺς
3490 516 3653 584 ιντας
3680 523 3850 578 κάτω

551 622 742 663 omnes
770 608 863 677 qui
897 608 950 661 in
988 608 1148 662 terris
1191 616 1481 661 versantur
1545 622 1611 661 ac
1671 610 1904 665 terrenis
1958 610 2118 665 rebus

2239 609 2336 661 καὶ
2369 609 2435 679 τῇ
2479 606 2581 680 ὕλῃ
2620 606 3098 678 προσπαθοὼτας.
3133 607 3355 671 Γένεσις
3385 607 3493 680 γὰρ
3526 607 3624 661 καὶ
3656 608 3845 683 φθορὰ

550 694 750 751 addicti
800 705 948 752 sunt.
985 694 1150 751 Ortus
1189 697 1334 750 enim
1381 706 1436 750 et
1483 696 1739 753 interitus
1794 700 1848 753 in
1908 700 2118 755 terreni:

2238 702 2297 755 ὲν
2325 703 2392 772 τῇ
2423 700 2523 771 ὓλη
2555 699 2691 754 ἐστί.
2730 700 3031 771 Ἠλεκτρον
3070 699 3127 753 δέ
3160 702 3276 754 ἐστι
3307 698 3369 751 τὸ
3393 701 3459 752 ὲκ
3488 700 3713 772 χρυσίου
3738 702 3841 756 καὶ

550 797 698 843 sunt.
725 788 997 843 Electram
1016 804 1148 843 vero
1170 789 1316 859 quod
1345 803 1483 843 auro
1515 799 1852 860 argentoque
1868 793 2118 848 conﬂatm

2235 793 2502 864 ἀργυρίου
2530 791 2702 862 χύμα,
2723 791 2798 855 ὼς
2825 793 2933 847 τῶν
2961 792 3308 862 τιμιωτάτων
3340 791 3545 844 τούτων
3573 792 3674 862 τῆς
3697 792 3839 867 ὕλης

549 888 810 948 tanquam
845 880 1010 935 rebus
1035 882 1089 934 in
1119 890 1261 935 terra
1291 882 1730 951 pretiosissimis,
1757 886 2118 952 praastantiun

2236 884 2522 955 συμϐόλων
2549 884 2718 937 ὄντων
2745 882 2853 938 τῶν
2889 885 3087 954 τιμίων
3124 883 3222 937 καὶ
3251 882 3368 936 ἄνω
3396 885 3696 955 ταγμάτων
3723 888 3839 942 τῶν

546 986 1019 1043 supernorumque
1043 983 1362 1028 sanctarum
1398 982 1730 1043 potestatum
1749 976 2029 1045 agminum
2051 991 2118 1032 εει

2236 977 2407 1045 ἁγίων
2432 975 2734 1047 δυνάμεων.

546 1060 878 1132 symbolum.

1072 1152 1249 1225 nos
1299 1154 1454 1211 exp.
1496 1155 1559 1210 ιι.

616 1244 731 1299 Fili
787 1246 1035 1310 hominis,
1069 1256 1154 1299 sta
1188 1263 1344 1315 super
1387 1248 1541 1317 pedes
1593 1259 1709 1302 tuos
1749 1248 1815 1304 “.
1852 1248 2128 1315 Quantum

548 1340 921 1402 meminimus,
947 1342 1207 1394 continue
1230 1356 1293 1395 ac
1317 1355 1414 1410 per
1460 1350 1626 1396 totam
1659 1344 2002 1413 prophetiam
2060 1343 2128 1397 ad

548 1427 887 1484 Ezechielem
915 1430 1117 1485 dicitur
1165 1448 1178 1485 :
1222 1432 1333 1485 Fili
1368 1433 1630 1498 hominis;
1665 1435 1947 1490 rarissime
1997 1451 2129 1490 vero

545 1522 613 1574 ad
636 1521 909 1577 Danielem
940 1539 955 1577 :
981 1524 1075 1593 qui
1105 1524 1267 1578 ambo
1290 1523 1344 1577 in
1371 1526 1685 1593 captivitate
1712 1528 1874 1596 positi
1906 1568 1921 1595 ,
1965 1538 2126 1599 typus

545 1614 841 1672 erantJesu
863 1615 1163 1673 Salvatoris
1202 1616 1318 1683 Dei,
1342 1618 1436 1687 qui
1458 1619 1525 1673 ad
1550 1634 1649 1674 nos
1671 1621 1915 1690 captivos
1935 1622 2120 1676 exivit.

614 1890 677 1945 Si
703 1891 838 1960 forte
862 1891 1086 1945 audiant
1116 1900 1444 1963 autpaveant
1465 1894 1532 1945 ’⁸.
1557 1891 1693 1948 Huic
1717 1892 2040 1948 dubitationi
2058 1895 2126 1950 si-

541 1982 671 2037 mile
703 1992 786 2038 est
815 1985 961 2053 quod
998 1993 1177 2039 exstat
1200 1986 1342 2055 apud
1377 1983 1670 2039 Ieremiam
1711 1985 1759 2018 "
1789 2004 1800 2039 :
1845 1985 2003 2040 Forte
2027 2003 2125 2040 au-

538 2075 764 2145 dient,et
789 2084 1175 2131 convertentur.
1201 2077 1432 2131 Aiebant
1462 2086 1642 2131 autem
1681 2078 1774 2148 qui
1811 2078 1924 2132 haec
1954 2092 2123 2149 expo-

543 2168 764 2235 nebant,
798 2168 942 2223 dicta
974 2169 1088 2225 haec
1121 2186 1242 2225 esse
1269 2170 1335 2224 ad
1375 2169 1690 2224 auditorum
1741 2172 2124 2240 provocandos

541 2259 778 2328 animos,
815 2276 882 2315 ne
912 2261 1068 2332 quasi
1102 2261 1215 2331 jam
1245 2259 1339 2314 Dei
1369 2271 1676 2330 oecupante
1711 2263 1963 2329 scientia,
1999 2279 2123 2333 qua:

541 2365 571 2404 a
604 2351 761 2407 nobis
791 2360 937 2406 recte
970 2352 1053 2405 vel
1087 2352 1225 2405 male
1253 2361 1550 2423 geruntur,
1583 2367 1645 2407 ea
1682 2354 1839 2409 aliter
1863 2354 1979 2409 ﬁeri
2010 2372 2118 2410 non

543 2455 703 2510 posse
730 2457 894 2512 quam
929 2443 1038 2497 sint
1062 2444 1308 2513 prazscita
1334 2445 1676 2509 existiment,
1727 2444 1858 2499 dum
1911 2461 2123 2501 sermo-

540 2550 636 2589 nes
659 2534 908 2589 audiunt.
947 2534 1037 2590 Sic
1059 2537 1203 2590 enim
1229 2537 1450 2606 perinde
1479 2537 1637 2591 nobis
1654 2537 1883 2592 liberum
1907 2549 1993 2595 est
2017 2556 2119 2594 au-

539 2627 656 2681 dire
694 2629 775 2681 vel
808 2641 913 2681 non
946 2628 1154 2693 audire,
1190 2643 1255 2682 ac
1298 2627 1343 2683 si
1374 2625 1515 2682 Deus
1562 2642 1670 2681 non
1706 2629 2069 2697 praescivisset
2101 2627 2159 2685 τ’

536 2733 660 2773 cum
690 2719 843 2773 liberi
876 2720 1087 2773 arbitrii
1125 2720 1294 2775 nostri
1323 2719 1404 2774 vis
1426 2735 1527 2775 nec
1543 2720 1721 2774 minor
1741 2736 1806 2774 ex
1828 2722 2119 2790 praescion-

537 2810 612 2866 tia
640 2811 848 2875 divina,
873 2827 972 2867 nec
1012 2812 1188 2881 major
1224 2827 1291 2866 ex
1331 2828 1437 2867 non
1459 2812 1801 2884 przescientia
1821 2812 1936 2870 ﬁat.

610 2993 884 3062 Ejusdem.
923 2991 1118 3048 Tutius
1148 3008 1247 3064 pro
1276 3002 1519 3063 pareant,
1551 2995 1827 3050 diceretur
1851 2995 2111 3051 desinent.

540 3080 815 3151 Scriptum
847 3094 929 3137 est
952 3094 1132 3137 autem
1164 3084 1268 3137 hoc
1300 3085 1440 3150 loco,
1463 3095 1708 3153 paveant,
1750 3086 1816 3140 de
1854 3086 1962 3143 illis
2018 3088 2113 3157 qui

2886 1158 3046 1211 ΚΕΦ.
3082 1156 3159 1210 B'.

2318 1247 2415 1304 Υίὲ
2459 1246 2795 1316 ἀνθρώπου,
2856 1246 3034 1315 στῆθι
3094 1248 3194 1302 ἐπί
3251 1246 3395 1315 τοὺς
3453 1246 3643 1313 πόδας
3680 1263 3822 1304 σου.

2233 1342 2396 1395 Ὅσον
2429 1341 2513 1410 ἐφ’
2562 1336 2644 1404 οἷς
2687 1341 3015 1411 μεμνήμεοα
3062 1339 3426 1411 συνεχέστατα
3473 1340 3568 1411 μὲν
3615 1340 3709 1394 καὶ
3751 1342 3822 1395 δι’

2228 1433 2356 1504 ὅλης
2373 1432 2472 1502 τῆς
2490 1431 2827 1505 προφητείας
2853 1430 2933 1494 τὸ,
2961 1430 3055 1483 Υἱὲ
3072 1429 3408 1497 ἀνθρώπου,
3439 1429 3655 1499 λέγεται
3683 1432 3819 1504 πρὸς

2227 1525 2320 1578 τὸν
2377 1518 2658 1593 Ἱεζεκιὴλ,
2713 1520 3063 1592 σπανιώτερα
3103 1520 3160 1573 δὲ
3192 1520 3327 1591 πρὸς
3365 1520 3457 1573 τὸν
3490 1522 3709 1593 Δανιὴλ,
3743 1516 3818 1576 ὧν

2226 1617 2453 1679 ἕκαστος
2485 1617 2543 1669 ὲν
2584 1618 2650 1686 τῇ
2698 1612 3047 1684 αἰχμαλωσίᾳ
3084 1611 3251 1675 τύπος
3272 1610 3347 1664 ὦν
3385 1611 3480 1664 τοῦ
3529 1613 3665 1683 πρὸς
3690 1614 3816 1676 τοὺς

2224 1705 2604 1777 αἰχμαλώτους
2638 1706 2788 1776 ἡμᾶς
2815 1702 3194 1777 ἐξεληλυθότος
3235 1700 3406 1772 Ἰησοῦ
3438 1700 3531 1755 τοῦ
3561 1702 3815 1774 Σωτῆρος

2228 1795 2387 1849 Θεοῦ.

2310 1885 2453 1942 Ἐὰν
2494 1886 2609 1955 ἄρα
2652 1885 3001 1939 ἀκούσωσιν
3027 1923 3042 1949 ,
3093 1882 3132 1951 ἢ
3184 1880 3542 1949 πτοηθῶσιν.
3586 1880 3810 1951 Ὅμοιον

2224 1977 2397 2048 τούτῳ
2425 1978 2503 2049 τῷ
2525 1975 2855 2047 διστακτικῷ
2877 1978 2994 2028 ἐστι
3027 1972 3089 2026 τὸ
3113 1976 3171 2027 ἐν
3199 1973 3277 2045 τῷ
3320 1973 3590 2046 Ἱερεμίᾳ·
3631 1973 3813 2039 Ἴσως

2222 2073 2613 2138 ἀκούσονται,
2664 2070 2762 2125 καὶ
2802 2067 3299 2139 μετανοήσονται.
3357 2068 3580 2135 Ἔλεγον
3624 2064 3679 2119 δὲ
3709 2066 3810 2119 κά-

2223 2168 2377 2219 κεῖνα
2406 2163 2774 2236 διηγούμενοι,
2806 2164 2891 2217 ὅτι
2910 2161 3082 2216 ταῦτα
3122 2161 3261 2231 ὑπὲρ
3291 2160 3606 2232 προτροπῆς
3626 2158 3812 2225 λέγον-

2221 2274 2312 2312 ται
2352 2256 2462 2310 τῶν
2502 2255 2831 2318 ἀκουόντων,
2882 2253 2972 2308 ἵνα
3012 2251 3088 2325 μὴ
3120 2252 3338 2316 δοκῶσι,
3401 2250 3813 2322 προκατειλημ-

2225 2350 2401 2420 μένων
2424 2347 2529 2401 ὑπὸ
2556 2347 2657 2417 τῆς
2687 2345 2780 2399 τοῦ
2815 2343 2949 2398 Θεοῦ
2977 2342 3226 2413 γνώσεως
3259 2341 3367 2395 τῶν
3399 2343 3487 2412 ὑφ’
3519 2341 3673 2411 ἡμῶν
3697 2357 3813 2411 χει-

2225 2443 2392 2514 ρόνων
2435 2440 2468 2511 ἢ
2504 2438 2829 2511 κρειττόνων
2855 2478 2871 2504 ,
2914 2437 2991 2510 μὴ
3037 2434 3260 2491 δυνατὸν
3303 2431 3442 2488 εἶναι
3475 2434 3535 2484 τὸ
3566 2432 3812 2486 ἐναντίον

2218 2533 2331 2587 τῶν
2370 2531 2841 2604 προεγνωσμένων
2868 2528 3146 2599 γενέσθαι,
3192 2528 3483 2590 ἀκούοντες
3515 2525 3622 2579 τῶν
3651 2524 3812 2592 λεγο-

2224 2627 2420 2698 μένων.
2479 2623 2637 2677 Οὕτω
2665 2623 2776 2695 γὰρ
2814 2624 3013 2693 ὲπίσης
3046 2623 3131 2693 ἐφ’
3172 2623 3305 2692 ἡμῖν
3335 2622 3447 2673 ἐστι
3479 2618 3540 2672 τὸ
3564 2616 3807 2684 ἀκούειν,

2221 2717 2316 2770 καὶ
2340 2716 2402 2770 τὸ
2426 2714 2500 2786 μὴ
2531 2712 2770 2780 ἀκούειν,
2806 2713 2939 2766 ὡσεὶ
2997 2712 3093 2765 καὶ
3129 2712 3206 2784 μὴ
3239 2708 3575 2783 προεγνώκει
3607 2708 3635 2760 ὁ
3673 2706 3807 2770 Θεὸς

2219 2808 2343 2862 οὔτε
2373 2807 2653 2870 ἐλάττονος
2684 2806 2977 2877 γενομένου
3014 2806 3098 2875 ἐφ’
3149 2807 3279 2877 ἡμῖν
3310 2803 3397 2858 διὰ
3435 2803 3493 2857 τὸ
3524 2817 3806 2874 προεγνω-

2219 2902 2372 2956 κέναι
2411 2900 2596 2965 αὐτὸν,
2639 2899 2761 2954 οὔτε
2796 2899 3060 2963 πλείονος,
3096 2901 3144 2952 εί
3182 2898 3256 2969 μὴ
3287 2896 3647 2970 προεγνώκει.

2294 2994 2405 3048 Τοῦ
2446 2992 2657 3049 αὐτοῦ.
2711 2991 3138 3065 Ἀσφαλέστερον
3186 2991 3249 3045 ἂν
3292 2990 3501 3060 λέγοιτο
3542 2989 3664 3043 ἀντὶ
3705 2983 3799 3040 τοῦ

2216 3085 2541 3154 πτοηθῶσι,
2566 3085 2930 3141 κοπάσουσι.
2971 3086 3236 3139 Τέτακται
3269 3083 3325 3136 δὲ
3350 3082 3436 3148 τὸ,
3463 3079 3804 3150 πτυηθῶσιν

541 3172 742 3227 divinis
777 3166 1352 3238 oraculis'movenlur,
1374 3184 1427 3230 et
1459 3191 1488 3230 ιι
1528 3191 1725 3246 pavo:e
1747 3192 1908 3248 quem
1953 3193 1984 3233 e
2027 3178 2114 3234 di-

2220 3178 2454 3233 ὶνταῦθα
2486 3178 2579 3231 ἐπὶ
2611 3178 2717 3234 τῶν
2746 3179 2856 3233 ἀπὸ
2909 3177 3105 3247 λογίων
3146 3175 3305 3231 θείων
3343 3173 3678 3244 κινουμένων
3706 3169 3803 3226 καὶ

539 3264 643 3319 etis
677 3276 1066 3336 coneeperunt,
1096 3267 1162 3322 ad
1188 3269 1433 3321 timorem
1466 3266 1561 3322 Dei
1598 3277 1905 3324 transeunt.
1951 3271 2114 3326 Aliud

2220 3269 2503 3323 ὁδευόντων
2543 3271 2608 3323 ὲκ
2646 3267 2739 3321 τοῦ
2782 3268 3061 3323 πτοεῖσθαι
3105 3270 3162 3321 ὲν
3196 3269 3307 3330 τοῖς
3359 3264 3671 3336 εἰρημένοις
3708 3262 3803 3317 καὶ

539 3363 725 3410 autem
754 3358 1177 3411 existimandum
1228 3369 1309 3413 est
1357 3358 1653 3429 signiﬁcari
1686 3360 1790 3414 hoc
1818 3362 1987 3415 verbo
2015 3376 2117 3433 pa-

536 3454 713 3510 veant,
738 3461 901 3516 quam
937 3447 989 3501 id
1026 3448 1171 3517 quod
1211 3449 1277 3502 de
1304 3463 1501 3518 pavore
1532 3450 1738 3503 dicitur
1786 3466 1817 3506 a
1870 3449 2111 3517 Graecis,

537 3535 633 3606 qui
657 3535 807 3591 illum
839 3552 961 3593 esse
990 3537 1259 3592 definiunt
1286 3539 1538 3595 humanae
1571 3540 1769 3597 animae
1795 3540 2071 3598 aﬂ'ectum.

610 3719 679 3775 Et
699 3721 754 3774 in
776 3736 837 3775 ea
867 3720 1162 3790 capitulum
1191 3721 1317 3777 libri
1336 3725 1398 3776 ".
1431 3723 1619 3779 Divina
1654 3726 1840 3793 verba,
1877 3725 2022 3796 quod
2045 3740 2113 3781 ex

536 3822 693 3883 parte
724 3813 855 3880 sint,
887 3821 939 3868 et
965 3812 1309 3879 brevissima,
1339 3815 1384 3869 si
1429 3831 1554 3871 cum
1586 3825 1702 3872 toto
1737 3832 1990 3873 sermone
2023 3825 2110 3872 at-

532 3920 644 3975 que
667 3906 816 3959 omni
864 3906 1128 3977 sapientia
1169 3905 1545 3976 conferantur,
1575 3924 1682 3963 non
1714 3909 1871 3974 liber,
1919 3909 2013 3963 sed
2048 3907 2114 3962 li-

539 3999 624 4053 brl
657 3998 955 4067 capitulum
1006 3998 1279 4067 quoddam
1330 3999 1458 4053 dicti
1508 4008 1655 4054 sunt.
1687 3999 1843 4064 Quod
1870 3999 1999 4054 item
2054 4000 2111 4054 in

537 4089 756 4160 psalmo
777 4090 1006 4144 habetur
1030 4090 1078 4122 "
1106 4111 1118 4145 :
1173 4088 1241 4143 In
1281 4090 1452 4160 capite
1499 4089 1626 4143 libri
1655 4090 1913 4159 scriptum
1937 4098 2015 4144 est
2049 4091 2114 4144 de

536 4199 639 4248 me,
670 4182 846 4238 simile
878 4182 1153 4253 quidpiam
1190 4182 1476 4251 signiﬁcat.
1531 4179 1650 4236 Non
1678 4192 1858 4238 tamen
1901 4185 1996 4253 qui
2043 4183 2112 4238 ad

533 4274 813 4329 dexteram
843 4282 927 4328 est
950 4274 1187 4329 sedentis
1217 4275 1271 4329 in
1309 4276 1526 4343 throno,
1556 4275 1680 4329 lihri
1699 4283 1863 4344 caput
1889 4275 2109 4342 dicitur,

535 4365 629 4420 sed
659 4364 791 4419 liber
808 4366 1036 4436 scriptus
1060 4367 1203 4421 intus
1233 4376 1281 4421 et
1309 4368 1462 4435 foris.
1498 4367 1906 4433 Verumtamen,
1936 4366 2115 4436 inquit

532 4454 776 4512 Joannes
817 4458 887 4523 ”,
943 4474 1093 4513 nemo
1129 4468 1338 4527 poterat
1395 4477 1559 4531 neque
1585 4461 1641 4514 in
1670 4459 1832 4525 caelo,
1868 4474 2030 4529 neque
2058 4459 2112 4512 in

2214 3360 2307 3414 ἐπὶ
2336 3360 2396 3412 τὸ
2428 3358 2731 3429 φοϐηθῆναι
2759 3359 2849 3412 τὸν
2880 3359 3033 3412 Θεόν.
3068 3360 3180 3413 Kal.
3205 3356 3330 3411 ἄλλο
3359 3373 3422 3423 γε
3452 3355 3682 3425 ἡγητέον
3714 3356 3801 3406 ὲν-

2212 3450 2391 3506 ταῦθα
2424 3449 2785 3522 σημαίνεσθαι
2819 3451 2926 3505 ἀπὸ
2965 3450 3060 3504 τοῦ
3089 3446 3389 3516 πτοηθῶσι
3422 3444 3571 3517 παρά
3598 3446 3661 3498 τὸ
3690 3443 3801 3497 ὑπὸ

2211 3547 2322 3601 τῶν
2357 3545 2622 3617 Ἑλλήνων
2648 3545 2938 3616 λεγόμενον
2965 3544 3072 3599 ὑπὸ
3108 3546 3207 3614 τῆς
3231 3541 3424 3605 πτοίας
3460 3536 3795 3611 ὁριζομένων

2213 3639 2384 3711 αὐτὴν
2416 3638 2708 3710 ἀνθρώπου
2736 3636 2915 3708 ψυχῆς
2943 3635 3134 3699 πάθος.

2285 3731 2395 3787 Καὶ
2419 3731 2489 3784 ἐν
2516 3728 2673 3798 αὐτῇ
2701 3728 2955 3798 κεφαλὶς
2978 3728 3241 3793 βιϐλίου.
3272 3727 3335 3779 Οί
3359 3725 3492 3779 θεῖοι
3517 3722 3686 3792 λόγοι,
3708 3718 3799 3774 διὰ

2213 3823 2274 3877 τὸ
2303 3826 2369 3878 ὲκ
2402 3822 2600 3895 μέρους
2625 3817 2764 3874 εἶναι
2798 3820 2893 3875 καὶ
2923 3819 3194 3891 ἐλάχιστοι
3227 3817 3510 3889 συγκρίσει
3548 3814 3643 3869 τοῦ
3672 3814 3798 3868 ὅλου

2212 3915 2375 3985 λόγου
2396 3915 2489 3968 καὶ
2520 3915 2622 3985 τῆς
2643 3914 2824 3983 πάσης
2854 3911 3068 3981 σοφίας,
3102 3911 3161 3964 οὐ
3190 3910 3412 3981 βιϐλίον,
3440 3907 3577 3962 ἀλλά
3597 3924 3682 3972 τις
3710 3923 3803 3961 κε-

2216 4007 2374 4077 φαλὶς
2416 4006 2620 4076 βιϐλίου
2651 4004 2888 4077 εἴρηται.
2926 4003 3036 4055 Kal
3075 4004 3131 4055 ἐν
3170 4000 3438 4070 Ψαλμοῖς
3473 3998 3532 4052 δὲ
3564 3998 3659 4051 τό·
3704 3998 3804 4052 Ἐν

2214 4096 2493 4166 κεφαλίδι
2523 4097 2768 4161 ,βιϐλίου
2801 4093 3122 4164 τέτραπται
3156 4091 3290 4160 περὶ
3320 4088 3488 4161 ἐμοῦ,
3523 4089 3583 4142 τὸ
3615 4088 3802 4158 ὅμοιον

2214 4188 2382 4261 δηλοῖ.
2430 4189 2627 4242 Οὐκέτι
2662 4189 2720 4242 δὲ
2752 4187 2979 4259 κεφαλὶς
3015 4184 3218 4257 βιϐλίου
3246 4182 3462 4253 λέγεται
3496 4180 3555 4239 τὸ
3579 4182 3673 4238 ἐπὶ
3696 4184 3797 4255 τὴν

2212 4280 2393 4344 δεξιὰν
2420 4279 2513 4333 τοῦ
2543 4280 2860 4351 καθημένου
2909 4278 3004 4333 ἐπὶ
3034 4278 3127 4333 τὸν
3153 4275 3361 4351 θρόνον,
3392 4275 3527 4332 ἀλλὰ
3550 4278 3799 4342 ,βιϐλίον

2216 4370 2624 4441 γεγραμμένον
2663 4372 2893 4427 ἔσωθεν
2924 4372 3022 4425 καί
3053 4372 3323 4426 ὄπισθεν.
3366 4370 3437 4424 Π)
3450 4370 3515 4440 ήν
3538 4385 3552 4399 ·
3588 4367 3798 4433 Οὐδεὶς

2217 4460 2510 4529 ἠδύνατο,
2553 4461 2718 4533 φησὶν
2752 4463 2782 4516 ὁ
2824 4462 3099 4534 Ἰωάννης,
3145 4462 3284 4516 οὔτε
3330 4462 3403 4516 ἐν
3430 4459 3510 4526 τῷ
3541 4460 3793 4529 οὐρανῷ,

539 4559 701 4612 terra,
727 4566 888 4620 neque
918 4549 1100 4604 subtus
1130 4559 1326 4604 terram
1350 4554 1554 4621 aperire
1584 4552 1780 4605 librant
1807 4550 1984 4615 illum,
2019 4567 2111 4605 ne-

2220 4550 2352 4604 οὕτε
2375 4550 2473 4602 ἐπὶ
2502 4548 2610 4617 τῆς
2635 4549 2767 4619 τῆς,
2799 4552 2936 4605 οὔτε
2967 4552 3245 4606 ὑποκάτω
3271 4550 3379 4619 τῆς
3396 4551 3530 4620 γῆς,
3557 4551 3796 4615 ἀνοῖξαι

536 4656 635 4711 que
658 4640 828 4694 videre
847 4658 987 4708 eum,
1030 4643 1136 4697 nisi
1181 4643 1325 4697 solus
1354 4643 1443 4698 ille
1470 4645 1560 4715 qui
1589 4645 1708 4697 vicit
1739 4643 1818 4696 leo
1869 4641 1933 4696 de
1970 4642 2111 4696 tribu

536 4732 704 4796 Juda,
731 4730 884 4785 radix
922 4732 1115 4788 David.
1142 4732 1286 4800 Quin
1338 4743 1392 4789 et
1450 4734 1597 4789 aliud
1631 4735 1930 4805 capitulum
1985 4735 2112 4790 libri

538 4824 799 4894 scriptum
828 4825 1129 4880 comedisse
1184 4823 1447 4880 Joannem
1479 4826 1724 4881 invenies
1762 4826 1816 4880 in
1840 4827 2113 4898 Apocaly-

537 4916 641 4984 psi.
670 4913 787 4970 Non
822 4917 966 4972 enim
996 4917 1118 4987 plus
1151 4932 1313 4988 quam
1344 4918 1643 4989 capitulum
1697 4919 1985 4974 comedere
2013 4933 2113 4989 po-

539 5016 645 5063 test
674 5008 910 5091 humana
940 5015 1160 5065 natura.

612 5189 679 5245 Et
702 5192 903 5261 scripta
930 5201 1083 5246 erant
1107 5192 1162 5245 in
1191 5207 1250 5245 eo
1278 5190 1587 5246 lamentatio
1603 5202 1652 5246 et
1673 5209 1884 5247 carmen
1910 5195 1953 5246 '.
1976 5191 2111 5248 Car-

2244 4639 2308 4692 τὸ
2342 4639 2587 4703 βιϐλίον
2623 4639 2836 4703 ἐκεῖνο,
2866 4642 3005 4695 οὔτε
3025 4642 3282 4706 ,βλέπειν
3300 4641 3467 4703 αὐτὸ,
3510 4644 3562 4694 εὶ
3577 4640 3663 4708 μὴ
3679 4642 3794 4708 μό-

2223 4749 2333 4786 νον
2355 4736 2388 4787 ό
2418 4731 2672 4799 νικήσας
2695 4730 2850 4787 λέων
2883 4734 2952 4787 ἐκ
2986 4731 3093 4799 τῆς
3112 4733 3313 4803 φυλῆς
3352 4730 3567 4794 Ἰούδα,
3596 4732 3635 4798 ἡ
3662 4726 3794 4797 ῥίζα

2222 4821 2422 4876 Δαυίδ.
2465 4824 2574 4875 Καὶ
2605 4821 2771 4891 ἄλλην
2797 4821 2855 4875 δὲ
2883 4822 3141 4889 κεφαλίδα
3174 4819 3378 4892 βιϐλίου
3400 4817 3793 4889 γεγραμμένην

2223 4911 2477 4982 εὑρήσεις
2520 4912 2578 4964 ὲν
2619 4913 2687 4981 τῇ
2736 4910 3142 4977 Ἀποκαλύψει
3178 4907 3268 4963 τὸν
3334 4908 3584 4979 Ἰωάννην
3636 4924 3795 4960 κατε-

2226 5000 2474 5055 σθίονταο
2530 5001 2712 5055 πλεῖον
2761 5000 2871 5072 γὰρ
2914 5000 3196 5069 κεφαλίδος
3233 5001 3295 5055 οὐ
3326 5002 3496 5070 χωρεῖ
3534 5002 3727 5069 φαγεῖν
3760 5000 3794 5071 ἡ

2219 5092 2533 5165 ἀνθρώπεια
2571 5092 2753 5163 φύσις.

2289 5206 2398 5261 Kal
2432 5205 2756 5275 ἐτέτραπτο
2793 5206 2866 5260 ἐν
2893 5204 3047 5276 αὐτῇ
3067 5205 3289 5275 θρῆνος
3315 5204 3413 5259 καὶ
3441 5204 3647 5274 μέλος.
3682 5204 3799 5258 Μι-

537 5298 653 5337 men
682 5283 900 5351 quidem
928 5283 1163 5350 sanctis;
1192 5281 1503 5337 lamentatio
1531 5299 1660 5339 vero
1710 5284 1779 5340 iis
1810 5285 2112 5354 peccatori-

2220 5297 2306 5361 λος
2340 5298 2438 5369 μὲν
2467 5301 2577 5363 τοῖς
2604 5298 2779 5368 ἁγίοις
2798 5339 2813 5364 ,
2856 5297 3050 5372 θρῆνος
3081 5300 3137 5353 δὲ
3169 5302 3283 5363 τοῖς
3312 5299 3412 5352 οὐκ
3441 5295 3799 5368 ἀπεγνωσμέ-

540 5374 663 5443 bus,
689 5389 923 5445 quorum
944 5392 1053 5431 non
1079 5378 1151 5433 sit
1170 5377 1455 5447 desperata
1482 5378 1632 5433 salus
1654 5396 1669 5446 ;
1693 5394 1769 5433 rte
1798 5379 2016 5433 demum
2044 5378 2110 5435 iis

537 5465 631 5536 qui
659 5468 971 5537 punientur.

2217 5405 2329 5452 νοις
2374 5388 2483 5443 τῶν
2536 5389 2936 5463 ἡμαρτηκότων
2955 5406 2968 5419 ·
3051 5389 3186 5445 οὐαί
3237 5388 3295 5443 δὲ
3366 5389 3480 5452 τοῖς
3529 5384 3798 5456 κολασθψ·

2223 5481 2490 5550 σομένοις.

607 5736 659 5816 ’ζ
689 5734 882 5816 Bacch.
911 5754 973 5816 ιι,
1006 5741 1059 5795 l.
1129 5742 1337 5816 ’_{ihid.
1368 5743 1421 5811 2,
1445 5743 1499 5797 5.
1569 5743 1617 5775 ⁸⁸
1656 5741 1854 5798 Jerem.
1894 5760 2041 5812 xxvi,
2093 5744 2118 5799 5

2223 5746 2268 5779 "
2295 5745 2487 5804 Ezceh.
2525 5764 2583 5816 ιι,
2616 5749 2700 5805 l9.
2778 5747 2824 5781 ”
2852 5747 2998 5806 Psal.
3062 5762 3293 5813 xxxvni,
3319 5745 3372 5799 9.
3458 5746 3502 5776 ”
3529 5745 3696 5816 Apoc.
3729 5756 3798 5811 ν,

541 5803 593 5869 l,
629 5803 685 5859 3.
761 5808 775 5838 ί
810 5807 1007 5864 Ezech.
1041 5825 1101 5876 ιι,
1137 5811 1219 5866 l0.
