4128 6478
373 437 482 489 773

1054 554 1212 609 ΚΕΦ.
1241 554 1318 608 1".

454 652 560 706 Kal
589 649 858 720 ὲψώμισέ
868 665 944 720 με
966 648 1084 717 τὴν
1104 646 1416 717 κεφαλίδα,
1446 643 1725 698 Ἐντεῦθεν
1740 643 1973 714 μάλιστα

380 743 563 813 δῆλον,
620 744 701 796 ὅτι
747 739 931 807 πλεῖον
966 740 1068 811 τῆς
1109 737 1397 809 κεφαλίδος
1430 737 1491 789 ού
1521 737 1691 807 χωρεῖ
1722 733 1972 804 φαγεῖνὴ

380 833 697 907 ἀνθρωπίνη
731 832 912 902 φύσις,
939 832 1034 884 καὶ
1059 830 1232 885 ταῦτα
1257 829 1362 882 ὑπὸ
1391 828 1489 897 τῆς
1513 827 1695 898 χειρὸς
1714 826 1808 878 τοῦ
1836 824 1972 878 Θεοῦ

379 921 759 992 ψωμιζομὲνη.
819 920 877 973 ’0
923 919 1174 989 μέντοιγε
1219 917 1413 970 ἐσθίων
1444 915 1647 987 ταύτην
1675 915 1774 986 τὴν
1804 932 1975 983 κεφα-

378 1012 520 1075 λίδα,
551 1011 863 1081 άνειλούσης
888 1010 1058 1080 αὐτὴν
1087 1009 1186 1079 τῆς
1225 1007 1594 1077 ἐκτεταμένης
1628 1005 1808 1077 χειρὸς
1837 1005 1973 1077 πρὸς

377 1107 472 1160 τὸν
506 1104 771 1166 ἐσθίοντα,
797 1104 1030 1172 φάγεται
1064 1101 1233 1171 αὑτήν
1250 1117 1263 1130 ·
1297 1100 1385 1153 ἴνα
1408 1098 1495 1153 διὰ
1517 1099 1621 1168 τῆς
1646 1097 1975 1168 ἀνειλήσεως

380 1200 480 1268 τῆς
526 1196 811 1266 κεφαλίδες
854 1195 972 1257 évb;
1008 1194 1238 1246 ἑκάστου
1273 1192 1383 1245 τῶν
1416 1190 1882 1261 ἐγγεγραμμένων
1917 1192 1975 1242 ἐν

378 1289 516 1359 αὐτῇ
547 1287 920 1357 ἀντιλάϐηται,
965 1286 1057 1339 καὶ
1076 1327 1089 1351 ,
1126 1284 1550 1356 μασσησάμενος
1582 1282 1680 1355 τὴν
1708 1281 1976 1352 κεφαλίδα

382 1380 477 1433 καὶ
507 1379 605 1451 τὴν
637 1379 909 1451 ἀνείλησιν
944 1377 1116 1447 αὐτῆς
1152 1377 1329 1430 πάντα
1361 1375 1502 1449 λάϐῃ
1536 1378 1618 1439 εἰς
1649 1376 1749 1444 τὴν
1780 1372 1975 1445 νοητὴν

383 1470 549 1523 αὐτοῦ
579 1470 784 1524 κοιλίαν
813 1470 881 1524 τὰ
914 1471 1342 1543 ἐγγεγραμμένα
1364 1473 1425 1523 ού
1452 1471 1611 1538 μόνον
1642 1467 1972 1540 ἔμπροσθεν,

384 1562 519 1616 ἀλλὰ
551 1563 643 1616 καὶ
666 1562 910 1616 ὄπισθεν.
939 1564 1163 1634 Νομίζω
1192 1564 1247 1616 δὲ
1281 1563 1369 1616 διὰ
1406 1563 1504 1633 μὲν
1536 1561 1644 1615 τῶν
1666 1560 1976 1632 ἔμπροσθεν

380 1655 481 1726 τῆς
512 1654 799 1724 κεφαλίδος
812 1655 1103 1726 δηλοῦσθαι
1124 1656 1191 1708 τὰ
1220 1653 1607 1726 προηγούμενα
1630 1652 1744 1705 τῶν
1771 1652 1977 1722 δογμά-

381 1762 510 1811 των,
536 1746 631 1799 καὶ
658 1745 726 1799 τὰ
762 1764 828 1799 πε
837 1748 889 1818 ρὶ
912 1746 1019 1798 τῶν
1047 1745 1239 1813 ἁγίων,
1268 1745 1361 1797 καὶ
1393 1743 1463 1796 τὰ
1491 1745 1620 1813 περὶ
1655 1742 1764 1795 τῶν
1796 1742 1976 1811 άπαγο

382 1837 610 1904 γελιῶν,
652 1839 746 1891 καὶ
786 1836 1124 1903 ἁπαξαπλῶς
1162 1835 1229 1888 τὰ
1268 1834 1533 1905 περὶτῶν
1571 1834 1855 1905 μακαρίων
1883 1834 1975 1886 καὶ

448 437 482 489 3
1575 430 1889 489 suae“
1922 429 1988 482 lN
2030 425 2482 483 EZEClllELEM.

2005 553 2052 610 Α

3561 429 3668 483 τ’ῖι

2738 542 2893 598 Cap.
2931 539 3017 596 Ill.

2149 635 2219 691 Et
2237 636 2431 690 cibavit
2448 651 2528 690 me
2545 634 2779 703 capitulo
2795 637 2836 688 ⁸.
2852 633 2993 689 Hinc
3016 633 3255 688 maxime
3285 632 3455 703 liquet
3473 631 3670 689 huma-

2076 744 2202 784 nam
2220 738 2471 782 naturam
2491 726 2627 780 nihil
2650 726 2885 795 amplius
2900 724 3185 780 comedere
3199 738 3360 795 posse
3384 740 3546 795 quam
3573 740 3668 781 ca-

2078 821 2330 889 pitulum,
2345 820 2492 890 quod
2509 820 2685 888 ipsum
2704 818 2795 872 Dei
2813 833 3008 872 manus
3025 817 3328 871 vorandum
3346 817 3543 872 tradat.
3562 816 3666 883 Qui

2076 915 2220 969 enim
2240 913 2406 986 409
2421 927 2551 966 vero
2568 912 2802 965 comedit
2818 911 2970 973 illud,
2991 910 3273 964 evolventc
3301 907 3479 978 ipsum
3504 922 3670 964 manu

2075 1016 2130 1060 et
2140 1006 2399 1060 oﬂerente
2415 1004 2673 1070 comedit,
2695 1012 2753 1058 ut
2769 1004 2888 1072 ejus
2900 1003 3113 1057 scilicet
3130 1002 3441 1056 evolutione
3456 1003 3666 1071 singula

2076 1113 2305 1168 qumque
2342 1099 2395 1151 in
2430 1114 2495 1151 eo
2524 1099 2726 1167 scripta
2771 1097 3056 1167 percipiat.
3094 1094 3467 1163 mandensqne
3513 1095 3667 1164 capi-

2079 1188 2274 1252 tulum,
2302 1189 2591 1259 ipsumque
2623 1187 2945 1250 evolvendo,
2986 1195 3183 1242 cuncta
3232 1186 3287 1239 in
3330 1200 3396 1239 eo
3446 1194 3670 1240 exarata

2078 1293 2186 1331 non
2232 1278 2410 1332 solum
2447 1288 2594 1345 ante,
2641 1295 2832 1333 verum
2881 1279 3044 1333 etiam
3086 1286 3232 1332 retro
3268 1277 3323 1330 in
3370 1276 3671 1346 spiritalem

2079 1377 2329 1422 ventrem
2404 1370 2651 1439 recipiat.
2718 1369 2972 1425 Arbitror
3012 1378 3245 1443 autem,
3305 1382 3401 1437 per
3450 1367 3672 1436 capituli

2078 1462 2299 1531 quidem
2370 1462 2641 1515 anteriora
2709 1463 3001 1532 signiﬁcari
3062 1461 3334 1531 praecipua
3384 1460 3672 1530 dagmata,

2078 1551 2206 1604 item
2272 1565 2393 1620 quae
2461 1552 2526 1604 ad
2588 1559 2831 1617 sanctos,
2878 1560 2933 1605 et
2987 1551 3402 1621 promissiones,
3455 1565 3671 1605 necnon

2077 1658 2200 1712 quae
2243 1644 2308 1696 ad
2343 1643 2532 1698 beatos
2567 1658 2867 1712 eorumque
2894 1643 3018 1697 vitae
3049 1643 3446 1698 institutionem
3487 1657 3552 1696 ac
3589 1642 3674 1697 di-

2078 1733 2365 1802 sciplinam
2415 1741 2697 1802 spectant;
2743 1746 2839 1801 per
2880 1731 3186 1802 posteriora
3232 1746 3384 1795 vero,
3430 1747 3556 1801 quae
3602 1730 3673 1786 ad

2080 1825 2407 1892 puniendos,
2451 1840 2514 1879 ac
2551 1823 2772 1878 modum
2825 1823 3104 1877 cruciatus
3145 1837 3333 1877 eorum
3374 1823 3671 1891 pertinent,

380 1931 478 2000 τῆς
511 1929 849 1997 διεξαγωγῆς
888 1928 983 1980 τού
1016 1928 1113 1998 ζῇν
1139 1926 1317 1979 αὐτῶν
1337 1944 1351 1957 ο
1407 1926 1494 1979 διὰ
1521 1926 1577 1978 δὲ
1606 1926 1715 1981 τῶν
1755 1924 1970 1978 ὄπισθεν

2079 1913 2163 1967 vel
2196 1928 2318 1982 qua:
2342 1913 2395 1966 in
2427 1926 2610 1966 rerum
2642 1911 2918 1971 creatione
2960 1920 3252 1965 consecuta
3294 1920 3424 1965 sunt
3454 1927 3518 1966 ea
3549 1928 3673 1983 quae

382 2020 453 2072 sit
484 2021 613 2090 περὶ
639 2018 747 2071 τῶν
780 2017 1158 2089 κολαζομένων
1191 2018 1283 2071 καί¹
1318 2017 1413 2071 τοῦ
1449 2019 1649 2090 τρόπου
1680 2018 1781 2087 τῆς
1816 2015 1979 2070 κολά-

388 2126 526 2172 σεως
548 2108 729 2161 αὐτῶν
765 2110 859 2163 καὶ
886 2109 995 2163 τῶν
1029 2110 1585 2182 ἐπακολουθησάντων
1614 2111 1672 2163 ἐν
1698 2112 1764 2180 τῇ
1799 2109 1976 2162 κτίσει

385 2199 500 2260 τοῖς
543 2199 970 2271 προηγουμένως
1013 2184 1421 2271 γεγενημένοις.
1469 2199 1579 2253 Καὶ
1618 2198 1875 2267 δηλοῦται
1908 2198 1977 2253 τὰ

389 2287 487 2358 μὲν
515 2290 902 2361 προηγούμενα
934 2293 1027 2345 καὶ
1059 2291 1128 2346 τὰ
1162 2291 1471 2364 ἔμπροσθεν
1495 2291 1585 2345 διὰ
1622 2292 1716 2345 τοῦ
1750 2291 1967 2363 μέλους,

382 2376 451 2429 τὰ
478 2378 535 2430 δὲ
565 2378 727 2433 λοιπά
765 2377 866 2434 διὲί
884 2380 980 2433 τοῦ
1021 2380 1220 2453 θρήνου
1269 2382 1362 2436 καὶ
1392 2381 1488 2435 τοῦ
1518 2382 1661 2436 οὐαί.
1703 2383 1845 2446 Τοὺς
1877 2382 1974 2452 μὲν

380 2464 474 2525 οὖν
505 2471 564 2523 ἐν
602 2472 965 2545 ἁμαρτήμασι
998 2475 1323 2545 γενομένους
1344 2475 1438 2527 καὶ
1466 2474 1643 2545 πάντη
1671 2473 1976 2528 ἁποπεσόν-

379 2576 478 2622 τας
495 2558 604 2613 τῶν
633 2562 731 2631 τῆς
769 2563 1043 2634 σωτηρίας
1075 2562 1363 2633 δογμάτων
1389 2561 1704 2634 θρηνεῖσθαι
1736 2561 1976 2631 ὑπολαμ-

383 2650 532 2704 ϐάνω
554 2669 567 2682 ο
606 2651 667 2704 τὸ
688 2654 743 2705 δὲ
768 2654 924 2723 μέλος
947 2652 1388 2721 ἀπαγγέλλεσθαι
1424 2656 1539 2715 τοῖς
1573 2653 1883 2723 μακαρίοιςο
1913 2651 1975 2704 τὸ

381 2741 461 2805 δὲ,
507 2742 649 2806 ούαὶ,
696 2747 808 2806 τοῖς
845 2744 1029 2796 τέλεον
1075 2743 1412 2797 ὰποπεσοῦσι
1450 2742 1544 2795 τοῦ
1595 2743 1970 2814 μακαρισμοῦ.

382 2832 615 2888 Δύναται
646 2834 740 2886 καὶ
764 2833 937 2897 οὕτως
958 2834 1213 2902 γεύεσθαι
1235 2834 1330 2887 καὶ
1352 2836 1379 2887 ὁ
1405 2837 1463 2887 ἐν
1485 2832 1683 2902 γνώσει
1716 2833 1809 2887 τοῦ
1836 2832 1975 2897 ζῶν-

383 2933 475 2989 τος
503 2925 670 2997 ἄρτου
702 2924 798 2977 τοῦ
827 2927 891 2977 ἐκ
915 2923 1011 2976 τοῦ
1037 2925 1268 2996 ούρανοῦ
1303 2925 1744 2996 καταϐεϐηκότος
1779 2942 1973 2995 γεγευ-

388 3017 568 3086 μένος,
603 3016 766 3069 ὁπότε
801 3016 1093 3089 θρηνηθεὶς
1135 3016 1282 3083 ἄξιος
1311 3015 1561 3085 γενέσθαι
1597 3016 1692 3069 τοῦ
1731 3034 1971 3088 μακαρι-

385 3106 546 3177 σμοῦ.
588 3108 697 3160 Καὶ
729 3111 757 3162 ὁ
792 3109 889 3177 μὲν
916 3103 1008 3160 οὖν
1031 3107 1323 3160 Θεοδοτίων
1347 3106 1655 3169 ἀκολούθως
1693 3109 1807 3170 τοῖς
1851 3108 1972 3161 Ἑϐ-

384 3195 694 3266 δομήκοντα
733 3196 1024 3261 ἐξέδωκεν·
1070 3198 1098 3250 ὁ
1128 3197 1186 3250 δέ
1226 3196 1521 3267 Σύμμαχος
1554 3198 1615 3249 οὐ
1656 3197 1797 3251 πάνυ
1828 3198 1972 3269 ἁπα-

386 3285 606 3350 δόντως,
637 3288 897 3355 θρήνους
933 3288 1035 3342 καί
1073 3287 1441 3358 κατάλεγμα,
1486 3290 1584 3343 καὶ
1614 3290 1802 3359 μέλος
1827 3304 1971 3344 πεν-

385 3379 587 3430 θικῶν
634 3378 662 3430 ὁ
707 3379 764 3431 δὲ
799 3379 1049 3445 Ἀκύλας,
1085 3379 1510 3450 γεγραμμένον,
1545 3382 1731 3451 φησὶν,
1766 3378 1846 3453 ἦν
1877 3382 1970 3436 ἐπ’

380 3467 571 3521 αὐτοῦ
598 3469 801 3535 κτίσις
830 3470 927 3525 καί
955 3472 1310 3538 ἀντίόλησις
1327 3489 1342 3502 ο
1370 3471 1467 3525 καὶ
1485 3471 1678 3527 ἔσται.
1702 3474 1811 3526 Καὶ
1829 3475 1973 3544 τάχα

387 3556 479 3612 διὰ
508 3563 699 3615 τούτου
724 3561 976 3633 δηλοῦται
1005 3565 1126 3619 κατ’
1155 3565 1340 3629 αὑτὸν,
1363 3567 1444 3633 ὅτι
1473 3565 1604 3637 περὶ
1625 3565 1725 3636 τῆς
1745 3566 1975 3629 κτίσεως

2076 2004 2342 2075 primario
2393 2004 2651 2074 velutque
2688 2018 2753 2057 ex
2804 2002 3054 2057 instituto
3098 2001 3242 2056 edita
3293 2000 3538 2057 fuerunt.
3593 2004 3672 2058 Ac

2078 2096 2337 2166 primaria
2364 2106 2418 2151 et
2456 2112 2578 2167 quae
2609 2104 2737 2150 ante
2763 2104 2921 2161 sunt,
2969 2093 3212 2147 carmine
3248 2093 3668 2165 signiﬁcantur;

2075 2191 2287 2260 reliqua
2314 2206 2444 2245 vero
2475 2191 2865 2245 lamentatione
2898 2197 2953 2243 et
2980 2203 3081 2243 vae.
3122 2185 3229 2243 Eos
3272 2187 3442 2256 igitur
3484 2186 3580 2256 qui
3611 2201 3672 2242 se

2078 2284 2315 2350 peccatis
2346 2283 2614 2339 obnoxios
2650 2282 2928 2343 fecerunt,
2971 2290 3135 2351 atque
3159 2295 3190 2334 a
3226 2280 3422 2335 salutis
3445 2278 3674 2350 dogma-

2076 2374 2147 2429 tis
2197 2390 2425 2444 prorsus
2469 2375 2818 2441 aberrarunt,
2871 2373 3042 2442 lngeri
3092 2371 3385 2438 existimo,
3430 2387 3668 2439 carmen

2076 2482 2203 2521 vero
2234 2467 2408 2523 beatis
2442 2467 2781 2536 repromitti:
2831 2467 2898 2521 iis
2943 2466 3180 2535 denique
3215 2464 3310 2536 qui
3350 2481 3381 2521 e
3427 2466 3667 2521 beatitu-

2074 2560 2202 2614 dine
2232 2560 2456 2614 omnino
2501 2557 2826 2625 excidertnt,
2868 2573 2947 2613 vae
2982 2557 3314 2612 denuntiari.
3352 2556 3542 2611 Potest
3588 2558 3669 2612 sic

2075 2665 2296 2719 quoque
2326 2658 2568 2719 gustare,
2599 2658 2652 2704 et
2691 2650 2783 2719 qui
2830 2664 3023 2719 panem
3060 2650 3244 2702 vivum
3277 2649 3345 2702 de
3391 2659 3533 2703 cteto
3566 2649 3665 2702 de-

2076 2740 2289 2811 lapsum
2322 2741 2375 2793 in
2408 2741 2634 2795 scientia
2679 2741 2935 2810 gustavit,
2973 2741 3179 2810 quique
3226 2741 3524 2809 aliquando
3573 2740 3669 2793 de-

2074 2832 2236 2889 ﬂetus
2271 2840 2377 2897 est,
2420 2832 2620 2903 dignus
2655 2834 2770 2888 ﬁeri
2826 2834 3183 2889 beatitudine.
3232 2835 3312 2888 Ae
3361 2831 3663 2889 Theodotio

2074 2924 2296 2993 quidem
2337 2923 2497 2992 juxta
2533 2939 2598 2979 ac
2650 2922 3036 2994 Septuaginta;
3079 2922 3442 2995 Symmachus
3476 2932 3658 2978 autem

2074 3031 2182 3070 non
2216 3014 2371 3069 valde
2406 3014 2800 3084 discrepanter,
2842 3014 3273 3079 lamentationes,
3315 3023 3366 3069 et
3397 3016 3664 3085 querimo-

2072 3105 2239 3169 niam,
2272 3120 2335 3157 ac
2372 3118 2583 3157 carmen
2613 3104 2871 3175 lugubre;
2898 3105 3094 3174 Aquila
3124 3121 3274 3172 vero,
3316 3107 3538 3176 scripta,
3575 3108 3665 3160 in-

2075 3199 2216 3268 quit,
2244 3209 2356 3252 erat
2386 3199 2444 3253 in
2474 3214 2533 3252 eo
2563 3198 2784 3265 creatio,
2816 3207 2866 3251 et
2902 3199 3143 3266 collatio,
3169 3210 3217 3255 et
3241 3200 3363 3254 erit.
3409 3199 3489 3256 Ac
3529 3199 3669 3255 forte

2079 3304 2175 3359 per
2206 3289 2309 3344 hoc
2332 3289 2489 3358 juxta
2531 3288 2684 3342 illum
2730 3287 3074 3357 signiﬁcatur
3126 3289 3194 3344 de
3238 3290 3515 3347 creatione
3545 3305 3668 3344 esse

2080 3381 2369 3449 scriptum,
2420 3394 2484 3435 ac
2531 3379 2699 3433 veluti
2749 3379 2817 3434 de
2870 3389 3022 3450 parte
3067 3396 3233 3451 quam
3286 3383 3668 3453 unusquisque

2081 3483 2276 3529 nactus
2305 3482 2470 3528 esset.
2510 3470 2788 3528 Bonorum
2821 3472 3039 3527 tandem
3072 3489 3195 3542 qua:
3222 3481 3351 3528 sunt
3378 3481 3663 3538 eventura,

2082 3564 2480 3636 promissiones
2513 3563 2689 3632 palam
2718 3570 2805 3623 est
2840 3578 2990 3625 voce,
3020 3565 3142 3630 erit,
3172 3563 3472 3634 designari.

386 3650 483 3704 καὶ
508 3652 672 3705 οἱονεὶ
701 3653 918 3727 μερίδος
947 3654 1176 3708 ἑκάστου
1202 3654 1533 3727 ἐγέγραπτο.
1562 3654 1731 3726 Δῆλον
1763 3656 1841 3721 δὲ,
1866 3657 1948 3709 ὅτι
1971 3654 2039 3709 τὰ
2058 3658 2115 3708 ἐν
2134 3654 2489 3724 ἐπαγγελίαις
2515 3655 2696 3724 ἀγαθὰ
2716 3656 2753 3711 ὃ.
2774 3656 2867 3709 καί¹
2886 3655 3200 3727 ἐκϐήσεται,
3231 3657 3556 3727 σημαίνεται
3576 3657 3662 3712 διὰ

377 3738 477 3794 τοῦ
499 3742 692 3797 ἔσται.

456 3836 538 3888 Οὐ
571 3834 722 3903 πρὸς
752 3835 859 3890 τὸν
887 3837 1042 3892 λαὸν
1059 3839 1458 3909 βαθύχεαιον.
1494 3840 1558 3892 El
1588 3838 1696 3911 γὰρ
1729 3837 1803 3911 μὴ
1830 3835 1969 3910 ἦσαν

379 3923 443 3990 ³ξ
469 3925 731 3998 ἐπιπολῆς
761 3928 972 3998 ἔχοντες
1018 3933 1146 3994 τοὺς
1176 3931 1366 4000 λόγους
1410 3930 1609 3996 αὐτῶν,
1636 3931 1751 3984 ἀλλ’
1778 3934 1812 4002 ἡ
1834 3947 1970 4002 καρ-

417 4015 465 4070 ¹α
499 4017 681 4071 αὐτῶν
716 4018 805 4071 διὰ
852 4020 912 4073 τὸ
944 4021 1107 4092 βάθος
1126 4022 1235 4075 τῶν
1269 4024 1557 4094 νοημάτων
1580 4023 1753 4094 στόμα
1775 4018 1843 4095 ἦν
1871 4024 1971 4076 αὐ-

386 4107 508 4174 τῶν,
543 4109 636 4162 καὶ
677 4111 777 4163 οὐκ
804 4110 869 4164 ἂν
899 4114 963 4165 σὺ
1004 4113 1366 4185 είσεληλύθεις
1404 4113 1541 4187 πρὸς
1567 4113 1660 4169 τὸν
1694 4110 1842 4169 οἶκον
1870 4112 1965 4168 τοῦ

390 4199 627 4272 Ἰσραήλ.
698 4203 837 4257 Ἀλλ’
886 4206 1008 4259 οὐδὲ
1057 4206 1432 4278 βαρύγλωσσοί
1473 4208 1619 4260 εἰσιο
1661 4206 1826 4279 βάρος
1857 4208 1967 4278 γὰρ

377 4294 475 4346 καὶ
510 4295 720 4367 κομψόν
749 4315 800 4351 τι
831 4299 932 4352 οὐκ
963 4298 1072 4369 ἔχει
1101 4297 1282 4362 στίϐος
1306 4300 1339 4368 ὴ
1366 4298 1589 4366 γλῶσσα
1619 4298 1819 4364 αὐτῶν,
1844 4299 1964 4370 ἢτοι

377 4387 410 4442 6
435 4386 589 4456 λόγος
608 4405 623 4419 ·
674 4389 782 4442 εἰσὶ
813 4389 870 4443 δέ
915 4390 1326 4459 κουφόγλωσσοι
1344 4407 1358 4421 °
1401 4390 1523 4444 ὅθεν
1571 4391 1864 4459 ἀναγκαῖόν
1905 4406 1965 4443 σε

381 4476 593 4547 βαδίσαι
623 4479 760 4551 πρὸς
794 4481 993 4544 αὐτοὺς
1032 4482 1290 4536 ὑποκάτω
1330 4481 1614 4553 βαίνοντας
1661 4483 1762 4553 τῆς
1797 4479 1966 4548 sese;

380 4584 497 4621 σου.
548 4569 636 4623 Ἐν
670 4568 877 4640 ἐπαίνῳ
913 4569 1007 4623 οὖν
1052 4571 1268 4643 εἴρηται
1320 4573 1354 4625 ό
1395 4571 1761 4639 ,βαθύχειλος
1789 4569 1888 4622 καὶ
1931 4571 1965 4622 ό

374 4657 839 4727 βαρύτλωσσος.
882 4659 1114 4732 Εἴρηται
1153 4661 1211 4715 δὲ
1249 4660 1443 4715 ταῦτα.
1478 4661 1589 4714 Καὶ
1619 4660 1721 4732 ὅρα
1752 4661 1801 4712 εί
1835 4657 1964 4732 περὶ

2150 3836 2270 3892 Non
2311 3839 2381 3893 ad
2412 3838 2661 3907 populum
2704 3839 2957 3909 profundi
2991 3839 3178 3895 labii'.
3237 3839 3352 3896 Nisi
3390 3842 3532 3898 enim
3567 3860 3661 3898 su-

2074 3926 2294 3996 perﬁcio
2342 3934 2503 3981 tenus
2557 3942 2840 3983 sermones
2891 3943 3024 3984 suos
3075 3929 3375 3995 baberent,
3421 3933 3516 3986 sed
3566 3948 3663 3987 cur

2074 4034 2267 4073 eorum
2317 4019 2389 4073 ob
2442 4034 2703 4074 sensuum
2753 4021 3095 4076 altitudinem
3139 4022 3354 4076 illorum
3388 4037 3452 4078 os
3488 4038 3658 4093 esset,

2073 4109 2391 4177 neutiquam
2434 4117 2492 4163 tu
2539 4110 2605 4162 ad
2660 4112 2883 4167 domum
2930 4110 3099 4166 Israel
3148 4112 3430 4182 ingressus
3481 4128 3658 4173 esses.

2075 4199 2179 4257 Sed
2213 4217 2389 4272 neque
2417 4203 2601 4273 gravis
2632 4204 2829 4274 linguae
2859 4214 3021 4271 sunt;
3054 4220 3241 4260 eorum
3278 4222 3513 4277 namque
3538 4203 3661 4263 lin--

2073 4308 2178 4363 ειη
2211 4308 2306 4348 seu
2343 4309 2525 4349 sermo
2562 4296 2695 4349 nihil
2734 4311 2898 4365 grave
2940 4296 3271 4367 elegansque
3307 4306 3402 4351 aut
3438 4299 3656 4354 ﬁrmum

2070 4384 2251 4452 habet,
2284 4386 2377 4440 sed
2405 4385 2531 4440 vani
2577 4386 2779 4456 eloquii
2827 4395 2975 4442 sunt.
3022 4388 3173 4443 Unde
3222 4403 3448 4444 necesse
3481 4399 3566 4447 est
3597 4401 3657 4447 ut

2066 4477 2134 4531 ad
2166 4476 2291 4532 illos
2320 4477 2511 4544 vadas,
2538 4478 2631 4547 qui
2661 4478 2906 4534 moribus
2936 4480 3041 4534 tuis
3072 4479 3362 4535 inferiores
3396 4495 3541 4537 sunt.
3571 4482 3655 4537 Ad

2065 4565 2280 4622 laudem
2329 4567 2494 4637 igitur
2526 4569 2730 4623 dictum
2766 4579 2888 4626 est:
2922 4569 3191 4639 Profuudi
3227 4569 3360 4624 labii
3383 4579 3434 4625 et
3479 4574 3657 4645 gravis

2064 4657 2284 4727 linguis.
2314 4659 2495 4729 Atque
2522 4660 2637 4715 haec
2665 4660 2884 4730 quidem
2916 4662 3061 4717 dicta
3090 4671 3242 4718 sunt.
3270 4661 3337 4718 Et
3369 4664 3490 4719 vide
3520 4680 3656 4721 num

379 4747 491 4800 τῶν
518 4748 629 4801 ἀπὸ
646 4749 755 4802 τῶν
778 4749 967 4815 ἐθνῶν,
998 4750 1047 4803 οἳ
1080 4749 1256 4822 ἕτεροί
1285 4753 1391 4803 εισι
1415 4748 1510 4803 τοῦ
1533 4748 1683 4803 οῐκου
1725 4748 1960 4821 Ἰσραὴλ,

2074 4749 2185 4805 Ιιιιιο
2213 4751 2542 4809 vaticinatus
2573 4754 2643 4808 sit
2676 4754 2942 4823 propheta
2971 4754 3040 4811 de
3070 4756 3346 4825 gentibus,
3381 4773 3504 4827 quae
3533 4758 3656 4813 alia:

381 4839 554 4894 ταῦτα
595 4842 1017 4912 προφητεύεται,
1061 4837 1137 4897 ὧν
1160 4844 1261 4895 οὐκ
1289 4842 1356 4897 ἂν
1385 4842 1586 4914 ἢκουσε
1619 4840 1708 4895 διὰ
1742 4841 1807 4894 τὸ
1849 4842 1967 4897 ἐτε-

385 4931 691 5002 ρόγλωσσον
733 4933 918 4988 αὐτῶν
950 4934 979 4985 ὁ
1030 4933 1281 5005 Ἐϐραῖος
1322 4936 1628 5005 προφήτης.
1674 4932 1867 4997 Βαθεῖς
1907 4933 1964 4986 δὲ

382 5024 616 5093 χείλεσιν
663 5027 710 5078 οἱ
756 5026 911 5078 αὐτοὶ
958 5025 1212 5079 δύνανται
1259 5023 1513 5093 λέγεσθαι
1558 5024 1648 5077 διὰ
1679 5024 1741 5076 τὸ
1783 5023 1858 5095 μὴ
1905 5022 1964 5090 ἐξ

380 5113 650 5184 ἐπιπολῆς
681 5113 748 5167 τὰ
796 5113 916 5168 θεῖα
960 5114 1401 5185 καταλαμϐάνειν
1448 5114 1756 5186 γράμματα
1776 5155 1790 5180 ,
1829 5112 1965 5168 ἀλλὰ

370 5203 663 5259 ιπιστεύειν
694 5207 776 5267 είς
798 5204 866 5258 τὰ
892 5203 1031 5275 βάθη
1060 5204 1155 5258 τοῦ
1177 5205 1364 5277 νόμου.

451 5296 560 5349 Kal
583 5295 709 5361 τοῖς
736 5294 850 5350 ὠσί
873 5311 989 5350 σου
1027 5296 1229 5351 ἄκουε.
1266 5299 1395 5350 Ὅτε
1424 5295 1533 5368 γὰρ
1562 5297 1716 5366 ἅγιος
1749 5296 1965 5351 ἐπιϐου-

384 5382 594 5441 λεύεται
624 5389 730 5441 ὑπὸ
755 5386 865 5442 τῶν
889 5389 1280 5459 ἀντικειμένων
1303 5388 1592 5459 ἐνεργειῶν
1614 5389 1961 5460 διωκόμενος,

381 5477 573 5550 Χρῄζει
606 5480 700 5533 τοῦ
730 5480 936 5552 Κυρίου
969 5481 1353 5543 διακόπτοντος
1380 5481 1505 5543 τοὺς
1535 5479 1830 5545 διώκοντας
1857 5481 1966 5534 ἀπὸ

380 5567 483 5622 τῶν
511 5570 877 5643 διωκομένων,
904 5572 997 5626 καὶ
1021 5574 1182 5627 οίονεὶ
1213 5571 1795 5640 ὀπισθοφυλακοῦντος.
1832 5571 1968 5626 Τού-

380 5674 468 5712 του
493 5660 549 5715 δὲ
584 5659 852 5728 σύμϐολον
882 5662 975 5714 καὶ
998 5663 1066 5714 τὰ
1096 5663 1154 5713 ἐν
1178 5663 1245 5732 τῇ
1290 5660 1513 5726 Ἑξόὸῳ
1531 5659 1705 5724 οὕτως
1729 5659 1927 5731 ἔχοντα
1945 5678 1959 5693 ⁸

392 5747 603 5822 Vitium
630 5750 699 5804 δὲ
727 5754 759 5805 ό
787 5751 1037 5820 ἅγγελος
1069 5755 1101 5806 ό
1122 5754 1636 5822 προπορευόμενος
1664 5753 1775 5821 τῆς
1813 5769 1963 5824 παρ-

2070 4852 2199 4897 sunt
2223 4859 2255 4897 a
2283 4843 2448 4899 domo
2464 4845 2654 4911 Israel,
2685 4854 2741 4900 et
2769 4861 2908 4915 quas
2923 4862 3032 4901 non
3064 4848 3359 4904 audivisset
3392 4849 3653 4918 propheta

2070 4930 2330 4992 Hebraeus
2362 4937 2434 4991 ob
2464 4938 2682 4994 illarum
2727 4938 2926 5010 lingua:
2954 4941 3349 4997 diversitatem.
3382 4940 3653 4999 Profundi

2072 5035 2252 5081 autem
2293 5027 2420 5082 lahii
2454 5038 2684 5099 possunt
2707 5030 2815 5086 dici
2842 5031 2988 5101 quod
3029 5048 3140 5088 non
3177 5034 3461 5102 superﬁcie
3494 5042 3655 5090 tenus

2071 5116 2289 5173 divinas
2318 5118 2526 5175 litteras
2561 5120 2851 5191 accipiant,
2896 5123 2991 5178 sed
3033 5123 3088 5180 in
3137 5124 3478 5179 altitudinem
3518 5124 3652 5195 legis

2069 5210 2314 5265 credant.

2138 5301 2304 5374 510
2322 5302 2390 5357 Et
2422 5307 2641 5361 auribus
2657 5307 2760 5362 tuis
2793 5308 2919 5361 audi
2941 5307 2983 5362 ".
3008 5307 3242 5374 Quando
3267 5307 3412 5364 enim
3427 5316 3650 5364 sanctus

2071 5394 2286 5449 insidiis
2301 5395 2520 5463 petitur,
2539 5398 2829 5454 contrariis
2846 5398 3140 5454 virtutibus
3159 5412 3287 5454 eum
3320 5412 3650 5468 persequen-

2071 5486 2237 5552 tibus,
2273 5486 2636 5543 necessariam
2668 5488 2829 5543 habet
2869 5488 2966 5545 Dei
3017 5503 3197 5558 opem,
3232 5486 3327 5555 qui
3372 5485 3517 5540 velut
3551 5488 3647 5539 oh-

2066 5575 2209 5643 jecto
2238 5575 2380 5630 vallo
2411 5586 2800 5648 persequentes
2827 5578 2896 5634 ab
2930 5593 2996 5633 eo
3037 5579 3330 5648 dispescat,
3377 5591 3445 5633 ac
3488 5577 3646 5647 quasi

2071 5680 2101 5718 a
2140 5674 2288 5736 tergo
2321 5667 2567 5722 excubiis
2612 5668 2790 5738 ipsum
2831 5677 3099 5739 protegat.
3132 5667 3307 5738 Hujus
3350 5669 3427 5724 rei
3475 5670 3647 5740 ﬁgura

2073 5766 2200 5811 sunt
2248 5767 2301 5813 et
2343 5775 2464 5828 quae
2511 5761 2564 5816 in
2611 5760 2798 5817 Exodo
2849 5763 3116 5818 habentur
3148 5763 3203 5818 in
3235 5763 3347 5819 haec
3392 5762 3644 5839 verba',

449 5838 470 5868 ‘
503 5840 703 5896 Ezech.
737 5855 799 5909 tt,
828 5841 882 5894 ὃ.
962 5840 983 5872 ⁸
1011 5841 1139 5897 ibid.
1170 5857 1249 5909 In,
1281 5842 1333 5896 5.
1409 5841 1431 5875 δ
1465 5842 1595 5896 Ibid.
1628 5843 1710 5898 l0.
1790 5842 1811 5874 '
1833 5842 1984 5899 Enni.
2032 5860 2143 5911 xw,
2180 5846 2262 5901 l9.
