4128 6426
541 389 646 446 775

1962 387 2054 443 EX
2092 386 2398 446 ORIGENE

3693 404 3800 460 776

543 499 855 574 Tollensque
877 517 930 554 se
957 500 1172 570 angelus
1196 501 1289 570 qui
1318 500 1643 567 praeerit-bat
1676 510 1853 555 castra
1879 500 2102 568 ﬁliorum

2213 499 2470 570 εμϐολῆς
2521 500 2642 556 τῶν
2697 503 2841 558 υἵῶν
2897 507 3144 576 Ἰσραὴλ
3171 549 3185 570 ,
3239 511 3335 564 καί
3383 510 3676 584 ἐπορεύθη
3730 523 3801 572 ἐκ

538 591 734 656 Israel,
763 591 894 645 abiit
935 601 1051 659 post
1085 605 1192 656 eos,
1217 600 1322 644 etc.
1363 589 1465 643 Sed
1501 599 1553 644 et
1580 591 1683 645 hoc
1709 591 1938 646 observa
1966 591 2110 660 quod

543 699 642 738 vox
680 690 826 736 retro
852 682 1037 734 audita
1073 680 1162 745 sit,
1198 696 1327 734 num
1350 695 1413 733 ea
1446 680 1701 749 loquendi
1728 681 1961 736 formula
1985 698 2114 752 pos-

537 774 609 829 sit
631 785 820 830 rerum
850 771 960 842 jam
998 771 1394 841 praeteritarum
1434 771 1673 842 cognitio
1702 773 2016 843 signiﬁcari.
2055 772 2111 828 Si

536 862 661 932 quis
690 871 871 915 autem
901 861 1040 914 lianc
1065 875 1094 913 a
1123 860 1229 916 Deo
1260 861 1490 932 gratiam
1514 871 1841 918 consecutus
1857 873 1961 929 est,
1981 873 2040 918 ut
2061 874 2115 919 et

529 965 595 1007 ea
631 966 753 1024 qua:
781 949 964 1005 futura
1007 959 1136 1006 sunt
1177 952 1369 1006 sedulo
1399 953 1815 1023 contempletur,
1850 954 1939 1008 hic
1969 954 2115 1009 velut

535 1052 663 1097 ante
689 1056 748 1097 se
775 1057 963 1097 vocem
992 1042 1196 1098 audiet.
1233 1043 1388 1109 Quod
1418 1060 1490 1100 an
1527 1044 1728 1100 alicubi
1769 1045 1974 1101 dictum
2015 1045 2110 1111 sit,

535 1146 768 1202 quazres.

607 1221 892 1276 Benedicta
920 1222 1095 1293 gloria
1123 1220 1340 1276 Domini
1367 1223 1431 1277 de
1469 1223 1585 1277 loco
1620 1241 1717 1278 suo
1741 1225 1782 1279 ⁸.
1816 1223 1994 1282 Locus
2015 1224 2111 1282 Dei

536 1314 865 1386 intelligendi
915 1325 1042 1370 sunt
1089 1331 1278 1371 omnes
1315 1318 1409 1386 qui
1457 1318 1680 1388 capiunt
1710 1318 1965 1374 virtutem
1991 1318 2109 1375 Dei.

533 1406 760 1478 PrOprie
789 1417 966 1462 tamen
1001 1408 1092 1462 Dei
1126 1409 1277 1464 locus
1298 1417 1382 1463 est
1425 1409 1676 1465 Salvator
1724 1420 1778 1465 et
1821 1410 2110 1481 Dominus,

534 1499 996 1569 quemadmodum
1025 1509 1080 1552 et
1107 1499 1278 1568 ipsius
1303 1498 1602 1556 Salvatoris
1636 1501 1786 1556 locus
1811 1510 1897 1556 est
1926 1502 2107 1558 Pater.

534 1591 713 1660 Atque
737 1592 840 1644 hoc
871 1591 1030 1645 modo
1067 1590 1414 1660 intelligimus
1447 1591 1611 1645 etiam
1645 1591 1694 1645 id
1727 1593 1871 1661 quod
1914 1595 1968 1648 in
2010 1593 2111 1648 Mi-

532 1684 684 1738 chaaa
716 1689 896 1736 exstat
921 1681 1007 1736 his
1031 1681 1211 1735 verbis
1234 1681 1252 1711 ⁷
1282 1698 1296 1734 :
1325 1678 1460 1735 Ecce
1495 1682 1635 1735 enim
1674 1681 1930 1739 Dominus
1959 1702 2107 1756 egre-

534 1767 708 1824 dietur
734 1773 799 1826 de
827 1772 941 1825 loco
985 1787 1104 1836 suo,
1153 1780 1202 1824 et
1238 1772 1529 1838 descendet,
1577 1783 1625 1827 et
1669 1776 1912 1830 ascendet
1954 1793 2110 1847 super

527 1864 732 1919 excelsa
774 1873 948 1929 terrae,
983 1871 1087 1918 etc.
1123 1863 1375 1918 Arbitror
1402 1863 1552 1920 enim
1578 1865 1727 1921 hisce
1759 1867 1937 1922 verbis
1971 1885 2111 1938 pra.»
2136 1849 2183 1906 Β

527 1954 632 2010 diei
675 1953 809 2020 fore,
838 1963 898 2008 ut
944 1951 1194 2006 Salvator
1238 1967 1427 2009 noster
1474 1955 1768 2011 descendat
1809 1959 2109 2028 procedens

528 2048 595 2096 «te
622 2044 742 2098 loco
779 2057 903 2109 suo,
933 2050 988 2096 et
1015 2041 1240 2096 veniens
1280 2057 1311 2096 e
1355 2043 1629 2113 pracipuo
1658 2061 1761 2099 suo
1789 2061 1916 2101 cum
1947 2045 2110 2104 Patre

527 2143 694 2190 statu.
725 2133 911 2190 Potest
934 2144 1111 2189 tamen
1144 2135 1305 2188 etiam
1338 2133 1490 2192 locus
1522 2134 1617 2191 Dei
1647 2139 1828 2193 vocari
1867 2138 1919 2194 id
1961 2139 2109 2210 quod

524 2227 670 2295 apud
700 2225 928 2279 Paulum
955 2226 1050 2278 lux
1069 2223 1462 2280 inaccessibilis
1493 2225 1696 2281 dicitur
1715 2227 1802 2282 his
1833 2227 2014 2285 verbis
2039 2229 2060 2262 "
2091 2248 2105 2284 :

531 2320 636 2382 Qui
667 2317 810 2372 solus
841 2316 992 2370 habet
1021 2314 1504 2385 immortalitatem,
1541 2316 1710 2370 lucem
1741 2318 1987 2375 habitam
2024 2321 2110 2375 in-

526 2409 904 2463 accessibilem.
959 2408 1099 2475 Quid
1158 2423 1288 2464 vero
1352 2408 1442 2463 illa
1491 2408 1616 2464 est?
1675 2409 1955 2468 Altissima
2011 2413 2106 2470 Dei

518 2500 786 2572 cognitio,
823 2501 890 2556 ad
917 2517 1081 2571 quam
1118 2517 1279 2558 nemo
1312 2509 1489 2571 petest
1519 2502 1800 2570 accedere,
1831 2519 1932 2562 nec
1959 2504 2107 2563 illius

523 2593 1065 2663 comprehensionem
1099 2607 1312 2664 capere.

593 2795 988 2867 Speculatorem
1017 2794 1139 2849 dedi
1170 2808 1221 2850 te
1249 2795 1434 2850 domui
1467 2795 1702 2852 Israel’.
1747 2795 2102 2868 Quandoqui-

521 2890 646 2944 dem
693 2905 835 2961 aegre
881 2890 1014 2945 ferri
1063 2889 1225 2945 debet
1261 2889 1426 2944 illud:
1459 2887 1850 2961 Speculatorem
1889 2890 2013 2943 dedi
2056 2899 2104 2943 te

520 2985 700 3038 domui
735 2983 926 3050 Israel,
953 3000 1176 3042 necesse
1199 2994 1283 3040 est
1313 2999 1414 3040 nos
1445 2983 1660 3040 edoceri
1682 2983 1959 3054 quomodo
1983 2999 2104 3053 pro-

521 3076 681 3146 pheta
715 3075 890 3130 iactus
921 3076 994 3131 sit
1043 3076 1373 3146 speculator,
1429 3083 1491 3129 ut
1543 3074 1803 3145 quoniam
1855 3074 2098 3128 nonnulli

2214 591 2334 646 τῶν
2355 592 2627 658 ὄπισθεν,
2642 596 2736 649 καί
2756 595 2823 649 τὰ
2839 597 2985 667 ἑξῆς.
3007 601 3116 654 Καὶ
3137 599 3296 654 τοῦτο
3319 603 3378 656 δὲ
3399 605 3645 679 πρόσχῃς
3671 611 3802 680 περὶ

2213 682 2307 736 τοῦ
2364 684 2688 739 κατόπισθεν
2739 687 3003 756 ὴκοῦσθαι
3061 691 3162 762 τὴν
3214 693 3418 766 φωνὴν,
3471 697 3520 748 εἰ
3579 697 3800 756 δύναται

2214 774 2248 844 ἡ
2287 775 2386 846 μὲν
2418 778 2548 847 περὶ
2591 776 2699 830 τῶν
2742 778 2839 850 ἤδη
2874 781 3325 854 παρεληλυθότων
3374 787 3578 856 γνῶσις
3612 789 3800 860 δηλοῦ-

2215 865 2338 921 σθαι
2365 867 2430 920 ὲκ
2467 867 2564 922 τοῦ
2602 869 2892 924 ἀκούεσθαι
2921 873 3104 945 φωνὴν
3136 876 3467 932 κατόπισθεν
3487 895 3500 909 ·
3539 882 3588 934 εἰ
3624 881 3682 935 δέ
3714 898 3799 945 τις

2213 959 2435 1032 χάριτος
2473 958 2624 1024 θείας
2666 960 2816 1032 τύχοι
2855 962 2993 1034 πρὸς
3036 964 3097 1018 τὸ
3135 965 3408 1040 θεωρῆσαι
3436 971 3529 1024 καὶ
3563 972 3632 1026 τὰ
3665 971 3799 1042 περὶ

2211 1051 2320 1103 τῶν
2336 1050 2638 1122 μελλόντων
2649 1054 2945 1124 ἐπιμελῶς,
2959 1050 3113 1121 οὗτος
3126 1058 3191 1112 ἂν
3210 1062 3372 1116 οίονεὶ
3382 1064 3515 1118 ἀκού
3523 1081 3588 1138 σῃ
3613 1081 3796 1137 φωνης

2211 1145 2276 1197 ὲκ
2296 1143 2406 1197 τῶν
2422 1143 2728 1215 ἔμπροσθεν
2744 1146 2909 1200 αὑτοῦ
2926 1165 2938 1176 ·
2958 1149 3096 1222 ὅπερ
3112 1148 3371 1224 ζητήσεις
3381 1155 3534 1209 εἵπου
3553 1158 3790 1229 εἰρηται.

2283 1233 2676 1305 Εὐλογημένη
2716 1237 2755 1304 ἡ
2783 1235 2936 1302 δόξα
2962 1241 3184 1309 Kvpt'ov
3221 1244 3289 1297 ἐκ
3320 1245 3430 1299 τοῦ
3458 1247 3644 1303 τόπου
3679 1253 3790 1304 αὐ-

2211 1325 2337 1378 τοῦ.
2399 1326 2575 1378 Τόπον
2616 1326 2752 1380 Θεοῦ
2805 1329 3024 1399 νοητέον
3068 1331 3280 1398 πάντας
3310 1338 3436 1401 τοὺς
3482 1339 3792 1412 χωροῦντας

2211 1416 2439 1508 δύναμιν
2482 1416 2650 1508 Θεοῦ⁶
2699 1419 2839 1491 πλὴν
2877 1421 3082 1494 κυρίως
3118 1425 3285 1491 τόπος
3321 1427 3387 1482 ἂν
3420 1431 3503 1500 εἴη
3533 1430 3562 1481 ό
3601 1433 3794 1508 Σωτὴρ

2210 1507 2304 1561 καὶ
2332 1507 2555 1579 Κύριος,
2580 1507 2770 1581 ὥσπερ
2798 1511 2865 1564 ἂν
2903 1513 2998 1566 καὶ
3029 1514 3193 1569 αὐτοῦ
3221 1516 3311 1570 τοῦ
3345 1519 3600 1591 Σωτῆρος
3633 1507 3796 1588 τόσως

2209 1599 2238 1652 ό
2271 1601 2480 1672 Πατήρ.
2521 1601 2632 1654 Καὶ
2659 1600 2846 1656 τοῦτόν
2876 1621 2939 1672 γε
2969 1605 3059 1660 τὸν
3094 1608 3293 1679 τρόπον
3323 1613 3659 1684 νενοήκαμεν
3699 1618 3792 1670 καὶ

2208 1691 2268 1745 τὸ
2289 1695 2346 1746 ὲν
2373 1693 2450 1762 τῷ
2479 1695 2692 1764 Μιχαίᾳ
2716 1695 2889 1759 οὕτως
2909 1696 3032 1768 ἔχον
3052 1715 3064 1728 ·
3096 1699 3252 1753 Διότι
3287 1701 3415 1756 ἰδοὺ
3451 1705 3663 1772 Κύριος
3692 1707 3790 1761 ἐκ-

2210 1785 2522 1852 πορεύεται
2549 1784 2618 1838 ἐκ
2641 1786 2746 1840 τοῦ
2768 1789 2956 1842 τόπου
2989 1788 3204 1859 αὐτοῦ,
3240 1792 3339 1845 καί
3371 1797 3789 1864 καταϐήσεται,

2210 1875 2310 1929 καί
2339 1875 2686 1944 ἐπιϐήσεται
2710 1878 2811 1932 ἐπὶ
2840 1879 2912 1934 τὰ
2939 1881 3066 1950 ὕψη
3094 1879 3201 1951 τῆς
3228 1883 3343 1953 γῆς
3361 1926 3376 1950 ,
3427 1888 3518 1940 καὶ
3540 1887 3609 1942 τὰ
3642 1890 3789 1960 ἑξῆς.

2211 1962 2376 2037 Οἶμαι
2397 1967 2505 2040 γὰρ
2533 1967 2622 2023 διὰ
2650 1969 2855 2024 τούτων
2886 1974 3326 2045 προφητεύεσθαι
3353 1977 3450 2050 τὴν
3481 1978 3572 2032 τοῦ
3605 1981 3790 2052 Σωτῆ-

2212 2073 2306 2127 ρος
2334 2056 2492 2128 ἡμῶν
2535 2059 2782 2124 κάθοδον,
2813 2063 3250 2135 ἐκπορευομένου
3278 2069 3344 2121 ὲκ
3371 2068 3465 2122 τοῦ
3494 2069 3660 2124 τόπου
3691 2072 3791 2126 αύ-

2209 2146 2303 2200 τοῦ
2331 2150 2426 2202 καὶ
2449 2150 2874 2222 κατεληλυθότος
2907 2155 3015 2208 ἀπὸ
3045 2155 3143 2226 τῆς
3177 2157 3275 2211 σὺν
3307 2159 3387 2230 τῷ
3419 2161 3596 2234 Πατρὶ
3621 2180 3794 2235 προη-

2209 2241 2483 2313 γουμένης
2515 2246 2900 2310 καταστάσεως
2941 2247 3131 2302 αὐτοῦ.
3165 2249 3398 2304 Δύναται
3432 2251 3676 2322 μέντοιγε
3707 2255 3794 2309 τό-

2211 2348 2312 2395 πος
2350 2333 2635 2389 καλεῖσθαι
2671 2336 2805 2390 Θεοῦ
2831 2338 2898 2392 τὸ
2927 2336 3216 2412 λεγδμενυν
3253 2342 3395 2412 παρὰ
3439 2343 3633 2414 Παύλῳ
3673 2347 3789 2414 φῶς

2209 2423 2502 2494 ἀπρόσιτον
2532 2427 2590 2478 ὲν
2621 2425 2698 2496 τῷ
2718 2442 2731 2454 ·
2749 2426 2813 2479 ὀ
2846 2428 3036 2496 μόνος
3064 2429 3222 2499 ἔχων
3261 2433 3622 2499 ἀθανασίαν,
3662 2435 3790 2505 φῶς

2207 2512 2388 2568 οἰκῶν
2411 2515 2762 2584 ἀπρόσιτον.
2810 2517 2875 2570 Τί
2911 2517 2970 2572 δὲ
2996 2518 3153 2575 τοῦτό
3177 2523 3359 2590 conv;
3406 2524 3468 2577 Ἦ
3513 2524 3788 2600 βαθυτάτη

2207 2604 2408 2674 γνῶσις
2445 2605 2540 2660 τοῦ
2582 2606 2740 2673 Θεοῦ,
2865 2611 2965 2682 οὐχ
3007 2607 3119 2665 οἷόν
3164 2630 3224 2666 τε
3269 2615 3584 2686 προσελθεῖν
3643 2636 3787 2687 τινα,

2207 2695 2328 2750 οὐδὲ
2360 2698 2605 2768 χωρῆσαι
2636 2698 2736 2770 τὴν
2763 2700 3063 2772 κατάληψιν
3092 2703 3283 2776 αὐτῆς.

2279 2786 2517 2840 Σκοπέιν
2563 2787 2794 2843 δέδωκά
2826 2806 2901 2845 σε
2935 2791 3017 2860 τῷ
3048 2795 3191 2859 οίκφ
3234 2798 3500 2866 Ἰσραήλ.
3546 2801 3786 2876 Ἐπειδή-

2207 2895 2314 2949 περ
2337 2877 2552 2950 βαρέως
2586 2879 2847 2950 φέρεσθαι
2881 2883 3066 2955 μέλλει
3092 2887 3153 2940 τό
3178 2905 3190 2918 ·
3231 2892 3467 2945 Σκοπὸν
3495 2893 3692 2949 ἔδωκά
3714 2912 3789 2952 σε

2205 2968 2286 3036 τῷ
2322 2970 2466 3035 οἴκῳ
2510 2972 2782 3041 Ἰσραὴλ,
2826 2976 2996 3048 ἐχρῆν
3031 2979 3182 3048 ἡμᾶς
3213 2980 3526 3054 διδαχθῆναι
3557 2986 3674 3051 πῶς
3697 2987 3789 3057 γέ-

2205 3075 2362 3128 γονεν
2388 3061 2416 3113 ὁ
2449 3063 2735 3134 προφήτης
2770 3065 3004 3132 σκοπὸς,
3039 3068 3145 3132 ἵνα,
3177 3069 3398 3125 ἐπειδάν
3420 3090 3563 3139 τινες
3601 3078 3666 3130 ὲκ
3691 3077 3787 3131 τοῦ

518 3185 584 3224 ea
607 3185 728 3239 qua:
768 3169 968 3239 scripta
1015 3178 1143 3223 sunt
1183 3184 1290 3222 non
1329 3167 1706 3230 observantes,
1743 3166 2102 3235 speculatoris

2209 3152 2284 3224 μὴ
2317 3155 2676 3225 τετηρηκέναι
2718 3156 2787 3211 τὰ
2823 3159 3186 3231 γεγραμμένα
3220 3163 3528 3236 ἐπιπηδῶσι
3556 3165 3634 3238 τῷ
3673 3169 3789 3223 ὀνό-

520 3278 720 3318 nomen
749 3272 1000 3332 carpunt,
1037 3276 1102 3316 ex
1131 3270 1240 3316 tota
1263 3260 1542 3331 Scriptura
1564 3274 1660 3315 eos
1679 3257 2102 3326 coniundamus,

518 3356 865 3411 ostendentes
895 3355 1171 3423 quomodo
1195 3353 1254 3408 lit
1278 3362 1334 3409 et
1358 3352 1521 3408 datur
1548 3352 1860 3424 speculator
1895 3353 1961 3408 iis
2005 3353 2100 3422 qui

518 3464 646 3503 vere
689 3457 816 3501 sunt
847 3446 939 3500 lilii
984 3446 1174 3501 Israel.
1221 3444 1308 3499 Fit
1338 3444 1522 3516 itaque
1574 3444 1627 3498 in
1676 3444 1823 3499 hunc
1876 3444 2100 3499 modum

519 3539 868 3609 speculator,
919 3536 1138 3607 quando
1191 3550 1386 3606 nempe
1436 3545 1631 3606 praeter
1668 3550 1732 3590 ea
1787 3549 1910 3605 quae
1953 3534 2101 3590 dicta

516 3639 666 3696 sunt,
708 3629 768 3684 ﬁt
808 3643 1005 3683 manus
1035 3627 1249 3682 Domini
1275 3641 1440 3697 super
1467 3627 1725 3697 aliquem,
1759 3640 1862 3681 nec
1892 3625 2102 3697 simpli-

516 3724 651 3776 citer
680 3736 874 3775 manus
900 3719 1135 3783 Domini,
1161 3718 1255 3773 sed
1298 3719 1415 3789 ipsa
1459 3717 1618 3774 fortis
1652 3727 1817 3789 atque
1850 3720 2095 3775 robusta.

514 3814 790 3870 Fortassis
829 3813 973 3867 enim
1025 3826 1133 3866 non
1168 3825 1336 3880 super
1381 3825 1606 3875 omnes,
1643 3826 1807 3881 super
1851 3826 1992 3882 quos
2039 3812 2100 3867 lit

513 3910 711 3962 manus
748 3903 984 3967 Domini,
1019 3902 1071 3956 lit
1104 3917 1300 3956 manus
1332 3900 1548 3956 Domini
1591 3901 1748 3958 fortis
1790 3911 1952 3973 atque
2001 3919 2089 3959 ro-

515 3999 698 4063 busta,
737 3996 879 4066 quod
909 3994 1013 4048 sibi
1043 3994 1270 4047 invicem
1302 3993 1510 4049 similes
1543 4008 1652 4048 non
1681 3995 1813 4060 sint,
1854 3996 1946 4064 qui
1977 3996 2097 4064 ⁵Ιιοιε

513 4094 927 4156 consequuntur
957 4092 1018 4136 ut
1053 4082 1120 4136 ad
1149 4098 1208 4137 se
1233 4081 1327 4136 liat
1363 4097 1558 4138 manus
1591 4082 1828 4138 Domini.
1863 4083 2096 4141 Necesse

511 4188 795 4234 estautem
827 4186 883 4230 ut
910 4176 1002 4245 qui
1025 4174 1464 4244 sitingressurus
1497 4175 1550 4228 in
1575 4175 2093 4244 captivitatem,non

513 4269 738 4325 humilis
753 4268 806 4320 in
821 4281 943 4322 eam
965 4264 1316 4334 ingrediatur,
1340 4279 1438 4318 nec
1449 4263 1636 4318 eodem
1649 4264 1834 4318 animo
1846 4264 2092 4334 allectus,

511 4358 741 4431 quoipsi
767 4357 989 4427 captivi,
1007 4356 1100 4412 sed
1115 4367 1267 4411 extra
1295 4370 1642 4411 communem
1658 4354 1819 4427 411
1853 4372 1916 4412 ac
1943 4359 2091 4429 vulgi

513 4463 715 4509 sortem
733 4453 862 4506 celsi
878 4452 1044 4505 animi
1062 4451 1153 4516 sit,
1170 4459 1223 4504 et
1238 4451 1400 4504 veluti
1424 4465 1488 4504 ex
1504 4451 1722 4519 specula
1737 4451 2090 4520 uniuscujus-

2208 3260 2340 3314 ματι
2368 3247 2460 3299 τοῦ
2492 3246 2696 3300 σκοποῦ
2717 3287 2730 3311 ,
2765 3249 3177 3323 δυσωπήσωμεν
3205 3254 3404 3319 αὐτοὺς
3437 3256 3498 3321 ἐξ
3527 3257 3656 3330 ὅλης
3682 3261 3786 3333 τῆς

2204 3335 2424 3404 λέξεως,
2461 3339 2916 3412 παραδεικνύντες
2951 3343 3070 3406 πῶς
3108 3343 3316 3412 γίνεται
3349 3348 3550 3412 σκοπὸς
3577 3352 3672 3404 καὶ
3695 3352 3785 3405 δέ-

2201 3431 2350 3488 δοται
2382 3436 2494 3499 τοῖς
2522 3433 2738 3506 άληθῶς
2766 3436 2903 3499 υἱοῖς
2949 3435 3188 3508 Ἰσραήλ.
3232 3437 3443 3492 Γίνεται
3479 3440 3659 3494 τοίνυν
3693 3441 3786 3496 οῦ-

2201 3540 2311 3588 τως
2345 3524 2567 3589 σκοπὸς,
2615 3524 2754 3579 ἐπὰν
2785 3526 2926 3597 πρὸς
2955 3531 3070 3592 τοῖς
3113 3529 3530 3600 προειρημένοις
3575 3531 3784 3599 γίνεται

2202 3616 2295 3670 ὲπί
2332 3635 2454 3672 τινα
2495 3619 2619 3689 χεὶρ
2638 3619 2876 3690 Κυρίουο
2912 3621 3008 3674 καὶ
3047 3622 3147 3694 οὐχ
3178 3623 3364 3687 ἁπλῶς
3402 3625 3525 3697 χεὶρ
3553 3626 3783 3697 Κυρίου,

2200 3711 2315 3766 ἀλλ’
2346 3711 2482 3784 αὑτὴ
2524 3711 2780 3783 κραταιά.
2826 3711 2980 3783 Τάχα
3017 3713 3124 3784 γὰρ
3163 3715 3263 3766 οὐκ
3305 3715 3398 3767 ἐπὶ
3430 3716 3658 3782 πάντας,
3689 3715 3785 3782 οὓς

2200 3804 2408 3873 γίνεται
2451 3805 2570 3876 χεὶρ
2610 3804 2840 3876 Κυρίου,
2881 3806 3090 3875 γίνεται
3128 3807 3365 3878 κραταιὰ
3405 3809 3526 3880 χεὶρ
3554 3809 3784 3881 Κυρίου,

2199 3894 2278 3966 τῷ
2309 3896 2444 3967 μηδὲ
2476 3894 2893 3967 παραπλησίους
2931 3896 3178 3968 ἀλληλοις
3208 3892 3346 3950 εἶναι
3382 3900 3506 3962 τοὺς
3527 3899 3784 3971 ἀξιουμέ-

2199 4004 2325 4050 νους
2364 3987 2544 4060 χειρὸς
2591 3987 2819 4059 Κυρίου.
2869 3990 2961 4040 Δεῖ
3007 3987 3062 4041 δὲ
3094 3989 3185 4042 τὸν
3228 3989 3537 4046 εἰσελθόντα
3579 3993 3657 4055 εἰς
3688 3993 3786 4063 τὴν

2198 4079 2577 4150 αἰχμαλωσίαν
2612 4079 2688 4152 μὴ
2722 4079 2977 4135 ταπεινὸν
3008 4079 3268 4134 εἰσελθεῖν
3297 4083 3376 4146 εἰς
3404 4081 3573 4155 αὐτὴν
3598 4084 3692 4137 καὶ
3717 4082 3787 4138 τὰ

2199 4166 2558 4240 παραπλήσια
2598 4167 2875 4238 πάσχοντα
2917 4170 3030 4232 τοῖς
3068 4169 3604 4240 αἰχμαλωτισθεῖσιν,
3650 4173 3786 4231 ἀλλά

2195 4277 2316 4312 τινα
2337 4258 2664 4330 διῃρημένον
2697 4259 2793 4313 καὶ
2822 4259 3116 4333 μετέωρον,
3145 4261 3240 4315 καὶ
3267 4262 3343 4327 ὡς
3367 4263 3476 4316 άπὸ
3492 4264 3660 4334 ὕψους
3683 4282 3784 4320 κα-

2196 4349 2574 4407 τασκοποῦντα
2609 4350 2678 4402 τὰ
2725 4349 2994 4422 ἰδιώματα
3031 4352 3150 4416 ἑνὸς
3175 4353 3407 4406 ἑκάστου
3443 4355 3552 4408 τῶν
3579 4373 3784 4411 πεπον-

2202 4442 2372 4495 θότων
2410 4440 2508 4513 τὴν
2554 4439 2936 4513 αἰχμαλωσίαν
2976 4442 3072 4497 καὶ
3100 4443 3253 4515 παρὰ
3276 4446 3389 4508 τοῖς
3420 4445 3658 4516 ῥεύμασι
3688 4448 3784 4502 τοῦ

513 4561 619 4616 que
656 4543 993 4613 captivorum
1035 4543 1128 4612 qui
1168 4542 1324 4612 juxta
1362 4540 1562 4595 ﬂuenta
1588 4539 1736 4594 ﬂuvii
1762 4541 2093 4610 captivitatis

2204 4532 2448 4606 ποταμοῦ
2497 4533 2597 4605 τῆς
2645 4531 3024 4604 αἰχμαλωσίας
3076 4533 3472 4589 κατοικούντων
3521 4537 3615 4590 καὶ
3668 4542 3784 4601 τοῖς

513 4637 677 4691 rebus
700 4633 1042 4688 instabilibus
1071 4642 1428 4703 occupantur,
1459 4631 1814 4702 proprietates
1841 4631 2093 4688 conside-

513 4738 614 4785 ret.
647 4727 933 4800 Oportebit
963 4728 1127 4781 etiam
1156 4735 1216 4780 ut
1238 4724 1561 4780 revertendo
1581 4724 1696 4778 dies
1727 4723 1947 4778 Sabbati
1985 4741 2090 4780 nu-

513 4835 705 4887 meret,
733 4829 794 4874 ut
824 4819 1108 4889 diligenter
1137 4818 1274 4872 sciat
1291 4831 1412 4886 quae
1445 4824 1575 4870 sunt
1597 4815 1954 4885 captivorum.
1974 4815 2092 4873 Sic-

513 4931 617 4984 que
655 4915 838 4969 audiet
871 4930 886 4966 :
932 4910 1324 4978 Speculator-em
1360 4907 1480 4961 dedi
1523 4916 1571 4960 te
1607 4906 1788 4961 domui
1818 4906 2011 4963 Israel.

585 5005 807 5076 Iniquus
830 5003 921 5056 ille
959 5004 1012 5056 in
1049 5018 1146 5056 sua
1186 4999 1459 5070 injustitia
1485 4999 1739 5051 morietur
1764 4999 1829 5052 ¹⁰.
1860 4997 1978 5054 Νοη
2008 5015 2093 5055 so-

510 5099 621 5154 lum
679 5095 1015 5163 iniquitatis,
1065 5106 1253 5146 verum
1317 5091 1479 5144 etiam
1537 5089 1746 5143 viarum
1806 5090 2088 5158 meminit;

510 5205 704 5258 nempe
735 5186 1072 5255 iniquitatem
1115 5199 1314 5238 vocans
1345 5181 1491 5253 quod
1523 5181 1714 5235 attinet
1737 5181 1802 5236 ad
1839 5181 2088 5252 impieta-

511 5291 615 5335 tem
665 5289 720 5334 et
767 5278 1033 5332 idolorum
1080 5277 1320 5341 cultum;
1357 5275 1473 5330 vias
1503 5283 1706 5340 autem,
1754 5273 1806 5329 id
1841 5274 1986 5344 quod
2015 5273 2086 5328 ad

507 5374 752 5430 actiones
783 5385 907 5440 erga
937 5369 1241 5439 proximum
1269 5375 1498 5437 spectat.

577 5467 645 5520 Et
679 5467 725 5519 si
764 5463 1006 5517 averterit
1041 5477 1094 5514 se
1121 5460 1300 5530 justus
1327 5460 1392 5514 ¹¹.
1440 5457 1684 5512 Primum
1715 5459 1934 5528 quidem
1971 5458 2086 5512 hac

505 5559 646 5614 dicta
681 5565 830 5619 sunt,
859 5554 1002 5624 quod
1045 5553 1179 5606 nilnl
1215 5558 1359 5606 vetet
1390 5551 1686 5619 quominus
1715 5549 1761 5604 is
1791 5549 1883 5618 qui
1903 5550 2085 5616 justus

505 5660 588 5706 est
622 5649 813 5713 cadat;
846 5645 1042 5700 deinde
1064 5646 1210 5715 quod
1240 5651 1294 5699 et
1327 5642 1402 5696 illi
1429 5657 1568 5712 opus
1594 5641 1666 5697 sit
1697 5639 1926 5694 scorsim
1957 5650 2082 5706 spe-

594 5834 615 5863 '
642 5831 835 5886 Ezcclt.
871 5845 950 5897 ιιι,
987 5830 1072 5883 12.
1149 5829 1164 5860 ⁷
1199 5827 1360 5884 Micli.
1387 5843 1425 5894 ι,
1452 5827 1504 5880 5.
1587 5826 1608 5858 ⁸
1639 5825 1654 5878 l
1683 5825 1825 5879 Tim.
1859 5837 1936 5888 v1,
1977 5825 2062 5883 l6.

2136 5829 2155 5857 τ’
2193 5821 2360 5874 ὶὲιυιιι
2415 5833 2494 5881 Ill,
2537 5817 2614 5873 Π.
2700 5817 2740 5847 ¹⁰
2777 5816 2905 5872 ibid.
2943 5815 3030 5871 i9.

2200 4623 2456 4686 ἁστάτοις
2487 4622 2668 4677 αὐτῶν
2695 4622 3006 4694 πράγμασι.
3055 4622 3308 4696 Ἀριθμὸν
3337 4623 3394 4677 δὲ
3417 4623 3600 4696 δεήσει
3625 4627 3783 4696 ποιῆ-

2203 4733 2292 4772 σαι
2311 4713 2539 4787 ἡμερῶν
2564 4713 2836 4769 σαϐϐάτου
2871 4714 3361 4787 ἀναστρεφόμενον,
3391 4715 3475 4767 ἵνα
3506 4716 3778 4785 ἐπιμελῶς

2203 4807 2289 4880 ἴδῃ
2321 4804 2392 4860 τὰ
2421 4804 2531 4859 τῶν
2560 4803 2942 4876 αἰχμαλώτων.
2967 4796 3099 4858 ’Καὶ
3127 4803 3300 4868 οὕτως
3332 4803 3554 4857 ἀκούσει
3575 4821 3588 4834 ·
3634 4808 3780 4860 Σκο-

2201 4899 2321 4953 πὸν
2346 4894 2582 4954 δέδωκά
2600 4913 2677 4952 σε
2705 4895 2788 4962 τῷ
2813 4896 2958 4960 οῑκφ
3009 4895 3275 4964 Ἰσραήλ.

2280 4991 2333 5042 '0
2363 4989 2588 5060 ἄνομος
2622 4987 2854 5056 ἐκεῖνος
2887 4987 2960 5041 ἐν
2995 4985 3069 5055 τῇ
3112 4985 3312 5052 ἀδικίᾳ
3339 4984 3526 5039 αὐτοῦ
3559 4987 3780 5043 ἀποθα-

2192 5082 2398 5137 νεῖται.
2425 5081 2542 5136 Οὐκ
2567 5081 2797 5152 ἀνομίας
2829 5079 3020 5150 μόνον,
3052 5077 3188 5132 ἀλλὰ
3228 5077 3322 5131 καὶ
3368 5077 3500 5133 ὁδῶν
3540 5082 3777 5153 ἐμνημό-

2192 5194 2280 5229 vso
2291 5193 2368 5238 σε,
2392 5173 2491 5246 τὴν
2519 5173 2750 5244 ἀνομίαν
2775 5173 2975 5244 φήσας,
3009 5171 3103 5223 ἐπὶ
3124 5173 3191 5242 τῇ
3217 5170 3440 5241 ἀσεϐείᾳ
3463 5173 3556 5225 καὶ
3580 5178 3647 5246 τῇ
3671 5176 3779 5232 τῶν

2191 5266 2426 5320 εἰδώλων
2448 5265 2712 5338 θεραπεία
2733 5279 2748 5294 °
2780 5263 2850 5318 τὰ
2879 5262 2936 5316 δὲ
2961 5263 3115 5326 ὁδοὺς
3149 5263 3242 5315 ἐπὶ
3270 5261 3378 5316 τῶν
3405 5263 3654 5334 πράξεων
3670 5267 3778 5320 τῶν

2193 5360 2272 5420 εἰς
2304 5356 2395 5410 τὸν
2418 5355 2667 5427 πλησίον.

2259 5448 2369 5502 Kal
2390 5447 2462 5500 ἐν
2489 5445 2570 5512 τῷ
2604 5446 3008 5515 ἀποστρέφειν
3045 5446 3296 5500 δίκαιον.
3317 5447 3537 5518 Πρῶτον
3557 5448 3684 5516 μὲν,
3701 5447 3779 5512 ὡς

2191 5538 2416 5594 δυνατοῦ
2437 5537 2589 5601 ὄντος
2612 5538 2706 5591 τοῦ
2734 5538 2943 5591 δικαίου
2980 5541 3328 5608 μεταπεσεῖν,
3344 5539 3518 5592 ταῦτα
3539 5539 3773 5610 εἴρηταιο

2191 5629 2440 5699 δεύτερον
2471 5629 2552 5696 δὲ,
2581 5631 2662 5684 ὅτι
2696 5631 2792 5684 καὶ
2813 5631 2894 5684 δεῖ
2919 5629 3093 5702 τούτῳ
3129 5629 3576 5701 διαστελλομένου
3627 5629 3776 5704 αὐτῷ

3144 5815 3182 5848 ⁸³
3214 5815 3341 5873 ibid.
3374 5813 3464 5870 20.
