4128 6442
466 418 569 473 ῗῖῖ

1629 410 1941 468 SELECTA
1979 411 2046 465 IN
2089 410 2550 467 EZECHIELEM.

3647 415 3752 474 778

475 534 674 594 σκοποῦ
695 552 709 566 ⁸
745 536 839 590 καὶ
862 536 1043 609 τρίτον
1073 528 1165 588 ἐπὶ
1198 530 1296 604 μὲν
1332 531 1424 586 τοῦ
1456 532 1659 604 ἀνόμου
1694 533 1881 597 ἁπλῶς
1910 532 2044 603 εἴρη-

2166 532 2440 596 cnlatore;
2479 548 2542 586 ac
2575 532 2755 599 tertio,
2784 536 2932 605 quod
2961 534 3027 590 de
3049 536 3235 607 iniquo
3261 539 3510 594 absolute
3539 537 3744 594 dictum

465 643 558 680 ται
573 625 633 679 τό
649 642 663 656 ·
705 626 757 678 '0
784 624 1009 695 ἄνομος
1034 625 1103 679 ἐν
1117 622 1193 694 τῇ
1214 625 1430 693 ἀνομίᾳ
1444 622 1629 677 αὐτοῦ
1645 623 2050 678 ἀποθανεῖται.

470 720 712 782 Βάσανος
741 717 1003 772 τέτακται
1042 719 1128 770 ἐπ’
1160 716 1354 771 αὑτοῦ·
1388 715 1565 770 Δώσω
1586 714 1717 790 γὰρ,
1754 717 1907 785 φησὶ,
1938 714 2055 784 τὴν

460 810 747 877 βάσανον
770 812 856 876 εἱς
887 810 1211 877 πρόσωπον
1236 807 1446 862 αὐτοῦ.

538 902 649 957 Καὶ
678 900 911 972 ἐγένετο
946 901 1039 954 ἐπ’
1067 899 1172 970 ἐμὲ
1220 900 1348 969 χείρ
1392 900 1635 968 Κυρίου.
1689 898 1907 970 Ἐπειδὴ
1954 898 2053 953 οὐκ

468 994 721 1049 ἐδύναντο
752 994 1046 1064 ἑστηκότος
1071 991 1234 1047 αὐτοῦ
1261 992 1480 1047 ἀκούειν
1499 993 1547 1045 οἱ
1574 994 1633 1046 ὲν
1670 995 1737 1063 τῇ
1766 990 2055 1063 αἰχμαλω-

466 1085 581 1156 σίᾳ,
620 1085 708 1138 διὰ
736 1083 894 1137 τοῦτο
917 1084 1185 1156 ὲκαθέσθη
1214 1086 1270 1138 ὲν
1303 1084 1454 1157 μέσῳ
1482 1083 1681 1137 αὐτῶν.
1714 1085 1844 1138 Ὅτε
1869 1084 1926 1138 δὲ
1959 1086 2055 1138 αύ-

462 1177 558 1241 τὺς
580 1176 759 1249 μέλλει
786 1175 1002 1247 βλέπειν
1028 1176 1127 1248 τὴν
1165 1175 1322 1240 δόξαν
1353 1177 1559 1249 Κυρίου
1580 1216 1595 1240 ,
1636 1175 1917 1230 ἀνίσταται
1960 1178 2054 1230 καὶ

464 1267 744 1340 ἐξέρχεται
772 1270 852 1332 εἰς
875 1267 936 1321 τὸ
956 1266 1166 1332 πεδίον,
1201 1267 1710 1339 συλλαμϐανομένου
1751 1267 1912 1338 μόνου
1956 1266 2051 1321 τοῦ

467 1359 704 1424 πλάτους
753 1358 847 1413 τού
897 1359 1080 1412 πεδίου
1116 1361 1178 1432 τῇ
1212 1359 1329 1430 ὄψει
1362 1359 1461 1430 τῆς
1493 1358 1651 1431 δόξης
1694 1358 1900 1431 Κυρίου
1921 1400 1936 1426 ,
1985 1359 2053 1431 ἢν

466 1450 692 1524 ἔμελλεν
720 1453 852 1524 ὁρᾷν
874 1452 902 1504 ὁ
934 1453 1243 1525 προφήτης.

538 1545 818 1612 Είσελθε,
863 1545 961 1598 καὶ
1000 1544 1389 1614 ἐγ-κλείσθητι
1433 1544 1503 1598 ἑνν-
1527 1543 1698 1615 μέσῳ
1727 1545 1835 1598 τοῦ
1881 1543 2052 1598 οἴκου

466 1653 603 1693 σου.
657 1638 809 1690 Ἐπεὶ
830 1637 926 1707 οὐχ
957 1632 1070 1691 οἷόν
1105 1637 1166 1691 τέ
1198 1640 1316 1690 ἐστι
1355 1636 1657 1690 διακεῖσθαι
1702 1637 2051 1709 προσδιατρί-

466 1729 627 1783 ϐοντα
658 1728 1030 1799 ἐξεληλυθέναι
1057 1729 1153 1781 καὶ
1182 1727 1467 1798 έστηκέναι
1493 1728 1584 1781 τὸν
1617 1726 1697 1781 ἔτι
1730 1729 1858 1783 ὄντα
1894 1730 1950 1782 ὲν
1974 1729 2053 1800 τῷ

467 1823 716 1894 σώματι·
750 1822 907 1875 καλεῖ
939 1822 1049 1893 γὰρ
1080 1823 1114 1893 ή
1145 1822 1431 1893 σωματικὴ
1476 1821 1635 1894 χρεία
1674 1821 1811 1893 πρὸς
1852 1822 1915 1875 τὸ
1958 1822 2053 1877 καῒ⁹

468 1915 606 1985 μετὰ
633 1913 731 1977 τὰς
765 1913 917 1976 θείας
945 1913 1180 1985 Θεωρίας
1215 1914 1374 1967 πάλιν
1404 1913 1664 1968 εἰσελθεῖν
1687 1916 1766 1979 εἰς
1802 1915 1864 1968 τὸ
1894 1916 2052 1987 σῶμα

465 2006 562 2058 καὶ
583 2004 744 2058 οἱονεὶ
782 2004 850 2057 τὰ
894 2004 988 2057 τοῦ
1028 2004 1415 2077 κεκλεισμένου
1468 2006 1733 2076 πάσχειν·
1773 2006 1861 2061 διὰ
1894 2009 2055 2063 τοῦτο

464 2096 682 2164 λέγεται
718 2095 857 2165 μετὰ
882 2096 944 2148 τὸ
971 2096 1274 2168 ἑωρακέναι
1317 2097 1481 2153 αὑτὸν
1509 2100 1801 2169 ἑστηκυῖαν
1839 2100 1940 2173 τὴν
1972 2100 2056 2156 δό-

468 2187 584 2252 ξαν,
616 2187 709 2241 καὶ
739 2185 877 2258 μετὰ
899 2186 960 2240 τὸ
992 2186 1098 2240 ὑπὸ
1132 2187 1225 2241 τοῦ
1260 2187 1572 2260 πνεύματος
1598 2190 1916 2263 ἐστηρίχθαι
1959 2193 2054 2246 ἐπὶ

462 2276 573 2332 τῶν
595 2276 766 2331 ποδῶν
782 2276 968 2342 αὐτοῦ,
995 2277 1076 2344 τὸ,
1103 2276 1383 2344 Είσελθε,
1400 2278 1781 2349 ἐγκλείσθητι
1802 2266 1876 2335 ἐκ
1882 2280 2054 2351 μέσῳ

459 2369 567 2423 τοῦ
593 2369 764 2425 οἴκου
796 2385 935 2424 σου.

541 2460 686 2515 Ἰδοὺ
711 2461 972 2517 δίδονται
994 2462 1093 2517 ἐπὶ
1122 2464 1199 2518 σὲ
1225 2464 1457 2535 δεσμοί.
1490 2458 1602 2519 Καὶ
1631 2466 1779 2531 τίνες
1806 2464 1873 2520 ἂν
1903 2466 2051 2522 ἄλλοι

456 2547 565 2608 εἷεν
591 2553 640 2605 οἱ
662 2552 934 2625 δεδομένοι
970 2555 1062 2609 ἐπὶ
1100 2556 1192 2610 τὸν
1229 2559 1517 2631 προφήτην
1546 2558 1735 2629 δεσμοὶ
1775 2558 1808 2630 ἦ
1854 2556 1911 2612 αἱ
1941 2577 2049 2614 σω-

460 2647 688 2716 ματικαὶ
719 2646 976 2717 ἀνάγκαι,
1002 2650 1060 2701 ὲν
1089 2643 1178 2712 αἷς
1212 2651 1352 2706 εἰσιν
1373 2654 1423 2706 οἱ
1475 2650 1834 2723 δεσμεύοντες
1864 2653 2048 2724 ἡμᾶς·

456 2736 534 2801 ὡς
570 2738 929 2810 μὴδύνασθαι
964 2739 1146 2813 πάντη
1176 2742 1435 2814 ἐκφυγεῖν
1470 2742 1642 2807 αὑτὰς
1685 2742 1782 2799 καὶ
1814 2743 2050 2809 ἐξελθεῖν

458 2830 553 2882 ἀπ’
576 2829 784 2901 αὐτῶν;
841 2828 977 2888 Διὰ-τ’
996 2832 1199 2897 ταύτας
1245 2835 1512 2889 συνδεῖται
1550 2836 1585 2908 ἡ
1631 2834 1857 2905 γλῶσσα
1889 2837 2048 2909 ήμῶν

458 2920 567 2981 ὰπὸ
594 2926 726 2980 Θεοῦ
762 2926 901 2997 πρὸς
922 2925 1015 2979 τὸν
1037 2926 1319 2996 λάρυγγα·
1352 2924 1495 2980 ὥστε
1527 2926 1603 2998 μὴ
1636 2926 1730 2980 τὸν
1760 2927 1890 3000 περὶ
1939 2926 2048 2984 τῶν

460 3017 720 3075 πλειόνων
744 3017 901 3086 λόγον
923 3017 1018 3072 καὶ
1050 3016 1460 3088 μυστικώτατον
1482 3020 1540 3072 ὲν
1555 3021 1688 3091 ήμῖν
1706 3014 1847 3075 εἶναι
1883 3038 2048 3092 μετα-

2155 621 2266 675 sit:
2316 620 2540 692 Iniquus
2583 639 2639 676 ιη
2693 624 2975 695 iniquitate
3024 642 3120 680 sua
3174 629 3451 683 morietur.
3512 629 3750 685 Ponitur

2157 723 2487 767 tormentum
2521 730 2685 785 super
2723 731 2847 770 cum
2882 735 2894 771 :
2945 717 3090 771 Dabo
3126 719 3293 786 enim,
3338 721 3517 791 inquit
3539 722 3603 786 ³³,
3632 731 3751 776 tor-

2154 814 2386 859 mentum
2419 806 2472 859 in
2513 806 2705 877 faciem
2742 808 2879 877 ejus.
3324 811 3330 815 ’

2230 896 2297 951 Ει
2346 898 2489 967 facta
2517 909 2595 954 est
2629 902 2786 970 super
2820 916 2902 954 me
2926 916 3114 955 manus
3138 900 3353 955 Domini
3382 903 3446 958 ”.
3471 903 3612 971 Quia
3637 922 3746 961 non

2154 997 2407 1057 poterant
2446 991 2907 1061 raptivistantem
2940 992 3091 1045 illum
3124 994 3336 1059 audire,
3373 994 3580 1051 ideirco
3607 998 3751 1053 sedit

2156 1079 2210 1133 in
2244 1082 2424 1137 medio
2454 1099 2669 1138 eorum.
2702 1084 2772 1139 At
2801 1099 2924 1139 cum
2964 1087 3079 1156 ipse
3107 1086 3325 1141 Domini
3355 1088 3584 1157 gloriam
3616 1103 3752 1144 con-

2157 1184 2446 1243 specturus
2468 1186 2571 1241 est,
2616 1188 2743 1235 tunc
2766 1181 2941 1252 surgit
2969 1192 3023 1238 et
3063 1183 3114 1237 in
3162 1198 3417 1253 campum
3451 1183 3747 1253 egreditur,

2158 1276 2217 1320 ut
2254 1269 2371 1323 sola
2406 1272 2585 1341 campi
2616 1272 2851 1328 latitudo
2884 1290 2993 1330 una
3019 1291 3142 1331 cum
3173 1283 3397 1345 aspectu
3430 1278 3618 1348 gloria:
3641 1278 3752 1334 Do-

2156 1359 2290 1413 mini
2315 1375 2480 1431 quam
2527 1372 2680 1420 stans
2730 1364 2953 1422 visurus
3005 1374 3125 1422 erat
3161 1370 3448 1439 propheta,
3493 1385 3748 1443 compre—

2156 1451 2507 1509 henderetur.

2226 1542 2538 1614 Ingredere,
2585 1556 2636 1601 et
2675 1547 2942 1605 includere
2975 1550 3029 1605 in
3077 1552 3249 1606 medio
3303 1552 3493 1610 domus
3538 1562 3644 1610 tua:
3681 1557 3745 1611 “.

2155 1632 2295 1700 Quia
2351 1636 2466 1691 lieri
2525 1652 2634 1693 non
2683 1650 2882 1710 potest,
2954 1652 3014 1697 ut
3054 1643 3147 1712 qui
3195 1644 3377 1700 adhuc
3407 1655 3660 1703 versatur
3689 1648 3745 1703 in

2156 1740 2404 1797 corpore,
2439 1729 2492 1783 in
2526 1730 2803 1803 longiores
2836 1750 3025 1790 moras
3053 1735 3205 1791 exire
3237 1753 3302 1791 ac
3339 1747 3486 1795 stare
3516 1741 3750 1797 sulliciat

2159 1816 2479 1889 (corporalis
2511 1822 2659 1876 enim
2688 1823 2798 1880 illic
2826 1826 3129 1880 necessitas
3159 1836 3243 1884 cst
3270 1837 3331 1889 ut
3362 1840 3416 1883 et
3445 1847 3568 1886 cum
3607 1833 3750 1888 divi-

2156 1928 2225 1966 na
2263 1912 2434 1984 gloria
2462 1915 2517 1969 in
2547 1930 2749 1988 corpus
2778 1933 2997 1973 rursum
3033 1920 3391 1993 ingrediatur,
3424 1939 3488 1979 ac
3510 1925 3659 1980 velut
3682 1942 3745 1983 ea

2156 2019 2279 2074 qua:
2308 2005 2508 2062 inclusi
2543 2024 2784 2074 carcere,
2816 2012 3101 2082 patiatur),
3135 2013 3341 2071 idcirco
3368 2015 3588 2083 dicitur,
3624 2030 3748 2089 post

2155 2109 2502 2169 conspectam
2536 2110 2771 2158 stantem
2803 2103 3058 2174 gloriam,
3087 2114 3140 2162 et
3164 2117 3455 2179 postquam
3481 2126 3604 2166 eum
3634 2113 3748 2184 spi-

2154 2189 2297 2245 ritus
2317 2206 2481 2262 supra
2507 2195 2672 2264 pedes
2700 2212 2830 2251 suos
2858 2196 3083 2253 ﬁrmiter
3106 2208 3373 2258 statuerat
3397 2221 3410 2258 :
3438 2202 3741 2276 Ingredere,

2155 2278 2427 2336 includere
2447 2283 2503 2336 in
2535 2285 2708 2340 medio
2742 2286 2932 2342 domus
2960 2297 3083 2343 tum.
3140 2309 3145 2313 '

2225 2461 2363 2518 Ecce
2390 2465 2590 2551 dantur
2620 2486 2776 2541 super
2803 2483 2852 2528 te
2872 2474 3083 2530 vincula
3108 2477 3172 2533 ‘3.
3198 2477 3333 2534 Nam
3357 2498 3608 2551 quamam
3636 2484 3742 2539 alia

2152 2552 2277 2609 data
2312 2555 2516 2614 fuerint
2549 2548 2716 2631 super
2756 2567 3080 2636 prophetam
3125 2548 3568 2644 vincula—quam
3613 2593 3743 2634 cor-

2152 2646 2369 2714 porales
2403 2650 2754 2708 necessitates
2774 2695 2790 2722 ,
2832 2655 2886 2710 in
2935 2659 3135 2728 quibus
3176 2672 3306 2717 sunt
3336 2680 3458 2734 qua:
3487 2682 3589 2724 nos
3620 2669 3745 2723 vin-

2152 2733 2341 2790 ciunt:
2374 2737 2448 2793 ita
2477 2748 2537 2794 ut
2561 2757 2668 2797 non
2701 2744 2864 2800 liceat
2898 2762 2993 2805 eas
3038 2751 3264 2806 omnino
3297 2733 3534 2827 etingere
3580 2767 3634 2814 et
3673 2760 3743 2815 ab

2149 2827 2231 2883 eis
2259 2828 2450 2885 exire?
2477 2829 2558 2886 Oh
2586 2848 2703 2903 eas,
2732 2837 2827 2892 Dei
2857 2840 3159 2910 voluntate,
3192 2844 3376 2918 lingua
3409 2859 3595 2906 nostra
3623 2851 3745 2908 fau-

2149 2919 2306 2977 cibus
2336 2924 2544 2980 nostris
2578 2928 2736 2996 quasi
2766 2929 2949 2986 vincta
2980 2935 3223 2993 adhaeret
3257 2956 3271 2993 :
3317 2939 3392 2995 ita
3442 2951 3500 2997 ut
3532 2959 3639 3000 non
3672 2947 3745 3003 sit

2148 3021 2353 3072 nostra:
2374 3013 2650 3074 facultatis
2694 3020 3004 3079 uberiorem
3048 3027 3360 3086 doctrinam
3408 3042 3573 3105 atque
3611 3039 3742 3093 abs-

459 3108 659 3164 διδόναι
679 3110 792 3173 τοῖς
806 3110 1306 3181 παραπικραίνουσι
1328 3110 1389 3164 τδ
1417 3110 1569 3164 Θεῖον
1601 3111 1693 3166 καὶ
1717 3110 1792 3183 μὴ
1807 3110 2044 3185 χωροῦσι

2151 3109 2445 3166 trusiorem
2497 3110 2605 3166 illis
2634 3110 2902 3184 impertiri
2925 3118 3018 3187 qui
3052 3117 3225 3176 Deum
3259 3135 3608 3196 exasperant,
3640 3146 3744 3188 nec

460 3201 652 3270 λόγους
691 3202 1057 3271 ἐλεγκτικούς.
1114 3202 1259 3274 Πλὴν
1298 3203 1748 3276 παρατηρητέον,
1796 3206 1878 3258 ὄτι
1915 3204 2043 3261 ἔνθα

2147 3202 2376 3274 capiunt
2400 3203 2564 3259 verba
2592 3205 2990 3279 objurgatoria.
3019 3211 3290 3271 Caeterum
3334 3215 3741 3277 observandum

459 3291 681 3346 πλείονά
705 3293 911 3347 ἐστιτὰ
956 3295 1347 3366 ἁμαρτήματα,
1381 3294 1659 3350 κελεύεται
1687 3297 1716 3350 ὁ
1757 3299 2043 3371 προφήτης

2147 3303 2250 3361 est,
2276 3294 2368 3349 ubi
2405 3295 2639 3365 plurima
2666 3306 2796 3351 sunt
2825 3309 3071 3369 peccata,
3106 3301 3202 3370 ibi,
3250 3321 3320 3362 ne
3363 3309 3600 3379 amplius
3641 3312 3742 3368 ob-

457 3382 595 3454 μηδὲ
625 3383 868 3453 ἐλέγχειν
902 3382 982 3437 ἔτι
1013 3383 1101 3438 διὰ
1126 3383 1222 3438 τοῦ
1243 3402 1256 3416 ·
1289 3386 1399 3440 Καὶ
1434 3388 1546 3440 οὐκ
1567 3386 1684 3457 ἔσῃ
1717 3388 1925 3456 αὐτοῖς
1952 3392 2041 3457 εὶς

2147 3382 2343 3455 iurget,
2375 3387 2654 3457 prophetae
2687 3390 2907 3460 praacipi
2938 3392 3022 3448 his
3055 3394 3236 3451 verbis
3281 3398 3323 3431 “
3349 3417 3362 3453 :
3390 3398 3463 3456 Et
3502 3417 3608 3458 non
3634 3407 3740 3461 eris

453 3471 646 3540 ἄνδρα
685 3473 1016 3543 ἐλέγχοντα
1038 3515 1053 3540 ,
1116 3475 1266 3530 διότι
1330 3477 1498 3545 οἶκος
1546 3479 2042 3547 παραπικραίνων

2147 3477 2219 3531 eis
2267 3477 2324 3531 in
2376 3479 2549 3532 virum
2576 3479 2978 3557 .objurgantem,
3013 3487 3140 3555 quia
3184 3488 3373 3545 domus
3410 3509 3738 3566 exasperatis

449 3565 586 3621 ἐστί
604 3583 618 3597 ·
649 3565 773 3621 οὔτε
794 3562 851 3620 δὲ
871 3568 957 3620 ἀεὶ
988 3567 1269 3622 κελεύεται
1310 3570 1520 3641 σιωπᾷν
1543 3570 1639 3625 καὶ
1665 3570 1740 3642 μὴ
1769 3569 2036 3641 ἐλέγχειν,

451 3656 568 3713 ἀλλ’
591 3659 650 3714 ὲν
678 3658 856 3731 καιρῷ
880 3660 974 3713 καὶ
991 3659 1149 3714 τοῦτο
1181 3664 1355 3716 ποιεῖν
1391 3661 1479 3716 διὰ
1511 3663 1573 3717 τὸ
1599 3662 1884 3736 εἰρῆσθαιο
1926 3662 2041 3718 Καὶ

450 3749 522 3803 ἐν
544 3749 628 3817 τῷ
656 3748 869 3804 λαλεῖν
886 3768 965 3820 με
995 3751 1144 3819 πρὸς
1172 3751 1248 3806 σὲ
1274 3753 1497 3819 ἀνοίξω
1537 3753 1606 3809 τὸ
1653 3756 1851 3824 στόμα
1895 3771 2036 3820 σου,

451 3842 550 3896 καὶ
585 3842 740 3911 ἐρεῖς
765 3843 915 3912 πρὸς
941 3844 1164 3912 αὐτούς
1186 3861 1200 3875 ⁶
1249 3844 1394 3900 Τάδε
1423 3845 1588 3917 λέγει
1633 3847 1878 3914 Κύριος⁹
1926 3845 2039 3901 Καὶ

449 3934 687 3989 ἁκούων
703 3935 991 4002 ἀκουέτω,
1021 3936 1121 3991 καὶ
1149 3940 1181 3990 ὀ
1207 3936 1469 3992 ἀπειθῶν
1489 3938 1820 3994 ἀπειθείτω.

1110 4114 1267 4169 ΚΕΦ.
1309 4115 1384 4170 Δ’.

516 4204 672 4260 Λάϐε
692 4202 929 4270 σεαυτῷ
953 4204 1228 4259 πλίνθον.
1264 4199 1430 4276 Οἶμαι
1471 4205 1571 4277 τὴν
1612 4205 2034 4281 λαμϐανομένην

444 4297 673 4353 πλίνθον
704 4295 937 4352 ἕκαστον
982 4293 1124 4351 εἶναι
1158 4297 1266 4353 τῶν
1300 4299 1407 4370 πρὸ
1444 4298 1540 4352 τοῦ
1587 4301 2031 4368 πεπιστευκέναι,

444 4390 653 4461 πλίνθῳ
672 4390 771 4461 τὴν
799 4389 1041 4445 διάνοιαν
1066 4389 1338 4444 ἐοικότων.

521 4478 631 4533 Τοῦ
665 4479 872 4533 αὐτοῦ.
907 4477 1132 4532 Πλίνθον
1161 4477 1393 4534 ἐνταῦθα
1416 4480 1621 4552 νομίζω
1650 4480 1904 4552 λέγεσθαι
1932 4483 2031 4555 τὴν

2140 3576 2239 3623 est.
2285 3565 2396 3623 Nec
2451 3585 2581 3624 vero
2623 3570 2901 3627 silentium
2950 3589 3167 3644 semper
3213 3565 3551 3653 imperatur,
3580 3595 3635 3643 et
3669 3605 3740 3644 ne

2142 3657 2426 3730 objurget;
2471 3674 2662 3715 rerum
2697 3661 2802 3718 hoc
2838 3679 3058 3735 quoque
3103 3668 3157 3722 in
3199 3678 3442 3743 tempore
3475 3687 3739 3747 praestare

2138 3746 2383 3816 iubetur,
2431 3747 2639 3805 dictum
2687 3759 2771 3806 est
2824 3754 2970 3809 enim
2997 3756 3080 3811 ’τε
3122 3756 3193 3811 Et
3237 3746 3497 3833 loquenda
3548 3769 3619 3822 ad
3663 3780 3734 3833 te.

2142 3840 2379 3908 aperiam
2410 3857 2468 3895 os
2504 3849 2673 3907 tuum,
2706 3851 2756 3897 et
2787 3845 2929 3900 dices
2972 3849 3042 3903 ad
3079 3867 3166 3907 eos
3199 3870 3217 3907 :
3240 3850 3404 3927 412
3436 3854 3569 3913 licet:
3604 3862 3734 3917 dicit

2142 3931 2402 3985 Dominus
2424 3948 2445 3986 :
2473 3933 2578 3998 Qui
2607 3935 2780 4005 audit,
2826 3936 3053 4008 audiat;
3095 3954 3144 3999 et
3177 3948 3269 4017 qui
3293 3958 3371 4004 est
3408 3951 3733 4022 inobediens,

2142 4040 2241 4078 non
2278 4025 2505 4081 obediat.

2791 4121 2945 4178 CAP.
2991 4124 3083 4183 IV.

2791 4124 2945 4178 CAP.
2991 4124 3083 4183 IV.

2210 4207 2371 4264 Sume
2401 4211 2499 4264 tibi
2527 4209 2748 4265 laterem
2772 4212 2834 4266 ".
2869 4212 3157 4281 Existimo,
3193 4234 3355 4290 quem
3397 4228 3566 4283 sumit
3597 4230 3732 4285 late-

2138 4314 2289 4365 rem,
2338 4317 2793 4373 unumquemque
2839 4319 2962 4361 esse
3001 4324 3190 4365 eorum
3225 4314 3331 4383 qui
3358 4328 3537 4374 mente
3576 4323 3731 4379 lateri

2137 4393 2345 4448 similes
2379 4403 2508 4450 sunt
2539 4408 2666 4451 ante
2705 4410 3015 4470 susceptam
3049 4403 3233 4460 tidem.

2207 4483 2482 4555 Ejusdem.
2521 4488 2766 4546 Laterem
2802 4493 2906 4549 hoc
2957 4495 3081 4552 loco
3129 4497 3237 4556 dici
3289 4502 3529 4560 arbitror
3574 4509 3729 4566 rudis

440 4568 539 4625 τοῦ
566 4568 893 4625 ἀπαιδεύτου
926 4570 1023 4629 καὶ
1050 4571 1279 4642 ἀνοήτου
1302 4570 1500 4644 ψυχὴν,
1522 4575 1579 4626 ἐν
1610 4566 1643 4646 ᾖ
1670 4572 2031 4645 διαγράφεται

2147 4576 2380 4634 hominis
2414 4596 2479 4636 ac
2512 4581 2820 4654 insipientis
2850 4587 3113 4656 animam,
3159 4589 3212 4645 in
3238 4609 3344 4663 qua
3380 4610 3410 4649 a
3438 4601 3727 4670 propheta,

443 4659 553 4716 ὑπὸ
590 4659 684 4714 τοῦ
729 4662 1006 4733 προφήτου
1047 4661 1144 4717 καὶ
1183 4660 1277 4715 τοῦ
1314 4662 1614 4734 δυναμένου
1659 4662 1931 4718 διδάσκειν
1963 4663 2033 4719 τὰ

2147 4668 2284 4724 etab
2304 4684 2370 4725 eo
2392 4670 2483 4742 qui
2510 4682 2692 4742 potest
2717 4673 2915 4732 docere
2941 4678 3229 4749 Spiritalia,
3257 4659 3322 4740 ac
3348 4659 3729 4755 praestantiora

444 4751 790 4822 πνευματικὰ
823 4753 918 4806 καὶ
958 4751 1026 4806 τὰ
1057 4753 1343 4825 κρείττονα
1385 4754 1832 4827 παραδεικνύναι,
1876 4758 2032 4824 πόλις

2147 4769 2473 4828 monstrare,
2528 4765 2918 4825 describuntur
2960 4772 3157 4829 civitas
3202 4751 3502 4834 Jerusalem
3529 4823 3546 4848 ,
3606 4798 3728 4854 qua:

454 4843 830 4916 Ἰερουσαλὴμ,
852 4845 947 4898 καὶ
979 4844 1046 4898 τὰ
1071 4848 1129 4899 ὲν
1153 4846 1290 4917 αὐτῇ
1329 4848 1624 4919 μυστήρια,
1663 4849 1757 4902 καὶ
1806 4850 1835 4903 ὀ
1873 4850 2031 4921 λόγος

438 4944 544 5013 τῇς
585 4934 793 5001 πόλεως
836 4935 932 4990 τοῦ
991 4936 1126 4991 Θεοῦ
1177 4937 1271 4992 καί
1320 4937 1430 4993 τῶν
1480 4940 2029 5015 ὲμπολιτευσαμέιων

438 5028 598 5098 αὐτῇ.
643 5028 877 5100 Περιοχὴ
927 5028 984 5082 δὲ
1013 5031 1111 5101 τῆς
1142 5030 1348 5094 πόλεως
1387 5030 1454 5085 ἂν
1495 5033 1583 5109 εἴη
1607 5034 1856 5107 δόγματα
1900 5039 2027 5109 ὀχυ-

439 5118 638 5191 ροῦντα
666 5123 793 5186 τοὺς
815 5120 1006 5192 λόγους
1042 5124 1169 5186 τοὺς
1193 5124 1322 5195 περὶ
1348 5125 1549 5198 αὐτήν⁸
1581 5128 1942 5201 προμαχῶνες
1970 5132 2027 5186 δὲ

436 5214 496 5268 αἱ
541 5216 1043 5270 κατασκευαστικά).
1079 5216 1402 5283 ἀποδείξεις.
1456 5220 1611 5297 Τάχα
1653 5220 1710 5274 δὲ
1760 5224 1856 5276 καὶ
1903 5225 2024 5278 καθ’

435 5306 637 5375 ἑαυτὴν
669 5307 703 5378 ή
734 5306 923 5379 λογικὴ
958 5307 1181 5385 θεωρία,
1214 5304 1282 5382 ἦς
1317 5311 1375 5363 ὲν
1407 5308 1614 5378 γνώσεί
1642 5311 1726 5367 δεῖ
1769 5309 1907 5368 εἶναι
1932 5316 2024 5369 τὸν

2139 4851 2353 4908 suntin
2395 4848 2460 4910 ea
2500 4859 2782 4929 mysteria,
2819 4862 2957 4917 ratio
3002 4864 3238 4922 eivitatis
3279 4866 3394 4936 Dei,
3425 4886 3489 4928 ac
3532 4848 3727 4932 eor—um

2139 4941 2235 5013 qui
2277 4942 2331 4998 in
2366 4959 2431 5000 ea
2478 4946 2623 5004 cives
2673 4952 2897 5022 ascripti
2947 4962 3094 5010 sunt.
3129 4954 3346 5013 Civitati
3389 4970 3571 5017 autem
3617 4963 3726 5019 cir‘

2135 5034 2461 5092 cumductus
2496 5055 2688 5096 murus
2722 5051 2778 5096 et
2810 5059 2973 5116 agger
2997 5056 3163 5102 erunt
3190 5048 3447 5122 dogmata
3474 5055 3726 5110 munien-

2135 5127 2209 5182 tia
2240 5127 2358 5199 ejus
2398 5131 2675 5202 rationes;
2716 5130 3122 5208 prepugnacula
3167 5157 3336 5209 vero,
3397 5150 3724 5204 astruenda-

2133 5237 2255 5276 rum
2287 5238 2468 5278 rerum
2497 5225 3009 5287 demonstrationes.
3037 5232 3201 5289 Forte
3234 5252 3363 5291 vero
3387 5238 3504 5309 ipsa
3529 5256 3724 5296 secun‘

2132 5315 2262 5370 dum
2295 5332 2354 5371 se
2384 5316 2579 5384 rationi
2618 5320 2798 5379 nitens
2832 5327 3242 5397 contemplatio,
3274 5329 3434 5399 cujus
3472 5333 3720 5390 notitiam

434 5397 883 5471 ἁκαταμάχητον,
912 5399 1232 5477 σημαίνεται
1264 5403 1330 5455 ἐκ
1359 5401 1451 5455 τοῦ
1477 5420 1490 5433 °
1522 5403 1633 5459 Kal
1682 5408 2024 5475 περιϐαλεῖς

433 5489 505 5543 ἐν
533 5488 691 5560 αὐτῇ
732 5489 1003 5560 χάρακαο
1048 5494 1081 5565 ή
1130 5493 1187 5569 δὲ
1235 5493 1500 5568 ἀγγελικὴ
1553 5496 1763 5568 φρουρὰ
1804 5500 1869 5552 ὲκ
1895 5501 2020 5554 τοῦ·

2150 5500 2237 5556 llis
2268 5500 2452 5587 verbis
2477 5500 2815 5572 signiﬁcatur
2843 5507 2885 5541 ¹⁹
2914 5527 2929 5563 :
3056 5488 3407 5569 circumdabis
3442 5517 3494 5571 in
3523 5535 3585 5571 ea
3617 5488 3721 5574 val;

434 5576 545 5634 Kal
572 5578 786 5646 δώσεις
815 5581 885 5634 ἐν
919 5580 1074 5651 αὐτῇ
1125 5585 1531 5655 παρεμϐολάς
1567 5589 1624 5639 αἱ
1669 5587 1725 5642 δὲ
1765 5587 2019 5658 βελοστά-

2147 5594 2275 5657 ἀηι;
2310 5595 2626 5665 angelorum
2651 5606 2831 5654 autem
2866 5606 3137 5674 custodia,
3168 5623 3288 5663 cum
3314 5608 3512 5665 dicitur
3529 5612 3578 5642 ’θ
3605 5628 3617 5666 :
3648 5610 3718 5666 Et

434 5685 549 5732 σῑις
570 5671 626 5725 αἱ
657 5670 842 5741 κύκλῳ
868 5673 967 5742 τῆς
994 5674 1370 5743 Ἰερουσαλὴμ,
1398 5679 1447 5731 οἱ
1477 5679 1910 5744 ἁποκρουὸιιενοι
1936 5684 2024 5737 λό-

2147 5687 2280 5741 tabis
2311 5703 2467 5756 super
2498 5703 2618 5742 eum
2652 5700 2833 5744 castra
2848 5709 2869 5758 ;
2902 5695 3194 5753 missilium
3227 5700 3496 5759 machinae
3528 5702 3580 5758 in
3610 5703 3719 5758 cir-

382 5772 393 5800 ⁵
441 5760 784 5902 .ofggzech.
822 5775 1019 5839 "1,49.
1098 5779 1417 5836 “intra:
1496 5784 1815 5841 “unum.
1876 5786 2044 5857 _”.ibi

519 5862 533 5899 l
579 5863 589 5898 Ι
637 5886 651 5899 .

2147 5793 2218 5846 25.
2316 5790 2358 5822 ¹⁶
2391 5790 2522 5848 ibid.
2558 5789 2649 5847 26.
2734 5795 2774 5826 ¹⁷
2808 5793 2938 5851 ibid.
2962 5798 3050 5854 27.
3149 5801 3191 5835 ³⁸
3219 5802 3350 5858 ibid.
3443 5808 3482 5840 ’3
3513 5804 3638 5860 ibid.
3661 5807 3717 5859 2i.

2132 5407 2329 5462 haheat
2364 5424 2587 5465 necesse
2627 5421 2711 5466 est
2754 5415 2847 5485 qui
2880 5417 3317 5492 inexpugnabilis
3351 5421 3570 5480 futurus
3614 5438 3719 5494 est,

728 5939 994 5999 Parnor.
1035 5940 1151 5999 (in.
1194 5944 1365 6007 Xlll.
3272 5969 3352 6025 25

407 6036 468 6045 ..ιιι
