4128 6434
483 351 554 406 79
692 420 719 432 γ
1865 360 1955 415 EX
1995 360 2299 418 ORIGENE

3625 376 3729 431 780

438 470 590 526 cuitu
616 467 943 535 Jerusalem,
973 473 1214 529 rationes
1241 483 1369 528 sunt
1394 490 1512 544 qua:
1538 478 1812 532 contraria
1839 490 2008 535 retun-

2126 496 2213 548 γοι
2235 480 2361 543 τοὺς
2393 480 2669 544 ἐναντίους
2702 480 2894 550 λόγους
2922 484 3049 536 εἰσί.
3100 484 3254 539 Ἐπεὶ
3283 487 3339 540 δὲ
3367 488 3461 541 καὶ
3501 487 3727 545 δυνατόν

438 566 578 621 dunt
626 576 966 637 argumenta.
1027 564 1166 633 Quia
1229 583 1358 623 vero
1414 580 1539 638 post
1597 579 1746 626 tanta
1796 588 2025 643 peccare

434 658 603 715 etiam
638 667 837 729 potest,
865 658 1095 713 forsitan
1127 674 1250 729 qua:
1280 660 1559 729 peccantis
1600 663 1844 717 animum
1895 681 2021 735 per-

436 752 716 820 stringunt
744 750 983 805 rationes
1014 759 1068 805 et
1104 750 1377 822 castigant
1422 753 1623 823 ipsum,
1663 764 1881 826 sartago
1912 756 2018 811 l‘er-

439 860 531 899 rea
572 844 935 914 appellantur,
966 844 1429 913 quemadmodum
1459 847 1759 901 secundum
1791 851 2024 921 prophe-

436 949 546 993 tam
581 954 773 993 murus
807 936 1018 992 ferreus
1047 938 1313 1007 est,quod
1344 940 1413 992 ab
1447 940 1657 1009 Optimo
1689 941 1875 997 habitu
1913 961 2020 999 non

430 1030 667 1086 excidat.
694 1028 830 1084 Illud
862 1038 1045 1083 autem
1070 1030 1152 1084 “:
1181 1029 1413 1083 Parabis
1441 1029 1632 1099 faciem
1667 1041 1837 1095 tuam,
1877 1035 2023 1089 hunc

433 1124 595 1179 habet
621 1139 843 1179 sensum
874 1141 887 1177 :
924 1123 1298 1194 perspicacem
1340 1126 1509 1180 animi
1559 1126 1637 1180 tui
1700 1126 1806 1181 vim
1859 1143 2023 1197 super

431 1213 621 1268 urbem
648 1212 889 1283 colliges,
920 1221 981 1268 ut
1008 1213 1062 1267 in
1110 1214 1373 1269 laterculo
1401 1231 1521 1270 eam
1554 1226 1826 1273 exstruas.
1872 1217 2020 1273 Erit-

428 1318 534 1371 que
577 1303 770 1358 civitas
811 1304 925 1358 haec
968 1304 1249 1360 conclusa.
1297 1304 1588 1361 Concludes
1632 1309 1776 1362 enim
1810 1325 1926 1362 eam
1950 1310 2018 1374 ",

431 1395 752 1465 imprimens
784 1411 904 1451 eam
940 1405 1103 1466 atque
1134 1397 1415 1453 includens
1444 1398 1495 1451 in
1525 1399 1707 1453 anima
1751 1400 2019 1456 auditoris

428 1503 656 1557 corpore
700 1487 1042 1543 circumdati.
1098 1486 1248 1543 lstud
1296 1504 1425 1544 vero
1480 1490 1746 1559 quidquid
1805 1501 1905 1553 est,
1962 1493 2016 1547 in

429 1581 646 1650 signum
683 1580 789 1634 illis
817 1588 900 1633 est
930 1580 1025 1648 qui
1073 1595 1269 1650 genere
1328 1578 1551 1649 ingenui
1600 1590 1749 1645 sunt,
1806 1598 1870 1638 ac
1926 1583 2017 1638 lilii

425 1668 593 1725 Israel
624 1679 908 1723 vocantur.
940 1669 1103 1723 Forte
1134 1682 1264 1723 vero
1286 1670 1451 1724 etiam
1486 1650 1677 1726 eorum
1712 1688 1894 1728 sermo
1926 1672 2016 1741 «tui

425 1777 550 1817 cum
581 1760 796 1831 pietatis
827 1760 1099 1831 dogmatis
1133 1759 1370 1815 instituti
1407 1762 1537 1827 sint,
1571 1778 1677 1817 non
1705 1779 1772 1819 ex
1812 1765 2016 1819 dectxi-

2127 574 2244 625 ἐστι
2279 571 2375 627 καὶ
2397 572 2665 645 ἁμαρτεῖν
2704 573 2841 644 μετά
2867 573 3122 641 τοσαῦτα,
3148 578 3291 648 τάχα
3331 579 3380 632 oi
3427 578 3725 651 ἁπτόμενοι

2125 662 2225 716 τοῦ
2254 665 2638 737 ἡμαρτηκότος
2682 665 2830 736 λόγοι
2869 670 2964 723 καὶ
3011 667 3333 735 κολάζοντες
3369 672 3532 726 αὐτὸν
3579 673 3727 744 σιδη-

2129 755 2258 829 ροῦν
2288 757 2539 827 λέγονται
2570 762 2806 829 τήγανον
2826 798 2841 823 ,
2885 760 3075 835 ὥσπερ
3113 780 3198 828 τις
3224 764 3366 819 κατὰ
3388 766 3479 820 τὸν
3504 768 3725 839 προφή-

2125 866 2226 920 την
2259 849 2376 903 ἐστὶ
2394 852 2572 920 τοῖχος
2596 850 2846 923 σιδηροῦς
2876 853 2963 908 διὰ
3006 855 3067 909 τὸ
3107 855 3183 928 μὴ
3222 857 3585 928 μεταπίπτειν
3614 861 3726 915 ἀπὸ

2124 940 2226 1009 τῆς
2254 940 2546 1013 καλλίστης
2574 942 2759 1009 ἕξεως.
2797 945 2871 998 Τὸ
2895 944 2976 1013 δὲ,
3022 946 3389 1018 Ἑτοιμάσεις
3424 951 3492 1005 τὸ
3533 952 3723 1021 πρόσ-

2124 1033 2289 1086 ωπόν
2341 1049 2492 1098 σου,
2540 1036 2786 1089 τουτέστι
2839 1041 3113 1103 συντενεῖς
3163 1040 3226 1094 τὸ
3271 1042 3579 1115 διορατικδν
3618 1047 3721 1118 τῆς

2122 1123 2301 1195 ψυχῆς
2328 1141 2421 1179 σου
2458 1127 2552 1180 ἐπὶ
2589 1128 2692 1199 τὴν
2735 1127 2890 1183 πόλιν
2922 1131 3004 1193 είς
3046 1129 3109 1183 τὸ
3148 1132 3503 1207 οίκοδομῆσαι
3548 1138 3720 1212 αὐτὴν

2122 1213 2217 1266 ἐπὶ
2249 1214 2350 1284 τῆς
2394 1214 2637 1284 πλίνθου,
2679 1217 2714 1290 ἢ
2750 1217 2852 1289 τῆς
2886 1218 3094 1285 πόλεως
3133 1220 3288 1278 ἔσται
3332 1225 3713 1298 συγκλεισμός.

2121 1309 2516 1377 Συγκλείσεις
2541 1310 2650 1382 γὰρ
2678 1311 2894 1381 αὐτὴν,
2916 1311 3165 1368 δντυπῶν
3195 1315 3363 1388 αὐτὴν
3388 1318 3481 1372 καὶ
3509 1321 3714 1389 ἐγκαθ-

2120 1396 2386 1470 ειργνῦων
2410 1402 2475 1471 τῇ
2500 1400 2645 1473 ψυχῇ
2684 1402 2777 1456 τοῦ
2813 1402 3085 1475 ἀκροατοῦ
3114 1405 3276 1476 σῶμα
3299 1410 3706 1480 περικειμένου.

2120 1488 2291 1542 Τοῦτο
2321 1488 2379 1542 δὲ
2404 1491 2511 1543 πᾶν
2536 1492 2766 1562 σημεῖόν
2793 1510 2847 1546 τι
2881 1493 3127 1562 ἔγκειται
3149 1498 3263 1559 τοῖς
3295 1496 3353 1550 ὲν
3381 1500 3593 1567 γενέσει
3622 1501 3710 1554 sti-

2121 1578 2280 1649 φυέσι
2312 1580 2407 1634 καὶ
2434 1580 2789 1652 καλουμένοις
2817 1584 2953 1648 υίοῖς
2993 1584 3228 1657 Ἰσραήλ.
3257 1587 3409 1657 Τάχα
3442 1589 3498 1641 δὲ
3525 1590 3618 1643 καί
3646 1592 3707 1645 ἐν

2117 1671 2231 1733 τοῖς
2260 1669 2552 1742 διδαχθεῖσι
2582 1672 2681 1742 μὲν
2707 1672 2774 1726 τὰ
2801 1673 2903 1745 τῆς
2947 1673 3289 1740 θεοσεϐείας,
3339 1675 3413 1748 μὴ
3439 1677 3612 1749 βιοῦσι
3644 1679 3704 1733 δὲ
3810 1738 3815 1741 _

2116 1758 2284 1823 ἀξίως
2307 1759 2413 1813 τῶν
2442 1761 2611 1830 ἁγίων
2640 1762 3001 1834 μαθημάτων,
3026 1764 3181 1833 λόγος
3226 1766 3376 1820 ἐστὶν
3402 1768 3436 1838 ἡ
3481 1768 3574 1821 ἐπὶ
3603 1770 3701 1842 τῆς

424 1865 509 1905 nae
533 1849 823 1904 sanctitate
849 1849 1059 1912 vivunt,
1093 1858 1176 1904 est
1211 1850 1264 1903 in
1300 1850 1466 1907 latere
1508 1852 1780 1922 descripta
1821 1855 2008 1910 civitas

2114 1852 2334 1906 πλίνθου
2367 1852 2813 1928 διαγεγραμμένη
2851 1855 3004 1920 πόλις
3055 1857 3406 1930 Ἰερουσαλὴμ
3451 1875 3701 1933 περιεχο-

420 1938 743 2002 Jerusalem,
775 1939 998 1993 obsessa
1025 1938 1451 2007 quodammodo,
1479 1947 1645 2009 atque
1675 1955 1870 2011 aggere
1902 1942 2013 1994 val-

422 2033 528 2086 lata
563 2032 632 2086 ab
660 2031 916 2086 hostibus
938 2031 1348 2101 propugnacula
1383 2031 1731 2099 habentibus,
1759 2033 1902 2087 vallo
1925 2047 2012 2101 ;ue

423 2125 912 2190 circumdantibus,
939 2135 1103 2194 atque
1130 2140 1229 2179 sua
1260 2123 1335 2177 illi
1358 2135 1535 2178 castra
1564 2124 2007 2192 admoventibus,

424 2227 479 2273 ct
504 2218 824 2272 innumeras
868 2216 1163 2272 missilium
1212 2216 1514 2284 machinas,
1551 2226 1612 2271 ut
1645 2218 1752 2272 tela
1796 2218 1849 2273 in
1887 2236 2009 2275 cant

426 2319 844 2382 cuntorqueant.
877 2309 1084 2366 Idcirco
1113 2310 1276 2365 etiam
1310 2318 1526 2379 sartago
1560 2304 1733 2365 l'errea
1768 2314 2007 2381 ponitur,

399 2404 503 2461 ‘uti
531 2413 583 2459 et
611 2419 803 2459 murus
830 2403 1063 2471 ferreus,
1088 2404 1235 2474 quod
1278 2419 1388 2459 non
1435 2405 1508 2458 sit
1556 2404 1679 2459 talis
1721 2405 2007 2475 prephcta,

414 2496 613 2569 quales
643 2495 718 2551 illi
750 2506 899 2562 sunt,
930 2494 1026 2551 sed
1055 2494 1129 2550 sit
1161 2495 1278 2565 ipse
1302 2495 1770 2567 inexpugnabilis,
1796 2511 2006 2551 necnon

392 2590 615 2647 ...civitas
646 2588 902 2661 praesidio
931 2588 1164 2645 munita.
1194 2586 1505 2658 Praeparata
1539 2597 1720 2644 autem
1767 2598 1845 2645 est
1882 2605 2009 2659 pro-

421 2685 599 2754 pheta:
623 2682 791 2737 facies
822 2681 878 2735 in
902 2697 1023 2735 eam
1056 2695 1179 2752 qua:
1222 2679 1279 2734 in
1320 2679 1585 2734 laterculo
1614 2689 1699 2735 est
1732 2682 2004 2740 civitatem

396 2785 574 2847 -septo
602 2774 918 2831 conclusam
947 2788 1043 2842 per
1070 2770 1513 2842 propheticorum
1558 2787 1876 2829 sermonum
1908 2775 2006 2830 de-

416 2868 905 2925 monstrationem.
930 2866 1109 2936 Atque
1142 2865 1247 2920 hoc
1282 2866 1460 2936 ipsum
1493 2874 1663 2920 totum
1691 2867 1900 2937 signum
1928 2879 2005 2924 est

398 2961 550 3030 .[iliis
586 2957 759 3015 Israel
785 2958 853 3024 “,
882 2972 954 3013 ne
982 2956 1118 3011 tales
1146 2953 1471 3010 efﬁciantur.

448 3052 562 3109 .Et
613 3061 671 3106 tu
721 3065 870 3105 sume
919 3044 1398 3117 tibi'sartaginem
1446 3047 1520 3103 ’ἰ
1560 3044 1867 3103 Verisimile
1918 3058 2004 3105 cst

416 3143 687 3216 supplicia
734 3156 856 3197 esse
899 3139 1133 3196 ferream
1175 3138 1545 3209 sartaginem;
1575 3141 1660 3195 vel
1701 3142 1999 3197 secundum

416 3236 751 3302 historiam,
792 3232 940 3304 quod
989 3231 1254 3287 barbarus
1285 3229 1426 3286 ﬁlios
1473 3238 1616 3302 regis
1643 3231 1697 3286 in
1732 3234 2002 3305 sartagine

415 3328 660 3387 Irixerit.

486 3420 651 3496 ‘13
697 3417 769 3473 Et
816 3432 988 3473 sumes
1036 3415 1345 3487 iniquitates
1390 3413 1578 3469 domus
1630 3411 1799 3469 Israel
1828 3415 1895 3470 “.
1930 3413 2001 3470 Et

409 3516 550 3586 ,quis
578 3528 678 3568 sua
708 3510 1038 3567 dormitione
1069 3508 1306 3563 liliorum
1338 3505 1503 3562 lsrael
1532 3507 1854 3577 iniquitates
1902 3524 1997 3563 ac-

421 3606 564 3677 cepit
593 3603 840 3673 duplices
893 3614 1145 3666 numero,
1176 3612 1372 3669 nempe
1397 3598 1449 3651 in
1476 3595 1681 3660 Deum.
1730 3607 1785 3657 et
1832 3598 2002 3654 ratio-

418 3696 643 3758 nabilia,
678 3691 785 3747 nisi
817 3689 1070 3745 Salvator
1098 3687 1319 3744 noster?
1352 3685 1590 3743 Docebat
1624 3692 1769 3742 enim
1810 3704 1907 3757 pro
1930 3688 1998 3744 iis

411 3789 509 3861 qui
540 3787 754 3841 minora
786 3781 1158 3853 deliquerant,
1183 3779 1392 3835 diutius
1420 3795 1640 3850 quoque
1667 3782 1844 3852 ipsum
1877 3784 2002 3837 dor-

423 3881 582 3944 mire,
619 3892 730 3933 non
762 3876 819 3931 in
850 3875 1132 3931 dexteram
1153 3914 1169 3939 ,
1201 3887 1295 3928 seu
1328 3872 1594 3943 potiorem
1627 3884 1868 3944 partem,
1904 3875 1999 3929 sed

419 3973 475 4027 in
508 3971 825 4033 sinistram;
858 3981 959 4038 pro
993 3967 1105 4022 illis
1130 3980 1259 4021 vero
1275 3965 1368 4037 qui
1395 3966 1608 4022 minora
1628 3966 1996 4034 oll'enderant,

419 4060 622 4118 minori
656 4068 903 4128 tempore
949 4056 1004 4110 in
1048 4054 1302 4110 dextrum
1355 4054 1533 4110 latus:
1582 4054 1687 4109 hoc
1736 4054 1997 4110 nimirum

423 4152 769 4227 signiﬁcante
798 4149 1104 4219 Scriptura,
1135 4145 1293 4216 plura
1324 4159 1551 4216 passum
1589 4159 1713 4201 esse
1748 4142 1999 4200 Salvato-

408 4262 532 4303 rem
565 4259 665 4316 pro
688 4244 758 4300 iis
780 4243 875 4315 qui
904 4240 1103 4312 majori
1134 4254 1266 4294 cura
1300 4237 1643 4309 indigebant.

491 4426 563 4482 Et
594 4436 652 4481 tu
677 4439 825 4479 sume
844 4423 939 4478 tibi
965 4422 1205 4477 triticum
1225 4421 1293 4475 ".
1323 4417 1382 4475 Si
1406 4419 1681 4491 quispiam
1721 4418 2000 4490 qnmsierit

421 4537 522 4577 cur
541 4518 810 4574 Dominus
856 4522 1041 4570 noster
1086 4512 1260 4567 Filius
1305 4511 1545 4567 hominis
1591 4511 1673 4566 sic
1716 4511 1997 4566 immundo
2032 4545 2072 4598 υ

404 4628 564 4684 ,pane
594 4616 849 4666 vescatur
875 4607 1018 4662 inter
1038 4614 1252 4674 gentes,
1280 4603 1591 4660 consideret
1641 4604 1817 4675 ipsum
1848 4606 1997 4660 vesci

408 4706 487 4763 iis
512 4720 635 4776 qua:
665 4703 716 4760 ei
745 4708 1120 4773 apposuerunt
1152 4696 1436 4763 homines;
1465 4695 1835 4766 videbuntque
1855 4713 1997 4768 quo-

420 4797 582 4853 modo
622 4796 673 4851 ei
716 4807 879 4849 nemo
921 4805 1120 4863 panem
1171 4786 1438 4843 mundum
1488 4789 1999 4860 apponeregpossit.

416 4886 541 4943 Stat
568 4885 715 4941 enim
745 4881 814 4938 ad
847 4882 1051 4937 ostium
1080 4885 1136 4934 et
1157 4877 1340 4948 pulsat
1359 4914 1383 4957 ,.
1401 4883 1458 4930 et
1487 4875 1535 4931 si
1572 4875 1698 4946 quis
1747 4874 1823 4928 illi
1868 4890 1996 4945 ape~

422 4977 631 5045 ruerit,
658 4974 962 5048 ingreditur
994 4971 1061 5028 ad
1092 4985 1253 5034 eum,
1289 4978 1343 5024 et
1371 4974 1555 5023 cmnat
1593 4981 1719 5023 eum
1757 4982 1841 5023 eo.
1880 4965 1997 5023 Non

402 5084 555 5143 puto
584 5079 766 5125 autem
799 5066 1006 5122 mundo
1033 5079 1161 5120 eum
1202 5062 1351 5118 vesci
1393 5061 1538 5126 cibo,
1586 5058 1681 5116 sed
1721 5074 1861 5129 pane
1902 5060 1996 5132 qui

417 5166 472 5222 in
520 5162 650 5219 limo
690 5160 857 5215 boum
887 5158 958 5214 sit
992 5165 1303 5212 acrstercus
1333 5152 1591 5207 exsistat.
1632 5147 1747 5205 Nos
1768 5164 1919 5214 vero,
1950 5150 1995 5205 s‘i

415 5255 636 5330 quando
660 5248 857 5309 deinde
880 5245 1281 5305 ctenaverimus
1304 5258 1429 5300 cum
1459 5256 1547 5306 eo,
1568 5256 1668 5312 pro
1693 5239 1995 5295 immundis

418 5350 557 5408 cibis
600 5361 746 5419 quos
794 5344 875 5401 illi
910 5341 1316 5415 .apposuimtts,
1359 5334 1593 5390 mundas
1631 5334 1703 5389 ab
1740 5347 1807 5388 eo
1840 5346 1997 5387 escas

416 5440 779 5513 accipiemus.
807 5436 877 5492 At
909 5449 1038 5490 vero
1068 5447 1233 5503 super
1256 5427 1464 5487 Filium
1495 5425 1734 5480 hominis
1773 5424 2000 5480 venien-

419 5546 528 5590 tem
577 5538 633 5590 in
692 5530 875 5588 medio
919 5523 1252 5598 captivitatis
1297 5528 1498 5577 nostra:
1540 5519 1741 5574 dantur
1783 5517 2000 5573 vincula

419 5636 637 5683 terrena
668 5634 724 5680 et
750 5621 1076 5695 corporalia.
1111 5615 1343 5686 Quando
1375 5612 1523 5670 enim
1552 5610 1695 5681 apud
1740 5626 1841 5667 nos
1881 5620 1998 5677 est,

2116 1943 2255 2016 μένη
2300 1944 2393 1999 καὶ
2445 1946 2775 2017 συνεχομένη
2824 1947 2933 2000 ὑπὸ
2978 1947 3284 2018 πολεμίων,
3333 1949 3704 2021 προμαχῶνας

2113 2035 2347 2106 ἐχόντων
2381 2036 2476 2091 καὶ
2499 2036 2886 2109 χαρακούντων
2917 2039 3108 2112 αὐτὴν,
3145 2039 3244 2104 τάς
3264 2057 3324 2093 τε
3349 2041 3704 2113 παρεμϐολὰς

2113 2127 2291 2182 αὐτῶν
2314 2129 2727 2201 ὲπιστησᾶντων
2750 2131 2887 2201 αὐτῇ
2917 2133 3012 2184 καὶ
3044 2132 3246 2203 μυρίας
3280 2132 3412 2197 ὅσας
3450 2133 3703 2204 βελοστά-

2112 2212 2246 2283 σεις,
2277 2220 2363 2274 ἵνα
2393 2220 2560 2292 αὐτὴν
2583 2204 2945 2292 τιτρώσκωσι.
2973 2209 3088 2276 Καὶ
3133 2222 3222 2277 διὰ
3264 2222 3421 2276 τοῦτο
3466 2225 3703 2296 τήγανον

2113 2312 2365 2384 σιδηροῦν
2391 2312 2601 2367 τίθεται
2629 2313 2705 2378 ὡς
2722 2316 2900 2383 τοῖχος
2932 2313 3204 2385 σιδηροῦς,
3236 2314 3315 2386 τῷ
3348 2315 3423 2386 μὴ
3446 2311 3585 2370 εἶναι
3606 2316 3700 2370 τὸν

2112 2406 2400 2476 προφήτην
2451 2403 2728 2468 τοιοῦτον,
2784 2404 2959 2459 ὁποῖοί
3015 2407 3152 2459 είσιν
3195 2409 3390 2460 ἐκεῖνοι
3426 2406 3699 2478 ἁναμέσον

2109 2495 2274 2549 αὑτοῦ
2292 2496 2389 2550 καὶ
2402 2496 2500 2568 τῆς
2517 2497 2910 2569 περιεχομένης
2928 2495 3153 2561 πόλεως.
3177 2497 3698 2568 Παρεσκεύασταιδὲ

2107 2587 2168 2640 τὸ
2196 2586 2291 2640 τοῦ
2325 2588 2607 2660 προφήτου
2659 2586 2951 2657 πρόσωπον
2994 2586 3087 2639 ἐπὶ
3132 2586 3231 2659 τὴν
3273 2587 3331 2638 ὲν
3364 2588 3430 2659 τῇ
3488 2587 3697 2661 πλίνθῳ

2112 2677 2266 2732 πόλιν
2284 2674 2450 2733 οὖσαν
2478 2679 2537 2732 ὲν
2556 2676 2903 2749 συγκλεισμῷ
2928 2677 3427 2749 συγκεκλεισμὲνην
3455 2679 3559 2733 ὑπὸ
3594 2677 3698 2750 τῆς

2106 2768 2435 2836 ἀποδείξεως
2457 2768 2566 2822 τῶν
2600 2768 2955 2840 προφητικῶν
2994 2769 3187 2839 λόγων.
3228 2769 3338 2825 Καὶ
3387 2769 3545 2824 τοῦτο
3584 2775 3696 2826 πᾶν

2105 2858 2361 2929 σημεῖόν
2388 2859 2523 2914 ἐστι
2557 2860 2650 2914 καὶ
2685 2860 2817 2915 αὐτὸ
2840 2861 2966 2928 τοῖς
2992 2862 3146 2928 υἱοῖς
3191 2861 3429 2931 Ἰσραὴλ
3451 2902 3465 2927 ,
3495 2862 3581 2919 ῖνα
3614 2866 3692 2938 μὴ

2106 2950 2336 3005 τοιοῦτοι
2366 2951 2644 3020 γίνωνται.

2174 3042 2286 3098 Καὶ
2314 3042 2396 3097 σὺ
2411 3043 2561 3098 λάϐε
2588 3043 2824 3111 σεαυτῷ
2852 3043 3137 3114 τήγανον.
3175 3046 3338 3112 Είκὸς
3387 3047 3487 3112 τὰς
3524 3050 3693 3105 κολά-

2106 3153 2221 3201 σεις
2252 3132 2394 3191 εῖναι
2422 3138 2655 3207 τήγανον
2690 3137 2942 3209 σιδηροῦν
2964 3155 2979 3168 ·
3013 3138 3046 3210 ἢ
3097 3140 3192 3193 καὶ
3230 3140 3376 3195 κατὰ
3409 3141 3509 3213 τὴν
3549 3142 3693 3195 ἱστο-

2110 3229 2251 3301 ρίαν,
2283 3229 2366 3283 ὅτι
2387 3229 2756 3300 ἀπετηγάνισε
2778 3228 2903 3293 τοὺς
2921 3231 3067 3295 υἱοὺς
3087 3230 3187 3303 τῆς
3214 3231 3489 3303 βασιλείας
3507 3235 3536 3287 ό
3559 3232 3697 3307 βάρ-

2106 3320 2294 3394 ϐαρος.

2176 3412 2288 3468 Καί
2327 3412 2503 3482 λήψῃ
2538 3412 2646 3479 τὰς
2664 3411 2900 3480 ἀδικίας
2931 3413 3039 3469 τοῦ
3068 3414 3240 3471 οῑκου
3279 3414 3532 3485 Ἰσραήλ.
3577 3416 3689 3469 Καὶ

2100 3504 2187 3569 τίς
2213 3504 2373 3559 ἔλαϐε
2418 3505 2518 3570 τὰς
2559 3505 2772 3570 ἀδικίας
2809 3506 2922 3561 τῶν
2960 3507 3091 3561 υίῶν
3136 3507 3352 3582 Ἰσραὴλ
3385 3508 3549 3570 οὔσας
3592 3506 3687 3558 δύο

2101 3596 2192 3650 τὸν
2220 3596 2474 3670 ἀριθμὸν,
2503 3598 2603 3671 τήν
2631 3615 2691 3651 τε
2720 3600 2801 3663 είς
2837 3597 2972 3655 Θεὸν
3009 3601 3104 3655 καὶ
3130 3601 3231 3670 τὴν
3261 3602 3344 3663 είς
3362 3598 3430 3652 τὰ
3465 3596 3679 3666 λογικὰ,

2101 3684 2189 3740 διὰ
2219 3686 2320 3757 τῆς
2348 3686 2553 3751 οἰκείας
2578 3689 2911 3760 κοιμήσεως,
2941 3691 2974 3763 ἢ
2996 3692 3025 3744 ό
3051 3691 3239 3761 Σωτὴρ
3256 3688 3446 3760 ήμῶνς
3482 3688 3683 3759 Ἐχρῆν

2101 3776 2160 3830 δὲ
2210 3778 2351 3851 ὑπὲρ
2392 3779 2499 3832 τῶν
2547 3779 2765 3834 πλείονα
2808 3780 3204 3856 ἡμαρτηκότων
3257 3778 3480 3833 πλείονα
3519 3778 3684 3833 αὐτὸν

2102 3870 2397 3941 κοιμᾶσθαι
2443 3873 2654 3946 χρόνον,
2692 3877 2793 3930 οὐκ
2830 3875 2923 3928 ἐπὶ
2966 3872 3027 3926 τὸ
3064 3870 3236 3937 δεξιὸν
3274 3871 3370 3926 καὶ
3413 3874 3682 3945 κρεῖττον,

2103 3963 2217 4017 ἀλλ’
2240 3964 2335 4017 ἐπὶ
2358 3964 2418 4017 τὸ
2447 3965 2732 4037 ἀριστερὸν
2760 3965 2923 4036 μέρος
2942 3981 2956 3995 ο
3005 3962 3145 4036 ὑπὲρ
3185 3962 3243 4017 δὲ
3275 3963 3382 4017 τῶν
3428 3964 3685 4019 ἐλάττονα

2102 4038 2626 4127 παραπεπτωκότων
2680 4058 2774 4111 ἐπὶ
2818 4056 2879 4109 τὸ
2934 4053 3105 4121 δεξιὸν
3145 4054 3376 4127 πλευρὸν
3428 4054 3686 4110 ἐλάττονα

2101 4149 2320 4218 χρόνονσ
2368 4148 2528 4202 τοῦτο
2580 4147 2986 4218 ἐνδεικνυμένου
3019 4146 3113 4200 τοῦ
3158 4147 3320 4222 λόγου
3343 4187 3357 4212 ,
3399 4146 3474 4211 ὼς
3503 4146 3686 4202 πλεῖον

2102 4239 2302 4293 ἔπαθεν
2343 4242 2372 4294 ὁ
2414 4242 2603 4313 Σωτὴρ
2648 4240 2787 4314 ὑπερ
2820 4238 2928 4293 τῶν
2964 4238 3206 4306 πλείονος
3254 4239 3567 4315 χρῃζόντων
3587 4239 3688 4313 τῆς

2103 4330 2424 4403 θεραπείας.
3278 4328 3285 4333 ’

2172 4424 2281 4477 Καὶ
2304 4424 2384 4478 σὺ
2413 4423 2558 4478 ,λάϐε
2592 4420 2827 4488 σεαυτῷ
2846 4423 3095 4491 πυρούς.
3139 4423 3266 4478 Ἐάν
3292 4440 3377 4490 τις
3409 4423 3546 4497 ζητῇ
3568 4423 3686 4488 π”ις

2102 4514 2130 4566 ὁ
2162 4512 2364 4585 Κύριος
2388 4513 2547 4586 ήμῶν
2570 4514 2598 4566 ὁ
2632 4511 2760 4576 Υἱὸς
2789 4512 2880 4566 τοῦ
2906 4513 3195 4585 ἀνθρώπου
3218 4515 3394 4579 οὕτως
3440 4514 3683 4581 ἀκάθαρι

2099 4622 2191 4658 τον
2229 4604 2393 4677 ἄρτον
2451 4604 2622 4659 ἐσθίει
2678 4606 2738 4659 ὲν
2793 4608 2903 4673 τοῖς
2947 4605 3158 4675 ἔθνεσι,
3234 4608 3480 4677 νοησάτω
3523 4605 3685 4660 αὐτὸν

2100 4696 2349 4750 ἐσθίοντα
2408 4696 2445 4754 ἃ
2495 4696 2886 4770 παρατιθέασιν
2936 4697 3084 4769 αὐτῷ
3139 4698 3190 4751 οί
3234 4698 3538 4768 ἄνθρωποιο
3588 4695 3682 4747 καὶ

2100 4785 2320 4856 ὕψονται
2352 4785 2475 4841 τίνα
2511 4789 2712 4859 τρόπον
2744 4787 2985 4862 καθαρὸν
3013 4787 3161 4858 αὐτῷ
3188 4788 3352 4858 ἄρτον
3383 4785 3558 4847 οὐδεὶς
3592 4782 3682 4836 δύ-

2101 4892 2259 4930 ναται
2294 4876 2672 4951 παρατιθέναι.
2709 4879 2946 4949 Ἔστηκε
2971 4877 3080 4950 γὰρ
3112 4877 3205 4930 ἐπὶ
3243 4876 3341 4947 τὴν
3381 4874 3550 4946 θύραν
3586 4873 3681 4927 καὶ

2103 4964 2320 5039 κρούει,
2376 4966 2472 5019 καὶ
2503 4967 2599 5021 ἐάν
2624 4985 2707 5032 τις
2751 4969 2946 5041 ἀνοίγῃ
2978 4966 3145 5037 αὐτῷ,
3201 4966 3505 5036 εἰσέρχεται
3544 4961 3682 5035 πρὸς
3744 4964 3747 4967 ’

2106 5055 2287 5124 αὑτὸν,
2309 5055 2408 5109 καὶ
2432 5055 2639 5111 δειπνεῖ
2670 5058 2785 5129 μετ’
2820 5054 2983 5112 αὑτοῦ
2998 5073 3012 5087 ο
3044 5057 3143 5109 οὐκ
3161 5051 3311 5125 οἶμαι
3337 5055 3395 5107 δὲ
3419 5095 3434 5123 ,
3458 5054 3544 5109 δτι
3582 5070 3683 5107 κα-

2098 5148 2264 5219 θαρὰ,
2297 5148 2435 5203 ἀλλὰ
2465 5148 2558 5204 τὸν
2604 5150 2662 5203 ὲν
2698 5149 2961 5219 βολόίτοις
2985 5146 3148 5218 ’βοῶν
3171 5146 3453 5217 γινόμενον
3478 5147 3683 5218 κόπρον

2105 5244 2386 5315 γινόμενον
2428 5244 2612 5317 ἄρτον.
2668 5244 2861 5313 Ἡμεῖς
2904 5242 2993 5307 δὲ,
3027 5240 3123 5294 ἐὰν
3156 5239 3382 5313 ὕστερόν
3414 5259 3545 5295 ποτε
3571 5242 3682 5295 δει-

2106 5336 2327 5408 πνῶμεν
2369 5338 2488 5409 μετ’
2526 5334 2727 5401 αὐτοῦ,
2758 5334 2974 5405 καθαρά
3015 5334 3110 5387 ἀπ’
3137 5333 3321 5399 αὑτοῦ,
3355 5334 3471 5389 ἀνθ’
3518 5328 3593 5388 ὧν
3619 5336 3680 5387 οὐ

2099 5428 2241 5481 πάνυ
2285 5428 2570 5499 ἀκάθαρτα
2613 5426 3036 5499 παρεθήκαμεν,
3079 5425 3492 5499 ἀποληψόμεθα.
3529 5425 3677 5480 Δεδο·

2103 5520 2252 5593 μένοι
2280 5520 2337 5574 δέ
2363 5524 2499 5576 εἰσιν
2532 5520 2627 5574 ἐπὶ
2648 5520 2738 5573 τὸν
2769 5517 2894 5572 Υἱὸν
2917 5520 3010 5574 τοῦ
3036 5518 3323 5592 ἀνθρώπου
3350 5518 3538 5589 δεσμοὶ
3570 5519 3683 5571 sla.

2098 5617 2318 5671 ελθόντα
2384 5618 2442 5671 ὲν
2482 5615 2633 5688 μέσῳ
2672 5616 2773 5687 τῆς
2809 5615 3187 5688 αἰχμαλωσίας
3223 5614 3380 5688 ἡμῶν
3421 5615 3471 5670 ot
3510 5613 3685 5668 ὕλικοι

492 5810 538 5845 ’⁸
561 5811 759 5869 Ειθειι.
792 5828 869 5878 Iv,
897 5813 948 5869 3.
1026 5813 1072 5846 "
1097 5811 1226 5868 ibid.
1300 5812 1353 5845 ’³
1386 5810 1519 5868 Ibid.
1594 5813 1642 5847 ”
1673 5813 1806 5871 ibid.
1884 5813 1929 5848 ¹⁸
1959 5813 2008 5869 ιι

2128 5829 2199 5883 ιν,
2232 5813 2285 5868 ι.
2361 5811 2408 5843 ὀ
2437 5811 2566 5867 ibid.
2603 5811 2654 5866 9.
