4128 6424
424 369 528 426 ’ἷδῖ

1608 356 1921 415 SELECTA
1962 357 2026 413 ΙΝ
2068 354 2525 413 EZECINELEM.

3605 362 3710 420 78%

427 492 528 549 ml.
557 485 879 559 σωματικοί.
910 485 1038 539 Ὅτε
1073 484 1182 555 γάρ
1221 482 1352 554 παρ’
1385 481 1516 552 ἡμῖν
1555 479 1765 547 γίνεται
1806 476 2018 548 συμπά-

2127 493 2189 531 ae
2218 477 2407 532 eadem
2435 477 2721 533 nobiseum
2754 477 2981 548 patitur,
3013 480 3295 537 nobiscum
3340 482 3553 538 rinctus
3592 495 3708 550 cst,

428 601 575 657 σχων
603 582 758 655 ἡμῖν,
779 579 877 634 καὶ
908 576 1215 632 συνδεδεται
1246 577 1401 646 ἡμῖν,
1433 574 1528 628 καὶ
1551 573 1649 627 σὺν
1700 574 1832 643 ἡμῖν
1876 574 2025 625 ἐστιν

429 679 489 734 ὲν
519 679 587 749 τῇ
621 677 767 746 φυγῇ
793 671 888 726 τοῦ
938 671 1055 743 βίου
1106 670 1298 723 τούτου
1320 709 1336 733 ,
1396 666 1713 740 συμπεινῶν
1757 667 1890 737 ἡμῖν
1930 664 2026 718 καὶ

431 767 721 838 συνδιψῶν,
754 765 848 820 καὶ
892 762 1192 818 συνεσθίων
1229 759 1472 831 καθαρὸν
1526 758 1796 812 ἐσθίουσιν
1838 757 2022 829 ἄρτον,

429 861 525 917 καὶ
558 858 815 931 συμπίνει
846 856 905 910 τὸ
934 854 1100 926 ὕδωρ,
1130 854 1271 924 πλὴν
1311 853 1370 906 ὲν
1414 850 1642 922 σταθμῷ
1684 851 1779 904 καὶ
1820 849 2019 919 μέτρῳ.

430 954 508 1007 Θὺ
554 952 663 1024 γὰρ
712 950 1083 1022 ὲπιμεριεῖται
1132 944 1369 1000 ἐνταῦθα
1414 944 1744 1015 τυγχάνουσι
1778 942 1840 995 τὸ
1889 942 2026 1013 πρὸς

432 1045 608 1110 ἀξίαν.
645 1045 810 1099 Ὅσον
860 1038 958 1114 μὲν
990 1036 1084 1097 οὖν
1142 1040 1309 1114 ἐχρῆν
1334 1039 1487 1111 ἡμᾶς
1512 1038 1607 1091 ἐπὶ
1633 1037 1747 1100 τοῖς
1773 1034 2026 1106 ἀμαρτήο

434 1156 598 1213 μασιν
633 1140 692 1191 ἐν
743 1130 1008 1209 βολϐίτοις
1038 1134 1141 1205 τῆς
1172 1133 1383 1205 κόπρου
1428 1129 1780 1203 ἀνθρωπίνης
1826 1126 2028 1180 ἐσθίειν

429 1233 524 1287 τὸν
555 1230 795 1285 τοιοῦτον
818 1229 982 1301 ἄρτον
1006 1245 1020 1259 ·
1055 1227 1182 1281 ὅσον
1203 1227 1261 1280 δὲ
1293 1225 1408 1279 ἐστι
1428 1221 1793 1296 τεθαρρηκότι
1820 1221 2015 1274 εἰπεῖν’

442 1323 507 1379 Ἠ
536 1321 710 1393 ψυχή
759 1338 878 1391 μου
927 1322 1001 1375 οὐ
1044 1319 1396 1389 μεμίανται,
1455 1316 1554 1372 καὶ
1608 1312 1917 1385 θηράματα
1952 1313 2027 1366 οὐ

424 1416 720 1486 βέϐρωκα,
754 1414 849 1469 καὶ
876 1412 946 1468 τὰ
962 1412 1127 1468 λοιπά
1149 1429 1164 1443 ’
1193 1407 1629 1483 συγχωρούμεθα
1656 1407 1718 1460 τὸ
1759 1404 2025 1467 τοιοῦτον,

431 1509 525 1564 καὶ
570 1508 782 1577 γηῒνοις
826 1506 925 1578 μὲν
976 1505 1071 1560 καὶ
1114 1501 1426 1576 κοπρὼδεσί
1468 1517 1613 1555 τισιν
1655 1497 2028 1570 ἀναμέμικται

429 1602 591 1675 ἡμῶν
622 1604 659 1674 ἡ
690 1601 886 1675 τροφὴ,
922 1600 983 1653 οὺ
1014 1599 1121 1671 μὴν
1150 1598 1244 1651 ἐπὶ
1272 1595 1524 1650 τοσοῦτον
1555 1595 1650 1648 καὶ
1678 1594 1760 1656 είς
1789 1589 2029 1662 ὑπερόου

429 1694 526 1767 λὴν
566 1693 901 1764 ἀκαθάρτοις
943 1691 1038 1744 καὶ
1066 1687 1383 1743 δυσώδεσιν.
1433 1686 1550 1740 Οὐκ
1597 1681 1713 1737 οἶδα
1756 1683 1814 1736 δὲ
1845 1684 2029 1736 ὀποῖαι

429 1788 527 1860 τῆς
545 1787 723 1858 ψυχῆς
742 1782 943 1857 τροφαὶ
962 1780 1139 1850 ’πυρὸς
1169 1778 1237 1832 ἂν
1257 1778 1521 1846 λέγοιντο,
1560 1776 1658 1828 καὶ
1694 1775 1749 1826 αἱ
1781 1773 2023 1828 ποδαπαὶ

429 1880 613 1953 κριθὴ,
643 1877 741 1932 καὶ
771 1876 916 1938 τινες
930 1873 1161 1943 κύαμοι,
1192 1870 1289 1923 καὶ⁸
1314 1869 1372 1922 αί
1403 1867 1610 1922 λοιπαί».
1634 1867 1731 1931 Εἰς
1763 1866 2021 1938 ὀστράκι-

432 1985 519 2026 νον
540 1972 596 2025 δὲ
620 1967 981 2041 ἐμϐάλλονται
1006 1963 1198 2033 ἄγγος,
1225 1963 1305 2026 είς
1328 1960 1391 2015 τὸ
1418 1958 1623 2032 ληφθὲν
1653 1959 1749 2013 καὶ
1782 1957 2023 2012 πλασθὲν

429 2062 539 2116 ἀπὸ
571 2061 671 2132 τῆς
689 2059 794 2130 γῆς
820 2054 999 2128 σῶμα.
1042 2052 1277 2108 Ἐσθίειν
1309 2050 1368 2106 δὲ
1399 2056 1450 2105 κ’
1474 2048 1693 2113 σίκλους
1717 2047 2019 2103 κελεύεται.

431 2154 546 2208 Οὐκ
575 2151 742 2223 ὲχρῆν
774 2148 885 2221 γὰρ
914 2147 1005 2202 τὸν
1047 2144 1221 2209 οὕτως
1249 2142 1559 2216 ἀκάθαρτον
1604 2139 2024 2213 βρωθησόμενον

429 2246 594 2319 ἄρτον
613 2244 670 2297 ὲν
686 2241 826 2313 ἁγίῳ
845 2236 1370 2312 παραλαμϐάνεσθαι
1392 2234 1638 2309 ἀριθμῷ,
1661 2234 1846 2299 ὁποῖός
1875 2235 2023 2289 ἐστιν

426 2343 457 2394 ὁ
475 2339 587 2410 ’τῆς
617 2337 858 2401 δεκάδος,
889 2335 987 2390 καὶ
1013 2332 1329 2406 ἑϐδομάδος,
1351 2331 1386 2406 ἢ
1411 2331 1725 2404 τριακάδος,
1748 2330 2021 2400 ὀγδοάδος,

425 2433 461 2504 ἦ
494 2448 640 2495 τινος
680 2429 790 2484 τῶν
812 2427 1014 2500 ὁμοίων
1037 2425 1322 2500 ἀριθμῶνό
1353 2423 1470 2479 ἀλλ’
1503 2426 1563 2479 ὲν
1599 2422 1823 2496 ἀριθμῷ
1847 2424 1907 2479 δὲ
1924 2423 2022 2478 τοῦ

424 2523 658 2598 Κυρίου,
686 2522 754 2586 ὓς
770 2520 862 2576 διὰ
889 2520 990 2592 τὴν
1024 2519 1195 2575 δυάδα
1228 2519 1325 2572 καὶ
1367 2517 1546 2588 σχίσιν
1577 2517 1854 2588 περιέχειν
1885 2517 2025 2572 ἀκαι-

426 2614 641 2687 θάρτων
668 2611 785 2666 ἐστὶ
811 2611 1111 2682 συγγενής*
1142 2606 1219 2669 ὡς
1246 2606 1404 2679 δῆλόν
1427 2608 1574 2659 ἐστιν
1596 2606 1662 2659 ὲκ
1692 2605 1807 2660 τῶν
1846 2608 1907 2661 ὲν
1952 2609 2020 2679 τῇ

426 2702 647 2775 κιϐωτῷ
694 2698 997 2773 γινομένων
1037 2696 1192 2764 ζώων
1234 2695 1562 2767 ἀκαθάρτων
1594 2697 1699 2751 ικαὶ
1741 2696 1853 2751 τῶν
1888 2698 2025 2751 ἀπο·-

425 2796 798 2869 στελλομένων
842 2792 921 2863 τῷ
976 2789 1148 2844 Ἦσαῦ
1186 2788 1339 2862 παρὰ
1376 2787 1470 2844 τοῦ
1520 2787 1734 2843 Ἰακώϐ.
1789 2789 1874 2844 Τὰ
1911 2789 2022 2863 γὰρ

427 2888 659 2941 πλεῖστα
684 2884 864 2939 αὐτῶν
888 2881 968 2954 τῷ
992 2888 1042 2936 κ’
1082 2880 1305 2953 ἀριθμῷ
1344 2879 1733 2952 ἀναπέμπεται
1765 2880 1902 2953 πρὸς
1926 2880 2024 2934 αὐ-

426 2979 539 3034 τόν.
576 2979 689 3031 Καὶ
719 2977 748 3029 ὁ
775 2975 834 3042 ἓξ
865 2973 1099 3047 ἀριθμὸς
1120 2974 1200 3036 εἰς
1225 2972 1287 3026 τὸ
1310 2972 1512 3044 μέτρον
1530 2971 1629 3026 τοῦ
1658 2971 1822 3026 πστοῦ
1845 2988 2023 3043 παρα-

424 3070 786 3143 λαμϐάνεται,
817 3067 916 3121 καὶ
942 3065 1051 3120 ἀπὸ
1076 3063 1138 3130 ἒξ
1167 3062 1402 3137 ἀριθμοῦ
1420 3064 1460 3117 οό
1486 3064 1650 3136 ἄρτος
1678 3062 1889 3132 γίνεται
1918 3081 2020 3116 πυ-

2130 583 2350 638 uuaque
2378 567 2664 622 nobiscum
2688 577 2773 624 est
2803 569 2857 622 in
2900 568 3023 625 vitae
3063 571 3229 642 hujus
3266 573 3484 641 exsilio,
3520 573 3712 630 nobis-

2127 673 2253 714 cum
2279 657 2532 713 esuriens
2557 666 2611 711 et
2631 657 2843 721 sitiens,
2865 666 2921 714 et
2944 660 3230 717 nobiscum
3256 663 3549 720 comedens
3571 679 3710 734 puro

2128 748 2481 804 vescentibus
2513 762 2675 817 pane,
2705 749 2981 819 simulque
3001 752 3289 808 nobiscum
3323 754 3459 809 bibit
3485 771 3708 826 aquam,

2128 838 2224 895 sed
2260 840 2314 894 in
2340 840 2582 910 pondere
2623 855 2689 894 ac
2728 854 3007 895 mensura.
3036 840 3156 897 Non
3198 841 3343 898 enim
3388 844 3457 900 iis
3501 845 3597 916 qui
3623 847 3712 900 hic

2127 932 2366 1002 degunt,
2415 946 2516 1002 pro
2564 932 2745 986 meriti
2789 933 3003 989 ratione
3049 935 3386 1004 rependitur.
3432 935 3711 1003 Quantum

2129 1024 2296 1094 igitur
2318 1024 2546 1079 decebat
2570 1038 2694 1090 nos,
2723 1024 2793 1079 ob
2824 1038 2887 1079 ea
2915 1040 3038 1095 quae
3077 1027 3448 1097 peccavimus,
3492 1028 3548 1083 in
3580 1028 3713 1083 ﬁmo

2130 1114 2357 1170 humani
2411 1116 2675 1172 stercoris
2721 1115 2815 1170 tali
2860 1132 3000 1187 pane
3042 1119 3220 1186 vesci;
3266 1130 3533 1191 quantum
3582 1136 3712 1177 vero

2129 1203 2259 1260 licet
2288 1204 2516 1260 ﬁdenter
2537 1205 2720 1261 dicere
2746 1206 2791 1237 ’⁷
2814 1224 2829 1261 :
2869 1208 3061 1263 Anima
3090 1225 3207 1263 mea
3230 1224 3332 1262 non
3359 1219 3436 1263 est
3471 1208 3711 1280 polluta,

2128 1305 2177 1349 et
2207 1295 2500 1351 laceratum
2529 1315 2563 1351 a
2593 1299 2763 1353 bestia
2798 1316 2903 1354 non
2940 1303 3180 1370 comedi,
3215 1312 3270 1357 et
3315 1302 3567 1374 reliqua:
3602 1304 3712 1359 tale

2130 1387 2264 1458 quid
2287 1388 2445 1445 nobis
2477 1389 2811 1462 indulgetur,
2834 1408 2907 1448 ac
2944 1395 3177 1451 terrenis
3210 1394 3539 1465 quibusdam
3572 1405 3713 1452 ster-

2131 1478 2355 1533 coribus
2400 1481 2723 1535 eommistus
2751 1492 2837 1538 est
2873 1484 3030 1541 cibus
3072 1494 3291 1550 noster,
3339 1485 3486 1541 haud
3526 1493 3709 1541 tamen

2129 1579 2414 1639 tantopere
2442 1581 2496 1626 et
2526 1588 2692 1641 supra
2722 1575 2945 1629 modum
2975 1576 3273 1632 immundis
3306 1594 3369 1633 ac
3392 1578 3535 1632 male
3556 1577 3712 1633 oleu-

2133 1661 2301 1715 tibus.
2340 1658 2536 1714 Nescio
2575 1671 2757 1716 autem
2797 1664 3022 1732 quinam
3071 1666 3178 1721 cibi
3226 1668 3424 1721 animae
3468 1667 3710 1723 triticum

2132 1753 2402 1817 dicantur,
2427 1753 2653 1824 quinam
2683 1754 2972 1820 hordeum,
3001 1765 3055 1811 et
3082 1758 3305 1827 quinam
3336 1757 3494 1827 fabae,
3514 1769 3568 1814 et
3588 1777 3711 1830 quae

2123 1852 2453 1915 sequuntur.
2477 1844 2865 1916 Gonjiciuntur
2896 1860 3028 1900 vero
3073 1847 3129 1901 in
3156 1862 3255 1903 vas
3291 1856 3586 1904 testaceum
3607 1891 3621 1915 ,
3652 1852 3706 1905 in

2124 1953 2326 2010 corpus
2358 1940 2568 1997 scilicet
2593 1955 2625 1996 e
2653 1948 2800 1997 terra
2827 1949 3108 2012 sumptum
3133 1949 3188 1997 et
3214 1955 3244 1997 e
3271 1948 3417 1996 terra
3460 1942 3707 2013 plasma-

2124 2040 2265 2088 tum.
2294 2031 2454 2090 Vesei
2487 2042 2670 2090 autem
2693 2034 2920 2105 jubetur
2946 2035 3137 2107 viginti
3170 2036 3358 2092 siclus.
3393 2034 3514 2092 Non
3557 2040 3703 2094 enim

2127 2124 2375 2195 decebat,
2407 2142 2534 2183 cum
2561 2127 2655 2198 qui
2682 2126 2762 2183 sic
2783 2127 3070 2183 immundo
3095 2138 3411 2185 vesceretur
3434 2145 3595 2202 pane,
3648 2131 3703 2186 in

2124 2225 2315 2274 sancto
2341 2234 2626 2276 assumere
2653 2234 2915 2288 numero;
2961 2219 3270 2291 cuiusmodi
3314 2230 3400 2279 est
3445 2222 3704 2281 denarius

2123 2318 2179 2366 et
2200 2311 2562 2381 septenarius,
2598 2312 2982 2384 terunt-iusque
3006 2330 3076 2371 ac
3108 2315 3429 2373 octonarius
3448 2357 3465 2386 ,
3501 2318 3705 2390 aliique

2124 2399 2393 2472 ejusmodi
2426 2403 2640 2460 numeri
2668 2418 2687 2470 ;
2719 2404 2814 2459 sed
2840 2404 2898 2459 in
2925 2419 3156 2461 numero
3182 2405 3422 2475 Domini,
3453 2408 3549 2480 qui
3576 2425 3704 2481 pro-

2124 2502 2311 2565 pterea
2332 2495 2485 2566 quod
2510 2496 2784 2553 binarium
2808 2512 3097 2553 numerum
3122 2509 3175 2554 et
3196 2498 3521 2555 scissionem
3545 2515 3704 2556 com-

2123 2585 2404 2655 plectitur,
2435 2588 2737 2645 immundis
2771 2588 2947 2646 aﬁinis
2986 2599 3106 2655 est,
3154 2591 3236 2645 uti
3276 2590 3449 2661 liquet
3486 2607 3554 2647 ex
3596 2592 3705 2647 im-

2124 2679 2346 2734 mundis
2368 2681 2702 2750 animalibus
2724 2697 2848 2752 quae
2869 2681 2927 2737 in
2952 2698 3080 2738 arca
3106 2691 3286 2746 erant,
3318 2693 3484 2754 atque
3506 2699 3572 2739 ex
3595 2684 3705 2740 illis

2124 2782 2248 2839 quae
2292 2766 2462 2825 Iacob
2520 2771 2587 2825 ad
2639 2770 2782 2827 Esau
2832 2772 3001 2828 misit.
3050 2771 3219 2846 414
3262 2772 3456 2845 Magna
3503 2775 3705 2847 quippe

2121 2877 2315 2919 eorum
2367 2878 2495 2935 pars
2551 2863 2742 2935 viginti
2796 2880 3030 2922 numero
3078 2867 3390 2920 mittuntur.
3442 2861 3706 2923 Senarius

2123 2957 2252 3012 item
2280 2972 2544 3014 numerus
2574 2956 2644 3012 ad
2672 2972 2989 3013 mensuram
3018 2967 3180 3029 potus
3203 2957 3536 3027 assumitur,
3576 2967 3631 3016 et
3673 2976 3706 3015 ο

2123 3049 2345 3125 senario
2368 3064 2598 3104 numero
2626 3049 2788 3120 panis
2836 3049 2896 3103 ﬁt
2936 3047 3233 3119 frumenti,
3276 3050 3501 3121 hordei,
3542 3051 3703 3121 fabae,

430 3140 527 3238 ροθ
556 3165 651 3217 καὶ¹
692 3161 884 3233 κριθῆς
903 3199 919 3224 ,
950 3159 1048 3214 καὶ
1081 3158 1296 3229 κυάμου
1329 3155 1559 3211 καὶτῶν
1592 3155 1798 3210 λοιπῶν
1818 3173 1832 3187 ·
1866 3156 2017 3211 ἐπεί-

2123 3150 2178 3198 ει
2226 3151 2591 3198 caeterornm:
2643 3140 3088 3213 quandoquidem
3132 3142 3223 3200 hic
3269 3160 3533 3203 numerus
3571 3163 3701 3219 pas--

431 3276 537 3332 περ
564 3257 712 3313 ἐστὶν
734 3259 762 3310 ὁ
784 3255 1021 3331 ἀριθμὸς
1046 3246 1206 3316 οὗτος
1220 3252 1431 3316 πάθους
1474 3249 1742 3323 σύμϐολον
1780 3249 1878 3304 καὶ
1912 3268 2016 3305 κα-

426 3351 650 3416 κώσεως
679 3348 774 3404 τοῦ
805 3349 1056 3420 Σωτῆρος
1085 3348 1151 3418 τῇ
1179 3344 1317 3420 ἕκτῃ
1336 3343 1521 3416 ἡμέρᾳ
1543 3342 1902 3408 πεπονθότος,
1920 3342 2017 3398 καὶ

425 3445 486 3497 ἑν
512 3443 581 3514 τῇ
625 3440 1028 3508 Ἀποκαλύψει
1060 3435 1305 3492 Ἰωάννου
1347 3434 1440 3490 τοῦ
1478 3434 1743 3506 ὀνόματος
1780 3433 1877 3488 τοῦ
1919 3432 2016 3506 θη·
2047 3517 2051 3522 ν

426 3534 541 3607 ρίου
565 3534 657 3588 τὸν
678 3532 802 3604 χξς⁹
828 3531 1043 3602 ἔχοντος
1062 3528 1314 3603 ἀριθμόν.
1339 3528 1454 3583 Οὐκ
1477 3525 1781 3598 ἀγνοοῦμεν
1803 3525 1862 3580 δέ
1892 3541 2013 3581 τινα

421 3625 532 3680 τῶν
571 3624 920 3697 ἀντιγράφων
939 3622 1083 3695 ἔχειν
1125 3628 1170 3696 ρ’
1191 3622 1286 3676 καὶ
1309 3627 1351 3675 ν’
1385 3620 1626 3693 ἡμέρας·
1658 3618 1754 3673 καὶ
1794 3618 1929 3673 ἄλλα
1961 3622 2011 3685 ιι(

423 3718 518 3773 καὶ
542 3723 587 3791 ρ’
612 3717 856 3790 ἡμέραςο
896 3716 993 3771 καὶ
1030 3714 1101 3769 τὰ
1140 3712 1364 3768 πλείονα
1394 3712 1453 3766 δὲ
1484 3715 1534 3779 L,’
1562 3710 1657 3765 κα).
1688 3716 1732 3782 ρ’
1775 3710 2009 3782 ἡμέρας.

437 3810 576 3866 Ἀλλ’
606 3808 1036 3882 ἐπισκεψάμενοι
1062 3806 1162 3871 τὰς
1189 3805 1385 3869 λοιπὰς
1411 3803 1675 3867 ἐκδόσεις,
1702 3801 1937 3874 εὕρομεν
1966 3809 2011 3856 τ’

425 3899 567 3959 εἶναι
619 3903 716 3958 καὶ
760 3906 811 3971 ι(
842 3901 1076 3973 ἡμέρας.
1130 3896 1318 3953 Ταῦτα
1364 3897 1423 3950 δὲ
1465 3896 1645 3950 πάντα
1695 3894 1905 3963 γίνεται
1945 3893 2015 3948 τά

424 3997 795 4072 προειρημένα
813 4036 828 4062 ,
869 3996 957 4049 ἵνα
995 3974 1193 4065 ὲντοίκῇ
1245 3990 1477 4054 ἔκαστος
1514 3989 1574 4042 ὲν
1616 3989 1739 4050 ταῖς
1774 3984 2011 4049 ἀδικίαις

422 4092 587 4147 αὐτοῦ
616 4091 724 4146 τῶν
753 4081 1127 4162 ἠδικηκότωνι,
1164 4085 1260 4140 καὶ
1295 4081 1374 4155 τῷ
1418 4081 1603 4145 ἄδικος
1633 4073 1776 4134 εἶναι
1806 4075 2012 4132 ἀποθα-

421 4198 598 4252 νηται.

497 4271 648 4327 Ἰδοὺ
679 4268 911 4326 δέδωκά
929 4281 1029 4324 σοι
1049 4267 1309 4334 ,βόλϐιτα
1333 4264 1521 4331 βοῶν.
1545 4262 1755 4319 Οὐκοῦν
1778 4261 2010 4318 αἰνίττε-

419 4367 511 4423 ται
541 4384 595 4421 τι
630 4365 892 4439 μυστικὸν
926 4361 1055 4436 περὶ
1097 4361 1198 4433 τῆς
1222 4360 1406 4431 ψυχῆς
1428 4358 1528 4431 τῆς
1550 4354 2006 4428 αἰχμαλωτισθει-

423 4477 526 4533 σης
554 4460 585 4513 ό
615 4459 928 4532 προφήτης,
960 4456 1023 4512 οὐ
1077 4454 1376 4526 δυνάμενος
1419 4450 1624 4526 τροφὴν
1667 4449 1846 4520 πάντη
1869 4447 2007 4503 ἀκα-

421 4551 654 4625 θαρσίας
677 4549 1104 4623 ἀπηλλαγμένην
1125 4545 1444 4617 λαμϐάνειν.

504 4642 649 4699 Ἰδοὺ
675 4639 792 4713 ἐγὼ
819 4640 1116 4709 συντρίϐω
1134 4637 1436 4708 στήριγμα
1461 4633 1665 4704 ἀρτου.
1706 4631 1806 4686 Διά
1847 4629 2007 4684 τοῦτο

420 4734 583 4807 ὑγιὴς
616 4733 714 4789 καὶ
744 4732 1105 4803 άσύντριπτος
1137 4729 1303 4801 ἄρτος
1346 4728 1447 4799 οὐχ
1489 4724 1836 4797 εὑρίσκεται,
1880 4720 2004 4775 οὐδὲ

421 4828 702 4904 στήριγμά
747 4830 894 4882 ἐστιν
919 4826 1085 4898 ἄρτου
1111 4825 1224 4887 τοῖς
1268 4822 1326 4876 ὲν
1368 4818 1715 4892 αἰχμαλωσίᾳ
1763 4817 1999 4889 νηπίοις,

418 4920 504 4991 οἷς
523 4925 621 4979 καὶ
645 4919 965 4977 διακλᾶσθαι
987 4919 1069 4973 δεῖ
1095 4918 1187 4972 τὸν
1217 4915 1402 4989 ἄρτον.

1081 5100 1240 5155 ΚΕΦ.
1270 5099 1350 5155 E’.

494 5200 642 5257 Τάδε
687 5198 851 5269 λέγει
888 5193 1125 5252 Ἆδωναῖ
1155 5193 1390 5261 Κύριος.
1450 5188 1785 5261 Ἐπέτρεπεν
1805 5226 1821 5252 ,
1864 5188 2001 5242 ὅπου

422 5293 525 5368 μὶν
550 5293 614 5348 τὸ
644 5292 841 5365 κρῖμα,
869 5286 946 5360 μὴ
973 5286 1181 5358 λέγειν·
1236 5285 1446 5338 Ἔσται
1483 5280 1663 5352 κρῖμα
1699 5280 1774 5335 ἐν
1808 5277 2001 5350 μέσῳ,

416 5386 579 5454 ἀλλὰ,
610 5383 850 5452 Ποιήσω
888 5379 1067 5452 κρῖμα
1098 5376 1353 5448 ἐνμέσῳ
1382 5390 1500 5430 σου
1519 5390 1532 5405 ⁸
1567 5373 1664 5429 καὶ
1693 5371 1782 5427 διὰ
1806 5370 1870 5426 τὸ
1905 5373 2003 5444 pe-

421 5478 718 5554 μιαγκέναι
737 5474 935 5538 αὐτοὺς
957 5473 1025 5527 τὰ
1045 5472 1180 5540 ἅγια
1194 5468 1290 5523 τοῦ
1305 5464 1462 5530 Θεοῦ,
1488 5464 1707 5533 λέγεται
1730 5461 1812 5526 τὸ,
1828 5459 2002 5554 Κάγὼ

417 5553 735 5641 ἀπώσομαι
763 5564 870 5622 σευ
898 5566 1034 5620 ὅπου
1062 5564 1120 5618 δὲ
1144 5561 1378 5634 πατέρες
1410 5558 1560 5622 υἱοὺς
1610 5554 1830 5628 ἢσθιον,
1866 5553 2002 5624 Οὐχὶ

418 5666 650 5738 ποιήσω,
684 5665 750 5719 ἵν’
778 5662 829 5716 οι
862 5659 1094 5733 πατέρες
1133 5656 1348 5726 φάγωσι
1373 5651 1542 5707 τέκνα
1589 5651 1622 5722 ἢ
1672 5648 1838 5702 τέκνα
1874 5648 2002 5709 τοὺς

491 5850 538 5880 ’⁷
574 5845 770 5903 Ezech.
801 5859 872 5910 tv,
919 5841 1004 5897 ιι.
1080 5840 1124 5873 ⁸⁸
1159 5837 1289 5894 ibid.
1333 5838 1419 5893 l3.

1496 5838 1540 5869 ¹⁹
1580 5832 1712 5891 ibid.
1745 5831 1829 5886 16.
1907 5828 1949 5859 ³⁸
1980 5826 2110 5881 ibid.
2145 5840 2195 5889 γ,
2226 5823 2278 5876 8.

2127 3235 2300 3291 sionis
2322 3235 2498 3306 ﬁgura
2520 3242 2605 3292 est
2633 3243 2688 3290 et
2718 3234 3032 3292 aﬂlictionis
3073 3235 3373 3295 Salvatoris
3411 3241 3506 3311 qui
3549 3251 3704 3298 sexta

2123 3322 2211 3378 die
2243 3339 2439 3405 passus
2459 3334 2563 3394 est,
2600 3339 2815 3380 necnon
2844 3324 3088 3382 nominis
3114 3327 3303 3384 bestiae
3329 3343 3452 3398 qua:
3473 3329 3528 3384 in
3554 3329 3704 3400 Apo-

2123 3419 2329 3492 calypsi
2352 3416 2583 3474 Joannis
2609 3432 2901 3475 numerum
2942 3418 3108 3476 habet
3151 3419 3279 3477 666.
3323 3419 3442 3477 Non
3484 3420 3708 3495 ignora-

2124 3528 2250 3570 mus
2276 3524 2456 3568 tamen
2482 3511 2537 3566 in
2568 3510 2895 3582 quibusdam
2923 3512 3330 3584 exemplaribus
3354 3515 3543 3571 haberi
3574 3533 3690 3573 oeu-

2123 3614 2238 3660 tum
2286 3613 2343 3660 et
2381 3603 2779 3674 quinquaginta
2818 3604 2970 3672 dies;
3022 3605 3077 3659 in
3132 3604 3256 3662 aliis
3303 3608 3602 3677 nonaginta
3650 3620 3705 3664 et

2124 3703 2346 3751 centum
2372 3713 2387 3762 ;
2421 3694 2475 3748 in
2505 3694 2783 3765 plerisque
2808 3703 2992 3751 autem
3020 3697 3317 3766 nonaginta
3365 3707 3418 3754 et
3459 3708 3702 3754 centum.

2123 3787 2324 3845 Verum
2350 3787 2611 3857 inspectis
2641 3787 2766 3843 aliis
2787 3786 3154 3854 editionibus,
3206 3796 3475 3847 trecentos
3512 3800 3568 3847 et
3596 3808 3701 3847 no-

2122 3879 2342 3949 naginta
2367 3879 2484 3934 dies
2515 3878 2846 3936 invenimus.
2875 3877 3043 3934 Fiunt
3074 3894 3204 3935 vero
3232 3896 3353 3951 qua:
3383 3882 3525 3937 dicta
3571 3894 3703 3939 sunt
3734 3908 3735 3911 η

2120 3970 2330 4037 omnia,
2367 3979 2429 4026 ut
2455 3971 2692 4042 quisque
2719 3970 2774 4025 in
2811 3969 3090 4040 injustitiis
3112 3977 3227 4026 suis
3254 3972 3454 4043 quibus
3498 3975 3702 4047 injuste

2118 4064 2231 4136 egit
2250 4105 2266 4131 ,
2296 4064 2681 4130 contabescat,
2710 4071 2765 4119 et
2790 4061 3075 4134 injustitiae
3100 4064 3369 4121 moriatur

2193 4247 2328 4302 Ecce
2357 4245 2482 4301 dedi
2518 4245 2616 4300 tibi
2646 4255 2884 4301 stercora
2922 4241 3079 4299 boum
3104 4242 3170 4299 ”.
3214 4230 3502 4316 Mystirum
3536 4244 3702 4318 igitur

2120 4339 2320 4411 aliquid
2346 4339 2414 4396 de
2444 4337 2628 4394 anima
2649 4337 2861 4408 captiva
2886 4337 3130 4392 insinuat
3153 4339 3438 4408 propheta,
3459 4339 3552 4409 qui
3581 4354 3690 4393 nou

2119 4443 2301 4506 potest
2325 4433 2506 4489 cibum
2534 4430 2720 4487 einnis
2751 4437 3028 4501 expertem
3064 4429 3426 4485 immunditiaa
3451 4446 3692 4486 sumere.

2190 4614 2329 4670 Ecce
2364 4631 2459 4687 ego
2493 4625 2706 4670 contero
2746 4616 3146 4685 ﬁrmamentum
3180 4612 3338 4684 panis
3370 4613 3437 4669 ”.
3490 4611 3699 4669 Idcirco

2113 4723 2224 4765 non
2256 4708 2534 4764 invenitur
2572 4706 2732 4777 panis
2779 4721 2948 4763 sanus
2991 4714 3047 4761 et
3086 4704 3552 4771 incomminutus;
3598 4721 3698 4761 nec

2114 4799 2468 4856 ﬁrmamento
2493 4798 2652 4869 panis
2673 4796 2912 4868 gaudent
2956 4796 3053 4866 qui
3094 4795 3151 4850 in
3196 4795 3511 4865 captivitate
3566 4810 3697 4865 par-

2111 4894 2225 4949 vuli
2272 4901 2434 4957 sunt,
2489 4890 2694 4962 quique
2741 4897 2800 4945 ut
2849 4888 3009 4961 panis
3050 4888 3159 4943 illis
3200 4885 3514 4960 frangatur,
3548 4902 3688 4958 opus

2114 4987 2335 5044 habent.

2773 5072 2925 5129 CAP.
2966 5070 3032 5128 ν.

2190 5170 2319 5227 Hac
2364 5168 2495 5224 dicit
2538 5165 2754 5222 Adonei
2786 5164 3049 5220 Dominus
3076 5165 3142 5217 ³⁰.
3187 5163 3440 5231 Decebat,
3476 5164 3565 5220 ubi
3607 5165 3692 5237 ει.-

2112 5262 2317 5321 dicium
2348 5268 2526 5327 esset,
2548 5274 2659 5314 non
2687 5257 2898 5314 dicere:
2948 5254 3070 5311 Erit
3095 5257 3361 5328 judicium
3395 5257 3452 5311 in
3486 5258 3693 5325 medio,

2111 5358 2229 5424 sed,
2254 5354 2481 5411 Faciam
2494 5352 2765 5424 judicium
2785 5349 2842 5404 in
2871 5348 3044 5405 medio
3074 5351 3153 5404 tui
3171 5349 3237 5403 “.
3258 5348 3322 5404 Et
3344 5349 3473 5420 quia
3501 5361 3687 5406 sancta

2111 5450 2205 5507 Dei
2253 5450 2598 5521 polluerunt,
2653 5443 2857 5501 dicitur
2889 5444 2978 5501 ":
3041 5440 3111 5498 Et
3160 5456 3255 5512 ego
3305 5440 3560 5512 abjiciam
3618 5454 3688 5500 te.

2110 5544 2342 5613 Quando
2390 5548 2572 5596 autem
2624 5546 2805 5608 patres
2854 5533 3000 5590 tllios
3053 5530 3451 5599 comedebant,
3497 5541 3552 5588 et
3592 5532 3687 5588 ﬁlii

2110 5647 2316 5710 patres,
2345 5632 2463 5689 Non
2503 5630 2720 5695 faciam,
2768 5636 2830 5684 ut
2871 5634 3058 5698 patres
3102 5625 3306 5705 liberos
3357 5624 3688 5692 comedam,

2357 5821 2396 5850 “
2426 5817 2558 5873 ibid.
2660 5813 2706 5846 ”
2740 5808 2873 5867 ibid.
2904 5807 2993 5866 Η.
