4128 6428
414 366 425 369 “
446 362 550 415 795
1859 359 1946 414 EX
1986 359 2285 417 ORICENE
3631 365 3730 421 781

445 489 540 536 aut
567 478 724 535 liberi
760 490 984 549 patres:
1026 494 1147 532 nam
1207 494 1305 532 nec
1360 478 1602 549 patribus
1648 478 1873 532 daretur
1914 478 2026 532 cri-

2130 476 2403 548 πατέρας·
2461 474 2584 529 ἐπεὶ
2617 475 2717 528 οὐκ
2754 469 2820 545 ἦν
2862 472 3172 545 ἁμάρτημα
3217 474 3329 528 τῶν
3376 478 3626 552 πατέρων
3675 484 3737 538 τὸ

444 573 611 639 mini,
643 572 788 643 quod
821 572 892 626 ab
923 571 1004 625 eis
1044 570 1138 624 ﬁlii
1191 570 1503 625 ederentur.
1559 571 1665 625 Sed
1710 584 1889 641 neque
1936 568 2031 623 Dei

2132 567 2411 621 ἐσθίεσθαι
2443 567 2585 638 ὑπὲρ
2609 565 2790 620 αὐτῶν
2823 566 2952 629 τοὺς
3006 564 3179 630 υἱούς.
3224 566 3364 621 Ἀλλ’
3384 569 3507 625 οὐδὲ
3534 572 3739 627 οίκεϊον

444 664 725 735 proprium
761 673 843 717 est
885 662 1000 716 haec
1039 668 1278 731 patrare.
1328 660 1419 716 Sic
1468 662 1613 716 enim
1672 661 2028 717 Hebraeorum

2130 659 2252 731 Θεῷ
2306 661 2367 713 τὸ
2429 658 2609 712 ταῦτα
2664 658 2980 730 ἐνεργῆσαι.
3042 657 3202 713 Οὕτω
3258 660 3371 732 γὰρ
3417 664 3513 716 καὶ
3549 664 3579 715 ὁ
3626 666 3739 720 τῶν

444 757 704 826 magister
729 754 984 822 exposuit
1014 752 1146 806 illud
1179 752 1223 784 ³³
1252 770 1266 806 :
1301 752 1671 822 Gloriﬁcantes
1713 771 1793 808 me
1823 753 2029 825 gloriﬁ-

438 846 591 909 eabo,
618 853 668 897 et
689 853 987 914 spernentes
1018 859 1099 895 me
1127 852 1281 895 erunt
1306 842 1582 913 ignobiles.
1615 841 1853 897 Decebat
1878 843 2025 897 enim

444 936 536 990 Dei
564 951 704 1005 Opus
735 950 857 989 esse
889 934 1369 1004 gloriﬁcationem,
1403 950 1513 988 non
1548 943 1730 988 autem
1757 934 1876 1004 ipso
1900 949 2030 1004 ope-

439 1036 616 1089 rante,
642 1026 736 1081 sed
762 1033 1185 1093 consequenter,
1208 1025 1302 1095 qui
1332 1025 1599 1080 honorem
1628 1022 1739 1081 Deo
1764 1024 2023 1092 detrahit,

437 1120 618 1192 ipsum
650 1135 871 1191 quoque
904 1120 1202 1191 ignominia
1238 1121 1440 1176 notari.
1473 1119 1675 1175 Eadem
1703 1120 1819 1175 haec
1840 1120 2029 1175 obser-

436 1214 615 1269 vanda
668 1224 799 1271 sunt
846 1212 902 1268 in
950 1213 1460 1280 benedictionibus,
1503 1213 1750 1283 dirisque
1802 1227 1925 1283 quas
1968 1211 2025 1266 in

435 1302 863 1361 Deuteronomio
915 1319 979 1359 ac
1024 1303 1267 1361 Levitico
1320 1306 1613 1369 habentur,
1664 1319 1764 1360 nec
1810 1320 1922 1359 non
1967 1303 2023 1357 in

436 1398 789 1455 sermonibus
846 1404 1263 1471 prephetarum.
1315 1399 1459 1466 Quid
1524 1399 1690 1467 igitur
1749 1395 1854 1452 sibi
1906 1394 2025 1450 vult

428 1491 569 1547 illud
601 1491 648 1524 "‘
672 1506 692 1545 :
723 1491 1012 1560 Propterea
1045 1494 1311 1548 comedent
1342 1500 1519 1561 patres
1545 1489 1735 1544 liberos
1769 1490 1825 1541 in
1852 1488 2022 1541 medio

435 1585 548 1651 tsii,
603 1593 655 1640 et
706 1585 811 1654 ﬁlii
857 1586 1129 1639 comedent
1180 1585 1406 1656 patres?
1449 1583 1615 1637 Juxta
1669 1595 2017 1637 communem

436 1678 730 1745 quamdam
760 1691 824 1731 ac
853 1677 1245 1746 simplicior-ein
1279 1674 1684 1743 expositionem
1734 1672 1791 1725 id
1833 1669 2022 1724 videre

2141 746 2411 823 Ἑϐραίων
2439 749 2759 811 διδάσκαλος
2792 748 3102 821 ἐξηγήσατο
3128 752 3191 806 τό
3209 768 3223 782 ⁸
3267 753 3416 819 Τοὺς
3448 754 3739 820 δοξάζον-

2129 841 2236 909 τάς
2262 860 2341 912 με
2379 842 2641 909 δοξάσω,
2676 845 2732 897 οἱ
2777 841 2847 895 δὲ
2887 841 3362 912 ἑξουθενοῦντές
3399 864 3480 916 με
3529 850 3738 919 ἀτιμα-

2129 936 2463 1004 σθήσονται
2481 973 2497 997 ,
2543 937 2603 989 ἐν
2635 937 2701 1006 τῇ
2734 933 2927 1007 πρώτῃ
2950 933 3060 988 τῶν
3089 937 3433 993 Βασιλειῶν
3454 941 3729 1012 κείμενον.

2140 1027 2338 1099 Ἐχρῆν
2363 1026 2473 1099 γὰρ
2499 1026 2636 1080 Θεοῦ
2674 1026 2774 1097 μὲν
2803 1024 2966 1097 ἔργον
2995 1022 3137 1081 εἶναι
3165 1027 3228 1081 τὸ
3254 1028 3523 1097 δοξάζειν,
3547 1032 3733 1088 οὐκέτι

2126 1118 2183 1171 δέ
2216 1119 2518 1190 ἐνέργειαν,
2550 1118 2686 1173 ἀλλὰ
2724 1118 3112 1191 παρακολουθα
3149 1120 3211 1175 τὸ
3252 1122 3345 1176 τὸν
3389 1125 3732 1196 ἀτιμάζοντα

2126 1210 2261 1265 Θεὸν
2270 1210 2848 1283 άτιμάζεσθαι.Ταῦτα
2862 1207 2957 1267 οὖν
2973 1216 3393 1287 παρατηρητέον
3405 1217 3500 1273 καὶ
3516 1219 3605 1272 ἐπὶ
3617 1219 3728 1273 τῶν

2126 1305 2390 1374 εὐλογιῶν
2410 1306 2507 1359 καὶ
2537 1305 2795 1377 καταρῶν
2820 1304 2929 1358 τῶν
2944 1304 3004 1358 ἐν
3025 1307 3318 1372 Δευῖτικῷ
3334 1309 3429 1363 καὶ
3446 1312 3725 1380 Δευτείυ-

2125 1397 2332 1466 νομίῳ,
2354 1396 2452 1451 καὶ
2466 1397 2682 1452 ἐπὶτῶν
2699 1394 2868 1468 λόγων
2899 1397 3010 1452 τῶν
3034 1401 3410 1471 προφητικῶν.
3446 1402 3512 1455 Τί
3544 1406 3725 1458 τοίνυν

2125 1489 2248 1542 ἐστὶ
2274 1489 2358 1554 τὸ,
2381 1488 2486 1542 Διὰ
2510 1488 2690 1543 τοῦτο
2717 1488 3008 1559 φάγονται
3034 1488 3289 1557 πατέρες
3330 1492 3401 1546 τὰ
3431 1492 3615 1548 τέκνα
3651 1494 3725 1548 ἐν

2117 1580 2288 1649 μέσῳ
2307 1596 2448 1644 σου,
2464 1580 2566 1634 καὶ
2588 1580 2771 1635 τέκνα
2797 1580 3088 1650 φάγονται
3111 1579 3405 1650 πατέρας;
3426 1584 3590 1638 Ὅσον
3622 1586 3723 1656 μὲν

2123 1669 2216 1726 οὖν
2239 1672 2382 1726 κατὰ
2410 1674 2599 1744 κοινήν
2615 1690 2739 1728 τινα
2782 1674 2877 1728 καὶ
2900 1673 3271 1743 ἁπλουστέραν
3319 1675 3548 1749 ἐκδοχὴν
3601 1677 3719 1731 ἔστι

414 1777 519 1823 est
557 1768 608 1821 in
647 1767 1112 1821 tumultuantibus
1157 1781 1222 1821 ac
1275 1765 1553 1821 seditiosis
1600 1764 2018 1835 malignantium

2121 1764 2281 1819 τοῦτο
2298 1765 2428 1818 ἰδεῖν
2447 1767 2507 1818 ἐν
2526 1769 2646 1829 ταῖς
2666 1765 3168 1832 ἁκαταστατούσαις
3186 1768 3280 1821 καὶ
3301 1769 3717 1837 στασιαζούσαις

432 1860 701 1915 ecclesiis.
737 1859 890 1929 Saepe
939 1859 1084 1912 enim
1136 1858 1389 1913 doctores
1444 1866 1498 1912 et
1549 1855 1645 1927 qui
1696 1856 1750 1909 in
1798 1853 2021 1909 Christo

408 1951 691 2023 genuisse
725 1959 991 2021 putantur
1038 1964 1135 2005 eos
1179 1950 1273 2020 qui
1321 1949 1391 2004 ab
1436 1952 1517 2004 eis
1559 1948 1799 2002 divinam
1845 1947 2018 2016 legem

432 2044 746 2106 audierunt,
791 2040 1190 2112 discipulorum
1233 2040 1383 2109 petiti
1420 2037 1653 2106 insidiis,
1682 2054 1715 2094 a
1753 2038 1879 2094 ﬁliis
1918 2052 2018 2109 pa-

431 2148 543 2193 tres
581 2137 962 2192 comeduntur.
1026 2132 1085 2188 Si
1138 2142 1319 2188 autem
1370 2133 1475 2204 ipsi
1523 2132 1771 2203 iniquius
1823 2133 1876 2186 in
1923 2147 2019 2188 eos

443 2228 655 2298 egerint
680 2240 819 2297 quos
849 2226 914 2281 ad
947 2224 1194 2280 divinum
1241 2223 1470 2278 verbum
1520 2223 1884 2290 adduxerunt,
1921 2238 2019 2295 pa-

438 2337 550 2381 tres
577 2332 708 2380 sunt
757 2320 921 2395 £15
966 2318 1314 2376 comedentes
1356 2317 1578 2372 liberos.
1629 2315 1786 2384 Quod
1834 2324 2016 2372 autem

430 2418 667 2488 alicujus
695 2430 889 2472 carnes
924 2412 1212 2470 comedere
1259 2410 1328 2465 de
1371 2410 1643 2481 ejusmodi
1687 2411 2015 2466 tumultibus

430 2525 497 2565 ac
530 2507 895 2566 seditionibus
924 2505 1159 2568 dicatur,
1194 2500 1374 2571 palam
1410 2500 1471 2555 ﬁt
1500 2516 1566 2555 ex
1611 2501 1824 2572 psalmo
1867 2500 2018 2571 vige-

410 2603 570 2658 simo
604 2606 758 2657 sexto
784 2599 828 2639 ³³
855 2616 868 2653 :
904 2596 1047 2652 Dum
1077 2595 1503 2667 appropinquant
1538 2606 1696 2661 super
1716 2608 1799 2646 me
1826 2608 2019 2646 nocen-

420 2702 531 2757 tes,
565 2701 625 2746 ut
650 2691 809 2747 edant
843 2704 1028 2744 carnes
1054 2701 1235 2751 meas;
1274 2692 1331 2740 et
1365 2699 1435 2739 ex
1462 2681 1568 2739 Job
1594 2683 1809 2738 dicente
1836 2683 1919 2737 ’σε
1953 2681 2016 2737 8i

428 2805 551 2843 vero
573 2788 734 2843 etiam
765 2786 1016 2845 dixerunt
1041 2780 1253 2836 ancilla
1286 2796 1415 2835 metu
1435 2795 1455 2834 :
1493 2778 1625 2845 Quis
1646 2779 1737 2834 det
1767 2779 1918 2834 nobis
1957 2787 2015 2833 ut

430 2868 680 2937 “ritibus
712 2879 828 2947 ejus
858 2890 1151 2940 vescamur,
1182 2888 1302 2927 cum
1330 2870 1464 2925 bona
1508 2872 1578 2925 sit
1623 2871 1831 2940 fames?
1855 2869 2014 2941 Ejus-

437 2972 581 3028 modi
614 2980 742 3026 sunt
770 2979 825 3025 ct
853 2970 942 3024 illa
972 2969 1116 3039 apud
1140 2965 1462 3038 Apostolum
1495 2963 1589 3034 qui
1620 2962 1950 3018 dissidentes
1982 2977 2012 3016 a

420 3081 490 3119 se
521 3065 757 3119 invicem
788 3078 851 3117 ac
878 3063 1277 3117 tumultuantes
1302 3062 1358 3117 in
1390 3061 1724 3133 quibusdam
1752 3059 2014 3117 Ecclesiis

2050 1828 2099 1884 Β

2124 1856 2577 1928 πονηρευομένων
2604 1856 2944 1927 ἐκκλησίαις.
2972 1858 3241 1924 Πολλάκις
3268 1861 3380 1933 γὰρ
3406 1862 3456 1925 οἱ
3478 1863 3717 1930 διδάξαν-

2122 1965 2214 2012 τες
2250 1948 2347 2001 καὶ
2392 1949 2451 2001 ἐν
2502 1948 2730 2023 Χριστῷ
2777 1948 3167 2021 γεγεννηκέναι
3199 1950 3326 2017 τοὺς
3366 1954 3496 2024 παρ’
3534 1954 3718 2008 αὐτῶν

2121 2038 2462 2103 ἀκούσαντας
2504 2039 2601 2094 τοῦ
2648 2039 2794 2094 θείου
2840 2040 3007 2111 νόμου
3054 2042 3411 2113 νομισθέντες
3433 2083 3449 2109 ,
3497 2046 3720 2100 ἐπιϐου-

2120 2132 2402 2205 λευόμενοι
2427 2132 2534 2186 ὑπὸ
2561 2132 2671 2187 τῶν
2713 2130 3096 2203 διδαχθέντων,
3126 2128 3240 2188 οἷον
3284 2136 3558 2191 ὲσθίονται
3609 2139 3720 2193 ὑπὸ

2117 2225 2230 2279 τῶν
2262 2224 2394 2279 υίῶν
2430 2223 2685 2296 πατέρες.
2728 2224 2791 2277 Et
2816 2222 2874 2276 δὲ
2896 2223 3050 2276 αὐτοὶ
3082 2223 3454 2280 πλεονεκτοῖεν
3476 2228 3571 2282 καὶ
3600 2229 3717 2283 ἀδι-

2116 2320 2265 2373 κοῖεν
2301 2318 2428 2381 τοὺς
2465 2315 2875 2389 προσαχθέντας
2923 2317 2991 2371 δι’
3030 2316 3210 2381 αὐτῶν
3251 2318 3331 2390 τῷ
3379 2318 3507 2390 θείῳ
3546 2318 3710 2392 λόγῳ,

2118 2409 2356 2482 πατέρες
2382 2408 2523 2462 είσὶν
2546 2408 2821 2472 ἐσθίοντες
2850 2409 2980 2473 τοὺς
3005 2409 3177 2473 υἱούς.
3212 2410 3334 2464 Ὅτι
3356 2409 3412 2463 δέ
3439 2412 3615 2465 κεῖται
3648 2412 3712 2465 τὸ

2108 2501 2319 2557 ἐσθίειν
2348 2502 2448 2565 τὰς
2477 2501 2688 2573 σάρκας
2712 2502 2857 2566 τινὸς
2882 2502 2976 2555 ἐπὶ
3007 2502 3275 2574 τοσαύτης
3298 2506 3711 2572 ἀκαταστασίας

2115 2595 2215 2650 καὶ
2255 2596 2534 2659 στάσεως,
2579 2593 2696 2649 ἐστι
2738 2594 2931 2666 μαθεῖν
2975 2595 3040 2649 ἐκ
3065 2596 3161 2650 τοῦ
3193 2602 3284 2661 κς¹
3322 2596 3538 2669 ψαλμοῦ
3563 2617 3575 2629 ·
3606 2597 3712 2652 Διά

2114 2688 2184 2741 τὸ
2213 2688 2464 2759 ἐγγίζειν
2502 2687 2595 2741 ἐπ’
2635 2687 2743 2758 ἐμὲ
2793 2688 3132 2756 κακοῦντας
3184 2690 3290 2744 τοῦ
3344 2691 3557 2762 φαγεῖν
3600 2692 3710 2761 τὰς

2104 2778 2351 2847 σάρκας
2373 2797 2493 2850 μου
2513 2797 2527 2810 ⁶
2556 2780 2651 2834 καὶ
2682 2782 2747 2835 ἐκ
2778 2780 2873 2835 τοῦ
2924 2781 3045 2836 ’1ὼό
3070 2784 3350 2852 λέγοντοςι
3378 2786 3448 2838 Et
3488 2783 3555 2837 δὲ
3607 2784 3710 2838 καὶ

2113 2869 2288 2928 εἷπον
2318 2877 2379 2929 at
2414 2872 2767 2943 θεράπαιναι
2790 2892 2911 2945 μου
2931 2890 2946 2906 ”
2988 2877 3086 2943 Τίς
3133 2875 3211 2931 ἂν
3247 2876 3380 2945 δοίη
3418 2875 3562 2946 ἡμῖν
3590 2875 3708 2931 τῶν

2112 2967 2358 3037 σαρκῶν
2365 2968 2552 3022 αὐτοῦ
2562 2968 2796 3039 φαγεῖν,
2808 2968 2988 3039 λιμοῦ
3004 2970 3274 3039 χρηστοῦ
3288 2969 3462 3037 ὄντος
3474 2986 3494 3035 ;
3509 2970 3706 3024 Τοιαῦ-

2114 3061 2184 3115 τά
2215 3063 2334 3115 ἐστι
2375 3062 2470 3116 καὶ
2511 3060 2580 3115 τὰ
2608 3060 2762 3133 παρὰ
2789 3059 2869 3131 τῷ
2902 3062 3210 3133 ’Δποστόλῳ
3230 3063 3539 3136 αίτιωμένῳ
3579 3064 3708 3128 τοὺς

426 3159 510 3214 sic
531 3154 863 3227 vituperat"
887 3174 899 3211 ;
918 3152 977 3210 Si
996 3170 1113 3210 vero
1138 3154 1276 3210 alter
1301 3158 1530 3211 alterum
1550 3155 1825 3222 mordetis,
1845 3155 2014 3208 videte

2120 3154 2511 3218 στασιάζοντας
2532 3154 2667 3227 πρὸς
2691 3154 2955 3227 ἀλλήλους
2981 3154 3041 3209 ἐν
3066 3173 3207 3211 τισιν
3238 3157 3585 3228 Ἐκκλησίαις
3605 3174 3618 3188 ·
3636 3161 3706 3215 Ei

423 3268 492 3307 ne
515 3252 736 3306 invicem
766 3250 1172 3304 consumamini.
1208 3247 1324 3307 Hoc
1352 3250 1603 3305 mordere
1629 3257 1681 3304 et
1703 3248 2008 3312 comedere,

432 3359 539 3398 non
565 3341 726 3398 efﬁcit
756 3341 921 3409 Deus,
956 3350 1014 3396 ut
1061 3349 1242 3411 patres
1278 3340 1422 3396 ﬁlios
1467 3340 1776 3407 comedam,
1814 3348 1869 3395 et
1915 3339 2011 3394 ﬁlii

416 3448 632 3509 .patres,
688 3436 784 3491 sed
837 3434 891 3489 id
951 3433 1201 3505 sequitur
1248 3448 1314 3489 ex
1365 3432 1626 3503 operibus
1676 3446 1867 3487 eorum
1914 3430 2009 3501 qui

423 3530 848 3601 iustiﬁcationes
878 3527 973 3584 Dei
1008 3526 1285 3598 rejiciunt,
1315 3540 1417 3582 nec
1442 3523 1730 3580 ambulant
1768 3523 1825 3578 in
1872 3523 2009 3593 legi-

422 3625 576 3681 timis
603 3623 743 3695 ejus.

497 3900 568 3956 Et
593 3899 938 3971 complebitur
963 3895 1115 3966 {uror
1136 3911 1280 3951 meus
1305 3895 1371 3949 ⁸⁸.
1405 3893 1523 3950 Hoc
1546 3892 1819 3964 signiﬁcat
1842 3893 2006 3947 ﬁnem

424 3991 741 4047 habiturum
779 3987 873 4045 Dei
903 3987 1144 4045 furorem
1181 4001 1289 4041 una
1334 4000 1459 4041 cum
1509 3984 1698 4040 mundi
1741 3998 1999 4040 consum-

424 4084 687 4139 matione.

494 4176 771 4247 Ejusdem.
823 4175 921 4231 Dei
972 4173 1128 4230 furor
1181 4179 1266 4227 est
1308 4169 1633 4241 eoargutio;
1688 4169 1771 4224 ira
1821 4168 2003 4224 aut’em

422 4267 731 4340 castigatio.
781 4265 977 4321 Omnis
1029 4272 1211 4319 autem
1263 4263 1359 4334 qui
1415 4260 1596 4333 arguit
1643 4270 1701 4317 et
1750 4261 2002 4330 corripit,

425 4371 577 4431 pater
606 4360 933 4415 ostenditur.

495 4450 775 4521 Ejusdem.
806 4447 1038 4504 Prmstat
1066 4456 1130 4503 ut
1160 4445 1288 4501 mali
1332 4443 1603 4501 inferendi
1647 4442 1837 4499 auditu
1877 4458 1909 4498 a
1956 4450 2009 4499 te

2116 3247 2186 3301 δὲ
2217 3246 2534 3313 ἀλλήλους
2579 3246 2830 3302 δάκνετε
2868 3247 2969 3303 καί
3034 3251 3409 3316 κατεσθίετε,
3440 3252 3707 3315 ,ϐλέπετε

2109 3340 2196 3411 μὴ
2228 3339 2348 3395 ὑπὸ
2371 3339 2664 3406 ἀλλήλων
2690 3338 3062 3409 ἀναλωθῆτε.
3092 3340 3263 3395 Τοῦτο
3295 3341 3353 3394 δὲ
3388 3343 3450 3395 τὸ
3484 3343 3705 3400 δάκνειν

2116 3431 2212 3487 καὶ
2242 3430 2567 3499 κατεσθίειν,
2593 3429 2669 3496 ὡς
2714 3431 2962 3500 γίνεσθαι
2998 3432 3082 3498 τὸ,
3111 3432 3368 3502 Πατέρες
3408 3432 3703 3504 φάγονται

2113 3526 2297 3581 τέκνα
2325 3522 2578 3593 ἐνμέσῳ
2602 3536 2742 3588 σου,
2766 3523 2865 3577 καὶ
2884 3522 3070 3580 τέκνα
3097 3522 3390 3594 φάγονται
3414 3526 3697 3595 πατέρας,

2110 3619 2210 3688 οὐχ
2234 3619 2264 3671 δ
2294 3616 2425 3679 Θεὸς
2451 3617 2683 3686 ἐνεργεῖ,
2712 3614 2998 3669 ἀκολουθεῖ
3026 3616 3084 3673 δὲ
3107 3619 3220 3679 τοῖς
3261 3616 3333 3671 τὰ
3359 3616 3699 3688 δικαιώματα

2108 3710 2205 3764 τοῦ
2223 3707 2359 3764 Θεοῦ
2378 3706 2599 3762 ἀπωθου
2608 3706 2789 3777 μένοις
2816 3707 2914 3761 καὶ
2932 3708 2990 3762 ὲν
3020 3711 3134 3773 τοῖς
3148 3709 3397 3781 νομίμοις
3418 3710 3586 3767 αὑτοῦ
3620 3712 3699 3784 μὴ

2112 3800 2526 3874 πορευομένοις.

2181 3891 2289 3945 Καί
2313 3891 2867 3959 συντελεσθήσεται
2892 3893 2926 3946 ό
2951 3893 3138 3963 θυμός
3162 3910 3302 3964 μου.
3329 3891 3498 3950 Τοῦτο
3522 3894 3699 3967 δηλοῖ,

2110 3986 2190 4039 ὅτι
2224 3985 2401 4058 πέρας
2428 3984 2538 4050 ἔξει
2559 3986 2589 4039 ὁ
2616 3984 2787 4057 θυμὸς
2807 3986 2903 4041 τοῦ
2927 3986 3063 4041 Θεοῦ
3095 3986 3296 4058 ὁμοίως
3320 3989 3388 4060 τῇ
3416 3988 3701 4062 συντελείᾳ

2111 4077 2206 4131 τοῦ
2240 4078 2468 4149 κόσμου.

2189 4172 2300 4226 Τοῦ
2336 4172 2544 4227 αὑτοῦ.
2582 4173 2767 4242 Θυμδς
2809 4172 2946 4227 Θεοῦ
2980 4175 3127 4229 ἐστιν
3166 4174 3432 4245 ἐλεγμὸς,
3477 4173 3701 4247 ὀργὴδὲ

2113 4264 2352 4320 παιδεία.
2389 4264 2505 4328 Πᾶς
2523 4264 2581 4319 δὲ
2600 4267 2629 4318 ὁ
2669 4266 2908 4337 ἐλέγχων
2950 4267 3047 4321 καὶ
3074 4265 3348 4322 παιδεύων
3382 4266 3563 4339 πατὴρ
3586 4266 3699 4321 δεί-

2111 4373 2324 4411 κνυται.

2187 4448 2306 4503 Τοῦ
2331 4450 2537 4505 αὐτοῦ.
2569 4450 2833 4522 Κρεῑττον
2859 4450 3213 4507 παιδεύεσθαι
3244 4454 3304 4507 ἐν
3334 4454 3399 4523 τῇ
3433 4452 3571 4523 ἀκοῇ
3600 4452 3698 4523 τῆς

426 4544 546 4613 ipso
577 4540 873 4607 erudiaris,
908 4554 1075 4610 quam
1128 4546 1189 4593 ut
1241 4537 1422 4607 reipsa
1467 4535 1731 4591 inﬁictam
1772 4536 2006 4608 castiga-

2116 4540 2346 4611 θλίψεως
2371 4540 2466 4594 καὶ
2506 4541 2582 4612 μὴ
2616 4541 2750 4594 αὐτὸ
2778 4541 2839 4595 τὸ
2867 4541 3027 4614 ἔργον
3056 4542 3158 4612 τῆς
3199 4542 3446 4604 παιδείας
3500 4558 3697 4613 πειρα-

424 4636 593 4689 tionis
619 4649 835 4705 poenam
868 4630 1201 4703 experiaris;
1238 4629 1461 4698 quidam
1490 4627 1635 4684 enim
1665 4627 1872 4692 verbis,
1913 4629 2006 4683 alii

425 4730 544 4799 ipso
576 4742 750 4797 patria:
779 4741 941 4783 sensu
975 4725 1320 4783 erudiuntur.

1067 4814 1222 4872 CAP.
1262 4814 1353 4871 VI.

500 4907 689 4964 Firmo
738 4909 933 4980 faciem
971 4917 1117 4962 tuam
1168 4907 1233 4960 ".
1288 4905 1398 4961 Eos
1444 4905 1537 4975 qui
1578 4904 1834 4975 prtccipui
1884 4919 2007 4960 esse

423 5001 679 5055 videntur
707 5015 774 5054 ac
801 4998 1029 5069 reliquis
1053 4996 1316 5068 majores,
1349 4995 1436 5050 vel
1469 4995 1680 5064 imperii
1718 5003 2005 5064 potestate,

424 5093 509 5149 vel
557 5091 705 5162 quod
759 5090 1006 5146 scientiae
1053 5088 1445 5159 sapientiaeque
1494 5095 1695 5141 navent
1747 5101 2004 5156 operam,

424 5190 638 5240 montes
670 5181 839 5239 Israel
868 5196 931 5236 ac
959 5182 1124 5236 colles
1157 5181 1341 5235 vocari
1373 5172 1661 5236 existimo.’
1695 5178 2006 5249 Propltctici

422 5278 621 5333 etenim
665 5274 939 5330 sermonis
981 5275 1251 5345 Speciem,
1298 5287 1420 5343 quae
1464 5270 1633 5328 iacies
1680 5272 2005 5342 appellatur,

422 5368 880 5439 splendoremque
927 5366 1047 5437 ejus
1092 5380 1317 5420 necesse
1370 5364 1473 5418 erit
1521 5365 1586 5418 ad
1642 5364 1743 5419 hos
1790 5374 2004 5421 montes

424 5461 651 5528 ﬁrmari,
684 5467 743 5512 ut
773 5458 936 5513 etiam
968 5459 1033 5512 ad
1065 5472 1161 5512 eos
1190 5455 1477 5528 praphetia
1506 5455 1740 5509 dicatur.
1772 5455 1847 5510 Ac
1871 5470 2004 5510 sane

423 5549 825 5605 observandum
854 5556 957 5615 est,
1001 5548 1279 5603 montibus
1324 5545 1543 5617 quidem
1595 5546 1908 5601 aununtiari
1935 5560 1998 5601 ea

495 5754 542 5785 ⁸³
586 5753 609 5807 ι
651 5752 788 5824 Reg.
821 5769 881 5820 ιι,
923 5754 1014 5809 50.

424 5838 480 5895 ν,
511 5825 599 5879 15.
677 5826 720 5859 ³⁸
743 5823 951 5880 Εῑρςιι.
986 5842 1063 5894 Vt,
1098 5832 1153 5882 ‘2.

1105 5756 1149 5788 "
1190 5756 1391 5814 Ezech.
1421 5771 1473 5825 γ,
1511 5755 1597 5811 10.
1677 5756 1720 5787 ³³
1757 5754 1901 5811 Psal.
1947 5772 2097 5823 sxw,
2128 5756 2183 5814 2.
2276 5761 2320 5792 ³⁸
2358 5758 2462 5814 Job
2494 5777 2644 5826 κιαι,
2680 5760 2769 5814 51.

2112 4634 2271 4705 θῆναι
2294 4650 2307 4664 σ
2326 4633 2473 4697 τινὲς
2496 4632 2605 4703 γὰρ
2629 4634 2973 4687 παιδεύονται
3003 4632 3081 4703 τῷ
3096 4632 3240 4703 λόγῳ
3266 4632 3364 4702 τῆς
3396 4630 3689 4694 κολάσεως,

2110 4726 2289 4798 ἕτεροι
2318 4724 2376 4779 δὲ
2392 4726 2532 4797 αὐτῇ
2555 4727 2620 4796 τῇ
2656 4724 2901 4781 κολάσει.

2760 4818 2919 4871 xm.
2956 4818 3045 4883 c7.

2183 4908 2478 4979 Στήριξον
2526 4908 2593 4964 τὸ
2634 4910 2961 4978 πρόσωπόν
2988 4924 3127 4963 σου.
3147 4906 3287 4969 Τοὺς
3314 4902 3453 4960 εἶναι
3480 4902 3696 4957 δοκοῦν-

2110 5019 2209 5066 τας
2244 5002 2339 5056 καὶ
2375 5000 2627 5072 μείζονας
2656 5001 2808 5073 παρὰ
2831 5001 2957 5064 τοὺς
2991 4998 3235 5061 λοιποὺς,
3265 4998 3384 5070 ἦτοι
3429 4996 3570 5049 κατὰ
3596 4994 3695 5067 τὴν

2111 5093 2203 5145 τοῦ
2228 5093 2417 5163 ἄρχειν
2447 5092 2696 5159 ἐξουσίαν
2722 5093 2755 5163 ἢ
2777 5091 2919 5146 κατὰ
2938 5089 2999 5143 τὸ
3018 5106 3086 5145 πε
3093 5089 3147 5159 pl.
3161 5086 3363 5156 γνῶσιν
3384 5086 3478 5139 καὶ
3502 5085 3693 5155 σοφίαν

2109 5183 2408 5255 διατρίϐειν
2451 5183 2676 5248 ἐθέλειν,
2699 5184 2801 5255 ὅρη
2832 5182 3038 5254 νομίζω
3062 5179 3317 5250 λέγεσθαι
3342 5177 3437 5233 τοῦ
3479 5177 3696 5251 Ἰσραὴλ

2108 5276 2202 5331 καὶ
2237 5276 2479 5347 βουνούς.
2516 5277 2626 5347 Τὴν
2654 5276 2912 5343 ἐπίφασιν
2928 5271 3022 5329 οὖν
3043 5273 3141 5328 τοῦ
3163 5270 3504 5346 προφητικοῦ
3533 5270 3693 5345 λόγου

2110 5369 2398 5437 πρόσωπον
2433 5368 2837 5439 ὀνομαζομένην
2866 5367 2962 5422 καὶ
3008 5366 3107 5437 τὴν
3134 5366 3497 5438 λαμπρότητα
3527 5362 3693 5418 αὑτοῦ

2105 5457 2287 5528 δεήσει
2322 5459 2678 5530 στηριχθῆναι
2709 5457 2802 5511 ἐπὶ
2829 5456 3000 5511 ταῦτα
3029 5457 3099 5511 τὰ
3135 5455 3260 5529 ὅρη,
3309 5456 3378 5509 ἶν’
3408 5456 3441 5528 ἡ
3478 5470 3694 5526 προφη-

2104 5551 2223 5605 τεία
2253 5552 2345 5605 καὶ
2368 5552 2460 5605 ἐπὶ
2485 5550 2661 5606 ταῦτα
2682 5551 2869 5624 λεχθῇ.
2911 5552 3023 5616 Καὶ
3051 5549 3470 5623 παρατηρητέον
3494 5565 3579 5617 γε,
3611 5547 3694 5601 δτι

2881 5761 2922 5793 ³⁷
2958 5759 3134 5816 Galat.
3163 5775 3216 5823 ν,
3244 5757 3327 5812 lii.
3408 5756 3452 5788 ⁸⁸
3492 5750 3688 5808 Ezecb.
