4128 6460
424 387 534 445 785

1605 381 1917 438 SELECTA
1954 380 2027 435 IN
2060 376 2523 438 EZIECHIEL‘EM.

3594 371 3717 426 me

421 506 492 561 τὰ
527 501 627 575 μὲν
658 498 928 571 λεγόμενα
963 496 1366 568 ἀπαγγέλλεται
1415 496 1527 560 τοῖς
1567 495 1719 567 ὄρεσι
1743 534 1759 561 ,
1799 512 2012 567 προφη-

2115 507 2238 563 quae
2269 492 2548 555 dicuntur,
2582 486 2900 545 vaticinium
2932 499 3063 544 vero
3097 500 3219 543 esse
3259 500 3366 540 non
3417 483 3483 539 de
3536 499 3695 537 nion~

419 592 718 651 τεύεταιδὲ
741 592 802 647 οὐ
838 590 1098 664 περὶτῶν
1136 590 1310 662 ὀρέων
1360 590 1544 662 μόνον,
1582 588 1717 644 ἀλλὰ
1758 589 1852 642 καὶ
1902 587 2011 640 τῶν

424 685 630 760 βουνῶν
656 685 750 738 καὶ
774 683 885 738 τῶν
913 682 1100 737 ναπῶν
1128 684 1223 737 καὶ
1252 680 1553 754 φαράγγων
1571 697 1584 711 ·
1616 679 1787 735 ταῦτα
1826 679 1934 752 γὰρ
1960 680 2010 731 οἱ

423 778 604 851 βουνοὶ
636 777 732 831 καὶ
757 778 814 830 αί
844 776 1130 847 φάραγγες
1158 777 1254 830 καὶ
1284 776 1340 829 αἱ
1371 775 1562 839 νάπαι,
1593 774 1684 827 τὸν
1709 772 2012 843 στηριγμον

425 870 502 942 μὴ
525 868 804 942 χωροῦντα
834 867 929 922 τοῦ
962 866 1305 940 προφητικοῦ
1340 864 1666 938 προσώπου,
1697 864 1817 917 οὐδὲ
1857 863 2013 930 δέξα-

424 962 550 1016 σθαι
570 961 638 1015 τὰ
659 960 930 1032 λεγόμενα
957 954 1048 1013 οἷό.
1070 977 1127 1015 τε
1158 956 1244 1031 ἦν.
1291 956 1719 1028 Ἀπαγγέλλεται
1741 956 1798 1010 δὲ
1840 955 2013 1010 ταῦτα

418 1053 532 1115 τοῖς
550 1049 757 1123 ὄρεσιν,
795 1051 885 1104 ὅτε
923 1050 1143 1121 ἤκουον,
1186 1049 1357 1116 ἀξίοις
1382 1046 1502 1104 οὖσι
1535 1048 1630 1104 τοῦ
1656 1048 1725 1103 τά
1753 1047 2012 1120 ἐπιφερό-

422 1158 563 1212 μενα
593 1140 785 1195 παθεῖν
814 1141 876 1194 οὐ
914 1139 1131 1204 πάντως
1165 1139 1253 1194 ἵνα
1287 1139 1533 1195 πάθωσιν
1576 1137 1748 1192 αὑτά·
1789 1136 2012 1190 δυνατὸν

420 1232 531 1306 γὰρ
573 1233 701 1296 τοὺς
746 1231 1080 1297 ἀκούοντας,
1116 1230 1480 1303 ἐπικειμένων
1523 1230 1687 1285 τινῶν
1735 1227 2012 1300 χαλεπῶν,

425 1324 830 1396 μεταϐαλόντας
871 1324 1067 1397 μηκέτι
1108 1327 1426 1397 περιπεσεῖν
1471 1323 1681 1387 τούτοις
1721 1317 1803 1386 οἷς
1849 1322 2015 1393 ἤκου-

425 1432 542 1482 σαν,
566 1415 759 1489 ὥσπερ
787 1418 881 1471 καὶ
908 1417 1035 1486 περὶ
1055 1417 1354 1473 Νινευῖτῶν
1377 1417 1689 1488 γεγένηται.
1713 1414 1824 1468 Καὶ
1849 1414 1906 1467 ἐν
1936 1413 2012 1485 τῷ

434 1509 788 1582 Ἱερεμίᾳσδὲ,
822 1509 1021 1578 Πέραν
1057 1508 1330 1577 λαλήσω,
1357 1510 1545 1581 φησὶν,
1582 1508 1683 1562 ἐπὶ
1720 1507 1863 1575 ἔθνη
1910 1506 2011 1560 καὶ

417 1600 719 1666 βασιλέας
765 1599 871 1655 τοῦ
898 1596 1106 1668 ἐξᾶραι
1141 1600 1239 1653 καὶ
1280 1598 1575 1668 ἀφανίσαι
1610 1597 1854 1662 αὺτούς.
1899 1596 2010 1650 Kal

422 1691 531 1745 ἐὰν
547 1691 994 1762 μετανοήσωσι,
1021 1692 1182 1761 κάγὼ
1214 1688 1570 1760 μετανοήσω
1602 1688 1736 1756 περὶ
1770 1686 2015 1742 πάντων

2115 586 2261 640 libus
2284 585 2439 647 solis,
2472 598 2663 637 verum
2701 583 2865 636 etiam
2902 581 2969 636 de
3009 580 3239 637 collibus
3290 578 3555 649 divisque
3602 590 3739 631 ne-~

2115 677 2374 742 murosis,
2406 684 2461 731 et
2490 676 2738 730 vallibus.
2774 672 2900 730 Haec
2928 675 3074 729 enim
3107 681 3236 729 sunt
3282 672 3449 727 colles
3486 688 3551 726 ac
3580 671 3691 723 val-

2113 768 2215 834 les,
2249 768 2564 838 saltusque,
2608 783 2731 837 quae
2785 766 3098 821 lirmitatcm
3153 763 3458 836 prophetici
3513 762 3698 818 vultus

2114 875 2308 929 capere
2359 866 2660 928 nequeunt,
2708 872 2809 912 nec
2856 872 2919 911 ea
2966 872 3086 926 quae
3130 854 3390 910 dicuntur
3432 853 3697 924 recipere.

2114 947 2451 1004 Nuntiantur
2480 957 2661 1003 autem
2690 950 2804 1003 haec
2830 948 3125 1011 montibus,
3160 945 3275 1018 qui,
3313 946 3533 1017 quando
3593 960 3697 1000 au-

2114 1032 2357 1108 diebant,
2388 1040 2538 1113 digni
2563 1050 2721 1096 erant
2742 1041 2836 1111 qui
2868 1039 3153 1095 inferenda
3185 1040 3327 1094 mala
3358 1047 3696 1109 paterentur,

2116 1148 2222 1187 non
2247 1131 2471 1186 omnino
2498 1140 2559 1187 ut
2589 1140 2923 1202 paterentur:
2962 1132 3079 1188 ﬁeri
3129 1131 3274 1188 enim
3304 1140 3483 1201 potest
3524 1139 3583 1185 ut
3606 1130 3701 1202 qui

2114 1222 2423 1296 ingruentia
2454 1226 2705 1297 quaedam
2744 1227 2885 1283 mala
2932 1226 3182 1290 audiunt,
3231 1232 3443 1279 mutent
3490 1240 3697 1286 mores,

2114 1323 2169 1370 et
2195 1331 2303 1370 non
2330 1315 2575 1374 incidant
2603 1319 2658 1373 in
2689 1334 2754 1374 ea
2782 1334 2905 1391 quae
2951 1317 3246 1373 audierunt
3289 1316 3454 1382 mala,
3504 1331 3700 1385 quem-

2115 1406 2411 1463 admodum
2442 1408 2697 1466 Ninivitis
2739 1411 2988 1484 contigit.
3039 1409 3099 1466 In
3149 1410 3385 1467 Ieremia
3438 1424 3695 1480 quoque:

2121 1499 2278 1555 Ultra
2312 1500 2520 1570 loquar,
2552 1503 2729 1573 inquit
2755 1503 2823 1572 ‘°,
2858 1522 3017 1574 super
3058 1514 3235 1575 gentes
3271 1514 3320 1558 et
3364 1520 3522 1574 super
3558 1519 3701 1572 reges

2118 1605 2176 1649 ut
2205 1592 2448 1663 auferant
2477 1603 2525 1648 et
2551 1595 2854 1666 disperdam
2881 1614 2988 1651 eos.
3022 1595 3092 1650 Et
3117 1598 3163 1650 si
3192 1597 3552 1667 pwnitenliam
3586 1611 3704 1666 ege-

2114 1685 2242 1748 rint,
2265 1694 2315 1738 et
2337 1701 2430 1757 ego
2454 1686 2813 1756 pwnitentiam
2839 1705 2990 1756 agam
3015 1687 3077 1741 de
3103 1687 3341 1741 omnibus
3362 1687 3703 1759 quwlocutus

421 1776 509 1835 ὧν
535 1780 850 1849 λελάληκα
877 1781 1011 1849 περὶ
1050 1781 1156 1835 τοῦ
1184 1777 1435 1847 ποιῆσαι
1457 1778 1682 1844 αὐτοῖς.
1727 1778 1826 1831 Διὰ
1851 1775 2015 1831 τοῦτο

2118 1794 2233 1831 sum
2260 1775 2432 1846 facere
2453 1777 2548 1832 eis.
2582 1776 2791 1832 Idcirco
2824 1778 2990 1850 416
3011 1787 3195 1833 autem
3221 1780 3287 1832 ad
3314 1789 3526 1835 montes
3555 1781 3704 1835 soles

421 1872 478 1924 δὲ
502 1872 639 1943 πρὸς
665 1872 733 1925 τὰ
756 1844 857 1942 ὀρη
901 1844 1038 1941 μόνα
1059 1869 1296 1939 λέγεται,
1314 1844 1408 1923 «ὅτι
1451 1868 1735 1943 χωρητικά
1772 1871 1878 1923 εἱσι
1916 1869 2009 1922 τοῦ

2115 1870 2230 1926 haec
2244 1871 2519 1937 dicuntur,
2537 1870 2683 1942 quod
2702 1871 2949 1926 omnium
2970 1870 3235 1926 rationem
3257 1871 3467 1939 possint
3486 1888 3697 1940 capere:

423 1964 555 2033 περὶ
587 1962 804 2014 πάντων
827 1961 986 2030 λόγου
1008 1979 1021 1991 ·
1047 1962 1291 2034 οὐδὲγὰρ
1307 1961 1372 2016 ἂν
1398 1961 1550 2034 παρὰ
1579 1961 1647 2015 τὰ
1666 1962 1768 2034 ὅρη
1802 1965 2012 2017 συνεῖεν

424 2053 517 2106 τοῦ
553 2052 893 2123 βουλήματος
920 2052 1029 2108 τῶν
1062 2054 1389 2125 λεγομένων.
1425 2055 1575 2125 Ἅμα
1597 2054 1652 2108 δὲ
1676 2052 2014 2126 παραθετέον

423 2144 485 2195 τὸ
509 2144 672 2215 ῥητὸν
692 2146 806 2207 τοῖς
829 2142 1157 2217 ἁδιακρίτως
1186 2145 1590 2218 διαλεγομένοις
1620 2148 1754 2200 πᾶσι
1782 2145 1875 2199 καὶ
1900 2147 2013 2210 τοῖς

422 2234 646 2307 τυχοῦσι
681 2237 774 2290 καὶ
806 2238 934 2308 περὶ
960 2235 1068 2290 τῶν
1088 2237 1347 2308 μειζόνων
1369 2240 1481 2304 τοῖς
1499 2237 1891 2311 ἁπλουστέροις
1920 2237 2014 2291 καὶ

427 2328 834 2398 ἀκεραιοτάτοις
862 2330 1369 2402 ἀνακοινουμένοις·
1416 2331 1513 2384 καὶ
1549 2330 1767 2385 λεκτέον
1805 2331 2012 2395 αὐτοῖς,

420 2419 502 2471 ὅτι
531 2418 720 2490 ὥσπερ
765 2420 795 2473 6
844 2423 1130 2494 προφήτης
1167 2423 1235 2477 τά
1268 2424 1405 2499 περὶ
1454 2424 1625 2495 ὀρέων
1677 2424 1773 2479 καὶ
1812 2423 2014 2495 βουνῶν

421 2510 518 2562 καὶ
540 2511 723 2565 ναπῶν
753 2512 848 2567 καὶ
887 2515 1186 2586 φαράγγων
1209 2516 1390 2586 μόνοις
1405 2520 1519 2580 τοῖς
1558 2518 1708 2590 ὄρεσι
1736 2516 2013 2572 κελεύεται

420 2600 597 2672 λέγειν
620 2644 634 2668 ,
687 2604 778 2657 τὸν
827 2605 989 2659 αὐτὸν
1034 2607 1235 2677 τρόπον
1280 2609 1392 2670 τοῖς
1431 2606 1699 2671 διακόνοις
1731 2606 1823 2661 τοῦ
1853 2607 2014 2677 λόγου

424 2694 852 2765 συμϐουλεύεται
893 2700 1086 2750 ποιεῖν.
1141 2697 1414 2770 Ἠγοῦμαι
1463 2699 1520 2752 δὲ
1565 2700 1692 2767 τοὺς
1736 2701 1834 2772 μὲν
1878 2701 2016 2774 πρὸς

423 2784 624 2853 γνῶσιν
656 2786 786 2854 ὑγιᾶ
817 2788 1128 2856 πεφυκότας
1152 2787 1222 2841 τὰ
1255 2787 1356 2860 ὅρη
1376 2784 1517 2843 εἶναι
1536 2808 1551 2820 ·
1580 2791 1708 2857 τοὺς
1741 2792 1798 2844 δὲ
1835 2791 2015 2862 ὀλίγον

426 2890 479 2928 τι
506 2875 660 2947 παρὰ
703 2878 832 2941 τοὺς
867 2876 1060 2941 ἄλλους
1096 2878 1393 2933 διαϐαίνειν
1431 2883 1497 2952 τῇ
1546 2880 1746 2951 γνώσει
1778 2882 2014 2955 δυναμέ-

424 2981 551 3030 νους
576 2968 831 3036 λέγεσθαι
875 2969 1129 3042 βουνούς·
1172 2972 1301 3035 τοὺς
1353 2971 1409 3025 δὲ
1452 2972 1608 3044 ψιλὸν
1649 2975 1711 3028 τὸ
1741 2976 2015 3047 πρακτέον

424 3057 770 3128 ἐζηλωκότας
789 3059 1042 3129 λέγεσθαι
1069 3063 1277 3128 νάπας·
1321 3064 1447 3130 τοὺς
1477 3064 1535 3119 δὲ
1578 3067 1796 3122 πάντων
1829 3086 2016 3123 ταπειι-

425 3149 676 3223 νοτέρους
704 3151 802 3215 τὰς
820 3152 998 3224 ψυχὰς
1025 3155 1389 3228 ὀνομάζεσθαι
1416 3158 1727 3229 φάραγγας.

493 3332 604 3387 Καὶ
625 3334 857 3405 ἐξαρθῇ
872 3338 942 3392 τὰ
966 3339 1181 3410 τεμένη
1205 3341 1392 3413 ὑμῶν.
1428 3344 1570 3398 Πᾶσι
1609 3348 1722 3411 τοῖς
1756 3348 2013 3421 προτιθε-

427 3421 609 3491 μένοις
632 3423 700 3479 τὰ
745 3426 845 3497 τῆς
863 3427 1118 3496 γνώσεως
1139 3432 1412 3499 ἐξετάζειν
1431 3435 1525 3489 καὶ
1558 3435 1707 3505 βιοῦν
1749 3439 1893 3494 κατὰ
1922 3439 2015 3494 τὸν

421 3513 609 3585 νόμον,
631 3516 727 3570 καὶ
752 3517 785 3588 ἢ
812 3518 994 3588 ὀλίγον
1015 3539 1067 3574 τι
1090 3522 1167 3586 ὡς
1191 3525 1331 3597 πρὸς
1359 3526 1459 3598 τὴν
1490 3527 1693 3597 γνῶσιν
1714 3528 2013 3585 διαϐαίνειν

424 3605 739 3679 δυναμένοις
768 3610 1005 3684 μόνον,ἢ
1034 3613 1199 3670 πλέον
1218 3616 1310 3671 τοῦ
1351 3620 1659 3691 πρακτικοῦ
1708 3622 1873 3695 μηδὲν
1919 3623 2016 3696 ζη-

422 3696 692 3753 τοῦσικαὶ
721 3703 1086 3775 ἀρκουμένοις
1126 3704 1206 3777 τῷ
1255 3709 1358 3779 τῆς
1390 3712 1703 3783 εἰσαγωγῆς
1736 3712 1880 3784 λόγῳ
1920 3714 2014 3768 καὶ

423 3786 604 3858 ἔργοις
633 3789 859 3864 βραχέσι
885 3797 1052 3866 φησὶν
1088 3797 1117 3849 6
1150 3796 1306 3866 λόγος
1331 3800 1393 3852 τό
1412 3817 1426 3831 ·
1477 3800 1632 3855 Ἰδοὺ
1652 3802 1769 3873 ἐγὼ
1812 3803 2015 3874 ἐπάγω

422 3878 516 3948 ἐφ’
568 3881 724 3953 ὑμᾶς
755 3885 1094 3954 ῥομφαίαν,
1164 3890 1263 3943 καὶ
1311 3889 1889 3962 ἐξολοθρευθήσεται
1942 3897 2017 3952 τὰ

422 3973 636 4039 ὑψηλὰ
655 3973 840 4044 ὑμῶν,
888 3977 985 4031 ἆτε
1015 3979 1073 4033 ὲν
1101 3982 1215 4044 τοῖς
1251 3982 1514 4048 τοιούτοις
1537 3984 1839 4059 δυναμένου
1870 3989 2016 4061 εὑρί-

426 4063 652 4119 σκεσθαι
676 4065 842 4137 τῦφον
867 4070 961 4123 καὶ
986 4071 1288 4142 φιλοδοξίαν
1318 4077 1414 4130 καὶ
1447 4076 1624 4150 οῖηισίν
1653 4096 1794 4136 τινα.
1833 4082 2020 4137 Καλὸν

422 4154 480 4209 δὲ
508 4157 566 4210 τὺ
593 4157 1041 4233 ὲξολοθρευθῆναι
1074 4166 1168 4218 καὶ
1202 4167 1568 4245 ἀφανισθῆναι
1613 4172 1880 4240 φυσίωσιν
1919 4173 2015 4229 καὶ

422 4247 618 4320 οἴησιν,
645 4250 789 4325 ἆπερ
814 4255 932 4308 ἐστὶ
967 4255 1040 4310 τὰ
1062 4257 1293 4327 ὑψηλά.
1319 4259 1467 4333 Αὐτὴ
1495 4261 1553 4319 δὲ
1576 4264 1609 4334 ἡ
1651 4262 1842 4337 λογικὴ
1880 4269 2017 4339 ῥομ-

425 4342 581 4410 φαία,
610 4344 712 4396 ὅσα
733 4347 884 4416 παρὰ
901 4347 994 4402 τὸν
1022 4348 1179 4418 λόγον
1198 4351 1589 4426 οἰκοδομοῦμεν
1619 4355 1688 4409 τὰ
1715 4354 2013 4431 θυσιαστή-

427 4449 520 4506 ρια
543 4433 779 4506 οἰόμενοι
804 4436 916 4491 δεῖν
938 4437 1019 4510 τῷ
1042 4439 1163 4511 Θεῷ
1195 4440 1297 4514 τὴν
1325 4441 1552 4515 λογικὴν
1584 4444 1864 4517 λατρείαν,
1890 4465 2015 4502 συν·-

420 4523 631 4623 -τρίὸειιμ
650 4526 810 4623 αὐτὰ,
980 4529 1064 4623 τά-
1095 4530 1363 4623 ἱδρύματα
1398 4532 1435 4587 ἃ
1492 4535 1787 4607 νομίζομεν
1839 4555 2012 4593 κατα-
2045 4568 2088 4623 υ

427 4611 712 4680 σκευάζειν
739 4616 818 4688 τῷ
846 4617 977 4690 θείῳ
1007 4618 1179 4690 λόγῳο
1214 4619 1358 4694 άπερ
1379 4623 1585 4696 τεμένη
1619 4624 1715 4679 νῦν
1754 4627 2011 4699 ὀνομάζει

424 4705 454 4758 6
481 4705 620 4773 θεῖος
646 4704 825 4776 λόγος.

499 4889 606 4944 Καὶ
632 4889 759 4957 τοῖς
787 4889 1117 4962 ὀφθαλμοῖς
1154 4892 1352 4948 αὐτῶν
1388 4896 1514 4964 τοῖς
1551 4897 2005 4968 ὲκπορνεύουσι.

421 4983 949 5056 Προσεφαρμοστέον
976 4985 1151 5058 τούτῳ
1191 4987 1285 5041 τό·
1330 4990 1426 5056 ⁸ος
1475 4989 1553 5045 ἂν
1585 4990 1855 5063 ἐμϐλέψῃ
1903 5012 2009 5064 γυ-

423 5076 605 5132 ναῖκα
623 5076 774 5145 πρὸς
792 5075 858 5130 τὸ
884 5076 1243 5148 ἐπιθυμῆσαι
1277 5080 1483 5150 αὐτῆς,
1516 5081 1633 5151 ἤδη
1652 5084 2011 5154 ἐμοίχευσεν

421 5168 621 5236 αὐτὴν
645 5167 716 5222 ἐν
738 5166 815 5236 τῇ
852 5169 1066 5238 καρδίᾳ
1097 5171 1287 5226 αὑτοῦ
1310 5188 1324 5203 ο
1373 5175 1468 5226 καὶ
1495 5173 1556 5227 τὸ
1604 5177 1662 5229 ὲν
1696 5173 1774 5246 τῷ
1812 5176 2010 5251 Δανιὴλ

428 5260 678 5331 κείμενον
703 5261 832 5334 περὶ
865 5260 975 5317 τῶν
999 5263 1330 5335 παρανόμων
1356 5265 1742 5338 πρεσϐυτέρων
1779 5269 1872 5321 ἐπὶ
1897 5269 2013 5323 Σω-

2116 1978 2243 2018 nam
2269 1972 2467 2034 praeter
2493 1973 2711 2021 montes
2740 1961 3098 2019 dicendorum
3125 1964 3391 2020 rationem
3433 1963 3522 2017 alii
3554 1961 3699 2018 haud

2115 2057 2249 2114 satis
2280 2057 2678 2128 perspexerint.
2719 2055 2896 2112 Simul
2932 2072 3151 2128 quoque
3192 2058 3574 2129 apponcndum
3620 2065 3705 2111 est

2115 2151 2249 2206 illud
2282 2150 2487 2205 dictum
2526 2151 2595 2207 iis
2638 2151 2733 2221 qui
2783 2149 2934 2206 nulla
2976 2149 3171 2221 iudicii
3224 2150 3437 2205 ratione
3489 2149 3705 2204 cunctis

2115 2244 2319 2315 passim
2344 2243 2603 2314 vulgique
2630 2242 2952 2299 hominibus
2975 2243 3040 2299 de
3070 2245 3234 2300 rebus
3260 2241 3565 2314 majoribus
3589 2241 3704 2298 dis-

2117 2344 2325 2402 serunt,
2352 2344 2406 2390 et
2427 2351 2523 2391 eas
2551 2335 2981 2406 simplicioribus
3009 2345 3065 2392 et
3087 2336 3310 2392 omnino
3333 2334 3531 2408 ineptis
3560 2351 3706 2390 com-

2118 2423 2423 2478 municant.
2450 2422 2628 2493 Atque
2653 2424 2763 2479 illis
2789 2424 3082 2479 dicendum
3104 2432 3209 2490 est,
3238 2424 3707 2496 quemadmodum

2118 2516 2386 2586 propheta
2441 2530 2564 2586 quae
2616 2515 2684 2569 ad
2731 2523 2947 2570 montes
3002 2526 3055 2570 et
3108 2516 3273 2571 colles
3318 2516 3600 2584 saltusque
3641 2529 3706 2569 ac

2120 2607 2290 2683 valles
2323 2614 2594 2676 spectant,
2627 2620 2691 2660 ea
2716 2606 2850 2661 solis
2878 2605 3155 2660 montibus
3182 2605 3330 2675 loqui
3351 2604 3598 2675 jubetur,
3624 2605 3707 2660 sic

2116 2697 2269 2752 verbi
2300 2696 2568 2752 ministris
2598 2695 2890 2751 consilium
2928 2696 3046 2750 dari
3091 2704 3151 2749 ut
3195 2696 3386 2751 eodem
3428 2696 3593 2750 modo
3644 2710 3715 2750 se

2119 2800 2329 2862 gerant.
2358 2788 2628 2844 Existimo
2660 2796 2840 2843 autem
2867 2802 2962 2843 eos
2981 2787 3076 2857 qui
3103 2787 3169 2841 ad
3197 2803 3384 2842 sanam
3414 2787 3705 2841 scientiam

2118 2882 2230 2937 nati
2265 2889 2416 2947 sunt,
2447 2889 2661 2935 montes
2688 2893 2840 2945 esse;
2874 2878 2966 2949 qui
2996 2878 3256 2948 pusillum
3291 2878 3423 2949 quid
3468 2895 3575 2948 pne
3616 2894 3704 2932 re-

2120 2971 2284 3042 liquis
2323 2970 2550 3027 scientia
2589 2969 2815 3039 provehi
2858 2977 3110 3039 possunt,
3151 2969 3321 3024 colles
3362 2969 3702 3040 nuncupari;

2121 3063 2216 3134 qui
2247 3062 2452 3117 nudam
2492 3059 2820 3114 aemulantur
2851 3058 3156 3124 actionem,
3206 3059 3380 3114 saltus
3425 3059 3569 3126 dici;
3610 3063 3729 3130 qui

2069 3215 2083 3236 Ὁ
2120 3168 2251 3209 vero
2311 3150 2569 3207 omnibus
2620 3147 2945 3205 humiliores
2996 3148 3199 3204 habent
3254 3150 3490 3218 animos,
3533 3150 3704 3207 valles

2117 3257 2412 3298 nominari.

2186 3333 2257 3388 Et
2296 3333 2615 3403 auferantur
2671 3329 2895 3387 delubra
2941 3337 3116 3386 vestra
3157 3330 3220 3384 ⁸³.
3285 3329 3555 3389 Omnibus
3608 3334 3703 3404 qui

2115 3443 2239 3499 quae
2269 3427 2337 3483 ad
2371 3426 2656 3482 scientiam
2691 3431 2963 3495 spectant,
3000 3423 3279 3495 inquirere
3312 3434 3368 3481 et
3398 3427 3701 3482 secundum
3732 3470 3733 3473 η

2118 3522 2289 3592 legem
2320 3520 2506 3575 vivere
2535 3516 2642 3574 sibi
2675 3524 3020 3589 proponunt,
3068 3516 3275 3586 quique
3319 3519 3404 3573 vel
3441 3518 3701 3590 pusillum

2115 3610 2248 3681 quid
2306 3609 2376 3664 ad
2419 3609 2708 3665 scientiam
2756 3608 3014 3678 progredi
3060 3616 3378 3678 potuerunt,
3427 3611 3510 3665 vel
3567 3611 3713 3666 nihil“

2115 3710 2315 3770 praeter
2341 3700 2614 3756 actionem
2648 3709 2924 3770 quaerunt,
2953 3701 3196 3769 satisque
3230 3700 3433 3755 habent
3460 3710 3520 3755 ut
3551 3704 3702 3757 rudi-

2117 3791 2385 3846 mentaria
2413 3792 2592 3847 solum
2623 3794 2872 3847 doctrina
2899 3792 3217 3847 imbuantur
3241 3805 3305 3847 ac
3331 3792 3545 3864 exiguis
3573 3808 3704 3864 0pc-

2116 3884 2273 3939 ribus
2329 3882 2660 3948 fulciantur,
2710 3884 2785 3938 ait
2832 3883 3054 3940 divinus
3094 3899 3279 3940 sermo
3302 3884 3388 3941 “z
3434 3884 3571 3940 Ecce
3607 3903 3735 3959 ego~

2116 3973 2312 4027 induco
2353 3989 2513 4044 super
2556 3989 2646 4028 eos
2690 3974 2951 4045 gladium,
2997 3985 3046 4029 et
3088 3976 3459 4046 disperdentur
3494 3978 3704 4032 excelsa

2118 4076 2315 4134 vestra,
2348 4065 2496 4136 quod
2531 4066 2742 4121 scilicet
2793 4067 2849 4121 in
2899 4067 3100 4122 talibus
3149 4068 3327 4123 fastus
3375 4070 3598 4139 quidam
3648 4081 3704 4125 et

2080 4146 2087 4155 ’
2117 4159 2296 4213 laudis
2314 4158 2585 4228 appetitus
2607 4159 2983 4229 lactantiaque
3004 4159 3182 4229 possit
3204 4159 3458 4214 inveniri.
3487 4160 3725 4216 Bonum

2117 4261 2299 4306 autem
2335 4260 2420 4306 est
2448 4259 2507 4305 ut
2533 4249 2712 4306 fastus
2758 4250 3137 4320 diSperdatur,
3186 4251 3466 4321 animique
3517 4259 3704 4307 tumor

2116 4360 2182 4399 ac
2206 4343 2472 4414 iactantia
2502 4342 2770 4411 deleatur,
2795 4357 2919 4413 qua:
2952 4351 3083 4397 sunt
3109 4343 3338 4398 excelsa.
3374 4343 3493 4414 Ipse
3516 4353 3700 4400 autem

2117 4434 2460 4490 rationabilis
2508 4434 2722 4506 gladius
2778 4448 3123 4504 quacunque
3168 4443 3361 4490 contra
3428 4436 3727 4492 rationem.

2115 4527 2454 4583 exstruimus
2501 4527 2730 4592 altaria,
2778 4528 2882 4584 rati
2928 4527 3117 4583 deberi
3159 4524 3274 4582 Deo
3314 4528 3699 4584 rationabilem

2116 4620 2349 4685 cultum,
2386 4619 2505 4689 ipsa
2530 4620 2782 4686 conterit,
2815 4634 2914 4676 nec
2946 4635 3056 4676 non
3079 4618 3412 4681 munitiones
3434 4636 3572 4693 quas
3598 4636 3701 4678 nus

2114 4711 2305 4767 divino
2336 4711 2505 4765 verbo
2536 4710 2810 4766 mdilicare
2837 4712 3241 4781 existimamus,
3273 4729 3522 4785 quasque
3557 4714 3699 4771 divi:

2116 4819 2223 4860 nus
2252 4818 2434 4860 sermo
2462 4819 2613 4859 nunc
2641 4804 2871 4860 delubra
2896 4814 3077 4862 vocat.

2190 4895 2261 4950 Et
2286 4897 2452 4951 oculis
2483 4912 2664 4951 eorum
2689 4896 3077 4965 fornicantibus
3104 4897 3174 4955 "'.
3214 4896 3352 4954 Huic
3396 4899 3696 4969 aptandnm

2116 4989 2260 5059 quod
2292 4990 2500 5044 dictum
2530 4999 2616 5044 est
2632 4986 2679 5021 “
2705 5006 2718 5044 :
2753 4990 2858 5054 Qui
2889 4990 3078 5044 viderit
3110 4991 3381 5045 mulierem
3407 4991 3477 5044 ad
3507 5006 3702 5046 concu-

2116 5083 2426 5152 piscendum
2446 5099 2585 5149 eam,
2611 5082 2729 5153 jam
2757 5083 3045 5137 uirechatus
3079 5093 3155 5137 est
3176 5098 3293 5137 eam
3318 5084 3372 5136 in
3394 5084 3551 5138 corde
3579 5100 3699 5149 suo;

2117 5176 2374 5246 quodque
2408 5174 2465 5229 in
2496 5174 2723 5230 Daniele
2745 5175 2817 5231 de
2845 5176 3051 5246 iniquis
3080 5175 3394 5230 Senioribus
3429 5189 3557 5246 erga
3590 5175 3700 5231 Su-

2119 5284 2351 5323 sannani
2384 5269 2617 5325 habetur
2642 5288 2655 5324 :
2680 5270 2753 5323 At
2784 5271 2868 5324 illi
2895 5272 3066 5341 iniqui
3095 5271 3373 5341 jusserunt
3419 5280 3477 5324 ut
3520 5271 3719 5324 ἀίσσοος

425 5355 653 5424 σάννηςο
686 5356 750 5407 Οἱ
780 5352 849 5407 δὲ
880 5353 1210 5425 παράνομοι
1230 5356 1567 5411 ἐκέλευσαν
1585 5359 2015 5433 circumit-550,7.

2114 5360 2559 5430 aperiretur(erat
2585 5363 2724 5414 enim
2757 5364 3044 5432 cooperta),
3065 5372 3122 5417 ut
3159 5362 3238 5415 vel
3259 5363 3337 5416 sic
3367 5354 3715 5416 satiarentur

426 5455 527 5495 ναι
583 5440 779 5510 αὐτὴν
829 5440 848 5508 <
864 5438 944 5512 ἦν
999 5443 1108 5514 γὰρ
1173 5448 1797 5520 κατακεκαλυμμένη),
1851 5451 2043 5520 ὅπως,

425 5532 825 5604 ἑμπλησθῶσι
870 5534 979 5591 τοῦ
1005 5535 1272 5604 κάλλους
1294 5537 1502 5608 αὐτῆς.
1534 5540 1642 5595 Καὶ
1664 5545 1778 5607 τοῖς
1803 5549 2015 5617 νοητοῖς

427 5625 489 5680 δὲ
512 5624 812 5697 ὀφθαλμοῖς
838 5626 1090 5699 πορνεύει
1119 5629 1148 5682 6
1176 5630 1420 5696 ἀποστὰς
1446 5631 1541 5686 τοῦ
1561 5633 1754 5707 ἐνορᾷν
1782 5633 1861 5707 τῷ
1883 5634 2014 5690 κάλ-

426 5718 510 5772 λει
529 5718 623 5771 τοῦ
651 5719 749 5791 τῆς
772 5717 1029 5790 ἀληθείας
1052 5719 1234 5790 λόγου.

2116 5452 2301 5506 decore
2336 5452 2471 5521 ejus.
2508 5450 2860 5522 Spiritalibus
2900 5469 3119 5525 quoque
3159 5455 3334 5509 oculis
3365 5452 3752 5521 fornicatur-,2
3790 5448 3795 5454 ’

2115 5543 2209 5612 qui
2268 5556 2327 5597 se
2383 5543 2580 5597 avertit
2629 5557 2697 5597 ne
2745 5544 2997 5600 decorem
3053 5545 3300 5601 veritatis
3355 5544 3506 5600 verbi
3563 5559 3701 5601 con-

2118 5642 2353 5690 tueatur.

500 5834 778 5924 "liorem.
819 5853 974 5906 xvur,
1023 5839 1075 5893 7.
1134 5841 1195 5917 Διί
1225 5839 1423 5901 Ezech.
1458 5860 1534 5913 vt,
1569 5845 1622 5902 6.
1701 5848 1747 5880 "
1778 5847 1909 5904 ibid.
1946 5848 1998 5903 5.
2077 5848 2121 5881 ⁸³
2152 5847 2282 5904 ibid.
2327 5846 2378 5902 9.
2457 5846 2501 5880 ⁵⁵
2542 5845 2730 5901 Matth.
2775 5847 2948 5915 v,ﬁ‘.8.
