4128 6426
448 389 551 447 Td?
1869 398 1957 453 EX
2001 398 2024 454 (

2124 397 2309 455 GENE
3627 401 3734 458 788

521 510 642 565 Non
677 510 880 582 [rustra
907 513 1115 569 loculus
1144 530 1259 568 sum
1292 514 1360 570 ⁸⁸.
1405 512 1524 570 Non
1565 515 1771 571 frustra
1810 518 2024 573 evenire

2210 519 2333 572 Οὐκ
2354 520 2441 585 εις
2464 517 2691 587 δωρεὰν
2717 519 3052 586 λελάληκα.
3090 518 3291 592 Οἴομαι
3332 518 3396 574 τδ
3438 519 3514 593 μὴ
3555 521 3734 594 μάτην

449 616 580 676 puto
610 621 732 677 quae
753 606 933 676 dignis
957 606 1363 662 distribuuntur
1389 607 1733 664 calamitates
1761 609 2024 664 malorum

2142 608 2462 680 συμϐαίνειν
2483 609 2552 662 τὰ
2578 609 3010 681 ἐπιμεριζόμενα
3045 612 3159 674 τοῖς
3203 609 3378 677 ἀξίοις
3429 614 3734 668 συστατικᾶ

447 698 672 753 nomine
705 698 794 753 hic
822 698 1162 769 appellatas:
1206 699 1313 755 hoc
1354 714 1548 770 nempe
1587 714 1712 757 csse
1755 702 1902 772 quini
1944 702 2024 758 hic

2138 700 2234 755 νῦν
2264 699 2531 773 λεγόμενα
2558 700 2702 754 κακά
2719 739 2734 766 ,
2765 700 2910 754 τοῦτ’
2930 697 3070 756 εἶναι
3098 701 3161 755 τό
3181 718 3197 732 ·
3235 704 3359 757 Οὐκ
3387 707 3477 770 εὶς
3505 703 3735 773 δωρεάὶ·

447 789 718 845 habetur:
759 788 883 843 Non
925 789 1130 860 frustra
1174 791 1383 846 locutus
1423 807 1542 845 sum
1584 793 1633 847 ei
1657 807 1851 848 cuncta
1897 794 2030 848 Iure.

445 879 523 937 Ex
557 882 775 937 illorum
800 882 947 937 enim
974 894 1171 939 eventu
1202 885 1431 940 efﬁcitur
1461 885 1690 955 aliquid,
1721 900 1844 941 cum
1876 886 1910 940 ii
1938 885 2032 957 qui

444 992 509 1031 ea
547 974 965 1048 perpetiuntur,
1011 977 1301 1033 utilitatem
1363 977 1634 1043 referant,
1683 988 1739 1035 ct
1800 995 2030 1035 conver-

445 1077 651 1123 tantur.
685 1066 782 1123 Sin
815 1078 1000 1125 autem
1030 1070 1193 1126 etiam
1221 1079 1346 1138 post
1379 1071 1614 1127 inﬂictas
1656 1086 1851 1142 ptenas
1894 1086 2033 1126 non-

445 1161 576 1216 nulli
604 1161 658 1217 in
689 1172 916 1233 peccato
945 1165 1439 1235 perseveraverint,
1469 1166 1547 1220 ait
1592 1181 1691 1235 per
1733 1163 2029 1220 Jercmiam

440 1267 626 1308 sermo
675 1254 1033 1324 propheticus
1082 1254 1174 1311 ":
1248 1254 1481 1311 Frustra
1546 1259 1781 1325 percussi
1836 1256 2030 1311 liberos

440 1352 638 1401 vestros
657 1361 676 1399 :
701 1343 1044 1416 disciplinam
1068 1363 1173 1402 non
1190 1348 1513 1416 suscepistis.
1536 1346 1702 1419 417
1720 1346 2032 1403 Verisimile

439 1434 589 1491 enim
622 1443 708 1491 est
736 1451 1129 1508 percussorum
1159 1437 1461 1495 liberorum
1490 1438 1716 1493 nomine
1750 1438 1842 1494 hic
1871 1437 2032 1494 intel-

441 1527 534 1600 ligi
565 1529 788 1585 malitiae
812 1546 998 1601 opera,
1032 1531 1191 1585 malae
1233 1530 1430 1585 animi:
1480 1530 1787 1602 genimina,
1826 1530 2029 1602 quibus

441 1619 638 1677 solutis
687 1630 743 1677 et
791 1623 1090 1693 percussis,
1151 1622 1510 1679 nihilominus
1558 1631 1745 1678 manet
1795 1624 2023 1679 malitia.

440 1711 597 1785 Snpe
629 1715 775 1770 enim
802 1716 1063 1786 operibus
1091 1715 1387 1787 impeditis,
1418 1717 1536 1789 ipsa
1565 1734 1787 1791 quoque
1819 1719 2025 1778 sensim

436 1805 619 1861 deﬁcit
652 1806 916 1877 pravitas.

2134 791 2450 861 λελάληκα
2484 792 2690 860 αὐτοῖς
2726 792 2965 848 ἅπαντα
2992 792 3201 849 ταῦτα.
3251 794 3504 851 Ἀνύεται
3543 797 3653 869 γάρ
3681 816 3733 853 τι

2135 883 2245 938 ἀπὸ
2278 884 2374 938 τοῦ
2411 884 2539 939 τάδε
2563 884 2811 955 γίνεσθαι
2830 883 3228 957 ὠφελουμένων
3260 886 3370 940 τῶν
3411 888 3733 958 πασχόντων

2136 975 2277 1031 αὐτὰ
2312 976 2408 1031 καὶ
2443 976 2904 1049 ἐπιστρεφόντων.
2960 976 3086 1029 Ἐὰν
3120 974 3179 1029 δὲ
3208 976 3305 1029 καὶ
3339 978 3478 1048 μετὰ
3504 977 3603 1041 τὰς
3640 994 3736 1032 κο-

2134 1068 2321 1132 λάσεις
2357 1067 2660 1139 ἐπιμένωσι
2698 1084 2841 1132 τινες
2880 1069 2951 1138 τῇ
2974 1066 3245 1138 ἁμαρτίᾳ,
3277 1067 3412 1136 φησὶ
3438 1066 3527 1120 διὰ
3563 1066 3730 1139 Ἱερε-

2137 1160 2262 1232 μίου
2288 1162 2317 1215 6
2342 1158 2681 1233 προφητικὸς
2709 1159 2864 1229 λόγος
2881 1175 2894 1189 ·
2918 1155 3134 1226 Μάτην
3153 1157 3425 1223 ἐπάταξα
3456 1157 3530 1212 τὰ
3547 1157 3732 1215 τέκνα

2132 1253 2332 1324 ὑμῶν·
2362 1253 2642 1309 παιδείαν
2668 1255 2780 1308 οὐκ
2807 1250 3120 1317 ἐδέξασθε.
3151 1251 3315 1316 Εἰκὸς
3340 1251 3452 1324 γὰρ
3479 1251 3641 1305 κάκεῖ
3658 1252 3728 1307 τὰ

2133 1347 2524 1420 πατασσόμενα
2547 1346 2715 1401 τέκνα
2742 1345 2810 1400 τὰ
2840 1344 2977 1418 ἔργα
2999 1339 3141 1399 εἶναι
3174 1344 3274 1414 τῆς
3294 1343 3511 1412 κακίας,
3536 1345 3729 1418 γεννή-

2135 1458 2283 1513 ματα
2303 1440 2433 1495 ὄντα
2453 1440 2553 1512 τῆς
2582 1439 2862 1512 μοχθηρᾶς
2900 1437 3082 1509 ψυχῆς
3101 1477 3117 1504 ,
3149 1430 3226 1491 ὧν
3261 1436 3376 1490 ἔσθ’
3407 1438 3498 1492 ὅτε
3534 1436 3730 1509 λυομέ-

2131 1551 2240 1589 νων
2282 1534 2378 1588 zeal.
2421 1532 2875 1605 πατασσομένων,
2900 1531 3000 1601 οὐχ
3039 1524 3202 1601 ἦττον
3244 1528 3396 1601 μένει
3432 1532 3465 1602 ὴ
3521 1529 3723 1584 κακία·

2132 1624 2393 1690 πολλάκις
2412 1624 2541 1697 γὰρ,
2574 1624 2683 1681 τῶν
2717 1623 2895 1704 ἔργων
2924 1620 3367 1696 ἐμποδιζομένων
3386 1662 3404 1690 ,
3434 1620 3530 1676 καὶ
3560 1624 3594 1694 ἠ
3623 1637 3726 1677 κα-

2131 1717 2226 1773 κία
2252 1716 2607 1772 ὑπεκλύεται.

506 1897 718 1954 Plaude
742 1916 903 1954 manu
923 1909 975 1957 et
1003 1902 1239 1975 obstrepe
1264 1906 1394 1976 pede
1421 1905 1487 1964 ⁸⁷.
1521 1906 1801 1975 Quantum
1835 1908 1902 1964 ad
1935 1909 2024 1965 lit-

2201 1906 2521 1974 Κρότησον
2556 1902 2632 1973 τῇ
2659 1901 2806 1973 χειρί
2831 1901 2931 1955 καὶ
2953 1901 3245 1971 ψόφησον
3273 1898 3352 1966 τῷ
3370 1899 3528 1954 ποδί,
3559 1899 3729 1953 Ὅσον

435 2000 607 2046 teram
661 1992 873 2058 attinet,
918 1994 1144 2066 iubetur
1196 1999 1460 2069 propheta
1507 2001 1579 2056 ob
1617 2001 2025 2058 multitudinem

433 2080 910 2140 abominationum
952 2088 1138 2158 populi
1189 2089 1444 2161 quiritari
1496 2107 1605 2148 non
1654 2093 1832 2148 solum
1867 2109 2025 2163 voce,

434 2172 531 2229 sed
561 2182 615 2229 et
642 2177 891 2247 corporis
923 2180 1138 2249 habitu,
1178 2189 1236 2237 ut
1264 2197 1461 2240 manus
1489 2184 1712 2255 quidem
1756 2200 1869 2257 prae
1910 2196 2027 2242 stu-

434 2281 571 2337 pore
599 2267 671 2323 ob
712 2270 1118 2329 multitudinem
1174 2284 1527 2346 peccatorum
1579 2278 1872 2348 plaudant;
1930 2295 2026 2351 pes

432 2377 566 2418 vero
609 2371 815 2420 terram
865 2367 1217 2424 vehementer
1256 2369 1490 2440 quatiat,
1537 2379 1599 2426 ut
1654 2372 1782 2427 inde
1810 2372 2025 2430 sonitus

431 2466 762 2529 perstrepat.
824 2458 961 2515 Illud
1013 2470 1196 2517 autem
1231 2462 1276 2495 ιδ
1317 2482 1331 2517 :
1368 2462 1438 2518 Et
1464 2463 1579 2518 dixi
1609 2481 1629 2518 :
1663 2462 1831 2537 Euge,
1858 2480 2022 2536 para-

429 2545 617 2617 phrasi
668 2558 829 2606 utens
863 2550 1227 2624 Symmachus
1256 2555 1420 2609 vertit
1454 2570 1471 2610 :
1523 2553 1872 2612 Lamentata;
1906 2573 2025 2611 sum

433 2651 484 2695 et
518 2642 804 2699 clamorem
850 2646 1207 2702 miserabilem
1248 2648 1302 2702 in
1340 2648 1557 2703 modum
1595 2650 1757 2704 edidi.
1807 2650 1875 2705 Et
1922 2666 2024 2709 nos

433 2734 603 2805 igitur
630 2738 696 2793 ad
734 2739 909 2794 instar
939 2740 1221 2810 prophetae
1258 2741 1475 2797 decebit
1517 2742 1740 2810 indigne
1784 2740 2024 2800 ferentes

434 2844 557 2898 quae
604 2837 889 2899 patrantur
927 2832 1096 2899 mala,
1135 2840 1192 2887 et
1228 2832 1532 2904 lugubriter
1573 2836 1722 2903 ﬂere,
1772 2847 1826 2893 et
1873 2838 2022 2892 nullo

434 2921 602 2977 modo
625 2923 922 2992 probantes
947 2939 1070 2994 quae
1093 2934 1290 2994 praeter
1319 2934 1526 2982 rectam
1564 2929 1829 2984 rationem
1864 2930 2021 2999 ﬁunt,

429 3013 526 3070 illa
558 3014 776 3085 penitus
807 3014 1088 3072 detestari.
1130 3015 1384 3074 Forsitan
1424 3034 1555 3075 vero
1607 3036 1770 3077 manu
1811 3023 2023 3093 plaudi-

434 3121 585 3173 mus,
617 3104 840 3176 quando
884 3107 1239 3176 peccantibus
1292 3124 1403 3165 non
1441 3126 1838 3183 cooperantur;
1887 3116 2022 3186 pede

430 3207 615 3254 autem
670 3207 1014 3269 perstrepere
1052 3201 1310 3267 dicimur,
1347 3203 1570 3274 quando
1612 3220 1722 3260 non
1774 3207 2021 3263 ambula-
2051 3228 2094 3288 ε

433 3305 556 3345 inus
577 3305 703 3344 cum
733 3290 860 3347 illis.
887 3291 1131 3349 Dicimus
1158 3292 1289 3350 item
1311 3295 1678 3352 miserabilem
1708 3297 1762 3352 in
1798 3299 2021 3355 modum

432 3379 600 3451 Euge,
633 3396 758 3437 cum
793 3382 928 3439 nulli
960 3383 1357 3442 abuminationi
1392 3386 1560 3444 verbo
1607 3397 1661 3444 et
1694 3402 1859 3461 Opere
1891 3405 2025 3448 con-

432 3475 724 3534 sentimus.
1419 3483 1428 3492 ’

1070 3571 1227 3629 CAP.
1267 3570 1379 3628 VII.

503 3662 636 3721 Hice
656 3664 786 3722 dicit
799 3665 1011 3723 Adonei
1030 3666 1287 3723 Dominus
1310 3681 1466 3725 terrae
1481 3668 1653 3726 Israel
1668 3672 1732 3726 “.
1757 3669 2021 3739 Quando-

430 3756 651 3826 quidem
685 3767 843 3815 terra:
862 3760 1031 3816 Israel
1063 3761 1349 3832 prophetia
1388 3763 1457 3819 de
1487 3764 1596 3819 line
1624 3773 1856 3822 venturo
1885 3765 2024 3822 dici-

431 3859 543 3914 tur,
568 3849 825 3906 existimo
854 3852 970 3908 alas
997 3860 1158 3908 terrae
1185 3868 1283 3910 eos
1311 3867 1435 3910 esse
1470 3853 1566 3925 qui
1601 3855 2022 3927 perspicacioris

429 3941 601 3997 animi
630 3953 780 4007 sunt,
816 3944 1023 4018 quique
1065 3946 1289 4002 sublimi
1322 3947 1507 4002 volatu
1546 3948 1829 4004 enituntur
1854 3964 2021 4020 supra

430 4050 624 4091 omnes
653 4036 749 4107 qui
773 4045 1101 4108 sunt\super
1126 4047 1350 4095 terram.
1380 4038 1448 4094 Et
1487 4050 1633 4095 certe
1665 4039 1769 4110 ipsi
1800 4047 2023 4110 propter

423 4141 628 4198 corpus
654 4128 1064 4200 quodammodo
1117 4130 1226 4187 dici
1264 4140 1471 4203 queant
1499 4148 1530 4189 e
1569 4143 1712 4189 terra
1750 4148 1897 4201 esse,
1938 4143 2023 4189 at-

423 4236 533 4289 que
557 4220 725 4278 Israel
744 4223 851 4280 erit
877 4223 978 4279 alae
1003 4232 1182 4291 terra,
1210 4236 1266 4281 et
1289 4225 1384 4297 qui
1409 4226 1709 4282 secundum
1740 4226 1913 4297 legem
1940 4224 2022 4281 vi-

425 4330 554 4369 vere
579 4314 759 4371 edocti
791 4323 941 4372 sunt.
971 4314 1057 4370 Ab
1085 4314 1172 4372 his
1215 4315 1362 4371 enim
1416 4316 1519 4371 alis
1566 4324 1728 4373 terra:
1771 4318 2019 4389 prodigia

423 4405 767 4473 audivimus,
796 4406 1261 4477 quemadmodum
1303 4408 1382 4463 ait
1419 4406 1590 4466 Isaias
1619 4409 1665 4442 ⁸⁸
1704 4429 1719 4467 :
1771 4409 2017 4482 Domine,

421 4498 487 4550 ab
517 4497 619 4552 alia
643 4506 799 4553 terra
821 4497 1069 4570 prodigia
1092 4499 1431 4556 audiuimus:
1455 4516 1580 4557 cum
1600 4502 1637 4557 ii
1657 4503 1753 4575 qui
1778 4503 2015 4574 alarum,

424 4591 596 4648 utsic
628 4591 833 4660 dicam,
882 4603 1138 4665 expertes
1183 4605 1334 4661 sunt,
1379 4598 1630 4670 prodigia
1665 4574 1851 4658 dicere
1904 4617 2014 4659 non
2048 4574 2095 4632 Β

423 4686 696 4743 noverint.
723 4685 1015 4754 Quomodo
1041 4690 1189 4745 enim
1219 4690 1319 4746 alae
1355 4703 1515 4747 terra;
1546 4707 1656 4748 non
1686 4691 1892 4749 fuerint
1918 4695 2015 4766 qui

418 4776 496 4832 ita
529 4787 660 4835 sunt
691 4794 724 4835 a
758 4788 958 4835 natura
988 4781 1312 4852 comparati,
1363 4791 1424 4838 ut
1468 4783 1585 4841 alas
1634 4784 1740 4842 sibi
1793 4797 2016 4844 sumant

417 4881 684 4942 tanquam
723 4872 961 4944 aquilae?
997 4872 1249 4942 Quatuor
1270 4883 1454 4932 autem
1485 4877 1587 4932 alae
1624 4875 1883 4934 dicuntur
1915 4892 2012 4951 ge-

417 4964 627 5021 neralia
655 4976 893 5037 quatuor
924 4968 1162 5039 agmina,
1187 4968 1243 5024 in
1272 4983 1395 5039 qua:
1422 4966 1744 5025 dividuntur
1772 4970 2010 5041 primum

417 5064 475 5114 et
505 5072 671 5128 supra
706 5073 900 5116 omnes
931 5059 1131 5125 domus
1165 5059 1371 5128 Aaron,
1405 5059 1601 5117 deinde
1631 5060 1828 5118 domus
1857 5059 2009 5130 Levi,

417 5157 537 5206 tum
573 5150 770 5207 domus
792 5148 984 5221 Israel,
1015 5168 1083 5209 ac
1123 5164 1407 5225 postremo
1445 5161 1705 5224 tanquam
1740 5155 1833 5211 alii
1862 5171 2009 5228 pra:-

415 5256 500 5300 ter
528 5244 688 5313 istos,
714 5243 751 5299 ii
787 5244 882 5316 qui
912 5244 1104 5303 timent
1146 5243 1462 5302 Dominum.
1504 5246 1709 5302 Domus
1741 5248 1887 5303 enim
1920 5247 2009 5305 Is-

416 5334 530 5390 rael
561 5337 792 5406 sperauit
827 5336 884 5389 in
927 5332 1211 5390 Dominum
1240 5351 1259 5390 :
1292 5337 1513 5406 adjutor
1546 5345 1597 5391 et
1631 5346 1899 5407 protector
1919 5352 2010 5391 eo-

323 5431 333 5441 '
418 5443 535 5481 rum
563 5438 638 5484 est
668 5428 736 5482 ⁸¹.
764 5426 820 5483 In
850 5427 962 5483 alio
997 5434 1182 5483 autem
1232 5428 1447 5498 psalmo
1487 5436 1685 5498 praeter
1722 5428 1860 5483 istos
1903 5442 2007 5482 no-

419 5517 664 5573 minatur
691 5518 890 5575 domus
913 5516 1046 5574 Levi
1078 5536 1093 5574 :
1130 5532 1197 5575 ac
1223 5519 1423 5576 domus
1449 5519 1670 5590 quidem
1702 5519 1883 5573 Aaron
1919 5532 2009 5574 sa-

417 5610 666 5666 cerdotes
696 5603 853 5680 sunt;
887 5611 1088 5670 domus
1117 5610 1273 5681 Levi,
1304 5612 1422 5686 qui,
1451 5621 1513 5671 ut
1545 5614 1620 5670 ita
1664 5613 1867 5680 dicam,
1901 5611 2007 5668 sub

485 5810 530 5841 ι³
558 5807 752 5865 Ezech.
780 5828 855 5879 vi,
890 5815 982 5871 10.

1092 5817 1137 5852 “
1165 5817 1365 5875 Jcrcm.
1391 5834 1455 5884 ιι,
1488 5818 1577 5873 30.

415 5884 460 5941 υ
493 5879 644 5940 Psal.
680 5895 836 5958 cxnt,
871 5885 961 5940 i0.

1700 5817 1743 5849 ⁸⁷
1772 5814 1970 5875 Ezecb.
2007 5832 2081 5887 vl,
2138 5816 2226 5874 ll.

2129 1997 2224 2051 ἐπὶ
2273 1999 2339 2070 τῇ
2387 1996 2532 2064 λέξει
2572 1995 2851 2050 κελεύεται
2896 1994 2926 2047 6
2972 1996 3259 2067 προφήτης
3302 1991 3394 2047 διὰ
3428 1991 3490 2045 τὸ
3524 1989 3727 2062 πλῆθος

2128 2092 2240 2147 τῶν
2277 2087 2662 2164 βδελυγμάτων
2708 2087 2804 2143 τοῦ
2846 2085 2978 2143 λαοῦ
3018 2088 3334 2161 σχετλιάσαι
3372 2086 3433 2141 ού
3468 2086 3629 2157 μόνον
3657 2085 3726 2157 τῇ

2130 2186 2305 2256 φωνῇ,
2350 2182 2490 2238 ἀλλὰ
2529 2183 2624 2237 καὶ
2663 2184 2732 2257 τῇ
2775 2183 2905 2254 ποιᾷ
2945 2182 3277 2235 καταστάσει
3310 2177 3408 2234 τοῦ
3454 2177 3724 2249 σώματος,

2129 2276 2219 2331 ἵνα
2253 2278 2310 2331 αἱ
2348 2276 2446 2348 μὲν
2491 2278 2673 2347 χεῖρες
2717 2273 2883 2328 αὐτοῦ
2924 2272 3019 2326 ἐπὶ
3056 2275 3121 2344 τῇ
3151 2269 3413 2343 ἐκπλήξει
3440 2273 3508 2341 τῇ
3539 2270 3632 2323 ἐπὶ
3657 2269 3729 2323 τά

2128 2367 2300 2423 πολλὰ
2328 2369 2705 2441 ἁμαρτήματα
2746 2366 3110 2439 κροτήσωσιν·
3137 2366 3165 2419 6
3190 2363 3247 2418 δὲ
3273 2363 3412 2428 ποῦς
3438 2362 3727 2434 σφοδρότε-

2129 2478 2223 2535 ρον
2246 2460 2389 2533 τύψῃ
2422 2461 2485 2514 τὸ
2529 2459 2722 2530 ἔδαφος
2757 2458 2834 2523 ὡς
2878 2454 3011 2531 ἦχον
3057 2457 3506 2528 ἀποτελεσθῆναι.
3544 2456 3618 2510 T6
3644 2456 3722 2521 δὲ,

2126 2554 2236 2609 Καὶ
2271 2548 2653 2625 εἶπον,Ε’ὗγε,
2690 2550 3067 2625 παραφράζων
3097 2552 3126 2603 6
3160 2549 3459 2623 Σύμμαχος
3494 2549 3726 2620 πεποίη-

2127 2664 2242 2703 κεν·
2312 2645 2651 2715 Ἐπένθησα
2690 2643 2791 2699 καὶ
2851 2642 3245 2713 ἐσχετλίασα.
3297 2641 3410 2695 Kal.
3451 2642 3597 2712 ἡμᾶς
3630 2635 3727 2693 οὖν

2124 2741 2305 2813 δεήσει
2363 2738 2731 2811 μιμουμένους
2775 2737 2866 2790 τὸν
2920 2736 3206 2810 προφήτην
3248 2733 3343 2789 καὶ
3389 2731 3727 2804 σχετλιάζειν

2125 2831 2567 2903 ἀγανακτοῦντας
2609 2831 2702 2885 ἐπὶ
2740 2833 2855 2894 τοῖς
2896 2828 3387 2901 ἁμαρτανομένοις,
3442 2827 3537 2882 καὶ
3590 2826 3725 2897 ἀφο-

2127 2925 2373 2980 σιοῦσθαι
2418 2925 2496 2990 ὡς
2546 2921 2785 2996 οὐδαμοῦ
2837 2921 3194 2987 εύδοκοῦντας
3259 2925 3372 2986 τοῖς
3419 2920 3726 2992 γινομένοις
3815 2928 3819 2933 ’

2125 3019 2279 3091 παρὰ
2310 3020 2400 3074 τὸν
2439 3017 2600 3090 ὀρθὸν
2654 3019 2832 3088 λόγον.
2882 3017 3040 3089 Τάχα
3080 3017 3140 3071 δὲ
3180 3017 3274 3072 καὶ
3308 3014 3611 3090 κροτοῦμεν
3653 3016 3722 3091 τῇ

2125 3112 2271 3183 χειρὶ
2303 3110 2378 3183 μὴ
2411 3110 2858 3184 συμπράττοντες
2884 3113 2995 3174 τοῖς
3027 3108 3421 3182 ἁμαρτάνουσι·
3447 3108 3641 3180 ψοφεῖν
3663 3108 3725 3165 δὲ

2126 3202 2401 3274 λεγόμεθα
2440 3203 2519 3274 τῷ
2559 3202 2700 3267 ποδὶ,
2744 3201 2820 3274 μὴ
2866 3201 3340 3274 συμπορευόμενοι
3381 3202 3586 3265 αὐτοῖς·
3626 3200 3727 3258 καὶ

2127 3294 2359 3366 λέγομεν
2404 3292 2809 3365 σχετλιάζοντες
2844 3292 2906 3347 τὸ
2951 3289 3130 3364 Εὖγε,
3173 3291 3352 3348 οὐδενὶ
3388 3291 3724 3369 βδελύγματι

2123 3387 2267 3463 λόγῳ
2293 3387 2332 3463 ἡ
2361 3386 2509 3463 ἔργῳ
2540 3384 3084 3459 συγκατατιθέμενοι,

2782 3569 2939 3624 ΚΕΦ.
2981 3570 3059 3624 Z'.

2200 3664 2346 3722 Τάδε
2372 3663 2533 3735 λέγει
2578 3662 2820 3720 Ἄδων-ατ
2854 3663 3067 3733 Κύριος
3097 3658 3172 3731 τῇ
3197 3659 3273 3732 γῇ
3315 3655 3582 3728 Ἰσραήλ.
3628 3658 3719 3719 ’Π-

2120 3758 2350 3832 γοῦμαι,
2384 3757 2617 3831 ἐπείπερ
2637 3759 2672 3830 ἡ
2701 3756 3012 3830 προφητεία
3035 3758 3103 3828 τῇ
3126 3757 3197 3826 γῇ
3231 3752 3325 3807 τοῦ
3373 3751 3591 3824 Ἰσραὴλ
3624 3750 3721 3805 λέ,

2124 3867 2281 3921 γεται
2298 3851 2333 3923 ἡ
2351 3849 2479 3922 περὶ¹
2493 3848 2589 3903 τοῦ
2607 3848 2832 3921 ἥκοντος
2853 3848 3113 3923 πέρατος,
3144 3847 3225 3901 ὅτι
3247 3847 3303 3900 αἱ
3330 3843 3599 3915 πτέρυγες
3617 3843 3719 3914 τῆς

2123 3942 2231 4014 γῆς
2240 3943 2290 3996 οἱ
2305 3939 2870 4014 διορατικώτατοίείσι
2887 3939 2982 3993 καὶ
3000 3937 3402 4011 μετεωροπόροι
3422 3933 3575 4007 παρὰ
3591 3933 3721 3987 πάν-

2121 4052 2222 4100 τας
2248 4034 2376 4099 τοὺς
2407 4033 2501 4088 ἐπὶ
2528 4034 2631 4106 τῆς
2651 4032 2778 4105 γῆς.
2813 4031 2927 4086 Καὶ
2945 4028 3207 4085 aet-015a
3234 4028 3295 4083 τὸ
3334 4027 3494 4099 σῶμα
3522 4024 3719 4098 λεχθη-

2124 4129 2344 4199 σόμενοι
2371 4126 2437 4183 ἂν
2463 4124 2575 4183 εἶέν
2603 4145 2722 4192 πως
2749 4128 2815 4181 ὲκ
2840 4126 2941 4199 τῆς
2963 4125 3086 4197 γῆς·
3117 4124 3212 4179 καὶ
3236 4122 3324 4196 εἴη
3350 4121 3415 4177 ἂν
3440 4124 3468 4175 6
3502 4119 3720 4194 Ἰσραὴλ

2122 4223 2180 4276 αἱ
2237 4221 2511 4294 πτέρυγες
2564 4218 2668 4292 τῆς
2726 4218 2832 4290 γῆς
2871 4218 2967 4272 καὶ⁴
2996 4218 3048 4272 οἱ
3085 4215 3226 4271 κατὰ
3258 4215 3350 4269 τὸν
3380 4213 3522 4269 θεῖον
3555 4213 3723 4284 νόμον

2124 4312 2276 4386 βιοῦν
2302 4310 2695 4385 δεδιδαγμένοι·
2727 4310 2837 4366 ἀπὸ
2868 4309 3078 4365 τούτων
3116 4308 3227 4382 γὰρ
3266 4307 3376 4362 τῶν
3427 4305 3719 4379 πτερύγοιν

2120 4405 2221 4478 τῆς
2240 4404 2345 4478 γῆς
2380 4404 2587 4476 τέρατα
2625 4401 2964 4474 ἠκούσαμεν,
3013 4400 3197 4466 καθώς
3244 4416 3410 4471 φησιν
3468 4397 3712 4462 Ἡσαΐας·

2122 4500 2323 4569 Κύριε,
2357 4496 2479 4555 ἀπὸ
2511 4496 2634 4552 τῶν
2666 4495 2976 4565 πτερύγων
3000 4493 3112 4563 τῆς
3141 4490 3253 4563 γῆς
3280 4492 3497 4561 τέρατα
3535 4490 3719 4558 ἠκού-

2121 4605 2337 4661 σαμεν·
2377 4586 2510 4653 τῶν,
2567 4586 2633 4641 ἵν’
2674 4584 2848 4649 οὕτως
2887 4584 3050 4649 εἴπω,
3081 4582 3336 4655 ἀπτέρων
3367 4582 3467 4652 τῆς
3494 4581 3598 4652 γῆς
3627 4578 3717 4632 τέ-

2123 4699 2263 4755 ρατα
2287 4680 2466 4751 λέγειν
2491 4679 2593 4734 οὐκ
2628 4676 3023 4748 ἐπισταμένων·
3057 4674 3175 4739 πῶς
3205 4674 3316 4747 γὰρ
3342 4673 3404 4725 ού
3446 4670 3713 4741 πτέρυγες

2119 4774 2221 4845 τῆς
2253 4773 2359 4844 γῆς
2397 4773 2449 4827 0i
2477 4770 2783 4842 πεφυκότες
2819 4769 3146 4841 πτεροφυεῖν
3175 4765 3252 4829 ὡς
3282 4762 3465 4829 aet-0i;
3502 4761 3713 4815 Τέσσα-

2122 4883 2216 4940 ρες
2243 4865 2300 4920 δὲ
2336 4866 2608 4940 πτέρυγες
2635 4862 2885 4935 λέγονται
2920 4861 2990 4919 τὰ
3020 4858 3214 4932 γενικὰ
3235 4857 3475 4928 τέσσαρα
3501 4854 3714 4926 τάγμα-

2118 4977 2209 5027 τα,
2244 4959 2325 5024 είς
2350 4957 2386 5013 ἃ
2413 4958 2729 5031 διαιρεῖται,
2766 4954 2985 5027 πρῶτον
3014 4953 3112 5025 μὲν
3137 4950 3233 5005 καὶ
3262 4949 3479 5004 πάντων
3513 4946 3713 5021 ὑπερέ-

2118 5071 2232 5127 χων
2277 5052 2306 5105 6
2335 5048 2483 5117 οἶκος
2528 5049 2761 5123 Ἀαρὼν,
2802 5048 2932 5120 ἑξῆς
2976 5047 3035 5102 δὲ
3078 5044 3252 5118 τούτῳ
3295 5045 3325 5097 6
3365 5036 3514 5105 οἶκος
3553 5040 3713 5095 Λευΐ·

2116 5144 2214 5199 καὶ
2241 5143 2425 5216 τρίτον
2450 5144 2480 5197 6
2516 5139 2751 5213 Ἰσραὴλ,
2793 5140 2889 5193 καὶ
2925 5138 3019 5193 ὲπὶ
3053 5139 3217 5193 πᾶσιν
3248 5135 3323 5198 ὡς
3355 5133 3532 5205 ἕτεροι
3563 5127 3714 5201 παρὰ

2115 5236 2339 5300 τούτους
2361 5235 2411 5289 0i
2429 5232 2751 5305 φοϐούμενοι
2770 5230 2860 5310 τὸν
2880 5230 3107 5305 Κύριον.
3136 5224 3311 5294 Οἶκος
3334 5225 3442 5295 γὰρ
3472 5221 3714 5291 Ἰσραὴλ

2116 5329 2384 5401 ἤλπισεν
2420 5326 2520 5381 ἐπὶ
2553 5325 2792 5394 Κύριον·
2842 5322 3072 5393 ,βοηθὸς
3103 5321 3204 5377 καὶ
3245 5314 3714 5388 ὑπερασπιστὴς

2114 5421 2314 5479 αὐτῶν
2344 5421 2637 5482 ἐστιν-..Ἐν
2665 5418 2812 5490 ἄλλῳ
2841 5418 2898 5474 δὲ
2926 5414 3129 5489 ψαλμῷ
3163 5414 3315 5488 παρὰ
3348 5411 3572 5474 τούτους
3597 5409 3713 5467 ὀνο-

2077 5511 2091 5525 ’“
2116 5516 2348 5590 μάζεται
2374 5512 2523 5580 οἶκος
2550 5513 2701 5570 Δευῖ·
2739 5513 2834 5567 καὶ
2881 5513 3019 5569 εἰσὶν
3056 5512 3107 5565 οἱ
3152 5510 3252 5583 μὲν
3286 5502 3435 5572 οἶκος
3499 5501 3711 5578 Ἀαρὼν

2113 5614 2162 5667 οἱ
2198 5610 2383 5683 ἱερεῖς,
2414 5611 2465 5667 οἱ
2499 5609 2558 5664 δὲ
2586 5605 2733 5673 οἶκος
2762 5605 2915 5671 Λενῖ,
2947 5606 3022 5670 ὡς
3058 5604 3125 5661 ἂν
3171 5604 3316 5659 εἴποι
3361 5618 3465 5667 τις,
3508 5600 3557 5659 et
3604 5593 3711 5653 ὑπὸ

2340 5816 2384 5851 δ’
2418 5810 2550 5871 ibid.
2666 5812 2709 5846 δ’
2742 5810 2941 5870 Ezech.
2979 5827 3076 5878 vn,
3106 5812 3159 5867 l.
3273 5810 3320 5844 '°
3359 5808 3462 5868 lsa.
3500 5804 3701 5866 x1..'5l.
