4128 6446
341 315 434 369 791

1739 314 1830 372 EX
1870 313 2176 373 ORIGENE

3516 326 3622 382 799.

329 432 573 490 admittit
600 441 822 504 propter
849 431 997 504 quod
1025 433 1288 505 patientia
1312 432 1407 488 Dei
1436 433 1627 500 utitur,
1650 433 1695 488 si
1715 443 1769 488 et
1793 433 1921 487 illud

2033 432 2236 504 θυμίας
2259 434 2519 489 ἀπολαύει
2544 435 2637 490 τοῦ
2669 436 2826 501 Θεοῦ,
2853 437 2948 491 ἐὰν
2986 436 3125 508 μετὰ
3150 437 3323 493 ταῦτα
3367 439 3622 507 κάκεῖνος

329 525 711 596 superioribus
755 526 995 595 peccatis
1050 525 1166 581 suis
1214 525 1508 591 addiderit,
1549 524 1617 580 de
1666 523 1760 579 illo
1803 540 1921 579 rere

2031 525 2315 598 προσθήσῃ
2348 529 2408 581 τὸ
2440 528 2742 600 ἁμάρτημα
2771 532 2883 593 τοῖς
2909 529 3454 603 προημαρτημένοις,
3482 532 3624 586 εικό-

327 620 546 676 dicatur
584 637 598 673 :
639 617 857 672 Malitia
884 635 1011 682 una,
1044 618 1253 672 malitia
1287 634 1404 673 ecce
1441 618 1614 685 adest,
1643 633 1757 671 ecce
1789 616 1927 670 venit

325 710 514 780 plexns
539 726 696 780 super
719 721 767 764 te
802 711 871 764 ⁵⁸.

403 802 617 859 Floruit
663 803 832 872 virga.
874 801 1038 857 Forte
1067 802 1198 873 quia
1228 812 1354 873 post
1383 805 1804 876 castigationes,
1833 802 1924 859 Dei

325 895 590 953 beneticia
638 897 889 962 elucent,
953 895 1153 951 ﬂorere
1219 897 1423 953 dicitur
1474 900 1626 969 virga
1678 898 1925 953 beneﬁcii

325 989 471 1059 quod
504 1004 573 1044 ex
610 987 998 1043 emendatione
1038 989 1294 1059 castigati
1346 990 1542 1046 oritur.
1587 989 1648 1045 Et
1683 990 1738 1045 in
1784 989 1924 1045 lsaia

326 1096 436 1136 una
460 1080 873 1150 prophetiarum
899 1080 967 1134 de
994 1078 1218 1135 Christo
1238 1080 1321 1135 sic
1351 1081 1516 1137 habet
1538 1082 1582 1112 ⁶⁸⁰
1615 1101 1629 1138 :
1676 1081 1927 1153 Egredie—

327 1182 416 1227 tur
454 1173 600 1244 uirga
637 1172 700 1226 de
741 1172 927 1226 radice
966 1169 1137 1236 Jesse,
1176 1181 1227 1227 et
1287 1173 1388 1243 ﬂos
1420 1172 1485 1227 de
1518 1175 1696 1229 radice
1737 1192 1921 1229 ascen-

327 1265 453 1329 det;
510 1279 677 1334 quam
712 1262 911 1333 ipsam,
965 1264 1184 1334 Opinor,
1232 1264 1496 1334 propheta
1550 1265 1780 1330 indicat,
1828 1282 1923 1336 per

324 1358 537 1430 virgam
569 1357 816 1428 quidem,
840 1357 952 1411 vim
985 1357 1243 1414 salutaris
1272 1358 1422 1414 verbi
1450 1358 1516 1413 ad
1561 1360 1922 1429 inerepandos

326 1451 716 1522 etpuniendos
762 1449 1065 1516 auditores,
1123 1452 1345 1521 quando
1401 1452 1918 1520 reprehenduntur;

326 1559 426 1614 per
453 1545 642 1601 ﬂorem
676 1562 805 1601 vero
838 1547 1004 1617 justa:
1027 1545 1417 1614 increpationis
1446 1545 1683 1600 fructum
1716 1553 1773 1599 et
1797 1544 1921 1599 red-

328 1638 657 1709 argutionis.
685 1636 1081 1709 Unusquisque
1123 1638 1289 1708 igitur
1331 1647 1583 1691 nostrum
1612 1637 1830 1706 quando
1860 1651 1919 1693 se

327 1731 514 1785 divina
549 1730 699 1801 Virga
733 1745 1054 1800 percussum
1099 1730 1288 1795 sentit,
1326 1730 1418 1783 det
1461 1745 1684 1799 operam
1724 1738 1784 1784 ut
1825 1746 1920 1800 per

327 1822 647 1892 patientiam
678 1830 733 1876 et
768 1821 1219 1892 compiaeentiam
1247 1821 1302 1876 in
1333 1821 1401 1876 iis
1433 1837 1554 1889 quae
1599 1832 1916 1891 occurrunt,

323 1914 429 1970 ﬂos
456 1914 623 1985 virgae
647 1913 931 1968 eﬂiciatur.
966 1911 1098 1968 Vide
1130 1928 1262 1967 num
1298 1913 1463 1983 hujus
1495 1915 1569 1969 rei
1598 1913 1769 1985 ﬁgura
1794 1931 1920 1985 pos-

330 2003 400 2059 iit
431 2020 553 2060 esse
583 2005 731 2075 Virga
770 2004 978 2072 Aaron,
1014 2021 1137 2074 qua:
1166 2014 1292 2074 post
1326 2006 1558 2060 multum
1597 2016 1813 2076 tempus
1851 2024 1917 2063 ex

315 2110 439 2165 [quo
462 2097 612 2152 illam
642 2097 932 2165 habuerat,
956 2097 1204 2153 lloruerit
1229 2113 1294 2152 ac
1318 2096 1554 2153 fructum
1581 2099 1824 2154 attulerit
1849 2101 1914 2156 ⁶¹.

324 2188 461 2245 i‘lam
493 2199 756 2261 tanquam
812 2191 964 2263 virga
1016 2189 1111 2244 Dei
1163 2202 1283 2245 erat
1324 2191 1437 2258 illa,
1472 2192 1617 2247 sicut
1649 2193 1914 2264 scriptum

323 2291 405 2335 est
434 2281 479 2313 "
508 2298 522 2336 :
567 2280 633 2333 Et
671 2280 875 2351 virgam
914 2297 1031 2351 qua:
1057 2297 1090 2334 a
1119 2280 1227 2335 Deo
1264 2291 1363 2344 est,
1394 2298 1588 2336 sumes.
1616 2280 1791 2348 Quam
1819 2285 1915 2353 qui

326 2372 540 2438 tulerit,
581 2372 1045 2441 quemadmodum
1086 2371 1243 2427 decet
1285 2372 1415 2426 ferri
1474 2374 1681 2442 virgam
1720 2374 1837 2439 Dei,
1868 2375 1917 2432 is

325 2478 434 2517 non
468 2462 647 2517 solum
678 2462 888 2525 liorem,
925 2462 1020 2517 sed
1048 2471 1104 2517 et
1142 2461 1378 2518 fructum
1404 2462 1610 2517 videbit
1642 2464 1695 2518 in
1728 2480 1809 2531 se,
1841 2466 1915 2521 ita

325 2563 387 2608 ut
429 2553 627 2624 dignus
672 2552 939 2610 eﬂiciatur
998 2554 1092 2625 qui
1142 2554 1197 2609 in
1252 2553 1468 2610 Sanctis
1506 2567 1823 2611 sanctorum
1858 2558 1914 2612 in

323 2660 453 2701 arca
484 2646 782 2700 testimonii
811 2655 1128 2716 reponatur.
1463 2635 1473 2643 ’

399 2919 542 2988 Quia
567 2922 701 2976 visio
722 2919 779 2975 in
802 2934 1007 2975 omnem
1030 2917 1425 2973 multitudinem
1441 2916 1507 2975 “.
1534 2918 1740 2977 Deiecit
1765 2920 1914 2978 enim

331 3014 614 3085 prophetia
668 3021 796 3084 post
831 3012 1132 3067 Salvator-is
1172 3013 1488 3067 adventum.
1534 3011 1699 3067 Recte
1728 3023 1912 3068 autem

2029 634 2139 681 τως
2184 616 2396 688 λεχθείη
2452 618 2518 672 ἂν
2565 620 2652 671 ἐπ’
2686 618 2854 691 αὐτῷ·
2888 620 3079 673 Κακία
3107 619 3240 689 μία,
3280 623 3461 677 κακία
3492 622 3622 679 ἰδοὺ

2030 706 2301 777 πάρεστι,
2337 708 2465 763 ἰδοὺ
2498 710 2629 779 ἣκει
2664 711 2703 779 ἡ
2734 711 2932 779 πλοκὴ
2966 711 3065 764 ἐπὶ
3097 710 3189 766 σέ.

2104 802 2413 868 ’Ήνθησεν
2440 802 2479 870 ἠ
2507 801 2749 870 ῥάϐδος.
2793 803 2947 873 Τάχα
2981 804 3169 875 ἐπειδὴ
3198 805 3338 874 μετά
3363 805 3463 868 τὰς
3496 821 3625 859 παι-

2027 888 2239 956 δεύσεις
2287 894 2344 947 αἱ
2398 894 2712 967 εὐεργεσίαι
2749 893 2843 949 τοῦ
2882 895 3017 948 Θεοῦ
3059 896 3494 968 ἀναλάμπουσιν,
3524 897 3625 951 ἀν-

2030 986 2142 1040 θεῖν
2181 986 2401 1055 λέγεται
2449 989 2481 1058 ἡ
2532 986 2727 1061 ῥάϐδος
2760 988 2857 1061 τῆς
2900 991 2965 1043 ὲκ
3012 988 3112 1060 τῆς
3150 986 3491 1062 διορθώσεως
3526 991 3624 1047 τοῦ

2028 1079 2413 1151 παιδευομένου
2448 1078 2788 1152 εὐεργεσίας.
2820 1082 2930 1135 Καὶ
2957 1084 3013 1135 ἐν
3045 1079 3123 1153 τῷ
3168 1082 3369 1155 Ἡσαΐᾳ
3416 1084 3473 1138 δὲ
3524 1084 3624 1155 μία

2026 1173 2134 1229 τῶν
2168 1174 2297 1246 περὶ
2322 1173 2561 1244 Χριστοῦ
2592 1173 2941 1247 προφητειιῖΝ
2965 1172 3141 1240 οὕτως
3176 1174 3309 1246 ἔχει’
3348 1177 3457 1231 Καὶ
3492 1175 3621 1241 ἑξεῖ-

2024 1268 2305 1320 deuastat
2332 1265 2372 1335 ἠ
2392 1264 2616 1335 ῥάϐδος
2650 1266 2721 1320 ἐκ
2752 1262 2860 1334 τῆς
2887 1264 3056 1335 ῥίζης
3102 1267 3341 1334 Ἰεσσαὶ,
3383 1268 3481 1322 καὶ
3513 1268 3617 1321 ἄν·

2025 1360 2129 1426 θος
2149 1360 2217 1414 ἐκ
2251 1357 2358 1428 τῆς
2380 1358 2552 1429 ῥίζης
2583 1358 2967 1427 ἀναϐήσεται.
3011 1360 3242 1413 ’Ήντινα
3275 1361 3370 1414 καὶ
3403 1363 3618 1434 προφήα

2022 1468 2123 1521 της
2148 1453 2355 1522 νομίζω
2395 1451 2565 1522 δηλοῖ,
2608 1450 2695 1504 διὰ
2729 1449 2828 1523 μὲν
2854 1451 2954 1522 τῆς
2988 1450 3185 1523 ῥάϐδου
3222 1450 3317 1506 τοῦ
3350 1453 3617 1524 σωτηρίου

2022 1541 2183 1613 λόγου
2230 1544 2290 1597 τὸ
2333 1544 2726 1618 ὲπιπληκτικὸν
2761 1544 2857 1597 καὶ⁸
2894 1542 3216 1597 κολαστικὸν
3249 1544 3358 1597 τῶν
3391 1546 3619 1600 ἀκουόνα

2021 1651 2151 1700 των,
2176 1636 2267 1688 ὅτε
2296 1635 2628 1708 ἐλέγχονται·
2660 1634 2748 1690 διὰ
2767 1635 2822 1706 δὲ
2844 1634 2936 1688 τοῦ
2966 1635 3157 1697 ἄνθους
3183 1634 3242 1687 τὸ
3269 1636 3618 1707 ἀποτέλεσμα

2022 1727 2116 1782 τοῦ
2151 1727 2373 1799 ἐλέγχου
2406 1728 2500 1783 καὶ
2527 1729 2628 1800 τῆς
2659 1727 3019 1799 ὲπιπλήξεως.
3055 1727 3321 1791 Ἕκαστος
3344 1722 3433 1781 οὖν
3455 1730 3487 1798 ἡ
3498 1727 3614 1798 μῶν

1950 1781 1996 1842 Β
2023 1781 2111 1873 ὅτε
2138 1781 2454 1874 αἰσθάνεται
2475 1781 2796 1892 uirga—660i)
2828 1781 3388 1890 θείαςπληττόμενος,
3422 1781 3617 1888 πειρά-

2024 1913 2154 1977 σθω,
2187 1912 2275 1966 διὰ
2306 1913 2400 1967 τοῦ
2424 1914 2712 1985 ὑπομένειν
2745 1914 2840 1968 καὶ
2862 1910 3271 1985 εὐαρεστεῖσθαι
3301 1913 3413 1974 τοῖς
3444 1912 3620 1963 ἁπαν-

2020 2007 2207 2072 τῶσιν,
2237 2004 2395 2069 ἄνθος
2427 2006 2695 2060 ποιεῖσθαι
2720 2006 2858 2077 πρὸς
2882 2005 2980 2077 τὴν
3004 2003 3222 2075 ῥάϐδον.
3248 2004 3389 2075 Ὅρα
3413 2004 3461 2055 εἰ
3492 2000 3620 2056 τοὺ-ο

2019 2115 2114 2152 του
2169 2095 2390 2151 δύναται
2426 2097 2693 2170 σύμῦολον
2734 2093 2875 2151 εἶναι
2921 2097 2954 2168 ἡ
3000 2095 3096 2148 τοῦ
3165 2093 3378 2165 Ἀαρὼν
3426 2094 3621 2167 ῥάϐδος

2025 2189 2164 2263 μετᾶ
2203 2190 2370 2244 πολὺν
2397 2190 2588 2262 χρόνον
2621 2193 2679 2243 ὲν
2703 2182 2747 2258 ᾧ
2776 2185 2919 2260 εἶχεν
2950 2188 3119 2260 αὐτὴν
3148 2187 3502 2258 βλαστήσασα
3525 2186 3621 2240 καὶ

2021 2280 2233 2353 καρπὸν
2261 2281 2565 2353 ἐνηνοχυῖα·
2602 2280 2765 2333 οἱονεὶ
2795 2282 2905 2351 γαρ
2931 2279 3125 2351 ῥάϐδος
3148 2277 3281 2331 Θεοῦ
3305 2278 3511 2348 ἐκείνη,
3542 2276 3619 2339 ὡς

2020 2380 2348 2450 γέγραπταιο
2383 2377 2493 2431 Kal
2536 2375 2650 2443 τὴν
2673 2373 2903 2444 ῥάϐδον
2940 2373 3055 2442 τὴν
3107 2372 3268 2441 παρὰ
3312 2372 3417 2425 τοῦ
3467 2368 3618 2425 Θεοῦ

2017 2468 2211 2538 λήψῃ·
2239 2469 2429 2540 ἥντινα
2453 2469 2482 2521 ὁ
2516 2466 2755 2536 ἐνεγκὼν
2776 2466 2835 2518 ὃν
2858 2465 2940 2518 δεῖ
2968 2464 3169 2536 τρόπον
3203 2463 3396 2535 ῥάϐδον
3428 2462 3620 2533 φέρειν

2016 2562 2176 2625 Θεοῦ,
2203 2559 2428 2632 ὕστερον
2454 2560 2515 2613 οὐ
2552 2560 2709 2632 μόνον
2742 2557 2922 2621 ἄνθος,
2954 2556 3089 2610 ἀλλὰ
3115 2556 3209 2609 καὶ
3244 2554 3457 2625 καρπὸν
3491 2551 3616 2621 ὂψε-

2018 2675 2109 2712 ται
2144 2659 2202 2710 ἐν
2233 2655 2403 2727 αὐτῷ,
2426 2655 2566 2708 ὥστε
2588 2653 2736 2719 ἄξιον
2762 2651 2921 2705 αὐτὸν
2952 2649 3207 2719 γενέσθαι
3238 2653 3330 2702 καὶ
3364 2647 3456 2701 τοῦ
3484 2648 3617 2701 ἁπο-

2018 2747 2234 2803 κεῖσθαι
2254 2749 2334 2813 εἰς
2362 2747 2434 2800 τὰ
2460 2746 2631 2815 ’Ἅγια
2650 2744 2757 2798 τῶν
2783 2742 2952 2811 ἁγίων
2987 2744 3045 2796 ὲν
3087 2744 3153 2814 τῇ
3186 2741 3279 2794 τοῦ
3318 2738 3617 2812 μαρτυρίου

2019 2843 2216 2914 σκηνῇ.

2092 2936 2222 2988 Ὀτι
2256 2933 2466 3002 ὅρασις
2500 2933 2587 2998 εὶς
2624 2928 2748 2984 πᾶν
2778 2926 2845 2982 τὸ
2874 2924 3129 2995 πλῆθος.
3174 2923 3483 2978 Ἐκλέλοιπε
3508 2921 3619 2995 γὰρ

2018 3028 2053 3099 ή
2078 3026 2382 3099 προφητεία
2411 3023 2551 3095 μετὰ
2582 3022 2682 3095 τὴν
2722 3020 2816 3074 τοῦ
2850 3018 3103 3089 Σωτῆρος
3144 3016 3459 3087 ἐπιδημίαν.
3498 3013 3617 3067 Κα-

327 3111 531 3168 ιὲἰοῖιιιν
568 3127 581 3165 :
626 3108 696 3163 1η
736 3126 941 3162 onmem
986 3108 1419 3173 multitudinem,
1474 3110 1917 3180 quandoquidem

2023 3119 2131 3183 λῶς
2164 3118 2242 3183 δὲ,
2294 3119 2399 3183 Εὶς
2444 3116 2607 3171 ἅπαν
2648 3112 2716 3167 τὸ
2754 3109 3004 3180 πλῆθος*
3044 3107 3233 3179 ἐπειδὴ
3271 3107 3467 3179 λῆμμα
3496 3103 3618 3159 κατ’

327 3199 637 3271 assumptio
666 3199 968 3255 secundum
997 3199 1314 3253 electionem
1343 3200 1531 3269 gratiae
1567 3198 1708 3255 facta
1744 3212 1846 3258 est.

403 3292 472 3349 Et
494 3294 649 3346 Itonia
675 3293 725 3346 in
754 3292 923 3346 oculis
951 3293 1071 3347 vita:
1091 3291 1204 3361 ejus
1227 3291 1291 3343 σι.
1321 3289 1378 3345 Si
1406 3301 1630 3348 sanctus
1659 3295 1783 3363 quis
1802 3294 1922 3351 lue-

329 3387 425 3452 rit,
456 3401 683 3456 compos
730 3385 834 3439 erit
880 3384 1127 3439 omnium
1173 3401 1409 3454 quorum
1454 3395 1758 3456 compotem
1800 3403 1922 3444 esse

328 3489 601 3552 oporteat,
644 3488 699 3536 et
744 3479 921 3534 victor
955 3478 1058 3531 erit
1090 3493 1195 3532 non
1228 3480 1333 3533 alia
1375 3479 1631 3550 quapiam
1671 3495 1727 3533 re
1755 3494 1919 3549 quam

331 3575 495 3630 oculo
527 3572 762 3643 propria:
793 3573 935 3637 vitae,
968 3570 1061 3641 qui
1097 3582 1178 3626 est
1208 3587 1383 3639 mens,
1425 3572 1483 3626 in
1516 3587 1624 3641 qua
1651 3586 1771 3625 eam
1800 3587 1923 3641 quae

331 3667 388 3721 in
423 3667 650 3720 veritate
678 3672 763 3719 est
803 3663 971 3717 vitam
1001 3662 1280 3719 cernimus
1300 3673 1354 3718 et
1387 3664 1697 3734 superiores
1730 3678 1923 3720 sumus

331 3757 595 3813 omnibus
616 3770 739 3827 qua:
766 3754 1129 3809 adversantur
1155 3755 1335 3810 nobis.

404 3847 647 3918 Clangite
697 3845 826 3900 tuba
877 3845 945 3902 “.
986 3843 1245 3901 Pluribus
1285 3848 1352 3902 de
1400 3846 1529 3902 tuba
1559 3845 1922 3904 disseruimus

331 3955 457 3995 cum
487 3940 933 3995 examinaremus
979 3938 1113 3993 illud
1161 3939 1208 3970 “
1244 3956 1258 3993 :
1290 3937 1455 3994 Canet
1501 3939 1641 3993 enim
1682 3939 1828 4007 tuba,
1873 3948 1923 3994 et

331 4030 526 4086 mortui
558 4041 829 4102 resurgent
855 4031 1171 4098 incorrupti,
1205 4039 1254 4085 et
1282 4047 1375 4085 nos
1397 4031 1820 4088 immutabimur.
1847 4032 1927 4088 Ac

331 4141 402 4180 ne
436 4125 624 4180 eadem
665 4134 1002 4195 repetamus,
1038 4124 1171 4180 huic
1197 4124 1317 4179 loco
1344 4140 1452 4178 non
1480 4124 1921 4180 immorabimur.

332 4216 737 4273 Tantummodo
758 4215 1039 4272 memoriae
1067 4213 1394 4271 refrieandze
1412 4231 1578 4271 causa
1595 4216 1883 4272 dicendum
1908 4232 1922 4268 :

332 4313 380 4368 si
413 4310 593 4381 majus
621 4309 883 4382 quiddam
920 4319 1005 4367 est
1039 4309 1292 4381 judicare
1329 4310 1540 4376 omnia,
1582 4325 1748 4379 quam
1775 4309 1928 4380 judi-

331 4417 460 4460 care
494 4402 784 4459 duodecim
821 4402 999 4459 tribus
1042 4401 1233 4468 Israel,
1273 4402 1357 4457 vel
1392 4402 1643 4472 judicare
1678 4404 1922 4473 angelos,

331 4494 419 4551 vel
446 4492 698 4566 judicare
734 4495 1023 4560 mundum,
1059 4502 1225 4564 prout
1263 4492 1469 4549 dictum
1511 4502 1596 4551 est
1630 4493 1673 4524 ³⁷
1706 4512 1719 4545 :
1757 4492 1921 4547 Sede-

336 4587 461 4643 bitis
507 4604 665 4658 super
693 4588 838 4643 sedes
870 4586 1170 4653 iudicantes
1204 4588 1481 4643 duodecim
1514 4588 1682 4642 tribus
1714 4586 1921 4651 Israel;

333 4687 389 4734 ct
415 4696 430 4734 :
458 4677 687 4747 Angelos
717 4678 1128 4747 judicabimus;
1166 4690 1219 4734 et
1254 4698 1268 4735 :
1303 4677 1372 4733 In
1398 4680 1543 4735 vobis
1578 4680 1807 4733 mundus
1824 4679 1923 4749 ju-

333 4769 605 4825 dicabitur
629 4770 696 4838 ⁸⁸,
726 4772 1061 4827 exercendus
1094 4781 1176 4827 est
1204 4771 1422 4828 animus
1455 4772 1521 4828 ad
1562 4772 1923 4843 clangentium

336 4863 489 4931 tuba,
534 4871 595 4918 ut
640 4878 833 4919 omnes
882 4862 1212 4934 judicemus.
1257 4862 1625 4930 Quaerendum
1654 4864 1926 4935 estigitur

335 4957 469 5027 quid
497 4956 569 5011 sit
594 4957 725 5011 tuba
757 4954 875 5023 Dei,
911 4964 963 5010 et
996 4956 1127 5028 quid
1159 4972 1354 5027 magna
1396 4955 1491 5011 Dei
1522 4972 1628 5011 vox
1668 4973 1791 5021 qua:
1831 4957 1927 5011 mi-

337 5049 459 5106 lites
475 5047 570 5103 Dei
587 5048 965 5120 exeitatﬂo
981 5050 1047 5104 ad
1068 5057 1345 5104 certamen
1371 5057 1562 5103 contra
1580 5048 1787 5103 hostes.
1814 5046 1927 5103 Hac

337 5142 638 5198 verisimile
668 5150 756 5197 est
803 5158 932 5198 usos
975 5142 1146 5198 fuisse
1179 5141 1457 5212 apostolos
1496 5141 1590 5212 qui
1620 5142 1925 5205 voeetubaa

338 5241 622 5304 tantopere
651 5234 961 5288 excitarunt
992 5240 1203 5287 mentes
1236 5231 1301 5285 ad
1329 5231 1572 5299 praelium
1597 5239 1788 5286 contra
1826 5231 1926 5286 lio-

338 5338 468 5381 stes.
515 5325 787 5393 Quoniam
820 5341 952 5380 vero
997 5324 1159 5379 etiam
1201 5324 1254 5377 in
1287 5323 1675 5379 festivitatibus
1716 5321 1833 5387 Dei,
1867 5333 1929 5379 ut

338 5419 466 5472 alibi
510 5419 873 5484 ostendimus,
931 5417 1075 5471 tubae
1123 5427 1503 5482 assumuntur,
1550 5424 1605 5471 et
1653 5416 1735 5471 ha:
1768 5432 1927 5470 assu-

341 5510 551 5563 mundae
584 5519 733 5574 sunt,
772 5519 833 5563 ut
862 5525 959 5579 per
985 5524 1079 5563 eas
1122 5509 1188 5563 ad
1218 5508 1574 5562 celebrandas
1608 5507 1926 5563 festivitates

340 5600 434 5656 Dei
470 5618 636 5671 puros
666 5613 720 5658 et
755 5618 911 5657 verus
952 5600 1222 5655 Israelitas
1260 5602 1579 5655 excitemus.
1623 5598 1927 5670 Unusquis-

417 5717 460 5746 ⁵³
500 5714 693 5769 Ezeeli.
714 5733 808 5779 vri,
835 5715 920 5768 10.
1001 5715 1043 5745 ⁶⁰
1075 5714 1182 5769 Isa.
1212 5731 1287 5780 χι,
1324 5714 1375 5769 1.

1456 5714 1498 5745 εί
1530 5712 1690 5768 Num.
1723 5730 1854 5777 xm,
1881 5715 1933 5770 8.
2012 5716 2056 5744 “
2086 5713 2256 5767 Exod.
2300 5729 2373 5773 tv,
2421 5712 2513 5766 20.

329 5780 390 5866 ."
432 5784 568 5840 Ibid.
614 5786 699 5839 14.
779 5786 824 5818 ⁵⁸
855 5782 1029 5839 ιυοτ.
1070 5800 1157 5853 xv,
1188 5784 1280 5839 5:2.
1358 5786 1400 5817 "
1434 5782 1626 5840 Matth.
1655 5801 1766 5853 six,
1795 5787 1848 5841 8.

2056 5785 2179 5839 Cur.
2216 5801 2289 5852 \‘l,
2321 5783 2356 5838 9..
2386 5792 2439 5839 Cl
2471 5784 2523 5839 5.

2024 3208 2252 3281 ἐκλογὴν
2280 3207 2500 3280 χάριτος
2524 3205 2736 3273 γέγονε.

2095 3302 2207 3358 Kal
2247 3301 2558 3367 ἅνθρωπος
2597 3296 2666 3348 ἐν
2700 3290 3027 3362 ὀρθαλμοῖς
3056 3286 3202 3355 ζωῆς
3239 3283 3447 3338 αὑτοῦ.
3489 3281 3615 3336 Ἐὰν

2025 3397 2181 3465 ἆγιός
2208 3413 2291 3458 τις
2319 3392 2376 3470 ᾗ,
2408 3393 2670 3463 κρατήσει
2696 3382 2770 3441 ὧν
2818 3386 3040 3456 κρατεῖν
3086 3378 3290 3450 δεῖ,καὶ
3329 3374 3614 3447 περιέσται

2025 3491 2124 3543 οὐκ
2149 3488 2294 3559 ἄλλῳ
2316 3466 2420 3540 «Ewi
2444 3485 2476 3555 ἢ
2502 3482 2579 3553 τῷ
2612 3477 2875 3550 ὀφθαλμῷ
2896 3475 2996 3544 τῆς
3020 3473 3154 3536 ἰδίας
3178 3468 3342 3539 ζωῆς,
3386 3467 3442 3528 ὃς
3467 3466 3614 3559 ἐστιν

2024 3588 2053 3640 ὁ
2076 3584 2223 3649 νοῦς,
2251 3557 2309 3636 εν
2335 3575 2380 3650 ᾧ
2406 3579 2503 3650 τὴν
2547 3579 2605 3631 ὲν
2646 3576 2723 3646 τῷ
2757 3571 2948 3643 ἀληθεῖ
2993 3566 3137 3637 ζωὴν
3177 3562 3464 3635 βλέπομεν,
3517 3557 3612 3608 καὶ

2026 3673 2423 3751 περιγινόμεθα
2452 3670 2669 3723 πάντων
2694 3664 2801 3719 τῶν
2828 3657 3290 3716 ἀντιπαλαιόντων
3317 3653 3468 3725 ἡμῖν.

2097 3858 2444 3916 Σαλπίσατε
2483 3849 2793 3919 σάλπιγγι.
2841 3844 2964 3899 Ἐπὶ
2998 3843 3181 3895 πλεῖον
3208 3835 3336 3910 περὶ
3382 3833 3615 3901 σάλπιγ-

2026 3972 2124 4026 γος
2158 3950 2515 4021 διειλήφαμεν
2546 3940 2890 4011 ἐξετάζοντες
2922 3936 3003 4001 τὸ,
3030 3932 3333 4026 Σαλπίο-ει
3352 3926 3482 4026 γὰρ,
3515 3921 3617 4026 καὶ

2028 4018 2082 4103 oi
2104 4018 2773 4114 νεκροὶ-ἐγερθήσονται
2811 4030 3119 4101 ἄφθαρτοι,
3167 4024 3265 4079 καὶ
3303 4019 3472 4092 ἡμεῖς
3511 4018 3621 4075 ἁλ-

2026 4136 2435 4210 λαγησόμεθαο
2461 4132 2555 4187 καὶ
2587 4129 2674 4184 ἵνα
2711 4122 3322 4217 μὴνπαλιλλογήσωμεν,
3353 4116 3412 4169 οὐ
3449 4129 3621 4217 προσ-

2028 4227 2372 4300 διατρίόομεν
2399 4222 2477 4293 τῷ
2532 4220 2700 4289 τόπῳσ
2744 4216 2900 4287 μόνον
2952 4212 3009 4266 δὲ
3058 4210 3419 4300 ὑπομνήσεως
3459 4210 3620 4300 χάριν

2030 4296 2247 4377 λεκτέον
2293 4319 2396 4380 ὅτι,
2444 4313 2599 4383 εἰπερ
2651 4309 2833 4382 μεῖζόν
2882 4309 2998 4360 ἐστι
3038 4304 3099 4359 τὸ
3133 4303 3338 4374 κρίνειν
3371 4298 3438 4352 τὰ
3486 4296 3623 4368 σύμ-

2035 4431 2215 4469 πάντα
2238 4411 2333 4465 τοῦ
2366 4408 2573 4482 κρίνειν
2601 4404 2700 4468 τὰς
2739 4402 2946 4456 δώδεκα
2980 4399 3156 4469 φυλὰς
3188 4394 3283 4449 τοῦ
3320 4390 3557 4465 Ἰσραὴλ,

1957 4472 2002 4526 D
2030 4505 2238 4579 κρίνειν
2261 4502 2386 4564 τοὺς
2409 4472 2695 4568 άγγέλους,
2723 4494 2756 4567 ἢ
2804 4492 3009 4566 κρίνειν
3042 4489 3131 4543 τὸν
3163 4488 3365 4557 κόσμον
3398 4480 3622 4579 εἰρημέ-

2026 4575 2116 4649 νον
2151 4597 2208 4648 ὲν
2231 4591 2327 4663 τῷ·
2356 4588 2710 4658 Καθήσεσθε
2740 4585 2836 4638 ἐπὶ
2868 4582 3096 4636 δώδεκα
3122 4580 3350 4648 θρόνων
3382 4575 3619 4663 κρίνοῖ-

2029 4705 2129 4753 τες
2173 4658 2293 4750 τὰς’
2318 4680 2549 4736 δώδεκα
2597 4677 2798 4749 φυλὰς
2844 4675 2950 4730 τοῦ
3005 4670 3274 4740 Ἰσραὴλ,
3308 4668 3401 4720 καὶ
3428 4667 3483 4717 ὲν
3516 4658 3613 4730 τῷ·

2041 4774 2353 4848 Ἀγγέλους
2376 4770 2727 4841 κρινοῦμεν·
2757 4767 2813 4822 ἐν
2837 4784 2897 4820 τε
2923 4764 3018 4836 τῷ·
3064 4765 3167 4818 Ἐν
3194 4759 3336 4828 ὑμῖν
3358 4754 3615 4848 κρίνεται

2032 4873 2064 4925 ό
2095 4871 2341 4937 κόσμος·
2377 4864 2643 4935 ἀσκητέον
2686 4861 2824 4931 ὑπὲρ
2858 4858 2953 4911 τοῦ
3005 4859 3186 4927 κρῖναι
3216 4851 3283 4904 τὰ
3328 4847 3617 4916 σύμπαντα

2036 4960 2297 5016 σαλπίσαι
2330 4961 2397 5029 τῇ
2433 4956 2713 5023 σάλπιγγι.
2754 4951 3021 5023 Ζητητέον
3061 4942 3153 4999 οὖν
3193 4943 3287 5014 τὴν
3341 4938 3616 5005 σάλπιγγα

2033 5055 2126 5110 τοῦ
2164 5052 2298 5108 Θεοῦ
2343 5051 2436 5105 καὶ
2478 5049 2574 5119 τὴν
2629 5045 2871 5117 μεγάλην
2915 5036 3311 5113 παροξυντικὴν
3349 5032 3441 5086 τοῦ
3480 5027 3616 5083 Θεοῦ

2033 5148 2217 5220 φωνὴν
2258 5145 2366 5199 τῶν
2398 5139 2743 5213 στρατιωτῶν
2788 5134 2882 5188 τοῦ
2926 5132 3059 5186 Θεοῦ
3105 5131 3196 5183 ἐπὶ
3221 5129 3310 5181 τὸν
3338 5125 3479 5179 κατὰ
3509 5124 3618 5179 τῶν

2034 5218 2310 5312 πολεμίων
2338 5235 2544 5305 ἀγῶνα,
2570 5231 2731 5301 ὁποίᾳ
2760 5228 2905 5289 εἰκὸς
2944 5222 3011 5296 ἦν
3050 5221 3285 5295 χρῆσθαι
3320 5218 3618 5312 τοῦςῃάπο-

2036 5308 2255 5393 στόλους
2283 5325 2533 5380 τοσοῦτον
2552 5321 2619 5374 τὰ
2642 5318 2963 5390 φρονήματα
2997 5313 3358 5383 διεγείροντας
3399 5308 3485 5362 διὰ
3522 5308 3617 5379 τῆς

2035 5424 2217 5495 φωνῆς
2234 5421 2332 5491 τῆς
2356 5418 2651 5484 σάλπιγγος
2671 5411 2764 5464 ἐπὶ
2780 5410 2866 5462 τὸν
2883 5407 3023 5462 κατὰ
3042 5406 3148 5461 τῶν
3173 5405 3263 5477 ἐχθ
3273 5404 3379 5475 ρῶν
3408 5401 3614 5470 ἀγῶνα.

2046 5511 2263 5583 Ἐπειδὴ
2293 5509 2350 5562 δὲ
2374 5508 2468 5560 καὶ
2501 5509 2558 5559 ὲν
2583 5507 2700 5565 ταῖς
2728 5501 2943 5571 ἑορταῖς
2979 5498 3072 5552 τοῦ
3103 5497 3261 5551 Θεοῦ.
3294 5497 3370 5560 ὡς
3420 5497 3475 5548 ὲν
3529 5495 3596 5547 ἄλ

2031 5606 2143 5667 λοις
2177 5597 2548 5673 παρεθέμεθα,
2592 5595 2889 5661 σάλπιγγες
2936 5587 3477 5661 παραλαμϐάνονται,
3529 5602 3595 5638 κα

2615 5708 2659 5742 ⁸³
2698 5706 2899 5763 Ezecli.
2946 5722 3045 5775 vn,
3082 5705 3170 5761 12.
3276 5703 3483 5759 “Ibid.
3530 5704 3615 5758 15.
