4128 6444
227 395 334 452 ’ῖθῖ

1442 370 1754 429 ΞΕΙΛΞΟΤΑ
1790 369 1856 426 ιΝ
1893 367 2351 424 EZECIIIELEM.

3407 360 3511 415 7:”

228 504 435 567 ταύτας
451 497 809 572 ἀναληπτέον,
829 498 917 554 ἵνα
933 493 1367 571 προτρεψώμεθα
1390 493 1456 547 δι’
1490 491 1670 547 αὐτῶν
1702 491 1829 555 τοὺς

1939 504 2041 557 que
2080 488 2248 557 igitur
2290 494 2535 540 nostrum
2565 482 2750 537 audiat
2787 481 2917 536 illud
2944 482 2989 515 ”
3027 499 3039 535 :
3078 479 3142 534 In
3179 480 3302 534 tuba
3334 486 3514 534 exntra

230 596 508 669 καθαροὺς
526 594 620 648 καὶ
638 592 855 664 ἀληθεῖς
870 592 1209 665 Ἰσραηλίτας
1234 590 1326 643 ἐπὶ
1345 589 1404 641 τδ
1428 586 1706 659 ἑορτάζειν
1723 586 1822 648 τὰς

232 691 429 762 ἑορτὰς
446 686 676 759 Κυρίου.
698 686 966 749 Ἕκαστος
987 680 1078 740 οὖν
1117 680 1272 755 ἡμῶν
1305 678 1552 735 ἀκουέτω
1579 676 1695 730 τοῦ·
1727 677 1824 729 Ἐν

229 781 521 852 σάλπιγγι
550 780 805 849 ὕψωσεν
825 780 942 848 τὴν
968 775 1176 848 φωνήν
1191 789 1326 828 σουο
1344 771 1455 826 καί·
1477 769 1825 824 Σαλπίσατε

230 870 304 923 ἐν
323 870 611 940 νεομηνία
657 870 975 939 σάλπιγγι,
1011 868 1080 921 ἐν
1105 863 1351 933 εὐσήμῳ
1390 860 1585 930 ἡμέρᾳ
1611 856 1826 927 ἑορτῆς

229 959 425 1029 ὑμῶν.
467 957 626 1012 Ἀλλά
653 959 727 1030 μὴ
759 957 1068 1030 ἔμπροσθεν
1091 955 1247 1027 ήμῶν
1278 952 1649 1022 σαλπίσωμεν,
1683 949 1759 1013 ὼς
1777 949 1826 1001 οἱ

232 1052 528 1123 ὑποκριταὶ
568 1050 797 1104 ποιοῦσισ
847 1051 944 1119 Μὴ
1001 1046 1317 1116 σαλπίσῃς
1358 1044 1488 1116 γὰρ,
1542 1042 1695 1114 φησὶ,
1730 1039 1831 1109 ἔμ-

1929 593 2105 631 rocem
2136 585 2319 639 tuam;
2364 581 2463 628 et:
2507 571 2797 625 Buccinate
2836 572 2893 624 in
2930 567 3218 624 Neomenia
3273 571 3418 635 tuba,
3457 570 3513 624 iu

1932 670 2128 740 insigni
2179 669 2264 722 die
2300 666 2651 723 salemnitatis
2695 676 2882 721 vestrae
2910 665 2977 718 "°.
3017 663 3121 719 Sed
3152 680 3219 717 ne
3246 673 3369 718 ante
3414 678 3514 717 nos

1931 764 2060 819 tuba
2088 776 2372 826 canamus,
2405 760 2565 815 sicuti
2602 758 2809 813 faciunt
2838 758 3133 829 hypocrita;
3162 756 3314 826 (Noli
3342 757 3465 810 enin
3496 797 3508 816 ,

1931 855 2128 926 inquit,
2149 853 2273 907 tuba
2297 869 2479 906 canere
2504 862 2624 906 ante
2656 860 2703 905 te
2733 851 2825 917 ⁷⁸),
2852 852 2944 906 sed
2969 859 3093 905 ante
3118 849 3287 904 Deum
3320 866 3464 903 seem
3492 877 3515 890 -

1934 949 2063 1004 dum
2096 947 2395 1016 spiritalem
2448 944 2568 1014 ejus
2616 944 2790 1014 legem
2840 943 3106 999 facientes
3144 943 3303 997 nobis
3352 945 3511 996 tubas

1936 1037 2169 1093 ductiles
2199 1045 2506 1107 argenteas,
2546 1035 2625 1090 sic
2659 1050 2854 1106 nempe
2886 1045 3250 1105 comparatas,
3281 1046 3339 1088 ut
3376 1034 3516 1087 divi-

233 1141 502 1212 προσθέν
556 1157 694 1197 σουο
754 1142 867 1196 ἀλλ’
911 1139 1222 1213 ἔμπροσθεν
1260 1136 1353 1192 τοῦ
1394 1133 1529 1190 Θεοῦ
1562 1131 1705 1188 κατά
1740 1129 1831 1185 τὸν

1939 1145 2038 1184 nas
2064 1129 2295 1183 reddant
2316 1142 2477 1183 voces
2506 1143 2570 1183 ac
2590 1127 2756 1183 verba
2784 1143 2905 1198 qua!
2923 1143 3165 1198 pugnare
3190 1126 3423 1181 doceant
3451 1140 3515 1180 ac

234 1234 608 1306 πνευματικὸν
659 1230 825 1288 αὑτοῦ
877 1231 1042 1305 νόμον
1091 1233 1417 1304 ποιήσαντες
1476 1226 1688 1290 ἑαυτοῖς
1733 1221 1834 1285 τὰς

1939 1218 2080 1275 festa
2107 1220 2307 1285 colere,
2338 1220 2497 1277 utsic
2517 1222 2698 1276 omnia
2724 1219 2975 1293 judicare
2995 1222 3291 1292 possimus.

236 1327 461 1401 λογικὰς
495 1329 691 1395 ὲλατάς
727 1328 973 1402 ἀργυρᾶς
1002 1327 1307 1398 σάλπιγγας
1362 1327 1420 1380 ὲν
1447 1322 1558 1392 ἕξει
1594 1317 1986 1389 ἀποτελεστικῇ
2028 1315 2186 1369 θείων
2219 1315 2412 1386 φωνῶν
2453 1317 2549 1371 καὶ
2595 1316 2768 1388 λόγων
2807 1317 3062 1388 πολεμεῖν
3108 1317 3203 1369 καὶ
3241 1312 3517 1387 ἑορτάξειν

233 1426 621 1492 διδασκόντων,
650 1426 736 1480 ἵνα
758 1425 902 1480 οὕτω
929 1426 1136 1499 κρίνειν
1154 1426 1223 1479 τὰ
1248 1422 1537 1495 σύμπαντα
1565 1413 1901 1488 δυνηθῶμεν.

309 1526 419 1580 Καὶ
450 1526 551 1579 ἐπὶ
578 1523 785 1581 πᾶσαν
829 1522 1107 1594 κεφαλὴν
1136 1520 1521 1592 φαλάκρωμα.
1552 1514 1707 1585 Τάχα
1739 1508 1832 1564 τοῦ

238 1615 335 1670 ἐπὶ
375 1617 489 1680 τοῖς
525 1591 1157 1687 ἁμαρτήμασι-πένθους
1198 1610 1465 1683 σύμϐολον
1518 1608 1553 1678 ἡ
1608 1602 1832 1674 τοιαύτη

1940 1599 2032 1669 qui
2083 1613 2180 1668 pro
2227 1596 2462 1666 peccatis
2521 1595 2755 1650 habetur
2788 1596 3094 1667 symbolum
3129 1606 3214 1650 est
3247 1591 3515 1663 ejusmodi

196 1738 202 1743 ε
235 1702 402 1773 λέξις.
433 1684 658 1778 Ὥσπερ
688 1684 798 1777 γάρ
849 1706 986 1758 εἰσὶν
1025 1705 1074 1758 οῖ
1119 1702 1331 1757 ποιοῦσι
1365 1699 1713 1769 φαλάκρωμα
1742 1693 1835 1747 ἐπὶ

1941 1690 2128 1745 dictio.
2162 1687 2633 1755 Quemadmodum
2662 1687 2805 1741 enim
2836 1693 2965 1740 sunt
2995 1684 3087 1755 qui
3115 1700 3278 1755 super
3303 1693 3519 1739 mortuo

2014 1508 2082 1562 Et
2115 1524 2270 1578 super
2300 1523 2451 1561 omne
2496 1515 2652 1577 caput
2711 1506 2982 1561 calvitium
3008 1507 3075 1560 "’.
3126 1502 3288 1559 Forte
3337 1502 3518 1557 luctus

238 1800 442 1873 νεκρῷ,
460 1800 631 1864 οὕτως
656 1802 707 1853 οἱ
724 1784 1114 1869 αἰσχυνόμενοι
1126 1796 1219 1849 ἐπὶ
1237 1795 1349 1857 τοῖς
1381 1791 1529 1854 ἰδίοις
1553 1788 1832 1858 πταίσμασ-

241 1909 349 1961 σιν,
373 1893 704 1962 ἀποθέμενοι
747 1890 838 1942 τὸν
873 1888 1076 1959 κόσμον
1101 1888 1199 1957 τῆς
1229 1885 1428 1957 νοητῆς
1454 1881 1633 1937 αὐτῶν
1658 1897 1833 1950 κεφα-

237 1982 358 2053 λῆς,
389 1982 484 2035 καὶ
524 1980 837 2052 ξυράμενοι,
884 1976 1140 2050 φοροῦσιν
1169 1976 1256 2031 ἐπ’
1289 1975 1461 2046 αὐτῆς
1503 1974 1565 2029 τὸ
1611 1974 1834 2045 σημεῖον

240 2070 334 2126 τοῦ
365 2068 611 2132 πένθους.
635 2069 759 2132 Τοῖς
784 2068 842 2121 δὲ
858 2066 1032 2136 ἁγίοις
1058 2067 1206 2121 οὐδὲν
1231 2067 1427 2121 οἰκεῖον
1450 2065 1587 2137 πρὸς
1608 2062 1836 2134 ἐχθροὺς

243 2161 461 2232 ἔχουσιν
487 2158 875 2231 ἐνομοθέτησεν
900 2161 927 2212 ὁ
950 2158 1109 2231 νόμος
1131 2158 1218 2229 μὴ
1248 2157 1440 2212 ποιεῖν
1470 2154 1837 2226 φαλάκρωμα

243 2248 346 2302 ἐπὶ
372 2248 581 2318 νεκρῷ,
610 2250 719 2317 ὅτι,
751 2251 934 2321 φησὶν,
962 2250 1129 2319 ἅγιος
1153 2245 1416 2317 εἷΚυρίφ
1442 2245 1521 2312 τῷ
1543 2244 1665 2311 Θεῷ
1694 2260 1830 2298 σου.

314 2341 425 2395 Καὶ
447 2343 900 2396 εἰσελεύσονται
923 2342 1015 2395 ἐπ’
1049 2340 1204 2395 αὐτὰ
1245 2340 1625 2411 ἀφυλάκτως.
1658 2338 1835 2408 Νομι-

245 2433 403 2488 στέον
433 2434 740 2506 μιαίνεσθαι
767 2438 840 2492 τὰ
864 2438 1033 2506 Ἅγια
1078 2437 1184 2491 ὑπὸ
1215 2436 1691 2508 τῶνιμιαινόντων
1736 2433 1836 2506 τὴν

242 2526 548 2600 ἐπισκοπὴν
596 2529 690 2582 καὶ
764 2529 1164 2603 είσερχομένων
1232 2529 1559 2598 ἀφυλάκτως
1612 2529 1705 2582 ἐπὶ
1767 2527 1837 2582 τὰ

241 2619 488 2674 τοιαῦτα.
525 2615 650 2677 Οἴον
673 2622 999 2691 ἀφυλάκτως
1023 2622 1241 2676 λεκτέον
1276 2620 1623 2692 είσέρχεσθαι
1659 2622 1739 2686 εἰς
1767 2619 1837 2674 τὰ

245 2709 380 2779 ἅγια
425 2710 535 2782 τῆς
577 2713 905 2782 ἐκκλησίας,
940 2715 989 2766 εί
1029 2713 1166 2784 μετὰ
1217 2712 1363 2783 μίξιν
1415 2712 1724 2783 ἀδιαφόρως
1755 2728 1838 2775 τις

240 2799 388 2872 ἔχων
430 2803 568 2874 πρὸς
608 2804 709 2875 τὴν
757 2806 816 2857 ἐν
865 2803 1015 2875 αὐτῷ
1046 2803 1387 2875 ἀκαθαρσίαν
1415 2802 1618 2875 ὲπιδῴη
1646 2802 1838 2856 ἑαυτὸν

244 2889 572 2961 ἀπεύχεσθαι
596 2891 674 2962 τῷ
698 2892 797 2962 τῆς
828 2893 1179 2966 εὐχαριστίας
1205 2894 1374 2967 ἄρτῳ.
1404 2894 1633 2966 Βεϐηλοῖ
1671 2892 1779 2965 γὰρ
1808 2894 1838 2946 ὁ

244 2978 488 3044 τοιοῦτος
507 2980 577 3034 τὰ
600 2982 732 3048 ἆγια
762 2982 859 3036 καὶ
890 2987 1035 3037 ποιεῖ
1066 2984 1301 3057 φυρμὸν.

1937 1795 2151 1836 comam
2196 1789 2427 1849 ponunt,
2491 1779 2571 1835 sic
2619 1793 2757 1849 quos
2803 1777 3153 1847 propriorum
3189 1775 3515 1830 delictorum

1936 1870 2120 1941 pudet,
2155 1870 2334 1940 posito
2370 1868 2632 1940 spiritalis
2662 1866 2856 1936 capitis
2892 1866 3119 1928 mundo,
3148 1881 3211 1921 ac
3231 1866 3431 1931 derasi,
3462 1865 3519 1920 in

1936 1978 2002 2018 co
2034 1960 2215 2017 ferunt
2243 1962 2459 2033 signum
2504 1962 2703 2017 luctus.
2744 1955 2963 2013 Sanctis
2989 1973 3121 2013 vero
3146 1957 3346 2028 quibus
3384 1955 3522 2010 nihil

1937 2071 2062 2110 cum
2091 2054 2323 2109 mortuis
2353 2069 2645 2109 commune
2673 2061 2777 2122 est,
2805 2052 3049 2125 praecipit
3072 2052 3160 2105 lex
3187 2051 3234 2082 ’³
3257 2065 3340 2115 ne,
3364 2062 3524 2117 super

1939 2156 2144 2201 mortuo
2198 2146 2473 2202 calvitium
2515 2147 2740 2218 faciant,
2780 2147 2926 2217 quia,
2968 2143 3165 2217 inquit,
3206 2152 3423 2197 sanctus
3464 2156 3519 2195 es

1937 2238 2165 2293 Domino
2181 2238 2289 2294 Deo
2310 2249 2419 2294 tuo.

2010 2331 2080 2385 Et
2110 2331 2475 2401 ingredientur
2501 2330 2556 2384 in
2574 2346 2636 2384 ea
2660 2340 2847 2385 temere
2866 2328 2934 2383 “.
2964 2325 3401 2383 Existimandum
3435 2332 3523 2382 est

1939 2425 2106 2496 pollui
2146 2432 2334 2480 sancta
2387 2423 2456 2478 ab
2495 2423 2604 2478 illis
2628 2422 2723 2493 qui
2757 2421 3008 2493 polluant
3038 2422 3426 2486 visitationem,
3457 2435 3523 2476 ac

1938 2526 2143 2572 temere
2165 2516 2220 2571 in
2248 2515 2339 2570 illa
2373 2514 2772 2586 ingrediuntur.
2801 2510 2959 2580 Puta,
2996 2520 3201 2566 temere
3242 2511 3298 2564 in
3332 2522 3522 2565 sancta

1938 2607 2185 2663 ecclesiae
2222 2606 2433 2678 ingredi
2471 2604 2735 2661 dicendus
2762 2613 2866 2670 est,
2894 2605 2939 2658 si
2962 2604 3088 2673 quis
3116 2611 3239 2674 post
3266 2603 3520 2672 copulam

1939 2699 2166 2770 ejusque
2200 2697 2627 2765 immunditiam,
2652 2705 2855 2752 temere
2884 2696 2952 2751 ad
2985 2695 3395 2766 percipiendum
3426 2709 3525 2763 pa-

1942 2808 2067 2848 nem
2120 2790 2549 2847 eucharisticum
2609 2790 2922 2846 accesserit.
2976 2787 3177 2844 Polluit
3232 2788 3380 2844 enim
3429 2787 3525 2858 qui

1939 2883 2211 2956 ejusmodi
2239 2891 2323 2939 est
2352 2892 2562 2950 sancta,
2596 2890 2652 2939 et
2683 2881 2815 2939 facit
2842 2880 3295 2952 inquinationem.

325 3070 469 3125 Οὐαὶ
494 3072 592 3125 ἐπὶ
629 3072 783 3127 οὐαί.
820 3072 1043 3145 Πρῶτον
1071 3076 1168 3146 μὲν
1191 3075 1324 3130 οὐαί
1352 3076 1410 3129 ἐν
1433 3073 1511 3146 τῷ
1544 3074 1645 3147 βίῳ
1663 3075 1836 3145 τούτῳ

2023 3070 2113 3127 ναι
2129 3086 2284 3141 super
2303 3085 2380 3124 va:
2404 3068 2470 3126 ⁷⁸.
2500 3068 2745 3123 Primum
2765 3068 2983 3139 quidem
3006 3083 3082 3122 vce
3105 3065 3159 3121 in
3181 3067 3284 3121 hac
3303 3065 3432 3130 vita,
3457 3078 3527 3120 ex

244 3164 373 3218 κατ’
407 3163 539 3217 αὐτὸ
565 3163 626 3217 τὸ
652 3160 792 3217 εἶναι
816 3164 978 3219 αὐτὸν
1011 3166 1302 3238 μοχθηρὸν,
1333 3166 1427 3219 καὶ
1466 3166 1704 3230 ἀσεϐεῖν,
1742 3168 1837 3219 καὶ

249 3252 329 3324 μὴ
364 3252 506 3324 ἔχειν
534 3254 634 3325 τὴν
661 3256 968 3326 ἐπισκοπὴν
995 3256 1089 3309 τοῦ
1118 3256 1276 3310 Θεοῦο
1312 3255 1561 3326 δεύτερον
1592 3256 1650 3309 δὲ
1697 3255 1834 3310 οὐαὶ

242 3344 393 3397 κατά
422 3344 523 3409 τὰς
545 3345 686 3416 μετά
714 3346 805 3399 τὸν
829 3344 942 3414 βίον
962 3346 1150 3400 τοῦτον
1185 3347 1454 3409 κολάσεις.
1492 3347 1758 3418 Ἀπελία
1777 3346 1836 3400 δὲ

236 3432 343 3487 ἐπὶ
375 3435 663 3505 ἀγγελίαν
684 3436 877 3502 ἔσται,
928 3437 1056 3502 ἴσως
1089 3438 1150 3492 τὸ
1186 3438 1323 3511 μετά
1376 3441 1505 3503 τοὺς
1548 3440 1836 3511 προφήτας

239 3524 417 3579 πολλά
442 3527 568 3599 περὶ
590 3528 688 3591 τῆς
706 3529 923 3582 αἰωνίου
950 3528 1223 3594 κολάσεως
1250 3531 1651 3602 άπειλήσαντας
1672 3532 1837 3601 εὐαγ-

237 3617 461 3688 τελικὸν
493 3621 754 3692 κήρυγμα
781 3620 1069 3693 τηλαυγῶς
1098 3622 1166 3675 τά
1200 3625 1327 3696 περὶ
1354 3624 1579 3697 γεέννης
1603 3625 1697 3680 καὶ
1728 3625 1836 3680 τῶν

236 3709 420 3764 ἄλλων
444 3711 817 3783 ἁτεὴυτήτων
847 3713 1094 3783 βασάνων
1122 3714 1336 3782 διεξιόν.

317 3804 427 3859 Καὶ
482 3802 872 3873 ζητηθήσεται
899 3805 1129 3876 ὅρασις.
1178 3807 1377 3873 Ἐπάν,
1419 3807 1836 3879 ἐντυγχάνοντες

235 3898 360 3959 τοῖς
386 3898 745 3968 προφητικοῖς
767 3897 947 3966 λόγοις
968 3899 1194 3962 καὶτοῖς
1216 3899 1466 3969 νομίμοις
1491 3899 1834 3972 μυστηρίοις,

241 3984 326 4057 μὴ
351 3984 636 4057 βλέπωμεν
660 3986 810 4047 τίνες
845 3989 901 4042 αἱ
931 3986 1042 4041 τῶν
1070 3987 1364 4061 προφητῶν
1402 3990 1621 4060 ὁράσεις
1659 3989 1753 4043 καὶ
1784 3990 1837 4043 τί

235 4077 340 4133 τοῦ
377 4079 540 4150 νόμου
565 4079 627 4132 τὸ
661 4079 930 4151 βούλημα,
954 4080 1032 4152 τῷ
1077 4081 1170 4134 καὶ
1219 4081 1345 4146 τοὺς
1385 4081 1685 4152 αὐχοῦντας
1737 4083 1837 4154 τὴν

235 4171 340 4228 τοῦ
372 4172 506 4227 Θεοῦ
543 4173 843 4247 ἱερωσύνην
874 4175 934 4228 οὐ
979 4175 1138 4246 μόνον
1177 4178 1534 4247 παρανομεῖν,
1577 4175 1713 4230 ἀλλὰ
1744 4176 1838 4230 καὶ

238 4264 543 4321 ἀπολλύναι
566 4266 656 4321 τὸν
689 4266 865 4339 ἀληθῆ
898 4267 992 4321 τοῦ
1024 4268 1190 4339 νόμου
1223 4268 1368 4334 νοῦν,
1397 4269 1520 4322 τότε
1555 4268 1838 4342 πληρωθή-

242 4376 400 4413 σεται
426 4358 487 4413 τδ
518 4359 932 4429 Ζητηθήσεται
969 4360 1180 4430 ὅρασις
1210 4361 1279 4415 ἐκ
1308 4360 1639 4432 προφήτου.
1678 4362 1838 4419 ’Λλλά

242 4449 452 4520 φθάσαι
490 4452 572 4506 δεῖ
596 4452 688 4506 ἐπὶ
738 4451 799 4505 τὸ
838 4453 1018 4524 εὑρεῖν
1045 4454 1145 4526 τὴν
1177 4454 1518 4525 ζητουμένην
1551 4455 1741 4526 ὅρασιν
1772 4456 1839 4510 ὲκ

238 4540 342 4595 τοῦ
377 4544 679 4615 προφήτου.
727 4544 791 4598 Ei
836 4544 895 4598 δὲ
938 4545 1035 4598 καὶ
1074 4546 1133 4614 ἐξ
1185 4547 1375 4619 ἱερέως
1427 4547 1674 4602 ἁπὼλετό
1708 4567 1838 4604 ποτε

240 4635 433 4706 νόμος,
459 4635 612 4707 ζητεῖ
635 4654 751 4700 πως
777 4638 955 4709 εὑρεῖν
974 4636 1062 4691 διά
1093 4655 1152 4693 τε
1183 4638 1281 4692 τοῦ
1332 4641 1471 4693 νοεῖν
1528 4641 1622 4693 καὶ
1660 4644 1836 4694 ποιεῖν

240 4729 274 4781 ὀ
303 4730 483 4801 ἱερεὺς
508 4730 601 4783 τὸν
635 4729 819 4800 νόμον,
860 4729 947 4784 ἵνα
971 4730 1066 4783 καὶ
1100 4729 1292 4794 ἀλλους
1330 4734 1718 4806 χειραγωγήσῃ
1746 4734 1840 4788 ἐπὶ

241 4824 317 4893 τῇ
356 4824 586 4894 τηρήσει
620 4822 803 4876 αὑτοῦ.
856 4823 967 4876 Καὶ
1001 4822 1141 4877 ὲπάν
1183 4822 1240 4876 δὲ
1273 4823 1349 4895 μὴ
1381 4824 1555 4878 ἱκανοὶ
1598 4824 1837 4895 συμϐου-

242 4915 447 4980 λεύειν,
482 4916 619 4988 μηδὲ
657 4916 797 4987 ὑπὲρ
827 4914 922 4969 τοῦ
950 4914 1128 4969 κοινοῦ
1154 4914 1218 4970 τὰ
1248 4915 1433 4969 δέοντα
1460 4919 1683 4971 σκοπεῖν
1702 4935 1838 4990 προ·-

242 5006 612 5074 καθέζωνται,
648 5007 865 5062 λεκτέον
914 5007 997 5061 ὅτι
1028 5006 1278 5062 ἀπώλετο
1311 5006 1475 5080 βουλὴ
1510 5010 1576 5063 ὲκ
1608 5008 1841 5082 πρεσϐυ-

239 5100 445 5172 τέρων.
473 5101 583 5155 Καὶ
619 5102 647 5155 ὁ
681 5100 866 5173 ἅρχων
888 5099 1168 5155 ἐνδύσεται
1201 5101 1531 5172 ἀφανισμὸν,
1570 5104 1619 5156 εί
1655 5103 1729 5176 μὴ
1760 5106 1841 5157 ὲν-

242 5193 467 5248 δύσεται
488 5194 578 5247 τὸν
611 5195 844 5265 Χριστὸν
888 5193 1095 5266 Ἰησοῦν
1119 5195 1216 5249 καὶ
1249 5195 1341 5249 τὸν
1367 5193 1590 5264 θώρακα
1625 5196 1726 5267 τῆς
1756 5196 1838 5249 δι-

243 5287 545 5357 καιοσύνης
574 5287 668 5340 καὶ
694 5285 791 5356 τὴν
817 5286 1116 5340 πανοπλίαν
1164 5285 1261 5340 τοῦ
1297 5285 1433 5340 Θεοῦ
1466 5287 1602 5359 πρὸς
1642 5288 1705 5341 τὸ
1742 5288 1837 5342 δύ-

246 5379 447 5435 νασθαι
479 5380 793 5452 ἀντιστῆναι
821 5381 957 5455 πρὸς
1001 5380 1100 5445 τὰς
1134 5380 1414 5453 μεθοδείας
1441 5379 1532 5434 τοῦ
1568 5380 1833 5436 διαϐόλου.

247 5472 368 5535 Πᾶς
411 5471 521 5544 γὰρ
561 5474 895 5546 ἁμαρτάνων
940 5474 1122 5545 ἄρχων
1176 5473 1480 5545 ἀφανισμὸν
1536 5472 1835 5528 ἐνδύσεταιο

245 5566 347 5619 καὶ
366 5568 425 5618 αἱ
458 5566 649 5635 χεῖρες
676 5566 734 5619 δὲ
765 5566 871 5620 τοῦ
907 5567 1061 5621 λαοῦ
1092 5567 1433 5633 ἐκλύονται,
1461 5566 1591 5627 ὅταν
1634 5566 1836 5639 ὑδαρὴς

248 5659 352 5714 καὶ
399 5657 631 5723 ἄτακτος
676 5659 771 5711 καὶ
815 5657 1150 5732 ὲκλελυμένη
1184 5658 1332 5714 ἔσται
1378 5658 1411 5729 ἡ
1448 5657 1692 5718 πολιτεία
1736 5657 1832 5711 τοῦ

328 5778 372 5809 δ’
408 5776 509 5833 lsa.
569 5794 722 5841 Lvm,
774 5779 826 5832 l.
901 5780 947 5812 ⁷ο
985 5779 1129 5835 Psal.
1177 5796 1343 5839 Lxxx.
1379 5779 1434 5833 4.
1509 5781 1551 5812 ⁷⁸
1584 5778 1778 5833 Matth.
1808 5793 1906 5845 vn,
1957 5776 2010 5831 2.
2088 5777 2136 5808 τ’
2181 5775 2498 5840 Ezech.vu,
2530 5772 2615 5828 i8.

1940 3178 2005 3218 eo
2031 3162 2176 3233 quod
2210 3170 2265 3216 et
2299 3161 2417 3232 ipsa
2449 3160 2588 3214 mala
2621 3159 2692 3214 sit
2718 3168 2771 3214 et
2803 3159 2991 3229 impia,
3023 3173 3124 3213 nec
3163 3157 3362 3215 haheat
3393 3156 3527 3211 visi-

1941 3255 2200 3312 tationem
2245 3253 2372 3321 Dei;
2419 3253 2647 3308 alterum
2679 3263 2858 3308 autem
2890 3269 2966 3308 ea:
2999 3252 3069 3308 ob
3099 3258 3371 3307 tormenta
3405 3254 3528 3318 post

1939 3348 2084 3404 hanc
2111 3348 2279 3402 vitam
2329 3345 2536 3401 futura.
2597 3343 2839 3400 Nuntius
2886 3360 3015 3400 vero
3071 3359 3227 3413 super
3279 3341 3523 3396 nuntium

1939 3443 2041 3495 erit
2073 3442 2141 3508 ⁷⁸,
2175 3441 2312 3497 forte
2339 3443 2485 3512 quod
2514 3451 2639 3512 post
2675 3441 2973 3512 prophetas
3016 3438 3185 3492 multa
3221 3435 3288 3490 de
3321 3444 3526 3489 azterno

1941 3535 2211 3607 supplicio
2238 3536 2624 3600 comminatus,
2659 3533 2844 3588 futura
2873 3532 2943 3587 sit
2972 3530 3282 3599 evangelica
3325 3526 3525 3596 prazdi-

1941 3628 2264 3695 catio,qua3
2313 3626 2553 3682 dilucide
2609 3626 2939 3697 gehennam,
2987 3622 3311 3689 nullumque
3360 3618 3524 3672 ﬁnem

1942 3719 2199 3773 habitura
2228 3727 2523 3784 tormenta,
2558 3718 2813 3788 explicet.

2015 3809 2086 3864 Et
2112 3821 2377 3879 augeretur
2403 3811 2534 3865 visio
2563 3810 2627 3862 ⁷⁷.
2658 3807 2888 3875 Quando
2913 3805 3156 3873 legendis
3191 3803 3525 3876 prOphcticis

1940 3901 2287 3958 sermonibus
2320 3910 2375 3956 ct
2415 3900 2681 3971 legalibus
2730 3898 3006 3970 mysteriis
3056 3913 3167 3952 non
3217 3895 3525 3952 videbimus

1941 4009 2189 4064 quaenam
2219 3994 2329 4050 sint
2357 3993 2747 4063 prophetarum
2780 3991 3038 4055 visiones,
3065 3999 3121 4045 et
3143 3985 3278 4061 quid
3298 3988 3400 4044 sibi
3434 4003 3526 4043 νεα

1941 4085 2004 4139 lit
2031 4085 2137 4151 lex,
2161 4100 2226 4139 eo
2255 4086 2399 4156 quod
2429 4085 2525 4156 qui
2557 4083 2651 4139 Dei
2688 4082 2995 4139 sacerdotio
3045 4082 3368 4153 gloriantur,
3411 4093 3522 4134 non

1942 4175 2116 4230 solum
2152 4174 2324 4246 iniqui
2354 4174 2485 4238 sint,
2517 4175 2611 4229 sed
2645 4184 2699 4229 ct
2732 4188 2921 4228 verum
2955 4173 3090 4242 legis
3126 4186 3349 4227 sensum
3382 4169 3524 4225 ami-

1940 4266 2132 4331 serint,
2162 4276 2291 4320 tunc
2320 4265 2628 4335 implebitur
2660 4266 2791 4321 illud
2813 4281 2827 4321 :
2848 4263 3129 4331 Quaeretur
3156 4263 3287 4318 visio
3307 4276 3372 4314 ea:
3398 4277 3523 4332 pro-

1940 4360 2117 4431 pheta.
2136 4357 2296 4430 42],
2318 4356 2520 4413 Verum
2537 4357 2853 4415 enitendum
2883 4367 2968 4414 est
2995 4367 3052 4413 ut
3066 4359 3292 4430 quaesita
3313 4376 3376 4415 ex
3393 4374 3522 4430 pro~

1944 4453 2105 4522 pheta
2144 4451 2282 4505 visio
2319 4450 2647 4506 inveniatur.
2679 4449 2837 4516 Quod
2865 4449 2911 4507 si
2941 4452 3105 4506 etiam
3145 4467 3210 4508 ex
3240 4452 3523 4508 sacerdote

1942 4549 2235 4620 aliquando
2277 4548 2410 4605 exiit
2456 4546 2565 4613 lex,
2610 4544 2807 4615 quaerit
2838 4546 3263 4617 quodammodo,
3297 4555 3411 4600 tum
3436 4545 3523 4601 in-

1944 4641 2235 4713 telligendo
2267 4649 2384 4695 tum
2432 4637 2699 4702 faciendo,
2734 4635 2990 4694 sacerdos
3033 4637 3278 4693 invenire
3324 4637 3520 4708 legem,

1941 4741 2080 4790 utet
2107 4733 2230 4787 aliis
2264 4731 2332 4786 ad
2363 4744 2484 4783 eam
2528 4727 2926 4783 observandam
2974 4727 3084 4783 dux
3125 4736 3343 4796 praecat.
3380 4725 3519 4782 Cum

1943 4837 2124 4883 autem
2174 4824 2342 4895 inepti
2377 4824 2443 4878 ad
2493 4822 2733 4879 dandum
2774 4821 3088 4885 consilium,
3121 4821 3207 4876 vel
3243 4818 3311 4875 ad
3350 4818 3525 4889 dispi-

1945 4918 2198 4976 ciendum
2229 4916 2359 4988 quid
2387 4916 2702 4986 reipublicae
2724 4914 2956 4977 intersit,
2984 4913 3296 4983 praesident,
3330 4910 3523 4966 dicen-

1946 5010 2074 5067 dum
2105 5018 2190 5064 est
2217 5007 2446 5079 periisse
2475 5007 2767 5063 consilium
2809 5022 2873 5061 ex
2909 5005 3212 5061 sacerdote.
3259 5002 3521 5072 Princeps

1944 5116 2164 5172 quoque
2205 5101 2463 5155 induetur
2503 5100 2750 5166 interitu,
2799 5098 2904 5153 nisi
2955 5097 3197 5153 induerit
3238 5095 3522 5151 Christum

1942 5196 2154 5263 Jesum,
2178 5203 2233 5250 et
2262 5194 2538 5262 thoracem
2581 5193 2828 5264 justitiae,
2863 5201 2918 5246 et
2952 5200 3285 5248 armaturam
3317 5188 3431 5255 Dei,
3462 5198 3525 5244 ut

1943 5289 2121 5359 possit
2164 5286 2424 5347 resistere
2457 5285 2723 5341 adversus
2774 5284 3007 5340 astutias
3054 5281 3282 5338 diaboli.
3328 5278 3522 5335 Omnis

1943 5380 2093 5438 enim
2128 5380 2381 5450 princeps
2405 5377 2501 5447 qui
2534 5385 2742 5447 peccat,
2774 5376 2991 5431 interitu
3023 5375 3298 5430 induetur.
3333 5371 3438 5426 Sed
3465 5376 3520 5425 et

1945 5489 2134 5528 manus
2158 5470 2339 5541 populi
2364 5467 2730 5523 dissolvuntur
2757 5466 2825 5531 ⁷⁸,
2860 5481 2985 5523 cum
3018 5465 3184 5520 diluta
3223 5471 3278 5517 et
3309 5461 3520 5515 incom-

1944 5563 2142 5634 posita,
2176 5561 2517 5630 remissaqne
2561 5574 2626 5613 ac
2669 5558 2847 5614 soluta
2898 5555 3062 5610 fuerit
3120 5552 3303 5625 populi
3351 5549 3516 5605 disci.

1939 5656 2109 5727 plina.
2141 5654 2370 5723 Quando
2403 5661 2583 5710 autem
2625 5650 2826 5707 virtute
2851 5647 2946 5703 Dei
2986 5655 3167 5702 utetur
3191 5654 3246 5701 et
3282 5641 3520 5698 audierit

2691 5770 2914 5827 "Deut.
2948 5783 3060 5839 xw,
3097 5768 3146 5824 1.
3234 5764 3281 5799 ⁷⁵
3311 5762 3513 5825 Ezccb.

248 5864 359 5918 "ll,
394 5849 486 5907 22.
563 5852 608 5883 τ’
662 5847 792 5909 ibid.
836 5848 927 5926 $6.
1005 5852 1051 5884 7“
1106 5846 1236 5905 ibid.
1317 5851 1361 5882 ⁷⁷
1408 5850 1534 5909 ibid.
1616 5851 1658 5882 ⁷⁸
1688 5849 1882 5904 Ezech.
1912 5845 2125 5918 “1,27.
