4128 6438
603 389 723 445 795

2014 387 2107 444 EX
2146 387 2461 445 ORlGENE

3792 396 3900 453 796

603 506 736 563 illud
765 506 814 540 "
844 526 859 564 :
889 505 1301 578 Confortamini,
1329 525 1519 564 manus
1541 508 1841 577 dissolutas,
1885 519 2016 566 tunc
2043 509 2175 566 desi-

2288 508 2440 563 λαοῦ.
2473 507 2641 564 Ἐπάν
2662 509 2719 564 δὲ
2747 512 2812 582 τῇ
2840 508 2986 583 ισχύῖ
3017 508 3112 565 τοῦ
3136 507 3273 565 Θεοῦ
3297 512 3590 585 χρήσεται,
3616 511 3727 568 τοῦ
3754 510 3897 571 εἶναι

602 610 694 655 net
721 614 844 656 esse
864 600 1099 670 populus
1125 608 1304 665 terras,
1336 608 1392 655 et
1411 599 1473 655 ﬁt
1494 600 1731 672 p0pnlus
1764 601 1910 668 creti,
1940 616 2175 672 quaerens

2290 598 2421 666 λαὸς
2445 601 2569 673 γῆςς
2600 602 2695 655 καὶ
2719 603 2931 672 γίνεται
2962 603 3091 667 λαὸς
3118 602 3372 676 οὐρανοῦ,
3401 606 3583 679 ζητῶν
3607 606 3706 680 τὴν
3743 606 3897 679 βασι-

608 703 839 757 regnum
874 692 1166 747 cmlorum.

678 777 748 833 Et
775 782 1054 835 consilium
1093 783 1161 837 de
1186 784 1481 839 senioribus
1510 784 1578 839 ⁸⁸.
1606 782 1717 840 Nec
1745 785 2068 851 humanum,
2106 786 2191 841 in-

2291 690 2347 745 λε
2357 692 2441 747 ίαν
2463 692 2573 746 τῶν
2603 694 2871 765 οὐρανῶν.

2360 783 2473 838 Καὶ
2508 784 2716 855 ,βουλὴ
2765 786 2834 841 ἐκ
2880 788 3321 857 πρεσϐυτέρων.
3381 789 3520 845 Οὐδὲ
3571 793 3889 865 ἀνθρωπίνη

598 871 739 941 quit,
779 873 887 929 illis
916 874 1160 943 proderit
1204 876 1522 945 consilium,
1576 894 1678 934 nec
1716 878 2016 950 quidquam
2058 879 2175 935 boni

2292 875 2455 949 βουλὴ
2489 878 2641 931 ἔσται
2673 879 2859 942 αὐτοῖς
2890 880 2970 945 εἰς
3003 879 3210 951 ὄνησιν,
3253 883 3441 952 φησὶν,
3468 883 3590 937 οὐδὲ
3627 885 3807 953 ἕξουσί
3835 905 3891 942 τι

598 965 815 1021 consilii
845 966 1145 1023 habebunt.

669 1056 781 1112 Rea:
838 1058 1035 1129 lugebit
1084 1071 1134 1114 et
1191 1062 1435 1130 princeps
1486 1062 1554 1115 ⁸¹.
1597 1061 1733 1119 Illud
1771 1085 1785 1121 :
1821 1066 1933 1121 Rea:
1968 1068 2184 1139 lugebit,

2290 985 2354 1021 συ
2362 968 2593 1040 μϐούλευ
2601 988 2677 1041 μα
2707 971 2966 1043 χρηστόν.

2371 1061 2433 1114 '0
2484 1061 2787 1129 βασιλεὺς
2827 1063 3118 1130 πενθήσει
3177 1064 3276 1119 καὶ
3314 1068 3348 1119 ό
3410 1065 3629 1136 ἄρχων.
3683 1068 3777 1135 Τὸ,
3833 1070 3890 1124 '0

597 1158 865 1205 consueto
902 1166 1057 1206 more
1090 1163 1372 1220 narratur,
1412 1153 1554 1209 forte
1593 1172 1701 1210 non
1728 1159 1997 1214 redditum
2028 1177 2058 1215 a
2090 1159 2175 1216 Se-

2280 1149 2584 1218 ,βασιλεὺς
2620 1152 2934 1223 πενθήσει,
2977 1154 3225 1225 συνήθως
3281 1156 3581 1230 ἱστόρηται,
3624 1159 3766 1231 τάχα
3798 1161 3890 1216 διὰ

595 1242 880 1312 ptuaginta
927 1243 1337 1314 interpretibus,
1385 1247 1533 1316 quod
1577 1246 1697 1302 fore
1740 1265 1847 1304 non
1906 1251 2187 1308 existima-

596 1341 718 1388 rent
747 1342 807 1388 ut
837 1332 1090 1390 Salvator
1131 1335 1360 1407 lugeret,
1404 1339 1488 1393 vel
1526 1341 1672 1409 quod
1717 1340 1848 1398 illud
1899 1352 2031 1399 tunc
2072 1359 2183 1401 non

595 1424 902 1479 invenerint
931 1426 985 1479 in
1019 1424 1248 1482 Hebraeo
1283 1427 1452 1483 fonte.
1487 1428 1630 1485 Nihil
1656 1440 1833 1488 tamen
1860 1434 2181 1507 absurdum,

596 1526 811 1569 servata
843 1518 1009 1571 etiam
1047 1518 1248 1585 littera,
1298 1536 1479 1590 regem
1512 1538 1733 1593 quoque
1770 1525 1978 1597 lugere,
2010 1545 2183 1600 quan-

595 1608 889 1677 doquidem
922 1610 1059 1664 luxit
1091 1609 1343 1665 Salvator
1373 1628 1539 1681 super
1563 1611 1887 1672 Jerusalem.

668 1697 738 1750 Et
763 1701 816 1752 in
834 1700 1061 1768 judiciis
1083 1718 1265 1755 eorunt
1298 1702 1531 1757 ulciscar
1558 1705 1679 1759 illos
1697 1707 1762 1761 ⁸⁸.
1788 1706 1965 1765 Etiam
1997 1726 2065 1767 ex
2085 1713 2181 1784 ju-

2285 1242 2377 1298 τὸν
2407 1244 2635 1317 Σωτῆρα
2666 1245 2767 1299 οὐκ
2798 1243 2865 1299 ἀν
2887 1244 3214 1317 νομισθέντα
3240 1249 3477 1317 πενθεῖν,
3505 1250 3602 1323 οὺχ
3622 1253 3889 1324 ἑρμηνευ-

2288 1335 2495 1390 σάντων
2517 1334 2624 1390 τῶν
2657 1335 3059 1409 Ἐδδομήκοντα
3086 1337 3148 1391 τὸ
3182 1340 3367 1410 ῥητὸν,
3403 1341 3437 1412 ἢ
3475 1340 3550 1414 μὴ
3569 1344 3883 1416 εὑρηκότων

2282 1425 2406 1481 τότε
2442 1427 2499 1480 ὲν
2531 1425 2609 1498 τῷ
2660 1425 2934 1499 Ἐϐραῖκῷ
2978 1426 3077 1498 τὴν
3114 1425 3280 1494 λέξιν.
3305 1429 3441 1482 Οὐδὲ
3463 1430 3683 1497 ἄτοπον,
3711 1429 3884 1496 σωζο-

2288 1521 2447 1591 μένου
2480 1517 2692 1573 καὶτοῦ
2719 1517 2905 1590 ῥητοῦ,
2926 1517 3141 1572 πενθεῖν
3166 1517 3345 1588 λέγειν
3377 1520 3472 1573 καὶ
3503 1521 3597 1574 τδν
3630 1521 3877 1593 βασιλέα,

2284 1610 2695 1680 εἴγεέκλαυσεν
2720 1613 2749 1665 ὁ
2784 1611 2975 1683 Σωτὴρ
3012 1612 3105 1667 ἐπὶ
3136 1612 3233 1684 τὴν
3277 1612 3654 1685 Ἰερουσαλήμ.

2354 1700 2467 1756 Καὶ
2496 1703 2567 1755 ἐν
2597 1700 2722 1767 τοῖς
2755 1701 3042 1771 κρίμασιν
3070 1701 3269 1757 αὐτῶν
3296 1700 3596 1769 ἐκδικήσω
3627 1703 3873 1770 αὐτούς.

590 1785 751 1844 diciis
781 1791 900 1860 ejus
926 1792 1021 1861 qui
1072 1794 1335 1863 peccavit,
1367 1793 1578 1865 judicat
1611 1797 1875 1857 Dominus
1905 1817 2031 1858 eum
2084 1806 2175 1876 qui

2280 1791 2395 1845 Kal.
2431 1792 2545 1856 τοῖς
2578 1792 2808 1864 κρίμασι
2846 1790 2942 1845 τοῦ
2975 1791 3357 1865 ἡμαρτηκότος
3383 1792 3557 1864 κρίνει
3597 1792 3685 1846 τὸν
3717 1793 3879 1897 πταί-

592 1879 781 1950 lapsus
816 1891 901 1938 est
935 1902 948 1938 :
977 1884 1249 1953 siquidem
1281 1903 1471 1943 verum
1502 1898 1585 1944 est
1605 1889 1775 1947 illud:
1819 1891 2175 1958 Quemadmo-

2283 1902 2452 1945 σαντα
2483 1886 2515 1939 6
2538 1885 2692 1949 Θεὸς,
2727 1884 2887 1955 εἴπερ
2917 1884 3115 1957 ἀληθὲς
3144 1885 3224 1949 τὸ,
3270 1886 3365 1953 Ὡς
3392 1886 3644 1954 κρίνετε,
3679 1886 3882 1954 κριθήὲι

590 1971 1021 2042 duutjudicatis,
1046 1976 1468 2045 judicabimini;
1501 1990 1557 2036 et
1580 1982 1726 2036 istud
1760 2003 1775 2038 :
1808 1982 1875 2038 In
1904 2002 2005 2057 quo
2040 1989 2182 2044 enim

587 2061 792 2132 judicio
813 2065 1033 2135 judibas
1066 2070 1255 2135 alium,
1297 2080 1345 2126 te
1385 2073 1559 2142 ipsum
1596 2076 1935 2135 condemnas.
1978 2079 2180 2137 Eadem

591 2153 730 2206 enim
748 2154 885 2224 facis
912 2159 1004 2227 qui
1024 2159 1256 2227 iudicas.

1214 2252 1372 2310 CAP.
1414 2253 1550 2309 VIII.

665 2336 735 2390 Et
759 2339 906 2409 facta
931 2352 1007 2396 est
1031 2359 1189 2413 super
1208 2362 1287 2399 me
1314 2364 1504 2403 manus
1529 2348 1746 2407 Domini
1768 2353 1834 2408 ⁸³.
1869 2354 1925 2410 In
1952 2358 2182 2427 quihus-

589 2427 719 2481 dam
772 2440 954 2486 autem
1005 2435 1410 2505 exemplaribus
1453 2441 1719 2511 scriptum
1774 2454 1860 2500 est
1919 2464 1933 2501 :
1987 2446 2181 2505 Manus

590 2519 808 2575 Domini
830 2521 1067 2581 Domini.
1095 2527 1261 2598 Atqui
1295 2530 1424 2585 alibi
1451 2532 1716 2601 diximus,
1748 2538 1896 2607 quod
1920 2541 2182 2610 exprimi-

590 2619 681 2664 tur
712 2629 845 2670 voce
877 2615 1158 2686 Dominus,
1205 2620 1259 2676 id
1305 2637 1447 2694 saepe
1482 2641 1605 2682 esse
1634 2631 2006 2687 venerandum
2038 2636 2182 2704 apud

590 2704 848 2764 Hebraeos
879 2725 1076 2766 nomen
1114 2713 1231 2778 Dei,
1270 2718 1416 2786 quod
1461 2734 1569 2773 non
1609 2720 1718 2776 cito
1740 2723 2047 2792 proferunt.
2077 2727 2182 2784 Ve-

588 2805 895 2852 rumtamen
926 2816 1029 2854 vox
1055 2802 1307 2879 dominus
1350 2806 1648 2878 aliquando
1679 2824 1980 2884 usurpatur
2015 2818 2179 2873 etiam

589 2892 655 2946 de
696 2891 923 2949 domino
965 2906 1271 2950 servorum.
1308 2894 1410 2950 Ubi
1456 2897 1623 2968 igitur
1654 2902 1880 2970 ponitur
1921 2904 2181 2963 Dominus

589 2983 874 3050 Dominus,
904 2986 1187 3041 sciendum
1210 2996 1313 3055 est,
1349 2990 1580 3045 alterum
1610 2991 1830 3062 quidem
1862 3011 1983 3052 esse
2017 3000 2182 3059 veluti

591 3078 877 3149 proprium
931 3088 985 3133 et
1036 3080 1306 3138 ineﬂ‘abile
1352 3068 1557 3140 nomen
1611 3086 1727 3152 Dei,
1764 3090 1995 3145 alterum
2053 3110 2180 3151 vero

590 3169 871 3236 Dominus,
916 3169 1177 3229 Hebraice
1226 3175 1459 3245 Adonai,
1504 3177 1572 3234 de
1611 3177 1844 3237 Domino
1899 3189 2173 3256 usurpari,

590 3259 862 3314 interdum
914 3263 1123 3331 prolata
1182 3265 1287 3320 hac
1352 3282 1481 3323 voce
1526 3267 1593 3324 de
1623 3270 1844 3327 nomine
1886 3274 2170 3346 ineﬂ‘abili,

590 3349 864 3406 interdum
920 3355 1077 3423 quasi
1124 3356 1192 3410 de
1253 3356 1488 3416 Domino
1549 3376 1853 3421 servorum.
1900 3367 2034 3426 Illud
2070 3374 2173 3444 igi-

591 3454 701 3505 tur,
750 3442 960 3498 Adonai
1007 3444 1288 3516 Dominus,
1343 3450 1665 3523 intelligenti
1710 3472 1831 3527 qua:
1864 3460 2007 3517 dicta
2046 3442 2175 3520 sunt

590 3533 659 3587 de
686 3534 942 3590 ineﬂabili
982 3539 1223 3606 nomine,
1257 3542 1394 3597 nihil
1424 3544 1606 3603 diﬂ‘ert
1637 3562 1668 3603 a
1717 3564 1849 3607 voce
1886 3551 2169 3624 Dominus,

590 3632 650 3678 ut
672 3627 1045 3695 exposuimus.

663 3713 732 3768 Et
760 3721 1045 3790 assumpsit
1071 3738 1151 3777 me
1182 3726 1373 3781 uertice
1413 3744 1527 3783 meo
1559 3730 1626 3786 “.
1678 3732 1814 3788 Cum
1851 3737 2035 3806 plures
2063 3739 2173 3795 sint

586 3806 753 3862 etiam
781 3808 1067 3869 interiores
1112 3826 1304 3885 porta,
1336 3827 1390 3874 et
1429 3820 1533 3875 alia
1563 3823 1784 3891 quidem
1818 3831 2076 3899 respiciat
2104 3832 2171 3886 ad

588 3909 862 3966 austrum,
899 3904 1003 3958 alia
1022 3905 1090 3959 ad
1114 3908 1403 3975 orientem,
1423 3911 1658 3984 et522
1684 3917 1790 3972 alia
1820 3919 1887 3972 ad
1916 3921 2173 3976 occiden-

589 3998 720 4057 tem,
739 3992 958 4049 ducitur
984 3996 1051 4050 ad
1079 4012 1201 4052 eam
1241 4016 1364 4070 qua:
1392 4004 1622 4073 respicit
1642 4006 1708 4060 ad
1739 4009 2074 4077 aquilonem,
2113 4020 2172 4068 ut

591 4081 716 4137 inde
744 4084 1042 4155 respiciens
1073 4089 1256 4145 videat
1283 4091 1432 4147 illata
1475 4094 1618 4150 mala
1653 4106 1843 4152 contra
1865 4115 1960 4157 eos
1988 4102 2082 4172 qui
2110 4103 2161 4157 in

2283 1981 2489 2032 σεσθε·
2529 1977 2625 2031 καὶ
2656 1977 2739 2044 τὸ,
2781 1970 2951 2044 Ἐνῷ
2982 1978 3091 2048 reip
3121 1970 3356 2047 κρίματι
3379 1978 3603 2046 κρίνεις
3625 1977 3732 2032 τὸν
3755 1978 3880 2033 ἐτεέ-

2274 2086 2412 2138 ρον,
2442 2067 2706 2124 σεαυτὸν
2741 2070 3140 2139 κατακρίνεις-ο
3170 2069 3244 2124 τὰ
3274 2068 3386 2140 γὰρ
3411 2068 3565 2124 αὐτὰ
3598 2069 3877 2138 πράττεις

2283 2163 2317 2215 ό
2344 2162 2582 2229 κρίνων.

2939 2253 3098 2308 ΚΕΦ.
3139 2254 3223 2308 ιιι.

2353 2345 2464 2399 Καὶ
2509 2343 2746 2414 ἐγένετο
2793 2345 2887 2399 ἐπ’
2926 2345 3033 2415 ἐμὲ
3077 2346 3208 2416 χείρ
3244 2348 3488 2416 Κυρίου.
3528 2347 3628 2400 Ἔν
3665 2362 3775 2400 τισι
3818 2347 3889 2400 δὲ’

2282 2433 2612 2506 γέγραπται,
2660 2433 2801 2504 Χείρ
2843 2436 3068 2504 Κυρίου
3135 2434 3377 2503 Κυρίου.
3417 2432 3525 2487 Καί
3571 2448 3635 2502 γε
3682 2432 3875 2486 ἐνάλὲ

2281 2526 2395 2592 λοις
2437 2528 2772 2601 εἰρήκαμεν,
2836 2529 2919 2582 ὅτι
2959 2526 3225 2599 πολλαχοῦ
3266 2527 3329 2580 rb
3366 2525 3779 2597 ἐπιφωνούμενον
3809 2531 3871 2584 ἐν

2283 2620 2349 2691 τῇ
2378 2622 2594 2689 Κύριος
2634 2622 2785 2692 φωνῇ
2816 2620 2877 2673 τδ
2907 2618 3202 2691 σεϐάσμιον
3243 2619 3373 2690 παρ’
3417 2617 3688 2690 Ἑϐραίοις
3721 2616 3873 2670 ἐστὶν

2282 2710 2454 2783 ὕνομα
2497 2710 2589 2765 τοῦ
2637 2710 2794 2777 Θεοῦ,
2838 2712 2866 2765 ὃ
2903 2729 2955 2765 τι
2999 2729 3106 2783 περ
3135 2712 3195 2765 οὐ
3230 2711 3439 2783 ταχέως
3481 2709 3868 2782 προφέρονται.

2284 2803 2429 2876 Πλὴν
2450 2803 2560 2859 ἔσθ’
2593 2805 2682 2858 ὅτε
2708 2803 2768 2857 τὸ
2796 2804 2999 2872 κύριος
3020 2804 3279 2858 τάσσεται
3326 2803 3423 2857 καὶ
3467 2801 3561 2856 ἐπὶ
3605 2800 3714 2855 τῶν
3745 2798 3869 2853 δούὲ

2283 2894 2389 2948 λων
2433 2896 2647 2968 κυρίου.
2698 2894 2869 2949 Ἔνθα
2911 2890 3005 2949 οὖν
3044 2897 3220 2949 κεῖται
3258 2894 3338 2958 τὸ,
3383 2894 3595 2961 Κύριος
3633 2892 3865 2958 Κύριος,

2250 3052 2255 3056 ¹
2282 2987 2388 3059 χρὴ
2410 2987 2630 3052 ειδέναι,
2654 2989 2735 3041 ὅτι
2766 2986 2827 3040 τὸ
2863 2986 2960 3058 μὲν
2986 2985 3173 3057 ἓτερον
3198 2986 3360 3039 οἱονεὶ
3395 2985 3455 3038 τὸ
3486 2984 3672 3057 κύριον
3699 2982 3868 3054 όνομα

2284 3078 2376 3133 καὶ
2408 3078 2644 3150 ἄῤῥητόν
2676 3082 2792 3132 ἐστι
2821 3077 2913 3131 τοῦ
2939 3077 3095 3132 Θεοῦ·
3125 3077 3187 3131 τὸ
3215 3076 3271 3131 δὲ
3298 3076 3486 3130 λοιπὸν
3520 3075 3603 3139 τὸ,
3632 3075 3867 3143 Κύριος,

2298 3174 2566 3247 Ἑϐραίοις
2598 3173 2856 3237 Ἀδωναῒ,
2881 3173 3079 3228 ἐπὶτοῦ
3102 3172 3307 3244 Κυρίου
3323 3172 3633 3234 τάσσουσιν,
3663 3170 3751 3224 ὁτὲ
3773 3170 3872 3241 μὲν

2280 3265 2674 3338 προφερόμενοι
2700 3264 2798 3336 τὴν
2835 3263 3016 3335 φωνὴν
3050 3264 3142 3316 ἐπὶ
3160 3261 3254 3315 τοῦ
3300 3263 3539 3333 ἀρρήτου
3580 3262 3868 3331 ὀνόματος,

2278 3356 2365 3411 ὁτὲ
2409 3355 2466 3409 δὲ
2505 3357 2669 3410 οἱονεὶ
2721 3355 2815 3409 ἐπὶ
2865 3354 2960 3408 τοῦ
3000 3352 3206 3423 Κυρίου
3260 3351 3369 3405 τῶν
3402 3351 3623 3405 δούλων.
3663 3352 3737 3405 Τὸ
3773 3347 3871 3406 οὖν

2291 3444 2540 3501 Ἀδωναῒ
2564 3445 2778 3512 Κύριος
2805 3443 2883 3514 τῷ
2928 3444 3179 3515 νοήσαντι
3219 3441 3287 3495 τὰ
3320 3439 3582 3512 εἰρημένα
3607 3440 3735 3510 περὶ
3771 3439 3868 3493 τοῦ

2275 3537 2516 3609 ἀρρήτου
2562 3535 2828 3607 ὀνόματος
2876 3534 3028 3589 οὐδὲν
3076 3533 3324 3606 διαφέρει
3375 3528 3470 3585 τοῦ
3513 3530 3748 3599 Κύριος,
3788 3529 3869 3595 ὡς

2275 3628 2667 3700 ὲκδεδὼκαμεν.

2344 3722 2453 3777 Καὶ
2481 3721 2739 3777 ἀνέλαϐέ
2763 3737 2842 3790 με
2863 3719 2973 3788 τῆς
2995 3716 3262 3789 κορυφῆς
3290 3736 3431 3788 μου.
3471 3715 3741 3771 Πλειόνων
3771 3714 3869 3771 οὖα

2276 3815 2387 3869 σῶν
2419 3814 2516 3869 καὶ
2554 3815 2661 3869 τῶν
2702 3814 2991 3885 ὲσωτὲρων
3029 3811 3234 3878 πυλῶν,
3266 3811 3482 3882 καὶτῆς
3506 3810 3603 3882 μὲν
3640 3807 3871 3880 βλεπούο

2276 3926 2378 3981 σης
2415 3909 2555 3980 πρὸς
2605 3907 2781 3973 νότον,
2828 3905 2929 3976 τῆς
2971 3906 3029 3959 δὲ
3067 3904 3202 3977 πρὸς
3242 3902 3532 3967 ἀνατολὰς,
3567 3900 3663 3955 καὶ
3701 3900 3869 3969 ἄλλης

2273 4003 2412 4074 πρὸς
2447 4000 2682 4072 δυσμάς,
2729 4001 2922 4069 ἄγεται
2966 3999 3059 4053 ἐπὶ
3085 3999 3185 4070 τὴν
3228 3996 3530 4069 βλέπουσαν
3564 3993 3701 4067 πρὸς
3741 3992 3868 4067 βορ-

2274 4096 2395 4166 ρᾶν,
2434 4094 2500 4147 ἵν’
2524 4093 2737 4147 ἐκεῖθεν
2773 4090 3084 4162 ἀναϐλέψας
3119 4090 3206 4162 ἴδῃ
3231 4090 3300 4144 τά
3329 4087 3703 4159 ἐπιφερόμενα
3727 4084 3869 4139 κοιτά

590 4173 792 4230 boreali
827 4178 929 4232 hoc
949 4181 1154 4236 mundo
1186 4192 1432 4253 peccant.
1473 4183 1614 4241 Sunt
1637 4189 1780 4242 enim
1809 4189 1969 4245 etiam
1994 4194 2085 4247 alii
2114 4195 2168 4249 in

2277 4188 2380 4242 τῶν
2405 4189 2463 4242 ὲν
2495 4186 2576 4258 τῷ
2617 4184 2938 4258 βορειοτικῷ
2975 4185 3151 4257 τούτῳ
3188 4183 3379 4255 κόσμῳ
3420 4179 3866 4253 ἁμαρτανόντων.

589 4272 737 4319 terra
768 4269 981 4337 mundi,
1014 4279 1074 4325 ut
1113 4280 1169 4326 et
1210 4274 1612 4332 mathematica;
1640 4281 1953 4337 .ostendunt
2004 4285 2170 4341 disci-

506 4414 510 4419 .
587 4355 767 4424 ptime.
805 4358 946 4415 Dicit
972 4377 1191 4434 quoque
1224 4366 1478 4423 Clemens
1512 4387 1526 4424 :
1578 4369 1818 4426 Oceanus
1855 4375 2169 4444 impermea-

590 4448 711 4502 bilis
738 4450 1056 4520 hominibus,
1102 4465 1151 4510 et
1198 4458 1290 4527 qui
1333 4469 1451 4530 post
1485 4478 1604 4516 eum
1637 4466 1825 4519 mundi
1858 4469 2023 4523 tantis
2059 4470 2168 4525 Do-

2271 4279 2392 4333 Εἰσὶ
2416 4277 2525 4350 γὰρ
2556 4279 2649 4332 καὶ
2675 4277 2824 4332 ἄλλοι
2858 4278 3054 4348 κόσμοι
3088 4278 3245 4346 ὲν-τῇ
3279 4276 3370 4345 γῇ,
3401 4273 3477 4337 ὡς
3501 4271 3743 4325 δείκνυσι
3771 4269 3872 4341 μὲν

2270 4370 2367 4424 καὶ
2392 4369 2458 4423 τὰ
2485 4369 2803 4441 μαθήματα·
2834 4368 2968 4441 φησὶ
3000 4368 3057 4423 δὲ
3103 4368 3199 4422 καὶ
3225 4369 3254 4421 ό
3287 4365 3538 4438 Κλήμης·
3590 4360 3871 4427 Ὠκεανὸς

2269 4459 2564 4529 ἀπέρατος
2602 4459 2968 4529 ἀνθρώποις,
3015 4459 3115 4515 καὶ
3152 4462 3206 4513 οι
3249 4457 3378 4528 μετ’
3420 4455 3609 4510 αὐτὸν
3655 4454 3868 4522 κόσμοι

590 4540 720 4593 mini
743 4542 1170 4602 ordinationibus
1192 4549 1569 4618 gubernantur.
1603 4553 1671 4609 Et
1699 4557 1826 4627 quia
1848 4559 2017 4614 multa
2040 4571 2170 4616 sunt

2277 4553 2596 4619 τοσαύταις
2640 4550 2945 4621 διαταταῖς
2996 4550 3104 4605 τοῦ
3140 4551 3450 4623 Δεσπότου
3481 4544 3865 4600 διοικοῦνται.

589 4645 811 4704 peccata
832 4653 1022 4695 eorum
1049 4642 1143 4713 qui
1177 4645 1232 4700 in
1267 4635 1475 4703 mundo
1517 4666 1682 4720 quem
1748 4652 1860 4707 dixi
1908 4654 1974 4708 ad
2014 4657 2173 4726 aqui-

590 4726 767 4781 lonem
796 4728 972 4798 posito
995 4745 1303 4800 versantur,
1328 4738 1532 4795 ideirco
1561 4740 1614 4794 in
1645 4743 1800 4798 atriis
1828 4754 1997 4814 portae
2022 4747 2173 4816 prio-

592 4817 669 4871 ris
692 4833 813 4888 quaa
839 4820 1057 4890 respicit
1088 4823 1154 4877 ad
1202 4826 1534 4894 aquilonem,
1569 4838 1654 4884 est
1705 4840 1883 4886 statua
1918 4833 2172 4905 imaginis

591 4909 718 4976 zeli,
752 4926 914 4980 quem
962 4913 1168 4969 zelatur
1200 4917 1295 4985 qui
1336 4918 1414 4973 ait
1443 4918 1491 4951 ⁸⁸
1536 4937 1551 4974 :
1608 4919 1721 4991 Ego
1759 4922 1899 4979 Deus
1952 4925 2166 4983 zelotes.

591 4996 659 5054 Et
680 5000 787 5055 isto
816 5015 996 5059 motus
1022 5006 1138 5060 zelo
1172 5021 1268 5062 eos
1295 5008 1390 5078 qui
1427 5024 1550 5066 sese
1579 5025 1678 5081 per
1720 5014 1986 5070 malitiam
2036 5017 2170 5073 aba-

590 5090 954 5157 lienaverunt,
1000 5096 1104 5151 sibi
1146 5096 1389 5166 asciscit,
1429 5099 1598 5170 inque
1631 5117 1788 5158 suam
1828 5119 1943 5159 rem
1975 5120 2041 5161 ac
2090 5106 2172 5162 di—

2270 4644 2380 4699 Καὶ
2408 4645 2535 4699 ἐπεὶ
2560 4644 2753 4699 πολλαὶ
2783 4644 2840 4697 αἱ
2860 4642 3128 4715 ἁμαρτίαι
3155 4641 3263 4694 εἰσὶ
3286 4638 3393 4692 τῶν
3415 4641 3471 4691 ὲν
3495 4636 3570 4706 τῷ
3603 4651 3867 4705 προειρη-

2274 4733 2421 4805 μένῳ
2460 4733 2595 4807 πρὸς
2639 4732 2840 4805 βορρᾶν
2865 4731 3077 4803 κόσμῳ,
3111 4729 3200 4783 διὰ
3242 4726 3401 4781 τοῦτο
3432 4723 3551 4777 ἐστὶ
3580 4721 3720 4792 πρὸς
3750 4723 3865 4785 τοῖς

2270 4825 2565 4898 προθύροις
2590 4823 2765 4897 πύλης
2796 4824 2897 4896 τῆς
2936 4822 3210 4920 προτέροες
3242 4820 3341 4921 es
3389 4813 3695 4921 βλέποέῖηῖ

2272 4914 2477 4989 βορρᾶν
2499 4916 2670 4988 στήλη
2699 4915 2800 4985 τῆς
2836 4914 3044 4977 εἰκόνος
3094 4910 3187 4964 τοῦ
3238 4907 3424 4981 ζήλου,
3451 4906 3509 4960 ὃν
3543 4904 3695 4974 ζηλοῖ
3722 4908 3751 4958 ὁ
3782 4904 3888 4970 λέ·Ϊ

2268 5024 2399 5076 γων·
2444 5006 2588 5077 Ἐγὼ
2618 5005 2764 5073 Θεὸς
2796 5003 3082 5074 ζηλωτής.
3111 5001 3221 5057 Καὶ
3244 5000 3334 5054 διὰ
3364 4998 3553 5052 τούτου
3592 5013 3657 5066 γε
3700 4994 3863 5067 ζήλου

2268 5101 2395 5165 τοὺς
2427 5100 2516 5154 διὰ
2567 5100 2668 5171 τὴν
2714 5099 2915 5153 κακίαν
2948 5094 3489 5167 ἀπαλλοτριωτάτους
3530 5090 3865 5145 ἰδιοποιεῖται

591 5183 793 5238 tionem
828 5186 1013 5243 trahit.
1036 5190 1191 5259 Apud
1216 5190 1465 5246 homines
1484 5193 1704 5263 quidem
1734 5210 1843 5250 non
1877 5197 1994 5267 ipse
2023 5200 2173 5255 zelus

2277 5189 2548 5262 κτώμενος
2594 5189 2809 5253 αὐτούς.
2864 5188 3024 5260 Παρά
3073 5186 3178 5259 μὲν
3222 5182 3318 5240 οὖν
3351 5182 3661 5289 ἀνθριίέτιρις
3698 5181 3796 5289 οὐχ
3835 5182 3865 5253 ό

588 5288 672 5334 est
701 5287 1044 5354 prototypus,
1081 5286 1173 5339 sed
1203 5284 1302 5339 zeli
1335 5286 1517 5357 imago
1549 5303 1672 5357 quae
1697 5303 1891 5357 pmnas
1922 5291 2083 5347 ellicit
2108 5309 2172 5349 ac

2277 5282 2624 5354 πρωτότυπός
2657 5283 2774 5334 ἐστι
2805 5279 2989 5351 ζῆλος,
3032 5278 3146 5333 ἀλλ’
3185 5278 3349 5333 εἰκὼν
3379 5277 3474 5331 τοῦ
3504 5274 3669 5348 ζήλου
3706 5275 3861 5345 ἐνερ-

593 5372 829 5438 quadam
864 5374 1079 5427 consilii
1122 5375 1337 5430 ratione
1379 5375 1678 5432 distribuit.
1720 5376 1778 5431 In
1812 5378 2032 5433 diabolo
2067 5395 2169 5435 au-

589 5473 698 5515 tem
729 5471 786 5517 et
837 5464 1047 5534 angelis
1074 5464 1196 5535 ejus
1228 5479 1336 5519 non
1366 5474 1452 5521 est
1498 5466 1678 5539 imago
1709 5469 1851 5537 .zeli,
1882 5468 1976 5523 sed
2022 5470 2168 5526 zelus

648 5570 723 5606 se.

648 5570 674 5605 ς
711 5591 723 5606 .

590 5567 645 5623 ῳ
674 5568 804 5700 :ide
832 5648 1140 5718 iniquitates
1167 5650 1425 5717 pessimos
1453 5666 1584 5721 quas
1618 5650 1710 5714 isti
1740 5651 1945 5722 faciunt
1975 5652 2041 5705 ⁸⁸.
2072 5650 2174 5706 Fa-

2267 5373 2436 5446 γοῦσα
2483 5374 2517 5445 ἦ
2555 5371 2911 5444 οἰκονομοῦσα
2957 5371 3059 5437 τὰς
3108 5373 3378 5435 κολάσεις.
3418 5371 3508 5425 Ἐν
3538 5369 3596 5423 δὲ
3626 5368 3706 5439 τῷ
3745 5366 3865 5419 δια·

2278 5466 2418 5538 δόλῳ
2438 5467 2532 5521 καὶ
2563 5468 2674 5531 τοῖς
2702 5465 2952 5535 ἀγγέλοις
2984 5465 3148 5520 αὐτοῦ
3173 5466 3274 5519 οὐκ
3306 5464 3463 5518 ἐστιν
3479 5460 3644 5516 εἰκὼν
3676 5457 3869 5529 ζήλους

2278 5558 2393 5612 ἀλλ’
2417 5558 2730 5631 αὐτόξηλος.
3279 5650 3289 5655 Α
3373 5648 3395 5655 Α
3508 5648 3521 5655 -
3607 5645 3619 5655 ι
3799 5639 3841 5655 υ

2359 5651 2474 5706 Ἴδε
2496 5650 2604 5718 τὰς
2647 5650 2898 5719 ἀνομίας
2934 5650 3043 5719 τὰς
3071 5650 3329 5720 πονηρὰς
3358 5648 3430 5715 ἂς
3455 5645 3624 5702 αὐτοὶ
3657 5645 3859 5699 ποιοῦ*

657 5760 708 5790 ⁷⁸
736 5758 1050 5836 [εει-ωιτν,
1089 5765 1143 5836 5.
1220 5766 1267 5797 ⁸⁹
1293 5765 1490 5823 Ezech.
1542 5784 1641 5836 vn,
1676 5768 1768 5824 26.
1846 5769 1888 5803 ⁸⁸
1945 5768 2080 5826 ibid.
2132 5754 2175 5824 Ξ

2305 5769 2350 5803 ⁸³
2402 5767 2539 5825 ibid.
2619 5768 2664 5801 ⁸³
2703 5766 2900 5824 Ezech.
2944 5783 3058 5834 vui,
3095 5766 3140 5824 ι.
3209 5766 3255 5801 ⁸⁸
3291 5764 3432 5822 ibid.
3479 5765 3531 5820 3.
3596 5761 3644 5796 ⁸⁸
3685 5759 3855 5818 Exod.

593 5843 684 5898 xx,
733 5831 787 5886 5.
860 5833 908 5866 ⁸⁸
943 5833 1142 5891 Ezech.
1178 5852 1294 5904 vm,
1339 5837 1391 5893 9.
