4128 6484
375 424 480 483 797
1584 437 1895 494 ΞΕμΕΟΤΑ
1935 440 1947 491 l

2049 434 2122 490 ΕΖ
2133 434 2493 492 ECillELEM.

3533 437 3642 493 798

375 560 463 600 σι.
513 543 767 598 Ποιοῦσιν
820 546 1013 600 εἴδωλα
1048 549 1094 600 οἱ
1154 547 1556 620 ἁμαρτάνοντες
1612 554 1947 626 πρεσϐύτερο

2074 551 2224 605 ciunt
2252 551 2394 605 idola
2424 562 2711 620 peccantes
2740 549 3008 615 seniores,
3054 551 3184 605 dum
3231 550 3376 605 intra
3414 566 3472 605 se
3510 567 3644 606 con-

374 633 524 690 ἔνδον
551 637 760 692 ἑαυτῶν
791 636 1291 703 κατασκευάζοντες
1331 641 1420 695 διὰ
1461 643 1561 712 μὲν
1600 645 1692 698 τοῦ
1726 646 1828 716 τῆς
1864 642 1965 699 κα-

375 726 502 790 κίας
539 726 619 780 ἰοῦ
651 731 831 782 πᾶσαν
866 733 1123 802 ὁμοίωσιν
1149 735 1400 807 ἑρπετοῦ,
1430 735 1518 788 διὰ
1555 734 1612 787 δὲ
1646 737 1744 805 τῆς
1769 737 1966 790 άκολὸι⁴

378 836 506 872 στου
554 820 852 891 ἐπιθυμίας
891 827 1072 879 πᾶσαν
1117 827 1374 898 ὁμοίωσιν
1410 828 1657 897 κτήνους.
1690 829 1754 880 Εἰ
1784 829 1841 881 δὲ
1872 831 1964 882 καὶ

374 910 820 984 ψευδοδοξήσαιεν
855 917 982 987 περὶ
1018 918 1127 971 τῶν
1157 919 1336 982 θείων,
1376 917 1579 989 μάταια
1622 918 1964 989 βδελύγματα

375 1006 862 1071 κατασκευάζουσι·
893 1012 1002 1064 πᾶν
1038 1011 1147 1084 γὰρ
1181 1013 1238 1066 τὸ
1263 1011 1522 1083 περὶτῶν
1558 1011 1717 1064 θείων
1746 1011 1960 1081 ψεῦδος,

375 1095 472 1148 ἆτε
518 1097 711 1161 ἀσεϐὲς
756 1100 1042 1171 τυγχάνον,
1095 1103 1188 1156 καὶ
1237 1103 1464 1174 μάταιόν
1502 1104 1620 1155 ἐστι
1665 1101 1958 1172 βδέλυγμα.

375 1185 498 1238 Εἰσὶ
529 1186 587 1240 δέ
629 1206 793 1254 τινες,
827 1193 976 1256 τοὺς,
1012 1192 1079 1244 ἵν’
1110 1191 1280 1256 οὕτως
1314 1192 1474 1257 εἴπω,
1508 1192 1723 1262 τοίχους
1755 1192 1849 1244 τοῦ
1885 1192 1963 1245 οῖ-

374 1294 468 1330 κου
500 1279 598 1350 τῆς
622 1278 801 1352 ψυχῆς
834 1283 988 1348 ὅλους
1022 1285 1530 1356 διαγεγραμμένους
1567 1285 1782 1354 ἔχοντες
1812 1285 1961 1358 πάσῃ

373 1370 627 1441 ὁμοιώσει
664 1374 896 1446 ἑρπετοῦ
938 1376 1032 1429 καὶ
1059 1381 1306 1448 κτήνους,
1343 1379 1434 1432 καὶ
1482 1377 1729 1449 ματαίοις
1778 1375 1961 1446 βδελύ-

373 1475 571 1532 γμασι,
606 1464 700 1517 καὶ
730 1465 939 1530 τούτοις
967 1468 1327 1532 δουλεύοντες.
1353 1469 1446 1522 καὶ
1468 1468 1542 1532 ὡς
1576 1468 1716 1532 θεοῖς
1740 1467 1958 1532 θύοντες

373 1554 466 1607 καὶ
518 1553 850 1625 θυμιῶντες,
901 1558 1042 1612 ὥστε
1085 1559 1182 1632 τὴν
1225 1561 1424 1631 ἀτμίδα
1470 1559 1562 1612 τοῦ
1615 1559 1959 1630 θυμιάματος

371 1643 698 1712 ἀναϐαίνειν,
722 1648 970 1702 τουτέστι
1006 1651 1070 1703 τὸ
1113 1651 1244 1723 περὶ
1273 1650 1451 1705 αὐτῶν
1484 1649 1670 1720 θαῦμα
1717 1650 1956 1723 ὑψούμε-

370 1751 461 1789 νον
521 1736 616 1790 καὶ
668 1739 1023 1809 ἐπαιρόμενον
1087 1742 1180 1794 ὑπ’
1225 1740 1426 1794 αὐτῶν.
1492 1741 1856 1810 Ἐγγράφουσι
1900 1743 1958 1797 δὲ

370 1827 543 1882 ταῦτα
595 1831 713 1892 ταῖς
770 1830 1030 1894 διανοίαις
1075 1830 1254 1884 αὐτῶν
1295 1829 1498 1901 κύκλῳ,
1551 1831 1756 1902 μηδένα
1802 1835 1956 1887 κενὸν

371 1919 790 1984 καταλείποντες
820 1922 1006 1976 κακῶν
1037 1923 1094 1975 ὲν
1127 1918 1312 1986 αὐτοῖς
1334 1922 1521 1987 τόπον,
1546 1923 1621 1986 ὡς
1641 1923 1706 1976 δι’
1736 1924 1854 1978 ὅλον
1875 1922 1954 1979 εἷ-

369 2025 456 2061 ναι
489 2009 872 2078 γεγραμμένον
903 2014 1014 2076 τοῖς
1045 2015 1257 2077 κακοῖς,
1288 2013 1383 2067 καὶ
1413 2012 1504 2067 τὸν
1533 2015 1674 2086 ἱερὸν
1696 2015 1786 2070 τὸν
1810 2017 1957 2070 ἑϐδο-

373 2097 538 2166 μάδος
578 2097 777 2152 κύκλον
816 2102 1257 2180 μετατεθεικέναι
1279 2104 1386 2158 ἀπὸ
1417 2105 1526 2160 τῶν
1565 2108 1735 2177 ἁγίων
1765 2111 1857 2164 ἐπὶ
1886 2111 1956 2166 τὰ

369 2186 584 2254 εἴδωλα,
615 2188 754 2242 ὥστε
783 2193 874 2246 καὶ
903 2193 1002 2264 τὴν
1034 2195 1194 2248 οἱονεὶ
1226 2195 1552 2269 βεϐαιότητα
1589 2200 1648 2254 ὲν
1689 2204 1802 2264 τοῖς
1841 2203 1955 2272 χεί-

373 2292 519 2348 ροσιν
551 2281 747 2344 αὐτοὺς
788 2284 1097 2340 ἀναλαϐεῖν.
1135 2289 1386 2343 Τοιοῦτον
1417 2291 1527 2362 γάρ
1566 2293 1681 2346 ἐστι
1721 2294 1801 2361 τὸ,
1845 2295 1951 2349 Καὶ

364 2365 770 2436 ἐϐδομήκοντα
807 2373 1022 2444 ἄνδρες
1062 2377 1132 2432 ἐκ
1170 2378 1290 2434 τῶν
1332 2383 1748 2452 πρεσϐυτέρων
1783 2386 1952 2441 οἴκου

375 2455 632 2548 Ἰσραήλ.
667 2463 793 2517 Ὀτε
827 2465 884 2518 δὲ
917 2469 948 2538 ἡ
976 2467 1184 2523 διάνοια
1209 2470 1303 2524 τοῦ
1329 2474 1609 2544 προφήτου
1647 2477 1749 2548 ὁρᾷ
1789 2478 1857 2531 τὰ
1893 2480 1951 2531 ὲν

362 2545 438 2618 τῷ
470 2549 602 2622 οἴκῳ
629 2553 727 2624 τῆς
771 2556 1001 2612 ἑκάστου
1029 2559 1138 2613 τῶν
1171 2560 1588 2633 ἁμαρτανόντων
1616 2545 1812 2639 ψυχῆς,
1841 2573 1951 2623 εισ-

363 2640 608 2732 αγομένη
647 2643 760 2732 ,ὑπὸ
813 2645 906 2700 τοῦ
946 2649 1278 2721 πνεύματος,
1325 2653 1419 2706 ἐπὶ
1456 2655 1524 2709 τὰ
1564 2658 1810 2730 πρόθυρα
1851 2662 1950 2732 τῆς

361 2728 532 2823 αὐλῆς
565 2731 772 2802 βλέπει,
809 2737 904 2788 καὶ
931 2735 1046 2790 ἐστι
1081 2755 1146 2806 γε
1189 2740 1293 2810 ὀπή
1329 2758 1412 2804 τις
1452 2743 1545 2796 καὶ¹
1580 2728 1826 2816 ἴχνος-ἐν
1871 2728 1950 2823 τῶ

359 2819 640 2913 λεγομένῳ
665 2825 851 2896 τοίχῳ,
882 2828 948 2882 δι’
979 2824 1048 2901 ἦς
1083 2832 1175 2885 ἐπὶ
1209 2833 1392 2888 πλεῖον
1417 2835 1810 2913 ἐξεταζομένης
1854 2819 1950 2898 καλ.

359 2909 438 2981 τῷ
465 2913 756 3002 ἐρευνῶντι
787 2915 930 2987 λόγῳ
953 2915 1396 2994 ὲξορυττομένης,
1434 2923 1533 2979 ὅλα
1571 2909 1791 2984 δύναται
1830 2915 1949 3002 βλέζ

361 3017 484 3054 πειν
508 3003 537 3054 ὀ
570 3001 675 3093 ὑπὸ
710 3003 805 3057 τοῦ
844 3004 986 3061 θείου
1003 3009 1320 3081 Πνεύματος
1354 3020 1784 3089 πεφωτισμένος,
1823 3001 1946 3093 βλέ-

361 3106 481 3144 πων
515 3090 655 3161 μετὰ
681 3093 781 3164 τὴν
800 3095 938 3168 ὀπὴν
965 3099 1059 3154 καὶ
1088 3100 1274 3172 θύραν,
1311 3105 1378 3158 δι’
1412 3101 1480 3179 ἧς
1507 3107 1621 3164 ἔστι
1649 3111 1740 3165 τὸν
1784 3090 1946 3171 αύτὸν

2070 652 2291 697 struunt
2339 658 2436 712 per
2483 642 2704 697 malitiae
2759 643 2977 712 quidem
3025 642 3176 696 virus
3229 642 3644 696 similitudinem

2066 737 2353 804 serpentis,
2381 750 2478 804 per
2502 736 2948 805 intemperantem
2979 749 3108 788 vero
3142 734 3640 802 concupiscentiam

2065 841 2282 880 omnem
2321 826 2732 880 similitudinem
2774 826 3006 894 pecoris.
3040 825 3136 880 Sin
3179 833 3361 882 autem
3388 825 3551 878 etiam
3574 825 3643 878 de

2063 917 2264 972 divinis
2327 917 2460 972 falsa
2523 917 2842 983 docuerint,
2915 916 3352 970 abominationes
3408 913 3636 969 faciunt.

2065 1010 2235 1065 Omne
2256 1010 2401 1064 enim
2431 1010 2497 1064 de
2535 1009 2734 1064 divinis
2756 1008 3124 1072 mendacium,
3154 1017 3340 1077 utpote
3381 1007 3637 1075 impium,

2060 1116 2201 1155 vana
2224 1101 2387 1156 etiam
2419 1108 2504 1155 est
2550 1099 2899 1154 abominatio.
2952 1098 3092 1154 Sunt
3137 1111 3318 1152 autem
3365 1097 3636 1162 nonnulli,

2061 1192 2154 1261 qui
2183 1199 2327 1246 totos
2353 1191 2549 1246 domus
2578 1191 2773 1246 anima:
2796 1191 3030 1259 parietes
3061 1190 3261 1244 habent
3288 1189 3461 1258 pictos
3485 1188 3634 1242 omni

2060 1282 2420 1337 similitudine
2450 1283 2660 1351 reptilis
2685 1291 2740 1338 et
2767 1283 3004 1352 pecoris,
3039 1281 3306 1351 vanisque
3347 1281 3635 1334 abomina-

2061 1374 2326 1439 tionibus,
2360 1375 2563 1444 quique
2604 1375 2711 1430 illis
2739 1375 3004 1438 serviunt,
3027 1388 3092 1428 ac
3119 1374 3266 1427 velut
3293 1372 3396 1427 diis
3429 1372 3636 1425 hostias

2059 1475 2223 1535 atque
2257 1465 2482 1520 incensa
2507 1465 2615 1520 illis
2642 1463 2899 1529 offerunt,
2943 1465 3080 1518 adeo
3114 1472 3173 1518 ut
3207 1478 3377 1533 vapor
3427 1461 3635 1516 incensi

2061 1554 2344 1619 ascendat,
2369 1555 2474 1609 hoc
2503 1561 2607 1620 est,
2637 1569 2699 1607 ea
2725 1570 2833 1622 qua
2868 1555 2968 1608 ista
3001 1553 3315 1624 depereunt,
3347 1551 3634 1606 admiratio

2059 1649 2303 1717 ipsorum
2334 1646 2528 1701 studiis
2559 1645 2769 1700 sublata
2794 1655 2954 1714 atque
2984 1646 3144 1700 elata.
3179 1646 3480 1715 Depingunt
3506 1659 3634 1698 vero

2056 1740 2173 1796 haec
2199 1738 2254 1793 in
2287 1737 2486 1792 animis
2512 1736 2630 1792 suis
2668 1737 2722 1791 in
2758 1737 3013 1802 circuitu,
3048 1737 3257 1790 nullum
3287 1737 3340 1790 in
3370 1737 3437 1791 iis
3460 1737 3634 1790 malo-

2057 1847 2179 1884 rum
2208 1845 2442 1886 vacuum
2468 1829 2835 1898 relinquentes
2873 1829 3077 1890 locum,
3117 1835 3178 1880 ut
3202 1826 3443 1896 undique
3473 1827 3632 1880 malis

2057 1922 2254 1992 depicti
2276 1923 2405 1987 sint,
2436 1929 2492 1976 et
2518 1936 2735 1976 sacrum
2764 1918 3118 1974 hebdomadas
3147 1918 3412 1973 circulum
3443 1934 3472 1972 a
3505 1933 3632 1972 san-

2057 2014 2158 2069 ctis
2185 2013 2252 2068 ad
2284 2012 2429 2068 idola
2467 2012 2869 2076 transtulerint,
2908 2009 3051 2064 velut
3082 2009 3377 2062 ﬁrmiorem
3402 2008 3455 2062 in
3485 2007 3632 2061 vitiis

2057 2105 2299 2159 habitum
2331 2103 2496 2158 nacti.
2525 2101 2808 2173 Ejusmodi
2845 2101 2992 2156 enim
3028 2107 3112 2156 est
3160 2099 3297 2154 illud
3326 2101 3370 2132 ⁸⁷
3405 2118 3417 2153 :
3447 2098 3516 2152 Et
3550 2115 3632 2152 se-

2054 2196 2333 2266 ptuaginta
2366 2196 2465 2250 viri
2498 2210 2562 2249 ea:
2586 2193 2879 2248 senioribus
2908 2193 3094 2248 domus
3124 2191 3316 2246 Israel.
3355 2192 3491 2247 Cum
3525 2205 3627 2245 au-

2055 2297 2160 2342 tem
2193 2287 2470 2358 prophetae
2517 2301 2670 2342 mens
2710 2301 2774 2341 ea
2813 2286 2960 2341 videt
3017 2300 3140 2356 quae
3179 2285 3233 2340 in
3287 2284 3626 2355 singulorum

2052 2379 2147 2449 qui
2187 2386 2417 2449 peccant
2459 2379 2657 2433 animae
2705 2377 2869 2433 domo
2915 2375 3071 2442 ﬁunt,
3096 2375 3472 2431 introdueente
3514 2373 3628 2443 spi-

2052 2471 2184 2535 ritu,
2217 2470 2270 2526 in
2313 2471 2454 2526 aula:
2486 2468 2815 2525 vestibulum
2858 2469 3103 2538 respicit,
3143 2476 3333 2537 estque
3382 2467 3437 2520 in
3479 2467 3627 2520 dicto

2052 2579 2211 2618 muro
2241 2563 2488 2618 foramen
2521 2563 2793 2633 quoddam
2826 2571 2882 2617 et
2907 2559 3218 2630 vestigium,
3254 2559 3412 2628 cujus
3444 2566 3625 2612 meatu

2053 2655 2366 2727 diligentius
2390 2654 2760 2725 pervestigato
2789 2662 2951 2722 atque
2974 2668 3002 2705 ιι
3037 2651 3206 2705 verbo
3239 2657 3518 2705 scrutante
3548 2645 3629 2702 ei-

2051 2747 2226 2812 t‘osso,
2257 2755 2459 2804 cuncta
2494 2755 2643 2802 retro
2677 2744 2922 2800 foramen
2960 2751 3284 2812 portamque
3323 2739 3499 2808 posita
3547 2735 3627 2790 vi-

2048 2839 2179 2895 dere
2228 2846 2408 2908 potest
2448 2837 2542 2908 qui
2589 2853 2621 2891 a
2665 2836 2851 2892 divino
2899 2834 3106 2904 Spiritu
3155 2830 3516 2895 illuminatur,
3558 2843 3625 2883 ac

2049 2931 2197 3002 quod
2234 2945 2415 2987 mente
2451 2938 2776 2999 conceptum
2831 2936 2934 2994 est,
2969 2924 3172 2996 eloqui.
3219 2922 3297 2977 De
3330 2923 3434 2977 hac
3466 2931 3624 2992 porta

2049 3035 2310 3095 tanquam
2360 3024 2416 3078 in
2469 3034 2804 3091 unoquoque
2863 3025 3111 3072 nostrum
3169 3013 3496 3078 exsistente,
3549 3010 3626 3064 ait

2047 3119 2213 3173 etiam
2239 3116 2490 3171 Salvator
2517 3115 2572 3169 in
2590 3110 2918 3183 Apocalypsi
2939 3109 3020 3163 εει
3053 3106 3184 3161 Ecce
3200 3116 3279 3160 sto
3306 3105 3374 3158 ad
3403 3104 3620 3170 ostium,

361 3181 458 3285 καὶ
495 3181 781 3289 διεξελθεῖν
814 3187 879 3289 τοι
912 3192 1250 3289 νενοημένον.
1290 3197 1428 3267 Φησὶ
1473 3199 1532 3252 δὲ
1574 3204 1702 3274 περὶ
1741 3207 1946 3280 ταύτης

2049 3220 2097 3265 et
2119 3209 2272 3280 pulso
2300 3222 2320 3261 :
2351 3209 2398 3262 si
2429 3208 2545 3278 quis
2583 3181 2714 3259 mihi
2757 3181 2920 3276 5,23
2963 3201 3261 3272 aperuerit,
3295 3196 3522 3252 introibo
3543 3208 3621 3249 ἀα

358 3273 458 3344 τῆς
503 3273 673 3346 θύρας
720 3278 780 3330 ὲν
817 3282 880 3350 τῇ
927 3279 1172 3337 Ἰωάννου
1223 3288 1585 3362 Ἀποκαλύψει
1720 3297 1778 3350 ὲν
1813 3273 1944 3355 ἑκά-ξ

2051 3317 2190 3366 eum,
2215 3307 2265 3362 et
2293 3297 2504 3353 cmnabo
2530 3313 2648 3350 cum
2671 3294 2784 3350 illo.

358 3385 468 3470 εἶτ(δῖ
507 3373 881 3470 τυγχανούῗης
924 3379 1016 3432 καὶ
1055 3379 1084 3431 δ
1121 3382 1329 3456 Σωτήρ
1383 3386 1530 3442 Ἰδοὺ
1578 3389 1812 3463 ἕστηκα
1852 3398 1952 3453 ἐπὶ
1990 3399 2105 3470 τὴν
2135 3397 2343 3467 θύραν,
2388 3393 2488 3450 καὶ
2533 3391 2746 3462 κρούω·
2791 3387 2901 3444 ἐάν
2931 3405 3022 3456 τις
3051 3386 3264 3458 ἀνοίγῃ
3303 3401 3424 3459 μοι,
3461 3385 3620 3438 εἰσε-

353 3462 647 3532 λεύσομαι
679 3468 830 3534 πρὸς
851 3471 1056 3539 αὑτὸν,
1090 3475 1190 3529 καὶ
1215 3476 1521 3548 δειπνήσω
1540 3486 1669 3554 μετ’
1697 3462 1904 3546 αὑτοῦ.

423 3555 580 3610 Διότι
627 3554 821 3613 εἷπον·
889 3562 1426 3634 Ἐγκαταλέλοιπεν
1466 3577 1500 3629 d
1541 3579 1779 3646 Κύριος.
1828 3584 1942 3638 Οὐκ

351 3639 422 3717 ἦν
448 3647 576 3718 περί
599 3665 721 3729 τινα
754 3649 849 3704 ἕνα
881 3654 1012 3706 ποτὲ
1043 3657 1546 3733 ὲναποτεταγμένον
1577 3639 1766 3734 τόπον,
1802 3671 1942 3728 ἀλλὰ

353 3737 485 3808 περὶ
515 3737 605 3793 τὸν
651 3742 888 3796 ἑκάστου
923 3748 1157 3802 κοιτῶνα
1202 3751 1271 3803 τὰ
1315 3753 1636 3826 ἑωραμένα·
1681 3761 1778 3815 καὶ
1820 3779 1938 3816 κοι-

351 3827 500 3884 τῶνά
526 3847 590 3900 γε
617 3831 708 3886 τὸν
729 3835 990 3905 κρυπτὸν,
1023 3836 1178 3903 ἔθους
1198 3840 1350 3905 δντος
1382 3847 1448 3915 τῇ
1479 3845 1670 3921 Γραφῇ
1700 3851 1770 3906 τὰ
1795 3853 1939 3908 κατὰ

353 3921 416 3974 τὸ
446 3923 770 3994 ἡγεμονικὸν
804 3927 898 3979 καὶ
929 3930 1202 3996 κρυπτὸν
1241 3933 1450 4002 καλεῖν,
1494 3936 1607 3991 ἐσθ’
1639 3942 1730 3994 ὅτε
1757 3943 1814 3996 δὲ
1847 3945 1942 3998 καὶ

351 4015 634 4084 ταμιεῖον.
671 4015 920 4071 Τοιοῦτον
952 4019 1060 4090 γάρ
1093 4022 1208 4075 ἐστι
1239 4023 1321 4088 τὸ,
1342 4026 1599 4084 Εῖσελθε
1627 4032 1716 4098 εὶς
1746 4033 1811 4087 τὸ
1837 4052 1939 4088 τα-

345 4105 542 4175 μιεῖόν
589 4121 706 4162 σου
725 4124 738 4140 ·
795 4109 890 4162 καὶ
932 4110 1013 4162 τό·
1074 4112 1138 4164 '0
1170 4112 1425 4178 ,βλέπων
1469 4118 1540 4171 ἐν
1589 4120 1670 4186 τῷ
1701 4123 1942 4190 κρυπτῷ

350 4196 651 4252 ἀποδώσει
683 4215 802 4256 σοι.
839 4201 914 4255 Οὐ
952 4203 1169 4275 μακρὰν
1199 4205 1257 4259 δὲ
1286 4207 1490 4265 τούτων
1522 4212 1640 4266 ἐστὶ
1673 4215 1768 4269 καὶ
1797 4217 1825 4270 ό
1855 4217 1942 4270 λε-

348 4290 580 4362 γόμενος
607 4292 870 4361 κρυπτὸς
906 4293 1019 4363 τῆς
1046 4296 1298 4366 καρδίας
1323 4300 1656 4374 ἅνθρωπος.
1693 4308 1942 4364 Πιθανὼ-

347 4397 509 4454 τερον
555 4381 613 4435 δέ
653 4384 768 4436 ἐστι
820 4385 913 4438 καὶ
959 4384 1089 4457 περὶ
1134 4387 1326 4442 τούτου
1374 4392 1468 4446 τοῦ
1521 4397 1765 4467 κρυπτοῦ
1813 4403 1940 4464 τοὺς

349 4474 768 4547 ἁμαρτάνοντας
799 4476 1066 4543 ὑπονοεῖν,
1085 4478 1162 4543 ὡς
1195 4479 1350 4548 ὀρῶν
1378 4486 1493 4555 οὐχ
1522 4485 1632 4556 ὁρᾷ
1661 4490 1886 4558 αὐτοὺς
1906 4495 1939 4547 d

349 4568 585 4635 Κύριος.
625 4568 861 4622 Δύναται
890 4569 948 4624 δὲ
977 4570 1058 4634 τὸ,
1105 4571 1642 4641 Ἕγκαταλέλοιπεν
1665 4583 1698 4634 ό
1724 4583 1940 4650 Κύριος

348 4656 467 4726 τὴν
507 4657 646 4728 γῆν,
680 4659 934 4729 λέγεσθαι
987 4661 1094 4715 ὑπὸ
1132 4661 1243 4718 τῶν
1276 4667 1606 4738 νομιζόντων
1646 4670 1743 4743 τὴν
1787 4671 1936 4727 θείαν

350 4749 610 4820 πρόνοιαν
644 4751 718 4823 μὴ
746 4753 953 4825 διήκειν
979 4755 1073 4808 καὶ
1105 4756 1198 4810 ἐπὶ
1220 4757 1319 4828 τὴν
1342 4760 1446 4830 γῆν
1472 4765 1568 4819 καὶ
1595 4765 1663 4819 τὰ
1687 4769 1746 4820 ὲν
1767 4769 1928 4839 αὐτῇ.

346 4840 474 4894 Εἰσὶ
524 4842 636 4914 γὰρ
679 4845 730 4897 οἳ
773 4845 880 4898 ἀπὸ
910 4845 1019 4900 τῶν
1063 4847 1329 4918 οὐρανίων
1379 4855 1475 4907 καὶ
1526 4856 1781 4928 αἰθερίων
1829 4861 1930 4915 οὐκ
1965 4848 2006 4901 ί)

349 4932 570 5000 ἀφεῖλον
598 4934 696 5007 τὴν
730 4937 992 5007 Πρόνοιαν
1025 4937 1436 5012 δυσωπηθέντες
1468 4945 1566 5018 τὴν
1600 4950 1659 5003 ὲν
1704 4952 1932 5017 ἐκείνοις

345 5024 522 5118 τάξιν·
559 5027 667 5080 ἀπὸ
686 5027 743 5081 δὲ
773 5028 874 5099 τῆς
893 5032 994 5101 γῆς
1013 5032 1281 5102 περιεῖλον
1293 5034 1464 5107 αὐτὴν
1493 5039 1586 5092 καὶ
1607 5039 1730 5113 [τὴν
1757 5042 1930 5118 θείαν]

343 5115 595 5219 δύ-ναμιν,
629 5119 879 5188 λέγοντες
913 5123 992 5189 τὸ,
1037 5125 1533 5195 Ἐγκαταλέλοιπε
1571 5135 1786 5204 Κύριος
1814 5115 1929 5206 τὴν

345 5227 487 5278 την.

421 5303 758 5370 Θρηνοῦσαι
775 5305 842 5359 τό
866 5305 1153 5376 Θαμμούζζ
1171 5308 1276 5362 Τὸν
1288 5309 1578 5383 λεγόμενον
1593 5335 1669 5372 πα
1679 5320 1723 5390 ρ’
1746 5320 1934 5393 Ἕλλη·

347 5409 436 5483 σιν
458 5395 710 5461 Ἀδωνιν,
739 5397 1004 5469 Θαμμούζ
1027 5417 1158 5469 φασι
1189 5401 1470 5458 καλεῖσθαι
1493 5411 1622 5480 παρ’
1657 5410 1926 5483 Ἑϐραίοις

344 5481 443 5534 καὶ
476 5483 685 5555 Σύροις.
748 5487 837 5550 Ὠς
868 5483 961 5544 οὖν
1000 5489 1093 5542 ἐπὶ
1135 5493 1201 5562 τῇ
1236 5491 1398 5558 λέξει,
1434 5496 1686 5568 ἑωρῶντο
1731 5481 1789 5555 αἱ
1822 5520 1923 5572 γυο

348 5577 530 5640 ναῖκες
576 5579 669 5631 ἐπὶ
717 5578 785 5635 τὰ
841 5580 1088 5652 πρόθυρα
1142 5583 1240 5655 τῆς
1294 5585 1470 5659 πύλης
1523 5589 1671 5644 οἴκου
1722 5594 1929 5666 Κυρίου

347 5665 653 5740 βλεπούσης
685 5669 822 5742 πρὸς
850 5669 1050 5744 βορρᾶν
1079 5673 1386 5747 καθήμεναι
1417 5679 1512 5736 καὶ
1543 5683 1684 5738 κατά
1709 5700 1761 5738 τι
1787 5665 1928 5738 ἐθνι-

414 5774 458 5854 ξ]
493 5776 695 5854 Ezech.
727 5780 958 5854 vut,_H.
988 5851 996 5854 _
1041 5780 1108 5854 ξε
1129 5784 1293 5854 Apoc.
1330 5802 1404 5847 Ill.
1436 5787 1525 5841 20·

336 5841 610 5904 "Ezech.
647 5864 764 5912 vm.
800 5849 880 5909 ιι».
960 5851 1005 5886 ο·
1038 5841 1191 5914 ista.‘
1244 5841 1449 5917 "ibid.
1494 5860 1572 5922 ιι.

1626 5790 1669 5820 ⁸⁵³
1706 5789 1902 5844 Ειοξριι.
1938 5804 2053 5854 νιιι,
2089 5791 2170 5844 12.
2259 5787 2307 5818 ⁹⁰
2355 5787 2541 5845 Matth.
2577 5806 2648 5858 Vl,
2678 5791 2731 5846 6.

2117 3584 2258 3649 Quia
2285 3582 2558 3644 dixerunt,
2587 3576 2866 3647 dereliquit
2892 3573 3145 3628 Dominus
3168 3573 3236 3627 ⁸³³.
3277 3570 3352 3626 Ea
3381 3586 3503 3642 qua}
3520 3571 3622 3626 oh-

2037 3675 2183 3745 jecta
2214 3672 2390 3728 oculis
2417 3678 2577 3733 sunt,
2610 3682 2718 3722 non
2754 3667 2808 3720 in
2839 3673 2988 3720 certo
3021 3663 3260 3734 quodam
3287 3661 3409 3716 loco
3437 3670 3616 3725 erant,

2041 3763 2138 3820 sed
2170 3763 2224 3817 in
2255 3761 2688 3830 uniuscujusque
2733 3756 3024 3822 cubiculo,
3071 3754 3317 3822 adeoque
3365 3751 3620 3806 cubiculo

2042 3853 2364 3910 abscondito
2415 3867 2480 3907 ac
2528 3849 2822 3906 secretiore
2870 3866 2886 3903 :
2933 3847 3133 3917 quippe
3168 3860 3293 3900 cum
3331 3844 3503 3898 moris
3547 3842 3614 3898 sit

2044 3947 2440 4019 Scripturaut
2465 3959 2588 4014 quae
2613 3943 2678 3997 ad
2715 3941 3016 4012 principem
3049 3939 3218 3994 animi
3249 3947 3457 4008 partem
3486 3935 3616 3990 stti-

2041 4044 2211 4105 nent,
2260 4035 2426 4091 etiam
2485 4032 2857 4086 absconditum
2903 4038 3080 4095 vocet,
3133 4025 3406 4081 interdum
3449 4026 3616 4080 etiam

2040 4129 2306 4184 conclave.
2352 4125 2635 4196 Ejusmodi
2666 4123 2813 4179 enim
2845 4131 2929 4176 est
2961 4121 3096 4176 illud
3121 4121 3190 4174 ὀι
3226 4117 3382 4173 Intra
3402 4119 3456 4172 in
3485 4133 3614 4172 con-

2040 4221 2186 4275 clave
2204 4229 2384 4284 tuum;
2404 4227 2460 4273 et
2484 4217 2616 4272 illud
2630 4217 2698 4269 "z
2720 4213 2825 4280 Qui
2850 4214 2987 4268 videt
3012 4213 3068 4266 in
3089 4210 3416 4276 abscondito,
3434 4208 3616 4262 reddet

2042 4314 2160 4369 tibi.
2216 4311 2326 4368 Nec
2353 4311 2512 4381 longe
2539 4309 2609 4363 ab
2632 4307 2755 4363 istis
2791 4313 2878 4361 est
2911 4303 3007 4375 qui
3049 4302 3246 4358 dicitur
3274 4301 3614 4355 absconditus

2040 4406 2216 4460 cordis
2260 4405 2415 4458 homo
2438 4404 2507 4456 ⁸³.
2565 4397 2930 4454 Verisimilius
2977 4404 3157 4450 autem
3202 4402 3286 4449 est
3328 4401 3613 4462 peccantes

2038 4497 2201 4552 etiam
2229 4496 2297 4550 de
2335 4494 2440 4548 hoc
2472 4491 2790 4548 abscondito
2829 4486 3396 4560 suspicari,quoniam
3435 4484 3612 4538 videns

2040 4603 2145 4642 non
2193 4586 2334 4640 uidet
2376 4598 2463 4638 eos
2511 4581 2770 4634 Dominus
2797 4579 2865 4631 ³³.
2914 4576 3052 4631 lllud
3075 4586 3254 4630 autem
3283 4575 3373 4629 “:
3411 4574 3614 4628 Dereli-

2039 4679 2152 4751 quit
2197 4676 2456 4730 Dominus
2484 4683 2709 4737 terram,
2741 4677 2921 4740 potest
2963 4667 3070 4724 dici
3101 4668 3171 4722 ab
3206 4667 3273 4723 iis
3301 4666 3395 4736 qui
3423 4674 3614 4736 putant
3660 4683 3664 4686 ·

2039 4769 2280 4826 divinam
2324 4763 2722 4837 providentiam
2760 4777 2869 4816 non
2911 4761 3078 4816 etiam
3114 4760 3180 4814 ad
3228 4769 3428 4813 terram
3454 4765 3508 4813 et
3539 4757 3611 4812 ad

2036 4876 2101 4916 ea
2130 4875 2254 4931 qua:
2300 4859 2356 4913 in
2390 4857 2480 4912 illa
2519 4863 2686 4919 sunt,
2721 4853 3045 4924 pertingere.
3107 4853 3247 4905 Sunt
3276 4849 3421 4905 enim
3451 4847 3544 4918 qui
3575 4862 3611 4904 a

2038 4950 2353 5007 coelestibus
2397 4956 2452 5003 et
2499 4946 2749 5002 aethereis
2793 4943 3195 4998 Providentiam
3229 4957 3338 4996 non
3371 4939 3610 4996 abstule-

2039 5051 2168 5098 runt
2197 5043 2269 5098 ob
2297 5041 2542 5097 ordinem
2589 5039 2644 5093 in
2692 5037 2800 5092 illis
2827 5037 3127 5091 elucentem
3156 5034 3211 5088 in
3236 5049 3354 5088 eam
3390 5030 3612 5088 abducti

2040 5135 2398 5200 sententiam;
2429 5147 2460 5188 e
2485 5140 2628 5186 terra
2655 5144 2782 5185 vero
2811 5143 2931 5184 eam
2956 5127 3163 5196 Deique
3193 5126 3488 5195 potentiam
3521 5125 3613 5178 ab-

2039 5227 2331 5291 stulerunt,
2361 5224 2602 5279 dicentes
2631 5240 2644 5276 :
2682 5219 2971 5289 Dereliquit
2995 5217 3252 5271 Dominus
3283 5229 3501 5270 terram.

2108 5317 2365 5388 Lugentes
2394 5314 2685 5370 Thammuz
2711 5314 2780 5368 ³⁵.
2825 5313 2996 5378 Quem
3037 5309 3207 5364 Graeci
3235 5309 3467 5362 Adonim
3516 5319 3611 5360 vo-

2033 5416 2195 5476 cant,
2229 5405 2531 5460 Thammuz
2562 5405 2717 5458 aiunt
2756 5401 2938 5457 vocari
2971 5399 3113 5469 apud
3144 5397 3397 5453 Hebraeos
3427 5406 3482 5451 et
3507 5395 3610 5466 Sy-

2034 5517 2148 5556 ros.
2215 5500 2489 5568 Quantum
2532 5498 2697 5568 igitur
2745 5497 2810 5550 ad
2839 5495 3072 5548 litteram
3103 5493 3314 5556 attinet,
3352 5490 3609 5545 mulieres

2039 5593 2094 5647 in
2120 5593 2259 5648 atrio
2291 5599 2466 5662 portae
2490 5591 2686 5644 domus
2716 5587 2931 5642 Domini
2966 5601 3086 5656 quae
3107 5582 3330 5652 respicit
3351 5582 3418 5636 ad
3447 5580 3608 5650 aqui-

2037 5684 2215 5740 lonem
2271 5683 2634 5739 cernebantur
2679 5679 2930 5744 sedentes
2975 5693 3041 5732 ac
3084 5674 3312 5748 profano
3366 5674 3603 5747 quodam

2837 5793 2878 5825 ⁹¹
2907 5791 3036 5849 ibid.
3139 5795 3184 5825 θ’
3221 5793 3239 5848 l
3269 5793 3410 5849 Petr.
3443 5813 3521 5863 In,
3557 5797 3606 5851 4.
