4128 6442
540 381 649 439 799

1968 385 2058 442 EX
2101 382 2403 441 ORIGENE

3719 380 3832 436 800

538 501 827 572 gentilium
850 518 1005 560 more
1029 503 1273 575 lugentes
1296 503 1624 562 Tliammuz.
1688 503 1953 561 Videntur
1982 503 2109 560 eiiin

2235 500 2332 554 κὸν
2364 498 2487 563 ἔθος
2534 497 2644 553 τῶν
2684 498 2790 565 ἔξω
2829 498 2927 571 τῆς
2961 495 3271 562 θεοσεϐείας
3303 496 3486 568 θυρῶν
3529 495 3831 569 θρηνοῦσαι

538 608 755 652 annuas
786 596 1054 666 quasdam
1099 597 1269 652 ferias
1296 597 1374 651 illi
1400 613 1592 667 agere;
1627 598 1868 668 primum
1900 596 2124 668 quidem

539 687 689 755 quod
735 702 860 741 eum
898 687 1085 756 lugent
1130 695 1394 757 tanquam
1422 698 1734 756 mortuum;
1766 689 1962 744 deinde
1996 702 2125 742 vero

536 778 684 846 quod
708 778 777 831 de
801 779 896 832 illo
926 779 1166 847 gaudent
1201 789 1462 850 tanquam
1495 797 1524 835 a
1568 782 1802 837 mortuis
1834 780 2123 838 suscitato.

539 866 646 935 Qui
678 879 861 925 autem
893 871 1063 927 animi
1113 874 1344 930 solet-tes
1372 883 1520 937 sunt,
1557 882 1616 929 ut
1644 876 1930 945 gentilium
1960 875 2122 931 fabu—

535 956 620 1013 las
644 974 950 1030 eorumque
984 960 1268 1031 profanant
1303 963 1633 1032 theologiam
1680 961 1749 1016 ad
1781 977 1980 1017 sensus
2007 961 2123 1031 spi-

539 1051 729 1107 ritales
757 1053 1002 1121 trahant,
1035 1055 1222 1111 dicunt
1247 1056 1483 1111 Adonim
1514 1055 1822 1127 symbolum
1850 1069 1975 1110 esse
2008 1053 2124 1108 fru-

537 1159 671 1214 gum
715 1154 910 1212 teme,
960 1158 1084 1217 quae
1128 1148 1388 1219 lugentur
1432 1149 1650 1218 quidem
1703 1147 1925 1217 quando
1956 1145 2118 1202 semi-

536 1248 776 1304 nantur;
829 1248 1129 1310 resurgunt
1174 1255 1306 1296 vero
1335 1250 1389 1295 et
1420 1240 1621 1311 gaudio
1651 1241 1878 1311 implent
1905 1240 2123 1309 agrico-

534 1328 643 1395 las,
687 1331 817 1384 dum
851 1343 1176 1389 nascuntur.
1247 1334 1500 1389 Arbitror
1527 1345 1710 1389 autem
1739 1334 2002 1389 mulieres
2036 1334 2123 1389 lu-

534 1432 725 1490 gentes
756 1421 1062 1479 Thammuz
1093 1426 1324 1496 ﬁguram
1355 1442 1479 1482 esse
1505 1441 1718 1489 eorum,
1754 1427 1846 1495 qui
1877 1440 2001 1494 qua
2032 1442 2125 1496 pu-

535 1521 727 1568 tantur
756 1517 943 1571 mundi
978 1518 1121 1572 bona
1152 1527 1203 1573 et
1231 1534 1527 1587 corporeos
1555 1521 1768 1574 fructus
1785 1519 2120 1588 desiderant,

535 1606 785 1676 nihilque
838 1617 1036 1676 przeter
1085 1611 1388 1665 materialia
1442 1621 1496 1665 et
1547 1613 1829 1667 sensibilia
1860 1612 2120 1680 scientes,

537 1700 940 1755 contristantur
965 1703 1186 1771 quidem
1220 1704 1442 1773 quando
1472 1704 1541 1759 iis
1575 1705 1889 1775 privantur;
1927 1705 2121 1760 laetan-

537 1797 628 1842 tur
657 1798 838 1843 autem
868 1792 1089 1859 quando
1138 1803 1265 1848 sunt
1308 1795 1598 1863 prsesentia
1618 1834 1633 1857 .
1659 1809 1715 1851 et
1742 1796 1811 1853 iis
1839 1795 2118 1851 fruuntur.

531 1877 815 1951 Quotquot
844 1892 1025 1938 autem
1056 1883 1325 1955 ejusmodi
1362 1897 1525 1957 sunt,
1560 1905 1659 1947 eos
1685 1907 1796 1946 non
1829 1890 1973 1948 male
1999 1906 2123 1948 cre-

531 1971 735 2029 dideris
766 1975 1061 2032 muliebres
1090 1993 1212 2033 esse
1246 1979 1482 2037 animas.

604 2065 729 2120 Non
779 2080 960 2137 parcet
1012 2071 1197 2126 oculus
1246 2089 1393 2127 meus
1418 2075 1487 2129 ⁸⁸.
1546 2075 1936 2147 lnquirendum
1984 2078 2118 2149 quid

531 2157 639 2213 sibi
670 2161 800 2214 velit
825 2161 954 2217 illud
986 2181 1000 2217 :
1036 2162 1161 2217 Non
1183 2174 1364 2234 parcet
1397 2167 1582 2222 oculus
1616 2185 1782 2225 meus.
1824 2169 1942 2226 Non
1970 2172 2118 2227 enim

530 2250 739 2307 dictum
776 2262 893 2322 est,
924 2251 1045 2309 Non
1075 2271 1320 2326 parcam.
1364 2258 1635 2316 Existimo
1659 2262 1845 2333 itaque
1873 2265 1983 2318 vim
2018 2263 2117 2320 Dei

530 2343 912 2414 inspectricem
952 2350 1103 2404 velut
1160 2349 1385 2407 intentis
1431 2354 1608 2409 oculis
1662 2355 1716 2410 in
1750 2371 1847 2411 eos
1877 2372 2115 2427 quorum

528 2439 867 2494 conscientia
916 2444 1122 2499 scelere
1174 2445 1362 2515 aliquo
1407 2447 1616 2515 polluta
1648 2457 1769 2513 est,
1812 2464 2006 2519 pinnas
2033 2452 2116 2506 eis

527 2527 754 2584 inferre.
816 2530 952 2586 Nam
995 2533 1134 2590 Deus
1182 2546 1363 2591 noster
1393 2538 1532 2607 ignis
1579 2554 1891 2595 consumens
1937 2553 2012 2595 est
2043 2543 2112 2607 ’⁷,

526 2636 723 2691 nempe
753 2638 1089 2682 consumens
1116 2643 1179 2682 ea
1209 2628 1412 2699 quibus
1439 2638 1661 2686 constat
1696 2632 1925 2687 malitia.
1952 2632 2117 2688 Cum-

524 2727 631 2782 que
657 2715 771 2771 haec
800 2718 931 2788 agit,
964 2733 1075 2774 non
1104 2735 1268 2790 parce
1295 2731 1488 2777 contra
1516 2724 1643 2778 vitia
1669 2724 1820 2795 agit,
1850 2726 2003 2796 quod
2032 2727 2115 2784 sic

523 2820 635 2861 non
661 2821 849 2877 parcat
880 2811 949 2867 iis
973 2813 1175 2880 quibus
1201 2812 1330 2868 talia
1364 2815 1726 2871 obvenerunt.

592 2990 758 3063 424
793 2990 904 3047 Nec
941 2994 1225 3048 miserebor
1249 2996 1317 3051 ’⁸.
1379 2995 1667 3067 Signiﬁcat
1710 2998 1817 3053 hoc
1858 2999 1980 3054 loco
2027 3001 2113 3056 di-

524 3090 671 3137 ctam
700 3098 822 3137 esse
851 3085 1286 3140 misericordiam
1308 3128 1323 3153 ,
1353 3102 1477 3157 qua
1503 3087 1571 3142 de
1602 3087 1822 3143 diabolo
1852 3090 2110 3161 intelligiv

2228 590 2318 644 τὸν
2364 588 2655 660 Θαμμούζο
2709 590 2928 646 δοκοῦσι
2977 589 3088 662 γὰρ
3137 590 3259 644 κατ’
3308 588 3560 643 ἐνιαυτὸν
3606 589 3831 653 τελετάς

2226 699 2377 745 τινας
2429 684 2625 747 ποιεῖν,
2677 682 2893 755 πρῶτον
2930 682 3043 754 ’μὲν
3078 683 3160 736 ὅτι
3209 682 3503 755 θρηνοῦσιν
3538 682 3702 737 αὑτὸν
3753 683 3830 746 ὡς

2225 774 2548 846 τεθνηκότα·
2585 773 2838 848 δεύτερον
2870 775 2927 829 δὲ
2975 776 3058 829 ὅτι
3108 775 3395 848 χαίρουσιν
3437 779 3524 830 ἐπ’
3569 776 3722 847 αὐτῷ
3752 775 3843 840 ὡς.

2225 859 2333 915 ἀπὸ
2376 864 2585 936 νεκρῶν
2636 865 2952 921 ἀναστάντι.
3004 868 3069 919 Οί
3112 867 3169 919 δὲ
3218 867 3349 939 περί
3390 867 3489 940 τὴν
3537 869 3828 938 ἀναγωγὴν

2224 952 2333 1009 τῶν
2380 954 2707 1028 Ἑλληνικῶν
2752 955 2939 1028 μύθων
2982 958 3148 1012 δεινοὶ
3182 958 3279 1012 καί
3329 958 3565 1031 μυθικῆς
3611 957 3830 1030 νομιζο-

2228 1046 2399 1120 μένης
2438 1046 2741 1118 θεολογίας,
2790 1049 2924 1118 φασὶ
2968 1049 3061 1102 τὸν
3106 1049 3336 1104 Ἀδωνιν
3364 1049 3633 1122 σύμϐολον
3684 1046 3827 1105 εἶναι

2221 1137 2331 1192 τῶν
2362 1138 2461 1209 τῆς
2482 1139 2586 1211 γῆς
2613 1138 2867 1212 καρπῶν,
2902 1140 3293 1214 θρηνουμένων
3333 1142 3434 1215 μὲν
3457 1144 3546 1199 ὅτε
3574 1143 3829 1216 σπείρον-

2222 1247 2333 1295 ται,
2364 1230 2739 1301 ἀνισταμένων
2771 1232 2850 1298 δὲ,
2898 1232 2992 1287 καλ⁵
3031 1232 3121 1288 διὰ
3151 1234 3312 1289 τοῦτο
3353 1236 3567 1308 χαίρειν
3605 1235 3831 1290 ποιούν-

2222 1341 2331 1378 των
2379 1324 2508 1388 τοὺς
2547 1325 2829 1397 γεωργοὺς
2874 1327 2964 1382 ὅτε
3013 1326 3260 1397 φύονται.
3324 1328 3598 1401 Ἠγοῦμαι
3639 1328 3827 1384 τοίνυν

2225 1412 2496 1485 σύμϐολον
2538 1410 2679 1469 εἶναι
2712 1414 2811 1478 τὰς
2843 1414 3152 1487 θρηνούσας
3185 1417 3277 1471 τὸν
3310 1418 3581 1490 Θαμμοὺζ
3611 1417 3720 1472 τῶν
3752 1421 3826 1473 τὰ

2222 1504 2315 1559 τοῦ
2351 1506 2557 1578 κόσμου
2589 1506 2926 1579 νομιζόμενα
2959 1508 3141 1578 ἀγαθὰ
3174 1510 3272 1564 καὶ
3303 1512 3431 1575 τοὺς
3466 1512 3822 1582 σωματικοὺς

2223 1600 2473 1670 καρποὺς
2516 1599 2849 1665 ποθούντων,
2878 1601 2974 1654 καὶ
3007 1601 3156 1674 πέρα
3187 1600 3297 1654 τῶν
3341 1583 3545 1657 ύλξκῶν
3578 1603 3674 1656 καὶ
3736 1603 3833 1655 αί-

2222 1688 2434 1762 σθητῦν
2456 1688 2629 1762 μηδὲν
2659 1694 3068 1766 ἐπισταμένων,
3109 1694 3459 1766 λυπουμένων
3496 1695 3594 1766 μὲν
3628 1693 3721 1747 ἐπὶ
3744 1695 3813 1764 τῇ

2224 1781 2432 1836 τούτων
2467 1786 2744 1857 στερήσει,
2779 1785 3056 1858 ἡδομένων
3089 1787 3148 1841 δὲ
3177 1788 3270 1840 ἐπὶ
3302 1788 3367 1857 τῇ
3410 1785 3684 1858 παρουσίᾳ
3717 1786 3818 1839 αὺ-

2152 1853 2196 1910 B
2223 1875 2334 1930 τῶν
2354 1877 2449 1931 καὶ
2476 1880 2540 1949 τῇ
2569 1878 2678 1933 τῶν
2697 1878 2953 1932 τοιούτων
2976 1879 3190 1950 κτήσει.
3212 1876 3573 1941 Γυναικώδεις
3596 1877 3654 1930 δὲ
3674 1872 3818 1930 εἶναι

2221 1970 2321 2034 τὰς
2348 1970 2527 2041 ψυχὰς
2560 1970 2795 2040 εὐλόγως
2821 1970 2886 2026 ἂν
2917 1972 3119 2035 πάντες
3143 1972 3193 2026 οἱ
3226 1970 3460 2025 τοιοῦτοι
3486 1967 3815 2041 νομίζοιντο.

2306 2085 2389 2138 Οὐ
2407 2086 2680 2153 φείσεται
2705 2087 2739 2139 ό
2761 2084 3071 2153 ὀφθαλμός
3083 2101 3227 2154 μου.
3271 2082 3620 2150 Ἐξεταστέον
3647 2082 3700 2136 τί
3732 2081 3815 2145 τὸ,

2215 2177 2302 2230 Οὐ
2327 2176 2599 2245 φείσεται
2634 2179 2668 2231 ό
2698 2177 3009 2245 ὀφθαλμός
3035 2194 3178 2245 μου.
3214 2177 3293 2231 Ού
3326 2175 3438 2249 γὰρ
3463 2176 3701 2248 εἴρηται,
3739 2174 3835 2227 Οὑ-

2220 2269 2500 2339 φείσομαι.
2561 2267 2834 2339 Ἠγοῦμαι
2875 2268 3057 2321 τοίνυν
3097 2268 3197 2339 τὴν
3231 2267 3556 2340 ἐνορατικὴν
3585 2267 3845 2338 δύναμιν-

2219 2358 2314 2412 τοῦ
2342 2358 2500 2424 Θεοῦ,
2527 2360 2693 2413 οἱονεὶ
2730 2357 3081 2423 ἁτενίζουσαν
3100 2361 3214 2421 τοῖς
3236 2358 3299 2411 τὸ
3315 2358 3506 2428 νοητὸν
3536 2357 3642 2411 ὑπό
3667 2373 3815 2421 τινος

2219 2451 2460 2524 πονηροῦ
2497 2452 2799 2515 συνειδότος
2829 2451 3280 2522 μεμολυσμένοις,
3310 2437 3562 2514 κολάζειν
3591 2447 3813 2513 αὐτούς’

2216 2544 2450 2616 ἐπείπερ
2491 2544 2553 2597 '0
2600 2543 2747 2612 Θεὸς
2789 2542 2963 2614 ἡμῶν
2997 2543 3118 2612 πῦρ
3162 2544 3295 2598 ἐστι
3332 2542 3813 2597 καταναλίσκον

2216 2637 2613 2691 καταναλίσκον
2645 2637 2704 2690 δὲ
2736 2636 2983 2708 δηλονότι
3009 2636 3081 2690 τὰ
3104 2636 3305 2691 κακίαν
3332 2635 3665 2689 ὑποστάντα.
3700 2634 3825 2688 Καὶ

2213 2729 2303 2783 ὅτε
2349 2729 2525 2783 ταῦτα
2575 2731 2811 2801 ἐνεργεῖ,
2862 2730 2924 2783 οὐ
2969 2730 3355 2800 πεφεισμένως
3404 2729 3623 2800 ἐνεργεῖ
3665 2727 3815 2783 κατὰ

2221 2822 2323 2876 τῶν
2356 2824 2641 2896 χειρόνων,
2685 2823 2766 2895 τῷ
2798 2822 2942 2877 οὕτω
2979 2824 3057 2896 μὴ
3101 2822 3384 2893 φείδεσθαι
3412 2822 3524 2876 τῶν
3552 2816 3637 2887 οἷς
3672 2836 3817 2893 συμ-

2214 2913 2423 2985 ϐέϐηκε
2448 2917 2699 2971 τοιαῦτα.

2288 3008 2442 3062 Οὐδὲ
2473 3008 2560 3079 μὴ
2599 3008 2856 3077 ἐλεήσω.
2892 3009 3159 3080 Σημαίνει
3192 3007 3447 3075 ἐνταῦθα,
3488 3008 3571 3063 δτι
3604 3007 3753 3074 ἕλεος
3779 3006 3820 3061 δ

2212 3100 2307 3154 ἐπὶ
2350 3100 2601 3156 διαϐόλου
2635 3100 2928 3173 νοούμενος
2960 3100 3200 3173 εἴρηται·
3234 3101 3417 3157 ὅντινα
3458 3101 3733 3172 ὡρίσαντο
3757 3100 3811 3155 oi

524 3182 665 3229 tur:
702 3191 864 3243 quam
912 3176 1243 3232 deﬁnierunt
1285 3194 1477 3235 earum
1510 3194 1692 3234 rerum
1738 3181 1935 3250 periti,
1984 3197 2106 3238 esse

2212 3192 2342 3265 περὶ
2387 3192 2562 3248 ταῦτα
2606 3191 2771 3247 δεινοὶ
2813 3190 2994 3261 λύπην
3027 3187 3168 3244 εἶναι
3205 3190 3300 3244 ἐπὶ
3332 3194 3397 3262 τῇ
3436 3191 3533 3244 τοῦ
3581 3191 3814 3263 πλησίον

525 3270 804 3325 tristitiam
840 3272 907 3326 de
940 3272 1098 3327 malis
1130 3274 1397 3342 proximi;
1428 3275 1693 3347 aiuntque
1713 3277 1986 3332 medicum
2016 3288 2109 3334 aut

2210 3284 2551 3357 δυσπραγίᾳ·
2589 3281 2687 3337 καί
2718 3300 2853 3352 φασι
2881 3284 2956 3355 μὴ
2977 3283 3090 3336 δεῖν
3123 3284 3307 3353 ἰατρὸν
3336 3285 3367 3354 ἢ
3395 3282 3658 3355 δικαστὴν
3684 3283 3810 3337 τοῦ-

515 3362 758 3432 judicent
798 3378 906 3417 non
932 3364 1135 3419 debere
1158 3380 1223 3419 ea
1255 3367 1633 3423 misericordia
1666 3372 1847 3441 tangi,
1877 3386 1945 3425 ne
1967 3369 2109 3425 forte

2210 3392 2301 3429 τον
2332 3376 2424 3429 τὸν
2455 3375 2604 3428 ἔλεον
2634 3373 2833 3439 ελεεῖν,
2887 3376 3121 3446 μήποτε,
3160 3374 3522 3444 συγχυθέντες
3559 3374 3667 3428 ὑπὸ
3707 3376 3808 3445 τῆς

521 3456 745 3510 tristitia
789 3471 911 3525 qua:
960 3458 1027 3511 ad
1072 3458 1346 3528 ejusmodi
1394 3461 1828 3517 misericordiam
1876 3463 2106 3532 inducit,

519 3545 771 3601 confusis
800 3547 1111 3614 urentibus,
1148 3549 1521 3622 impediantur
1559 3554 1859 3623 quominus
1907 3554 1958 3608 ei
2009 3554 2108 3623 qui

516 3639 797 3694 curandus
818 3638 890 3693 sit
911 3649 1007 3693 aut
1024 3641 1382 3710 judicandus,
1408 3644 1640 3700 reddant
1660 3647 1808 3716 quod
1833 3661 1902 3702 ex
1930 3646 2103 3701 medi-

518 3746 599 3788 cae
625 3734 762 3789 artis
791 3741 886 3787 aut
906 3733 1137 3804 jnstitiae
1166 3736 1472 3791 rationibus
1504 3738 1781 3794 conducit.

1170 3827 1327 3883 CAP.
1374 3824 1465 3885 IX.

590 3915 662 3971 Et
708 3934 844 3971 zona
884 3920 1125 3989 sapphiri
1174 3936 1332 3991 super
1370 3922 1611 3977 lumbum
1636 3924 1752 3993 ejus
1786 3924 1855 3980 ”.
1898 3925 2103 3982 Verum

516 4022 620 4080 pro
669 4026 807 4064 zona
866 4012 1107 4081 sapphiri
1153 4029 1311 4083 super
1356 4014 1591 4069 lumbum
1620 4018 1771 4086 ejus,
1822 4020 2016 4089 Aquila
2049 4030 2106 4075 et

518 4102 824 4159 'l‘hcodotio
876 4115 1025 4159 casto
1075 4108 1353 4176 scriptoris
1395 4108 1727 4179 ediderunt,
1778 4110 2102 4167 Hebraicam

515 4212 742 4267 vocem,
795 4211 855 4256 ut
903 4202 1124 4271 quidem
1177 4202 1467 4270 existimo,
1516 4204 1818 4260 retinentes
1870 4222 1886 4258 :
1927 4220 2104 4274 neque

513 4291 664 4344 enim
698 4292 936 4346 arbitror
970 4306 1101 4347 \‘oce
1136 4292 1229 4347 illa
1276 4302 1426 4347 casto
1455 4293 1597 4365 apud
1627 4293 1851 4350 Graecos
1895 4297 2105 4367 signiti-

513 4381 628 4436 cari
693 4383 914 4437 tabellas
976 4385 1252 4455 scriptoris
1290 4400 1448 4455 super
1505 4402 1652 4441 renes
1710 4402 1833 4441 suos
1889 4388 2098 4445 liabsre.

514 4472 710 4528 Aiebat
737 4483 917 4528 autem
947 4472 1297 4533 Hebraeorum
1331 4478 1610 4549 quispiam
1632 4519 1646 4545 ,
1674 4479 1820 4550 quod
1859 4480 2103 4536 calcam-

515 4564 657 4618 rium
687 4576 936 4634 vocatur,
962 4568 1095 4624 illud
1122 4584 1244 4625 esse
1270 4581 1440 4626 casto.

588 4657 658 4712 Et
680 4659 753 4713 da
780 4661 988 4730 signum
1019 4661 1058 4715 ί.
1098 4663 1266 4719 Aiunt
1294 4665 1514 4736 quidem
1541 4664 1895 4738 Septuaginta
1920 4667 1971 4723 ei
1999 4668 2095 4739 qui

513 4757 718 4805 vestem
753 4752 982 4806 talarem
1017 4753 1239 4811 indutus
1269 4766 1414 4823 erat,
1473 4768 1803 4829 praeceptum
1839 4760 2093 4814 fuissent

508 4842 664 4897 daret
692 4844 903 4914 signum
923 4859 1082 4915 super
1107 4845 1307 4915 frontes
1335 4849 1651 4918 gementium
1685 4859 1736 4903 et
1760 4850 2052 4904 dolentium
2075 4865 2096 4914 ;

512 4935 709 5004 Aquila
744 4950 873 4992 vero
912 4944 967 4992 et
998 4935 1304 4994 Theodotio
1336 4959 1349 4993 :
1387 4937 1609 5011 Signum
1637 4940 1787 4996 Thau
1819 4943 1875 4996 in
1910 4942 2100 5011 fronti-

508 5020 609 5075 bus
658 5025 973 5094 gementium
1025 5034 1076 5080 et
1117 5043 1300 5082 eorum
1352 5030 1444 5099 qui
1486 5029 1668 5084 dolore
1719 5033 2097 5101 conﬁciuntur.

510 5115 868 5187 Interrogatis
918 5127 1101 5174 autem
1152 5118 1432 5190 Hebraeis,
1485 5138 1616 5178 num
1668 5133 1893 5195 paterna
1926 5126 2099 5182 tradi-

510 5213 661 5267 tione
689 5211 1080 5269 documentum
1114 5216 1335 5287 aliquod
1367 5217 1434 5273 de
1472 5217 1656 5273 littera
1686 5218 1841 5275 Thau
1872 5230 2098 5291 possent

508 5302 724 5369 afferre,
763 5308 878 5359 haec
900 5307 1233 5363 audivimus.
1276 5308 1469 5364 Aiebat
1499 5324 1643 5363 unus
1676 5309 1913 5366 litteram
1936 5310 2093 5367 Thau

509 5394 651 5450 inter
692 5394 883 5466 viginti
918 5397 1027 5451 duo
1065 5397 1333 5453 elementa
1364 5398 1564 5470 quibus
1593 5399 1805 5457 Hebraei
1838 5412 2087 5470 utuntur,

508 5489 757 5545 ultimam
803 5505 927 5547 esse
976 5501 1242 5561 quantum
1284 5492 1352 5547 ad
1398 5493 1644 5549 ordinem
1669 5495 1760 5550 cui
1786 5496 2092 5555 illilitteras

508 5582 877 5652 subiecerunt.
913 5581 1177 5638 Ultimum
1209 5585 1377 5657 igitur
1392 5586 1721 5643 elementum
1746 5598 2091 5660 assumptum

508 5683 593 5729 est
622 5674 692 5729 ad
713 5675 1135 5747 signiﬁcandum
1166 5692 1359 5734 eorum
1402 5676 1795 5751 perfectionem
1827 5681 1921 5752 qui
1964 5697 2093 5752 pro-

576 5853 626 5889 ⁹⁶
652 5856 852 5917 Ezecli.
906 5880 1023 5935 vm,
1057 5866 1144 5923 l8.

1245 5870 1467 5929 "Deut.
1496 5889 1571 5942 tv,
1602 5874 1725 5953 “24.-
1769 5876 1844 5951 ‘9'
1859 5875 2057 5934 Ezech.
2090 5893 2208 5947 rm,
2242 5876 2318 5932 l8.

2209 3468 2303 3520 ἐπὶ
2329 3466 2391 3521 τὸ
2422 3466 2596 3530 οὕτως
2628 3465 2799 3520 ἐλεεῖν
2830 3466 3135 3537 ἐναγούσης
3167 3464 3365 3536 λύπης,
3401 3464 3803 3536 ὲμποδισθῶσιν

2208 3555 2500 3612 ἀποδοῦναι
2533 3555 2597 3610 τὺ
2636 3557 2878 3627 ἰατρικὸν
2907 3557 2939 3628 ἢ
2968 3557 3031 3610 τὸ
3063 3556 3378 3610 δικαστικὸν
3412 3555 3817 3628 συμφερόντως.

2203 3649 2284 3720 τῷ
2318 3648 2745 3721 θεραπευομένῳ
2773 3649 2807 3721 ἢ
2835 3649 2915 3721 τῷ
2945 3648 3289 3720 δικαζομένῳ
3319 3647 3499 3720 ἔργον.

2863 3835 3021 3889 ΚΕΦ.
3060 3835 3139 3888 8'.

2278 3928 2391 3983 Kal
2441 3927 2591 3995 ζώνη
2640 3929 2984 3998 σαπφείρου
3027 3927 3128 3981 ἐπὶ
3169 3925 3279 3994 τῆς
3307 3927 3542 3996 ὀσφύος
3585 3927 3797 3985 αὑτοῦ.

2221 4019 2370 4071 Ἀντὶ
2402 4018 2500 4089 μιν
2523 4035 2589 4087 γε
2608 4018 2720 4073 τοῦ
2743 4018 2934 4087 ζῶν-ην
2948 4019 3288 4088 σαπερείρου
3307 4019 3407 4072 ἐπὶ
3428 4017 3539 4087 τῆς
3570 4020 3803 4089 ὀσφύος

2204 4107 2414 4171 αὑτοῦ,
2448 4108 2653 4162 κάστω
2689 4107 3071 4179 γραμματέως
3110 4108 3335 4172 Ἀκύλας
3379 4108 3475 4163 καὶ
3507 4109 3802 4165 Θεοδοτίων

2208 4197 2658 4269 παρατεθείκασι,
2696 4197 2797 4270 τὴν
2840 4197 3272 4271 ⁸Ε6ραῖκὴν,.ὡς
3309 4192 3485 4269 οἶμαι,
3529 4198 3676 4266 λέξιν
3706 4216 3804 4270 τη-

2207 4293 2477 4362 ρήσαντες
2496 4308 2510 4322 ⁸
2549 4290 2670 4345 οὐδὲ
2695 4290 2806 4363 γὰρ
2836 4291 3080 4364 ἠγοῦμαι
3110 4292 3242 4363 παρ’
3275 4290 3502 4363 Ἕλλησι
3531 4293 3801 4365 σημαίνε-

2207 4384 2330 4437 σθαι
2386 4383 2475 4437 διὰ
2515 4383 2617 4454 τῆς
2661 4382 2868 4437 κάστω
2925 4384 3112 4455 φωνῆς
3152 4383 3500 4439 πινακίδιον
3529 4386 3800 4456 γραφέως

2204 4479 2370 4548 ἔχειν
2390 4477 2491 4532 ἐπὶ
2521 4476 2635 4546 τῆς
2669 4477 2904 4547 ὀσφύος
2930 4477 3142 4532 αὐτοῦ.
3175 4476 3297 4530 Τῶν
3319 4476 3377 4531 δὲ
3418 4476 3686 4548 Ἐϐραίων
3712 4494 3813 4540 τις

2134 4565 2179 4619 Ι)
2208 4570 2386 4639 ἔλεγε,
2408 4568 2470 4622 τὸ
2503 4568 2838 4640 καλούμενον
2863 4567 3259 4638 καλαμάριον,
3291 4568 3537 4621 τουτέστι
3569 4567 3791 4622 κάστω.

2274 4663 2382 4718 Καὶ
2425 4661 2532 4730 δὸς
2578 4662 2851 4733 σημεῖον.
2895 4664 2957 4715 Οί
3014 4662 3112 4733 μὲν
3160 4660 3558 4731 Ἐδδομήκοντα
3594 4658 3673 4729 τῷ
3702 4661 3793 4710 ἐν·

2203 4754 2480 4827 δεδυμένῳ
2507 4724 2676 4825 ’φασί
2708 4754 2799 4811 τὸν
2849 4724 3057 4826 ποδήρη
3115 4724 3510 4825 προστετάχθαι
3546 4724 3653 4804 Orco
3690 4724 3807 4841 τῆςῖ

2203 4846 2362 4917 δόξης
2391 4847 2487 4901 τοῦ
2518 4846 2747 4917 Κυρίου,
2784 4845 3038 4916 σημεῖον
3065 4843 3275 4897 δοῦναι
3307 4842 3405 4895 ἐπὶ
3449 4842 3521 4896 τὰ
3547 4840 3807 4917 perusus

2203 4910 2329 4993 τῶκ
2348 4910 2351 4911 ν
2390 4910 2951 4999 κατασέεναζόντων
3016 4938 3117 4991 καί
3178 4934 3604 5002 ὀδυνωμένων·
3658 4934 3687 4985 ὁ

2214 5032 2448 5097 Ἀκύλας
2495 5032 2587 5085 καὶ
2616 5031 2910 5085 Θεοδοτίων
2944 5030 3096 5100 φασί·
3134 5028 3468 5097 Σημείωσις
3514 5024 3622 5079 τοῦ
3667 5024 3790 5079 Θαῦ

2198 5125 2298 5179 ἐπὶ
2328 5125 2402 5179 τὰ
2441 5123 2685 5195 μέτωπα
2714 5124 2836 5177 τῶν
2876 5120 3284 5182 στεναζόντων
3328 5118 3429 5172 καὶ
3463 5117 3583 5172 τῶν
3614 5135 3790 5171 κατο-

2200 5218 2575 5287 δυνωμένων.
2623 5215 3054 5286 Πυνθανομένων
3106 5214 3163 5266 δὲ
3208 5212 3318 5266 τῶν
3355 5212 3623 5284 Ἐϐραίων
3652 5211 3789 5267 εἴτι

2200 5314 2430 5384 πάτριον
2464 5310 2593 5384 περὶ
2628 5310 2719 5365 τοῦ
2754 5310 2869 5364 Θαῦ
2899 5308 3074 5380 ἔχοιεν
3105 5310 3288 5378 λέγειν
3326 5308 3579 5379 μάθημα,
3615 5308 3791 5362 ταῦτα

2200 5405 2547 5475 ἠκούσαμενο
2582 5402 2727 5465 τινος
2768 5402 2867 5473 μὲν
2899 5401 3221 5471 φάσκοντος,
3253 5403 3335 5455 ὅτι
3359 5401 3421 5454 τὸ
3445 5400 3559 5454 Θαῦ
3591 5404 3648 5454 ὲν
3676 5404 3789 5463 τοῖς

2198 5502 2329 5571 παρ’
2381 5498 2651 5570 Ἑϐραίοις
2680 5496 2764 5551 κε’
2796 5496 3082 5567 στοιχείοις
3120 5496 3237 5549 ἐστὶ
3281 5497 3344 5550 τὺ
3376 5495 3685 5550 τελευταῖον
3710 5494 3793 5558 ὡς

2200 5590 2337 5662 πρὸς
2368 5589 2467 5660 τὴν
2499 5589 2631 5659 παρ’
2664 5586 2849 5650 αὐτοῖς
2894 5586 3050 5653 τάξιν
3096 5589 3465 5660 γραμμάτων.
3503 5586 3577 5641 Τὸ
3609 5584 3788 5639 τελευ-

2197 5684 2344 5735 ταῖον
2372 5677 2467 5734 οὖν
2497 5678 2753 5750 εἴληπται
2783 5683 3046 5751 στοιχεῖον
3077 5681 3159 5744 είς
3189 5682 3535 5753 παράστασιν
3572 5678 3674 5750 τῆς
3697 5692 3786 5731 τε-

2421 5879 2466 5911 ου
2483 5873 2623 5947 ibid.
2662 5891 2737 5945 lx,
2771 5876 2825 5931 ε.
2921 5875 3084 5931 ‘ibid.
3118 5875 3170 5930 ι.
