4128 6494
336 357 439 412 um

1537 350 1859 407 ‘SELECTA
1900 349 1965 405 ΙΝ
2006 349 2469 408 EZECHIELEM.

3506 362 3612 421 802

335 471 620 543 λειότητος
647 467 757 523 τῶν
789 468 879 523 διὰ
911 467 1012 540 τὴν
1041 468 1100 523 ἐν
1135 469 1319 532 αὐτοῖς
1346 468 1546 542 ἀρετὴν
1572 470 1932 534 στεναζόντων

2037 480 2160 542 pter
2186 487 2342 526 suam
2370 472 2627 527 virtutem
2679 483 2902 543 gemunt
2932 488 2995 529 ac
3020 476 3202 532 dolent
3237 492 3400 548 super
3423 478 3609 548 populi

337 564 441 619 καὶ
467 559 824 631 ὀδυνωμένων
854 559 947 612 ἐπὶ
974 560 1088 622 τοῖς
1114 559 1582 630 ἁμαρτανομένοις
1602 560 1660 612 ὲν
1681 559 1760 629 τῷ
1793 558 1928 631 λαῷ,

352 656 451 711 καὶ
492 654 928 724 συμπασχόντων
959 654 1072 715 τοῖς
1121 652 1521 723 παρανομοῦσι.
1567 651 1831 724 Δεύτερος
1874 652 1931 706 δὲ

340 750 499 820 ἔλεγε
534 749 799 821 σύμϐολον
832 745 971 802 εἶναι
997 748 1058 800 τὸ
1089 747 1202 801 Θαῦ
1230 746 1341 799 τῶν
1377 747 1471 800 τὸν
1503 746 1667 817 νόμον
1699 763 1932 818 τετηρη-

343 843 554 899 κάτων-
588 842 820 913 ἐπείπερ
844 843 873 893 ὁ
895 841 1057 912 νόμος
1087 841 1219 912 παρ’
1260 840 1534 911 Ἑϐραίοις
1558 838 1721 911 Θωρὰ
1754 837 1935 891 καλεῖ-

344 952 463 1002 ται,
516 934 610 987 καὶ
639 932 703 986 τὸ
746 932 962 1006 πρῶτον
1003 929 1170 984 αὐτοῦ
1212 930 1473 1001 στοιχεῖόν
1507 931 1624 983 ἐστι
1669 930 1732 982 τὸ
1781 928 1929 981 Θαῦ·

347 1028 443 1080 καὶ
478 1024 747 1096 σύμϐολον
778 1020 917 1079 εἶναι
945 1024 1054 1077 τῶν
1087 1024 1229 1078 κατὰ
1259 1024 1351 1077 τὸν
1378 1023 1540 1094 νόμον
1566 1021 1929 1093 βεϐιωκότων.

349 1120 547 1190 Τρίτος
576 1117 632 1171 δέ
666 1135 751 1182 τις
779 1118 1023 1188 φάσκων,
1055 1117 1165 1170 τῶν
1207 1117 1302 1170 καὶ
1328 1117 1407 1179 είς
1437 1116 1527 1169 τὸν
1568 1114 1803 1187 Χριστὸν
1838 1132 1935 1167 πε-

352 1211 743 1276 πιστευκότων,
768 1210 920 1279 ἔλεγε
951 1208 1020 1262 τὰ
1040 1209 1242 1280 ἀρχαῖα
1261 1209 1501 1279 στοιχεῖα
1530 1207 1768 1278 ἐμφερὲς
1789 1205 1936 1277 ἔχειν

350 1302 413 1356 τὸ
439 1303 553 1357 Θαῦ
583 1303 661 1374 τῷ
694 1299 1055 1374 τοῦ’σταυροῦ
1099 1300 1433 1374 χαρακτῆρι,
1470 1301 1563 1354 καὶ
1596 1299 1937 1372 προφητεύε-

354 1393 478 1447 σθαι
507 1394 637 1467 περὶ
664 1392 756 1447 τοῦ
782 1394 1079 1464 γενομένου
1096 1395 1153 1447 ὲν
1170 1394 1513 1466 Χριπιανοῖς
1549 1392 1642 1445 ἐπὶ
1672 1390 1768 1444 τοῦ
1801 1408 1935 1462 μετ-

344 1482 504 1539 ώπου
580 1485 828 1557 σημείουο
894 1487 1030 1559 ὅπερ
1101 1485 1347 1540 ποιοῦσιν
1404 1486 1453 1539 οἱ
1511 1484 1938 1548 πεπιστευκότες

356 1578 557 1642 πάντες
583 1578 891 1632 οὑτινοσοῦν
935 1579 1442 1652 προκαταρχόμενοι
1468 1577 1814 1648 πράγματος,
1843 1575 1939 1629 καὶ

348 1668 593 1740 μάλιστα
616 1668 651 1739 ἢ
685 1669 859 1740 εὐχῶν
896 1668 930 1740 ἢ
967 1669 1138 1737 ἁγίων
1168 1668 1638 1737 ἀναγνωσμάτων.

432 1758 564 1813 Ὅτι
604 1757 883 1826 ἐπλήσθη
929 1760 968 1826 ἠ
1016 1757 1093 1827 γῆ
1136 1757 1304 1811 λαῶν
1337 1755 1602 1810 πολλῶν.
1652 1756 1797 1809 Ἀντὶ
1846 1754 1939 1810 τοῦ

2031 563 2305 633 peccatis,
2376 573 2540 633 atque
2604 565 3011 634 compatiuntur
3076 569 3607 636 prmvaricatoribus.

2031 656 2183 709 Alter
2229 655 2409 709 aiebat
2441 656 2675 710 litteram
2707 655 2862 710 Thau
2912 657 3219 727 symbolum
3269 674 3391 713 esse
3419 674 3611 713 eorum

2032 746 2124 815 qui
2178 746 2347 816 legem
2411 756 2796 811 servaverunt,
2843 749 3285 819 quandoquidem
3338 750 3423 803 lex
3470 751 3613 820 apud

2032 837 2289 894 Hebraeos
2338 837 2517 892 Thura
2571 839 2907 908 appellatur,
2962 840 3120 910 cujus
3168 841 3318 895 meis
3373 840 3611 910 primum

2033 931 2362 985 elementum
2390 931 2460 986 sit
2482 930 2636 984 Thau
2667 945 2730 984 ac
2758 930 3026 1001 signiﬁcet
3056 946 3153 986 eos
3179 931 3271 1001 qui
3307 930 3612 986 secundum

2033 1020 2204 1091 legem
2237 1022 2513 1076 vixerunt.
2555 1021 2777 1076 Tertius
2800 1036 2930 1077 vero
2955 1022 3176 1092 quidam
3205 1037 3269 1076 ex
3302 1036 3489 1076 eorum
3518 1038 3617 1076 nu-

2036 1126 2188 1165 mero
2235 1112 2327 1181 qui
2361 1112 2583 1167 Christo
2631 1127 2830 1167 nomen
2872 1113 3172 1180 dederunt,
3223 1115 3400 1168 aiebat
3430 1120 3612 1168 vetera

2034 1203 2301 1257 elementa
2337 1205 2420 1260 sic
2466 1203 2701 1261 litteram
2749 1204 2905 1260 Thau
2956 1205 3232 1272 exhibere,
3282 1214 3344 1260 ut
3383 1206 3613 1275 figuram

2036 1295 2221 1350 crucis
2249 1294 2470 1361 referat,
2503 1311 2734 1367 esseque
2764 1297 3081 1352 vaticinium
3115 1297 3261 1352 illius
3296 1296 3438 1366 signi
3469 1296 3614 1367 quod

2036 1386 2179 1456 apud
2202 1385 2555 1443 Christianos
2588 1388 2643 1442 in
2670 1388 2849 1444 fronte
2873 1388 3165 1461 eﬂingitur,
3197 1390 3452 1460 quodque
3480 1389 3616 1444 fide-

2033 1479 2119 1536 les
2157 1493 2352 1534 omnes
2401 1478 2642 1545 faciunt,
2694 1481 2956 1551 quidquid
2992 1482 3175 1551 operis
3204 1480 3615 1551 aggrediantur,

2038 1582 2105 1622 ac
2156 1568 2395 1623 maxime
2450 1568 2534 1622 vel
2582 1583 2806 1638 precum
2859 1570 2946 1624 vel
2993 1586 3274 1624 sacrarum
3323 1569 3617 1626 lectionum

2034 1660 2219 1716 initio.

2114 1752 2254 1817 Quia
2282 1751 2504 1820 impleta
2546 1762 2623 1806 est
2668 1753 2875 1822 populis
2904 1754 3089 1807 multis
3128 1757 3169 1808 '.
3231 1753 3338 1808 Pro
3387 1754 3617 1825 populis,

351 1852 547 1917 λαῶν,
577 1848 837 1920 αἱμάτων
865 1823 914 1901 oi
936 1823 1114 1901 λοιποὶ
1139 1849 1473 1919 πεποιήκασι
1494 1864 1508 1879 ·
1542 1848 1636 1901 καὶ
1660 1847 1776 1900 ἔστι
1808 1848 1932 1919 παρ’

2041 1843 2237 1912 reliqui
2290 1844 2640 1912 taugulnibas
2690 1845 3026 1913 interpretati
3055 1853 3215 1908 sunt,
3270 1823 3508 1915 illudque
3537 1855 3623 1901 est

342 1943 538 2004 αὐτοῖς
583 1939 773 2008 σαφὲς,
813 1936 1031 1989 πάντων
1081 1935 1188 1987 τῶν
1238 1936 1377 2007 πρὸς
1411 1934 1641 1988 θάνατον
1686 1935 1940 2006 ἁμαρτα-

365 2034 559 2088 νόντων
587 2020 796 2100 πλὴρου
805 2029 980 2099 μένων
1009 2027 1277 2097 αἱμάτων,
1304 2024 1397 2079 διὰ
1424 2025 1520 2079 τοῦ
1546 2025 1788 2097 πλήθους
1830 2024 1941 2081 τῶν

362 2123 498 2197 πρὸς
523 2118 749 2175 θάνατον
786 2119 1225 2191 ἁμαρτανόντων.
1255 2117 1366 2171 Καὶ
1398 2117 1495 2171 ἐὰν
1530 2117 1588 2171 δὲ
1623 2113 1657 2190 ᾖ
1691 2118 1755 2172 τὸ
1788 2119 1941 2190 παρὰ

360 2217 474 2277 τοῖς
523 2212 948 2282 Ἑϐδομήκοντα,
990 2211 1072 2264 ὅτι
1121 2208 1366 2281 ἐπλήσθη
1405 2210 1438 2280 ἡ
1482 2207 1556 2278 γῆ
1609 2206 1775 2272 λαῶν,
1824 2207 1942 2278 ἐρεῖ

360 2304 429 2358 τὰ
451 2303 617 2356 πολλὰ
648 2302 740 2354 καὶ
772 2301 1042 2370 ἀλλόφυλα
1073 2299 1168 2355 καὶ
1203 2299 1329 2366 ξένα
1364 2299 1468 2370 τῆς
1502 2298 1757 2370 θεότητος
1785 2298 1940 2367 ἐγγι-

357 2396 556 2467 νόμενα
599 2395 732 2466 ἡμῖν
760 2394 1004 2465 δόγματα
1031 2391 1194 2459 εἶναι,
1246 2394 1307 2447 οὐ
1347 2393 1496 2461 λαὸν,
1538 2393 1674 2447 ἀλλὰ
1708 2390 1938 2456 πολλοὺς

348 2485 717 2559 ,ἀσυμφώνους
749 2487 931 2552 λαούς.
956 2489 1187 2559 Μήποτε
1217 2486 1274 2540 δὲ
1300 2485 1680 2559 ἁμαρτήματά
1711 2486 1848 2549 ἐστι,
1878 2482 1941 2537 τὸ

353 2579 453 2650 τὴν
492 2580 594 2651 γῆν
634 2579 753 2633 δέον
796 2578 1192 2652 πεπληρῶσθαι
1235 2579 1490 2650 καρπῶν,
1536 2578 1731 2650 ἑτέραν
1773 2573 1939 2632 οὖσαν

346 2673 507 2746 παρὰ
538 2673 636 2746 τὴν
681 2673 857 2737 πόλιν,
897 2672 1100 2726 τούτων
1134 2672 1231 2741 μὲν
1272 2667 1410 2725 εἶναι
1457 2669 1644 2740 κενὴν,
1693 2669 1837 2740 ἔχειν
1882 2668 1940 2723 δὲ

352 2764 482 2828 τοὺς
510 2764 938 2827 καταλείποντας
962 2762 1060 2833 τὴν
1089 2760 1245 2814 πόλιν
1270 2759 1398 2813 λαὸν
1427 2754 1460 2832 ἦ
1490 2761 1584 2814 καὶ
1609 2760 1711 2824 τὰς
1732 2760 1937 2825 πόλεις.

355 2854 771 2927 Μεμεγάλυνται
790 2853 847 2907 δὲ
870 2852 1227 2925 σφοδρότερον
1244 2854 1277 2923 ἡ
1297 2852 1482 2906 ἀδικία
1501 2851 1685 2917 ἔθνους
1722 2852 1940 2925 Ἰσραὴλ

356 2948 450 3001 καὶ
489 2946 660 3000 Ἰούδα
684 2944 762 3015 τῷ
789 2947 899 2999 καῖε
928 2946 1029 3016 τὴν
1063 2943 1214 2998 πόλιν
1248 2944 1673 3012 πεπληρῶσθαι
1700 2944 1938 3013 ἀδικίας

348 3035 457 3089 καὶ
484 3035 874 3104 ἀκαθαρσίας.
904 3035 1141 3106 Ἔχομεν
1169 3034 1227 3088 δὲ
1267 3037 1328 3089 ὲν
1369 3036 1584 3099 ἑαυτοῖς
1613 3036 1707 3090 καὶ
1739 3037 1843 3108 γῆν
1870 3038 1936 3107 ἢν

349 3126 465 3199 χρὴ
504 3130 788 3198 γεωργεῖν,
835 3126 931 3180 καὶ
976 3126 1127 3180 πόλιν
1167 3127 1236 3197 ἣν
1270 3127 1357 3180 δεῖ
1399 3127 1722 3198 οἰκοδομεῖν,
1775 3129 1932 3199 εἴπερ

359 3217 524 3289 ἐσμὲν
571 3215 719 3272 Θεοῦ
756 3216 1024 3286 γεωργία,
1069 3217 1216 3271 Θεοῦ
1253 3216 1559 3286 οἰκοδομή.
1608 3210 1709 3272 Ὦν
1748 3217 1807 3270 δὲ
1832 3219 1934 3272 οὐκ

356 3309 697 3378 ἐπιμέλεται,
730 3307 865 3360 ἀλλὰ
894 3308 1053 3377 μόνον
1082 3307 1195 3378 ἔχει
1221 3308 1385 3372 λαοὺς
1414 3308 1510 3362 καὶ
1540 3308 1775 3376 ἀδικίαν,
1810 3311 1932 3364 τούς

352 3413 460 3450 των
490 3400 523 3468 ἡ
567 3397 748 3451 ἀδικία
796 3397 1198 3468 μεμεγάλυνται
1257 3396 1465 3470 σφόδρα
1525 3398 1704 3470 μόνον·
1751 3392 1828 3453 ὧν
1877 3399 1934 3454 δὲ

350 3487 504 3542 οὔπω
541 3489 965 3560 μεμεγάλυνται,
995 3489 1122 3543 ἄλλο
1148 3489 1257 3543 δέει
1288 3490 1379 3543 ἐπὶ
1421 3489 1483 3544 τὺ
1512 3490 1930 3561 μεγαλύνεσθαιο

351 3581 551 3651 ὁμοίως
574 3581 668 3635 καὶ
689 3582 782 3634 ἐπὶ
801 3582 898 3652 τῆς
920 3581 1284 3653 ἀκαθαρσίας.
1309 3580 1456 3654 Πλὴν
1475 3581 1624 3637 αίτία
1642 3583 1736 3637 τοῦ
1759 3581 1934 3637 ταῦτα

350 3673 634 3742 γεγονέναι
673 3675 790 3729 επὶ
830 3675 893 3728 τὸ
934 3675 1358 3747 ὑπολαμϐάνειν,
1408 3676 1490 3730 ὃτι
1528 3676 1595 3730 οὔ
1654 3676 1847 3747 φθάνει
1895 3679 1930 3750 ή

351 3767 583 3840 Πρόνοια
609 3768 702 3820 ἐπὶ
722 3768 790 3823 τὰ
807 3771 953 3841 ὲνοτῇ
975 3772 1066 3842 τῇ.
1087 3766 1237 3824 Eius
1259 3767 1391 3840 γὰρ,
1426 3770 1933 3839 Ἐτ-καταυῑέλοιπε

349 3859 567 3927 Κύριος
593 3859 709 3931 τὴν
733 3858 873 3931 γῆν·
900 3862 1015 3915 οὐκ
1055 3859 1243 3930 ἐφορᾷ
1275 3864 1309 3915 ό
1336 3861 1573 3929 Κύριος.

2040 1936 2185 2005 apud
2212 1935 2333 1988 illos
2365 1935 2713 2004 perspicuum
2735 1977 2750 2002 ,
2781 1950 2907 1990 cum
2946 1950 3137 1990 omnes
3167 1935 3259 2004 qui
3290 1935 3355 1989 ad
3388 1946 3619 1991 mortem

2041 2036 2289 2099 peccant,
2336 2027 2481 2096 pleni
2524 2029 2636 2083 sint
2679 2027 3061 2098 sanguinibus,
3106 2042 3219 2096 prae
3274 2025 3622 2081 multitudine

2038 2132 2227 2173 eorum
2270 2119 2366 2189 qui
2394 2118 2462 2174 ad
2484 2127 2721 2175 mortem
2756 2130 3002 2190 peccant.
3067 2116 3125 2173 Si
3151 2133 3284 2173 vero
3310 2118 3490 2173 locum
3518 2118 3621 2172 ha-

2040 2210 2168 2265 beat
2214 2211 2345 2266 illud
2378 2211 2525 2282 quod
2555 2212 2697 2282 apud
2732 2210 3084 2281 Septuaginta
3121 2210 3383 2280 scriptum
3409 2218 3513 2278 est,
3544 2224 3626 2263 re-

2039 2303 2240 2372 pletam
2274 2317 2396 2359 esse
2426 2313 2626 2359 terram
2654 2304 2869 2375 populis
2887 2343 2902 2369 ,
2930 2303 3073 2358 dicet
3101 2303 3222 2373 quis
3249 2301 3416 2375 E35
3450 2302 3622 2357 multa

2039 2403 2097 2449 et
2123 2395 2395 2467 allophyla
2443 2404 2608 2466 atque
2634 2409 2687 2450 .a
2736 2396 2937 2451 deitate
2966 2394 3141 2449 alic’na
3179 2394 3433 2466 dogmata
3461 2394 3623 2450 nobis

2036 2487 2215 2542 accita
2242 2501 2366 2542 esse
2385 2527 2401 2552 ,
2431 2502 2541 2541 non
2573 2485 2834 2557 populum
2858 2527 2874 2554 ,
2922 2487 3017 2542 sed
3064 2487 3266 2541 multos
3294 2486 3622 2542 dissidentes

2039 2579 2293 2648 populos.
2349 2579 2513 2635 Forte
2565 2594 2698 2633 vero
2750 2578 2891 2633 inter
2941 2590 3160 2649 peccata
3216 2579 3619 2634 numerandum

2038 2680 2143 2737 est,
2163 2671 2309 2741 quod
2337 2681 2480 2725 terra
2507 2685 2672 2741 quam
2702 2669 2951 2739 frugibus
2983 2672 3197 2742 plenam
3222 2686 3344 2726 esse
3369 2670 3618 2737 decebat,

2037 2763 2242 2835 quippe
2291 2764 2453 2817 aliam
2481 2762 2781 2828 acivitate;
2818 2763 2884 2817 iis
2930 2764 3150 2833 quidem
3206 2779 3376 2818 vacua
3405 2763 3512 2829 sit,
3540 2761 3625 2816 af-

2040 2854 2179 2910 ﬂuat
2221 2862 2404 2910 autem
2445 2854 2647 2925 populo
2688 2854 2783 2923 qui
2818 2855 3089 2911 civitatem
3121 2854 3205 2909 vel
3231 2854 3396 2909 etiam
3429 2853 3624 2909 civita-

2036 2953 2124 3002 tes
2152 2947 2387 3002 deserat.
2427 2944 2766 3017 Magniﬁcata
2796 2954 2879 3002 est
2914 2955 3095 3001 autem
3125 2946 3388 3017 majorem
3418 2947 3472 3003 in
3507 2963 3625 3001 mo-

2038 3039 2165 3095 dum
2196 3039 2460 3108 iniquitas
2490 3039 2664 3109 gentis
2688 3037 2856 3093 lsrael
2884 3047 2938 3093 et
2965 3036 3102 3093 Juda
3125 3080 3140 3106 ,
3191 3054 3255 3093 eo
3281 3038 3427 3109 quod
3456 3039 3621 3095 etiam

2035 3125 2231 3180 civitas
2255 3125 2452 3195 repleta
2473 3134 2549 3180 est
2581 3125 2863 3196 iniquitate
2903 3135 2953 3183 et
2981 3127 3321 3181 immunditia
3347 3128 3389 3183 ⁸.
3443 3127 3622 3183 liabe-

2037 3231 2162 3271 mus
2190 3231 2353 3286 porro
2384 3217 2439 3271 in
2472 3218 2633 3274 nobis
2659 3217 2823 3274 etiam
2856 3227 3060 3277 terram
3086 3218 3372 3279 colendam
3400 3229 3455 3274 et
3483 3220 3620 3275 civi-

2038 3313 2204 3361 tatem
2225 3305 2603 3363 aediﬁcandam
2630 3325 2647 3363 :
2673 3307 3118 3377 quandoquidem
3145 3308 3244 3363 Dei
3267 3309 3619 3379 agrirullura,

2038 3398 2138 3453 Dei
2168 3398 2461 3469 aediﬁcatio
2491 3414 2685 3456 sumus
2717 3400 2760 3456 ⁸.
2802 3399 2879 3455 De
2906 3400 3107 3471 quibus
3137 3416 3266 3456 vero
3297 3418 3408 3457 non
3443 3410 3618 3469 curat,

2040 3491 2138 3547 sed
2180 3491 2361 3547 solum
2408 3490 2574 3548 habet
2618 3492 2873 3562 populos,
2914 3501 2972 3553 et
3001 3475 3367 3562 iniquitatem,
3420 3496 3616 3551 horum

2039 3583 2302 3654 iniquitas
2327 3582 2674 3653 magniﬁcam
2703 3593 2790 3640 est
2818 3585 3008 3652 valde;
3043 3601 3281 3655 quorum
3318 3603 3448 3641 vero
3480 3605 3618 3646 non-

2037 3672 2171 3728 dum
2207 3673 2552 3744 magnificam
2593 3682 2714 3739 est,
2762 3674 2914 3730 aliud
2938 3674 3069 3744 quid
3096 3674 3249 3730 deest
3284 3683 3342 3730 ut
3368 3678 3624 3744 magniﬁ-

2037 3777 2210 3825 cetur.
2277 3767 2593 3838 Eademque
2620 3769 2762 3824 ratio
2794 3779 2880 3825 est
2912 3769 2979 3824 de
3009 3768 3374 3829 immunditia.
3442 3770 3620 3827 Caete-

2034 3877 2158 3919 rum
2184 3877 2352 3918 causa
2378 3877 2478 3916 cur
2497 3856 2620 3918 hac
2645 3862 2922 3928 eveniant,
2945 3876 3011 3923 ca
3039 3870 3119 3918 est
3145 3861 3295 3931 quod
3317 3861 3620 3918 Providen-

354 3954 430 4007 tia
460 3952 527 4007 ad
555 3959 769 4008 terrena
792 3951 911 4013 hac
934 3950 1243 4022 pertingere
1273 3965 1382 4006 non
1411 3950 1752 4007 existimetur
1782 3967 1800 4004 :
1829 3949 2094 4006 Dixerunt
2132 3951 2319 4017 enim,
2366 3950 2659 4021 Derdiquit
2696 3949 2957 4009 Dominus
2987 3961 3184 4007 terram
3211 3967 3230 4007 :
3255 3969 3360 4009 non
3408 3956 3620 4027 inspicit

349 4042 615 4098 Dominus
642 4044 689 4097 ³.

1018 4138 1174 4191 ΚΕΦ.
1215 4139 1273 4192 Ῑ’.

430 4231 723 4302 Ὀμοιωμα
754 4233 973 4299 θρόνου
994 4229 1093 4282 ἐπ’
1118 4226 1338 4283 αὐτῶν.
1375 4228 1451 4282 Οὐ
1482 4227 1672 4301 θρόνον
1700 4228 1778 4296 δὲ,
1815 4228 1931 4284 ἀλλ’

345 4323 599 4395 ὁμοίωμα
631 4323 822 4395 θρόνου
854 4322 959 4393 ὁρᾷ
985 4322 1015 4374 ό
1046 4321 1352 4393 προφήτης
1384 4318 1573 4392 ὥσπερ
1605 4320 1700 4375 καὶ
1727 4321 1786 4374 ὲν
1817 4321 1931 4385 τοῖς

342 4414 605 4487 ἀνωτέρω
654 4415 822 4485 φησὶν
869 4413 931 4467 οὺ
979 4413 1079 4485 τὴν
1131 4411 1293 4479 δόξαν
1342 4411 1553 4484 Κυρίου
1600 4413 1757 4485 ὁρᾷν,
1812 4411 1928 4467 ἀλλ’

340 4505 603 4576 ὁμοίωμα
665 4503 823 4575 δόξης
882 4501 1113 4574 Κυρίου,
1172 4501 1375 4572 λέγων⁸
1406 4503 1570 4571 Αὕτη
1623 4502 1664 4571 ἡ
1702 4502 1932 4571 ,ὅρασις

345 4593 610 4663 ὁμοίωμα
649 4590 763 4660 τῆς
789 4590 974 4660 δόξης
999 4591 1248 4660 Κυρίου.
1279 4591 1392 4645 Καὶ
1427 4592 1489 4646 οὐ
1528 4591 1843 4664 θαυμαστὸν
1875 4593 1928 4647 si

340 4687 398 4740 oi.
435 4684 659 4757 μηδέπω
689 4681 967 4757 προσώπῳ
1003 4683 1142 4755 πρὸς
1175 4683 1466 4756 πρόσωπον
1495 4682 1568 4738 τὰ
1617 4684 1926 4755 πράγματα

344 4779 632 4833 κατανοεῖν
665 4776 952 4847 δυνάμενοι
973 4775 1192 4831 πάντων
1224 4774 1447 4833 ἐκείνων
1464 4773 1788 4847 ὁμοιώματα
1812 4774 1929 4847 βλέ-

345 4885 563 4935 πουσιν,
602 4870 694 4923 ὅτε
729 4867 1005 4934 ἀξιοῦνται
1048 4866 1143 4925 τοῦ
1183 4866 1429 4939 θεωρεῖν.
1463 4867 1688 4939 Νομίζω
1735 4868 1814 4933 δὲ,
1844 4868 1927 4921 ὅτι

344 4957 446 5014 καὶ
477 4957 704 5014 ἐνύπνια
742 4959 871 5031 περὶ
916 4955 1028 5019 τῶν
1073 4957 1360 5030 βασιλειῶν
1406 4958 1571 5031 μέχρι
1600 4959 1697 5030 τῆς
1743 4975 1925 5014 συντε-

343 5050 496 5116 λείας
533 5054 630 5108 καὶ
667 5053 766 5125 τῆς
808 5051 1160 5129 ἀναστάσεως
1195 5050 1407 5122 βλέπων
1453 5050 1655 5124 Δανιὴλ
1695 5051 1755 5105 ὲν
1784 5068 1923 5121 φαν-

342 5145 513 5217 τασίᾳ
543 5145 753 5214 ἐγίνετο
786 5144 1153 5216 δεικνυμένων
1178 5143 1540 5215 ὁμοιωμάτων
1572 5143 1740 5214 αὐτῷ.
1770 5142 1926 5199 Οὕτω

344 5235 490 5294 κατὰ
518 5237 668 5310 ῦπαρ
688 5254 775 5302 τις
809 5236 1041 5308 βλέπων,
1059 5235 1400 5306 τυπουμένου
1423 5235 1572 5306 αὐτῷ
1604 5235 1698 5291 τοῦ
1720 5239 1927 5309 ἡγεμο-

342 5328 500 5385 νικοῦ
549 5328 660 5389 ἀπὸ
699 5329 796 5384 τοῦ
836 5328 1174 5401 προφητικοῦ
1214 5327 1551 5399 Πνεύματος,
1604 5328 1926 5400 ὁμοιώματά

340 5437 468 5474 τινα
502 5421 855 5491 φαντάζεται,
885 5420 1189 5499 συμϐολικὰ
1209 5420 1319 5475 τῶν
1346 5419 1649 5491 ἀληθινῶν
1687 5421 1761 5492 μὴ
1786 5437 1920 5490 συγ-

340 5513 629 5586 χωρούσης
659 5514 760 5585 τῆς
793 5515 1246 5586 ἀνακεκραμένης
1288 5515 1449 5585 πάχει
1479 5514 1574 5567 καὶ
1598 5512 1788 5583 γεώδει
1817 5515 1921 5567 σώ-

345 5620 479 5676 ματι
506 5605 686 5677 ψυχῆς
716 5608 1075 5679 τρστνδστερον
1118 5608 1213 5663 καὶ
1256 5606 1588 5678 σαφέστερόν
1620 5623 1675 5659 τι
1711 5605 1921 5679 θεωρῆ-

2687 4137 2840 4195 CAP.
2874 4138 2942 4194 Χ.

2110 4230 2420 4286 Similitudo
2453 4230 2626 4286 throni
2655 4246 2814 4300 super
2839 4248 2898 4287 eo
2923 4233 2965 4286 ⁸.
3024 4230 3140 4288 Non
3186 4234 3448 4293 thronum
3470 4277 3487 4306 ,
3519 4241 3616 4303 sed

2035 4323 2219 4378 throni
2268 4322 2685 4378 similitudinem
2738 4322 2884 4379 videt
2933 4325 3220 4396 propheta,
3257 4330 3617 4397 quemadmo-

2022 4413 2166 4469 dum
2194 4415 2360 4470 etiam
2387 4415 2443 4473 in
2479 4414 2857 4484 superioribus
2905 4416 2984 4471 ait
3023 4415 3223 4474 vidisse
3269 4434 3329 4474 se
3371 4435 3479 4476 non
3508 4420 3617 4477 Do-

2035 4506 2172 4562 mini
2221 4505 2474 4578 gloriam,
2520 4505 2616 4563 sed
2665 4505 3079 4563 similitudinem
3137 4507 3323 4579 gloriae
3373 4509 3613 4582 Domini,

2033 4599 2225 4656 dicens
2251 4598 2273 4631 "
2306 4616 2323 4652 ε
2353 4597 2485 4652 Haec
2508 4597 2640 4654 visio
2669 4597 2967 4653 similitudo
2995 4599 3182 4671 gloria:
3217 4600 3454 4660 Domini.
3493 4604 3613 4662 Non

2033 4691 2239 4747 mirum
2288 4698 2474 4746 autem
2518 4690 2567 4746 si
2609 4690 2705 4762 qui
2740 4689 2974 4753 necdum
3025 4690 3166 4748 facie
3206 4694 3272 4755 ad
3305 4695 3497 4753 faciem
3526 4714 3615 4755 res

2032 4783 2345 4854 perspicere
2395 4781 2612 4850 valent,
2660 4782 2876 4837 illarum
2934 4783 3180 4839 omnium
3226 4785 3612 4848 similitudines

2028 4876 2240 4942 vident,
2283 4889 2409 4931 eum
2438 4872 2563 4929 illas
2592 4887 2818 4931 cernere
2846 4873 2926 4931 eis
2959 4884 3268 4945 praestatur.
3342 4876 3611 4937 Existimo

2025 4976 2241 5035 autem,
2294 4982 2418 5024 cum
2446 4974 2502 5022 et
2522 4965 2710 5022 Daniel
2739 4966 3012 5022 insomnia
3042 4966 3250 5025 videret
3275 4968 3343 5024 de
3365 4969 3611 5040 imperiis

2025 5075 2204 5131 usque
2278 5059 2348 5115 ad
2409 5058 2942 5117 consummationem
3011 5066 3067 5114 et
3129 5060 3608 5128 resurrectionem,

2026 5153 2194 5209 menti
2249 5152 2369 5222 ejus
2416 5150 2728 5207 occurrisse
2775 5150 3185 5206 similitudines.
3254 5150 3346 5217 Sic
3386 5155 3607 5224 quando

2022 5240 2154 5309 quis
2183 5254 2369 5295 veram
2402 5238 2569 5302 habet
2592 5236 2881 5305 visionem,
2907 5236 3236 5296 informante
3262 5241 3412 5300 illius
3454 5259 3608 5297 men-

2028 5338 2137 5385 tem
2202 5329 2408 5400 Spiritu
2469 5328 2830 5400 prophetico,
2898 5329 3284 5386 similitudines
3341 5333 3604 5402 quasdam

2030 5423 2216 5478 animo
2269 5423 2506 5493 cogitat,
2566 5436 2822 5476 verorum
2876 5421 3031 5492 signa
3092 5437 3108 5476 :
3168 5423 3298 5492 quia
3346 5424 3604 5479 nimirum

2026 5515 2211 5569 anima
2239 5528 2429 5569 crasso
2455 5521 2511 5569 et
2526 5522 2743 5569 terreno
2759 5513 2975 5583 corpori
2994 5512 3256 5584 immista,
3278 5513 3477 5571 clarius
3504 5515 3607 5573 ali-

2022 5605 2155 5677 quid
2184 5620 2253 5661 ac
2281 5603 2627 5661 manifestius
2648 5603 2896 5660 contueri
2930 5619 3039 5660 non
3068 5605 3219 5662 sinit.
3295 5602 3607 5667 Observan-

414 5776 433 5805 ²
461 5791 656 5848 Ezech.
688 5808 764 5847 ιι.
804 5791 857 5846 9.
953 5791 1123 5849 'ibid.
1155 5794 1209 5850 9.
1284 5794 1349 5851 ’⁸1
1380 5794 1504 5852 Cor.
1538 5811 1622 5864 lli,
1654 5794 1707 5849 9.
1748 5796 1769 5829 ⁸
1794 5793 1991 5852 Ezech.
2027 5810 2105 5862 ιχ,
2130 5793 2182 5849 9.
2262 5794 2496 5852 'Ezcch.
2529 5809 2584 5861 x,
2606 5793 2657 5847 Ι.
2734 5794 2755 5824 "
2778 5789 2974 5849 Ezech.
3006 5790 3136 5861 11,1.
