4128 6480
537 316 638 375 803

1935 320 2027 377 EX
2058 316 2365 377 ORIGENE

3719 325 3840 386 εει

529 447 663 503 dum
692 455 874 503 autem
913 445 1425 517 imprrcscntiarum,
1447 444 1624 500 virum
1659 443 1909 499 indutum
1948 443 2117 498 fuisse

2224 459 2334 495 σαι.
2368 441 2710 513 Σημειωτέον
2750 440 2807 495 δὲ
2840 439 2955 503 νῦν,
2992 439 3073 494 ὅτι
3118 442 3147 494 ὁ
3192 441 3333 513 ἀνὴρ
3380 442 3481 497 οὐκ
3514 440 3845 503 ἀνενδέδυτο

533 555 645 594 non
677 549 827 595 veste
856 539 1036 602 talari,
1090 538 1183 593 sed
1217 538 1419 592 tunica.
1485 534 1626 604 Quia
1656 537 1801 591 enim
1830 535 2120 591 auditurus

533 640 653 686 erat
678 651 697 687 ι
732 629 1015 703 Ingredere
1061 632 1116 683 in
1162 630 1393 684 medium
1442 639 1683 682 rotarum
1714 628 1899 682 subtus
1930 628 2121 681 cheru-

536 724 676 788 bim,
707 732 761 777 et
794 722 955 792 imple
987 738 1176 777 manus
1204 732 1325 776 tuas
1362 721 1677 776 carbonibus
1705 722 1842 792 ignis
1872 720 1894 753 ⁸
1914 762 1929 789 ,
1984 720 2123 775 hila-

534 814 681 868 iiore
735 823 886 869 veste
927 813 1219 868 donandus
1271 822 1408 877 erat,
1462 814 1665 884 quippe
1713 813 1991 868 civitatem
2023 828 2123 868 ex-

535 905 784 976 piaturus
818 906 954 961 viris
981 907 1220 977 plenam,
1260 906 1723 977 quemadmodum
1757 922 1923 977 supra
1960 906 2119 961 dixit.

1170 1090 1328 1147 CAP.
1382 1089 1479 1145 XI.

602 1180 712 1248 Qui
758 1183 941 1239 dicunt
990 1198 1011 1236 :
1064 1181 1257 1238 Nonne
1291 1194 1524 1239 recenter
1550 1182 1833 1252 ludificata
1878 1193 2003 1239 sunt
2022 1184 2123 1239 do-

535 1292 648 1329 mus
677 1277 745 1332 ’ἓ
779 1275 954 1347 Hujus
981 1276 1084 1332 loci
1112 1291 1311 1332 sensus
1343 1276 1433 1332 bic
1455 1286 1538 1331 est
1568 1295 1583 1331 :
1631 1275 1696 1329 Hi
1723 1317 1740 1342 ,
1775 1277 1985 1346 inquit,
2035 1278 2121 1333 vi-

532 1367 727 1422 dentes
756 1380 951 1422 recens
974 1366 1298 1422 aediﬁcatam
1325 1365 1602 1421 civitatem
1632 1381 1663 1421 a
1689 1366 1977 1436 superiore
2000 1368 2123 1438 ejus

532 1458 874 1528 captivitate,
929 1458 1122 1514 dicunt
1168 1477 1182 1512 :
1234 1457 1353 1513 Etsi
1385 1466 1636 1513 recenter
1677 1457 1957 1512 aediﬁcata:
1990 1466 2124 1514 sunt

535 1550 732 1604 domus
753 1589 767 1612 .
815 1548 932 1619 ipsa
977 1557 1163 1604 tamen
1194 1548 1390 1604 civitas
1423 1548 1623 1603 similis
1653 1556 1739 1603 est
1768 1548 1930 1604 lebeti
1961 1549 2122 1619 pleno

535 1641 897 1697 cadaveribus
920 1641 1087 1713 426
1109 1656 1233 1710 qua
1259 1641 1352 1695 illo
1380 1641 1788 1697 contineantur.
1846 1639 1961 1698 Nos
1988 1656 2121 1699 vero

2223 532 2457 604 ποδήρη,
2491 530 2626 585 ἀλλὰ
2662 532 2879 603 στολήν.
2928 528 3149 601 Ἐπειδὴ
3179 531 3291 603 γὰρ
3319 531 3546 603 ἔμελλεν
3575 535 3835 602 ἀκούειν,

2217 625 2475 679 Etet-2.268
2505 627 2594 691 εὶς
2626 624 2692 678 τὸ
2719 626 2917 694 μέσον
2958 625 3080 679 τῶν
3112 624 3349 695 τροχῶν
3389 628 3673 685 ὑποκάτω
3704 634 3836 688 τῶν

2222 716 2532 788 χερουϐὶμ,
2572 716 2673 770 καὶ
2698 716 2951 786 πλῆσον
2981 717 3090 785 τὰς
3116 715 3325 789 χεᾷιιίς
3356 735 3476 775 σου
3510 722 3837 792 ἀνθράκων

2223 809 2437 878 πυρὸς,
2491 809 2597 864 ἔδει
2638 810 2801 863 αὐτὸν
2854 810 3186 883 ἱλαρώτερον
3236 813 3663 884 ἀμφιέννυσθαι,
3723 835 3831 873 κα-

2224 898 2435 971 θαίρειν
2465 899 2725 971 μέλλοντα
2755 900 2876 972 τὴν,
2914 899 3102 966 καθὼς
3132 898 3287 957 εἶπεν
3324 905 3385 957 ὲν
3420 908 3533 970 τοῖς
3560 907 3669 978 πρὸ
3698 909 3830 963 τοὺ-

2221 1007 2338 1055 του,
2367 990 2808 1062 πεπληρωμένην
2838 992 2992 1046 πόλιν
3027 993 3260 1065 ἀνδρῶν.

2862 1085 3024 1141 ΚΕΦ.
3066 1087 3172 1141 IA'.

2297 1175 2362 1228 Ol
2394 1173 2704 1245 λέγοντες·
2736 1174 2884 1243 Οὐχὶ
2921 1177 3288 1247 προσφάτως
3314 1179 3727 1253 ᾠκοδόμηνται
3757 1182 3825 1239 αι

2223 1267 2426 1322 οἰκίαι.
2466 1267 2526 1321 '0
2551 1266 2677 1332 νοῦς
2705 1267 2798 1321 τοῦ
2838 1271 3203 1341 προκειμένου
3245 1273 3485 1340 τοιοῦτός
3511 1280 3680 1332 ἐστιν·
3712 1271 3822 1331 Οὗ-

2220 1376 2323 1421 τοι,
2368 1360 2521 1432 φησὶ,
2555 1359 2796 1428 λέγουσι,
2842 1360 3039 1414 νεωστὶ
3077 1362 3316 1434 ὁρῶντες
3345 1367 3454 1427 άπὸ
3484 1368 3584 1440 τῆς
3616 1387 3817 1443 προγε..

2222 1450 2456 1522 νομένης
2482 1451 2862 1522 αἰχμαλωσίας
2891 1453 3343 1527 οἰκοδομηθεῖσαν
3373 1457 3470 1530 τὴν
3505 1460 3681 1526 πόλιν,
3705 1463 3812 1525 ὅτι,

2222 1544 2271 1595 εἰ
2321 1543 2417 1596 καὶ
2463 1541 2796 1615 προσφάτως
2844 1543 3222 1617 ᾠκοδόμηνται
3270 1549 3327 1603 αἱ
3374 1550 3565 1616 οἰκίαι,
3612 1549 3732 1605 ἀλλ’
3778 1555 3812 1625 η

2224 1634 2379 1699 πόλις
2405 1634 2544 1707 αὕτη
2582 1634 2726 1688 ἔοικε
2774 1635 2962 1718 λέϐητι
3007 1638 3419 1712 πεπληρωμένῳ
3462 1642 3676 1715 νεκρῶν
3714 1662 3816 1699 πε-

534 1732 794 1787 carnibus
824 1733 878 1786 in
903 1732 1009 1786 olla
1042 1732 1236 1802 positis
1264 1732 1474 1787 similes
1502 1748 1717 1800 sumus,
1747 1734 2117 1790 circumdaute

2225 1728 2555 1799 ριεχομένων
2584 1728 2675 1783 ὑπ’
2722 1727 2913 1784 αὑτοῦ.
2958 1730 3079 1785 Τῶν
3104 1731 3162 1784 δὲ
3202 1733 3261 1786 ἐν
3284 1732 3363 1804 τῷ
3401 1734 3588 1806 λέϐητι
3633 1738 3814 1808 κρεῶν

530 1841 635 1880 nos
672 1794 1095 1896 Babyloniorum
1120 1825 1267 1895 igne,
1293 1834 1353 1879 ut
1377 1840 1410 1879 a
1435 1825 1657 1881 ﬂamma
1685 1794 1830 1896 ignis
1862 1827 2117 1883 inimico-

2224 1794 2393 1887 λόγον⁷
2424 1820 2694 1891 ἐπέχομεν
2726 1822 2908 1893 ἡμεῖς,
2950 1821 3047 1877 τοῦ
3093 1823 3202 1877 τῶν
3237 1794 3598 1884 Βαϐυλωνίων
3636 1794 3814 1902 πυρὸς

528 1935 654 1975 rum
685 1919 916 1974 evadere
951 1932 1059 1970 non
1094 1916 1395 1985 possimus.
1475 1915 1582 1971 Sed
1633 1932 1745 1972 non
1787 1934 1978 1973 verum
2013 1928 2117 1985 est,

531 2011 731 2082 inquit,
763 2009 910 2079 quod
939 2007 1182 2063 dixistis.
1214 2006 1370 2073 Quod
1399 2008 1545 2062 enim
1581 2023 1780 2077 magna
1818 2008 2012 2066 civitas
2049 2011 2122 2067 sit

531 2098 640 2155 olla
660 2140 675 2165 ,
727 2098 783 2152 id
827 2112 957 2153 vere
998 2095 1255 2163 dixistis;
1305 2110 1415 2151 non
1452 2105 1635 2151 autem
1656 2136 1671 2162 ,
1702 2100 1848 2169 quod
1878 2113 1976 2154 vos
1999 2099 2120 2155 sitis

531 2205 665 2246 caro
695 2204 820 2260 qua:
852 2188 908 2242 in
936 2187 1028 2241 illa
1060 2195 1164 2242 est.
1205 2185 1404 2241 Morini
1436 2185 1655 2257 quidem
1689 2201 1828 2258 quos
1856 2187 1913 2242 in
1939 2189 2120 2245 medio

530 2282 654 2353 ejus
687 2279 1059 2351 pereussistis,
1106 2293 1300 2336 carnes
1342 2287 1504 2346 sunt;
1541 2278 1737 2336 civitas
1784 2295 1917 2336 vero
1948 2280 2115 2338 lebes.

534 2372 648 2430 Vos
677 2381 859 2428 autem
896 2386 1005 2427 non
1033 2372 1088 2426 iu
1115 2387 1179 2427 ea
1210 2370 1521 2427 manebitis.
1561 2370 1831 2427 Futurum
1860 2379 1946 2429 est
1970 2373 2118 2429 enim

534 2472 597 2519 ut
627 2479 728 2520 vos
758 2464 1009 2518 educam.
1072 2462 1280 2518 Civitas
1325 2462 1494 2533 igitur
1524 2465 1746 2520 tametsi
1793 2465 1920 2522 aliis
1969 2466 2120 2522 lebes

533 2565 639 2624 est,
670 2564 727 2611 at
757 2570 866 2611 non
895 2554 1048 2610 vobis
1072 2572 1086 2607 :
1111 2563 1165 2609 et
1190 2553 1238 2608 si
1265 2554 1490 2624 quidam
1520 2555 1575 2609 in
1601 2556 1784 2611 medio
1811 2556 1933 2627 ejus
1955 2567 2119 2614 erunt

531 2650 586 2706 in
618 2664 845 2714 carnes,
880 2648 975 2703 sed
1022 2661 1133 2702 non
1158 2661 1256 2702 vos
1279 2647 1455 2702 eritis.
1524 2645 1793 2704 iudicabo
1817 2649 1966 2705 enim
1997 2664 2116 2717 vos,

528 2757 657 2798 cum
686 2742 744 2797 in
774 2754 1023 2798 summos
1046 2740 1316 2796 montium
1347 2738 1516 2796 Israel
1536 2740 1769 2797 vertices
1788 2742 2074 2799 evaseritis
2098 2760 2116 2798 :

530 2835 663 2890 talia
704 2850 794 2890 me
824 2834 983 2891 vobis
1009 2834 1392 2906 praecipiente,
1443 2841 1504 2889 ut
1536 2844 1724 2905 postea
1755 2835 1947 2893 sciatis
1984 2836 2117 2908 quia

528 2943 634 2999 ego
664 2943 787 2985 sum
816 2926 1099 2983 Dominus.

1156 3114 1313 3171 CAP.
1356 3113 1495 3169 Xlll.

611 3206 918 3265 Vaticinare
967 3224 1124 3279 super
1171 3208 1452 3279 prophetas
1508 3205 1682 3262 Israel
1713 3207 1779 3263 “.
1832 3205 2117 3279 Propheta

532 3313 662 3358 sunt
693 3303 787 3375 qui
821 3305 957 3359 bene
990 3303 1306 3359 ministrant
1348 3300 1518 3357 verbo
1559 3302 1855 3370 doctrinae,
1906 3310 1963 3358 et
1993 3315 2117 3373 quae

535 3398 629 3454 Dei
659 3406 788 3454 sunt
816 3396 1205 3452 vaticinantur.

606 3488 676 3546 Et
702 3490 845 3546 dices
890 3488 960 3543 ad
989 3504 1076 3543 eos
1115 3488 1207 3558 qui
1239 3488 1598 3542 vaticinantur
1643 3503 1709 3542 ea;
1737 3486 1897 3541 corde
1918 3502 2016 3541 suo
2045 3488 2112 3544 ".

529 3578 1030 3652 Pseudoprophetae
1081 3587 1232 3644 sunt,
1285 3579 1379 3648 qui
1425 3593 1494 3633 ex
1538 3578 1775 3648 reprobo
1819 3576 1983 3633 corde
2011 3592 2115 3633 suo

530 3675 756 3732 oracula
807 3670 1322 3737 comminiscuntur,
1365 3678 1426 3725 et
1469 3684 1812 3741 quaecunque
1836 3670 2114 3725 contraria

528 3776 770 3839 potestas
797 3764 1058 3836 suggerit.
1934 3806 1941 3810 .

603 3857 879 3928 Ejusdem.
945 3854 1143 3911 Omnia
1185 3869 1310 3925 qua
1339 3854 1407 3909 de
1432 3853 1716 3924 prophetis
1746 3862 1842 3909 aut
1880 3852 2116 3924 pseudo-

531 3950 813 4024 prophetis
859 3947 1064 4016 seripta
1109 3954 1269 4012 sunt,
1313 3945 1382 4000 de
1435 3943 1693 3999 omnibus
1738 3943 2016 4014 magistris
2060 3951 2118 3999 et

532 4039 1023 4115 pseudomagistris
1056 4037 1468 4109 intelliguntur,
1502 4036 1812 4093 visibilibus
1842 4046 1897 4093 et
1922 4037 2116 4093 invisi-

530 4137 755 4193 bilibus.

603 4230 877 4303 Ejusdem.
934 4227 1039 4296 Qui
1065 4242 1131 4282 ex
1165 4224 1330 4282 corde
1357 4222 1603 4292 loquitur
1633 4223 1755 4279 sine
1811 4223 1999 4279 aﬂlatu
2032 4223 2115 4278 di-

529 4324 641 4379 vini
679 4320 935 4393 Spiritus,
972 4316 1446 4391 pseudopropbeta
1474 4322 1579 4370 est.

612 4416 702 4471 Va:
729 4416 810 4469 his
836 4415 927 4485 qui
948 4412 1262 4483 prophetam
1283 4409 1348 4462 de
1371 4411 1530 4462 corde
1552 4424 1648 4463 suo
1667 4409 1711 4441 “
1738 4409 1751 4463 !
1794 4407 1898 4476 Qui
1927 4407 2118 4463 ambu-

2223 1912 2607 1985 περικειμένου
2640 1914 2795 1983 ἡμῖν,
2821 1912 2897 1978 ὡς
2925 1913 3001 1985 μὴ
3024 1914 3286 1970 δύνασθαι
3307 1918 3453 1989 ἡμᾶς
3484 1923 3678 1991 φυγεῖν
3707 1923 3820 1978 ἀπὸ

2221 2004 2322 2075 τῆς
2350 2003 2548 2073 φλογὸς
2578 2002 2669 2056 τοῦ
2697 2003 2804 2057 τῶν
2838 2004 3115 2076 πολεμίων
3145 2006 3338 2078 πυρός.
3390 2009 3529 2063 Ἀλλ’
3554 2012 3659 2066 οὐκ
3684 2012 3818 2087 άλη-

2222 2093 2314 2157 Θές
2340 2094 2480 2158 ἐστι,
2509 2095 2695 2164 φησιν,
2717 2094 2747 2147 ὃ
2769 2094 3050 2166 εἰρήκατε.
3079 2096 3200 2150 Ὀτι
3224 2098 3435 2171 μεγάλη
3462 2101 3571 2173 γὰρ
3599 2104 3634 2174 ἡ
3660 2104 3816 2171 πόλις

2219 2187 2370 2241 ἐστὶν
2402 2187 2432 2240 ὁ
2463 2186 2629 2259 λέϐης
2663 2185 3002 2257 ὴληθεύσατε
3021 2189 3192 2260 ὀὐχὶ
3222 2191 3280 2244 δὲ
3322 2193 3421 2247 καὶ
3454 2194 3536 2249 ὅτι
3566 2195 3728 2267 ὑμεῖς
3753 2199 3816 2254 τδ

2219 2280 2281 2334 ὲν
2328 2279 2482 2352 μέσῳ
2523 2280 2698 2351 αὐτῆς
2731 2280 2902 2352 κρέα⁸
2952 2282 3004 2338 οί
3047 2281 3159 2355 γὰρ
3210 2286 3396 2358 νεκροὶ
3433 2285 3529 2352 οὓς
3565 2289 3627 2345 ὲν
3661 2290 3815 2364 μέσῳ

2220 2373 2395 2445 αὐτῆς
2425 2373 2758 2441 ὲπατάξατε,
2803 2368 2949 2429 οὗτοί
2980 2377 3088 2429 εἱσι
3125 2375 3197 2431 τὰ
3238 2380 3400 2452 κρέαο
3435 2381 3469 2452 ἡ
3511 2381 3570 2434 δὲ
3601 2384 3754 2449 πόλις
3784 2386 3815 2439 6

2219 2465 2406 2539 λέϐης.
2450 2466 2639 2539 Ὑμεῖς
2660 2466 2719 2520 δὲ
2748 2466 2813 2520 οὐ
2844 2470 3054 2539 μενεῖτε
3081 2470 3142 2525 ὲν
3171 2473 3240 2543 τῇ
3278 2471 3452 2526 πόλειο
3489 2473 3677 2539 ὲξὼσω
3703 2480 3814 2552 γὰρ

2221 2560 2389 2632 ὑμᾶς.
2437 2560 2650 2616 Οὐκοῦν
2687 2563 2723 2633 η
2772 2562 2930 2628 πόλις
2965 2565 3016 2618 εί
3049 2564 3233 2630 ἄλλοις
3270 2567 3420 2622 ἐστὶν
3459 2569 3540 2632 είς
3579 2568 3806 2640 λέϐητα,

2218 2653 2336 2708 ἀλλ’
2368 2653 2467 2725 οὐχ
2490 2654 2645 2725 ὑμῖν
2678 2654 2774 2709 καὶ
2793 2656 2844 2709 εί
2865 2655 3081 2711 ἔσονται
3103 2675 3246 2723 τινες
3270 2661 3328 2714 ἐν
3358 2660 3509 2733 μέσῳ
3529 2663 3700 2734 αὐτῆς
3729 2664 3809 2728 είς

2220 2744 2381 2817 κρέα,
2414 2744 2529 2800 ἀλλ’
2554 2745 2653 2817 οὐχ
2682 2746 2862 2817 ὑμεῖς.
2897 2747 3088 2818 Κρινῶ
3117 2749 3229 2820 γὰρ
3256 2751 3421 2823 ὑμᾶς,
3460 2754 3599 2824 πρὸς
3625 2755 3812 2821 αὐτοῖς

2218 2838 2334 2901 τοῖς
2361 2837 2555 2911 ἄκροις
2590 2837 2919 2909 γενομένους
2943 2840 3054 2896 τῶν
3074 2843 3172 2896 τοῦ
3212 2843 3426 2915 Ἰσραὴλ
3457 2845 3652 2917 ὀρέωνο
3686 2864 3809 2901 τοσ-

2222 2928 2368 2985 αῦτά
2415 2946 2521 3001 μου
2569 2930 2869 3001 ἐπάγοντος
2915 2932 3066 3005 ὑμῖν,
3104 2936 3256 3001 ὅπως
3288 2937 3384 2991 καὶ
3422 2935 3648 3011 ὕστερον
3690 2942 3811 2996 ἐπι-

2219 3020 2422 3091 γνῶτε,
2455 3023 2539 3077 ὅτι
2572 3022 2685 3094 ἐγώ
2721 3025 2836 3095 εἰμι
2866 3025 3094 3099 Κύριος.

2857 3121 3016 3176 ΚΕΦ.
3059 3123 3158 3177 ΙΓ’.

2169 3183 2189 3209 ’
2251 3209 2693 3281 Προφήτευσον
2718 3215 2818 3271 ἐπὶ
2858 3215 3002 3281 τοὺς
3042 3215 3356 3285 προφήτας
3390 3216 3498 3273 τοῦ
3536 3221 3807 3291 Ἰσραήλ.

2220 3300 2506 3372 Προφῆταί
2535 3304 2673 3358 εἰσιν
2711 3305 2761 3357 οἱ
2801 3303 2983 3367 καλῶς
3013 3302 3389 3369 διακονοῦντες
3419 3305 3509 3376 τῷ
3528 3306 3674 3379 λόγῳ
3713 3307 3811 3378 τῆς

2216 3392 2588 3459 διδασκαλίας,
2620 3396 2717 3449 καὶ
2742 3393 3175 3467 προφητεύοντες
3207 3396 3274 3450 τὰ
3297 3394 3391 3448 τοῦ
3419 3395 3575 3450 Θεοῦ.

2292 3489 2399 3543 Καὶ
2427 3488 2587 3557 ἐρεῖς
2627 3488 2752 3555 τοῖς
2790 3486 3126 3557 προφήταις
3163 3487 3289 3554 τοῖς
3315 3487 3808 3556 προφητεύουσιν

2216 3579 2338 3634 ἀ.τό
2380 3578 2629 3648 καρδίας
2657 3578 2878 3634 αὐτῶν.
2905 3579 3367 3653 Ψευδοπροφῆταί
3407 3581 3544 3634 εἰσιν
3573 3581 3623 3635 oi
3669 3598 3806 3654 χρη-

2220 3672 2541 3743 ματίζοντες
2563 3670 2635 3725 τὰ
2656 3671 2767 3725 ἀπὸ
2798 3672 2900 3742 τῆς
2926 3671 3188 3743 ἀδοκίμου
3223 3671 3452 3745 καρδίας
3477 3671 3680 3738 αὐτῶν,
3708 3671 3806 3727 καὶ

2216 3764 2319 3819 ὅσα
2350 3766 2383 3837 ὴ
2420 3765 2640 3819 ἐναντία
2663 3763 2894 3836 δύναμις
2919 3762 3271 3836 ὑπαγορεύει.

2296 3856 2408 3911 Τοῦ
2462 3855 2673 3911 αὐτοῦ.
2725 3856 2867 3910 Ὅσα
2915 3854 3046 3928 περὶ
3102 3853 3401 3929 προφητῶν
3435 3854 3724 3928 ἱστόρηται
3768 3856 3805 3930 ἢ

2216 3949 2699 4023 ψευδοπροφητῶν,
2763 3949 3132 4020 λαμϐάνονται
3183 3951 3264 4014 είς
3290 3950 3499 4015 πάντας
3552 3948 3810 4007 etsum-

2218 4044 2346 4109 λους
2366 4042 2462 4097 καὶ
2486 4041 3029 4113 ψευδοδιδασκάλους,
3056 4042 3285 4114 όρατοὺς
3316 4042 3412 4097 καὶ
3443 4042 3735 4115 άοράτους.

2297 4226 2411 4282 Τοῦ
2434 4225 2645 4281 αὐτοῦ.
2687 4224 2748 4280 Ὀ
2784 4225 2895 4280 ἀπὸ
2926 4225 3158 4299 καρδίας
3187 4222 3367 4280 λαλῶν
3392 4223 3499 4291 ἔξω
3530 4223 3627 4280 τοῦ
3657 4223 3808 4281 Θείου

2221 4317 2549 4389 Πνεύματός
2574 4321 2694 4372 ἐστι
2725 4317 3202 4390 ψευδοπροφήτης.

2297 4410 2445 4466 Οὐαὶ
2468 4412 2592 4478 τοῖς
2623 4413 3114 4481 προφητεύουσιν
3133 4410 3253 4466 ἀπὸ
3297 4410 3547 4481 καρδίας
3574 4409 3811 4466 αὐτῶν.Ρ

508 4504 609 4564 ἰιιι
634 4516 760 4580 post
788 4507 1038 4577 spiritum
1066 4520 1255 4569 suum,
1292 4501 1460 4559 animi
1495 4502 1803 4557 voluntates
1833 4502 2112 4571 sequitur;

2232 4503 2294 4557 '0
2346 4502 2710 4575 πορευόμενος
2749 4502 2928 4555 ὀπίσω
2970 4501 3066 4557 τοῦ
3115 4501 3429 4573 πνεύματος
3460 4501 3646 4556 ,αὐτοῦ
3693 4503 3811 4564 τοῖς

530 4600 626 4672 q‘ui
674 4607 851 4654 autem
896 4597 1142 4653 ambulat
1190 4605 1312 4668 post
1361 4595 1623 4667 Spiritum
1667 4603 1939 4659 sanctum,
1986 4602 2112 4663 post

532 4689 823 4746 Dominum
857 4686 1030 4745 Deum
1063 4687 1327 4752 ambulat,
1355 4687 1586 4760 ejusque
1608 4684 1919 4740 voluntates
1950 4697 2114 4739 exse-

527 4781 737 4854 quitur.

602 4867 875 4941 Ejusdem.
932 4869 1357 4926 Ambulantibus
1386 4877 1510 4940 post
1545 4869 1797 4940 spiritum
1829 4882 1991 4925 suum
2025 4866 2112 4923 di-

528 4966 607 5025 cit
636 4964 932 5036 Apostolus
959 4963 1005 4996 “
1035 4981 1049 5019 :
1089 4961 1265 5019 Orabo
1295 4963 1509 5032 spiritu,
1542 4962 1706 5016 orabo
1734 4969 1924 5015 mente.
1958 4958 2113 5026 Que-

533 5073 624 5114 res
660 5071 789 5113 num
817 5056 929 5111 duo
954 5057 1071 5112 haec
1104 5070 1273 5111 unum
1301 5054 1555 5124 idemque
1586 5053 1717 5118 sint,
1762 5058 1817 5107 et
1841 5052 1974 5123 quid
1998 5054 2116 5107 haec

529 5148 860 5223 signiﬁcent.

602 5243 882 5315 Propheta
910 5241 1011 5309 tui,
1044 5239 1239 5307 Israel,
1267 5240 1404 5297 sicut
1435 5238 1612 5309 vulpes
1638 5237 1704 5293 “.
1766 5237 1953 5293 Genus
1986 5236 2114 5304 hoc,

530 5353 627 5394 seu
660 5336 843 5408 potius
876 5334 1100 5401 animal,
1135 5341 1416 5389 versutum
1447 5341 1559 5395 est,
1588 5330 1763 5385 ferum
1791 5340 1843 5385 et
1873 5337 2109 5399 agreste,

532 5442 635 5482 nec
661 5425 838 5481 solum
874 5425 942 5479 de
965 5424 1134 5488 malo,
1180 5432 1236 5478 ct
1261 5432 1506 5484 versuto,
1555 5422 1864 5491 callideque
1888 5422 2114 5476 homine

534 5517 850 5589 intelligitur
869 5556 885 5582 ,
939 5517 1035 5572 sed
1065 5515 1227 5571 etiam
1261 5515 1328 5569 de
1356 5513 1637 5584 spiritibus
1664 5514 1758 5584 qui
1788 5513 1986 5572 similis
2017 5529 2111 5587 ge-

533 5613 610 5668 nii
640 5622 785 5670 sunt.
841 5611 905 5667 lli
935 5613 1080 5668 enim
1110 5612 1329 5683 prepria
1359 5620 1657 5682 operantur
1686 5610 1739 5665 in
1771 5612 1956 5667 anima
1988 5628 2111 5684 quas

2221 4594 2350 4665 θελή
2360 4611 2491 4665 μασι
2517 4594 2620 4665 τῆς
2643 4593 2824 4666 ψυχῆς
2846 4594 3149 4650 ἀκολουθεῢ
3171 4596 3200 4649 ό
3234 4595 3603 4667 πορευόμενος
3629 4594 3805 4647 ὀπίσω

2219 4688 2317 4741 τοῦ
2338 4688 2493 4757 ἁγίου
2520 4687 2858 4761 Πνεύματος,
2888 4688 3066 4743 ὀπίσω
3092 4687 3297 4760 Κυρίου
3320 4686 3413 4741 τοῦ
3446 4686 3605 4751 6e06,
3631 4685 3801 4740 ποιῶν

2216 4779 2385 4835 αὑτοῦ
2413 4779 2483 4835 τὰ
2512 4779 2815 4854 θελήματα.

2296 4872 2408 4929 Τοῦ
2448 4873 2660 4928 αὐτοῦ.
2701 4874 2830 4939 Τοῖς
2866 4874 3258 4947 πορευομένοις
3293 4871 3469 4927 ὀπίσω
3507 4868 3602 4924 τοῦ
3645 4870 3805 4925 πνεύ-

2224 4982 2393 5039 ματος
2429 4965 2609 5021 αὐτῶν
2639 4968 2670 5021 ό
2707 4967 3031 5031 Ἀπόσιτολος
3058 4966 3225 5035 λέγει·
3277 4963 3696 5035 Προσεύξομαι
3721 4963 3804 5030 τῷ

2217 5060 2532 5129 πνεύματι,
2569 5058 2979 5130 προσεύξομαι
3004 5058 3086 5125 τῷ
3104 5058 3217 5112 νοτ.
3246 5058 3356 5111 Καὶ
3380 5054 3640 5128 ζητήσεις
3668 5058 3719 5112 εί
3743 5055 3806 5113 εν

2212 5149 2286 5204 τὰ
2316 5150 2686 5223 ἁμφότερα,”ἢ
2715 5150 2800 5205 οὗο
2840 5151 2935 5206 καὶ
2965 5150 3021 5204 τί
3043 5149 3235 5206 ταῦτα.

2280 5245 2346 5296 οι
2371 5242 2674 5313 προφῆται
2702 5258 2843 5310 σου,
2861 5240 3132 5311 Ἰσραὴλ,
3155 5241 3237 5309 ὡς
3264 5239 3593 5309 ἀλώπεκες.
3632 5240 3808 5298 Τοῦτο

2217 5335 2281 5389 τὸ
2305 5336 2482 5405 γένος,
2516 5336 2716 5407 μᾶλλον
2741 5336 2800 5389 δὲ
2824 5336 2886 5389 τὸ
2917 5334 3075 5401 ζῶον,
3103 5332 3413 5405 πανοῦργόν
3435 5336 3552 5389 ἐστι
3581 5334 3677 5388 καὶ
3708 5334 3808 5408 θη-

2223 5427 2414 5501 ριῶδες
2454 5429 2548 5482 καὶ
2578 5426 2790 5499 ἄγριον·
2824 5428 2919 5481 καὶ
2955 5426 3019 5480 οὐ
3057 5425 3217 5498 μόνον
3253 5429 3334 5491 είς
3374 5426 3469 5480 τὸν
3509 5427 3678 5482 κακὸν
3709 5430 3804 5483 καὶ

2221 5519 2531 5592 πανοῦργον
2559 5520 2652 5574 καὶ
2685 5519 2914 5575 ὕπουλον
2939 5519 3228 5592 ἄνθρωπον
3271 5517 3631 5590 λαμϐάνεται,
3667 5519 3804 5572 ἀλλά

2218 5614 2316 5666 καὶ
2343 5613 2424 5676 εἰς
2446 5612 2609 5683 ὃμοια
2636 5611 2944 5683 πνεύματα.
2979 5611 3092 5667 Καὶ
3121 5602 3268 5664 οὗτοι
3296 5609 3406 5683 γὰρ
3430 5610 3711 5686 ξνεργοῦσι
3736 5610 3805 5664 τὰ

603 5718 840 5783 'Ezecb.
875 5727 1011 5794 χλ.
1108 5724 1334 5782 ’Ezcch
1387 5742 1464 5796 ιιι,
1513 5726 1566 5783 5.
1640 5723 1684 5757 ’θ
1707 5724 1904 5782 Ezceli.
1960 5743 2079 5795 xm,
2113 5727 2169 5781 2.
2247 5727 2286 5759 "
2314 5725 2445 5782 ibid.
2524 5726 2568 5758 ε’
2597 5726 2725 5781 ibid.
2781 5725 2833 5780 5.
2908 5724 3144 5781 "lCor.
3206 5722 3440 5791 xiv,15.
3511 5721 3555 5753 ¹⁸
3599 5719 3802 5776 Ezccb.

532 5811 654 5863 xm,
682 5799 735 5852 4.
