4128 6484
302 369 412 421 805

1508 355 1640 410 SEL
1653 355 1828 410 ECTA
1862 353 1930 408 iN
1971 353 2425 410 EZECHIELEM.

3483 357 3590 411 806

301 488 420 540 ὶδια
445 482 524 546 είς
557 481 652 552 τὴν
681 479 887 552 ἔρημον
921 477 1030 532 ἀπὸ
1051 476 1184 530 Θεοῦ
1204 475 1388 546 ψυχὴν
1429 477 1524 528 καὶ
1553 477 1651 544 τῆς
1681 476 1890 528 δικαιο-

1997 489 2025 526 a
2077 473 2188 528 Deo
2230 474 2460 544 ejusque
2506 473 2715 542 justitia
2743 474 2978 528 .dcserta
3016 485 3117 530 cst.
3166 474 3367 542 Qumrc
3402 485 3586 531 autem

312 574 479 644 σύνης
507 572 689 626 αὐτοῦ.
726 573 884 643 Ζήτει
912 571 968 623 δὲ
996 571 1088 623 καὶ
1110 569 1209 639 τὴν
1239 567 1436 638 πρᾶξιν
1465 567 1558 619 τοῦ
1587 566 1748 630 ζώου.

379 668 500 719 Οὐκ
545 664 817 729 ἔστησαν
847 663 917 714 ἐν
961 658 1338 728 στερεὼματι.
1381 659 1454 711 Τὸ
1494 658 1746 712 ἀϐέϐαιον
1799 658 1895 711 καὶ

305 755 505 829 ψεῦδος
540 756 633 807 καὶ
665 753 936 823 ἀδύναμον
969 751 1188 822 ᾐνίξατο
1220 752 1276 802 ὲν
1299 748 1497 818 τούτῳ.

386 936 494 990 Καὶ
525 934 876 1003 συνήγαγον
907 931 977 985 τὰ
1006 932 1270 999 ποίμνια.
1298 929 1437 991 Τοὺς
1466 926 1777 998 αἱρετικοὺς
1803 927 1896 979 ἐπὶ

310 1033 412 1098 τὴν
449 1027 772 1097 Ἐκκλησίαν
793 1043 805 1054 ·
842 1025 911 1077 τὰ
940 1022 1186 1093 κτηνὼδη
1234 1021 1479 1090 δόγματα
1510 1019 1602 1071 ἐπὶ
1626 1018 1723 1090 τὴν
1759 1017 1894 1088 ἀλήσ-

312 1121 483 1174 θειαν.

388 1212 509 1263 Οὐκ
537 1208 887 1274 ἀνέστησαν
914 1206 985 1260 ἐν
1015 1203 1276 1273 πολέμῳ.
1317 1203 1430 1256 Οὐκ
1463 1202 1768 1274 ἀνέστησαν
1799 1201 1896 1255 σὺν

313 1301 551 1373 Χριστῷ,
588 1301 718 1353 διότι
757 1300 818 1352 ού
853 1298 1232 1366 συνετάφησαν
1262 1295 1410 1366 αὐτῷ
1444 1297 1493 1348 οἱ
1525 1295 1773 1364 λέγοντες
1803 1294 1897 1347 καὶ

315 1396 604 1466 βλέποντες
632 1391 848 1463 ἡμέραν
880 1390 1088 1461 Κυρίου
1117 1389 1310 1461 ψευδῆ.

359 1473 530 1556 Ὀὐχί
569 1487 782 1554 ὅρασιν
813 1482 1010 1552 ψευδῆ
1061 1482 1391 1550 ἐωράκατε;
1435 1481 1667 1552 ’Ὀρασις
1698 1477 1897 1549 ψευδής

311 1582 428 1633 ἐστι
459 1579 528 1632 τὰ
553 1578 694 1631 κατὰ
718 1576 912 1647 ψεῦδος
936 1575 1204 1646 νοούμενα
1234 1575 1498 1645 δόγματα.

396 1761 492 1811 Ἐν
519 1757 756 1822 παιδείᾳ
783 1755 890 1809 τοῦ
917 1754 1072 1808 λαοῦ
1112 1771 1232 1822 μου
1263 1755 1373 1806 οὐκ
1397 1754 1664 1807 ἔσονται.
1697 1753 1896 1822 Διάφο-

316 1867 398 1921 por.
429 1849 579 1918 παρὰ
613 1847 820 1916 Κυρίου
845 1846 898 1898 αἱ
937 1845 1195 1898 παιδεῖαι.
1241 1845 1397 1896 Ἔστι
1429 1845 1644 1897 παιδεία
1670 1845 1703 1914 ή
1740 1845 1896 1913 λεγο-

315 1945 449 2016 μένη
474 1945 530 1995 ὲν
556 1941 755 2011 κρίσει,
783 1939 877 1990 καὶ
905 1936 1020 1990 ἔστι
1044 1936 1262 1988 παιδεία
1287 1937 1318 2005 ή
1344 1936 1610 2008 λεγομένη
1635 1938 1694 1989 ὲν
1717 1937 1895 2010 Θυμῷ.

391 2033 542 2086 Οὐδὲ
578 2031 647 2083 ὲν
685 2026 884 2097 γραφῇ
921 2027 1098 2081 οἷκου
1145 2026 1385 2094 Ἰσραὴλ
1427 2028 1694 2082 ἔσονται.
1741 2029 1897 2094 Ἐξα-

310 2123 694 2193 λειφθήσονται
716 2119 824 2190 γὰρ
855 2121 917 2172 ὲκ
951 2117 1133 2188 βίϐλου
1168 2117 1404 2182 ζώντων.

387 2213 599 2279 Καίεις
618 2211 733 2280 τὴν
753 2211 870 2280 γῆν
889 2209 994 2264 τοῦ
1025 2210 1271 2278 Ἰσραὴλ
1290 2214 1399 2264 οὐκ
1422 2213 1894 2267 εἰσελεύσονται.

327 2304 416 2360 Ἐν
441 2308 504 2376 τῇ
546 2303 812 2376 μελλούσῃ
847 2303 1031 2374 ἡμέρᾳ
1063 2303 1327 2373 δηλονότι.

385 2394 488 2448 Διά
519 2395 696 2448 τοῦτο
738 2392 938 2462 ψευδῆ
977 2394 1049 2446 οὐ
1072 2391 1159 2462 μὴ
1193 2392 1410 2462 εἰδῆτε.
1463 2393 1774 2461 Τουτέστιν,
1819 2397 1894 2449 Οὐ

316 2481 391 2554 μὴ
425 2483 762 2554 συγχωρήσω
806 2480 1133 2553 εὐοδωθῆναι
1165 2481 1330 2553 ὑμᾶς,
1380 2485 1463 2537 ἵνα
1497 2483 1557 2537 τὸ
1603 2486 1729 2554 ἐξῆς
1761 2487 1898 2560 πλη-

314 2572 482 2643 Mil-

940 2665 1097 2719 ΚΕΦ.
1157 2667 1254 2718 ΙΔ’.

381 2759 451 2811 El
482 2757 953 2826 ἀποκρινόμενος
976 2757 1278 2825 ἁποκριθῶ
1315 2753 1540 2822 αὐτοῖς.
1571 2760 1636 2812 Εἰ
1667 2759 1899 2832 ἀποκρι-

309 2847 533 2918 νόμενος
561 2849 1004 2920 ἀποκριθήσομαι
1031 2849 1234 2914 αὐτοῖς,
1282 2851 1463 2921 κρίσιν
1488 2851 1547 2914 ἐξ
1576 2851 1750 2922 ὑμῶν’
1776 2854 1895 2924 ἦτοι

312 2938 378 2990 ἐκ
405 2937 500 2990 τοῦ
535 2939 815 3009 προφήτου
857 2937 1124 3009 λαμϐάνει
1157 2939 1186 2990 ὁ
1230 2937 1392 3002 Θεόςο
1440 2939 1474 3009 ἧ
1518 2939 1678 3010 δῆλόν
1729 2958 1894 3012 φησιν

310 3028 706 3099 ἀποκρίνεσθαι
738 3029 923 3092 αὐτοῖς
955 3032 1069 3094 τοῖς
1097 3029 1376 3093 τοιούτοιςο
1410 3030 1531 3084 ὅθεν
1587 3033 1894 3105 ύπερνικῶν

1997 563 2126 632 quid
2158 571 2412 632 operetur
2441 563 2662 616 animal.

2070 656 2194 710 Non
2217 667 2471 712 steterunt
2497 659 2555 710 in
2582 658 2914 724 ﬁrmamento
2940 658 3008 710 '5.
3051 656 3148 711 liis
3178 659 3362 714 verbis
3391 675 3581 717 eorum

1997 749 2419 805 inconstantiam
2455 759 2508 804 et
2537 749 2879 803 mendacium
2934 750 3426 820 impotentiamque
3453 755 3584 810 sub-

1997 841 2229 896 obscure
2255 841 2484 895 notavit.

2068 932 2139 987 Et
2166 941 2610 1004 congregaverant
2639 949 2816 1002 greges
2857 934 2916 984 ιε.
2964 930 3257 988 [hereticos
3291 933 3360 988 ad
3393 933 3582 992 Eccle-

2001 1025 2175 1092 siam;
2212 1025 2448 1079 belluina
2483 1025 2759 1096 dogmata,
2786 1025 2852 1078 ad
2887 1028 3188 1079 ver;tatcm.

2067 1208 2230 1280 427
2271 1206 2394 1263 Non
2421 1221 2759 1264 surrexerunt
2794 1211 2848 1262 in
2872 1208 3140 1277 praelia”.
3177 1209 3293 1264 Non
3327 1226 3582 1267 surrexe-

1997 1310 2128 1357 runt
2175 1317 2297 1355 cum
2330 1301 2568 1368 Christo,
2616 1304 2744 1372 quia
2803 1318 2906 1358 nec.
2957 1318 3082 1357 cum
3136 1303 3228 1358 illo
3269 1305 3578 1373 consepulti

1999 1402 2147 1456 sunt,
2181 1393 2274 1463 qui
2309 1392 2501 1447 dicunt
2529 1403 2581 1448 et
2615 1395 2799 1448 vident
2828 1395 2968 1448 diem
2993 1394 3207 1448 Domini
3245 1393 3460 1452 falsam.

2074 1483 2264 1539 Nonne
2319 1486 2565 1539 visionem
2617 1487 2810 1554 falsam
2831 1486 3037 1539 vidistis
3054 1487 3135 1539 ‘3?
3166 1486 3316 1542 Visio
3335 1485 3493 1555 falsa,
3517 1502 3579 1540 ea

2000 1577 2252 1646 dogmata
2286 1587 2432 1642 sunt,
2463 1593 2584 1646 qua:
2615 1579 2916 1631 secundum
2973 1577 3317 1633 mendacium
3375 1579 3578 1632 intelli-

2000 1676 2221 1738 guntur.

2073 1757 2138 1811 In
2171 1758 2458 1828 disciplina
2489 1756 2670 1826 populi
2701 1756 2801 1809 mei
2832 1771 2934 1809 non
2968 1766 3116 1809 erunt
3153 1756 3214 1808 λθ.
3240 1755 3418 1810 Varia:
3450 1768 3580 1813 sunt

2004 1864 2034 1904 a
2071 1849 2298 1905 Domino
2325 1849 2645 1918 disciplina}.
2692 1847 2790 1902 Est
2831 1846 3116 1916 disciplina
3149 1863 3271 1916 quae
3297 1847 3496 1902 dicitur
3525 1851 3576 1902 iu

1994 1937 2237 2006 judicio;
2267 1949 2319 1993 et
2350 1950 2432 1993 est
2455 1938 2762 2006 disciplina,
2792 1953 2915 2007 quae
2941 1937 3142 1992 dicitur
3169 1936 3222 1989 in
3261 1935 3467 1991 furore.

2073 2031 2254 2100 Neque
2287 2033 2342 2084 in
2376 2047 2531 2084 censu
2555 2030 2742 2083 domus
2767 2028 2937 2083 Israel
2966 2027 3204 2083 erunt".
3247 2026 3584 2083 Delebuntur

1999 2122 2144 2176 enim
2171 2123 2236 2174 de
2266 2122 2406 2175 libro
2438 2121 2759 2176 viventium.

2068 2212 2137 2267 Et
2181 2214 2235 2265 in
2270 2225 2466 2265 terram
2498 2210 2670 2265 Israel
2705 2229 2806 2265 non
2841 2212 3132 2266 introibant
3157 2211 3224 2266 ¹¹.

1999 2301 2258 2355 nimirum
2292 2302 2401 2355 dic.

2070 2391 2356 2462 Propterea
2386 2392 2658 2446 mendacia
2683 2407 2785 2444 non
2810 2391 3049 2447 videbitis
3078 2395 3146 2448 “.
3178 2393 3292 2451 Hoc
3325 2404 3429 2461 est,
3459 2412 3571 2452 non

1999 2484 2170 2539 sinam
2210 2491 2269 2536 ut
2298 2497 2554 2552 prospere
2585 2481 2738 2536 vobis
2780 2483 2966 2544 cedat,
3011 2491 3070 2536 ut
3117 2485 3261 2552 quod
3305 2486 3575 2555 sequitur,

2001 2575 2311 2644 impleatur.

3285 2210 3342 2266 ln
3389 2212 3574 2270 futuro

2619 2662 2770 2719 CAP.
2815 2661 2956 2717 ΧΠ.

2073 2757 2134 2814 Si
2182 2759 2498 2830 respondens
2551 2757 2871 2826 respondebo
2914 2757 2988 2811 eis
3017 2755 3082 2810 ’³.
3135 2753 3192 2810 Si
3236 2758 3577 2828 respondens

1999 2851 2340 2920 respondebo
2366 2851 2467 2916 eis,
2491 2848 2758 2918 judicium
2795 2866 2857 2902 ex
2893 2848 3048 2903 vobis
3075 2848 3189 2902 :vel
3215 2865 3280 2904 ex
3312 2851 3575 2920 propheta

1998 2943 2168 2998 sumit
2199 2943 2378 2998 Deus:
2418 2943 2498 2996 vel
2547 2940 2862 2996 manifestat
2913 2957 2974 2998 se
3021 2941 3220 2996 talibus
3274 2956 3580 3011 responsu-

1999 3051 2120 3090 rum
2163 3051 2177 3087 :
2230 3035 2468 3104 hincque
2511 3033 2678 3100 adeo,
2725 3033 3114 3102 supervincens
3147 3033 3450 3102 judicium,
3495 3049 3580 3090 re—

313 3120 415 3193 τῂν
439 3119 638 3190 κρίσιν,
678 3121 1068 3189 ἐπαγγέλλεται
1100 3121 1489 3193 ἀποκρίνεσθαι
1525 3122 1600 3186 ὡς
1625 3124 1888 3196 ἐλεήμων.

1997 3145 2328 3201 Sponsurum
2364 3144 2421 3184 se
2452 3128 2741 3197 pollicetur
2773 3137 3033 3197 tanquam
3064 3127 3398 3182 misericors.

393 3212 498 3276 ’ος
536 3211 613 3266 ἂν
644 3209 720 3280 θῇ
759 3213 832 3266 τὰ
872 3211 1242 3282 διανοήματα
1288 3213 1496 3267 αὐτοῦ.
1558 3214 1647 3268 Ἐν
1683 3215 1896 3280 τούτοις

313 3299 553 3358 διδάσκει
601 3300 719 3364 πῶς
753 3301 835 3354 δεῖ
865 3301 1080 3372 ἑκάστῳ
1120 3302 1510 3372 ἀποκρίνεσθαι
1543 3303 1612 3357 τὰ
1657 3309 1899 3376 προσφό-

308 3409 424 3463 ρως
459 3393 856 3463 συναρμοστέα,
887 3393 982 3446 καὶ⁴
1031 3392 1106 3464 μὴ
1148 3393 1224 3458 ὡς
1259 3394 1443 3465 ἔτυχε·
1485 3396 1579 3448 καὶ
1618 3399 1701 3450 ὅτι
1735 3399 1898 3463 αὐτὸς

310 3481 516 3554 Κύριός
546 3484 693 3535 ἐστιν
727 3484 755 3534 ό
788 3485 1216 3554 ἀποκρινόμενος
1246 3485 1332 3538 διὰ
1366 3487 1459 3540 τοῦ
1487 3491 1788 3560 προφήτου.

391 3571 539 3644 Ἐγὼ
567 3575 783 3642 Κύριος
815 3574 1284 3646 ἀποκριθήσομαι
1310 3579 1470 3645 αὐτῷ
1489 3580 1560 3634 ἐν
1583 3581 1804 3647 αὐτοῖς,
1827 3582 1898 3636 ἐν

303 3662 401 3733 οἷς
430 3667 697 3737 ἐνέχεται
736 3671 774 3737 ἠ
811 3669 1047 3722 Ald-rora
1086 3669 1293 3725 αὐτοῦ.
1328 3672 1638 3738 Τουτέστιν,
1673 3675 1896 3729 ἀκολου-

309 3759 412 3825 θεῖ,
433 3759 710 3831 τέρπεται,
734 3760 1076 3831 κεκόλληται.
1097 3762 1195 3814 Διά
1212 3761 1458 3816 δὲταῦτα
1475 3764 1716 3832 τοιαῦτα,
1737 3766 1895 3821 ἆτινα

310 3851 541 3923 παρέχει
575 3852 847 3923 πρόφασιν
882 3855 994 3915 τοῖς
1034 3852 1250 3923 χαύνοις
1281 3854 1377 3906 καὶ
1408 3853 1786 3926 ἐκλελυμένοις
1826 3859 1892 3929 τῇ

307 3943 508 4022 καρδίᾳ
529 3941 851 4011 πλαγιάζειν
877 3944 983 3996 ἀπὸ
1005 3944 1160 3999 Θεοῦ.
1185 3945 1325 3998 Ἀλλ’
1354 3947 1505 4017 ὅμως
1533 3949 1582 4000 ει
1606 3949 1701 4002 καὶ
1727 3950 1900 4002 τοιοῦ-

305 4034 391 4092 τοί
410 4037 546 4100 εισι,
574 4035 668 4090 καὶ
695 4032 956 4098 τοιούτοις
988 4033 1168 4105 ἔχεται
1199 4037 1380 4091 αὐτῶν
1413 4039 1445 4109 ἡ
1470 4037 1684 4110 καρδία·
1708 4040 1892 4112 ἐπειδὴ

302 4127 365 4180 δὲ
399 4127 588 4198 ἤθελον
631 4125 897 4182 πυθέσθαι
933 4127 1086 4199 παρὰ
1123 4128 1354 4200 Κυρίου,
1395 4128 1754 4200 ἀποκρίνεται
1798 4131 1896 4184 αύ-

303 4220 420 4282 τοῖς
463 4216 550 4270 διὰ
593 4214 686 4268 τοῦ
732 4217 1030 4286 προφήτου,
1078 4215 1153 4280 ὡς
1195 4217 1492 4294 χρῄζουσιν
1531 4219 1889 4293 ἐπιστροφῆς,

302 4310 504 4378 λέγων’
573 4307 1000 4376 Ἐπιστρέψατε
1047 4309 1146 4364 καὶ
1191 4309 1633 4380 ἀποστρέψατε,
1686 4312 1782 4366 κα)⁸
1823 4313 1894 4369 τὰ

309 4401 458 4472 ἑξῆς.

2073 3221 2178 3285 Qui
2219 3221 2458 3290 posuerit
2509 3219 2856 3288 cogitationes
2905 3235 3029 3273 suas
3083 3221 3139 3274 in
3191 3218 3346 3272 corde
3392 3234 3486 3272 suo
3507 3218 3577 3272 ⁸⁸.

1998 3310 2056 3367 In
2101 3311 2188 3366 his
2229 3311 2422 3377 docet,
2479 3311 2754 3381 quomodo
2801 3311 3128 3380 unicuique,
3173 3326 3295 3380 qua:
3332 3310 3408 3364 illi
3437 3325 3574 3365 con-

1998 3411 2217 3476 gruant,
2268 3402 2708 3473 respondendum
2745 3401 2835 3467 sit,
2874 3410 3066 3456 etnon
3117 3413 3357 3468 temere;
3391 3401 3580 3457 Domi-

1997 3509 2241 3563 numqne
2273 3509 2396 3549 esse
2421 3493 2516 3564 qui
2545 3493 2836 3560 respondet
2861 3507 2959 3561 per
2981 3493 3324 3562 prophetam.

1995 3594 2033 3645 ,ιι-
2069 3584 2182 3656 Ego
2209 3583 2464 3637 Dominus
2495 3581 2810 3651 respondebo
2838 3581 2885 3634 ei
2929 3583 2981 3634 in
3012 3580 3115 3646 his,
3143 3582 3332 3651 quibus
3373 3591 3568 3637 tenetur

1996 3693 2140 3730 mens
2185 3674 2300 3746 ejus
2341 3675 2410 3728 ³⁸.
2463 3671 2576 3726 Hoc
2619 3680 2738 3738 est,
2784 3686 2906 3741 quae
2956 3681 3326 3738 consectatur,
3375 3674 3574 3742 quibus

1995 3767 2294 3823 delectatur
2315 3807 2330 3833 ,
2361 3765 2563 3835 quibus
2595 3763 2852 3817 adhaeret.
2897 3762 3126 3833 Propter
3151 3763 3280 3817 talia
3306 3763 3422 3818 hazc
3452 3780 3576 3834 quae

1995 3857 2251 3913 mollibus
2303 3870 2370 3912 ac
2403 3853 2686 3910 dissolutis
2739 3854 3082 3908 occasionem
3131 3853 3372 3924 praebent
3410 3855 3576 3910 delle.

1994 3951 2171 4005 ctendi
2210 3949 2392 4006 aDeo.
2425 3945 2810 4000 Verumtamen
2850 3946 2951 4002 etsi
2987 3945 3124 4000 tales
3158 3954 3306 4012 sunt,
3336 3949 3566 4004 talibus-

1993 4054 2101 4110 que
2134 4054 2326 4094 eorum
2375 4037 2595 4093 animus
2639 4034 2866 4090 aﬂ‘ectus
2895 4045 2998 4104 est,
3039 4037 3168 4106 quia
3225 4046 3401 4096 tamen
3443 4059 3567 4112 per-

1993 4130 2204 4186 contari
2235 4147 2266 4186 a
2296 4130 2528 4186 Domino
2553 4130 2865 4193 voluerunt.
2901 4129 3187 4203 respondet
3215 4134 3293 4187 eis
3316 4149 3410 4202 per
3441 4150 3566 4202 pro—

1990 4225 2232 4295 phetam,
2278 4241 2417 4296 opus
2455 4241 2551 4283 eos
2581 4227 2780 4282 habere
2827 4226 3222 4289 conversione,
3271 4227 3558 4281 dicens”:

1991 4311 2369 4369 Convertimini
2403 4325 2453 4369 et
2484 4316 2726 4383 recedite,
2749 4324 2805 4371 et
2835 4330 2957 4386 qua:
2991 4323 3314 4384 sequuntur.

382 4491 494 4560 Γῆ,
531 4490 569 4560 ἦ
609 4492 715 4545 ἐὰν
745 4491 996 4562 ἁμάρτῃ.
1037 4490 1195 4556 Ἔθος
1218 4495 1284 4564 τῇ
1316 4491 1437 4565 Θείᾳ
1465 4493 1655 4566 Γραφῇ
1690 4493 1886 4548 πολλά-

2065 4491 2262 4560 Terra,
2305 4509 2626 4564 quacunque
2666 4493 2956 4563 peccaverit
3002 4493 3131 4546 mihi
3154 4493 3220 4547 ".
3273 4490 3439 4547 Moris
3479 4502 3564 4548 est
3611 4522 3618 4529 -

307 4602 397 4650 κις
442 4586 728 4657 ὀνομάζειν
767 4587 829 4640 τὸ
871 4584 1079 4659 οἴκημα
1125 4588 1244 4660 ἤτοι
1287 4589 1387 4660 τὴν
1432 4589 1766 4644 κατάστασιν
1809 4593 1888 4656 είς

307 4679 599 4751 πρόσωπον
627 4678 735 4733 τῶν
768 4677 1077 4732 οἰκούντων·
1123 4679 1219 4732 καὶ
1251 4679 1413 4734 πάλιν
1440 4681 1566 4744 τοὺς
1593 4681 1889 4746 ὀἰκοῦντας

306 4775 389 4837 είς
428 4772 718 4844 πρόσωπον
743 4771 836 4825 τοῦ
862 4772 1178 4842 οἰκήματος.
1222 4772 1365 4826 Ἐὰν
1397 4769 1490 4827 οὖν
1517 4772 1592 4842 γῆ
1631 4773 1885 4844 ἁμάρτῃ,

305 4865 436 4928 τοὺς
479 4865 700 4935 γηῖνους
731 4863 818 4918 διὰ
859 4863 958 4934 τῆς
1003 4863 1108 4933 γῆς
1148 4862 1427 4934 ὠνόμασεο
1481 4864 1548 4917 δι’
1591 4867 1658 4936 ἣν
1706 4867 1886 4920 αἰτίαν

305 4955 817 5028 ὲξολοθρευθήσεται
865 4954 924 5022 ἐξ
965 4955 1137 5025 αὐτῆς
1191 4953 1479 5028 ἄνθρωπος
1539 4956 1636 5010 καὶ
1669 4957 1884 5028 κτῆνος.

308 5049 421 5102 Καὶ
463 5047 639 5113 ἄλλως
672 5049 705 5120 ἡ
745 5048 906 5120 γηῖνη
942 5046 1054 5112 ἕξις
1084 5047 1179 5100 ἐὰν
1221 5047 1447 5119 ἁμάρτῃ
1481 5047 1725 5119 (πέφυκε
1779 5049 1888 5122 γὰρ

308 5141 449 5214 αὕτη
480 5141 802 5213 ἁμαρτεῖν),
831 5137 1338 5210 ὲξολοθρευθήσεται
1385 5139 1446 5204 ἐξ
1476 5139 1649 5212 αὐτῆς
1678 5139 1888 5214 ἄνθρω-

308 5251 411 5298 πος
439 5234 532 5288 καὶ
559 5233 784 5304 κτῆνοςο
833 5233 861 5286 ὁ
893 5229 1171 5302 κτηνώδης
1205 5229 1490 5302 ἄνθρωπος
1540 5232 1632 5285 καὶ
1678 5234 1706 5285 ὁ
1739 5232 1889 5302 λογι-

306 5323 550 5394 κώτερος
595 5322 898 5394 ἄνθρωπος.
959 5321 1034 5374 Οὐ
1077 5319 1187 5392 γὰρ
1225 5319 1371 5373 ἔστιν
1417 5320 1589 5373 εἰπεῖν
1637 5320 1736 5391 τὴν
1780 5321 1885 5393 γῆν

306 5415 508 5487 ταύτην
531 5415 596 5486 ἣν
627 5412 905 5485 πατοῦμεν
938 5407 1077 5467 εἶναι
1101 5411 1346 5484 λογικὴν,
1382 5411 1477 5465 καὶ
1502 5411 1671 5484 αὐτὴν
1705 5413 1882 5484 ἁμαρ-

308 5509 510 5574 τάνειν,
541 5507 616 5572 ὥς
646 5524 792 5572 τινες
819 5504 1251 5578 ὲφαντάσθησαν.
1299 5504 1362 5558 Ei
1394 5503 1501 5576 γὰρ
1529 5502 1688 5557 τοῦτο
1717 5501 1885 5557 δώσο-

253 5581 288 5632 «³5

280 5668 289 5708 τ
393 5710 649 5767 "Ezech.
693 5727 813 5776 xm,
845 5713 895 5766 5.
954 5712 994 5742 ³⁸
1018 5711 1145 5764 ibid.

313 5798 426 5851 xw,
458 5785 510 5838 5.
590 5786 634 5816 "
670 5782 799 5837 ibid.
827 5783 880 5836 4.

1992 4585 2192 4639 divinae
2225 4583 2557 4654 Scripturaa,
2607 4593 2667 4638 ut
2700 4598 2808 4637 non
2852 4596 2980 4636 raro
3029 4581 3418 4635 habitationem
3466 4597 3560 4636 seu

1990 4677 2279 4732 stationem
2333 4691 2525 4730 eorum
2560 4675 2779 4730 nomine
2807 4675 2901 4745 qui
2931 4673 3182 4728 habitant
3249 4681 3450 4739 sumat,
3484 4673 3564 4726 vi-

1989 4768 2287 4836 cissimque
2318 4766 2624 4821 habitantes
2657 4765 2876 4820 nomine
2905 4763 3280 4817 habitationis.
3322 4761 3562 4817 Dicendo

1989 4859 2176 4930 igitur,
2230 4867 2369 4912 terra
2405 4859 2453 4912 si
2477 4859 2796 4928 peccaverit,
2853 4865 3011 4912 terrae
3050 4856 3270 4909 nomine
3315 4863 3560 4908 terrenos

1989 4951 2358 5022 nuncupavit;
2390 4959 2722 5020 quapropter
2737 4947 3189 5005 exterminabitur
3212 4962 3278 5002 ex
3308 4961 3370 5001 ea
3397 4946 3558 5000 homo

1985 5052 2040 5098 et
2066 5057 2252 5113 pecus.
2284 5042 2362 5096 Ac
2384 5051 2662 5110 praeterea,
2681 5049 2931 5096 terrenus
2955 5039 3174 5093 habitus
3195 5037 3240 5092 si
3259 5037 3562 5106 peccaverit

1988 5132 2148 5204 (solet
2198 5132 2343 5187 enim
2389 5131 2639 5201 peccare)
2693 5127 3145 5185 exterminabitur
3189 5141 3256 5180 ex
3303 5140 3368 5180 eo
3396 5125 3556 5179 homo

1985 5233 2040 5279 et
2082 5238 2290 5294 pecus:
2325 5238 2522 5292 nempe
2569 5223 2734 5276 homo
2776 5220 2960 5291 pecori
3004 5218 3249 5274 moribus
3279 5215 3474 5279 amnis,
3507 5224 3561 5270 et

1990 5319 2155 5372 homo
2218 5316 2313 5387 qui
2363 5317 2648 5386 aliquanto
2712 5314 2950 5384 amplius
3014 5320 3098 5368 est
3162 5307 3556 5365 rationabilior.

1988 5407 2176 5479 Neque
2221 5408 2368 5462 enim
2415 5407 2522 5461 dici
2561 5413 2739 5474 potest
2778 5413 2978 5460 terram
3011 5403 3153 5456 hanc
3183 5413 3345 5469 quam
3374 5395 3556 5451 calca-

1991 5517 2134 5567 mus,
2167 5515 2288 5556 esse
2313 5499 2525 5554 ratione
2555 5497 2860 5567 praeditam,
2895 5503 2948 5551 et
2974 5507 3218 5564 peccare,
3246 5498 3305 5544 ut
3332 5487 3553 5560 quidam

1253 5711 1293 5741 ¹¹¹
1331 5709 1458 5764 ibid.
1543 5707 1585 5738 ¹⁸
1611 5705 1744 5761 ibid.
1789 5706 1840 5760 '7.
1926 5706 1966 5738 "
1996 5705 2128 5763 ibid.
2188 5706 2241 5762 9.
2317 5705 2362 5736 '°
2388 5702 2517 5760 ibid.
2587 5702 2628 5733 "
2655 5701 2790 5757 ibid.
2853 5701 2896 5732 "
2929 5697 3059 5754 ibid.
3092 5695 3181 5751 23.
3271 5693 3316 5726 ³³
3355 5689 3548 5747 Ezcch.

996 5782 1040 5814 ⁸⁸
1063 5781 1192 5837 ibid.
1227 5780 1280 5835 5.
1346 5782 1392 5813 "
1419 5777 1549 5836 ibid.
1575 5779 1624 5833 6.
1705 5778 1748 5810 ’⁷
1776 5766 2016 5832 ibiil.15.
