4128 6434
622 335 727 393 ειη

2035 343 2125 399 EX
2165 343 2323 401 Οῐὶῗϐ
2334 345 2465 403 ENE

3796 370 3907 424 803

622 458 987 512 somniarent.
1035 453 1172 512 Nam
1227 458 1274 512 si
1306 457 1411 514 hoc
1460 459 1809 530 dederimus,
1856 472 2073 535 tempus
2118 483 2170 522 es

2306 485 2427 537 μεν,
2462 466 2580 539 ῶρα
2609 467 2677 522 τὰ
2708 469 2888 525 πάντα
2931 471 3112 541 λέγειν
3150 471 3392 546 ἔμψυχα,
3439 478 3533 532 καὶ
3575 490 3904 557 συνηγορεῖν

621 556 681 601 ιιι
705 559 901 604 cuncta
932 550 1169 604 animata
1193 551 1463 617 dicamus,
1490 562 1656 623 atque
1681 554 1750 610 iis
1798 558 2202 625 patrocinemur

619 643 712 712 qui
747 642 1244 712 metempsychoses
1279 646 1565 700 inducunt.

696 731 767 785 Et
791 741 1056 786 conteram
1082 749 1147 786 ea:
1171 751 1234 788 ea
1250 735 1620 805 fulcimentum
1643 738 1796 807 panis
1820 739 1886 794 ’⁸.
1914 737 2095 811 Quasi
2113 740 2200 795 di-

618 833 765 878 ceret
799 841 813 878 :
839 839 937 893 pro
965 826 1268 895 iniquitatis
1299 845 1413 883 suae
1440 830 1652 885 ratione
1677 832 1996 900 punientur.

686 916 853 988 428
884 916 1155 985 Ejusdem.
1198 917 1363 974 Terra
1391 931 1579 976 nostra
1608 937 1863 992 peccans,
1896 924 2062 978 homo
2086 924 2198 979 sci-

616 1008 741 1062 licet
796 1010 1063 1073 exterior,
1126 1012 1373 1067 sensibili
1432 1013 1575 1069 fame
1617 1016 1918 1084 apunietur;
1972 1016 2201 1071 interior

613 1111 795 1154 autem
821 1100 986 1155 homo
1020 1101 1163 1157 fame
1192 1104 1444 1173 spiritali,
1478 1106 1718 1161 carentia
1752 1107 2013 1161 nimirum
2040 1107 2198 1176 panis

614 1192 900 1262 spiritalis.
970 1193 1268 1263 Angustias
1321 1198 1573 1264 sustinet,
1618 1213 1743 1253 cum
1787 1199 2045 1265 exterior,
2078 1208 2193 1253 tum

614 1284 880 1352 interior;
909 1298 973 1338 ac
1006 1286 1273 1356 quidquid
1301 1291 1542 1343 exterior
1571 1291 1803 1345 sustinet
1827 1298 2095 1360 quantum
2125 1291 2194 1345 ad

610 1391 836 1432 sensum
857 1419 873 1444 ,
929 1380 1162 1433 sustinet
1192 1388 1245 1433 ct
1273 1380 1504 1435 interior
1531 1393 1796 1451 quantum
1832 1382 1900 1437 ad
1930 1392 2191 1437 mentem.

674 1468 950 1535 Ejusdem.
1018 1468 1192 1523 Etiam
1228 1471 1661 1542 uniuscujuSque
1701 1482 1947 1528 nostrum
2007 1474 2192 1529 anima

611 1567 754 1613 terra
802 1561 1028 1626 dicitur;
1066 1570 1120 1614 ct
1149 1561 1257 1617 alia
1286 1564 1507 1632 quidem
1541 1564 1853 1633 paradisum
1876 1607 1890 1630 ,
1928 1565 2032 1619 alia
2076 1566 2190 1636 spi-

611 1665 713 1705 nas
745 1651 927 1715 habet,
960 1652 1066 1706 alia
1099 1652 1239 1707 bona
1271 1654 1493 1721 dicitur,
1532 1656 1636 1710 alia
1667 1656 1829 1713 mala.
1870 1658 2049 1728 Atque
2074 1658 2191 1714 haec

607 1742 845 1796 ostendit
881 1740 1095 1795 Domini
1125 1744 1405 1813 parabola.

2305 563 2419 625 τοῖς
2444 561 2545 624 τὰς
2579 561 3027 634 μετεμψυχώσεις
3051 564 3356 635 εἰσάγουσι.

2374 731 2485 786 Καὶ
2534 735 2850 804 συντρίψω
2895 739 3086 807 αὐτῆς
3129 740 3430 813 στήριγμα
3473 747 3679 815 ἄρτου.
3749 754 3894 812 Ἀντί

2301 824 2416 878 τοῦσ
2452 826 2611 880 Κατὰ
2627 829 2727 899 τὴν
2755 829 2968 886 ἀδικίαν
2994 835 3497 908 τιμωρηθήσονται.

2378 918 2487 972 Τοῦ
2533 919 2742 974 αὐτοῦ.
2791 922 2854 974 Ἦ
2875 924 2945 994 γῆ
2981 925 3138 995 ἡμῶν
3185 929 3217 999 ἡ
3265 931 3684 1005 ἁμαρτάνουσα,
3715 939 3744 991 ό
3786 940 3893 1007 ἔξω

2300 1008 2588 1083 ἄνθρωπος
2629 1013 2916 1079 κολάζεται
2961 1016 3040 1087 τῷ
3086 1019 3333 1093 αἰσθητῷ
3375 1024 3540 1098 λιμᾷν
3580 1031 3676 1084 καὶ
3708 1034 3736 1086 6
3782 1034 3893 1088 ἔσω

2298 1102 2584 1175 ἄνθρωπος
2603 1106 2890 1171 κολάζεται
2911 1109 2989 1180 τῷ
3017 1112 3195 1182 νοητῷ
3228 1114 3393 1187 λιμῷ,
3423 1123 3486 1190 τῇ
3522 1126 3771 1195 στερήσει
3792 1128 3888 1182 τοῦ

2298 1199 2668 1288 πνευματικοῦ
2713 1201 2898 1273 ἄρτου.
2959 1204 3223 1273 ’Λγωνίαν
3256 1209 3515 1280 ὑπομένει
3549 1216 3643 1268 καὶ
3684 1220 3712 1271 6
3756 1218 3885 1288 ἔξω,

2297 1284 2390 1337 καὶ
2414 1288 2445 1339 6
2462 1284 2600 1340 ἔσω⁹
2627 1290 2723 1341 καὶ
2742 1291 2840 1343 ὅσα
2871 1292 3131 1363 ὑπομένει
3157 1296 3187 1347 6
3217 1296 3322 1362 ἔξω
3350 1303 3488 1355 κατὰ
3511 1303 3574 1357 τὸ
3605 1284 3882 1379 αἰσθητὸν,

2294 1377 2532 1431 τοσαῦτα
2558 1379 2818 1451 ὑπομένει
2852 1383 2946 1437 καὶ
2968 1387 2998 1438 6
3029 1385 3138 1440 ἔσω
3160 1389 3304 1444 κατὰ
3334 1392 3396 1445 τὸ
3423 1395 3631 1467 νοητόν.

2371 1470 2485 1525 Τοῦ
2514 1471 2724 1528 αὐτοῦ.
2773 1475 3006 1544 Λέγεται
3039 1481 3133 1533 καὶ
3178 1483 3210 1553 ἡ
3255 1484 3487 1539 ἑκάστου
3535 1488 3695 1559 ἡμῶν
3733 1490 3881 1564 ψυχὴ

2292 1564 2385 1636 γῆ’
2415 1566 2448 1636 ή
2489 1566 2588 1639 μὲν
2624 1567 2951 1639 παράδεισον
2974 1571 3045 1642 γῆ
3069 1571 3282 1642 ἔχουσα,
3311 1578 3421 1646 ἠδὲ
3442 1579 3684 1645 ἀκάνθας
3704 1599 3717 1611 ·
3755 1585 3787 1653 ἡ
3821 1584 3878 1636 δὲ

2292 1658 2431 1730 καλὴ
2465 1659 2701 1729 λέγεται,
2731 1665 2764 1733 ἡ
2810 1663 2867 1716 δὲ
2900 1666 3130 1737 πονηρά.
3176 1669 3286 1720 Kal.
3316 1669 3485 1722 ταῦτα
3525 1671 3676 1743 δηλοῖ
3706 1676 3738 1744 ή
3774 1691 3878 1728 πα-

2301 1751 2503 1825 ραϐολὴ
2536 1754 2629 1807 τοῦ
2658 1755 2883 1826 Κυρίου.

677 1831 747 1884 Et
773 1833 820 1885 si
852 1832 1049 1901 fuerint
1081 1844 1184 1887 tres
1214 1835 1315 1888 viri
1343 1836 1433 1889 isti
1456 1837 1512 1890 in
1536 1837 1708 1891 medio
1729 1838 1866 1907 ejus,
1905 1838 2037 1906 Noe,
2061 1838 2164 1894 Job

2366 1844 2477 1897 Kal
2507 1843 2618 1898 ἐὰν
2658 1841 2810 1900 ὦσιν
2840 1849 2896 1901 οι
2940 1848 3096 1917 τρεῖς
3137 1850 3355 1919 ἄνδρες
3381 1849 3543 1908 οὗτοι
3585 1855 3656 1908 ἐν
3707 1856 3879 1926 μέσῳ

605 1921 797 1976 Daniel
830 1923 896 1977 η.
957 1922 1134 1980 Hosce
1181 1935 1402 1981 sanctos
1452 1926 1617 1981 refert
1666 1930 1847 1984 omnis
1886 1930 1978 1998 qui
2019 1932 2188 1985 vitam

604 2028 760 2067 suam
792 2030 956 2083 super
984 2026 1183 2071 terram
1209 2033 1318 2072 non
1342 2019 1607 2088 corrupit,
1631 2035 1731 2074 nec
1757 2021 1829 2075 ita
1853 2031 2000 2077 tetus
2025 2038 2190 2077 carne

603 2096 849 2163 imbutus
880 2119 983 2175 est,
1036 2118 1096 2164 ut
1128 2109 1293 2165 faciat
1342 2126 1564 2165 sensum
1600 2114 1782 2168 carnis
1809 2122 1863 2168 et
1894 2124 2040 2170 totus
2066 2130 2188 2171 esse

602 2214 731 2254 caro
787 2212 1096 2270 censeatur,
1158 2202 1251 2257 sed
1309 2202 1453 2257 lucet
1497 2215 1758 2273 tanquam
1809 2205 2079 2259 luminare
2130 2207 2185 2260 in

602 2293 829 2360 mundo,
862 2295 1143 2350 sustinens
1168 2295 1394 2350 verbum
1416 2295 1547 2350 vitae
1584 2297 1635 2349 in
1667 2298 1846 2352 medio
1879 2299 2185 2369 generatio—

600 2384 686 2439 nis
719 2400 900 2454 pravae
932 2398 1091 2456 atque
1117 2402 1383 2456 perversae
1404 2429 1418 2454 ,
1455 2397 1513 2441 ut
1539 2387 1607 2441 ad
1635 2402 1760 2443 eum
1790 2388 1928 2445 Deus
1955 2406 2185 2461 respon-

598 2477 722 2531 deat
749 2492 764 2531 :
808 2476 948 2531 Novi
976 2487 1025 2532 te
1052 2478 1221 2532 solum
1264 2478 1472 2547 justum
1521 2480 1576 2532 in
1604 2483 1941 2550 generatione
1985 2483 2091 2536 ista
2112 2483 2178 2537 ³⁸.

597 2568 862 2638 Quisquis
910 2571 1074 2640 igitur
1121 2570 1247 2625 talis
1298 2581 1412 2637 est,
1448 2569 1563 2626 Noe
1604 2581 1716 2641 est;
1751 2582 1805 2628 et
1842 2589 1962 2645 quae
1986 2575 2054 2630 de
2086 2576 2180 2631 illo

592 2663 909 2731 conscripta
962 2671 1109 2728 sunt,
1147 2668 1311 2717 etiam
1341 2663 1406 2716 ad
1435 2664 1599 2718 istum
1633 2664 1966 2721 referuntur.
2027 2667 2177 2722 Con~

592 2755 800 2808 ditione
846 2756 991 2809 enim
1054 2771 1213 2825 pares
1260 2756 1423 2810 ambo
1457 2755 1586 2810 facti
1622 2765 1785 2824 sunt,
1823 2757 1898 2813 ita
1929 2768 1988 2813 ut
2014 2760 2179 2816 ambo

590 2846 706 2904 Noe
738 2858 1143 2917 nuncupentur.

664 3049 937 3120 Ejusdem.
1001 3050 1192 3106 Omnis
1220 3051 1313 3121 qui
1360 3051 1605 3122 posuerit
1649 3052 1703 3106 in
1739 3052 1903 3107 corde
1934 3068 2034 3107 suo
2063 3067 2173 3107 non

588 3143 760 3214 pollui
792 3145 844 3199 in
881 3144 1020 3198 cibis
1056 3152 1109 3197 et
1153 3143 1372 3213 potilius
1421 3144 1684 3212 spiritalis
1730 3143 2170 3200 Nabuchodono-

590 3252 702 3301 sor,
735 3237 830 3292 sed
858 3237 1099 3291 animam
1134 3252 1287 3292 suam
1315 3237 1538 3307 jejuniis
1585 3237 1821 3309 alﬂigere
1856 3238 1907 3292 in
1942 3238 2042 3293 hac
2068 3236 2171 3297 Ba-

587 3328 783 3398 bylone
817 3337 1039 3399 propter
1072 3328 1434 3398 cognitionem
1466 3329 1744 3396 veritatis;
1777 3329 1890 3399 qui,
1921 3329 2166 3399 inquam,

584 3418 855 3487 ejusmodi
892 3430 995 3485 est,
1022 3419 1211 3474 Daniel
1239 3431 1349 3488 est,
1386 3431 1439 3477 et
1471 3439 1592 3492 qua:
1620 3422 1687 3476 de
1721 3422 1813 3475 illo
1852 3431 2165 3487 narrantur,

583 3511 651 3565 de
681 3511 784 3566 hoc
799 3528 1017 3582 quoque
1047 3529 1285 3584 congrue
1309 3514 1581 3569 dicantur.
1623 3512 1768 3569 Idem
1794 3515 1937 3568 enim
1964 3516 2169 3569 utrius-

579 3622 687 3676 que
719 3615 918 3670 status,
969 3606 1111 3660 idem
1148 3608 1437 3678 utriusque
1472 3607 1714 3675 habitus,
1742 3607 1815 3662 ita
1853 3619 1912 3661 ut
1940 3617 2166 3679 uterque

577 3698 775 3751 merito
805 3696 990 3753 Daniel
1025 3700 1199 3768 possit
1229 3699 1434 3756 vocari.

648 3785 924 3857 Ejusdem.
993 3787 1256 3860 Quisquis
1291 3791 1345 3844 in
1373 3789 1483 3844 vita
1511 3788 2045 3860 irreprehensibilis,
2076 3801 2161 3847 at-

577 3895 682 3949 que
728 3881 780 3933 in
826 3879 920 3934 Dei
954 3882 1103 3935 cultu
1146 3898 1309 3938 verus
1367 3881 1671 3948 exstiterit,
1722 3881 1795 3937 ita
1827 3886 1893 3937 ab
1919 3885 2067 3939 omni
2102 3900 2162 3941 se

576 3972 720 4025 malo
755 3971 1037 4028 abstinens
1071 3983 1131 4028 ut
1158 3974 1411 4030 diabolus
1449 3976 1795 4031 aemulatione
1819 3975 1871 4029 in
1901 3993 2025 4030 eum
2061 3993 2159 4031 cx—

572 4062 823 4116 ardescat
860 4079 1141 4134 genusque
1176 4080 1339 4121 omne
1391 4067 1755 4121 tentationum
1805 4067 1883 4121 illi
1934 4067 2156 4134 inferat,

571 4168 674 4208 nec
711 4164 889 4209 tamen
929 4156 1043 4225 ipse
1092 4156 1173 4211 vel
1224 4157 1494 4212 labiorum
1556 4174 1810 4215 sermone
1856 4160 2154 4230 quidquam

569 4246 828 4313 offendat,
865 4248 911 4303 is
939 4246 1040 4303 Job
1068 4257 1171 4317 est,
1200 4266 1264 4305 ac
1294 4266 1416 4320 quae
1448 4251 1515 4306 de
1542 4248 1646 4305 Job
1675 4251 1877 4322 scripta
1906 4263 2068 4317 sunt,
2102 4256 2155 4310 in

570 4338 717 4394 hunc
745 4355 962 4409 quoque
991 4341 1339 4395 convenient.
1382 4343 1557 4398 Ambo
1586 4345 1733 4398 enim
1771 4344 1959 4400 habitu
1995 4360 2154 4414 pares

569 4427 623 4481 iu
657 4428 907 4492 Domino,
944 4445 1008 4484 ac
1041 4439 1272 4501 uterque
1305 4430 1408 4487 Job
1437 4435 1739 4490 vocabitur.

2290 1936 2504 2005 αὐτῆς,
2524 1937 2673 2002 Νῶε,
2711 1938 2858 2004 Ἰὼϐ,
2878 1942 3119 2007 Aurum.
3144 1944 3419 2014 Πρόσωπά
3442 1947 3558 1998 ἐστι
3573 1946 3682 1999 τῶν
3706 1950 3878 2017 ἁγίων

2290 2027 2495 2082 τούτων
2550 2029 2952 2103 λαμϐανόμενα,
3006 2036 3115 2098 πᾶς
3162 2035 3221 2098 ὃς
3266 2036 3361 2090 ὲὰν
3416 2038 3489 2109 μὴ
3540 2038 3737 2114 φθείρῃ
3785 2043 3876 2095 τὸν

2291 2117 2404 2188 βίον
2438 2120 2631 2173 ἑαυτοῦ
2671 2123 2762 2175 ἐπὶ
2800 2124 2925 2193 γῆς,
2962 2126 3024 2177 ού
3070 2126 3393 2197 ποιούμενος
3432 2130 3553 2193 ὅλος
3590 2133 3656 2202 τῇ
3712 2134 3876 2203 σαρκὶ

2285 2211 2374 2264 διὰ
2400 2211 2494 2265 τοῦ
2521 2216 2695 2266 ποιεῖν
2735 2216 2896 2268 αὐτὸν
2936 2217 2998 2269 τὸ
3032 2218 3287 2290 φρόνημα
3320 2221 3420 2291 τῆς
3465 2222 3687 2291 σαρκὸς,
3732 2224 3874 2278 ὥστε

2286 2305 2620 2375 χρηματίσαι
2660 2306 2824 2360 αὑτὸν
2869 2308 2988 2361 ὅλον
3023 2310 3223 2381 σάρκα,
3260 2313 3395 2366 ἁλλὰ
3443 2316 3766 2386 φαινόμενος
3797 2318 3873 2382 ὡς

2285 2396 2510 2468 φωστὴρ
2538 2399 2596 2450 έν
2623 2398 2834 2471 κόσμῳ,
2871 2400 3086 2472 ἐπέχων
3124 2401 3284 2470 λόγον
3318 2404 3463 2476 ζωῆς
3494 2407 3553 2459 έν
3592 2407 3744 2478 μέσῳ
3776 2425 3870 2477 γε-

2282 2490 2412 2554 νεᾶς
2456 2490 2675 2555 σκολιᾶς
2710 2492 2805 2545 καὶ
2831 2492 3299 2565 διεστραμμένης,
3343 2496 3486 2550 ὥστε
3529 2500 3869 2570 χρηματίσαι

2283 2582 2420 2654 πρὸς
2449 2582 2613 2636 αὑτὸν
2641 2582 2733 2637 τὸν
2765 2583 2917 2649 Θεὸν,
2961 2585 3065 2653 ὅτι,
3112 2586 3191 2640 Σὲ
3228 2584 3394 2642 εἶδον
3426 2588 3661 2643 δίκαιον
3675 2593 3871 2660 μόνον

2279 2675 2354 2728 ἐν
2384 2673 2459 2743 τῇ
2484 2674 2659 2744 γενεᾷ
2693 2678 2898 2746 ταύτῃ.
2932 2677 3050 2742 Πᾶς
3088 2673 3181 2732 οὖν
3217 2681 3246 2733 6
3286 2680 3526 2744 τοιοῦτος
3560 2680 3683 2734 Νῶέ
3727 2685 3867 2748 ἐστι,

2279 2767 2374 2821 καὶ
2411 2765 2482 2821 τὰ
2527 2768 2888 2841 ἱστορούμενα
2933 2771 3023 2824 ἐπ’
3066 2771 3277 2827 ἐκείνου
3331 2772 3592 2842 ἀνάγεται
3633 2773 3728 2826 καὶ
3774 2775 3869 2829 ἐπὶ

2277 2861 2499 2915 τοῦτον·
2536 2865 2603 2935 τῇ
2646 2863 2756 2935 γὰρ
2789 2863 3125 2917 καταστάσει
3164 2864 3450 2934 γεγόνασιν
3490 2866 3593 2919 ῐσοι
3629 2866 3867 2937 ἀμφότεο

2282 2970 2382 3025 ροι,
2419 2952 2559 3007 ὥστε
2596 2955 2932 3027 χρηματίσαι
2972 2956 3172 3020 αὐτοὺς
3203 2956 3348 3011 Νῶε.

2354 3044 2467 3099 Τοῦ
2508 3047 2717 3101 αὑτοῦ.
2767 3048 2884 3113 Πᾶς
2913 3048 2972 3113 ὃς
3005 3048 3104 3103 ὲὰν
3146 3048 3214 3122 θῇ
3246 3050 3341 3104 ἐπὶ
3374 3054 3440 3123 τῇ
3472 3053 3671 3125 καρδίᾳ
3699 3052 3861 3109 αὑτοῦ

2281 3136 2357 3208 μὴ
2393 3138 2685 3210 μιανθῆναι
2720 3141 2778 3193 ὲν
2803 3142 2917 3204 τοῖς
2952 3140 3209 3214 βρώμασι
3255 3144 3351 3196 καὶ
3382 3146 3495 3208 τοῖς
3533 3144 3738 3217 πόμασι
3766 3144 3860 3199 τοῦ

2275 3231 2468 3303 νοητοῦ
2510 3232 3003 3303 Ναϐουχοδονόσορ,
3052 3232 3190 3287 ἀλλὰ
3240 3235 3491 3289 κακῶσαι
3541 3237 3640 3309 τὴν
3683 3238 3865 3312 ψυχὴν

2273 3325 2438 3378 αὑτοῦ
2480 3325 2757 3396 νηστείαις
2786 3328 2843 3379 ἐν
2874 3330 2940 3398 τῇ
2971 3326 3249 3379 Βαϐυλῶνι
3274 3327 3445 3397 ταύτῃ
3480 3328 3568 3381 διὰ
3592 3329 3690 3402 τὴν
3720 3332 3862 3398 γνῶ-

2274 3436 2356 3473 σιν
2384 3422 2482 3491 τῆς
2502 3418 2779 3488 ἀληθείας,
2795 3420 2823 3470 6
2839 3418 3083 3482 τοιοῦτος
3104 3419 3304 3489 Δανιὴλ
3332 3421 3467 3483 ἐστι,
3488 3422 3584 3474 καὶ
3610 3423 3677 3475 τὰ
3716 3426 3860 3478 ίστο-

2275 3507 2511 3578 ρούμενα
2542 3505 2630 3557 ἐπ’
2654 3505 2863 3558 ἐκείνου
2893 3506 3123 3576 ἁρμόσει
3148 3505 3241 3559 καὶ
3263 3507 3354 3559 ἐπὶ
3376 3507 3551 3580 τούτῳ
3577 3508 3852 3578 λέγεσθαι·

2271 3599 2367 3668 μία
2396 3597 2505 3668 γὰρ
2532 3598 2881 3661 κατάστασις,
2913 3597 3009 3650 καὶ
3048 3599 3147 3670 τῆς
3180 3598 3351 3669 αὐτῆς
3382 3596 3548 3663 ἕξεως
3580 3602 3628 3653 οἱ
3670 3602 3854 3674 ἀμφό-

2264 3707 2431 3762 τεροι,
2460 3691 2535 3755 ὡς
2566 3690 2846 3743 καλεῖσθαι
2873 3691 3067 3754 αὐτοὺς
3098 3690 3316 3762 Δανιήλ.

2342 3783 2453 3837 Τοῦ
2483 3782 2693 3837 αὑτοῦ.
2727 3784 2844 3848 Πᾶς
2871 3783 2928 3848 ὃς
2962 3783 3058 3839 ἐὰν
3156 3785 3442 3857 ἄμεμπτος
3473 3787 3531 3841 ἐν
3568 3787 3687 3861 βίῳ,
3724 3790 3857 3864 ἀλη-

2263 3878 2409 3942 θινὸς
2432 3879 2488 3931 ὲν
2514 3877 2815 3949 θεοσεϐείᾳ,
2842 3877 2983 3931 ὥστε
3017 3879 3317 3950 ἀπέχεσθαι
3344 3880 3503 3935 αὐτὸν
3537 3882 3645 3936 ἀπὸ
3679 3884 3853 3939 κακοῦ

2264 3972 2485 4037 παντὸς,
2521 3971 2660 4025 ὥστε
2696 3971 3144 4044 παραζηλοῦσθαι
3172 3974 3257 4026 ἐπ’
3287 3974 3439 4045 αὐτῷ
3461 3975 3552 4027 τὸν
3583 3976 3851 4045 διάϐολον,

2262 4066 2357 4119 καὶ
2400 4064 2579 4118 πάντα
2623 4062 2837 4132 γενικδν
2884 4063 3190 4135 πειρασμὸν
3239 4065 3544 4133 ἐπαγαγεῖν
3590 4068 3739 4139 αὐτῷ
3795 4072 3855 4124 ὲν

2260 4159 2608 4230 πειρασμοῖς,
2658 4156 2752 4209 καὶ
2796 4156 2897 4209 οὐκ
2928 4154 3138 4228 ὀκλὰσῃ
3185 4157 3289 4220 ἕως
3327 4157 3487 4225 λόγου
3533 4158 3779 4230 χειλέων·
3824 4165 3854 4215 ὁ

2256 4248 2499 4313 τοιοῦτος
2543 4244 2834 4312 Ἰώϐὲστι,
2879 4247 2974 4300 καὶ
3015 4248 3085 4302 τὰ
3125 4249 3485 4322 ἱστορούμενα
3523 4251 3609 4305 ἐπ’
3657 4252 3851 4323 ἐκείνῳ

2257 4342 2488 4415 ἁρμόσει
2516 4341 2608 4395 καὶ
2637 4343 2731 4395 ἐπὶ
2772 4340 2967 4413 τούτῳ.
3017 4342 3347 4415 Ἀμφότεροι
3375 4342 3484 4416 γὰρ
3520 4343 3624 4398 ἴσοι
3658 4347 3716 4398 έν
3751 4346 3850 4418 μιᾷ

2255 4436 2365 4502 ἕξει
2391 4436 2448 4488 ὲν
2475 4434 2686 4507 Κυρίῳ,
2714 4434 2808 4489 καὶ
2845 4432 2966 4487 Ἰὼϐ
2998 4432 3361 4507 κληθήσονται
3392 4435 3714 4507 ἀμφότεροι.

640 4517 701 4575 Si
725 4521 828 4588 ﬁlii
850 4532 897 4574 et
926 4521 1056 4590 ﬁlia:
1086 4523 1432 4579 salvabuntur
1463 4526 1529 4581 ".
1559 4525 1869 4583 Secundum
1899 4527 2145 4583 eamdem

2324 4529 2397 4582 El
2427 4527 2544 4582 υἱοὶ
2576 4527 2675 4580 καὶ
2701 4525 3024 4597 θυγατέρες
3054 4525 3458 4593 σωθήσονται.
3491 4527 3655 4589 Υίοὺς
3681 4526 3792 4595 ἔχει
3817 4529 3846 4579 6

567 4611 867 4681 spiritalem
916 4616 1318 4684 generationem
1371 4615 1559 4673 Daniel
1590 4618 1732 4675 ﬁlios
1773 4620 1955 4686 habet,
2010 4636 2150 4690 quos

2273 4618 2456 4691 Δανιὴλ
2507 4618 2646 4672 κατὰ
2688 4617 2787 4690 τὴν
2838 4618 3007 4689 αὐτὴν
3056 4617 3434 4689 πνευματικὴν
3484 4616 3696 4685 γενεὰν,
3747 4615 3843 4680 οὓς

564 4705 751 4775 genuit
778 4706 897 4775 ejus
926 4708 1229 4778 prophetia.
1262 4707 1432 4767 Filios
1463 4711 1608 4766 enim
1630 4714 1878 4769 carnales
1911 4730 2018 4768 non
2049 4714 2150 4770 ha.

564 4797 704 4864 buit,
735 4799 935 4869 quippe
967 4803 1061 4873 qui
1088 4802 1259 4874 spado
1291 4813 1427 4869 erat,
1458 4813 1517 4858 ut
1541 4804 1716 4861 aiunt.
1777 4803 1946 4875 quue
1972 4805 2147 4862 mani-

562 4889 762 4946 festum
790 4901 875 4948 est
915 4908 982 4948 ex
1024 4910 1090 4951 eo
1119 4894 1264 4965 quod
1313 4896 1546 4952 traditus
1571 4906 1654 4952 est
1681 4897 1908 4967 principi
1947 4899 2144 4969 spado-

564 4997 715 5036 num.
777 4982 833 5037 Si
866 4983 1029 5055 igitur
1063 4995 1173 5042 tres
1200 4986 1291 5042 isti
1318 4986 1419 5042 viri
1448 4986 1582 5053 Noe,
1626 4988 1729 5044 Joh
1755 4999 1808 5045 et
1842 4988 2029 5045 Daniel
2060 4990 2141 5044 in-

562 5072 712 5127 venti
748 5071 950 5130 fuerint
983 5077 1040 5131 in
1072 5085 1215 5132 terra
1245 5080 1578 5148 peccatrice,
1614 5079 1668 5134 hi
1701 5080 1755 5137 in
1782 5080 2003 5150 justitia
2042 5098 2142 5135 sua

559 5163 906 5220 salvabuntur
934 5167 1000 5221 ³¹.
1056 5170 1136 5223 Ac
1157 5170 1202 5225 si
1228 5169 1376 5226 dicat
1411 5188 1425 5225 :
1457 5170 1634 5226 Etiam
1658 5173 1752 5243 qui
1784 5173 1990 5228 inventi
2020 5171 2142 5227 fue-

557 5257 669 5311 rint
700 5258 810 5313 illis
836 5260 1067 5317 similes.
1172 5322 1177 5327 ,

627 5349 687 5406 Si
723 5352 826 5420 ﬁlii
859 5366 908 5409 et
937 5353 1068 5422 ﬁlia:
1094 5357 1458 5428 relinquentur
1487 5358 1555 5413 ³³.
1617 5356 1723 5411 Pro
1755 5372 1820 5412 eo
1851 5373 1914 5413 ac
1939 5357 2085 5413 dicat
2122 5377 2135 5414 :

553 5472 664 5510 non
693 5457 1087 5525 relinquentur.
1121 5457 1227 5528 Ipsi
1274 5458 1374 5513 soli
1426 5456 1563 5524 Noe,
1615 5459 1802 5514 Daniel
1847 5470 1904 5513 et
1942 5461 2043 5515 Joh
2074 5462 2125 5515 in

556 5544 765 5612 jnstitia
799 5563 893 5601 sua
923 5549 1232 5603 liberabant
1258 5551 1471 5605 animas
1505 5549 1672 5622 429
1702 5567 1851 5618 snas,
1882 5555 2130 5620 prOprias

2258 4711 2607 4785 ἔγέννησενή
2638 4711 2944 4784 προφητεία
2976 4709 3165 4765 αὑτοῦ·
3202 4711 3350 4773 υἱοὺς
3393 4708 3501 4779 γὰρ
3544 4705 3842 4778 σαρκικοὶις

2254 4805 2355 4858 οὐκ
2398 4803 2573 4879 ἔσχεν·
2627 4803 2881 4875 εὐνοῦχος
2923 4803 3031 4875 γὰρ
3059 4799 3149 4874 ἦν,
3185 4802 3260 4865 ὧς
3288 4817 3441 4869 φασι.
3504 4798 3615 4851 Kal.
3656 4797 3838 4867 δῆλονο

2254 4891 2361 4944 ὑπὸ
2388 4891 2594 4945 τούτων
2628 4890 2737 4963 γὰρ
2770 4891 3041 4964 παρεδόθη
3060 4890 3139 4961 τῷ
3163 4887 3554 4962 ἁρχιευνούχῳ.
3594 4886 3719 4940 Ἐὰν
3740 4883 3835 4942 οὖν

2252 4982 2302 5035 οξ
2333 4984 2481 5054 τρεῖς
2519 4973 2665 5036 οὗτοι
2711 4983 2924 5054 ἄνδρες,
2968 4982 3114 5047 Νῶε,
3164 4981 3259 5034 καὶ
3310 4977 3450 5044 Ἰὼϐ,
3494 4980 3589 5033 καὶ
3617 4978 3837 5051 Δανιὴλ,

2249 5074 2546 5147 εὑρεθῶσιν
2580 5079 2637 5130 ὲν
2662 5079 2729 5149 τῇ
2764 5074 3083 5150 ἁμαρτούσῃ
3114 5077 3207 5145 γῇ,
3237 5065 3383 5126 οὗτοι
3408 5071 3477 5126 ἐν
3507 5071 3586 5141 τῇ
3616 5071 3840 5127 δικαιο-

2250 5169 2411 5237 σύνῃ
2444 5167 2644 5224 αὐτῶν
2672 5168 3071 5234 σωθήσονται·
3103 5168 3235 5220 ὡσεὶ
3261 5165 3413 5234 ἔλεγε
3431 5183 3444 5194 ·
3477 5165 3588 5219 Kal
3618 5164 3713 5220 ἐὰν
3743 5165 3838 5220 εύ-

2250 5260 2483 5333 ρεθῶσιν
2509 5261 2586 5326 ὡς
2612 5260 2757 5325 Νῶε,
2786 5261 2881 5314 καὶ
2920 5259 3060 5323 Ἰὼϐ,
3091 5260 3183 5313 καὶ
3206 5258 3427 5329 Δανιὴλ.

2333 5355 2468 5409 Ἐὰν
2496 5355 2613 5409 υἱοὶ
2657 5355 2755 5408 καὶ
2798 5352 3119 5423 θυγατέρες
3157 5350 3631 5421 ὺπῑολειςρθῶσιν.
3692 5348 3843 5403 Ἀντὶ

2245 5446 2363 5513 τοῦ,
2414 5448 2515 5519 οὐχ
2564 5446 3069 5518 ὑπολειφθήσονται.
3124 5446 3290 5500 Αὐτοὶ
3348 5446 3498 5517 μόνοι
3548 5443 3694 5508 Νῶε,
3739 5432 3875 5523 ualle

2246 5541 2464 5613 Δανιὴλ,
2496 5540 2591 5593 xal.
2643 5536 2764 5591 Ἰὼϐ
2796 5541 2852 5592 ὲν
2882 5541 2949 5610 τῇ
2994 5538 3306 5610 δικαιοσύνῃ
3344 5536 3526 5591 αὐτῶν
3576 5535 3835 5608 pacem;

559 5635 830 5691 videlicet.
868 5639 960 5693 Est
985 5641 1131 5695 enim
1156 5641 1317 5698 etiam
1358 5642 1409 5697 in
1444 5640 1562 5697 aliis
1606 5643 1799 5698 divina:
1831 5643 2129 5712 Scriptura

2276 5633 2340 5697 ἁς
2382 5631 2561 5703 ψυχσὰς
2590 5630 2790 5696 αὐτῶν,
2825 5631 2925 5696 τὰς
2974 5632 3109 5697 ἰδίας
3143 5631 3414 5705 δηλονότι’
3449 5631 3563 5683 ἐστι
3597 5629 3705 5698 γὰρ
3736 5626 3834 5679 καὶ

632 5804 676 5835 ’⁸
700 5803 895 5863 Ezech.
918 5823 1032 5875 xxv,
1058 5808 1143 5865 l3.
1220 5812 1264 5844 ²⁹
1286 5810 1482 5867 Ezech.
1510 5826 1618 5879 xxv,
1648 5812 1734 5867 Η.
1808 5814 1850 5846 ³⁸
1873 5812 2007 5870 Gen.
2033 5828 2129 5880 vn,

2297 5814 2562 5870 "Ezech.
2610 5832 2722 5881 ιιν,
2773 5815 2859 5885 ιϐ,
2901 5815 2989 5885 is,
3026 5816 3114 5870 eo.
3197 5818 3242 5849 π
3279 5815 3410 5872 ibid.
3439 5812 3530 5867 eo.
3610 5810 3656 5843 τε
3692 5807 3829 5867 ibid.
