4128 6444
342 355 449 410 809

1503 352 1812 408 SELECTA
1851 352 1917 407 IN
1956 350 2414 407 EZECHIELEM.

3491 348 3597 401 8l0

342 468 575 541 ἀλλαχοῦ
598 469 696 541 τῆς
724 467 1079 522 θεοπνεύστου
1109 469 1330 540 Γραφῆς
1350 469 1589 524 τοιοῦτον
1620 464 1759 533 εἶδος
1784 467 1917 538 φρά-

2020 467 2156 523 locis
2182 466 2452 538 ejusmodi
2482 466 2693 537 species
2720 465 3045 528 locutionis,
3097 477 3219 534 qua:
3249 460 3594 531 negationem

346 582 502 628 σεως,
538 563 765 635 ἄρνησιν
803 562 925 632 ἕχον
961 562 1247 633 πρόδηλον,
1281 562 1358 625 ὡς
1403 562 1465 615 τὸ
1502 562 1793 633 εἰρημένον
1841 559 1920 629 τῷ

358 655 512 725 Ἠλίᾳ
544 653 681 724 πρὸς
706 651 797 706 τὸν
835 651 1058 723 ’Δχαάόο
1084 652 1170 721 Ζῇ
1202 654 1418 720 Κύριος
1445 654 1477 705 ό
1509 652 1654 718 Θεὸς
1675 649 1796 705 τῶν
1823 651 1922 704 δυ-

347 747 599 817 νάμεων,
642 749 675 800 ὁ
707 747 850 811 Θεὸς
911 745 1179 814 Ἰσραὴλ,
1227 737 1387 812 ᾧπέρ
1434 743 1622 814 ἐσμεν
1666 744 1922 797 ἐνώπιον

346 836 553 901 αὐτοῦ,
585 839 635 890 εἰ
661 835 761 889 ἐπὶ
784 840 857 890 τὰ
883 836 987 903 ἐτη
1017 836 1203 890 ταῦτα
1226 833 1447 904 δρόσος
1477 835 1575 888 καί
1601 835 1778 900 ὑετὸς
1804 832 1922 887 ἀνὰ

346 926 553 983 πᾶσαν
587 923 702 994 γῆν
725 925 914 985 ἐσται.
948 923 1107 977 Οὕτω
1142 925 1237 978 καὶ
1276 925 1305 976 ὁ
1330 921 1534 995 Κύριος
1568 926 1627 977 ὲν
1669 921 1749 992 τῷ
1781 920 1922 975 κατὰ

346 1019 569 1090 Μάρκον
613 1016 950 1086 Εὑαγγελίῳ,
996 1015 1101 1082 ὅτι,
1158 1014 1222 1071 Ἠ
1257 1015 1434 1085 γενεὰ
1475 1015 1626 1084 αὕτη
1670 1016 1923 1084 σημεῖον

347 1109 616 1179 ἐπιζητεῖ.
660 1109 867 1180 Ἀμὴν,
892 1108 1057 1181 ἀμὴν
1102 1107 1257 1178 λέγω
1291 1107 1467 1178 ὑμῖν,
1512 1110 1567 1162 si
1600 1106 1923 1176 δοθήσεται

349 1203 423 1272 τῇ
455 1201 629 1273 γενεᾷ
656 1202 842 1270 ταύτῃ
882 1201 1169 1271 σημεῖονο
1195 1196 1472 1253 τουτέστιν
1515 1198 1577 1251 ού
1614 1196 1918 1269 δοθήσεται.

348 1296 458 1349 Καὶ
487 1295 549 1348 τὸ
588 1294 647 1348 ὲν
684 1291 952 1362 Ψαλμοῖς
993 1291 1283 1363 εἰρημένον
1315 1288 1525 1354 τούτοις
1572 1290 1774 1361 ὅμοιον·
1825 1289 1922 1355 Ὠς

348 1383 552 1454 ὤμοσα
575 1384 646 1439 ἐν
674 1383 751 1453 τῇ
778 1381 926 1452 ὀργῆ
953 1400 1091 1453 μου,
1122 1385 1175 1437 εὶ
1205 1382 1657 1437 εἰσελεύσονται
1685 1383 1775 1448 εἰς
1805 1380 1924 1448 τὴν

352 1474 747 1531 κατάπαυσιν.
797 1475 941 1530 ’Δντὶ
968 1474 1077 1547 γὰρ
1117 1474 1232 1543 τοῦ,
1266 1475 1367 1530 οὐκ
1389 1472 1806 1540 εἰσελεύσονται,
1838 1472 1920 1527 εί-

389 1584 532 1622 πται.

352 1586 597 1711 magici
634 1656 957 1728 ἐξάγουσιν
996 1656 1166 1722 υἱοὺς
1218 1656 1315 1709 καὶ
1360 1656 1709 1727 θυγατέρας.
1748 1654 1921 1708 Τοῦτο

350 1749 489 1803 κατὰ
514 1747 778 1821 ἐρώτησιν
806 1747 1208 1817 ἀναγνωστέον·
1238 1748 1302 1800 Εἰ
1322 1748 1573 1811 ἐκείνοις,
1604 1747 1758 1817 φησὶ,
1792 1746 1919 1816 μίαν

2023 558 2187 613 liabet
2232 557 2600 621 manifestam,
2650 557 3109 627 quemadmodum
3159 555 3365 610 dictum
3413 562 3497 606 est
3528 551 3598 605 ab

2021 649 2140 707 Elia
2184 652 2251 705 ad
2298 652 2488 707 Achab
2509 652 2556 683 ³³
2598 670 2612 706 :
2660 651 2798 706 Vivit
2846 651 3101 705 Dominus
3144 648 3284 703 Deus
3318 649 3595 711 virtutum,

2023 741 2164 795 Deus
2202 740 2395 806 Israel,
2431 743 2484 795 in
2514 758 2665 811 cujus
2692 749 2968 810 conspectu
2993 754 3196 803 sumus,
3226 738 3272 791 si
3305 736 3457 791 annis
3478 737 3595 788 istis

2018 834 2121 888 erit
2148 849 2233 887 ros
2261 844 2310 888 et
2338 834 2517 903 pluuia
2539 849 2631 902 per
2654 843 2821 888 totam
2846 843 3063 887 terram.
3130 831 3225 885 Sic
3252 839 3304 885 et
3333 829 3596 883 Dominus

2021 923 2077 978 in
2104 923 2269 980 Marci
2299 923 2593 996 Evangelia
2618 925 2663 958 ⁸⁵
2694 943 2707 980 :
2760 924 3038 979 (ἕσπεταιίο
3085 923 3194 976 hinc
3220 921 3429 992 signum
3453 934 3596 988 quw-

2024 1014 2095 1068 rit
2132 1030 2151 1067 :
2178 1031 2352 1078 amen,
2398 1032 2551 1069 amen
2578 1015 2698 1070 dico
2740 1015 2884 1069 vobis
2906 1055 2921 1081 ,
2955 1015 3001 1069 si
3031 1013 3245 1067 dabitur
3273 1009 3598 1083 generationi

2023 1105 2147 1159 huic
2172 1106 2404 1174 signant,
2440 1107 2546 1160 hoc
2573 1115 2678 1171 est,
2710 1122 2819 1161 non
2847 1106 3087 1162 dabitur.
3148 1103 3245 1160 llis
3268 1104 3395 1160 item
3419 1103 3598 1158 simile

2022 1204 2108 1251 est
2152 1196 2298 1265 quod
2346 1196 2400 1251 in
2452 1198 2685 1255 Psalmis
2739 1199 2969 1254 habetur
3017 1198 3062 1231 ³⁸
3090 1215 3105 1252 :
3138 1196 3289 1252 Sicut
3317 1196 3500 1267 juravi
3538 1196 3594 1250 in

2023 1281 2106 1337 ira
2157 1299 2312 1350 mea,
2350 1286 2397 1339 si
2446 1286 2740 1342 introibant
2786 1288 2839 1343 in
2871 1289 3097 1360 requiem
3124 1304 3312 1346 meam.
3378 1287 3595 1342 Dictum

2023 1383 2109 1430 est
2132 1375 2277 1430 enim
2318 1389 2436 1445 pro,
2472 1392 2582 1432 non
2615 1377 2938 1435 introibant.

2097 1635 2171 1691 Hi
2202 1637 2430 1694 educunt
2464 1640 2605 1709 ﬁlios
2632 1649 2682 1695 et
2708 1640 2853 1710 ﬁlias
2894 1642 2963 1696 ³⁷.
3013 1640 3400 1713 lnterrogative
3447 1643 3593 1699 istud

2024 1726 2334 1799 legendum.
2372 1727 2431 1785 Si
2459 1730 2800 1800 illis,inquit,
2826 1740 2950 1802 post
2975 1732 3140 1786 unius
3167 1733 3392 1788 ultionis
3418 1735 3597 1790 minas

349 1818 627 1912 ἐκδίκησιν
677 1818 1081 1912 νὴπειλημένοις
1101 1839 1200 1892 οὐκ
1237 1838 1526 1908 ἂρκέσουσι
1554 1837 1678 1891 Νῶε
1701 1839 1796 1892 καὶ
1816 1839 1917 1891 Aa»

2024 1832 2131 1872 nou
2157 1818 2425 1875 sniIicient
2446 1820 2579 1887 Noe,
2612 1820 2802 1877 Daniel
2842 1831 2898 1877 et
2938 1820 3061 1885 Job,
3097 1823 3339 1891 nunquid
3363 1822 3440 1887 hi,
3470 1838 3599 1879 cum

348 1932 467 2003 νιὴλ
500 1932 593 1984 καί
639 1930 779 1994 Ἰὼϐ,
813 1923 959 1983 οῦτοι
990 1929 1323 2000 δυνήσονται,
1355 1929 1463 1984 τῶν
1505 1929 1787 2003 τεσσάρων
1832 1932 1925 1984 ὲκ-

335 2024 616 2093 ιδικήσεων
648 2020 1023 2093 ἐπαγομένων,
1056 2021 1345 2090 ἐξαγαγεῖν
1380 2022 1475 2076 τοῦ
1507 2020 1728 2094 ὀλέθρου
1772 2024 1923 2089 υἰοὺς

351 2112 531 2167 αὐτῶν
570 2113 663 2166 καὶ
711 2112 1049 2185 θυγατέρας;
1120 2115 1249 2169 Ἰδοὺ
1292 2115 1448 2169 αὐτοὶ
1498 2114 1923 2187 ἐκπορεύσονται

353 2203 486 2275 πρὸς
509 2203 651 2274 ὑμᾶς
674 2206 800 2268 τοὺς
832 2206 1496 2277 προαιχμαλωτισθέντας,
1528 2207 1622 2260 καὶ
1644 2210 1711 2279 τῇ
1747 2225 1925 2281 παρα-

352 2292 497 2346 θέσει
525 2294 631 2346 τῶν
658 2294 991 2349 ἐπελθόντων
1022 2297 1204 2360 αὐτοῖς
1232 2295 1419 2351 κακῶν
1451 2297 1610 2368 ὑμεῖς
1634 2297 1922 2370 παρακλη-

350 2383 578 2454 θήσεσὲε
609 2385 806 2455 ἥττονα
833 2385 1003 2440 πολλὰ
1040 2386 1321 2450 παθόντες.

716 2476 746 2491 Α
956 2480 1152 2533 ΚΕΦ.
1196 2479 1298 2534 ΙΕ’.

424 2565 545 2619 Τῶν
586 2565 775 2620 ὄντων
810 2567 882 2621 ἐν
913 2567 1035 2631 τοῖς
1078 2568 1288 2636 ξύλοις
1323 2570 1576 2641 δρυμοῦ.
1606 2570 1753 2625 Ξύλα
1791 2571 1923 2645 δρυι

352 2654 450 2726 μοῦ
479 2656 640 2709 κάκεῖ
666 2657 735 2710 τὰ
766 2656 934 2726 ἄγρια
965 2658 1207 2729 νοητέον,
1242 2658 1473 2731 πεύκην,
1517 2659 1613 2714 καὶ
1642 2661 1711 2715 τὰ
1738 2662 1920 2732 ὃμοια.

348 2747 639 2817 Συγκρῖναι
692 2748 750 2801 δὲ
803 2747 1049 2817 βούλεται
1097 2749 1186 2803 διὰ
1231 2749 1420 2804 τούτου
1466 2751 1604 2823 πρὸς
1649 2752 1717 2806 τὰ
1761 2751 1924 2809 λοιπὰ

348 2838 473 2910 ἔθνη
496 2839 587 2892 τὸν
621 2838 851 2911 Ἰσραὴλ,
880 2838 955 2902 ὼς
979 2840 1220 2910 ἄμπελον
1244 2842 1517 2914 γεωργίας
1538 2843 1923 2900 ἀπολαύσαντα

348 2930 533 3000 νόμου,
577 2929 768 3000 ἱερέων
814 2930 907 2984 καὶ
939 2932 1233 3004 προφητῶν
1266 2934 1628 3004 ἐπαγγελίας,
1661 2938 1755 2991 καὶ
1789 2939 1920 2993 ναοῦ

350 3021 527 3089 ἁγίου,
560 3022 654 3074 καὶ
681 3021 890 3075 πολλῶν
919 3022 1028 3077 τῶν
1064 3024 1380 3095 θαυμάτων,
1414 3029 1720 3100 αὐτομάτου
1752 3030 1922 3102 πυρὸς

348 3109 728 3174 ἀναλίσκοντος
754 3109 852 3174 τὰς
881 3111 1090 3180 θυσίας,
1130 3116 1315 3186 φωνῆς
1346 3117 1650 3188 φερομένης
1678 3119 1787 3173 ἀπὸ
1825 3120 1920 3175 τοῦ

352 3202 657 3274 ἱλαστηρίου
682 3202 791 3257 τῶν
828 3203 1110 3276 χερουὸὶμ,
1138 3207 1233 3261 καὶ
1262 3207 1464 3279 ἐτέρων
1484 3208 1705 3281 ὁμοίων.
1766 3286 1767 3289 η

431 3376 529 3429 Ἐκ
552 3376 658 3430 τοῦ
687 3383 874 3446 πυρὸς
899 3380 1341 3445 ἐξελεύσονται.
1385 3387 1479 3440 Ἐκ
1502 3387 1601 3459 τῆς
1632 3389 1918 3461 αἰχμαλωο

346 3463 467 3528 σίας
504 3466 598 3519 τοῦ
636 3468 1102 3546 Ναϐουχοδονόσορ
1126 3475 1254 3530 ὅταν
1286 3477 1654 3547 ἀνακληθῶσι,
1691 3478 1920 3552 λήψεται

343 3556 541 3621 αὐτοὺς
568 3557 729 3629 ἑτέρα
763 3561 796 3631 ἡ
827 3562 1255 3631 Οὐεσπασιανοῦ,
1284 3567 1452 3638 ἤγουν
1480 3568 1568 3624 διὰ
1594 3570 1778 3628 Τίτου.
1807 3571 1919 3645 Τὴν

344 3647 622 3719 συνέχειαν
647 3651 755 3705 τῶν
789 3653 1082 3726 συμφορῶν
1119 3658 1333 3727 μηνύει.

961 3744 1137 3799 ΚΕΦ.
1174 3749 1303 3816 ις’.

411 3829 520 3883 Kal
575 3832 690 3885 οὐκ
743 3830 977 3902 ἔδησαν
1027 3836 1172 3905 τοὺς
1217 3842 1492 3909 μαστούς
1542 3858 1679 3899 σου.
1746 3844 1805 3899 '0
1860 3847 1920 3901 ὲν

341 3918 532 3992 πρώτῃ
567 3920 770 3994 θεωρία
807 3925 1096 3995 γενόμενος
1120 3929 1221 3983 οὐκ
1253 3929 1358 3997 ἔξω
1386 3933 1484 4005 τῆς
1529 3935 1720 4005 σοφίας
1750 3935 1917 4009 θηλά-

339 4009 446 4073 ζει,
480 4010 593 4064 ἀλλ’
630 4011 777 4066 ἔνδον
808 4013 866 4080 ἐξ
895 4016 1067 4086 αὐτῆς
1094 4017 1372 4089 τρέφεται.
1410 4022 1610 4088 Καλῶς
1642 4021 1737 4080 οὖν
1767 4021 1919 4081 εἶπόν

337 4118 483 4166 τινες
519 4103 611 4156 δύο
652 4106 890 4175 μαστοὺς
931 4106 1031 4172 τὰς
1063 4108 1158 4162 δύο
1189 4110 1483 4183 Διαθήκας,
1516 4114 1610 4184 ἀφ’
1638 4108 1713 4170 ὧν
1749 4117 1917 4190 θηλά-

339 4188 494 4253 ζουσι
523 4191 595 4245 τὰ
626 4194 791 4264 νήπια
818 4211 832 4226 ·
869 4196 965 4248 καὶ
999 4198 1049 4250 οἰ
1083 4198 1407 4270 θηλάξοντες
1445 4196 1591 4257 οὗτοι
1630 4188 1917 4279 εἰσιν,ήάφ’

340 4273 420 4333 ὧν
451 4284 812 4354 κατηρτίσατο
838 4285 1044 4359 Κύριος
1065 4285 1234 4355 αἶνον,
1267 4290 1362 4346 τοῦ
1400 4295 1700 4352 καταλῦσαι
1724 4273 1916 4371 ὲχθρδν

338 4372 437 4427 καὶ
467 4375 777 4447 ὲκδικητήν.

1982 2455 2018 2490 ῗ”

2024 1911 2364 1981 quadruplex
2408 1913 2558 1968 illata
2588 1911 2751 1968 fuerit
2798 1913 2953 1979 ultio,
2981 1921 3235 1982 poterunt
3268 1913 3502 1969 educere
3529 1929 3599 1969 ex

2029 2000 2251 2057 interitu
2294 2002 2436 2060 ﬁlios
2474 2019 2604 2059 suos
2639 2012 2692 2060 et
2729 2003 2909 2059 tilias?
2934 2002 3073 2058 Ecce
3113 2005 3215 2075 ipsi
3252 2004 3600 2076 egredientur

2027 2095 2094 2149 ad
2124 2111 2246 2160 vos,
2282 2096 2374 2166 qui
2403 2097 2616 2167 priores
2656 2097 2855 2168 captivi
2893 2097 3111 2153 abducti
3156 2098 3327 2165 estis,
3357 2098 3597 2154 collatis-

2031 2202 2138 2257 que
2165 2189 2362 2246 vestris
2395 2189 2553 2245 malis
2585 2206 2708 2246 cum
2746 2191 2963 2246 illorum
2990 2193 3272 2259 aerumnis,
3311 2194 3416 2250 hoc
3439 2195 3597 2252 vobis

2022 2278 2130 2335 erit
2150 2281 2345 2338 solatio
2368 2282 2512 2355 quod
2538 2281 2625 2342 his
2658 2282 2870 2339 minora
2894 2283 3056 2355 longe
3083 2285 3235 2357 passi
3262 2285 3416 2344 estis.

2655 2483 2810 2540 CAP.
2847 2484 2964 2541 XV.

2098 2573 2230 2640 Quae
2270 2583 2394 2630 sunt
2433 2575 2571 2630 inter
2612 2576 2756 2646 ligna
2801 2577 2949 2633 silvis
2970 2580 3036 2634 ³⁸.
3084 2580 3257 2653 Ligna
3291 2584 3444 2642 silva:
3485 2589 3597 2644 illic

2025 2678 2245 2735 quoque
2289 2665 2560 2721 silvestria
2613 2666 2958 2736 intelligenda
3002 2680 3166 2737 sunt,
3209 2672 3382 2743 picea,
3421 2684 3476 2733 et
3522 2681 3598 2734 si-

2024 2754 2197 2810 milia.
2234 2754 2362 2811 Vult
2393 2766 2573 2812 autem
2608 2757 2694 2813 his
2718 2760 2901 2815 verbis
2927 2760 3178 2817 lsraelem
3208 2779 3335 2820 cum
3368 2768 3596 2839 reliquis

2024 2846 2276 2917 gentibus
2329 2863 2650 2919 comparare
2675 2890 2691 2917 ,
2725 2859 2982 2921 tanquam
3037 2853 3252 2910 vineam
3301 2873 3423 2928 quae
3459 2859 3595 2931 legis

2022 2937 2239 2992 cultura
2300 2938 2630 3008 profecerit,
2694 2940 3039 2997 sacerdotum
3097 2947 3597 3022 prophetarumque

2027 3029 2463 3094 annuntiatione,
2499 3030 2699 3099 templo
2737 3041 2948 3100 sancto,
2978 3034 3370 3094 miraculorum
3413 3042 3594 3112 copia,

2026 3126 2328 3188 spontaneo
2383 3120 2508 3191 igne
2553 3122 2806 3179 victimas
2854 3137 3244 3195 consumente,
3291 3146 3423 3187 voce
3472 3148 3596 3204 pro~

2025 3221 2286 3265 manante
2331 3225 2399 3267 ex
2437 3212 2867 3273 cherubinorum
2914 3217 3322 3291 propitiatorio,
3364 3223 3598 3297 aliisque

2019 3301 2315 3358 similibus.
3582 3328 3585 3329 '

2092 3389 2172 3446 De
2218 3394 2337 3465 igne
2380 3397 2712 3466 egrediantur
2747 3400 2813 3455 ³⁸.
2861 3400 3001 3459 Cum
3049 3419 3082 3460 e
3125 3407 3441 3478 captivitate
3484 3411 3597 3469 Na-

2020 3480 2449 3542 buchodonosor
2502 3488 2742 3544 revocati
2793 3489 3032 3560 fuerint,
3088 3497 3455 3565 apprehendet
3496 3517 3596 3560 eos

2020 3573 2128 3628 alia
2152 3573 2498 3646 Vespasiani,
2553 3595 2677 3651 quae
2726 3582 2935 3639 scilicet
2986 3599 3083 3657 per
3125 3585 3311 3644 Titum
3363 3591 3588 3650 inducta

2019 3673 2125 3720 est.
2152 3663 2456 3726 Continuas
2488 3668 2606 3727 fore
2633 3674 2976 3733 calamitates
3003 3676 3311 3738 denuntiat.
3578 3693 3583 3699 ‘

2635 3762 2789 3820 CAP.
2827 3764 2968 3821 XVI.

2137 3846 2204 3904 Et
2249 3865 2356 3905 non
2411 3851 2707 3923 ligaverunt
2757 3858 3025 3915 mamilius
3089 3871 3208 3919 tuas
3255 3864 3321 3922 “.
3381 3864 3488 3934 Qui
3537 3868 3595 3925 in

2018 3937 2193 4008 prima
2245 3944 2704 4014 contemplatione
2746 3961 2853 4018 est,
2907 3965 3018 4007 non
3066 3965 3219 4011 extra
3264 3959 3590 4029 sapientiam

2019 4028 2106 4084 lac
2149 4032 2314 4101 sugit,
2355 4034 2451 4090 sed
2487 4034 2630 4093 intra
2668 4053 2734 4094 ex
2772 4041 2893 4112 ipsa
2933 4043 3194 4102 nutritur.
3243 4045 3389 4104 Bene
3427 4051 3595 4122 igitur

2017 4118 2272 4176 dixerunt
2303 4123 2556 4193 quidam,
2593 4127 2704 4182 duo
2732 4129 2901 4187 ubera
2933 4132 3043 4188 duo
3072 4133 3419 4194 Testamenta
3446 4118 3590 4209 esse,

2017 4224 2085 4265 ex
2113 4210 2314 4281 quibus
2340 4213 2425 4270 lac
2453 4226 2654 4287 sugunt
2675 4221 2910 4289 parvuli,
2955 4231 3192 4294 suntque
3221 4225 3276 4280 hi
3304 4226 3589 4301 lactentes,

2016 4315 2086 4356 ex
2135 4302 2335 4372 quibus
2362 4302 2630 4364 Dominus
2677 4309 2891 4379 perlicit
2944 4312 3185 4383 laudem,
3246 4325 3306 4372 ut
3343 4318 3592 4377 destruat

2017 4389 2300 4448 inimicum
2339 4406 2392 4450 et
2417 4395 2650 4453 ultorem
2667 4399 2734 4453 ιι.

408 4464 562 4518 οὐδὲ
595 4465 878 4535 ἐφείσατο
912 4473 948 4524 ό
981 4471 1288 4545 ὀφθαλμός
1323 4492 1460 4533 σου.
1504 4479 1813 4550 Τουτέστιν,
1851 4484 1912 4538 οὐ

2090 4478 2272 4551 Neque
2313 4486 2543 4554 pepercit
2576 4486 2761 4544 oculus
2791 4498 2914 4546 tuus
2937 4491 3003 4547 “.
3063 4491 3179 4551 Hoc
3215 4506 3320 4563 est,
3367 4515 3475 4556 non
3505 4502 3588 4559 tui

336 4557 720 4629 συνεπάθησας
760 4560 947 4634 ἑαυτῇ,
993 4567 1291 4639 φεισαμένη
1332 4568 1427 4622 τοῦ
1457 4571 1682 4643 ποιῆσαι
1721 4573 1823 4630 κᾶν
1851 4575 1911 4630 ἒν

335 4648 447 4700 τῶν
484 4649 907 4721 προλεχθόδτων,
957 4654 1044 4709 ἴνα
1092 4657 1239 4730 κάμὲ
1289 4662 1516 4733 κινήσῃς
1563 4664 1645 4728 εἰς
1689 4668 1907 4738 συμπά-

334 4736 508 4793 θειαν.

409 4829 519 4884 Kal
547 4829 797 4900 διῆλθον
833 4837 1060 4901 καίδιὰ
1079 4840 1215 4895 σοῦ.
1253 4840 1310 4896 '0
1336 4843 1468 4909 Θεὸς
1488 4845 1707 4919 ἀπαθής
1736 4848 1904 4917 ἐστιν,

332 4921 413 4984 ὡς
451 4921 547 4975 καὶ
588 4923 875 4997 ἄτρεπτος,
915 4930 1011 4983 καὶ
1045 4931 1315 4997 ἄκτιστος.
1352 4935 1598 4991 Ποικίλαι
1647 4939 1705 4992 δὲ
1737 4942 1902 4996 αὐτοῦ

331 5010 389 5061 αί
425 5010 667 5081 πρόνοιαι
696 5015 835 5068 κατὰ
856 5017 955 5087 τὴν
976 5019 1246 5075 ποικιλίαν
1269 5022 1379 5077 τῶν
1404 5026 1870 5099 οἰκονομουμένων
1886 5050 1899 5065 ο

330 5098 553 5153 πάντων
578 5102 686 5171 γάρ
715 5105 829 5159 ἐστι
869 5109 1126 5180 ποιητής·
1161 5109 1237 5175 ῶς
1267 5128 1417 5178 τινας
1456 5115 1556 5186 μὲν
1585 5098 1724 5172 εἶναι
1760 5122 1905 5176 οἰκο-

332 5188 525 5250 νομίας
551 5189 868 5263 θυμοειδεῖς,
900 5196 999 5259 τὰς
1028 5198 1086 5251 δὲ
1114 5199 1570 5271 ζηλοτυποειδεῖςο
1602 5206 1802 5277 ὁμοίως
1844 5210 1903 5264 δὲ

329 5279 427 5331 καὶ
454 5281 564 5343 τοῖς
602 5288 988 5352 πνευματικοῖς
1017 5287 1224 5353 δούλοις
1269 5288 1407 5346 εἶναι
1446 5293 1759 5367 οἰκονομίας
1799 5300 1901 5370 χά-

330 5384 501 5440 ριτος.
542 5371 638 5423 καὶ
668 5371 844 5444 δόξης,
886 5376 977 5428 καὶ
1012 5376 1405 5452 ἀγαλλιάσεως,
1437 5385 1501 5437 ἐκ
1526 5385 1619 5438 τοῦ
1653 5387 1770 5451 ἑνὸς
1807 5390 1900 5443 καὶ

327 5462 397 5512 ἁτ
408 5459 626 5529 ρέπτου,
651 5462 743 5515 καὶ
766 5465 1007 5530 ἀπαθοῦς
1029 5469 1123 5523 καὶ
1147 5472 1554 5545 παντοδυνάμου
1582 5475 1738 5530 Θεοῦ.

2016 4568 2134 4640 ipsa
2176 4571 2402 4629 miserta
2448 4589 2531 4643 es,
2585 4591 2820 4647 parcens
2867 4580 3047 4639 facere
3094 4585 3179 4640 vel
3229 4602 3399 4645 unum
3452 4590 3586 4662 quid

2014 4676 2203 4718 eorum
2228 4679 2362 4735 quae
2379 4675 2538 4723 antea
2565 4669 2709 4727 dicta
2739 4683 2889 4742 sunt,
2938 4683 2997 4731 ut
3047 4690 3136 4732 me
3174 4678 3243 4734 ad
3286 4683 3584 4742 commise-

2015 4750 2282 4808 rationem
2309 4769 2577 4812 moveres.

2087 4841 2158 4897 Et
2202 4844 2425 4900 transivi
2474 4863 2568 4917 per
2611 4859 2660 4906 te
2701 4851 2768 4905 ⁸³.
2824 4848 2970 4912 Deus
3009 4856 3079 4912 ab
3125 4860 3274 4915 omni
3321 4861 3585 4922 immunis

2014 4936 2209 4993 ail'ectu
2254 4949 2356 5007 est,
2389 4943 2849 5011 quemadmodum
2889 4949 3052 5004 etiam
3099 4960 3184 5006 est
3228 4953 3584 5015 immutabilis

2013 5036 2068 5083 et
2105 5028 2396 5086 increatus.
2454 5030 2634 5088 Variae
2675 5043 2861 5092 autem
2913 5047 3042 5093 sunt
3072 5039 3192 5110 ejus
3231 5043 3583 5110 providentia:

2013 5135 2113 5190 pro
2158 5135 2350 5176 eorum
2393 5124 2487 5193 qui
2532 5126 2872 5194 providentia
2919 5142 3204 5202 reguntur,
3236 5133 3572 5194 diversitate.

2010 5210 2267 5267 Omnium
2309 5214 2453 5268 enim
2504 5225 2695 5273 auctor
2727 5218 2892 5291 530
2915 5230 2999 5276 est
3024 5237 3038 5274 :
3068 5222 3149 5278 sic
3174 5239 3304 5281 vero
3350 5234 3411 5282 ut
3455 5228 3576 5299 ejus

2010 5302 2257 5371 quaedam
2306 5303 2742 5374 dispensationes
2793 5310 2932 5364 iram
2970 5311 3279 5381 praeferant,
3326 5318 3574 5385 quadam

2007 5390 2430 5449 aemulationem.
2473 5392 2554 5447 Ad
2593 5394 2743 5450 viros
2785 5395 2915 5452 item
2954 5400 3229 5470 spiritales
3260 5404 3406 5471 quod
3450 5404 3550 5458 aui

2006 5490 2115 5548 net,
2163 5481 2599 5551 dispensationes
2654 5486 2842 5555 gratiae
2887 5499 3037 5558 sunt,
3076 5500 3130 5547 et
3168 5493 3372 5564 gloriae,
3404 5503 3573 5550 etes-

329 5549 643 5606 sultationis
669 5594 684 5620 ,
737 5568 805 5608 ex
849 5570 997 5623 uno,
1044 5560 1409 5629 immutabili,
1470 5563 1791 5634 impassibili
1843 5578 1899 5626 et
1935 5549 2306 5642 omnipotente
2344 5572 2473 5628 Deo.

458 5664 540 5758 .lIll
565 5666 692 5737 Reg.
716 5671 951 5758 ξιγιιὶξἱὶ
998 5672 1043 5758 '_'
1065 5671 1385 5758 Marc._vm,
1568 5682 1617 5758 _'°
1641 5682 1917 5758 Psal._;cu

2022 5688 2102 5758 1.7
2167 5688 2209 5720 ³⁷
2232 5687 2429 5746 Ezech.
2465 5707 2575 5758 xw,
2601 5693 2693 5752 22.

317 5736 369 5770 ιο
397 5736 509 5793 ibid
569 5736 767 5799 “et.
842 5739 1292 5809 “Psal.\'lll,5.
1369 5736 1898 5822 nummulis."

2020 5736 2128 5813 bid.
2169 5758 2222 5813 8.

694 5832 966 5895 PATROL.
1006 5834 1120 5901 Gn.
1168 5834 1346 5899 XIII.

2792 5696 2838 5730 ³⁸
2861 5697 2996 5755 ibid.
3027 5714 3117 5766 xv,
3141 5698 3198 5756 2.
3269 5701 3314 5734 ³⁹
3351 5701 3485 5760 ibid.
3522 5703 3570 5758 7.

3127 5863 3208 5926 26
