4128 6428
379 369 481 422 815

1569 346 1875 404 SELECTA
1917 348 1979 400 ΙΝ
2019 345 2467 400 EZECIIIELEM.

3517 354 3621 410 8N

378 484 428 536 oi
457 484 562 551 γὰρ
583 478 731 547 τρεῖς
769 473 946 545 χρόνοι
981 472 1060 534 είς
1093 469 1270 522 πάντα
1303 466 1469 520 αίῶνα
1500 463 1948 535 παραλαμϐάνον-

2053 461 2264 529 Triplex
2315 461 2458 513 cnim
2506 469 2718 530 tempus
2763 477 2860 530 pro
2909 463 3054 517 omni
3108 464 3306 518 smculo
3362 466 3620 525 sumitur.

379 589 684 727 τωἑόδομιῑ
724 657 762 725 ἡ
801 653 1034 721 ἀδελφή
1079 666 1216 705 σου.
1272 649 1479 718 Σόδομα
1533 646 1797 715 σύμϐολον
1850 643 1949 712 τῆς

383 750 690 824 πρακτικῆς
714 747 932 809 κακίας,
956 745 1074 814 ἢτοι
1110 743 1209 811 τῆς
1237 740 1324 793 διὰ
1359 737 1559 808 σαρκὸς
1585 735 1877 806 ἁμαρτίας.

451 930 611 996 Αὕτη
645 927 743 982 καὶ
773 929 831 980 αἱ
867 922 1181 994 θυγατέρες
1213 919 1421 987 αὐτῆς.
1455 916 1763 986 Θυγατέρες
1794 912 1947 966 Σοδό-

385 1040 503 1094 μων
529 1021 636 1073 είσὶ
657 1018 825 1089 ψυχαὶ
855 1017 928 1088 μὴ
962 1013 1251 1086 μαθοῦσαι,
1281 1012 1384 1074 ὅτι,
1412 1008 1536 1074 Πᾶς
1559 1011 1591 1062 ό
1613 1004 1786 1074 ὑψῶν
1815 1003 1950 1094 ἑαυ-

378 1092 488 1166 τὸν
506 1105 1020 1173 ταπεινωθήσεται.
1038 1103 1352 1174 Θυγατέρας
1367 1101 1422 1154 δὲ
1449 1100 1619 1167 αὐτῆς
1641 1096 1737 1159 τὰς
1759 1092 1949 1152 λοιπὰς

381 1205 528 1274 λέγει
553 1203 755 1264 πόλεις.

451 1295 648 1369 Τηρῶν
668 1296 726 1347 ὲν
749 1295 815 1363 τῇ
846 1293 1034 1363 Γραφῇ
1059 1290 1160 1361 τὴν
1191 1285 1454 1358 διαφορὰν
1484 1283 1590 1337 τῶν
1621 1280 1949 1354 ἁμαρτημά-

381 1405 508 1452 των,
541 1386 750 1460 μικρῶν
775 1401 836 1438 τε
865 1387 960 1438 καὶ
995 1381 1265 1454 μεγάλων,
1299 1379 1362 1434 τὺ
1389 1378 1687 1450 ἀκρότατον
1724 1375 1822 1444 τῆς
1850 1389 1950 1426 κα-

381 1483 504 1544 κίας
530 1475 873 1550 ὑπερηφανία
917 1475 1056 1539 ἐστὶ,
1085 1473 1146 1526 τὸ
1181 1472 1352 1534 πάθος
1383 1469 1476 1522 τοῦ
1505 1466 1812 1538 ἀρχεκάκου
1833 1479 1846 1491 ⁶
1873 1463 1952 1523 είς

382 1573 448 1643 ἢν
477 1571 570 1627 καὶ
603 1570 652 1622 oi
677 1567 957 1639 Σοδομῖται
987 1564 1264 1635 φαίνονται
1283 1579 1296 1591 ’
1331 1560 1426 1614 καὶ
1459 1556 1616 1611 τοῦτο
1643 1556 1813 1624 ζήτει.

999 1743 1049 1794 Κ
1061 1741 1100 1794 Ε
1115 1741 1180 1794 Φ.
1227 1737 1327 1790 IZ'.

2125 654 2357 707 Sodoma
2390 670 2540 707 soror
2568 657 2765 710 tua"'.
2792 655 3026 710 Sodoma
3056 657 3224 726 figura
3249 665 3331 711 est
3353 657 3472 726 ejus
3497 673 3620 725 pra-

2051 745 2234 800 vitatis
2276 761 2397 814 quae
2423 745 2477 798 in
2509 746 2722 801 actione
2770 749 3048 812 consistit,
3099 763 3192 802 seu
3237 748 3442 817 peccati
3476 750 3620 819 quod

2051 851 2213 891 carne
2242 844 2602 905 perpetretur.

2124 924 2254 978 Ha’c
2301 938 2349 976 et
2378 922 2508 993 ﬁlia:
2546 924 2660 992 ejus
2693 925 2761 980 ⁵⁸.
2811 925 2959 980 Filiae
3008 925 3370 982 Sodomorum
3426 927 3621 981 anima:

2051 1024 2199 1078 sunt,
2241 1029 2364 1083 qua:
2420 1029 2526 1067 non
2561 1014 2864 1070 didicerunt
2900 1034 2912 1069 :
2953 1015 3137 1070 Omnis
3183 1018 3274 1085 qui
3311 1033 3366 1070 se
3392 1018 3616 1079 exultat,

2051 1104 2504 1160 Itumt'lt'abt'lur”.
2531 1103 2696 1160 Filias
2727 1116 2907 1162 autem
2952 1109 3070 1176 ejus
3105 1108 3341 1177 reliquas
3373 1107 3623 1162 civitates

2053 1198 2302 1267 appellat.

2123 1287 2179 1340 Si
2205 1288 2458 1344 observes
2491 1291 2542 1343 in
2578 1289 2856 1359 Scriptura
2890 1288 3245 1343 diﬂ‘ercntiam
3275 1297 3620 1358 peccatorum

2053 1377 2326 1432 minorum
2357 1383 2559 1448 pariter
2585 1389 2747 1450 atque
2773 1381 3062 1446 maiorum,
3090 1364 3305 1433 malitia:
3333 1380 3623 1434 summitas

2055 1469 2307 1539 superbia
2334 1479 2437 1536 est,
2470 1470 2642 1539 ipsius
2673 1473 2936 1525 malorum
2971 1472 3210 1526 auctoris
3236 1471 3385 1525 labes
3415 1491 3426 1524 :
3465 1471 3624 1540 cujus

2054 1560 2218 1613 etiam
2271 1557 2566 1613 Sodomita
2631 1560 2871 1629 praebent
2923 1561 3217 1627 specimen.
3286 1561 3463 1628 Atque
3519 1561 3623 1613 hoc

2056 1665 2256 1720 quaere.

2624 1738 2850 1795 CAPUT
2891 1737 3050 1792 XVII.

445 1836 632 1891 Εἰπὸν
668 1835 744 1902 δὴ
787 1833 937 1900 πρὸς
974 1829 1082 1884 τὸν
1129 1825 1300 1882 οἷκον
1342 1823 1590 1892 Ἰσραὴλ
1626 1822 1732 1876 τὸν
1764 1835 1950 1889 παρα-

2125 1835 2225 1888 Dic
2252 1849 2390 1888 nunc
2417 1833 2485 1886 ad
2512 1831 2762 1902 populum
2781 1830 2953 1885 Israel
2976 1839 3371 1898 exasperanlem
3389 1829 3455 1882 ⁸⁵.
3481 1829 3621 1884 Exa-

381 1926 781 1992 πικραίνοντα.
812 1916 1284 1993 Παραπικρασμός
1307 1919 1452 1968 ἐστιν
1478 1913 1720 1984 ἁμαρτία
1736 1931 1751 1944 ·
1777 1912 1948 1984 πικρὰ

382 2016 489 2083 γὰρ
516 2013 731 2080 λέγεται
757 2010 824 2064 τὰ
855 2011 1104 2064 ἐπίπονα.

465 2099 588 2152 Ἐπὶ
644 2096 1046 2166 Ἰερουσαλήμ.
1115 2093 1465 2167 Ἰερουσαλήμ
1516 2093 1634 2145 ἐστι
1686 2089 1951 2160 σύμϐολον

383 2190 484 2260 τῆς
521 2189 790 2258 γνώσεως,
840 2188 1064 2257 καὶτῆς
1111 2186 1274 2254 ἁγίας
1341 2184 1665 2254 Ἐκκλησίας
1708 2181 1802 2236 καὶ
1854 2181 1952 2250 τῆς

383 2282 598 2353 ἀρετῆς.
641 2280 720 2332 Τὰ
753 2279 879 2350 τρία
916 2280 975 2331 ὲν
1002 2279 1082 2332 ἑνὶ
1113 2277 1381 2349 πρόσωπά
1402 2277 1567 2328 ἐστιν.
1609 2274 1668 2326 Ὀ
1698 2275 1755 2326 ὲν
1777 2271 1951 2340 ταύτῃ

380 2373 475 2436 ὢν,
501 2373 593 2424 καὶ
615 2373 679 2441 τῇ
705 2369 948 2442 ἁμαρτία
975 2369 1190 2433 ἐπιδοὺς
1219 2368 1433 2431 ἑαυτὸν,
1460 2366 1622 2425 τόπον
1650 2364 1950 2417 ὲπεδέδωκε

378 2463 625 2533 διαϐόλῳ,
674 2461 750 2532 τῷ
790 2460 967 2532 νοητῷ
1006 2459 1496 2530 Ναϐουχοδονόσορ,
1529 2457 1781 2527 ἐπιϐῆναι
1830 2454 1950 2508 κατ’

378 2553 564 2617 αὐτοῦ,
603 2554 693 2606 καὶ
731 2552 977 2606 καθελεῖν
1017 2553 1076 2605 τὸ
1123 2555 1304 2621 τεῖχος
1361 2549 1712 2621 Ἰερουσαλὴμ
1767 2548 1951 2618 κύκλῳ

381 2648 497 2718 (τὴν
520 2648 618 2718 τῆς
639 2646 966 2717 ἐγκρατείας
992 2643 1259 2714 ἀγωγὴν),
1293 2643 1382 2697 διὰ
1402 2641 1496 2695 τοῦ
1527 2639 1949 2712 ἀρχιμαγείρου,

375 2739 472 2790 τοῦ
504 2735 775 2807 ἀκρατοῦς
823 2735 966 2804 βίου·
1006 2735 1100 2788 καὶ
1142 2733 1383 2802 παντελῆ
1422 2730 1799 2802 αἰχμαλωσίαν
1844 2730 1952 2783 ἀπὸ

391 2825 762 2897 Ἰερουσαλὴμ,
813 2825 915 2894 τῆς
958 2824 1180 2894 ἀρετῆς,
1220 2823 1338 2888 ἄξει
1384 2823 1464 2885 εἰς
1494 2821 1804 2884 Βαϐυλῶνα,
1859 2822 1952 2874 καὶ

381 2915 632 2986 quaedam
653 2917 733 2979 sic;
755 2917 992 2970 Χαναάν.

451 3007 559 3062 Kal
586 3005 806 3070 εἰσάξω
835 3005 1024 3059 αὑτὸν
1061 3007 1131 3059 ἐν
1171 3005 1304 3074 ἀρᾷ.
1354 3007 1413 3058 Ὀ
1440 3005 1682 3069 διάϐολος
1720 3004 1953 3072 εἰσάγων

383 3098 462 3159 εἰς
487 3097 584 3167 τὴν
615 3096 876 3167 διαθήκην
905 3095 1090 3160 αὐτοῦ,
1121 3095 1214 3158 οὒς
1239 3096 1468 3163 εἰσάγει,
1492 3097 1550 3147 ὲν
1582 3096 1691 3166 ἀρᾷ
1722 3093 1952 3161 εἰσάγειο

383 3186 521 3258 ἀρὰν
553 3185 660 3255 γὰρ
691 3186 786 3249 τὰς
816 3185 1084 3258 συνθήκας
1114 3187 1208 3239 καὶ
1233 3186 1324 3239 τὸν
1354 3187 1514 3256 ὅρκον
1551 3185 1704 3253 φησί.

457 3364 550 3426 ’ος
585 3361 844 3428 ἠτίμωσε
881 3360 997 3426 τὴν
1037 3359 1190 3428 ἀράν
1214 3377 1357 3428 μου.
1404 3359 1681 3430 ’.ἀτιμάζει
1723 3375 1806 3421 τις
1854 3358 1954 3429 τὴν

380 3452 518 3524 ἀρὰν
551 3451 640 3504 τοῦ
672 3449 804 3504 Θεοῦ
851 3454 879 3504 ὁ
911 3451 984 3522 μὴ
1020 3453 1304 3522 ὑπομένων
1336 3453 1394 3505 ὲν
1425 3454 1490 3522 τῇ
1523 3450 1741 3522 παιδείᾳ
1847 3467 1954 3504 πα-

382 3545 663 3617 ραδίδωσιν
685 3545 714 3596 δ
737 3544 888 3612 Θεὸς,
920 3543 1056 3598 ἀλλὰ
1092 3543 1405 3614 προσελθὼν
1434 3545 1501 3614 τῇ
1545 3544 1610 3596 ὲκ
1633 3543 1734 3611 τῆς
1770 3542 1952 3612 ἁμαρ-

379 3638 499 3700 τίας
530 3637 849 3693 ἀναπαύσει.
876 3636 966 3690 Διὸ
995 3638 1024 3690 ὁ
1048 3635 1286 3700 τοιοῦτος
1310 3635 1410 3690 οὐκ
1435 3635 1776 3704 ἐκφεύξεται.

452 3819 559 3873 Kal
589 3817 858 3886 λήψομαι
884 3817 998 3886 ἐγὼ
1025 3818 1094 3870 ἐκ
1133 3815 1252 3872 τῶν
1289 3816 1636 3870 ἐπιλέκτων.
1663 3815 1778 3872 Καὶ
1818 3814 1956 3884 μετὰ

379 3907 554 3962 ταῦτα
600 3907 838 3976 λήψομαι
879 3905 990 3974 ἐγὼ
1026 3908 1089 3962 ὲκ
1118 3906 1225 3959 τῶν
1267 3906 1566 3962 ἐπιλέκτων
1597 3906 1697 3975 τῆς
1739 3905 1950 3976 κέδρου.

380 3999 536 4056 Μετὰ
573 3999 636 4051 τὸ
668 3996 1017 4066 παιδευθῆναι
1043 3997 1166 4064 τοὺς
1194 3997 1329 4067 αὐτῇ
1356 3995 1776 4068 παραδοθέντας,
1803 3995 1954 4048 ἔσται

381 4092 451 4145 τὰ
485 4089 836 4161 προκείμενα.
870 4088 1026 4142 Κατὰ
1063 4089 1162 4158 μὲν
1188 4088 1248 4140 τὸ
1279 4089 1439 4158 ῥητὸν
1460 4088 1553 4142 τοῦ
1582 4086 1710 4144 λαοῦ
1745 4087 1952 4142 ἐκείνου

383 4184 481 4253 τὴν
512 4180 845 4251 ἐπιστροφὴν
872 4179 1236 4250 προφητεύειο
1270 4179 1338 4233 τὰ
1365 4179 1422 4232 δὲ
1444 4180 1703 4232 ὲπίλεκτα
1733 4180 1830 4249 τῆς
1863 4180 1955 4232 κέ-

380 4275 507 4345 δρου
558 4273 695 4326 εἰσὶν
737 4275 785 4324 ot
833 4271 1117 4328 ἀπόστολοι
1160 4271 1255 4329 καὶ
1292 4272 1342 4323 οί
1375 4271 1767 4341 παραπλήσιοι,
1809 4271 1858 4322 ei
1895 4271 1955 4324 τὸ

391 4366 506 4417 κατ’
548 4361 774 4432 ἐκλογὴν
817 4361 1066 4432 σπέρμα’
1111 4359 1250 4413 κατὰ
1281 4361 1337 4413 δὲ
1377 4361 1473 4432 τὴν
1502 4361 1812 4431 ἀναγωγὴν,
1859 4361 1955 4432 τὴν

383 4451 853 4507 άνακαινισθεϊσαν
879 4449 966 4503 διὰ
1000 4449 1098 4520 τῆς
1133 4448 1378 4513 παιδείας
1405 4449 1515 4516 ἕξιν
1545 4451 1756 4521 ἀγαθὴν
1794 4451 1955 4521 φύσιν

383 4543 554 4612 λέγει.

457 4631 894 4700 Καταφυτεύσω
925 4630 1016 4682 ἐπ’
1054 4630 1191 4698 ὄρος
1227 4632 1493 4699 ὑψηλόν.
1545 4634 1706 4705 Ὄρος
1747 4634 1953 4714 ὑψηλόν

385 4727 532 4779 ἐστιν
575 4725 608 4793 ἡ
637 4721 834 4791 γνῶσις
863 4719 960 4790 τῆς
1001 4721 1275 4790 ἀληθείας,
1321 4725 1349 4776 ὁ
1389 4725 1641 4794 Χριστός.
1674 4725 1783 4782 Kal
1823 4743 1955 4794 κρε-

381 4813 556 4882 μάσω
580 4810 766 4865 αὐτὸν
795 4810 865 4866 ἐν
893 4809 1013 4879 ὄρει
1031 4811 1328 4880 μετεώρῳο
1353 4812 1476 4884 δρος
1509 4814 1778 4888 μετέωρόν
1807 4817 1953 4870 ἐστιν

383 4907 415 4959 ό
453 4904 695 4974 οὐράνιος
727 4902 905 4964 τόπος,
937 4901 1029 4953 καὶ
1061 4903 1095 4971 ἡ
1121 4901 1451 4972 κατάλληλος
1487 4902 1619 4969 ἕξις.

459 4994 566 5047 Καὶ
594 4995 763 5046 ἕσται
791 4995 878 5057 είς
911 4992 1123 5059 κέδρον
1145 4992 1434 5060 μεγάλην.
1473 4994 1582 5064 Τὴν
1633 4994 1955 5066 Ἐκκλησίαν

387 5083 558 5146 λέγει,
587 5085 680 5138 καὶ
703 5084 793 5136 τὸν
820 5083 939 5136 κατ’
961 5084 1130 5156 αὐτὴν
1151 5083 1326 5150 λόγον,
1357 5083 1443 5151 ὑφ’
1472 5083 1530 5135 ὃν
1558 5083 1957 5138 ἀναπαύσονται

389 5191 520 5226 ποτε
541 5174 607 5226 τὰ
629 5173 912 5244 ἀκάθαρτα
929 5174 1088 5244 ὄρνεα
1115 5174 1206 5226 καὶ
1232 5173 1298 5226 τὰ
1325 5174 1545 5226 πετεινὰ
1567 5174 1633 5228 τὰ
1653 5173 1955 5242 ἀκάθαρτα.

468 5266 576 5320 Τοῦ
613 5265 818 5320 αὐτοῦ.
868 5266 925 5320 Ὀ
979 5265 1274 5336 πτερωθεὶς
1325 5265 1430 5316 ὑπὸ
1479 5265 1586 5316 τῶν
1641 5264 1810 5331 λόγων
1861 5261 1954 5314 τοῦ

389 5355 527 5410 Θεοῦ
557 5355 922 5412 ἀναπαύσεται
950 5355 1054 5408 ὑπὸ
1091 5354 1188 5424 τὴν
1222 5353 1460 5424 μεγάλην
1491 5353 1696 5421 κέδρον,
1725 5354 1820 5423 τὴν
1857 5372 1954 5423 φυ-

389 5447 669 5500 τευθεῖσαν
696 5444 798 5497 ὑπὸ
829 5448 920 5497 τοῦ
953 5444 1086 5496 Θεοῦ
1120 5447 1176 5494 ἐν
1217 5443 1294 5516 τῷ
1326 5444 1440 5514 δρει
1473 5443 1548 5512 τῷ
1585 5443 1789 5513 ὑψηλῷ.

361 5667 368 5672 .
460 5645 532 5676 ιν
567 5643 755 5698 [ἐπειὴ
788 5660 895 5704 κνι,
925 5645 1014 5698 48,
1107 5644 1152 5674 ⁵³
1177 5645 1302 5698 illiti.

392 5715 588 5768 "ibid.
615 5715 702 5765 :52.
783 5715 846 5744 ⁵³⁸
876 5716 1003 5772 ibid.
1079 5715 1122 5746 θ’
1150 5714 1279 5770 ibid.
1307 5715 1377 5768 25
1475 5716 1669 5770 “inid.

1405 5646 1451 5676 ⁸⁸⁵
1476 5645 1605 5718 Luc.
1633 5660 1748 5718 AXH’,
1792 5647 1872 5706 li.
1951 5649 1994 5680 ⁸⁸
2022 5643 2219 5707 Ezeeh.
2251 5664 2384 5718 xvu,
2441 5649 2525 5704 12.
2602 5648 2645 5682 ⁸⁸
2675 5649 2805 5702 ibid-

2054 1925 2293 1996 speratio
2318 1932 2598 1993 peccatum
2630 1929 2730 1976 est.
2782 1919 2987 1990 Aspera
3009 1919 3152 1974 enim
3189 1919 3464 1984 dicuntur,
3501 1934 3623 1988 qua:

2053 2017 2291 2070 laborem
2324 2031 2387 2070 ac
2413 2014 2654 2069 dolorem
2681 2012 2898 2067 habent.

2124 2105 2290 2176 Super
2313 2106 2611 2160 Jerusalem
2636 2104 2701 2158 “.
2728 2103 3028 2160 Jerusalem
3060 2103 3228 2172 ﬁgura
3274 2110 3356 2157 est
3383 2101 3623 2156 scientim

2053 2206 2360 2267 sanctasque
2386 2197 2641 2252 Ecclesia:
2665 2205 2718 2250 et
2739 2195 2972 2250 virtutis.
2993 2193 3127 2248 Tres
3154 2194 3207 2247 in
3234 2209 3343 2246 uno
3377 2205 3624 2262 personas

2053 2298 2201 2344 sunt.
2260 2289 2366 2354 Qui
2405 2290 2459 2342 in
2485 2303 2548 2343 ea
2585 2296 2700 2349 est,
2735 2295 2790 2341 et
2831 2295 3050 2356 peccato
3101 2301 3160 2340 se
3209 2285 3405 2352 tradit,
3441 2285 3622 2339 locum

2053 2381 2148 2436 dat
2189 2379 2429 2445 diabolo,
2489 2377 2723 2446 spiritali
2772 2375 3332 2440 Nabuchodonosori,
3388 2383 3450 2429 ut
3495 2391 3623 2431 eum

2054 2470 2295 2534 invadat,
2351 2479 2403 2524 et
2456 2469 2640 2523 diruat
2690 2483 2908 2522 murum
2958 2465 3257 2521 Jerusalem
3291 2467 3344 2520 in
3389 2467 3622 2524 circuitu

2056 2563 2273 2633 (nempe
2325 2560 2676 2616 continentiae
2726 2558 3123 2626 disciplinam),
3155 2573 3251 2626 per
3295 2558 3622 2627 magistrum

2053 2666 2400 2721 coquet-um,
2449 2650 2616 2703 vitam
2662 2648 2916 2702 videlicet
2964 2647 3441 2713 intemperantem,
3498 2648 3624 2700 uni-

2055 2755 2378 2809 versumque
2428 2737 2825 2807 captivitatem,
2880 2736 2948 2788 ab
2973 2733 3310 2798 Jerusalem,
3365 2733 3621 2787 nimirum

2056 2832 2276 2899 virtute,
2298 2829 2624 2899 Babylonem
2658 2828 2840 2891 ducat,
2873 2836 2928 2882 et
2957 2826 3161 2896 plantat
3187 2825 3240 2878 iu
3267 2824 3550 2879 Chanaan.

2130 3009 2198 3063 Et
2244 3007 2578 3062 introducam
2615 3022 2732 3060 eum
2776 3006 2832 3057 in
2863 3004 3230 3058 maledictione
3247 3005 3312 3057 ⁸⁷.
3367 3003 3624 3058 Diabolus

2059 3099 2364 3154 inducendo
2407 3098 2461 3152 in
2492 3105 2874 3152 testamentum
2906 3111 3088 3161 suum,
3119 3112 3258 3165 quos
3293 3095 3533 3156 inducit,
3570 3096 3624 3148 in

1981 3177 2024 3233 C
2059 3190 2442 3246 maledictione
2486 3187 2712 3243 inducit.
2763 3185 3198 3241 Maledictiouem
3251 3188 3397 3242 enim
3459 3195 3627 3240 testa-

2056 3289 2301 3336 mentum
2337 3279 2793 3348 etjusjurandum
2818 3286 2991 3333 vocat.

2130 3370 2236 3435 Qui
2273 3369 2465 3438 spreuit
2506 3367 2928 3422 maledictionem
2977 3366 3233 3420 meum”.
3279 3364 3498 3434 Spernit
3531 3365 3625 3420 Dei

2057 3457 2492 3512 maledictionem
2563 3459 2610 3512 is
2647 3460 2743 3528 qui
2791 3473 2900 3512 non
2951 3455 3186 3510 sustinet
3236 3454 3290 3510 itt
3339 3455 3625 3523 disciplina

2054 3563 2221 3620 quam
2261 3547 2424 3602 tradit
2445 3546 2610 3612 Deus,
2644 3549 2743 3602 sed
2775 3548 2842 3600 ad
2883 3545 3124 3613 requiem
3158 3559 3281 3612 qua:
3309 3559 3374 3598 cx
3405 3556 3626 3612 peccato

2055 3650 2162 3704 est.
2212 3639 2440 3696 accedit.
2494 3639 2839 3707 Quapropter
2884 3637 2978 3705 qui
3031 3635 3303 3703 ejusmodi
3351 3643 3466 3698 est,
3516 3651 3624 3689 non

2057 3731 2296 3800 eﬂugiet.

2129 3821 2199 3878 Et
2231 3837 2439 3876 sumam
2477 3836 2569 3890 ego
2593 3819 2655 3872 de
2678 3817 2853 3872 electis
2878 3817 2942 3869 '9.
2969 3815 3034 3870 Et
3055 3823 3244 3886 postea
3270 3831 3482 3870 sumam
3523 3831 3627 3884 ego

2056 3912 2124 3969 de
2169 3913 2356 3968 electis
2404 3911 2572 3966 cedri.
2629 3907 2732 3964 Ubi
2785 3909 3032 3979 castigati
3074 3907 3276 3962 fuerint
3323 3907 3416 3976 qui
3462 3907 3627 3963 disci-

2061 4004 2222 4072 plinas
2281 4001 2467 4056 traditi
2517 4010 2674 4066 sunt,
2725 4015 2788 4054 ea
2838 4015 2960 4069 quae
3021 3999 3124 4053 hoc
3173 4000 3296 4055 loco
3343 3999 3624 4065 dicuntur,

2057 4103 2318 4149 eventura
2358 4102 2505 4148 sunt.
2562 4093 2644 4146 Ad
2702 4095 2934 4147 litteram
2977 4093 3197 4161 quidem
3250 4091 3395 4145 illius
3439 4093 3624 4160 pepuli

2057 4185 2288 4240 reditum
2332 4185 2658 4238 vaticinatur
2689 4183 2840 4254 (sunt
2882 4194 3062 4238 autem
3091 4183 3259 4238 electa
3291 4182 3459 4246 cedri,
3497 4197 3628 4251 apo-

2060 4273 2223 4338 stoli,
2264 4282 2426 4342 atque
2478 4274 2564 4328 his
2607 4273 2847 4337 similes,
2892 4273 3054 4344 432
3093 4274 3324 4328 electum
3380 4273 3627 4328 videlicet

2057 4364 2300 4431 semen);
2340 4364 2637 4418 secundum
2687 4365 2972 4433 mysticum
3007 4379 3134 4418 vero
3172 4378 3415 4426 sensum,
3465 4379 3626 4418 reno-

2057 4464 2242 4511 vatum
2270 4454 2554 4524 disciplina
2587 4455 2831 4510 habitum
2854 4497 2868 4520 ,
2900 4457 3095 4510 bonam
3128 4465 3376 4510 naturam
3401 4456 3552 4511 dicit.

2133 4625 2394 4680 Plantaba
2422 4643 2574 4694 super
2602 4638 2826 4686 montem
2850 4628 3113 4684 excelsum
3133 4627 3178 4663 ”
3198 4629 3232 4682 ‘.
3266 4627 3422 4688 Mons
3449 4630 3627 4684 excel-

2062 4731 2158 4772 sus
2207 4726 2291 4770 est
2340 4718 2580 4787 cognitio
2618 4719 2897 4784 veritatis,
2944 4721 3192 4780 Christus
3234 4720 3502 4774 videlicet.
3560 4719 3624 4771 Et

2059 4809 2377 4877 suspendam
2420 4810 2591 4877 ipsum
2623 4812 2675 4862 in
2707 4820 2878 4864 monte
2922 4811 3135 4864 sublimi
3160 4811 3223 4864 ⁸ο.
3267 4811 3418 4864 Mons
3453 4810 3625 4872 subli-

2061 4897 2166 4952 mis
2195 4898 2434 4954 caelestis
2463 4899 2610 4968 regio
2637 4907 2738 4965 est,
2766 4908 2928 4968 atque
2965 4901 3182 4954 habitus
3213 4901 3258 4955 ei
3291 4899 3483 4954 omnis.

2134 4989 2202 5042 Et
2241 4992 2340 5044 erit
2386 4991 2439 5042 in
2473 4992 2686 5043 cedrum
2727 5007 2975 5060 magnum
3010 4993 3072 5044 ⁶¹.
3127 4991 3420 5044 Ecclesium
3475 4991 3625 5056 dicit,

2061 5091 2115 5136 et
2137 5082 2436 5136 doctrinam
2487 5083 2627 5150 ejus,
2654 5083 2757 5137 sub
2789 5098 2896 5151 qua
2945 5083 3288 5150 requiescent
3336 5082 3628 5151 aliquando

2062 5189 2188 5227 aves
2217 5175 2510 5227 immundae
2533 5183 2586 5228 et
2613 5175 2849 5228 volatilia
2881 5173 3180 5228 immunda.

2133 5263 2406 5333 Ejusdem.
2449 5265 2552 5329 Qui
2599 5266 2776 5319 alatus
2821 5264 3044 5319 ell'ectus
3085 5272 3169 5320 est
3212 5279 3244 5316 a
3280 5261 3371 5316 Dei
3419 5262 3625 5326 verbis,

2061 5355 2365 5423 requiescet
2405 5357 2506 5407 sub
2538 5371 2733 5424 magna
2761 5357 2946 5423 cedro,
2996 5372 3117 5426 qua:
3149 5370 3179 5410 a
3210 5353 3318 5407 Deo
3361 5353 3414 5407 in
3443 5362 3629 5422 monte

2060 5447 2276 5501 excelso
2301 5447 2508 5500 consita
2537 5454 2636 5500 est.

2883 5651 2927 5682 "
2963 5651 3092 5705 ibid.
3123 5649 3205 5704 16.
3301 5650 3346 5681 ⁸⁸
3371 5649 3503 5704 ibid.
3538 5647 3629 5704 l9.
