  <div class='ocr_page' id='page_1' title='image "/cluster/home/n/w/nwhite01/storage/ocr_20150623/13:no.3/coo.31924054872910/415.png"; bbox 0 0 4128 6446; ppageno 0'>
   <div class='ocr_carea' id='block_1_1' title="bbox 492 341 599 398">
    <p class='ocr_par' dir='ltr' id='par_1_1' title="bbox 492 341 599 398">
     <span class='ocr_line' id='line_1_1' title="bbox 492 341 599 398; baseline -0.019 -1"><span class='ocrx_word' id='word_1_1' title='bbox 492 341 599 398; x_wconf 81' lang='grc'><strong>815</strong></span> 
     </span>
    </p>
   </div>
   <div class='ocr_carea' id='block_1_2' title="bbox 1908 321 2341 382">
    <p class='ocr_par' dir='ltr' id='par_1_2' title="bbox 1908 321 2341 382">
     <span class='ocr_line' id='line_1_2' title="bbox 1908 321 2341 382; baseline 0 -1"><span class='ocrx_word' id='word_1_2' title='bbox 1908 324 2003 381; x_wconf 74' lang='lat' dir='ltr'><strong>EX</strong></span> <span class='ocrx_word' id='word_1_3' title='bbox 2038 321 2341 382; x_wconf 82' lang='lat' dir='ltr'><strong>ORIGENE</strong></span> 
     </span>
    </p>
   </div>
   <div class='ocr_carea' id='block_1_3' title="bbox 3644 326 3748 383">
    <p class='ocr_par' dir='ltr' id='par_1_3' title="bbox 3644 326 3748 383">
     <span class='ocr_line' id='line_1_3' title="bbox 3644 326 3748 383; baseline 0.01 -2"><span class='ocrx_word' id='word_1_4' title='bbox 3644 326 3748 383; x_wconf 83' lang='lat' dir='ltr'><strong>8I6</strong></span> 
     </span>
    </p>
   </div>
   <div class='ocr_carea' id='block_1_4' title="bbox 564 446 2080 528">
    <p class='ocr_par' dir='ltr' id='par_1_4' title="bbox 564 449 2065 528">
     <span class='ocr_line' id='line_1_4' title="bbox 564 449 2065 528; baseline -0.008 -14"><span class='ocrx_word' id='word_1_5' title='bbox 564 459 634 516; x_wconf 88' lang='lat' dir='ltr'><strong>Et</strong></span> <span class='ocrx_word' id='word_1_6' title='bbox 665 458 803 514; x_wconf 84' lang='lat' dir='ltr'><strong>rami</strong></span> <span class='ocrx_word' id='word_1_7' title='bbox 824 458 940 528; x_wconf 85' lang='lat' dir='ltr'><strong>ejus</strong></span> <span class='ocrx_word' id='word_1_8' title='bbox 964 459 1304 512; x_wconf 82' lang='lat' dir='ltr'><strong>restituentur</strong></span> <span class='ocrx_word' id='word_1_9' title='bbox 1327 456 1392 510; x_wconf 80' lang='lat'><strong>“.</strong></span> <span class='ocrx_word' id='word_1_10' title='bbox 1422 452 1796 510; x_wconf 80' lang='lat' dir='ltr'><strong>Restituentur</strong></span> <span class='ocrx_word' id='word_1_11' title='bbox 1828 450 1882 505; x_wconf 90' lang='lat' dir='ltr'><strong>in</strong></span> <span class='ocrx_word' id='word_1_12' title='bbox 1904 449 2065 504; x_wconf 87' lang='lat' dir='ltr'><strong>Chri-</strong></span> 
     </span>
    </p>
   </div>
   <div class='ocr_carea' id='block_1_5' title="bbox 2179 446 3754 528">
    <p class='ocr_par' dir='ltr' id='par_1_5' title="bbox 2235 446 3754 518">
     <span class='ocr_line' id='line_1_5' title="bbox 2235 446 3754 518; baseline 0 -14"><span class='ocrx_word' id='word_1_13' title='bbox 2235 449 2346 504; x_wconf 76' lang='grc' dir='ltr'><strong>Καὶ</strong></span> <span class='ocrx_word' id='word_1_14' title='bbox 2372 447 2445 503; x_wconf 84' lang='grc' dir='ltr'>τὰ</span> <span class='ocrx_word' id='word_1_15' title='bbox 2470 448 2750 518; x_wconf 77' lang='grc' dir='ltr'><strong>κλήματα</strong></span> <span class='ocrx_word' id='word_1_16' title='bbox 2774 446 2962 504; x_wconf 84' lang='grc' dir='ltr'>αὐτοῦ</span> <span class='ocrx_word' id='word_1_17' title='bbox 2982 447 3566 515; x_wconf 80' lang='grc' dir='ltr'>ἀποκαταστήσεται.</span> <span class='ocrx_word' id='word_1_18' title='bbox 3604 447 3754 504; x_wconf 80' lang='grc' dir='ltr'><strong>Ἀπο-</strong></span> 
     </span>
    </p>
   </div>
   <div class='ocr_carea' id='block_1_6' title="bbox 494 548 1504 622">
    <p class='ocr_par' dir='ltr' id='par_1_6' title="bbox 494 548 1504 622">
     <span class='ocr_line' id='line_1_6' title="bbox 494 548 1504 622; baseline -0.01 -13"><span class='ocrx_word' id='word_1_19' title='bbox 494 564 601 609; x_wconf 82' lang='grc' dir='ltr'>ειο.</span> <span class='ocrx_word' id='word_1_20' title='bbox 632 551 922 622; x_wconf 88' lang='lat' dir='ltr'><strong>Prophetia</strong></span> <span class='ocrx_word' id='word_1_21' title='bbox 958 551 1014 604; x_wconf 91' lang='lat' dir='ltr'><strong>in</strong></span> <span class='ocrx_word' id='word_1_22' title='bbox 1042 564 1108 605; x_wconf 92' lang='lat' dir='ltr'><strong>eo</strong></span> <span class='ocrx_word' id='word_1_23' title='bbox 1133 548 1504 617; x_wconf 89' lang='lat' dir='ltr'><strong>conquiescet.</strong></span> 
     </span>
    </p>
   </div>
   <div class='ocr_carea' id='block_1_7' title="bbox 567 718 2064 795">
    <p class='ocr_par' dir='ltr' id='par_1_7' title="bbox 567 718 2064 795">
     <span class='ocr_line' id='line_1_7' title="bbox 567 718 2064 795; baseline -0.009 -11"><span class='ocrx_word' id='word_1_24' title='bbox 567 727 643 784; x_wconf 83' lang='lat' dir='ltr'><strong>Et</strong></span> <span class='ocrx_word' id='word_1_25' title='bbox 667 729 832 783; x_wconf 78' lang='lat' dir='ltr'><strong>scient</strong></span> <span class='ocrx_word' id='word_1_26' title='bbox 864 728 1040 781; x_wconf 80' lang='lat' dir='ltr'><strong><em>omnia</em></strong></span> <span class='ocrx_word' id='word_1_27' title='bbox 1083 725 1227 795; x_wconf 84' lang='lat' dir='ltr'><strong>ligna</strong></span> <span class='ocrx_word' id='word_1_28' title='bbox 1252 725 1450 794; x_wconf 80' lang='lat' dir='ltr'><strong>campi,</strong></span> <span class='ocrx_word' id='word_1_29' title='bbox 1472 723 1722 793; x_wconf 85' lang='lat' dir='ltr'><strong>quoniam</strong></span> <span class='ocrx_word' id='word_1_30' title='bbox 1756 736 1849 791; x_wconf 84' lang='lat' dir='ltr'><strong>ego</strong></span> <span class='ocrx_word' id='word_1_31' title='bbox 1881 718 2064 773; x_wconf 84' lang='lat' dir='ltr'><strong>Domi-</strong></span> 
     </span>
    </p>
   </div>
   <div class='ocr_carea' id='block_1_8' title="bbox 496 812 2070 889">
    <p class='ocr_par' dir='ltr' id='par_1_8' title="bbox 496 812 2070 889">
     <span class='ocr_line' id='line_1_8' title="bbox 496 812 2070 889; baseline -0.007 -13"><span class='ocrx_word' id='word_1_32' title='bbox 496 837 595 876; x_wconf 83' lang='lat' dir='ltr'><strong>nus</strong></span> <span class='ocrx_word' id='word_1_33' title='bbox 615 821 680 873; x_wconf 84' lang='grc'><strong>⁶³.</strong></span> <span class='ocrx_word' id='word_1_34' title='bbox 711 819 939 889; x_wconf 77' lang='lat' dir='ltr'><strong>Lignum</strong></span> <span class='ocrx_word' id='word_1_35' title='bbox 971 828 1053 873; x_wconf 88' lang='lat' dir='ltr'><strong>est</strong></span> <span class='ocrx_word' id='word_1_36' title='bbox 1080 827 1276 872; x_wconf 88' lang='lat' dir='ltr'><strong>natura</strong></span> <span class='ocrx_word' id='word_1_37' title='bbox 1314 815 1678 871; x_wconf 81' lang='lat' dir='ltr'><strong>rationabilis.</strong></span> <span class='ocrx_word' id='word_1_38' title='bbox 1707 812 1948 884; x_wconf 85' lang='lat' dir='ltr'><strong>Campus</strong></span> <span class='ocrx_word' id='word_1_39' title='bbox 1983 818 2070 866; x_wconf 86' lang='lat' dir='ltr'><strong>est</strong></span> 
     </span>
    </p>
   </div>
   <div class='ocr_carea' id='block_1_9' title="bbox 497 904 1759 972">
    <p class='ocr_par' dir='ltr' id='par_1_9' title="bbox 497 904 1759 972">
     <span class='ocr_line' id='line_1_9' title="bbox 497 904 1759 972; baseline -0.006 -7"><span class='ocrx_word' id='word_1_40' title='bbox 497 919 591 965; x_wconf 86' lang='lat' dir='ltr'><strong>aut</strong></span> <span class='ocrx_word' id='word_1_41' title='bbox 612 908 839 964; x_wconf 89' lang='lat' dir='ltr'><strong>latitudo</strong></span> <span class='ocrx_word' id='word_1_42' title='bbox 861 922 1198 972; x_wconf 86' lang='lat' dir='ltr'><strong>sermonum,</strong></span> <span class='ocrx_word' id='word_1_43' title='bbox 1227 907 1314 961; x_wconf 87' lang='lat' dir='ltr'><strong>vel</strong></span> <span class='ocrx_word' id='word_1_44' title='bbox 1336 907 1453 961; x_wconf 88' lang='lat' dir='ltr'><strong>loca</strong></span> <span class='ocrx_word' id='word_1_45' title='bbox 1479 904 1759 959; x_wconf 82' lang='lat' dir='ltr'><strong>inferiora.</strong></span> 
     </span>
    </p>
   </div>
   <div class='ocr_carea' id='block_1_10' title="bbox 570 994 2069 1069">
    <p class='ocr_par' dir='ltr' id='par_1_10' title="bbox 570 994 2069 1069">
     <span class='ocr_line' id='line_1_10' title="bbox 570 994 2069 1069; baseline -0.005 -15"><span class='ocrx_word' id='word_1_46' title='bbox 570 1000 875 1054; x_wconf 84' lang='lat' dir='ltr'><strong>Humiliaus</strong></span> <span class='ocrx_word' id='word_1_47' title='bbox 894 999 1100 1069; x_wconf 77' lang='lat' dir='ltr'><strong>lignum</strong></span> <span class='ocrx_word' id='word_1_48' title='bbox 1124 998 1346 1052; x_wconf 88' lang='lat' dir='ltr'><strong>sublime</strong></span> <span class='ocrx_word' id='word_1_49' title='bbox 1362 996 1426 1050; x_wconf 78' lang='lat'><strong>“.</strong></span> <span class='ocrx_word' id='word_1_50' title='bbox 1451 996 1683 1067; x_wconf 83' lang='lat' dir='ltr'><strong>Lignum</strong></span> <span class='ocrx_word' id='word_1_51' title='bbox 1710 994 1944 1050; x_wconf 82' lang='lat' dir='ltr'><strong>sublime</strong></span> <span class='ocrx_word' id='word_1_52' title='bbox 1976 1007 2069 1062; x_wconf 90' lang='lat' dir='ltr'><strong>po-</strong></span> 
     </span>
    </p>
   </div>
   <div class='ocr_carea' id='block_1_11' title="bbox 493 1084 2071 1165">
    <p class='ocr_par' dir='ltr' id='par_1_11' title="bbox 493 1084 2071 1165">
     <span class='ocr_line' id='line_1_11' title="bbox 493 1084 2071 1165; baseline -0.005 -17"><span class='ocrx_word' id='word_1_53' title='bbox 493 1094 657 1165; x_wconf 87' lang='lat' dir='ltr'><strong>pulus</strong></span> <span class='ocrx_word' id='word_1_54' title='bbox 690 1100 774 1147; x_wconf 91' lang='lat' dir='ltr'><strong>est</strong></span> <span class='ocrx_word' id='word_1_55' title='bbox 805 1106 968 1162; x_wconf 88' lang='lat' dir='ltr'><strong>quem</strong></span> <span class='ocrx_word' id='word_1_56' title='bbox 1011 1088 1306 1158; x_wconf 85' lang='lat' dir='ltr'><strong>aliquando</strong></span> <span class='ocrx_word' id='word_1_57' title='bbox 1335 1089 1514 1144; x_wconf 84' lang='lat' dir='ltr'><strong>virtus</strong></span> <span class='ocrx_word' id='word_1_58' title='bbox 1544 1096 1600 1143; x_wconf 85' lang='lat' dir='ltr'><strong>et</strong></span> <span class='ocrx_word' id='word_1_59' title='bbox 1630 1085 1829 1142; x_wconf 89' lang='lat' dir='ltr'><strong>deinde</strong></span> <span class='ocrx_word' id='word_1_60' title='bbox 1863 1084 2071 1140; x_wconf 82' lang='lat' dir='ltr'><strong>exalta-</strong></span> 
     </span>
    </p>
   </div>
   <div class='ocr_carea' id='block_1_12' title="bbox 498 1179 1964 1253">
    <p class='ocr_par' dir='ltr' id='par_1_12' title="bbox 498 1179 1964 1253">
     <span class='ocr_line' id='line_1_12' title="bbox 498 1179 1964 1253; baseline -0.003 -17"><span class='ocrx_word' id='word_1_61' title='bbox 498 1184 572 1239; x_wconf 88' lang='lat' dir='ltr'><strong>vit</strong></span> <span class='ocrx_word' id='word_1_62' title='bbox 600 1183 826 1250; x_wconf 91' lang='lat' dir='ltr'><strong>malitia,</strong></span> <span class='ocrx_word' id='word_1_63' title='bbox 855 1190 1075 1253; x_wconf 79' lang='lat' dir='ltr'><strong>propter</strong></span> <span class='ocrx_word' id='word_1_64' title='bbox 1101 1196 1267 1250; x_wconf 86' lang='lat' dir='ltr'><strong>quam</strong></span> <span class='ocrx_word' id='word_1_65' title='bbox 1303 1180 1465 1235; x_wconf 88' lang='lat' dir='ltr'><strong>etiam</strong></span> <span class='ocrx_word' id='word_1_66' title='bbox 1493 1179 1809 1234; x_wconf 85' lang='lat' dir='ltr'><strong>humiliatus</strong></span> <span class='ocrx_word' id='word_1_67' title='bbox 1855 1187 1964 1233; x_wconf 89' lang='lat' dir='ltr'><strong>est.</strong></span> 
     </span>
    </p>
   </div>
   <div class='ocr_carea' id='block_1_13' title="bbox 569 1268 2071 1345">
    <p class='ocr_par' dir='ltr' id='par_1_13' title="bbox 569 1268 2071 1345">
     <span class='ocr_line' id='line_1_13' title="bbox 569 1268 2071 1345; baseline -0.004 -15"><span class='ocrx_word' id='word_1_68' title='bbox 569 1275 638 1330; x_wconf 85' lang='lat' dir='ltr'><strong>Et</strong></span> <span class='ocrx_word' id='word_1_69' title='bbox 681 1275 925 1330; x_wconf 76' lang='lat' dir='ltr'><strong>exultans</strong></span> <span class='ocrx_word' id='word_1_70' title='bbox 972 1275 1174 1345; x_wconf 83' lang='lat' dir='ltr'><strong>lignum</strong></span> <span class='ocrx_word' id='word_1_71' title='bbox 1222 1271 1419 1327; x_wconf 87' lang='lat' dir='ltr'><strong>humile</strong></span> <span class='ocrx_word' id='word_1_72' title='bbox 1459 1271 1526 1325; x_wconf 82' lang='grc'><strong>⁸⁸.</strong></span> <span class='ocrx_word' id='word_1_73' title='bbox 1589 1269 1818 1341; x_wconf 82' lang='lat' dir='ltr'><strong>Lignum</strong></span> <span class='ocrx_word' id='word_1_74' title='bbox 1865 1268 2071 1324; x_wconf 82' lang='lat' dir='ltr'><strong>humile</strong></span> 
     </span>
    </p>
   </div>
   <div class='ocr_carea' id='block_1_14' title="bbox 498 1362 2071 1439">
    <p class='ocr_par' dir='ltr' id='par_1_14' title="bbox 498 1362 2071 1439">
     <span class='ocr_line' id='line_1_14' title="bbox 498 1362 2071 1439; baseline -0.004 -16"><span class='ocrx_word' id='word_1_75' title='bbox 498 1378 662 1439; x_wconf 86' lang='lat' dir='ltr'><strong>atque</strong></span> <span class='ocrx_word' id='word_1_76' title='bbox 708 1366 858 1422; x_wconf 91' lang='lat' dir='ltr'><strong>bumi</strong></span> <span class='ocrx_word' id='word_1_77' title='bbox 905 1376 1122 1436; x_wconf 86' lang='lat' dir='ltr'><strong>repens,</strong></span> <span class='ocrx_word' id='word_1_78' title='bbox 1159 1363 1392 1434; x_wconf 90' lang='lat' dir='ltr'><strong>populus</strong></span> <span class='ocrx_word' id='word_1_79' title='bbox 1422 1373 1507 1418; x_wconf 89' lang='lat' dir='ltr'><strong>est</strong></span> <span class='ocrx_word' id='word_1_80' title='bbox 1535 1362 1813 1433; x_wconf 79' lang='lat' dir='ltr'><strong>gentium;</strong></span> <span class='ocrx_word' id='word_1_81' title='bbox 1866 1362 2071 1418; x_wconf 85' lang='lat' dir='ltr'><strong>humile</strong></span> 
     </span>
    </p>
   </div>
   <div class='ocr_carea' id='block_1_15' title="bbox 503 1456 2073 1530">
    <p class='ocr_par' dir='ltr' id='par_1_15' title="bbox 503 1456 2073 1530">
     <span class='ocr_line' id='line_1_15' title="bbox 503 1456 2073 1530; baseline -0.003 -16"><span class='ocrx_word' id='word_1_82' title='bbox 503 1461 555 1514; x_wconf 90' lang='lat' dir='ltr'><strong>in</strong></span> <span class='ocrx_word' id='word_1_83' title='bbox 585 1458 1101 1530; x_wconf 40' lang='lat' dir='ltr'><strong>peccatis,,bumile,</strong></span> <span class='ocrx_word' id='word_1_84' title='bbox 1136 1458 1281 1527; x_wconf 82' lang='lat' dir='ltr'><strong>quod</strong></span> <span class='ocrx_word' id='word_1_85' title='bbox 1309 1472 1339 1513; x_wconf 90' lang='lat' dir='ltr'><strong>e</strong></span> <span class='ocrx_word' id='word_1_86' title='bbox 1366 1465 1508 1512; x_wconf 86' lang='lat' dir='ltr'><strong>terra</strong></span> <span class='ocrx_word' id='word_1_87' title='bbox 1538 1456 1724 1527; x_wconf 73' lang='lat' dir='ltr'><strong>cmpit,</strong></span> <span class='ocrx_word' id='word_1_88' title='bbox 1763 1456 1912 1510; x_wconf 89' lang='lat' dir='ltr'><strong>velut</strong></span> <span class='ocrx_word' id='word_1_89' title='bbox 1935 1471 1965 1510; x_wconf 92' lang='lat' dir='ltr'><strong>a</strong></span> <span class='ocrx_word' id='word_1_90' title='bbox 1994 1456 2073 1510; x_wconf 90' lang='lat' dir='ltr'><strong>di-</strong></span> 
     </span>
    </p>
   </div>
   <div class='ocr_carea' id='block_1_16' title="bbox 501 1548 2072 1621">
    <p class='ocr_par' dir='ltr' id='par_1_16' title="bbox 501 1548 2072 1621">
     <span class='ocr_line' id='line_1_16' title="bbox 501 1548 2072 1621; baseline -0.006 -11"><span class='ocrx_word' id='word_1_91' title='bbox 501 1551 729 1621; x_wconf 81' lang='lat' dir='ltr'><strong>sciplina</strong></span> <span class='ocrx_word' id='word_1_92' title='bbox 761 1551 1009 1605; x_wconf 75' lang='lat' dir='ltr'><strong>in.altum</strong></span> <span class='ocrx_word' id='word_1_93' title='bbox 1056 1550 1313 1604; x_wconf 75' lang='lat' dir='ltr'><strong>verticem</strong></span> <span class='ocrx_word' id='word_1_94' title='bbox 1362 1548 1712 1616; x_wconf 79' lang='lat' dir='ltr'><strong>exaltabitur,</strong></span> <span class='ocrx_word' id='word_1_95' title='bbox 1756 1548 1897 1603; x_wconf 88' lang='lat' dir='ltr'><strong>sicut</strong></span> <span class='ocrx_word' id='word_1_96' title='bbox 1937 1548 2072 1603; x_wconf 87' lang='lat' dir='ltr'><strong>scri-</strong></span> 
     </span>
    </p>
   </div>
   <div class='ocr_carea' id='block_1_17' title="bbox 501 1640 1589 1713">
    <p class='ocr_par' dir='ltr' id='par_1_17' title="bbox 501 1640 1589 1713">
     <span class='ocr_line' id='line_1_17' title="bbox 501 1640 1589 1713; baseline -0.003 -16"><span class='ocrx_word' id='word_1_97' title='bbox 501 1654 653 1713; x_wconf 86' lang='lat' dir='ltr'><strong>ptum</strong></span> <span class='ocrx_word' id='word_1_98' title='bbox 677 1652 761 1697; x_wconf 90' lang='lat' dir='ltr'><strong>est</strong></span> <span class='ocrx_word' id='word_1_99' title='bbox 791 1642 838 1673; x_wconf 77' lang='lat'><strong>“</strong></span> <span class='ocrx_word' id='word_1_100' title='bbox 866 1661 877 1695; x_wconf 91' lang='lat'>:</span> <span class='ocrx_word' id='word_1_101' title='bbox 911 1640 1082 1695; x_wconf 83' lang='lat' dir='ltr'><strong>Erunt</strong></span> <span class='ocrx_word' id='word_1_102' title='bbox 1112 1641 1381 1696; x_wconf 80' lang='lat' dir='ltr'><strong>novissimi</strong></span> <span class='ocrx_word' id='word_1_103' title='bbox 1408 1640 1589 1710; x_wconf 82' lang='lat' dir='ltr'><strong>primi.</strong></span> 
     </span>
    </p>
   </div>
   <div class='ocr_carea' id='block_1_18' title="bbox 575 1728 2072 1801">
    <p class='ocr_par' dir='ltr' id='par_1_18' title="bbox 575 1728 2072 1801">
     <span class='ocr_line' id='line_1_18' title="bbox 575 1728 2072 1801; baseline -0.001 -17"><span class='ocrx_word' id='word_1_104' title='bbox 575 1731 645 1784; x_wconf 82' lang='lat' dir='ltr'><strong>Et</strong></span> <span class='ocrx_word' id='word_1_105' title='bbox 673 1732 965 1799; x_wconf 81' lang='lat' dir='ltr'><strong>arefacieus</strong></span> <span class='ocrx_word' id='word_1_106' title='bbox 992 1729 1189 1800; x_wconf 78' lang='lat' dir='ltr'><strong>lignum</strong></span> <span class='ocrx_word' id='word_1_107' title='bbox 1219 1729 1385 1784; x_wconf 83' lang='lat' dir='ltr'><strong>viride</strong></span> <span class='ocrx_word' id='word_1_108' title='bbox 1415 1730 1481 1783; x_wconf 79' lang='grc'><strong>⁸⁷.</strong></span> <span class='ocrx_word' id='word_1_109' title='bbox 1511 1728 1741 1801; x_wconf 76' lang='lat' dir='ltr'><strong>Lignum</strong></span> <span class='ocrx_word' id='word_1_110' title='bbox 1788 1729 1958 1784; x_wconf 82' lang='lat' dir='ltr'><strong>viride</strong></span> <span class='ocrx_word' id='word_1_111' title='bbox 1985 1736 2072 1784; x_wconf 87' lang='lat' dir='ltr'><strong>est</strong></span> 
     </span>
    </p>
   </div>
   <div class='ocr_carea' id='block_1_19' title="bbox 503 1818 2070 1891">
    <p class='ocr_par' dir='ltr' id='par_1_19' title="bbox 503 1818 2070 1891">
     <span class='ocr_line' id='line_1_19' title="bbox 503 1818 2070 1891; baseline -0.001 -16"><span class='ocrx_word' id='word_1_112' title='bbox 503 1823 553 1875; x_wconf 82' lang='lat' dir='ltr'><strong>id</strong></span> <span class='ocrx_word' id='word_1_113' title='bbox 584 1822 729 1891; x_wconf 92' lang='lat' dir='ltr'><strong>quod</strong></span> <span class='ocrx_word' id='word_1_114' title='bbox 776 1820 906 1876; x_wconf 82' lang='lat' dir='ltr'><strong>vivit</strong></span> <span class='ocrx_word' id='word_1_115' title='bbox 940 1821 1047 1875; x_wconf 86' lang='lat' dir='ltr'><strong>vita</strong></span> <span class='ocrx_word' id='word_1_116' title='bbox 1074 1820 1330 1890; x_wconf 73' lang='lat' dir='ltr'><strong>iustitiae;</strong></span> <span class='ocrx_word' id='word_1_117' title='bbox 1384 1819 1589 1890; x_wconf 82' lang='lat' dir='ltr'><strong>lignum</strong></span> <span class='ocrx_word' id='word_1_118' title='bbox 1638 1818 1873 1884; x_wconf 88' lang='lat' dir='ltr'><strong>aridum,</strong></span> <span class='ocrx_word' id='word_1_119' title='bbox 1924 1818 2070 1889; x_wconf 90' lang='lat' dir='ltr'><strong>quod</strong></span> 
     </span>
    </p>
   </div>
   <div class='ocr_carea' id='block_1_20' title="bbox 498 1910 1890 1983">
    <p class='ocr_par' dir='ltr' id='par_1_20' title="bbox 498 1910 1890 1983">
     <span class='ocr_line' id='line_1_20' title="bbox 498 1910 1890 1983; baseline -0.002 -16"><span class='ocrx_word' id='word_1_120' title='bbox 498 1914 633 1968; x_wconf 80' lang='lat' dir='ltr'><strong>vivit</strong></span> <span class='ocrx_word' id='word_1_121' title='bbox 654 1914 760 1967; x_wconf 89' lang='lat' dir='ltr'><strong>vita</strong></span> <span class='ocrx_word' id='word_1_122' title='bbox 794 1915 1003 1983; x_wconf 84' lang='lat' dir='ltr'><strong>peccati</strong></span> <span class='ocrx_word' id='word_1_123' title='bbox 1032 1925 1049 1965; x_wconf 89' lang='lat'><strong>:</strong></span> <span class='ocrx_word' id='word_1_124' title='bbox 1083 1911 1439 1981; x_wconf 86' lang='lat' dir='ltr'><strong>quamobrem</strong></span> <span class='ocrx_word' id='word_1_125' title='bbox 1473 1911 1639 1965; x_wconf 87' lang='lat' dir='ltr'><strong>etiam</strong></span> <span class='ocrx_word' id='word_1_126' title='bbox 1674 1910 1890 1966; x_wconf 83' lang='lat' dir='ltr'><strong>arescit.</strong></span> 
     </span>
    </p>
   </div>
   <div class='ocr_carea' id='block_1_21' title="bbox 572 2003 2075 2075">
    <p class='ocr_par' dir='ltr' id='par_1_21' title="bbox 572 2003 2075 2075">
     <span class='ocr_line' id='line_1_21' title="bbox 572 2003 2075 2075; baseline -0.003 -16"><span class='ocrx_word' id='word_1_127' title='bbox 572 2005 846 2075; x_wconf 81' lang='lat' dir='ltr'><strong>Ejusdem.</strong></span> <span class='ocrx_word' id='word_1_128' title='bbox 908 2003 1163 2075; x_wconf 84' lang='lat' dir='ltr'><strong>Spiritale</strong></span> <span class='ocrx_word' id='word_1_129' title='bbox 1187 2003 1335 2058; x_wconf 87' lang='lat' dir='ltr'><strong>enim</strong></span> <span class='ocrx_word' id='word_1_130' title='bbox 1368 2003 1573 2075; x_wconf 79' lang='lat' dir='ltr'><strong>lignum</strong></span> <span class='ocrx_word' id='word_1_131' title='bbox 1615 2011 1701 2057; x_wconf 88' lang='lat' dir='ltr'><strong>est</strong></span> <span class='ocrx_word' id='word_1_132' title='bbox 1759 2011 1952 2057; x_wconf 88' lang='lat' dir='ltr'><strong>natura</strong></span> <span class='ocrx_word' id='word_1_133' title='bbox 1984 2016 2075 2056; x_wconf 89' lang='lat' dir='ltr'><strong>ra-</strong></span> 
     </span>
    </p>
   </div>
   <div class='ocr_carea' id='block_1_22' title="bbox 500 2095 2077 2168">
    <p class='ocr_par' dir='ltr' id='par_1_22' title="bbox 500 2095 2077 2168">
     <span class='ocr_line' id='line_1_22' title="bbox 500 2095 2077 2168; baseline -0.004 -12"><span class='ocrx_word' id='word_1_134' title='bbox 500 2100 797 2167; x_wconf 88' lang='lat' dir='ltr'><strong>tionabilis,</strong></span> <span class='ocrx_word' id='word_1_135' title='bbox 826 2112 947 2168; x_wconf 66' lang='lat' dir='ltr'><strong>quae</strong></span> <span class='ocrx_word' id='word_1_136' title='bbox 977 2112 1006 2152; x_wconf 88' lang='lat' dir='ltr'><strong>a</strong></span> <span class='ocrx_word' id='word_1_137' title='bbox 1043 2096 1222 2153; x_wconf 89' lang='lat' dir='ltr'><strong>medio</strong></span> <span class='ocrx_word' id='word_1_138' title='bbox 1251 2096 1416 2167; x_wconf 65' lang='lat' dir='ltr'><strong>erepit</strong></span> <span class='ocrx_word' id='word_1_139' title='bbox 1437 2137 1450 2163; x_wconf 87' lang='lat'><strong>,</strong></span> <span class='ocrx_word' id='word_1_140' title='bbox 1488 2111 1554 2151; x_wconf 89' lang='lat' dir='ltr'><strong>ac</strong></span> <span class='ocrx_word' id='word_1_141' title='bbox 1576 2095 1806 2152; x_wconf 85' lang='lat' dir='ltr'><strong>necdum</strong></span> <span class='ocrx_word' id='word_1_142' title='bbox 1838 2096 1892 2150; x_wconf 91' lang='lat' dir='ltr'><strong>in</strong></span> <span class='ocrx_word' id='word_1_143' title='bbox 1911 2095 2077 2167; x_wconf 82' lang='lat' dir='ltr'><strong>justi-</strong></span> 
     </span>
    </p>
   </div>
   <div class='ocr_carea' id='block_1_23' title="bbox 501 2193 755 2249">
    <p class='ocr_par' dir='ltr' id='par_1_23' title="bbox 501 2193 755 2249">
     <span class='ocr_line' id='line_1_23' title="bbox 501 2193 755 2249; baseline -0.008 0"><span class='ocrx_word' id='word_1_144' title='bbox 501 2194 580 2249; x_wconf 82' lang='lat' dir='ltr'><strong>tia</strong></span> <span class='ocrx_word' id='word_1_145' title='bbox 590 2193 755 2248; x_wconf 50' lang='lat' dir='ltr'><strong>.uivit.</strong></span> 
     </span>
    </p>
   </div>
   <div class='ocr_carea' id='block_1_24' title="bbox 1090 2278 1475 2336">
    <p class='ocr_par' dir='ltr' id='par_1_24' title="bbox 1090 2278 1475 2336">
     <span class='ocr_line' id='line_1_24' title="bbox 1090 2278 1475 2336; baseline -0.005 0"><span class='ocrx_word' id='word_1_146' title='bbox 1090 2279 1255 2336; x_wconf 80' lang='lat' dir='ltr'><strong>CAP.</strong></span> <span class='ocrx_word' id='word_1_147' title='bbox 1287 2278 1475 2335; x_wconf 73' lang='lat' dir='ltr'><strong>XVIII.</strong></span> 
     </span>
    </p>
   </div>
   <div class='ocr_carea' id='block_1_25' title="bbox 548 2373 2076 2443">
    <p class='ocr_par' dir='ltr' id='par_1_25' title="bbox 548 2373 2076 2443">
     <span class='ocr_line' id='line_1_25' title="bbox 548 2373 2076 2443; baseline 0.001 -14"><span class='ocrx_word' id='word_1_148' title='bbox 548 2375 765 2430; x_wconf 41' lang='lat' dir='ltr'><strong>nPatres</strong></span> <span class='ocrx_word' id='word_1_149' title='bbox 801 2374 1137 2428; x_wconf 81' lang='lat' dir='ltr'><strong>comedeth</strong></span> <span class='ocrx_word' id='word_1_150' title='bbox 1185 2389 1343 2427; x_wconf 85' lang='lat' dir='ltr'><strong>uvam</strong></span> <span class='ocrx_word' id='word_1_151' title='bbox 1372 2373 1615 2427; x_wconf 77' lang='lat' dir='ltr'><strong>acerbam</strong></span> <span class='ocrx_word' id='word_1_152' title='bbox 1647 2374 1711 2428; x_wconf 82' lang='grc'><strong>⁸⁸.</strong></span> <span class='ocrx_word' id='word_1_153' title='bbox 1770 2373 1941 2431; x_wconf 81' lang='lat' dir='ltr'><strong>Docet</strong></span> <span class='ocrx_word' id='word_1_154' title='bbox 1966 2375 2076 2443; x_wconf 85' lang='lat' dir='ltr'><strong>hic,</strong></span> 
     </span>
    </p>
   </div>
   <div class='ocr_carea' id='block_1_26' title="bbox 505 2465 2081 2539">
    <p class='ocr_par' dir='ltr' id='par_1_26' title="bbox 505 2465 2081 2539">
     <span class='ocr_line' id='line_1_26' title="bbox 505 2465 2081 2539; baseline 0 -15"><span class='ocrx_word' id='word_1_155' title='bbox 505 2468 648 2539; x_wconf 90' lang='lat' dir='ltr'><strong>quod</strong></span> <span class='ocrx_word' id='word_1_156' title='bbox 677 2469 730 2521; x_wconf 92' lang='lat' dir='ltr'><strong>in</strong></span> <span class='ocrx_word' id='word_1_157' title='bbox 758 2466 964 2535; x_wconf 75' lang='lat' dir='ltr'><strong>legibus</strong></span> <span class='ocrx_word' id='word_1_158' title='bbox 1012 2465 1179 2521; x_wconf 85' lang='lat' dir='ltr'><strong>Israel</strong></span> <span class='ocrx_word' id='word_1_159' title='bbox 1227 2465 1447 2531; x_wconf 90' lang='lat' dir='ltr'><strong>dicitur,</strong></span> <span class='ocrx_word' id='word_1_160' title='bbox 1482 2466 1632 2520; x_wconf 86' lang='lat' dir='ltr'><strong>reddi</strong></span> <span class='ocrx_word' id='word_1_161' title='bbox 1673 2478 1955 2536; x_wconf 87' lang='lat' dir='ltr'><strong>peccatum</strong></span> <span class='ocrx_word' id='word_1_162' title='bbox 1983 2485 2081 2539; x_wconf 85' lang='lat' dir='ltr'><strong>pa-</strong></span> 
     </span>
    </p>
   </div>
   <div class='ocr_carea' id='block_1_27' title="bbox 506 2556 2080 2629">
    <p class='ocr_par' dir='ltr' id='par_1_27' title="bbox 506 2556 2080 2629">
     <span class='ocr_line' id='line_1_27' title="bbox 506 2556 2080 2629; baseline 0 -15"><span class='ocrx_word' id='word_1_163' title='bbox 506 2575 648 2614; x_wconf 70' lang='lat' dir='ltr'><strong>trum</strong></span> <span class='ocrx_word' id='word_1_164' title='bbox 679 2558 733 2612; x_wconf 91' lang='lat' dir='ltr'><strong>in</strong></span> <span class='ocrx_word' id='word_1_165' title='bbox 761 2558 922 2624; x_wconf 78' lang='lat' dir='ltr'><strong>ﬁlios,</strong></span> <span class='ocrx_word' id='word_1_166' title='bbox 969 2556 1283 2627; x_wconf 85' lang='lat' dir='ltr'><strong>parabolam</strong></span> <span class='ocrx_word' id='word_1_167' title='bbox 1308 2570 1451 2621; x_wconf 88' lang='lat' dir='ltr'><strong>esse,</strong></span> <span class='ocrx_word' id='word_1_168' title='bbox 1482 2571 1605 2625; x_wconf 77' lang='lat' dir='ltr'><strong>qua:</strong></span> <span class='ocrx_word' id='word_1_169' title='bbox 1634 2557 1871 2629; x_wconf 79' lang='lat' dir='ltr'><strong>indigeat</strong></span> <span class='ocrx_word' id='word_1_170' title='bbox 1899 2561 2080 2617; x_wconf 87' lang='lat' dir='ltr'><strong>consi-</strong></span> 
     </span>
    </p>
   </div>
   <div class='ocr_carea' id='block_1_28' title="bbox 503 2653 802 2708">
    <p class='ocr_par' dir='ltr' id='par_1_28' title="bbox 503 2653 802 2708">
     <span class='ocr_line' id='line_1_28' title="bbox 503 2653 802 2708; baseline -0.013 0"><span class='ocrx_word' id='word_1_171' title='bbox 503 2653 802 2708; x_wconf 85' lang='lat' dir='ltr'><strong>deratione.</strong></span> 
     </span>
    </p>
   </div>
   <div class='ocr_carea' id='block_1_29' title="bbox 574 2738 2081 2812">
    <p class='ocr_par' dir='ltr' id='par_1_29' title="bbox 574 2738 2081 2812">
     <span class='ocr_line' id='line_1_29' title="bbox 574 2738 2081 2812; baseline 0.003 -16"><span class='ocrx_word' id='word_1_172' title='bbox 574 2742 849 2812; x_wconf 83' lang='lat' dir='ltr'><strong>Ejusdem.</strong></span> <span class='ocrx_word' id='word_1_173' title='bbox 910 2738 1027 2795; x_wconf 85' lang='lat' dir='ltr'><strong>Uva</strong></span> <span class='ocrx_word' id='word_1_174' title='bbox 1065 2738 1261 2795; x_wconf 87' lang='lat' dir='ltr'><strong>acerba</strong></span> <span class='ocrx_word' id='word_1_175' title='bbox 1301 2747 1587 2810; x_wconf 70' lang='lat' dir='ltr'><strong>pmtum</strong></span> <span class='ocrx_word' id='word_1_176' title='bbox 1626 2749 1712 2796; x_wconf 89' lang='lat' dir='ltr'><strong>est</strong></span> <span class='ocrx_word' id='word_1_177' title='bbox 1766 2749 1960 2798; x_wconf 88' lang='lat' dir='ltr'><strong>contra</strong></span> <span class='ocrx_word' id='word_1_178' title='bbox 2003 2743 2081 2801; x_wconf 89' lang='lat' dir='ltr'><strong>le-</strong></span> 
     </span>
    </p>
   </div>
   <div class='ocr_carea' id='block_1_30' title="bbox 504 2826 2083 2902">
    <p class='ocr_par' dir='ltr' id='par_1_30' title="bbox 504 2826 2083 2902">
     <span class='ocr_line' id='line_1_30' title="bbox 504 2826 2083 2902; baseline 0.002 -17"><span class='ocrx_word' id='word_1_179' title='bbox 504 2845 647 2902; x_wconf 69' lang='lat' dir='ltr'><strong>gem.</strong></span> <span class='ocrx_word' id='word_1_180' title='bbox 706 2826 823 2883; x_wconf 87' lang='lat' dir='ltr'><strong>Uva</strong></span> <span class='ocrx_word' id='word_1_181' title='bbox 867 2828 1063 2883; x_wconf 88' lang='lat' dir='ltr'><strong>acerba</strong></span> <span class='ocrx_word' id='word_1_182' title='bbox 1107 2827 1342 2894; x_wconf 88' lang='lat' dir='ltr'><strong>dicitur,</strong></span> <span class='ocrx_word' id='word_1_183' title='bbox 1375 2829 1520 2898; x_wconf 90' lang='lat' dir='ltr'><strong>quod</strong></span> <span class='ocrx_word' id='word_1_184' title='bbox 1549 2829 1709 2885; x_wconf 81' lang='lat' dir='ltr'><strong>exiis</strong></span> <span class='ocrx_word' id='word_1_185' title='bbox 1734 2845 1855 2900; x_wconf 68' lang='lat' dir='ltr'><strong>qua:</strong></span> <span class='ocrx_word' id='word_1_186' title='bbox 1883 2840 2083 2889; x_wconf 74' lang='lat' dir='ltr'><strong>nostrae</strong></span> 
     </span>
    </p>
   </div>
   <div class='ocr_carea' id='block_1_31' title="bbox 504 2917 2082 2987">
    <p class='ocr_par' dir='ltr' id='par_1_31' title="bbox 504 2917 2082 2987">
     <span class='ocr_line' id='line_1_31' title="bbox 504 2917 2082 2987; baseline 0.003 -13"><span class='ocrx_word' id='word_1_187' title='bbox 504 2930 713 2974; x_wconf 70' lang='lat' dir='ltr'><strong>natura:</strong></span> <span class='ocrx_word' id='word_1_188' title='bbox 744 2926 892 2984; x_wconf 89' lang='lat' dir='ltr'><strong>sunt,</strong></span> <span class='ocrx_word' id='word_1_189' title='bbox 927 2931 1125 2972; x_wconf 87' lang='lat' dir='ltr'><strong>causas</strong></span> <span class='ocrx_word' id='word_1_190' title='bbox 1151 2917 1359 2973; x_wconf 84' lang='lat' dir='ltr'><strong>habens</strong></span> <span class='ocrx_word' id='word_1_191' title='bbox 1388 2919 1670 2974; x_wconf 86' lang='lat' dir='ltr'><strong>consistat.</strong></span> <span class='ocrx_word' id='word_1_192' title='bbox 1710 2919 2082 2987; x_wconf 86' lang='lat' dir='ltr'><strong>Quemadmo-</strong></span> 
     </span>
    </p>
   </div>
   <div class='ocr_carea' id='block_1_32' title="bbox 505 3007 2079 3081">
    <p class='ocr_par' dir='ltr' id='par_1_32' title="bbox 505 3007 2079 3081">
     <span class='ocr_line' id='line_1_32' title="bbox 505 3007 2079 3081; baseline 0.003 -16"><span class='ocrx_word' id='word_1_193' title='bbox 505 3012 636 3065; x_wconf 80' lang='lat' dir='ltr'><strong>dum</strong></span> <span class='ocrx_word' id='word_1_194' title='bbox 670 3008 989 3062; x_wconf 76' lang='lat' dir='ltr'><strong>naturaliter</strong></span> <span class='ocrx_word' id='word_1_195' title='bbox 1015 3021 1120 3061; x_wconf 87' lang='lat' dir='ltr'><strong>uva</strong></span> <span class='ocrx_word' id='word_1_196' title='bbox 1152 3007 1349 3062; x_wconf 89' lang='lat' dir='ltr'><strong>acerba</strong></span> <span class='ocrx_word' id='word_1_197' title='bbox 1378 3023 1442 3063; x_wconf 79' lang='lat' dir='ltr'><strong>ex</strong></span> <span class='ocrx_word' id='word_1_198' title='bbox 1469 3010 1576 3064; x_wconf 89' lang='lat' dir='ltr'><strong>vite</strong></span> <span class='ocrx_word' id='word_1_199' title='bbox 1607 3021 1710 3078; x_wconf 86' lang='lat' dir='ltr'><strong>est,</strong></span> <span class='ocrx_word' id='word_1_200' title='bbox 1741 3010 1821 3066; x_wconf 85' lang='lat' dir='ltr'><strong>sic</strong></span> <span class='ocrx_word' id='word_1_201' title='bbox 1862 3022 1914 3068; x_wconf 90' lang='lat' dir='ltr'><strong>ct</strong></span> <span class='ocrx_word' id='word_1_202' title='bbox 1957 3030 2079 3081; x_wconf 87' lang='lat' dir='ltr'><strong>nos,</strong></span> 
     </span>
    </p>
   </div>
   <div class='ocr_carea' id='block_1_33' title="bbox 2166 537 3749 611">
    <p class='ocr_par' dir='ltr' id='par_1_33' title="bbox 2166 537 3749 611">
     <span class='ocr_line' id='line_1_33' title="bbox 2166 537 3749 611; baseline 0.003 -21"><span class='ocrx_word' id='word_1_203' title='bbox 2166 539 2598 611; x_wconf 79' lang='grc' dir='ltr'><strong>καταστήσονται</strong></span> <span class='ocrx_word' id='word_1_204' title='bbox 2630 540 2722 592; x_wconf 76' lang='grc' dir='ltr'><strong>ἐπὶ</strong></span> <span class='ocrx_word' id='word_1_205' title='bbox 2751 538 2830 610; x_wconf 83' lang='grc' dir='ltr'>τῷ</span> <span class='ocrx_word' id='word_1_206' title='bbox 2859 537 3097 610; x_wconf 83' lang='grc' dir='ltr'><strong>Χριστῷ.</strong></span> <span class='ocrx_word' id='word_1_207' title='bbox 3127 539 3315 611; x_wconf 82' lang='grc' dir='ltr'><strong>Τούτῳ</strong></span> <span class='ocrx_word' id='word_1_208' title='bbox 3346 537 3688 594; x_wconf 83' lang='grc' dir='ltr'>καταπαύσει</span> <span class='ocrx_word' id='word_1_209' title='bbox 3714 540 3749 611; x_wconf 82' lang='grc' dir='ltr'><strong>ή</strong></span> 
     </span>
    </p>
   </div>
   <div class='ocr_carea' id='block_1_34' title="bbox 2168 628 2494 698">
    <p class='ocr_par' dir='ltr' id='par_1_34' title="bbox 2168 628 2494 698">
     <span class='ocr_line' id='line_1_34' title="bbox 2168 628 2494 698; baseline 0.012 -21"><span class='ocrx_word' id='word_1_210' title='bbox 2168 628 2494 698; x_wconf 78' lang='grc' dir='ltr'><strong>προφητεία.</strong></span> 
     </span>
    </p>
   </div>
   <div class='ocr_carea' id='block_1_35' title="bbox 2239 718 3756 792">
    <p class='ocr_par' dir='ltr' id='par_1_35' title="bbox 2239 718 3756 792">
     <span class='ocr_line' id='line_1_35' title="bbox 2239 718 3756 792; baseline 0.001 -19"><span class='ocrx_word' id='word_1_211' title='bbox 2239 718 2351 773; x_wconf 80' lang='grc' dir='ltr'><strong>Καὶ</strong></span> <span class='ocrx_word' id='word_1_212' title='bbox 2380 720 2713 789; x_wconf 74' lang='grc' dir='ltr'>γνώσονται</span> <span class='ocrx_word' id='word_1_213' title='bbox 2741 722 2936 775; x_wconf 83' lang='grc' dir='ltr'>πάντα</span> <span class='ocrx_word' id='word_1_214' title='bbox 2963 722 3035 776; x_wconf 88' lang='grc' dir='ltr'><strong>τά</strong></span> <span class='ocrx_word' id='word_1_215' title='bbox 3062 722 3222 787; x_wconf 73' lang='grc' dir='ltr'>ξύλα</span> <span class='ocrx_word' id='word_1_216' title='bbox 3250 721 3484 787; x_wconf 79' lang='grc' dir='ltr'><strong>πεδίου,</strong></span> <span class='ocrx_word' id='word_1_217' title='bbox 3520 721 3610 777; x_wconf 88' lang='grc' dir='ltr'><strong>ὅτι</strong></span> <span class='ocrx_word' id='word_1_218' title='bbox 3639 723 3756 792; x_wconf 75' lang='grc' dir='ltr'><strong>ἐγὼ</strong></span> 
     </span>
    </p>
   </div>
   <div class='ocr_carea' id='block_1_36' title="bbox 2168 811 3754 885">
    <p class='ocr_par' dir='ltr' id='par_1_36' title="bbox 2168 811 3754 885">
     <span class='ocr_line' id='line_1_36' title="bbox 2168 811 3754 885; baseline 0.003 -21"><span class='ocrx_word' id='word_1_219' title='bbox 2168 812 2403 880; x_wconf 81' lang='grc' dir='ltr'>Κύριος.</span> <span class='ocrx_word' id='word_1_220' title='bbox 2428 811 2594 866; x_wconf 90' lang='grc' dir='ltr'>Ξύλον</span> <span class='ocrx_word' id='word_1_221' title='bbox 2628 814 2744 866; x_wconf 71' lang='grc' dir='ltr'>ἐστὶ</span> <span class='ocrx_word' id='word_1_222' title='bbox 2776 813 2939 883; x_wconf 80' lang='grc' dir='ltr'><strong>φύσις</strong></span> <span class='ocrx_word' id='word_1_223' title='bbox 2964 814 3156 885; x_wconf 87' lang='grc' dir='ltr'>λογική</span> <span class='ocrx_word' id='word_1_224' title='bbox 3179 830 3194 845; x_wconf 75' lang='grc' dir='ltr'>ο</span> <span class='ocrx_word' id='word_1_225' title='bbox 3234 813 3416 867; x_wconf 83' lang='grc' dir='ltr'><strong>πεδίον</strong></span> <span class='ocrx_word' id='word_1_226' title='bbox 3453 812 3604 867; x_wconf 75' lang='grc' dir='ltr'>ἐστὶν</span> <span class='ocrx_word' id='word_1_227' title='bbox 3636 814 3754 885; x_wconf 69' lang='grc' dir='ltr'>ἦτοι</span> 
     </span>
    </p>
   </div>
   <div class='ocr_carea' id='block_1_37' title="bbox 2168 901 3484 976">
    <p class='ocr_par' dir='ltr' id='par_1_37' title="bbox 2168 901 3484 976">
     <span class='ocr_line' id='line_1_37' title="bbox 2168 901 3484 976; baseline 0.002 -22"><span class='ocrx_word' id='word_1_228' title='bbox 2168 902 2230 956; x_wconf 80' lang='grc' dir='ltr'>τὸ</span> <span class='ocrx_word' id='word_1_229' title='bbox 2255 902 2455 967; x_wconf 82' lang='grc' dir='ltr'>πλάτος</span> <span class='ocrx_word' id='word_1_230' title='bbox 2484 902 2596 957; x_wconf 87' lang='grc' dir='ltr'><strong>τῶν</strong></span> <span class='ocrx_word' id='word_1_231' title='bbox 2620 901 2817 971; x_wconf 83' lang='grc' dir='ltr'>λόγων,</span> <span class='ocrx_word' id='word_1_232' title='bbox 2841 903 2874 973; x_wconf 66' lang='lat' dir='ltr'><strong>il</strong></span> <span class='ocrx_word' id='word_1_233' title='bbox 2902 904 2953 957; x_wconf 87' lang='grc' dir='ltr'><strong>οί</strong></span> <span class='ocrx_word' id='word_1_234' title='bbox 2981 902 3283 976; x_wconf 83' lang='grc' dir='ltr'>κατώτεροι</span> <span class='ocrx_word' id='word_1_235' title='bbox 3304 903 3484 957; x_wconf 83' lang='grc' dir='ltr'>τόποι.</span> 
     </span>
    </p>
   </div>
   <div class='ocr_carea' id='block_1_38' title="bbox 2251 992 3756 1065">
    <p class='ocr_par' dir='ltr' id='par_1_38' title="bbox 2251 992 3756 1065">
     <span class='ocr_line' id='line_1_38' title="bbox 2251 992 3756 1065; baseline 0.002 -19"><span class='ocrx_word' id='word_1_236' title='bbox 2251 992 2315 1046; x_wconf 88' lang='lat'><strong>&#39;0</strong></span> <span class='ocrx_word' id='word_1_237' title='bbox 2334 993 2627 1047; x_wconf 79' lang='grc' dir='ltr'>ταπεινῶν</span> <span class='ocrx_word' id='word_1_238' title='bbox 2650 992 2842 1059; x_wconf 80' lang='grc' dir='ltr'><strong>ξύλον</strong></span> <span class='ocrx_word' id='word_1_239' title='bbox 2870 995 3136 1063; x_wconf 73' lang='grc' dir='ltr'><strong>ὑψηλόν.</strong></span> <span class='ocrx_word' id='word_1_240' title='bbox 3172 992 3342 1048; x_wconf 82' lang='grc' dir='ltr'>Ξύλον</span> <span class='ocrx_word' id='word_1_241' title='bbox 3374 992 3581 1065; x_wconf 74' lang='grc' dir='ltr'>ὑψηλόν</span> <span class='ocrx_word' id='word_1_242' title='bbox 3604 995 3756 1050; x_wconf 73' lang='grc' dir='ltr'>ἐστιν</span> 
     </span>
    </p>
   </div>
   <div class='ocr_carea' id='block_1_39' title="bbox 2173 1084 3755 1159">
    <p class='ocr_par' dir='ltr' id='par_1_39' title="bbox 2173 1084 3755 1159">
     <span class='ocr_line' id='line_1_39' title="bbox 2173 1084 3755 1159; baseline 0.003 -21"><span class='ocrx_word' id='word_1_243' title='bbox 2173 1086 2201 1138; x_wconf 86' lang='grc' dir='ltr'>ὁ</span> <span class='ocrx_word' id='word_1_244' title='bbox 2221 1084 2347 1150; x_wconf 86' lang='grc' dir='ltr'>λαὸς</span> <span class='ocrx_word' id='word_1_245' title='bbox 2376 1086 2611 1156; x_wconf 77' lang='grc' dir='ltr'><strong>ὑψωθεὶς</strong></span> <span class='ocrx_word' id='word_1_246' title='bbox 2625 1088 2746 1141; x_wconf 89' lang='grc' dir='ltr'>κατ’</span> <span class='ocrx_word' id='word_1_247' title='bbox 2761 1087 2962 1159; x_wconf 88' lang='grc' dir='ltr'>ἀρετήν</span> <span class='ocrx_word' id='word_1_248' title='bbox 2979 1103 3110 1141; x_wconf 79' lang='grc' dir='ltr'>ποτε</span> <span class='ocrx_word' id='word_1_249' title='bbox 3126 1103 3140 1117; x_wconf 76' lang='grc'><strong><em>⁸</em></strong></span> <span class='ocrx_word' id='word_1_250' title='bbox 3168 1085 3405 1157; x_wconf 76' lang='grc' dir='ltr'><strong>ὑψωθεὶς</strong></span> <span class='ocrx_word' id='word_1_251' title='bbox 3425 1087 3485 1140; x_wconf 84' lang='grc' dir='ltr'><strong>δὲ</strong></span> <span class='ocrx_word' id='word_1_252' title='bbox 3498 1087 3594 1143; x_wconf 84' lang='grc' dir='ltr'>καὶ</span> <span class='ocrx_word' id='word_1_253' title='bbox 3612 1085 3755 1142; x_wconf 78' lang='grc' dir='ltr'>κατὰ</span> 
     </span>
    </p>
   </div>
   <div class='ocr_carea' id='block_1_40' title="bbox 2174 1176 3136 1249">
    <p class='ocr_par' dir='ltr' id='par_1_40' title="bbox 2174 1176 3136 1249">
     <span class='ocr_line' id='line_1_40' title="bbox 2174 1176 3136 1249; baseline 0.004 -21"><span class='ocrx_word' id='word_1_254' title='bbox 2174 1176 2373 1229; x_wconf 84' lang='grc' dir='ltr'>κακίαν</span> <span class='ocrx_word' id='word_1_255' title='bbox 2392 1217 2408 1245; x_wconf 95' lang='grc'><strong>,</strong></span> <span class='ocrx_word' id='word_1_256' title='bbox 2449 1178 2516 1231; x_wconf 86' lang='grc' dir='ltr'><strong>δι’</strong></span> <span class='ocrx_word' id='word_1_257' title='bbox 2544 1178 2610 1249; x_wconf 77' lang='grc' dir='ltr'><strong>ἣν</strong></span> <span class='ocrx_word' id='word_1_258' title='bbox 2638 1178 2734 1231; x_wconf 76' lang='grc' dir='ltr'>καὶ</span> <span class='ocrx_word' id='word_1_259' title='bbox 2772 1176 3136 1249; x_wconf 76' lang='grc' dir='ltr'>ἐταπεινώθη.</span> 
     </span>
    </p>
   </div>
   <div class='ocr_carea' id='block_1_41' title="bbox 2243 1266 3752 1335">
    <p class='ocr_par' dir='ltr' id='par_1_41' title="bbox 2243 1266 3752 1335">
     <span class='ocr_line' id='line_1_41' title="bbox 2243 1266 3752 1335; baseline 0.003 -15"><span class='ocrx_word' id='word_1_260' title='bbox 2243 1266 2351 1320; x_wconf 80' lang='lat' dir='ltr'><strong>Kal</strong></span> <span class='ocrx_word' id='word_1_261' title='bbox 2374 1269 2407 1320; x_wconf 84' lang='grc' dir='ltr'><em>ό</em></span> <span class='ocrx_word' id='word_1_262' title='bbox 2428 1267 2605 1335; x_wconf 75' lang='grc' dir='ltr'><strong>ὑψῶν</strong></span> <span class='ocrx_word' id='word_1_263' title='bbox 2627 1267 2817 1333; x_wconf 77' lang='grc' dir='ltr'><em>ξύλον</em></span> <span class='ocrx_word' id='word_1_264' title='bbox 2842 1269 3148 1328; x_wconf 77' lang='grc' dir='ltr'>ταπεινόν.</span> <span class='ocrx_word' id='word_1_265' title='bbox 3173 1269 3341 1324; x_wconf 76' lang='grc' dir='ltr'>Ξύλον</span> <span class='ocrx_word' id='word_1_266' title='bbox 3371 1272 3624 1327; x_wconf 80' lang='grc' dir='ltr'>ταπεινὸν</span> <span class='ocrx_word' id='word_1_267' title='bbox 3655 1272 3752 1325; x_wconf 81' lang='grc' dir='ltr'>καὶ</span> 
     </span>
    </p>
   </div>
   <div class='ocr_carea' id='block_1_42' title="bbox 2172 1358 3755 1437">
    <p class='ocr_par' dir='ltr' id='par_1_42' title="bbox 2172 1358 3755 1437">
     <span class='ocr_line' id='line_1_42' title="bbox 2172 1358 3755 1437; baseline 0.004 -25"><span class='ocrx_word' id='word_1_268' title='bbox 2172 1358 2514 1430; x_wconf 78' lang='grc' dir='ltr'>χαμαίζηλόν</span> <span class='ocrx_word' id='word_1_269' title='bbox 2547 1362 2697 1415; x_wconf 79' lang='grc' dir='ltr'>ἐστιν</span> <span class='ocrx_word' id='word_1_270' title='bbox 2723 1362 2752 1413; x_wconf 84' lang='grc' dir='ltr'><strong>ὁ</strong></span> <span class='ocrx_word' id='word_1_271' title='bbox 2784 1360 2911 1426; x_wconf 84' lang='grc' dir='ltr'>λαὸς</span> <span class='ocrx_word' id='word_1_272' title='bbox 2946 1361 3147 1417; x_wconf 74' lang='grc' dir='ltr'>ἐθνῶν·</span> <span class='ocrx_word' id='word_1_273' title='bbox 3184 1364 3440 1417; x_wconf 79' lang='grc' dir='ltr'>ταπεινὸν</span> <span class='ocrx_word' id='word_1_274' title='bbox 3476 1366 3535 1418; x_wconf 77' lang='grc' dir='ltr'><strong>ὲν</strong></span> <span class='ocrx_word' id='word_1_275' title='bbox 3576 1366 3755 1437; x_wconf 82' lang='grc' dir='ltr'>ἀμαρ-</span> 
     </span>
    </p>
   </div>
   <div class='ocr_carea' id='block_1_43' title="bbox 2172 1448 3755 1525">
    <p class='ocr_par' dir='ltr' id='par_1_43' title="bbox 2172 1448 3755 1525">
     <span class='ocr_line' id='line_1_43' title="bbox 2172 1448 3755 1525; baseline 0.005 -23"><span class='ocrx_word' id='word_1_276' title='bbox 2172 1450 2313 1513; x_wconf 89' lang='grc' dir='ltr'>τίαις</span> <span class='ocrx_word' id='word_1_277' title='bbox 2333 1466 2347 1480; x_wconf 73' lang='grc'><strong><em>⁸</em></strong></span> <span class='ocrx_word' id='word_1_278' title='bbox 2377 1451 2650 1517; x_wconf 76' lang='grc' dir='ltr'>ταπεινὸν,</span> <span class='ocrx_word' id='word_1_279' title='bbox 2691 1453 2773 1505; x_wconf 86' lang='grc' dir='ltr'>ὅτι</span> <span class='ocrx_word' id='word_1_280' title='bbox 2806 1452 3050 1507; x_wconf 77' lang='grc' dir='ltr'><strong>κάτωθεν</strong></span> <span class='ocrx_word' id='word_1_281' title='bbox 3075 1448 3267 1525; x_wconf 79' lang='grc' dir='ltr'>ἦρξεν,</span> <span class='ocrx_word' id='word_1_282' title='bbox 3297 1454 3461 1509; x_wconf 76' lang='grc' dir='ltr'>οἱονεὶ</span> <span class='ocrx_word' id='word_1_283' title='bbox 3488 1456 3597 1509; x_wconf 72' lang='grc' dir='ltr'><strong>ἀπὸ</strong></span> <span class='ocrx_word' id='word_1_284' title='bbox 3624 1474 3755 1510; x_wconf 84' lang='grc' dir='ltr'>παι-</span> 
     </span>
    </p>
   </div>
   <div class='ocr_carea' id='block_1_44' title="bbox 2171 1542 3759 1622">
    <p class='ocr_par' dir='ltr' id='par_1_44' title="bbox 2171 1542 3759 1622">
     <span class='ocr_line' id='line_1_44' title="bbox 2171 1542 3759 1622; baseline 0.005 -26"><span class='ocrx_word' id='word_1_285' title='bbox 2171 1542 2319 1606; x_wconf 85' lang='grc' dir='ltr'>δείας</span> <span class='ocrx_word' id='word_1_286' title='bbox 2360 1543 2455 1595; x_wconf 73' lang='grc' dir='ltr'><strong>ἐπὶ</strong></span> <span class='ocrx_word' id='word_1_287' title='bbox 2480 1544 2542 1597; x_wconf 85' lang='grc' dir='ltr'>τὸ</span> <span class='ocrx_word' id='word_1_288' title='bbox 2576 1544 2746 1617; x_wconf 84' lang='grc' dir='ltr'>ἀκρον</span> <span class='ocrx_word' id='word_1_289' title='bbox 2781 1546 3128 1618; x_wconf 72' lang='grc' dir='ltr'>ὑψωθήσεται</span> <span class='ocrx_word' id='word_1_290' title='bbox 3164 1547 3305 1602; x_wconf 82' lang='grc' dir='ltr'><strong>κατά</strong></span> <span class='ocrx_word' id='word_1_291' title='bbox 3346 1547 3409 1602; x_wconf 75' lang='grc' dir='ltr'><strong>τὸ</strong></span> <span class='ocrx_word' id='word_1_292' title='bbox 3436 1550 3759 1622; x_wconf 78' lang='grc' dir='ltr'>γεγραμμέ-</span> 
     </span>
    </p>
   </div>
   <div class='ocr_carea' id='block_1_45' title="bbox 2173 1636 3233 1720">
    <p class='ocr_par' dir='ltr' id='par_1_45' title="bbox 2173 1636 3233 1706">
     <span class='ocr_line' id='line_1_45' title="bbox 2173 1636 3233 1706; baseline 0.004 -20"><span class='ocrx_word' id='word_1_293' title='bbox 2173 1650 2262 1687; x_wconf 90' lang='grc' dir='ltr'><strong>νον</strong></span> <span class='ocrx_word' id='word_1_294' title='bbox 2281 1649 2294 1664; x_wconf 76' lang='grc'><strong><em>⁸</em></strong></span> <span class='ocrx_word' id='word_1_295' title='bbox 2328 1636 2613 1689; x_wconf 86' lang='grc' dir='ltr'><strong>Ἔσονται</strong></span> <span class='ocrx_word' id='word_1_296' title='bbox 2636 1639 2691 1689; x_wconf 78' lang='grc' dir='ltr'><strong>οι</strong></span> <span class='ocrx_word' id='word_1_297' title='bbox 2719 1637 2966 1706; x_wconf 78' lang='grc' dir='ltr'><strong>ἔσχατοι</strong></span> <span class='ocrx_word' id='word_1_298' title='bbox 2996 1636 3233 1706; x_wconf 83' lang='grc' dir='ltr'>πρῶτοι.</span> 
     </span>
    </p>
   </div>
   <div class='ocr_carea' id='block_1_46' title="bbox 2243 1725 3755 1802">
    <p class='ocr_par' dir='ltr' id='par_1_46' title="bbox 2243 1725 3755 1802">
     <span class='ocr_line' id='line_1_46' title="bbox 2243 1725 3755 1802; baseline 0.003 -21"><span class='ocrx_word' id='word_1_299' title='bbox 2243 1725 2354 1781; x_wconf 76' lang='grc' dir='ltr'><strong>Καὶ</strong></span> <span class='ocrx_word' id='word_1_300' title='bbox 2383 1726 2682 1795; x_wconf 79' lang='grc' dir='ltr'>ξτιραίνων</span> <span class='ocrx_word' id='word_1_301' title='bbox 2713 1727 2906 1792; x_wconf 70' lang='grc' dir='ltr'><em>ξύλον</em></span> <span class='ocrx_word' id='word_1_302' title='bbox 2928 1729 3184 1797; x_wconf 76' lang='grc' dir='ltr'>χλωρόν.</span> <span class='ocrx_word' id='word_1_303' title='bbox 3216 1728 3383 1782; x_wconf 83' lang='grc' dir='ltr'>Ξύλον</span> <span class='ocrx_word' id='word_1_304' title='bbox 3407 1728 3614 1802; x_wconf 84' lang='grc' dir='ltr'>χλωρόν</span> <span class='ocrx_word' id='word_1_305' title='bbox 3640 1730 3755 1789; x_wconf 77' lang='grc' dir='ltr'>ἐστι</span> 
     </span>
    </p>
   </div>
   <div class='ocr_carea' id='block_1_47' title="bbox 2102 1783 3759 1892">
    <p class='ocr_par' dir='ltr' id='par_1_47' title="bbox 2102 1783 3759 1892">
     <span class='ocr_line' id='line_1_47' title="bbox 2102 1783 3759 1892; baseline 0.004 -22"><span class='ocrx_word' id='word_1_306' title='bbox 2102 1783 2145 1838; x_wconf 72' lang='grc' dir='ltr'><strong><em>Β</em></strong></span> <span class='ocrx_word' id='word_1_307' title='bbox 2171 1818 2234 1871; x_wconf 80' lang='grc' dir='ltr'>τὸ</span> <span class='ocrx_word' id='word_1_308' title='bbox 2262 1817 2371 1882; x_wconf 79' lang='grc' dir='ltr'>ζῶν</span> <span class='ocrx_word' id='word_1_309' title='bbox 2398 1783 2474 1870; x_wconf 61' lang='grc' dir='ltr'>ἰζ</span> <span class='ocrx_word' id='word_1_310' title='bbox 2521 1818 2633 1889; x_wconf 80' lang='grc' dir='ltr'>ζωῇ</span> <span class='ocrx_word' id='word_1_311' title='bbox 2667 1783 3013 1889; x_wconf 73' lang='grc' dir='ltr'>δικαιοσύνης</span> <span class='ocrx_word' id='word_1_312' title='bbox 3028 1783 3232 1886; x_wconf 50' lang='grc' dir='ltr'><strong>’.ξύλον</strong></span> <span class='ocrx_word' id='word_1_313' title='bbox 3263 1818 3320 1872; x_wconf 81' lang='grc' dir='ltr'><strong>δὲ</strong></span> <span class='ocrx_word' id='word_1_314' title='bbox 3352 1783 3666 1892; x_wconf 42' lang='grc' dir='ltr'>ξησρόνιὲστι</span> 
     </span>
    </p>
   </div>
   <div class='ocr_carea' id='block_1_48' title="bbox 2175 1908 3438 1983">
    <p class='ocr_par' dir='ltr' id='par_1_48' title="bbox 2175 1908 3438 1983">
     <span class='ocr_line' id='line_1_48' title="bbox 2175 1908 3438 1983; baseline 0.002 -20"><span class='ocrx_word' id='word_1_315' title='bbox 2175 1908 2283 1974; x_wconf 82' lang='grc' dir='ltr'>ζῶν</span> <span class='ocrx_word' id='word_1_316' title='bbox 2307 1911 2363 1963; x_wconf 84' lang='grc' dir='ltr'>ὲν</span> <span class='ocrx_word' id='word_1_317' title='bbox 2388 1908 2500 1980; x_wconf 78' lang='grc' dir='ltr'><strong>ζωῇ</strong></span> <span class='ocrx_word' id='word_1_318' title='bbox 2532 1909 2832 1981; x_wconf 58' lang='grc' dir='ltr'>ἁμαρτίας</span> <span class='ocrx_word' id='word_1_319' title='bbox 2866 1908 2948 1962; x_wconf 84' lang='grc' dir='ltr'><strong>διὸ</strong></span> <span class='ocrx_word' id='word_1_320' title='bbox 2976 1910 3073 1964; x_wconf 71' lang='grc' dir='ltr'>καὶ</span> <span class='ocrx_word' id='word_1_321' title='bbox 3104 1909 3438 1983; x_wconf 76' lang='grc' dir='ltr'><strong>ξηραίνεται.</strong></span> 
     </span>
    </p>
   </div>
   <div class='ocr_carea' id='block_1_49' title="bbox 2250 1998 3758 2076">
    <p class='ocr_par' dir='ltr' id='par_1_49' title="bbox 2250 1998 3758 2076">
     <span class='ocr_line' id='line_1_49' title="bbox 2250 1998 3758 2076; baseline 0.001 -20"><span class='ocrx_word' id='word_1_322' title='bbox 2250 2000 2362 2056; x_wconf 84' lang='grc' dir='ltr'><strong>Τοῦ</strong></span> <span class='ocrx_word' id='word_1_323' title='bbox 2386 2000 2593 2055; x_wconf 86' lang='grc' dir='ltr'>αὐτοῦ.</span> <span class='ocrx_word' id='word_1_324' title='bbox 2630 2000 2797 2053; x_wconf 86' lang='grc' dir='ltr'>Ξύλον</span> <span class='ocrx_word' id='word_1_325' title='bbox 2823 1998 2933 2072; x_wconf 83' lang='grc' dir='ltr'>γάρ</span> <span class='ocrx_word' id='word_1_326' title='bbox 2967 2002 3084 2055; x_wconf 78' lang='grc' dir='ltr'>ἐστι</span> <span class='ocrx_word' id='word_1_327' title='bbox 3110 2003 3323 2074; x_wconf 81' lang='grc' dir='ltr'>νοητὸν,</span> <span class='ocrx_word' id='word_1_328' title='bbox 3362 2002 3524 2073; x_wconf 81' lang='grc' dir='ltr'><em>φύσις</em></span> <span class='ocrx_word' id='word_1_329' title='bbox 3543 2002 3758 2076; x_wconf 81' lang='grc' dir='ltr'>λογικὴ,</span> 
     </span>
    </p>
   </div>
   <div class='ocr_carea' id='block_1_50' title="bbox 2175 2091 3636 2168">
    <p class='ocr_par' dir='ltr' id='par_1_50' title="bbox 2175 2091 3636 2168">
     <span class='ocr_line' id='line_1_50' title="bbox 2175 2091 3636 2168; baseline 0 -19"><span class='ocrx_word' id='word_1_330' title='bbox 2175 2094 2284 2149; x_wconf 80' lang='grc' dir='ltr'><strong>ἀπὺ</strong></span> <span class='ocrx_word' id='word_1_331' title='bbox 2312 2092 2478 2165; x_wconf 81' lang='grc' dir='ltr'>μέσου</span> <span class='ocrx_word' id='word_1_332' title='bbox 2506 2092 2811 2167; x_wconf 82' lang='grc' dir='ltr'>ἀρξαμένη,</span> <span class='ocrx_word' id='word_1_333' title='bbox 2844 2094 3014 2165; x_wconf 86' lang='grc' dir='ltr'>μήπω</span> <span class='ocrx_word' id='word_1_334' title='bbox 3040 2091 3191 2158; x_wconf 78' lang='grc' dir='ltr'>ζῶσα</span> <span class='ocrx_word' id='word_1_335' title='bbox 3219 2095 3277 2148; x_wconf 82' lang='grc' dir='ltr'>ὲν</span> <span class='ocrx_word' id='word_1_336' title='bbox 3298 2094 3636 2168; x_wconf 75' lang='grc' dir='ltr'><strong>δικαιοσύνῃ.</strong></span> 
     </span>
    </p>
   </div>
   <div class='ocr_carea' id='block_1_51' title="bbox 2786 2275 3136 2329">
    <p class='ocr_par' dir='ltr' id='par_1_51' title="bbox 2786 2275 3136 2329">
     <span class='ocr_line' id='line_1_51' title="bbox 2786 2275 3136 2329; baseline 0 0"><span class='ocrx_word' id='word_1_337' title='bbox 2786 2275 2973 2329; x_wconf 72' lang='grc' dir='ltr'><strong>ΚΕΦ.</strong></span> <span class='ocrx_word' id='word_1_338' title='bbox 3015 2275 3136 2329; x_wconf 83' lang='grc' dir='ltr'><strong>ΙΗ’.</strong></span> 
     </span>
    </p>
   </div>
   <div class='ocr_carea' id='block_1_52' title="bbox 2252 2361 3757 2435">
    <p class='ocr_par' dir='ltr' id='par_1_52' title="bbox 2252 2361 3757 2435">
     <span class='ocr_line' id='line_1_52' title="bbox 2252 2361 3757 2435; baseline -0.003 -15"><span class='ocrx_word' id='word_1_339' title='bbox 2252 2369 2315 2422; x_wconf 78' lang='lat' dir='ltr'><strong>Oi</strong></span> <span class='ocrx_word' id='word_1_340' title='bbox 2339 2364 2590 2435; x_wconf 79' lang='grc' dir='ltr'>πατέρες</span> <span class='ocrx_word' id='word_1_341' title='bbox 2613 2366 2841 2435; x_wconf 71' lang='grc' dir='ltr'>ἔφαγον</span> <span class='ocrx_word' id='word_1_342' title='bbox 2871 2364 3129 2435; x_wconf 70' lang='grc' dir='ltr'>ὄμφακα.</span> <span class='ocrx_word' id='word_1_343' title='bbox 3170 2362 3419 2418; x_wconf 82' lang='grc' dir='ltr'><strong>Διδάσκει</strong></span> <span class='ocrx_word' id='word_1_344' title='bbox 3441 2363 3500 2417; x_wconf 66' lang='grc' dir='ltr'><strong>ἂν</strong></span> <span class='ocrx_word' id='word_1_345' title='bbox 3527 2361 3757 2426; x_wconf 84' lang='grc' dir='ltr'>τούτοις,</span> 
     </span>
    </p>
   </div>
   <div class='ocr_carea' id='block_1_53' title="bbox 2179 2453 3761 2528">
    <p class='ocr_par' dir='ltr' id='par_1_53' title="bbox 2179 2453 3761 2528">
     <span class='ocr_line' id='line_1_53' title="bbox 2179 2453 3761 2528; baseline -0.003 -17"><span class='ocrx_word' id='word_1_346' title='bbox 2179 2457 2344 2511; x_wconf 82' lang='grc' dir='ltr'>ὅτιτὸ</span> <span class='ocrx_word' id='word_1_347' title='bbox 2384 2456 2675 2528; x_wconf 79' lang='grc' dir='ltr'>λεγόμενον</span> <span class='ocrx_word' id='word_1_348' title='bbox 2706 2458 2764 2509; x_wconf 77' lang='grc' dir='ltr'><strong>ὲν</strong></span> <span class='ocrx_word' id='word_1_349' title='bbox 2804 2458 2918 2521; x_wconf 84' lang='grc' dir='ltr'>τοῖς</span> <span class='ocrx_word' id='word_1_350' title='bbox 2947 2457 3132 2526; x_wconf 86' lang='grc' dir='ltr'>νόμοις</span> <span class='ocrx_word' id='word_1_351' title='bbox 3171 2455 3266 2509; x_wconf 79' lang='grc' dir='ltr'><strong>τοῦ</strong></span> <span class='ocrx_word' id='word_1_352' title='bbox 3308 2453 3541 2528; x_wconf 82' lang='grc' dir='ltr'>Ἰσραὴλ,</span> <span class='ocrx_word' id='word_1_353' title='bbox 3575 2454 3761 2508; x_wconf 78' lang='grc' dir='ltr'>ἀποδί-</span> 
     </span>
    </p>
   </div>
   <div class='ocr_carea' id='block_1_54' title="bbox 2178 2545 3760 2621">
    <p class='ocr_par' dir='ltr' id='par_1_54' title="bbox 2178 2545 3760 2621">
     <span class='ocr_line' id='line_1_54' title="bbox 2178 2545 3760 2621; baseline -0.003 -18"><span class='ocrx_word' id='word_1_354' title='bbox 2178 2548 2365 2604; x_wconf 85' lang='grc' dir='ltr'>δοσθαι</span> <span class='ocrx_word' id='word_1_355' title='bbox 2399 2549 2674 2621; x_wconf 69' lang='grc' dir='ltr'>ἁμαρτίαν</span> <span class='ocrx_word' id='word_1_356' title='bbox 2704 2548 2959 2619; x_wconf 76' lang='grc' dir='ltr'>πατέρων</span> <span class='ocrx_word' id='word_1_357' title='bbox 2990 2547 3085 2601; x_wconf 79' lang='grc' dir='ltr'><strong>ὲπὶ</strong></span> <span class='ocrx_word' id='word_1_358' title='bbox 3112 2546 3299 2611; x_wconf 77' lang='grc' dir='ltr'>τέκνα,</span> <span class='ocrx_word' id='word_1_359' title='bbox 3330 2545 3612 2619; x_wconf 80' lang='grc' dir='ltr'>παραϐολή</span> <span class='ocrx_word' id='word_1_360' title='bbox 3644 2546 3760 2599; x_wconf 69' lang='grc' dir='ltr'>ἐστι</span> 
     </span>
    </p>
   </div>
   <div class='ocr_carea' id='block_1_55' title="bbox 2181 2639 2842 2713">
    <p class='ocr_par' dir='ltr' id='par_1_55' title="bbox 2181 2639 2842 2713">
     <span class='ocr_line' id='line_1_55' title="bbox 2181 2639 2842 2713; baseline -0.003 -18"><span class='ocrx_word' id='word_1_361' title='bbox 2181 2640 2458 2713; x_wconf 74' lang='grc' dir='ltr'><strong>χρῄζουσα</strong></span> <span class='ocrx_word' id='word_1_362' title='bbox 2483 2639 2842 2712; x_wconf 85' lang='grc' dir='ltr'>συνοράσεως.</span> 
     </span>
    </p>
   </div>
   <div class='ocr_carea' id='block_1_56' title="bbox 2259 2728 3762 2805">
    <p class='ocr_par' dir='ltr' id='par_1_56' title="bbox 2259 2728 3762 2805">
     <span class='ocr_line' id='line_1_56' title="bbox 2259 2728 3762 2805; baseline -0.004 -17"><span class='ocrx_word' id='word_1_363' title='bbox 2259 2733 2371 2788; x_wconf 85' lang='grc' dir='ltr'><strong>Τοῦ</strong></span> <span class='ocrx_word' id='word_1_364' title='bbox 2402 2732 2611 2787; x_wconf 83' lang='grc' dir='ltr'>αὐτοῦ.</span> <span class='ocrx_word' id='word_1_365' title='bbox 2650 2730 2874 2803; x_wconf 80' lang='grc' dir='ltr'>Ὄμφαξ</span> <span class='ocrx_word' id='word_1_366' title='bbox 2912 2730 3060 2784; x_wconf 75' lang='grc' dir='ltr'>ἐστὶν</span> <span class='ocrx_word' id='word_1_367' title='bbox 3092 2733 3126 2800; x_wconf 87' lang='grc' dir='ltr'><strong>ή</strong></span> <span class='ocrx_word' id='word_1_368' title='bbox 3170 2728 3414 2805; x_wconf 85' lang='grc' dir='ltr'>ἁμαρτία</span> <span class='ocrx_word' id='word_1_369' title='bbox 3442 2730 3478 2801; x_wconf 81' lang='grc' dir='ltr'><strong>ἡ</strong></span> <span class='ocrx_word' id='word_1_370' title='bbox 3523 2728 3762 2801; x_wconf 88' lang='grc' dir='ltr'>παράνο-</span> 
     </span>
    </p>
   </div>
   <div class='ocr_carea' id='block_1_57' title="bbox 2187 2820 3766 2895">
    <p class='ocr_par' dir='ltr' id='par_1_57' title="bbox 2187 2820 3766 2895">
     <span class='ocr_line' id='line_1_57' title="bbox 2187 2820 3766 2895; baseline -0.001 -18"><span class='ocrx_word' id='word_1_371' title='bbox 2187 2840 2306 2895; x_wconf 81' lang='grc' dir='ltr'>μος.</span> <span class='ocrx_word' id='word_1_372' title='bbox 2341 2824 2562 2895; x_wconf 76' lang='grc' dir='ltr'>Ὀμφαξ</span> <span class='ocrx_word' id='word_1_373' title='bbox 2589 2823 2828 2892; x_wconf 77' lang='grc' dir='ltr'>λέγεται,</span> <span class='ocrx_word' id='word_1_374' title='bbox 2857 2822 2938 2876; x_wconf 83' lang='grc' dir='ltr'><strong>ὅτι</strong></span> <span class='ocrx_word' id='word_1_375' title='bbox 2970 2822 3036 2875; x_wconf 81' lang='grc' dir='ltr'>ὲκ</span> <span class='ocrx_word' id='word_1_376' title='bbox 3061 2820 3172 2876; x_wconf 85' lang='grc' dir='ltr'>τῶν</span> <span class='ocrx_word' id='word_1_377' title='bbox 3201 2820 3443 2891; x_wconf 82' lang='grc' dir='ltr'><strong>φυσικῶν</strong></span> <span class='ocrx_word' id='word_1_378' title='bbox 3478 2821 3637 2892; x_wconf 77' lang='grc' dir='ltr'>ήμῶν</span> <span class='ocrx_word' id='word_1_379' title='bbox 3666 2821 3766 2885; x_wconf 76' lang='grc' dir='ltr'>τὰς</span> 
     </span>
    </p>
   </div>
   <div class='ocr_carea' id='block_1_58' title="bbox 2182 2914 3764 2987">
    <p class='ocr_par' dir='ltr' id='par_1_58' title="bbox 2182 2914 3764 2987">
     <span class='ocr_line' id='line_1_58' title="bbox 2182 2914 3764 2987; baseline -0.001 -19"><span class='ocrx_word' id='word_1_380' title='bbox 2182 2914 2439 2987; x_wconf 75' lang='grc' dir='ltr'>ἀφορμὰς</span> <span class='ocrx_word' id='word_1_381' title='bbox 2465 2914 2666 2986; x_wconf 76' lang='grc' dir='ltr'>ἔχουσα</span> <span class='ocrx_word' id='word_1_382' title='bbox 2694 2914 3023 2969; x_wconf 82' lang='grc' dir='ltr'>συνίσταται.</span> <span class='ocrx_word' id='word_1_383' title='bbox 3063 2914 3274 2985; x_wconf 81' lang='grc' dir='ltr'>Ὥσπερ</span> <span class='ocrx_word' id='word_1_384' title='bbox 3306 2914 3551 2984; x_wconf 82' lang='grc' dir='ltr'>φυσικῶς</span> <span class='ocrx_word' id='word_1_385' title='bbox 3591 2915 3620 2966; x_wconf 86' lang='grc' dir='ltr'>ὁ</span> <span class='ocrx_word' id='word_1_386' title='bbox 3661 2914 3764 2985; x_wconf 79' lang='grc' dir='ltr'><strong>δμ-</strong></span> 
     </span>
    </p>
   </div>
   <div class='ocr_carea' id='block_1_59' title="bbox 2185 3002 3768 3077">
    <p class='ocr_par' dir='ltr' id='par_1_59' title="bbox 2185 3002 3768 3077">
     <span class='ocr_line' id='line_1_59' title="bbox 2185 3002 3768 3077; baseline -0.002 -16"><span class='ocrx_word' id='word_1_387' title='bbox 2185 3005 2293 3076; x_wconf 81' lang='grc' dir='ltr'>φαξ</span> <span class='ocrx_word' id='word_1_388' title='bbox 2320 3007 2384 3060; x_wconf 82' lang='grc' dir='ltr'>ὲκ</span> <span class='ocrx_word' id='word_1_389' title='bbox 2409 3007 2511 3077; x_wconf 86' lang='grc' dir='ltr'>τῆς</span> <span class='ocrx_word' id='word_1_390' title='bbox 2541 3005 2789 3077; x_wconf 81' lang='grc' dir='ltr'>ἀμπέλου</span> <span class='ocrx_word' id='word_1_391' title='bbox 2828 3004 2995 3068; x_wconf 76' lang='grc' dir='ltr'>ἐστὶν,</span> <span class='ocrx_word' id='word_1_392' title='bbox 3034 3002 3178 3059; x_wconf 77' lang='grc' dir='ltr'>οὕτω</span> <span class='ocrx_word' id='word_1_393' title='bbox 3214 3005 3311 3058; x_wconf 81' lang='grc' dir='ltr'>καὶ</span> <span class='ocrx_word' id='word_1_394' title='bbox 3344 3004 3526 3073; x_wconf 79' lang='grc' dir='ltr'>ἡμεῖς,</span> <span class='ocrx_word' id='word_1_395' title='bbox 3560 3003 3656 3058; x_wconf 82' lang='grc' dir='ltr'>ὲάν</span> <span class='ocrx_word' id='word_1_396' title='bbox 3692 3005 3768 3069; x_wconf 86' lang='grc' dir='ltr'>ὼς</span> 
     </span>
    </p>
   </div>
   <div class='ocr_carea' id='block_1_60' title="bbox 507 3096 2080 3176">
    <p class='ocr_par' dir='ltr' id='par_1_60' title="bbox 507 3101 2078 3176">
     <span class='ocr_line' id='line_1_60' title="bbox 507 3101 2078 3176; baseline 0.003 -16"><span class='ocrx_word' id='word_1_397' title='bbox 507 3104 554 3161; x_wconf 75' lang='lat' dir='ltr'><strong>si</strong></span> <span class='ocrx_word' id='word_1_398' title='bbox 582 3102 924 3158; x_wconf 87' lang='lat' dir='ltr'><strong>trahentibus</strong></span> <span class='ocrx_word' id='word_1_399' title='bbox 955 3101 1298 3157; x_wconf 78' lang='lat' dir='ltr'><strong>naturalibus</strong></span> <span class='ocrx_word' id='word_1_400' title='bbox 1341 3103 1581 3159; x_wconf 86' lang='lat' dir='ltr'><strong>motibus</strong></span> <span class='ocrx_word' id='word_1_401' title='bbox 1629 3105 1997 3176; x_wconf 88' lang='lat' dir='ltr'><strong>obsequamur</strong></span> <span class='ocrx_word' id='word_1_402' title='bbox 2026 3110 2078 3164; x_wconf 92' lang='lat' dir='ltr'><strong>in</strong></span> 
     </span>
    </p>
   </div>
   <div class='ocr_carea' id='block_1_61' title="bbox 2179 3096 3765 3176">
    <p class='ocr_par' dir='ltr' id='par_1_61' title="bbox 2182 3096 3765 3170">
     <span class='ocr_line' id='line_1_61' title="bbox 2182 3096 3765 3170; baseline 0 -20"><span class='ocrx_word' id='word_1_403' title='bbox 2182 3097 2432 3151; x_wconf 72' lang='grc' dir='ltr'>ἕλκουσιν</span> <span class='ocrx_word' id='word_1_404' title='bbox 2463 3099 2521 3150; x_wconf 87' lang='grc' dir='ltr'><strong>αί</strong></span> <span class='ocrx_word' id='word_1_405' title='bbox 2567 3099 2796 3167; x_wconf 63' lang='grc' dir='ltr'><strong>φυσικαλ⁵</strong></span> <span class='ocrx_word' id='word_1_406' title='bbox 2840 3099 3084 3170; x_wconf 81' lang='grc' dir='ltr'><strong>κινήσεις</strong></span> <span class='ocrx_word' id='word_1_407' title='bbox 3128 3096 3581 3168; x_wconf 76' lang='grc' dir='ltr'>ἀκολουθήσωμεν</span> <span class='ocrx_word' id='word_1_408' title='bbox 3610 3099 3667 3151; x_wconf 76' lang='grc' dir='ltr'><strong>ὲν</strong></span> <span class='ocrx_word' id='word_1_409' title='bbox 3698 3100 3765 3169; x_wconf 76' lang='grc' dir='ltr'>τῇ</span> 
     </span>
    </p>
   </div>
   <div class='ocr_carea' id='block_1_62' title="bbox 505 3194 1746 3267">
    <p class='ocr_par' dir='ltr' id='par_1_62' title="bbox 505 3194 1746 3267">
     <span class='ocr_line' id='line_1_62' title="bbox 505 3194 1746 3267; baseline 0.001 -18"><span class='ocrx_word' id='word_1_410' title='bbox 505 3197 685 3267; x_wconf 80' lang='lat' dir='ltr'><strong>prima</strong></span> <span class='ocrx_word' id='word_1_411' title='bbox 711 3202 886 3260; x_wconf 83' lang='lat' dir='ltr'><strong>aetate,</strong></span> <span class='ocrx_word' id='word_1_412' title='bbox 917 3208 1080 3248; x_wconf 88' lang='lat' dir='ltr'><strong>uvam</strong></span> <span class='ocrx_word' id='word_1_413' title='bbox 1107 3194 1746 3252; x_wconf 84' lang='lat' dir='ltr'><strong>acerbamcomedimus.</strong></span> 
     </span>
    </p>
   </div>
   <div class='ocr_carea' id='block_1_63' title="bbox 582 3285 2082 3360">
    <p class='ocr_par' dir='ltr' id='par_1_63' title="bbox 582 3285 2082 3360">
     <span class='ocr_line' id='line_1_63' title="bbox 582 3285 2082 3360; baseline 0.003 -19"><span class='ocrx_word' id='word_1_414' title='bbox 582 3287 857 3356; x_wconf 84' lang='lat' dir='ltr'><strong>Ejusdem.</strong></span> <span class='ocrx_word' id='word_1_415' title='bbox 898 3285 1015 3340; x_wconf 86' lang='lat' dir='ltr'><strong>Uva</strong></span> <span class='ocrx_word' id='word_1_416' title='bbox 1043 3285 1236 3341; x_wconf 85' lang='lat' dir='ltr'><strong>acerba</strong></span> <span class='ocrx_word' id='word_1_417' title='bbox 1275 3293 1561 3356; x_wconf 86' lang='lat' dir='ltr'><strong>peccatum</strong></span> <span class='ocrx_word' id='word_1_418' title='bbox 1589 3296 1708 3354; x_wconf 82' lang='lat' dir='ltr'><strong>est;</strong></span> <span class='ocrx_word' id='word_1_419' title='bbox 1736 3296 1928 3360; x_wconf 87' lang='lat' dir='ltr'><strong>stupor</strong></span> <span class='ocrx_word' id='word_1_420' title='bbox 1945 3289 2082 3347; x_wconf 89' lang='lat' dir='ltr'><strong>den-</strong></span> 
     </span>
    </p>
   </div>
   <div class='ocr_carea' id='block_1_64' title="bbox 507 3376 2084 3447">
    <p class='ocr_par' dir='ltr' id='par_1_64' title="bbox 507 3376 2084 3447">
     <span class='ocr_line' id='line_1_64' title="bbox 507 3376 2084 3447; baseline 0.001 -12"><span class='ocrx_word' id='word_1_421' title='bbox 507 3378 670 3444; x_wconf 78' lang='lat' dir='ltr'><strong>tium,</strong></span> <span class='ocrx_word' id='word_1_422' title='bbox 718 3392 781 3432; x_wconf 90' lang='lat' dir='ltr'><strong>ea</strong></span> <span class='ocrx_word' id='word_1_423' title='bbox 810 3391 931 3447; x_wconf 64' lang='lat' dir='ltr'><strong>quae</strong></span> <span class='ocrx_word' id='word_1_424' title='bbox 961 3376 1016 3430; x_wconf 91' lang='lat' dir='ltr'><strong>in</strong></span> <span class='ocrx_word' id='word_1_425' title='bbox 1042 3385 1270 3446; x_wconf 88' lang='lat' dir='ltr'><strong>peccato</strong></span> <span class='ocrx_word' id='word_1_426' title='bbox 1301 3384 1359 3430; x_wconf 86' lang='lat' dir='ltr'><strong>et</strong></span> <span class='ocrx_word' id='word_1_427' title='bbox 1383 3391 1479 3446; x_wconf 88' lang='lat' dir='ltr'><strong>per</strong></span> <span class='ocrx_word' id='word_1_428' title='bbox 1500 3386 1789 3447; x_wconf 85' lang='lat' dir='ltr'><strong>peccatum</strong></span> <span class='ocrx_word' id='word_1_429' title='bbox 1837 3382 2084 3438; x_wconf 85' lang='lat' dir='ltr'><strong>mortalis</strong></span> 
     </span>
    </p>
   </div>
   <div class='ocr_carea' id='block_1_65' title="bbox 509 3466 1506 3533">
    <p class='ocr_par' dir='ltr' id='par_1_65' title="bbox 509 3466 1506 3533">
     <span class='ocr_line' id='line_1_65' title="bbox 509 3466 1506 3533; baseline -0.003 -9"><span class='ocrx_word' id='word_1_430' title='bbox 509 3469 754 3525; x_wconf 72' lang='lat' dir='ltr'><strong>conditio</strong></span> <span class='ocrx_word' id='word_1_431' title='bbox 781 3470 902 3533; x_wconf 66' lang='lat' dir='ltr'><strong>est:</strong></span> <span class='ocrx_word' id='word_1_432' title='bbox 934 3466 1145 3530; x_wconf 87' lang='lat' dir='ltr'><strong>dentes,</strong></span> <span class='ocrx_word' id='word_1_433' title='bbox 1181 3466 1265 3522; x_wconf 91' lang='lat' dir='ltr'><strong>vis</strong></span> <span class='ocrx_word' id='word_1_434' title='bbox 1280 3467 1506 3522; x_wconf 68' lang='lat' dir='ltr'><strong>animm.</strong></span> 
     </span>
    </p>
   </div>
   <div class='ocr_carea' id='block_1_66' title="bbox 552 3557 2085 3635">
    <p class='ocr_par' dir='ltr' id='par_1_66' title="bbox 552 3557 2085 3635">
     <span class='ocr_line' id='line_1_66' title="bbox 552 3557 2085 3635; baseline 0.007 -28"><span class='ocrx_word' id='word_1_435' title='bbox 552 3558 641 3613; x_wconf 56' lang='lat' dir='ltr'><strong>.Si</strong></span> <span class='ocrx_word' id='word_1_436' title='bbox 671 3559 832 3628; x_wconf 76' lang='lat' dir='ltr'><strong>fuerit</strong></span> <span class='ocrx_word' id='word_1_437' title='bbox 862 3559 1009 3612; x_wconf 78' lang='lat' dir='ltr'><strong>ultra</strong></span> <span class='ocrx_word' id='word_1_438' title='bbox 1055 3557 1315 3627; x_wconf 71' lang='grc' dir='ltr'>ραι-οὔρια</span> <span class='ocrx_word' id='word_1_439' title='bbox 1340 3558 1408 3611; x_wconf 75' lang='grc'><strong>⁸³.</strong></span> <span class='ocrx_word' id='word_1_440' title='bbox 1470 3557 1751 3615; x_wconf 65' lang='lat' dir='ltr'><strong>Parabolas</strong></span> <span class='ocrx_word' id='word_1_441' title='bbox 1785 3576 1891 3616; x_wconf 87' lang='lat' dir='ltr'><strong>non</strong></span> <span class='ocrx_word' id='word_1_442' title='bbox 1921 3562 2085 3635; x_wconf 54' lang='lat'><strong>5,33</strong></span> 
     </span>
    </p>
   </div>
   <div class='ocr_carea' id='block_1_67' title="bbox 507 3649 2087 3721">
    <p class='ocr_par' dir='ltr' id='par_1_67' title="bbox 507 3649 2087 3721">
     <span class='ocr_line' id='line_1_67' title="bbox 507 3649 2087 3721; baseline 0.004 -16"><span class='ocrx_word' id='word_1_443' title='bbox 507 3653 688 3721; x_wconf 85' lang='lat' dir='ltr'><strong>reipsa</strong></span> <span class='ocrx_word' id='word_1_444' title='bbox 716 3658 846 3705; x_wconf 90' lang='lat' dir='ltr'><strong>sunt</strong></span> <span class='ocrx_word' id='word_1_445' title='bbox 871 3650 1016 3720; x_wconf 89' lang='lat' dir='ltr'><strong>quod</strong></span> <span class='ocrx_word' id='word_1_446' title='bbox 1056 3649 1347 3715; x_wconf 89' lang='lat' dir='ltr'><strong>dicuntur,</strong></span> <span class='ocrx_word' id='word_1_447' title='bbox 1383 3651 1477 3706; x_wconf 83' lang='lat' dir='ltr'><strong>sed</strong></span> <span class='ocrx_word' id='word_1_448' title='bbox 1505 3650 1732 3721; x_wconf 85' lang='lat' dir='ltr'><strong>spiritali</strong></span> <span class='ocrx_word' id='word_1_449' title='bbox 1766 3668 1928 3710; x_wconf 84' lang='lat' dir='ltr'><strong>sensu</strong></span> <span class='ocrx_word' id='word_1_450' title='bbox 1957 3663 2087 3711; x_wconf 87' lang='lat' dir='ltr'><strong>sunt</strong></span> 
     </span>
    </p>
   </div>
   <div class='ocr_carea' id='block_1_68' title="bbox 509 3742 2086 3817">
    <p class='ocr_par' dir='ltr' id='par_1_68' title="bbox 509 3742 2086 3817">
     <span class='ocr_line' id='line_1_68' title="bbox 509 3742 2086 3817; baseline 0.001 -16"><span class='ocrx_word' id='word_1_451' title='bbox 509 3742 889 3815; x_wconf 62' lang='lat' dir='ltr'><strong>intelligendas.</strong></span> <span class='ocrx_word' id='word_1_452' title='bbox 949 3742 1060 3798; x_wconf 76' lang='lat' dir='ltr'><strong>Lex</strong></span> <span class='ocrx_word' id='word_1_453' title='bbox 1087 3758 1211 3813; x_wconf 81' lang='lat' dir='ltr'><strong>quae</strong></span> <span class='ocrx_word' id='word_1_454' title='bbox 1251 3743 1388 3798; x_wconf 77' lang='lat' dir='ltr'><strong>dixit</strong></span> <span class='ocrx_word' id='word_1_455' title='bbox 1435 3745 1585 3799; x_wconf 87' lang='lat' dir='ltr'><strong>reddi</strong></span> <span class='ocrx_word' id='word_1_456' title='bbox 1616 3754 1836 3814; x_wconf 86' lang='lat' dir='ltr'><strong>peccata</strong></span> <span class='ocrx_word' id='word_1_457' title='bbox 1870 3756 2086 3817; x_wconf 90' lang='lat' dir='ltr'><strong>patrum</strong></span> 
     </span>
    </p>
   </div>
   <div class='ocr_carea' id='block_1_69' title="bbox 508 3835 2087 3914">
    <p class='ocr_par' dir='ltr' id='par_1_69' title="bbox 508 3835 2087 3914">
     <span class='ocr_line' id='line_1_69' title="bbox 508 3835 2087 3914; baseline 0 -21"><span class='ocrx_word' id='word_1_458' title='bbox 508 3838 565 3893; x_wconf 87' lang='lat' dir='ltr'><strong>in</strong></span> <span class='ocrx_word' id='word_1_459' title='bbox 593 3837 754 3902; x_wconf 78' lang='lat' dir='ltr'><strong>ﬁlios,</strong></span> <span class='ocrx_word' id='word_1_460' title='bbox 794 3835 932 3889; x_wconf 81' lang='lat' dir='ltr'><strong>dixit</strong></span> <span class='ocrx_word' id='word_1_461' title='bbox 966 3848 1185 3903; x_wconf 83' lang='lat' dir='ltr'><strong>quoque</strong></span> <span class='ocrx_word' id='word_1_462' title='bbox 1228 3849 1337 3889; x_wconf 87' lang='lat' dir='ltr'><strong>non</strong></span> <span class='ocrx_word' id='word_1_463' title='bbox 1366 3837 1661 3891; x_wconf 87' lang='lat' dir='ltr'><strong>morituros</strong></span> <span class='ocrx_word' id='word_1_464' title='bbox 1689 3835 1828 3914; x_wconf 83' lang='lat' dir='ltr'><strong>lilios</strong></span> <span class='ocrx_word' id='word_1_465' title='bbox 1859 3852 1958 3907; x_wconf 89' lang='lat' dir='ltr'><strong>pro</strong></span> <span class='ocrx_word' id='word_1_466' title='bbox 1990 3852 2087 3909; x_wconf 90' lang='lat' dir='ltr'><strong>pa-</strong></span> 
     </span>
    </p>
   </div>
   <div class='ocr_carea' id='block_1_70' title="bbox 509 3923 2089 3996">
    <p class='ocr_par' dir='ltr' id='par_1_70' title="bbox 509 3923 2089 3996">
     <span class='ocr_line' id='line_1_70' title="bbox 509 3923 2089 3996; baseline -0.001 -14"><span class='ocrx_word' id='word_1_467' title='bbox 509 3927 706 3982; x_wconf 85' lang='lat' dir='ltr'><strong>tribus.</strong></span> <span class='ocrx_word' id='word_1_468' title='bbox 762 3923 950 3994; x_wconf 88' lang='lat' dir='ltr'><strong>Neque</strong></span> <span class='ocrx_word' id='word_1_469' title='bbox 979 3923 1246 3993; x_wconf 76' lang='lat' dir='ltr'><strong>contingit</strong></span> <span class='ocrx_word' id='word_1_470' title='bbox 1273 3932 1333 3978; x_wconf 91' lang='lat' dir='ltr'><strong>ut</strong></span> <span class='ocrx_word' id='word_1_471' title='bbox 1361 3923 1498 3979; x_wconf 90' lang='lat' dir='ltr'><strong>alter</strong></span> <span class='ocrx_word' id='word_1_472' title='bbox 1533 3939 1633 3994; x_wconf 92' lang='lat' dir='ltr'><strong>pro</strong></span> <span class='ocrx_word' id='word_1_473' title='bbox 1671 3926 1842 3979; x_wconf 90' lang='lat' dir='ltr'><strong>altero</strong></span> <span class='ocrx_word' id='word_1_474' title='bbox 1864 3966 1879 3992; x_wconf 91' lang='lat'><strong>,</strong></span> <span class='ocrx_word' id='word_1_475' title='bbox 1933 3935 2089 3996; x_wconf 85' lang='lat' dir='ltr'><strong>pater</strong></span> 
     </span>
    </p>
   </div>
   <div class='ocr_carea' id='block_1_71' title="bbox 488 4015 1733 4091">
    <p class='ocr_par' dir='ltr' id='par_1_71' title="bbox 488 4015 1733 4091">
     <span class='ocr_line' id='line_1_71' title="bbox 488 4015 1733 4091; baseline -0.002 -17"><span class='ocrx_word' id='word_1_476' title='bbox 488 4033 613 4091; x_wconf 81' lang='lat' dir='ltr'><strong>_pro</strong></span> <span class='ocrx_word' id='word_1_477' title='bbox 644 4017 778 4083; x_wconf 84' lang='lat' dir='ltr'><strong>lilio,</strong></span> <span class='ocrx_word' id='word_1_478' title='bbox 803 4027 857 4073; x_wconf 86' lang='lat' dir='ltr'><strong>et</strong></span> <span class='ocrx_word' id='word_1_479' title='bbox 888 4016 1006 4071; x_wconf 90' lang='lat' dir='ltr'><strong>vice</strong></span> <span class='ocrx_word' id='word_1_480' title='bbox 1031 4030 1210 4083; x_wconf 81' lang='lat' dir='ltr'><strong>versa,</strong></span> <span class='ocrx_word' id='word_1_481' title='bbox 1238 4024 1460 4085; x_wconf 85' lang='lat' dir='ltr'><strong>peccata</strong></span> <span class='ocrx_word' id='word_1_482' title='bbox 1486 4015 1733 4086; x_wconf 87' lang='lat' dir='ltr'><strong>recipiat.</strong></span> 
     </span>
    </p>
   </div>
   <div class='ocr_carea' id='block_1_72' title="bbox 560 4192 2085 4265">
    <p class='ocr_par' dir='ltr' id='par_1_72' title="bbox 560 4192 2085 4265">
     <span class='ocr_line' id='line_1_72' title="bbox 560 4192 2085 4265; baseline 0 -16"><span class='ocrx_word' id='word_1_483' title='bbox 560 4195 778 4250; x_wconf 66' lang='lat' dir='ltr'><strong>Anima</strong></span> <span class='ocrx_word' id='word_1_484' title='bbox 816 4208 940 4265; x_wconf 64' lang='lat' dir='ltr'><strong>qua</strong></span> <span class='ocrx_word' id='word_1_485' title='bbox 985 4192 1273 4259; x_wconf 80' lang='lat' dir='ltr'><strong>peccaverit</strong></span> <span class='ocrx_word' id='word_1_486' title='bbox 1296 4229 1311 4256; x_wconf 93' lang='lat'><strong>,</strong></span> <span class='ocrx_word' id='word_1_487' title='bbox 1364 4193 1483 4261; x_wconf 85' lang='lat' dir='ltr'><strong>ipsa</strong></span> <span class='ocrx_word' id='word_1_488' title='bbox 1522 4193 1778 4247; x_wconf 86' lang='lat' dir='ltr'><strong>morietur</strong></span> <span class='ocrx_word' id='word_1_489' title='bbox 1805 4193 1872 4248; x_wconf 85' lang='lat'><strong>&quot;.</strong></span> <span class='ocrx_word' id='word_1_490' title='bbox 1908 4192 2085 4250; x_wconf 83' lang='lat' dir='ltr'><strong>Morte</strong></span> 
     </span>
    </p>
   </div>
   <div class='ocr_carea' id='block_1_73' title="bbox 511 4278 2086 4358">
    <p class='ocr_par' dir='ltr' id='par_1_73' title="bbox 511 4278 2086 4358">
     <span class='ocr_line' id='line_1_73' title="bbox 511 4278 2086 4358; baseline -0.005 -15"><span class='ocrx_word' id='word_1_491' title='bbox 511 4284 724 4358; x_wconf 86' lang='lat' dir='ltr'><strong>peccati</strong></span> <span class='ocrx_word' id='word_1_492' title='bbox 769 4300 864 4355; x_wconf 91' lang='lat' dir='ltr'><strong>per</strong></span> <span class='ocrx_word' id='word_1_493' title='bbox 898 4282 1268 4355; x_wconf 80' lang='lat' dir='ltr'><strong>privationem</strong></span> <span class='ocrx_word' id='word_1_494' title='bbox 1298 4281 1418 4350; x_wconf 87' lang='lat' dir='ltr'><strong>ejus</strong></span> <span class='ocrx_word' id='word_1_495' title='bbox 1446 4281 1540 4351; x_wconf 88' lang='lat' dir='ltr'><strong>qui</strong></span> <span class='ocrx_word' id='word_1_496' title='bbox 1565 4280 1798 4337; x_wconf 80' lang='lat' dir='ltr'><strong>dicit&quot;:</strong></span> <span class='ocrx_word' id='word_1_497' title='bbox 1826 4278 1939 4350; x_wconf 82' lang='lat' dir='ltr'><strong>Ego</strong></span> <span class='ocrx_word' id='word_1_498' title='bbox 1966 4297 2086 4335; x_wconf 84' lang='lat' dir='ltr'><strong>sum</strong></span> 
     </span>
    </p>
   </div>
   <div class='ocr_carea' id='block_1_74' title="bbox 512 4382 645 4435">
    <p class='ocr_par' dir='ltr' id='par_1_74' title="bbox 512 4382 645 4435">
     <span class='ocr_line' id='line_1_74' title="bbox 512 4382 645 4435; baseline -0.023 0"><span class='ocrx_word' id='word_1_499' title='bbox 512 4382 645 4435; x_wconf 75' lang='lat' dir='ltr'><strong>vita.</strong></span> 
     </span>
    </p>
   </div>
   <div class='ocr_carea' id='block_1_75' title="bbox 2186 3186 3410 3263">
    <p class='ocr_par' dir='ltr' id='par_1_75' title="bbox 2186 3186 3410 3263">
     <span class='ocr_line' id='line_1_75' title="bbox 2186 3186 3410 3263; baseline -0.002 -21"><span class='ocrx_word' id='word_1_500' title='bbox 2186 3189 2377 3263; x_wconf 76' lang='grc' dir='ltr'>πρώτη</span> <span class='ocrx_word' id='word_1_501' title='bbox 2394 3190 2599 3261; x_wconf 79' lang='grc' dir='ltr'>ἡλικίᾳ,</span> <span class='ocrx_word' id='word_1_502' title='bbox 2629 3189 2860 3261; x_wconf 74' lang='grc' dir='ltr'>ὄμφακά</span> <span class='ocrx_word' id='word_1_503' title='bbox 2885 3191 3051 3259; x_wconf 77' lang='grc' dir='ltr'>ἐσμεν</span> <span class='ocrx_word' id='word_1_504' title='bbox 3089 3186 3410 3258; x_wconf 84' lang='grc' dir='ltr'>τρώγοντες.</span> 
     </span>
    </p>
   </div>
   <div class='ocr_carea' id='block_1_76' title="bbox 2261 3278 3771 3350">
    <p class='ocr_par' dir='ltr' id='par_1_76' title="bbox 2261 3278 3771 3350">
     <span class='ocr_line' id='line_1_76' title="bbox 2261 3278 3771 3350; baseline -0.001 -15"><span class='ocrx_word' id='word_1_505' title='bbox 2261 3281 2372 3336; x_wconf 86' lang='grc' dir='ltr'><strong>Τοῦ</strong></span> <span class='ocrx_word' id='word_1_506' title='bbox 2414 3280 2623 3335; x_wconf 83' lang='grc' dir='ltr'>αὑτοῦ.</span> <span class='ocrx_word' id='word_1_507' title='bbox 2664 3280 2882 3350; x_wconf 79' lang='grc' dir='ltr'>Ὀμφαξ</span> <span class='ocrx_word' id='word_1_508' title='bbox 2925 3280 3072 3331; x_wconf 73' lang='grc' dir='ltr'>ἐστὶν</span> <span class='ocrx_word' id='word_1_509' title='bbox 3111 3281 3143 3350; x_wconf 92' lang='grc' dir='ltr'><strong>ή</strong></span> <span class='ocrx_word' id='word_1_510' title='bbox 3189 3278 3460 3350; x_wconf 77' lang='grc' dir='ltr'>ἀμαρτία’</span> <span class='ocrx_word' id='word_1_511' title='bbox 3509 3278 3771 3349; x_wconf 69' lang='grc' dir='ltr'>αίμωδιαο</span> 
     </span>
    </p>
   </div>
   <div class='ocr_carea' id='block_1_77' title="bbox 2187 3365 3770 3443">
    <p class='ocr_par' dir='ltr' id='par_1_77' title="bbox 2187 3365 3770 3443">
     <span class='ocr_line' id='line_1_77' title="bbox 2187 3365 3770 3443; baseline -0.003 -19"><span class='ocrx_word' id='word_1_512' title='bbox 2187 3371 2328 3443; x_wconf 85' lang='grc' dir='ltr'>σμὸς</span> <span class='ocrx_word' id='word_1_513' title='bbox 2353 3372 2387 3441; x_wconf 78' lang='grc' dir='ltr'>ἡ</span> <span class='ocrx_word' id='word_1_514' title='bbox 2423 3372 2481 3424; x_wconf 83' lang='grc' dir='ltr'><strong>ὲν</strong></span> <span class='ocrx_word' id='word_1_515' title='bbox 2509 3373 2575 3442; x_wconf 74' lang='grc' dir='ltr'>τῇ</span> <span class='ocrx_word' id='word_1_516' title='bbox 2598 3370 2844 3441; x_wconf 79' lang='grc' dir='ltr'>ἁμαρτίᾳ</span> <span class='ocrx_word' id='word_1_517' title='bbox 2873 3369 2990 3422; x_wconf 75' lang='grc' dir='ltr'>ἐστὶ</span> <span class='ocrx_word' id='word_1_518' title='bbox 3014 3368 3080 3422; x_wconf 82' lang='grc' dir='ltr'><strong>δι’</strong></span> <span class='ocrx_word' id='word_1_519' title='bbox 3113 3369 3286 3440; x_wconf 78' lang='grc' dir='ltr'>αὐτῆς</span> <span class='ocrx_word' id='word_1_520' title='bbox 3312 3365 3573 3438; x_wconf 84' lang='grc' dir='ltr'>νεκρότης</span> <span class='ocrx_word' id='word_1_521' title='bbox 3591 3368 3770 3423; x_wconf 60' lang='lat' dir='ltr'><strong>&quot;ti-66v-</strong></span> 
     </span>
    </p>
   </div>
   <div class='ocr_carea' id='block_1_78' title="bbox 2188 3460 2972 3532">
    <p class='ocr_par' dir='ltr' id='par_1_78' title="bbox 2188 3460 2972 3532">
     <span class='ocr_line' id='line_1_78' title="bbox 2188 3460 2972 3532; baseline -0.004 -17"><span class='ocrx_word' id='word_1_522' title='bbox 2188 3478 2297 3526; x_wconf 85' lang='grc' dir='ltr'>τες,</span> <span class='ocrx_word' id='word_1_523' title='bbox 2330 3463 2364 3532; x_wconf 86' lang='grc' dir='ltr'><strong>ή</strong></span> <span class='ocrx_word' id='word_1_524' title='bbox 2392 3460 2619 3531; x_wconf 82' lang='grc' dir='ltr'>δύναμις</span> <span class='ocrx_word' id='word_1_525' title='bbox 2643 3460 2744 3531; x_wconf 81' lang='grc' dir='ltr'>τῆς</span> <span class='ocrx_word' id='word_1_526' title='bbox 2772 3460 2972 3530; x_wconf 78' lang='grc' dir='ltr'>ψυχῆς.</span> 
     </span>
    </p>
   </div>
   <div class='ocr_carea' id='block_1_79' title="bbox 2270 3550 3766 3621">
    <p class='ocr_par' dir='ltr' id='par_1_79' title="bbox 2270 3550 3766 3621">
     <span class='ocr_line' id='line_1_79' title="bbox 2270 3550 3766 3621; baseline -0.002 -14"><span class='ocrx_word' id='word_1_527' title='bbox 2270 3554 2413 3607; x_wconf 76' lang='grc' dir='ltr'><strong>Ἐὰν</strong></span> <span class='ocrx_word' id='word_1_528' title='bbox 2456 3551 2696 3621; x_wconf 77' lang='grc' dir='ltr'>γένηται</span> <span class='ocrx_word' id='word_1_529' title='bbox 2742 3552 2835 3606; x_wconf 72' lang='grc' dir='ltr'><strong>ἔτι</strong></span> <span class='ocrx_word' id='word_1_530' title='bbox 2880 3550 3174 3621; x_wconf 71' lang='grc' dir='ltr'>λεγομένη</span> <span class='ocrx_word' id='word_1_531' title='bbox 3230 3551 3270 3620; x_wconf 79' lang='grc' dir='ltr'><strong><em>ἡ</em></strong></span> <span class='ocrx_word' id='word_1_532' title='bbox 3318 3550 3651 3620; x_wconf 72' lang='grc' dir='ltr'>παραϐολή.</span> <span class='ocrx_word' id='word_1_533' title='bbox 3700 3553 3766 3605; x_wconf 77' lang='lat' dir='ltr'><strong>At</strong></span> 
     </span>
    </p>
   </div>
   <div class='ocr_carea' id='block_1_80' title="bbox 2189 3641 3768 3716">
    <p class='ocr_par' dir='ltr' id='par_1_80' title="bbox 2189 3641 3768 3716">
     <span class='ocr_line' id='line_1_80' title="bbox 2189 3641 3768 3716; baseline -0.002 -18"><span class='ocrx_word' id='word_1_534' title='bbox 2189 3643 2496 3716; x_wconf 75' lang='grc' dir='ltr'>παραϐολαὶ</span> <span class='ocrx_word' id='word_1_535' title='bbox 2532 3643 2593 3696; x_wconf 83' lang='grc' dir='ltr'>οὺ</span> <span class='ocrx_word' id='word_1_536' title='bbox 2635 3642 2777 3696; x_wconf 82' lang='grc' dir='ltr'><strong>κατά</strong></span> <span class='ocrx_word' id='word_1_537' title='bbox 2805 3641 2875 3696; x_wconf 89' lang='grc' dir='ltr'><strong>τά</strong></span> <span class='ocrx_word' id='word_1_538' title='bbox 2921 3643 3226 3714; x_wconf 79' lang='grc' dir='ltr'>πράγματα</span> <span class='ocrx_word' id='word_1_539' title='bbox 3280 3642 3589 3709; x_wconf 82' lang='grc' dir='ltr'>ἀκούονται,</span> <span class='ocrx_word' id='word_1_540' title='bbox 3633 3642 3768 3696; x_wconf 82' lang='grc' dir='ltr'><strong>ἀλλά</strong></span> 
     </span>
    </p>
   </div>
   <div class='ocr_carea' id='block_1_81' title="bbox 2189 3733 3771 3806">
    <p class='ocr_par' dir='ltr' id='par_1_81' title="bbox 2189 3733 3771 3806">
     <span class='ocr_line' id='line_1_81' title="bbox 2189 3733 3771 3806; baseline -0.005 -13"><span class='ocrx_word' id='word_1_541' title='bbox 2189 3736 2333 3793; x_wconf 83' lang='grc' dir='ltr'><strong>κατά</strong></span> <span class='ocrx_word' id='word_1_542' title='bbox 2355 3734 2665 3806; x_wconf 86' lang='grc' dir='ltr'>ἀναγωγήν.</span> <span class='ocrx_word' id='word_1_543' title='bbox 2713 3734 2772 3787; x_wconf 84' lang='lat'>&#39;0</span> <span class='ocrx_word' id='word_1_544' title='bbox 2802 3733 2971 3787; x_wconf 80' lang='grc' dir='ltr'>εἰπὼν</span> <span class='ocrx_word' id='word_1_545' title='bbox 3000 3734 3185 3804; x_wconf 84' lang='grc' dir='ltr'>νόμος,</span> <span class='ocrx_word' id='word_1_546' title='bbox 3219 3733 3562 3788; x_wconf 85' lang='grc' dir='ltr'>ἀποδίδοσθαι</span> <span class='ocrx_word' id='word_1_547' title='bbox 3593 3735 3771 3805; x_wconf 84' lang='grc' dir='ltr'>ἀμαρ-</span> 
     </span>
    </p>
   </div>
   <div class='ocr_carea' id='block_1_82' title="bbox 2188 3821 3773 3900">
    <p class='ocr_par' dir='ltr' id='par_1_82' title="bbox 2188 3821 3773 3900">
     <span class='ocr_line' id='line_1_82' title="bbox 2188 3821 3773 3900; baseline -0.004 -15"><span class='ocrx_word' id='word_1_548' title='bbox 2188 3831 2312 3894; x_wconf 87' lang='grc' dir='ltr'>τίας</span> <span class='ocrx_word' id='word_1_549' title='bbox 2342 3829 2593 3900; x_wconf 76' lang='grc' dir='ltr'>πατέρων</span> <span class='ocrx_word' id='word_1_550' title='bbox 2623 3827 2717 3881; x_wconf 74' lang='grc' dir='ltr'><strong>ἐπὶ</strong></span> <span class='ocrx_word' id='word_1_551' title='bbox 2760 3828 2945 3893; x_wconf 80' lang='grc' dir='ltr'>τέκνα,</span> <span class='ocrx_word' id='word_1_552' title='bbox 2980 3821 3156 3889; x_wconf 74' lang='grc' dir='ltr'>εἶπεν,</span> <span class='ocrx_word' id='word_1_553' title='bbox 3187 3827 3271 3880; x_wconf 84' lang='grc' dir='ltr'>ὅτι</span> <span class='ocrx_word' id='word_1_554' title='bbox 3310 3825 3411 3880; x_wconf 74' lang='grc' dir='ltr'>οὐκ</span> <span class='ocrx_word' id='word_1_555' title='bbox 3446 3826 3773 3880; x_wconf 82' lang='grc' dir='ltr'>ἀποθανοῦν-</span> 
     </span>
    </p>
   </div>
   <div class='ocr_carea' id='block_1_83' title="bbox 2189 3916 3773 3991">
    <p class='ocr_par' dir='ltr' id='par_1_83' title="bbox 2189 3916 3773 3991">
     <span class='ocr_line' id='line_1_83' title="bbox 2189 3916 3773 3991; baseline -0.002 -17"><span class='ocrx_word' id='word_1_556' title='bbox 2189 3938 2280 3976; x_wconf 84' lang='grc' dir='ltr'><strong>ται</strong></span> <span class='ocrx_word' id='word_1_557' title='bbox 2327 3922 2434 3975; x_wconf 68' lang='grc' dir='ltr'>υἱοὶ</span> <span class='ocrx_word' id='word_1_558' title='bbox 2477 3920 2618 3991; x_wconf 81' lang='grc' dir='ltr'>ὑπὲρ</span> <span class='ocrx_word' id='word_1_559' title='bbox 2642 3918 2923 3991; x_wconf 82' lang='grc' dir='ltr'>πατέρων.</span> <span class='ocrx_word' id='word_1_560' title='bbox 2966 3918 3081 3972; x_wconf 81' lang='grc' dir='ltr'>Οὐκ</span> <span class='ocrx_word' id='word_1_561' title='bbox 3129 3916 3244 3971; x_wconf 75' lang='grc' dir='ltr'>ἔστι</span> <span class='ocrx_word' id='word_1_562' title='bbox 3282 3917 3394 3988; x_wconf 86' lang='grc' dir='ltr'><strong>γάρ</strong></span> <span class='ocrx_word' id='word_1_563' title='bbox 3427 3917 3586 3972; x_wconf 82' lang='grc' dir='ltr'>ἀλλον</span> <span class='ocrx_word' id='word_1_564' title='bbox 3632 3918 3773 3991; x_wconf 78' lang='grc' dir='ltr'>ὑπὲρ</span> 
     </span>
    </p>
   </div>
   <div class='ocr_carea' id='block_1_84' title="bbox 2191 4006 3775 4083">
    <p class='ocr_par' dir='ltr' id='par_1_84' title="bbox 2191 4006 3775 4083">
     <span class='ocr_line' id='line_1_84' title="bbox 2191 4006 3775 4083; baseline -0.003 -15"><span class='ocrx_word' id='word_1_565' title='bbox 2191 4013 2376 4078; x_wconf 76' lang='grc' dir='ltr'>ἄλλου,</span> <span class='ocrx_word' id='word_1_566' title='bbox 2417 4012 2629 4083; x_wconf 81' lang='grc' dir='ltr'>πατέρα</span> <span class='ocrx_word' id='word_1_567' title='bbox 2674 4011 2815 4083; x_wconf 79' lang='grc' dir='ltr'>ὑπὲρ</span> <span class='ocrx_word' id='word_1_568' title='bbox 2861 4006 3001 4075; x_wconf 75' lang='grc' dir='ltr'>υίοῦ,</span> <span class='ocrx_word' id='word_1_569' title='bbox 3052 4010 3086 4081; x_wconf 79' lang='grc' dir='ltr'>ἢ</span> <span class='ocrx_word' id='word_1_570' title='bbox 3137 4009 3427 4074; x_wconf 78' lang='grc' dir='ltr'>ἀνάπαλιν..</span> <span class='ocrx_word' id='word_1_571' title='bbox 3479 4009 3775 4065; x_wconf 72' lang='grc' dir='ltr'>ἀπολαϐεῖν</span> 
     </span>
    </p>
   </div>
   <div class='ocr_carea' id='block_1_85' title="bbox 2191 4102 2487 4175">
    <p class='ocr_par' dir='ltr' id='par_1_85' title="bbox 2191 4102 2487 4175">
     <span class='ocr_line' id='line_1_85' title="bbox 2191 4102 2487 4175; baseline -0.007 -17"><span class='ocrx_word' id='word_1_572' title='bbox 2191 4102 2487 4175; x_wconf 81' lang='grc' dir='ltr'>ἁμαρτίας.</span> 
     </span>
    </p>
   </div>
   <div class='ocr_carea' id='block_1_86' title="bbox 2272 4190 3770 4263">
    <p class='ocr_par' dir='ltr' id='par_1_86' title="bbox 2272 4190 3770 4263">
     <span class='ocr_line' id='line_1_86' title="bbox 2272 4190 3770 4263; baseline -0.003 -15"><span class='ocrx_word' id='word_1_573' title='bbox 2272 4195 2348 4248; x_wconf 86' lang='grc' dir='ltr'><strong>Ἦ</strong></span> <span class='ocrx_word' id='word_1_574' title='bbox 2386 4193 2560 4263; x_wconf 72' lang='grc' dir='ltr'><strong><em>ψυχὴ</em></strong></span> <span class='ocrx_word' id='word_1_575' title='bbox 2594 4195 2633 4261; x_wconf 74' lang='grc' dir='ltr'>ἡ</span> <span class='ocrx_word' id='word_1_576' title='bbox 2676 4190 3124 4262; x_wconf 77' lang='grc' dir='ltr'>ἁμαρτάνουσα,</span> <span class='ocrx_word' id='word_1_577' title='bbox 3171 4190 3325 4261; x_wconf 76' lang='grc' dir='ltr'>αὐτὴ</span> <span class='ocrx_word' id='word_1_578' title='bbox 3370 4190 3770 4247; x_wconf 52' lang='lat' dir='ltr'><strong>ducam-sitat.</strong></span> 
     </span>
    </p>
   </div>
   <div class='ocr_carea' id='block_1_87' title="bbox 2193 4281 3773 4357">
    <p class='ocr_par' dir='ltr' id='par_1_87' title="bbox 2193 4281 3773 4357">
     <span class='ocr_line' id='line_1_87' title="bbox 2193 4281 3773 4357; baseline -0.001 -17"><span class='ocrx_word' id='word_1_579' title='bbox 2193 4285 2393 4356; x_wconf 83' lang='grc' dir='ltr'><strong>Θνῆσιν</strong></span> <span class='ocrx_word' id='word_1_580' title='bbox 2432 4286 2529 4357; x_wconf 81' lang='grc' dir='ltr'>τῆς</span> <span class='ocrx_word' id='word_1_581' title='bbox 2562 4285 2857 4356; x_wconf 70' lang='grc' dir='ltr'>ἁμαρτίας,</span> <span class='ocrx_word' id='word_1_582' title='bbox 2891 4281 3035 4337; x_wconf 86' lang='grc' dir='ltr'><strong>κατά</strong></span> <span class='ocrx_word' id='word_1_583' title='bbox 3072 4282 3330 4356; x_wconf 77' lang='grc' dir='ltr'>στέρησιν</span> <span class='ocrx_word' id='word_1_584' title='bbox 3361 4281 3455 4337; x_wconf 81' lang='grc' dir='ltr'>τοῦ</span> <span class='ocrx_word' id='word_1_585' title='bbox 3498 4284 3773 4348; x_wconf 81' lang='grc' dir='ltr'>είπόντος·</span> 
     </span>
    </p>
   </div>
   <div class='ocr_carea' id='block_1_88' title="bbox 2207 4374 2732 4450">
    <p class='ocr_par' dir='ltr' id='par_1_88' title="bbox 2207 4374 2732 4450">
     <span class='ocr_line' id='line_1_88' title="bbox 2207 4374 2732 4450; baseline -0.01 1"><span class='ocrx_word' id='word_1_586' title='bbox 2207 4379 2355 4450; x_wconf 70' lang='grc' dir='ltr'><strong>Ἐγώ</strong></span> <span class='ocrx_word' id='word_1_587' title='bbox 2385 4379 2503 4448; x_wconf 75' lang='grc' dir='ltr'><strong>ειμι</strong></span> <span class='ocrx_word' id='word_1_588' title='bbox 2533 4378 2572 4445; x_wconf 79' lang='grc' dir='ltr'><em>ἠ</em></span> <span class='ocrx_word' id='word_1_589' title='bbox 2598 4374 2732 4446; x_wconf 64' lang='lat' dir='ltr'><strong>fmi-</strong></span> 
     </span>
    </p>
   </div>
   <div class='ocr_carea' id='block_1_89' title="bbox 592 4460 2080 4540">
    <p class='ocr_par' dir='ltr' id='par_1_89' title="bbox 592 4462 2080 4538">
     <span class='ocr_line' id='line_1_89' title="bbox 592 4462 2080 4538; baseline -0.003 -14"><span class='ocrx_word' id='word_1_590' title='bbox 592 4470 828 4524; x_wconf 77' lang='lat' dir='ltr'><strong>Homosi</strong></span> <span class='ocrx_word' id='word_1_591' title='bbox 851 4468 1013 4538; x_wconf 80' lang='lat' dir='ltr'><strong>fuerit</strong></span> <span class='ocrx_word' id='word_1_592' title='bbox 1023 4466 1210 4535; x_wconf 80' lang='lat' dir='ltr'><strong>justus</strong></span> <span class='ocrx_word' id='word_1_593' title='bbox 1225 4466 1293 4521; x_wconf 74' lang='grc'><strong>⁷³.</strong></span> <span class='ocrx_word' id='word_1_594' title='bbox 1318 4462 1508 4520; x_wconf 74' lang='lat' dir='ltr'><strong>Justus</strong></span> <span class='ocrx_word' id='word_1_595' title='bbox 1529 4472 1615 4521; x_wconf 89' lang='lat' dir='ltr'><strong>est</strong></span> <span class='ocrx_word' id='word_1_596' title='bbox 1635 4462 1804 4519; x_wconf 87' lang='lat' dir='ltr'><strong>homo</strong></span> <span class='ocrx_word' id='word_1_597' title='bbox 1826 4465 1923 4533; x_wconf 87' lang='lat' dir='ltr'><strong>qui</strong></span> <span class='ocrx_word' id='word_1_598' title='bbox 1953 4463 2080 4519; x_wconf 80' lang='lat' dir='ltr'><strong>facit</strong></span> 
     </span>
    </p>
   </div>
   <div class='ocr_carea' id='block_1_90' title="bbox 2179 4460 3775 4540">
    <p class='ocr_par' dir='ltr' id='par_1_90' title="bbox 2269 4468 3775 4540">
     <span class='ocr_line' id='line_1_90' title="bbox 2269 4468 3775 4540; baseline -0.003 -13"><span class='ocrx_word' id='word_1_599' title='bbox 2269 4475 2605 4540; x_wconf 79' lang='grc' dir='ltr'>Ἄνθρωπος</span> <span class='ocrx_word' id='word_1_600' title='bbox 2653 4468 2722 4536; x_wconf 84' lang='grc' dir='ltr'>ὃς</span> <span class='ocrx_word' id='word_1_601' title='bbox 2764 4470 2935 4524; x_wconf 71' lang='grc' dir='ltr'><em>ἔσται</em></span> <span class='ocrx_word' id='word_1_602' title='bbox 2986 4468 3239 4536; x_wconf 81' lang='grc' dir='ltr'>δίκαιος.</span> <span class='ocrx_word' id='word_1_603' title='bbox 3293 4468 3615 4539; x_wconf 75' lang='grc' dir='ltr'>’Ἄνθρωπός</span> <span class='ocrx_word' id='word_1_604' title='bbox 3660 4471 3775 4522; x_wconf 81' lang='grc' dir='ltr'>ἐστι</span> 
     </span>
    </p>
   </div>
   <div class='ocr_carea' id='block_1_91' title="bbox 511 4556 2084 4633">
    <p class='ocr_par' dir='ltr' id='par_1_91' title="bbox 511 4556 2084 4633">
     <span class='ocr_line' id='line_1_91' title="bbox 511 4556 2084 4633; baseline -0.002 -17"><span class='ocrx_word' id='word_1_605' title='bbox 511 4563 800 4633; x_wconf 85' lang='lat' dir='ltr'><strong>judicium,</strong></span> <span class='ocrx_word' id='word_1_606' title='bbox 849 4575 951 4615; x_wconf 92' lang='lat' dir='ltr'><strong>nec</strong></span> <span class='ocrx_word' id='word_1_607' title='bbox 994 4558 1294 4629; x_wconf 89' lang='lat' dir='ltr'><strong>quidquam</strong></span> <span class='ocrx_word' id='word_1_608' title='bbox 1343 4558 1463 4612; x_wconf 86' lang='lat' dir='ltr'><strong>sine</strong></span> <span class='ocrx_word' id='word_1_609' title='bbox 1509 4556 1719 4626; x_wconf 89' lang='lat' dir='ltr'><strong>judicio</strong></span> <span class='ocrx_word' id='word_1_610' title='bbox 1774 4557 1935 4624; x_wconf 74' lang='lat' dir='ltr'><strong>facit,</strong></span> <span class='ocrx_word' id='word_1_611' title='bbox 1986 4559 2084 4615; x_wconf 89' lang='lat' dir='ltr'><strong>sed</strong></span> 
     </span>
    </p>
   </div>
   <div class='ocr_carea' id='block_1_92' title="bbox 513 4649 1513 4721">
    <p class='ocr_par' dir='ltr' id='par_1_92' title="bbox 513 4649 1513 4721">
     <span class='ocr_line' id='line_1_92' title="bbox 513 4649 1513 4721; baseline -0.005 -12"><span class='ocrx_word' id='word_1_612' title='bbox 513 4654 697 4709; x_wconf 86' lang='lat' dir='ltr'><strong>omnia</strong></span> <span class='ocrx_word' id='word_1_613' title='bbox 724 4667 847 4707; x_wconf 88' lang='lat' dir='ltr'><strong>cum</strong></span> <span class='ocrx_word' id='word_1_614' title='bbox 878 4649 1087 4721; x_wconf 88' lang='lat' dir='ltr'><strong>judicio</strong></span> <span class='ocrx_word' id='word_1_615' title='bbox 1115 4658 1169 4704; x_wconf 90' lang='lat' dir='ltr'><strong>et</strong></span> <span class='ocrx_word' id='word_1_616' title='bbox 1198 4649 1253 4703; x_wconf 91' lang='lat' dir='ltr'><strong>in</strong></span> <span class='ocrx_word' id='word_1_617' title='bbox 1281 4649 1513 4718; x_wconf 69' lang='lat' dir='ltr'><strong>iustitia.</strong></span> 
     </span>
    </p>
   </div>
   <div class='ocr_carea' id='block_1_93' title="bbox 585 4739 2085 4817">
    <p class='ocr_par' dir='ltr' id='par_1_93' title="bbox 585 4739 2085 4817">
     <span class='ocr_line' id='line_1_93' title="bbox 585 4739 2085 4817; baseline -0.003 -16"><span class='ocrx_word' id='word_1_618' title='bbox 585 4746 756 4817; x_wconf 82' lang='lat' dir='ltr'><strong>Super</strong></span> <span class='ocrx_word' id='word_1_619' title='bbox 784 4754 984 4799; x_wconf 83' lang='lat' dir='ltr'><strong>montes</strong></span> <span class='ocrx_word' id='word_1_620' title='bbox 1021 4758 1125 4797; x_wconf 77' lang='lat' dir='ltr'><strong>non</strong></span> <span class='ocrx_word' id='word_1_621' title='bbox 1145 4742 1509 4796; x_wconf 80' lang='lat' dir='ltr'><strong>comederit&quot;.</strong></span> <span class='ocrx_word' id='word_1_622' title='bbox 1544 4739 1739 4798; x_wconf 81' lang='lat' dir='ltr'><strong>Escam</strong></span> <span class='ocrx_word' id='word_1_623' title='bbox 1775 4742 1920 4797; x_wconf 89' lang='lat' dir='ltr'><strong>illam</strong></span> <span class='ocrx_word' id='word_1_624' title='bbox 1957 4741 2085 4796; x_wconf 89' lang='lat' dir='ltr'><strong>alti-</strong></span> 
     </span>
    </p>
   </div>
   <div class='ocr_carea' id='block_1_94' title="bbox 514 4832 2079 4898">
    <p class='ocr_par' dir='ltr' id='par_1_94' title="bbox 514 4832 2079 4898">
     <span class='ocr_line' id='line_1_94' title="bbox 514 4832 2079 4898; baseline -0.006 -1"><span class='ocrx_word' id='word_1_625' title='bbox 514 4842 764 4898; x_wconf 90' lang='lat' dir='ltr'><strong>tudinum</strong></span> <span class='ocrx_word' id='word_1_626' title='bbox 809 4835 1184 4894; x_wconf 76' lang='lat' dir='ltr'><strong>extollentium</strong></span> <span class='ocrx_word' id='word_1_627' title='bbox 1232 4847 1293 4889; x_wconf 80' lang='lat' dir='ltr'><strong>se</strong></span> <span class='ocrx_word' id='word_1_628' title='bbox 1325 4834 1591 4889; x_wconf 83' lang='lat' dir='ltr'><strong>adversus</strong></span> <span class='ocrx_word' id='word_1_629' title='bbox 1629 4833 1916 4889; x_wconf 80' lang='lat' dir='ltr'><strong>scientiam</strong></span> <span class='ocrx_word' id='word_1_630' title='bbox 1962 4832 2079 4888; x_wconf 90' lang='lat' dir='ltr'><strong>Dei.</strong></span> 
     </span>
    </p>
   </div>
   <div class='ocr_carea' id='block_1_95' title="bbox 514 4924 2084 4996">
    <p class='ocr_par' dir='ltr' id='par_1_95' title="bbox 514 4924 2084 4996">
     <span class='ocr_line' id='line_1_95' title="bbox 514 4924 2084 4996; baseline -0.006 -9"><span class='ocrx_word' id='word_1_631' title='bbox 514 4932 657 4987; x_wconf 88' lang='lat' dir='ltr'><strong>Sunt</strong></span> <span class='ocrx_word' id='word_1_632' title='bbox 685 4944 813 4985; x_wconf 81' lang='lat' dir='ltr'><strong>vero</strong></span> <span class='ocrx_word' id='word_1_633' title='bbox 853 4935 1070 4984; x_wconf 86' lang='lat' dir='ltr'><strong>montes</strong></span> <span class='ocrx_word' id='word_1_634' title='bbox 1118 4924 1414 4996; x_wconf 85' lang='lat' dir='ltr'><strong>spiritales,</strong></span> <span class='ocrx_word' id='word_1_635' title='bbox 1446 4940 1513 4981; x_wconf 77' lang='lat' dir='ltr'><strong>ex</strong></span> <span class='ocrx_word' id='word_1_636' title='bbox 1554 4924 1785 4980; x_wconf 85' lang='lat' dir='ltr'><strong>adverso</strong></span> <span class='ocrx_word' id='word_1_637' title='bbox 1827 4924 2084 4992; x_wconf 86' lang='lat' dir='ltr'><strong>ordinati,</strong></span> 
     </span>
    </p>
   </div>
   <div class='ocr_carea' id='block_1_96' title="bbox 514 5023 1024 5095">
    <p class='ocr_par' dir='ltr' id='par_1_96' title="bbox 514 5023 1024 5095">
     <span class='ocr_line' id='line_1_96' title="bbox 514 5023 1024 5095; baseline -0.008 -18"><span class='ocrx_word' id='word_1_638' title='bbox 514 5025 608 5095; x_wconf 89' lang='lat' dir='ltr'><strong>qui</strong></span> <span class='ocrx_word' id='word_1_639' title='bbox 636 5024 752 5077; x_wconf 63' lang='lat' dir='ltr'><strong>haec</strong></span> <span class='ocrx_word' id='word_1_640' title='bbox 776 5023 1024 5092; x_wconf 73' lang='lat' dir='ltr'><strong>gignunt.</strong></span> 
     </span>
    </p>
   </div>
   <div class='ocr_carea' id='block_1_97' title="bbox 587 5108 2085 5168">
    <p class='ocr_par' dir='ltr' id='par_1_97' title="bbox 587 5108 2085 5168">
     <span class='ocr_line' id='line_1_97' title="bbox 587 5108 2085 5168; baseline -0.003 0"><span class='ocrx_word' id='word_1_641' title='bbox 587 5114 667 5168; x_wconf 81' lang='lat' dir='ltr'><strong>Ad</strong></span> <span class='ocrx_word' id='word_1_642' title='bbox 716 5114 862 5168; x_wconf 80' lang='lat' dir='ltr'><strong>idola</strong></span> <span class='ocrx_word' id='word_1_643' title='bbox 912 5113 1101 5166; x_wconf 87' lang='lat' dir='ltr'><strong>domus</strong></span> <span class='ocrx_word' id='word_1_644' title='bbox 1149 5110 1322 5165; x_wconf 81' lang='lat' dir='ltr'><strong>Israel</strong></span> <span class='ocrx_word' id='word_1_645' title='bbox 1354 5110 1419 5163; x_wconf 77' lang='lat'><strong>&quot;.</strong></span> <span class='ocrx_word' id='word_1_646' title='bbox 1453 5109 1765 5164; x_wconf 88' lang='lat' dir='ltr'><strong>Secundum</strong></span> <span class='ocrx_word' id='word_1_647' title='bbox 1809 5108 2085 5164; x_wconf 88' lang='lat' dir='ltr'><strong>notionem</strong></span> 
     </span>
    </p>
   </div>
   <div class='ocr_carea' id='block_1_98' title="bbox 514 5203 1185 5264">
    <p class='ocr_par' dir='ltr' id='par_1_98' title="bbox 514 5203 1185 5264">
     <span class='ocr_line' id='line_1_98' title="bbox 514 5203 1185 5264; baseline -0.012 1"><span class='ocrx_word' id='word_1_648' title='bbox 514 5209 808 5264; x_wconf 82' lang='lat' dir='ltr'><strong>ail&#39;ertuum</strong></span> <span class='ocrx_word' id='word_1_649' title='bbox 832 5213 990 5261; x_wconf 87' lang='lat' dir='ltr'><strong>vocat</strong></span> <span class='ocrx_word' id='word_1_650' title='bbox 1016 5203 1185 5258; x_wconf 87' lang='lat' dir='ltr'><strong>idola.</strong></span> 
     </span>
    </p>
   </div>
   <div class='ocr_carea' id='block_1_99' title="bbox 586 5290 2091 5361">
    <p class='ocr_par' dir='ltr' id='par_1_99' title="bbox 586 5290 2091 5361">
     <span class='ocr_line' id='line_1_99' title="bbox 586 5290 2091 5361; baseline -0.005 -9"><span class='ocrx_word' id='word_1_651' title='bbox 586 5299 667 5352; x_wconf 79' lang='lat' dir='ltr'><strong>Ad</strong></span> <span class='ocrx_word' id='word_1_652' title='bbox 689 5296 960 5350; x_wconf 88' lang='lat' dir='ltr'><strong>mulierem</strong></span> <span class='ocrx_word' id='word_1_653' title='bbox 976 5300 1361 5348; x_wconf 76' lang='lat' dir='ltr'><strong>menstruatam</strong></span> <span class='ocrx_word' id='word_1_654' title='bbox 1377 5293 1443 5346; x_wconf 81' lang='grc'><strong>⁷⁸.</strong></span> <span class='ocrx_word' id='word_1_655' title='bbox 1464 5290 1666 5346; x_wconf 87' lang='lat' dir='ltr'><strong>Diebus</strong></span> <span class='ocrx_word' id='word_1_656' title='bbox 1682 5290 1885 5361; x_wconf 81' lang='lat' dir='ltr'><strong>quibus</strong></span> <span class='ocrx_word' id='word_1_657' title='bbox 1903 5305 2091 5345; x_wconf 84' lang='lat' dir='ltr'><strong>emun-</strong></span> 
     </span>
    </p>
   </div>
   <div class='ocr_carea' id='block_1_100' title="bbox 514 5381 2092 5457">
    <p class='ocr_par' dir='ltr' id='par_1_100' title="bbox 514 5381 2092 5457">
     <span class='ocr_line' id='line_1_100' title="bbox 514 5381 2092 5457; baseline -0.004 -14"><span class='ocrx_word' id='word_1_658' title='bbox 514 5390 696 5443; x_wconf 80' lang='lat' dir='ltr'><strong>datur.</strong></span> <span class='ocrx_word' id='word_1_659' title='bbox 724 5385 859 5442; x_wconf 84' lang='lat' dir='ltr'><strong>liinc</strong></span> <span class='ocrx_word' id='word_1_660' title='bbox 886 5384 1145 5457; x_wconf 87' lang='lat' dir='ltr'><strong>paulatim</strong></span> <span class='ocrx_word' id='word_1_661' title='bbox 1171 5381 1237 5437; x_wconf 89' lang='lat' dir='ltr'><strong>ad</strong></span> <span class='ocrx_word' id='word_1_662' title='bbox 1268 5397 1539 5437; x_wconf 82' lang='lat' dir='ltr'><strong>summam</strong></span> <span class='ocrx_word' id='word_1_663' title='bbox 1565 5381 1870 5437; x_wconf 88' lang='lat' dir='ltr'><strong>castitatem</strong></span> <span class='ocrx_word' id='word_1_664' title='bbox 1900 5396 2092 5437; x_wconf 88' lang='lat' dir='ltr'><strong>assue-</strong></span> 
     </span>
    </p>
   </div>
   <div class='ocr_carea' id='block_1_101' title="bbox 515 5479 668 5535">
    <p class='ocr_par' dir='ltr' id='par_1_101' title="bbox 515 5479 668 5535">
     <span class='ocr_line' id='line_1_101' title="bbox 515 5479 668 5535; baseline -0.007 0"><span class='ocrx_word' id='word_1_665' title='bbox 515 5479 668 5535; x_wconf 83' lang='lat' dir='ltr'><strong>facit.</strong></span> 
     </span>
    </p>
   </div>
   <div class='ocr_carea' id='block_1_102' title="bbox 2192 4558 3773 4632">
    <p class='ocr_par' dir='ltr' id='par_1_102' title="bbox 2192 4558 3773 4632">
     <span class='ocr_line' id='line_1_102' title="bbox 2192 4558 3773 4632; baseline -0.005 -14"><span class='ocrx_word' id='word_1_666' title='bbox 2192 4564 2400 4627; x_wconf 86' lang='grc' dir='ltr'>δίκαιος</span> <span class='ocrx_word' id='word_1_667' title='bbox 2443 4561 2613 4615; x_wconf 84' lang='grc' dir='ltr'>ποιῶν</span> <span class='ocrx_word' id='word_1_668' title='bbox 2646 4560 2845 4632; x_wconf 85' lang='grc' dir='ltr'>κρίμα,</span> <span class='ocrx_word' id='word_1_669' title='bbox 2878 4561 2907 4613; x_wconf 83' lang='grc' dir='ltr'>ὁ</span> <span class='ocrx_word' id='word_1_670' title='bbox 2951 4559 3117 4632; x_wconf 79' lang='grc' dir='ltr'>μηδὲν</span> <span class='ocrx_word' id='word_1_671' title='bbox 3144 4558 3383 4631; x_wconf 83' lang='grc' dir='ltr'>ἀκρίτως</span> <span class='ocrx_word' id='word_1_672' title='bbox 3416 4559 3606 4626; x_wconf 86' lang='grc' dir='ltr'>ποιῶν,</span> <span class='ocrx_word' id='word_1_673' title='bbox 3639 4558 3773 4612; x_wconf 85' lang='grc' dir='ltr'><strong>ἀλλά</strong></span> 
     </span>
    </p>
   </div>
   <div class='ocr_carea' id='block_1_103' title="bbox 2196 4647 2988 4724">
    <p class='ocr_par' dir='ltr' id='par_1_103' title="bbox 2196 4647 2988 4724">
     <span class='ocr_line' id='line_1_103' title="bbox 2196 4647 2988 4724; baseline -0.006 -18"><span class='ocrx_word' id='word_1_674' title='bbox 2196 4651 2534 4724; x_wconf 82' lang='grc' dir='ltr'>κεκριμένως</span> <span class='ocrx_word' id='word_1_675' title='bbox 2566 4651 2624 4704; x_wconf 77' lang='grc' dir='ltr'><strong>ὲν</strong></span> <span class='ocrx_word' id='word_1_676' title='bbox 2656 4647 2988 4722; x_wconf 82' lang='grc' dir='ltr'>δικαιοσύνῃ.</span> 
     </span>
    </p>
   </div>
   <div class='ocr_carea' id='block_1_104' title="bbox 2278 4735 3772 4810">
    <p class='ocr_par' dir='ltr' id='par_1_104' title="bbox 2278 4735 3772 4810">
     <span class='ocr_line' id='line_1_104' title="bbox 2278 4735 3772 4810; baseline -0.006 -15"><span class='ocrx_word' id='word_1_677' title='bbox 2278 4739 2410 4795; x_wconf 75' lang='grc' dir='ltr'><strong>Ἐπὶ</strong></span> <span class='ocrx_word' id='word_1_678' title='bbox 2436 4739 2554 4793; x_wconf 76' lang='grc' dir='ltr'>τῶν</span> <span class='ocrx_word' id='word_1_679' title='bbox 2582 4738 2767 4808; x_wconf 79' lang='grc' dir='ltr'>ὀρέων</span> <span class='ocrx_word' id='word_1_680' title='bbox 2797 4740 2870 4794; x_wconf 82' lang='grc' dir='ltr'><strong>οὐ</strong></span> <span class='ocrx_word' id='word_1_681' title='bbox 2896 4738 3166 4810; x_wconf 67' lang='grc' dir='ltr'>φάγεται.</span> <span class='ocrx_word' id='word_1_682' title='bbox 3193 4737 3302 4808; x_wconf 83' lang='grc' dir='ltr'><strong>Τὴν</strong></span> <span class='ocrx_word' id='word_1_683' title='bbox 3331 4735 3531 4807; x_wconf 84' lang='grc' dir='ltr'>βρῶσιν</span> <span class='ocrx_word' id='word_1_684' title='bbox 3557 4736 3772 4805; x_wconf 79' lang='grc' dir='ltr'>ἐκείνην</span> 
     </span>
    </p>
   </div>
   <div class='ocr_carea' id='block_1_105' title="bbox 2194 4825 3774 4907">
    <p class='ocr_par' dir='ltr' id='par_1_105' title="bbox 2194 4825 3774 4907">
     <span class='ocr_line' id='line_1_105' title="bbox 2194 4825 3774 4907; baseline -0.006 -20"><span class='ocrx_word' id='word_1_685' title='bbox 2194 4832 2292 4907; x_wconf 78' lang='grc' dir='ltr'><strong>τήν</strong></span> <span class='ocrx_word' id='word_1_686' title='bbox 2319 4832 2428 4886; x_wconf 87' lang='grc' dir='ltr'><strong>τῶν</strong></span> <span class='ocrx_word' id='word_1_687' title='bbox 2455 4831 2787 4903; x_wconf 78' lang='grc' dir='ltr'>ὐψωμάτων,</span> <span class='ocrx_word' id='word_1_688' title='bbox 2812 4831 2922 4888; x_wconf 81' lang='grc' dir='ltr'><strong>τῶν</strong></span> <span class='ocrx_word' id='word_1_689' title='bbox 2946 4830 3317 4903; x_wconf 74' lang='grc' dir='ltr'>ἐπαιρομένων</span> <span class='ocrx_word' id='word_1_690' title='bbox 3339 4828 3480 4881; x_wconf 83' lang='grc' dir='ltr'><strong>κατά</strong></span> <span class='ocrx_word' id='word_1_691' title='bbox 3506 4827 3605 4897; x_wconf 78' lang='grc' dir='ltr'>τῆς</span> <span class='ocrx_word' id='word_1_692' title='bbox 3635 4825 3774 4895; x_wconf 81' lang='grc' dir='ltr'>γνώ-</span> 
     </span>
    </p>
   </div>
   <div class='ocr_carea' id='block_1_106' title="bbox 2197 4917 3775 4997">
    <p class='ocr_par' dir='ltr' id='par_1_106' title="bbox 2197 4917 3775 4997">
     <span class='ocr_line' id='line_1_106' title="bbox 2197 4917 3775 4997; baseline -0.004 -18"><span class='ocrx_word' id='word_1_693' title='bbox 2197 4943 2334 4990; x_wconf 85' lang='grc' dir='ltr'>σεως</span> <span class='ocrx_word' id='word_1_694' title='bbox 2355 4925 2447 4981; x_wconf 80' lang='grc' dir='ltr'><strong>τοῦ</strong></span> <span class='ocrx_word' id='word_1_695' title='bbox 2466 4924 2624 4978; x_wconf 82' lang='grc' dir='ltr'>Θεοῦ.</span> <span class='ocrx_word' id='word_1_696' title='bbox 2654 4926 2796 4997; x_wconf 82' lang='grc' dir='ltr'><strong>Ὀρη</strong></span> <span class='ocrx_word' id='word_1_697' title='bbox 2818 4925 2877 4979; x_wconf 81' lang='grc' dir='ltr'><strong>δέ</strong></span> <span class='ocrx_word' id='word_1_698' title='bbox 2903 4927 3019 4979; x_wconf 73' lang='grc' dir='ltr'>ἐστι</span> <span class='ocrx_word' id='word_1_699' title='bbox 3039 4921 3224 4991; x_wconf 84' lang='grc' dir='ltr'>νοητὰ,</span> <span class='ocrx_word' id='word_1_700' title='bbox 3248 4920 3554 4989; x_wconf 81' lang='grc' dir='ltr'>τασσῦμενα</span> <span class='ocrx_word' id='word_1_701' title='bbox 3578 4921 3643 4972; x_wconf 79' lang='grc' dir='ltr'>ἐκ</span> <span class='ocrx_word' id='word_1_702' title='bbox 3666 4917 3775 4973; x_wconf 83' lang='grc' dir='ltr'>τῶν</span> 
     </span>
    </p>
   </div>
   <div class='ocr_carea' id='block_1_107' title="bbox 2196 5015 3171 5087">
    <p class='ocr_par' dir='ltr' id='par_1_107' title="bbox 2196 5015 3171 5087">
     <span class='ocr_line' id='line_1_107' title="bbox 2196 5015 3171 5087; baseline -0.001 -19"><span class='ocrx_word' id='word_1_703' title='bbox 2196 5017 2478 5082; x_wconf 76' lang='grc' dir='ltr'>ἐναντίων,</span> <span class='ocrx_word' id='word_1_704' title='bbox 2510 5017 2560 5069; x_wconf 84' lang='grc' dir='ltr'>οἱ</span> <span class='ocrx_word' id='word_1_705' title='bbox 2585 5015 2760 5071; x_wconf 74' lang='grc' dir='ltr'>ταῦτα</span> <span class='ocrx_word' id='word_1_706' title='bbox 2793 5017 3171 5087; x_wconf 82' lang='grc' dir='ltr'>γεννήσαντες.</span> 
     </span>
    </p>
   </div>
   <div class='ocr_carea' id='block_1_108' title="bbox 2268 5099 3775 5178">
    <p class='ocr_par' dir='ltr' id='par_1_108' title="bbox 2268 5099 3775 5178">
     <span class='ocr_line' id='line_1_108' title="bbox 2268 5099 3775 5178; baseline -0.007 -14"><span class='ocrx_word' id='word_1_707' title='bbox 2268 5109 2426 5178; x_wconf 80' lang='grc' dir='ltr'>Πρὸς</span> <span class='ocrx_word' id='word_1_708' title='bbox 2457 5109 2531 5163; x_wconf 82' lang='grc' dir='ltr'>τὰ</span> <span class='ocrx_word' id='word_1_709' title='bbox 2561 5108 2782 5163; x_wconf 76' lang='grc' dir='ltr'>ειδωλα</span> <span class='ocrx_word' id='word_1_710' title='bbox 2817 5108 2988 5162; x_wconf 72' lang='grc' dir='ltr'>οἴκου</span> <span class='ocrx_word' id='word_1_711' title='bbox 3034 5101 3299 5172; x_wconf 70' lang='grc' dir='ltr'>Ἰσραήλ.</span> <span class='ocrx_word' id='word_1_712' title='bbox 3334 5099 3493 5156; x_wconf 80' lang='grc' dir='ltr'>Κατά</span> <span class='ocrx_word' id='word_1_713' title='bbox 3535 5100 3634 5173; x_wconf 77' lang='grc' dir='ltr'>τὴν</span> <span class='ocrx_word' id='word_1_714' title='bbox 3660 5100 3775 5155; x_wconf 86' lang='grc' dir='ltr'><strong>διά-</strong></span> 
     </span>
    </p>
   </div>
   <div class='ocr_carea' id='block_1_109' title="bbox 2194 5195 3227 5264">
    <p class='ocr_par' dir='ltr' id='par_1_109' title="bbox 2194 5195 3227 5264">
     <span class='ocr_line' id='line_1_109' title="bbox 2194 5195 3227 5264; baseline -0.007 -9"><span class='ocrx_word' id='word_1_715' title='bbox 2194 5218 2343 5255; x_wconf 85' lang='grc' dir='ltr'>νοιαν</span> <span class='ocrx_word' id='word_1_716' title='bbox 2376 5200 2485 5254; x_wconf 85' lang='grc' dir='ltr'>τῶν</span> <span class='ocrx_word' id='word_1_717' title='bbox 2517 5199 2706 5254; x_wconf 82' lang='grc' dir='ltr'>παθῶν</span> <span class='ocrx_word' id='word_1_718' title='bbox 2729 5199 2798 5253; x_wconf 86' lang='grc' dir='ltr'>τὰ</span> <span class='ocrx_word' id='word_1_719' title='bbox 2830 5197 3023 5252; x_wconf 72' lang='grc' dir='ltr'>εἴδωλα</span> <span class='ocrx_word' id='word_1_720' title='bbox 3061 5195 3227 5264; x_wconf 82' lang='grc' dir='ltr'>λέγει.</span> 
     </span>
    </p>
   </div>
   <div class='ocr_carea' id='block_1_110' title="bbox 2263 5274 3776 5360">
    <p class='ocr_par' dir='ltr' id='par_1_110' title="bbox 2263 5274 3776 5360">
     <span class='ocr_line' id='line_1_110' title="bbox 2263 5274 3776 5360; baseline -0.006 -15"><span class='ocrx_word' id='word_1_721' title='bbox 2263 5291 2419 5360; x_wconf 79' lang='grc' dir='ltr'>Πρὸς</span> <span class='ocrx_word' id='word_1_722' title='bbox 2445 5274 2561 5359; x_wconf 79' lang='grc' dir='ltr'><strong>τὴν</strong></span> <span class='ocrx_word' id='word_1_723' title='bbox 2596 5288 2850 5359; x_wconf 69' lang='grc' dir='ltr'>γυναῖκα</span> <span class='ocrx_word' id='word_1_724' title='bbox 2892 5289 2965 5342; x_wconf 78' lang='grc' dir='ltr'><strong>ἐν</strong></span> <span class='ocrx_word' id='word_1_725' title='bbox 3004 5284 3241 5356; x_wconf 68' lang='grc' dir='ltr'><strong>ἁφέδρῳ</strong></span> <span class='ocrx_word' id='word_1_726' title='bbox 3274 5281 3491 5341; x_wconf 81' lang='grc' dir='ltr'>οὖσαν.</span> <span class='ocrx_word' id='word_1_727' title='bbox 3523 5283 3636 5350; x_wconf 86' lang='grc' dir='ltr'><strong>Τάς</strong></span> <span class='ocrx_word' id='word_1_728' title='bbox 3672 5283 3776 5355; x_wconf 81' lang='grc' dir='ltr'><strong>τῆς</strong></span> 
     </span>
    </p>
   </div>
   <div class='ocr_carea' id='block_1_111' title="bbox 2193 5375 3772 5453">
    <p class='ocr_par' dir='ltr' id='par_1_111' title="bbox 2193 5375 3772 5453">
     <span class='ocr_line' id='line_1_111' title="bbox 2193 5375 3772 5453; baseline -0.004 -16"><span class='ocrx_word' id='word_1_729' title='bbox 2193 5382 2515 5453; x_wconf 83' lang='grc' dir='ltr'>καθάρσεως</span> <span class='ocrx_word' id='word_1_730' title='bbox 2560 5382 2803 5453; x_wconf 78' lang='grc' dir='ltr'>ἡμέρας·</span> <span class='ocrx_word' id='word_1_731' title='bbox 2840 5381 2907 5434; x_wconf 76' lang='grc' dir='ltr'>ἐκ</span> <span class='ocrx_word' id='word_1_732' title='bbox 2952 5378 3142 5433; x_wconf 83' lang='grc' dir='ltr'>τούτου</span> <span class='ocrx_word' id='word_1_733' title='bbox 3181 5377 3323 5432; x_wconf 86' lang='grc' dir='ltr'><strong>κατά</strong></span> <span class='ocrx_word' id='word_1_734' title='bbox 3372 5375 3539 5450; x_wconf 85' lang='grc' dir='ltr'>μέρος</span> <span class='ocrx_word' id='word_1_735' title='bbox 3579 5375 3772 5442; x_wconf 64' lang='grc' dir='ltr'>ἐθίζων</span> 
     </span>
    </p>
   </div>
   <div class='ocr_carea' id='block_1_112' title="bbox 2192 5469 3029 5543">
    <p class='ocr_par' dir='ltr' id='par_1_112' title="bbox 2192 5469 3029 5543">
     <span class='ocr_line' id='line_1_112' title="bbox 2192 5469 3029 5543; baseline -0.005 -18"><span class='ocrx_word' id='word_1_736' title='bbox 2192 5474 2274 5536; x_wconf 85' lang='grc' dir='ltr'><strong>είς</strong></span> <span class='ocrx_word' id='word_1_737' title='bbox 2311 5470 2662 5543; x_wconf 79' lang='grc' dir='ltr'>σωφροσύνην</span> <span class='ocrx_word' id='word_1_738' title='bbox 2700 5469 3029 5541; x_wconf 78' lang='grc' dir='ltr'>ἀκροτάτην.</span> 
     </span>
    </p>
   </div>
   <div class='ocr_carea' id='block_1_113' title="bbox 592 5664 2080 5749">
    <p class='ocr_par' dir='ltr' id='par_1_113' title="bbox 592 5681 2074 5749">
     <span class='ocr_line' id='line_1_113' title="bbox 592 5681 2074 5749; baseline 0 -14"><span class='ocrx_word' id='word_1_739' title='bbox 592 5681 636 5713; x_wconf 84' lang='grc'><strong>⁶¹</strong></span> <span class='ocrx_word' id='word_1_740' title='bbox 662 5682 857 5737; x_wconf 83' lang='lat' dir='ltr'><strong>Ezccb.</strong></span> <span class='ocrx_word' id='word_1_741' title='bbox 884 5697 1021 5749; x_wconf 64' lang='lat' dir='ltr'><strong>xv&quot;,</strong></span> <span class='ocrx_word' id='word_1_742' title='bbox 1042 5682 1132 5737; x_wconf 74' lang='lat'><strong>22.</strong></span> <span class='ocrx_word' id='word_1_743' title='bbox 1197 5682 1240 5714; x_wconf 80' lang='grc'>⁸³</span> <span class='ocrx_word' id='word_1_744' title='bbox 1273 5683 1403 5737; x_wconf 86' lang='lat' dir='ltr'><strong>ibid.</strong></span> <span class='ocrx_word' id='word_1_745' title='bbox 1430 5682 1521 5738; x_wconf 69' lang='grc'><strong>24.</strong></span> <span class='ocrx_word' id='word_1_746' title='bbox 1597 5684 1643 5715; x_wconf 73' lang='grc'><strong>⁸⁸</strong></span> <span class='ocrx_word' id='word_1_747' title='bbox 1672 5681 1802 5737; x_wconf 87' lang='lat' dir='ltr'><strong>ibid.</strong></span> <span class='ocrx_word' id='word_1_748' title='bbox 1882 5681 1929 5714; x_wconf 80' lang='grc'><strong>⁸⁸</strong></span> <span class='ocrx_word' id='word_1_749' title='bbox 1945 5681 2074 5737; x_wconf 88' lang='lat' dir='ltr'><strong>ibid.</strong></span> 
     </span>
    </p>
   </div>
   <div class='ocr_carea' id='block_1_114' title="bbox 2179 5664 3769 5749">
    <p class='ocr_par' dir='ltr' id='par_1_114' title="bbox 2179 5664 3769 5749">
     <span class='ocr_line' id='line_1_114' title="bbox 2179 5664 3769 5749; baseline -0.01 -14"><span class='ocrx_word' id='word_1_750' title='bbox 2179 5683 2187 5712; x_wconf 79' lang='grc'><strong><em>⁵</em></strong></span> <span class='ocrx_word' id='word_1_751' title='bbox 2216 5677 2405 5734; x_wconf 84' lang='lat' dir='ltr'><strong>Matth.</strong></span> <span class='ocrx_word' id='word_1_752' title='bbox 2436 5692 2530 5749; x_wconf 59' lang='grc' dir='ltr'>τις,</span> <span class='ocrx_word' id='word_1_753' title='bbox 2550 5675 2644 5749; x_wconf 86' lang='lat' dir='ltr'><strong>l6_._</strong></span> <span class='ocrx_word' id='word_1_754' title='bbox 2672 5673 3143 5749; x_wconf 61' lang='lat' dir='ltr'><strong>__°_&quot;_Esech_._x_vi_i,</strong></span> <span class='ocrx_word' id='word_1_755' title='bbox 3162 5671 3254 5749; x_wconf 46' lang='lat'><strong>2:5:</strong></span> <span class='ocrx_word' id='word_1_756' title='bbox 3286 5671 3356 5749; x_wconf 43' lang='lat'><strong>“‘3</strong></span> <span class='ocrx_word' id='word_1_757' title='bbox 3379 5668 3507 5749; x_wconf 78' lang='lat' dir='ltr'><strong>ibid.</strong></span> <span class='ocrx_word' id='word_1_758' title='bbox 3534 5681 3692 5733; x_wconf 78' lang='lat' dir='ltr'><strong>mn,</strong></span> <span class='ocrx_word' id='word_1_759' title='bbox 3712 5664 3769 5720; x_wconf 72' lang='lat'><strong>2.</strong></span> 
     </span>
    </p>
   </div>
   <div class='ocr_carea' id='block_1_115' title="bbox 519 5740 3413 5820">
    <p class='ocr_par' dir='ltr' id='par_1_115' title="bbox 519 5740 3413 5820">
     <span class='ocr_line' id='line_1_115' title="bbox 519 5740 3413 5820; baseline -0.004 -15"><span class='ocrx_word' id='word_1_760' title='bbox 519 5752 566 5783; x_wconf 81' lang='grc'><strong>⁶⁴¹</strong></span> <span class='ocrx_word' id='word_1_761' title='bbox 593 5753 721 5807; x_wconf 82' lang='lat' dir='ltr'><strong>ibid.</strong></span> <span class='ocrx_word' id='word_1_762' title='bbox 748 5753 800 5806; x_wconf 79' lang='lat'><strong>5.</strong></span> <span class='ocrx_word' id='word_1_763' title='bbox 876 5754 923 5788; x_wconf 77' lang='grc'><strong>⁷⁸</strong></span> <span class='ocrx_word' id='word_1_764' title='bbox 948 5740 1077 5808; x_wconf 86' lang='lat' dir='ltr'><strong>ibid.</strong></span> <span class='ocrx_word' id='word_1_765' title='bbox 1114 5767 1267 5819; x_wconf 78' lang='lat' dir='ltr'><strong>xvut,</strong></span> <span class='ocrx_word' id='word_1_766' title='bbox 1306 5753 1361 5809; x_wconf 75' lang='grc'>4.</span> <span class='ocrx_word' id='word_1_767' title='bbox 1437 5755 1480 5786; x_wconf 80' lang='grc'><strong>⁷⁸</strong></span> <span class='ocrx_word' id='word_1_768' title='bbox 1509 5751 1667 5811; x_wconf 82' lang='lat' dir='ltr'><strong>Joan.</strong></span> <span class='ocrx_word' id='word_1_769' title='bbox 1696 5768 1808 5820; x_wconf 77' lang='lat' dir='ltr'><strong>xlv,</strong></span> <span class='ocrx_word' id='word_1_770' title='bbox 1842 5751 1895 5807; x_wconf 85' lang='lat'><strong>6.</strong></span> <span class='ocrx_word' id='word_1_771' title='bbox 1972 5754 2016 5786; x_wconf 84' lang='lat'>&quot;</span> <span class='ocrx_word' id='word_1_772' title='bbox 2052 5750 2251 5810; x_wconf 86' lang='lat' dir='ltr'><strong>Ezech.</strong></span> <span class='ocrx_word' id='word_1_773' title='bbox 2282 5763 2437 5817; x_wconf 76' lang='lat' dir='ltr'><strong>xvul,</strong></span> <span class='ocrx_word' id='word_1_774' title='bbox 2472 5740 2525 5801; x_wconf 83' lang='lat'><strong>5.</strong></span> <span class='ocrx_word' id='word_1_775' title='bbox 2601 5746 2647 5778; x_wconf 84' lang='lat'>&quot;</span> <span class='ocrx_word' id='word_1_776' title='bbox 2669 5744 2801 5801; x_wconf 90' lang='lat' dir='ltr'><strong>ibid.</strong></span> <span class='ocrx_word' id='word_1_777' title='bbox 2824 5744 2876 5801; x_wconf 90' lang='lat'><strong>6.</strong></span> <span class='ocrx_word' id='word_1_778' title='bbox 2956 5744 3002 5779; x_wconf 61' lang='grc' dir='ltr'>τι</span> <span class='ocrx_word' id='word_1_779' title='bbox 3032 5744 3164 5801; x_wconf 87' lang='lat' dir='ltr'><strong>ibid.</strong></span> <span class='ocrx_word' id='word_1_780' title='bbox 3206 5743 3250 5776; x_wconf 81' lang='grc'><strong>⁷⁸</strong></span> <span class='ocrx_word' id='word_1_781' title='bbox 3284 5740 3413 5797; x_wconf 86' lang='lat' dir='ltr'><strong>ibid.</strong></span> 
     </span>
    </p>
   </div>
  </div>
