4128 6426
443 420 551 477 sn

1642 409 1951 466 SELECTA
1982 406 2049 462 ΙΝ
2084 404 2542 462 EZECHIELEM.

3598 396 3705 453 818

522 532 594 590 Τὸ
630 534 914 606 ἀργύριον
956 531 1143 596 αὑτοῦ
1184 529 1283 607 ἐπὶ
1319 530 1474 595 τόκῳ
1509 528 1582 586 αὑ
1621 526 1821 582 δώσει.
1865 525 2033 587 Τόκος

2208 522 2499 577 Pecuniam
2525 536 2685 576 suam
2713 519 2783 575 ad
2821 533 3041 574 usuram
3061 514 3395 572 non~dederi¢
3420 512 3487 567 ⁷⁸.
3524 508 3703 568 Usura
3726 554 3729 557 ‹

447 602 679 694 λέγεται
702 602 765 679 τὸ
782 602 1055 696 ήᾲδόμενον
1082 602 1188 674 ἐπί
1205 620 1471 693 ἀργυρίου
1492 635 1504 648 ·
1541 616 1877 687 πλεονασμός
1908 617 2023 667 ἐστι

2145 611 2332 668 iicitur
2401 610 2780 682 pervulgatum
2846 608 2979 664 illud
3048 607 3105 662 in
3176 605 3410 677 pecunia
3492 602 3703 668 fenus;

448 716 516 770 τά
542 717 634 771 ἐπὶ
666 715 775 770 τῶν
800 714 1003 770 λοιπῶν
1046 713 1296 784 διδόμενα
1335 710 1641 784 βρωμάτων
1678 710 1713 780 ἢ
1742 709 2020 780 πομάτων.

448 807 648 878 Δοιμός
681 808 828 862 ἐστιν
852 808 882 862 6
909 806 1323 877 λυμαινόμενος,
1352 804 1513 858 οἱονεὶ
1535 804 1564 856 6
1590 800 1792 872 ἅρπαξ,
1821 800 2022 867 ἄδικος,

336 920 348 937 η
449 898 766 954 καταπίνων
804 898 1004 953 πάντα.

520 990 630 1046 Kal
663 990 883 1060 χέοντα
914 985 1076 1062 αἷμα.
1127 982 1277 1059 Δί’μά
1320 987 1436 1041 ἐστι
1479 986 1543 1040 σύ
1552 983 1747 1057 μὸολον
1794 982 2028 1052 ζωτικῆς

451 1078 733 1151 δυνάμεως
757 1080 955 1153 ψυχῆς.
1970 1094 1987 1107 ·

522 1169 634 1223 Kal
670 1171 911 1241 πτωχὸν
957 1169 1058 1225 καί
1091 1169 1342 1238 πένητα.
1394 1166 1656 1221 Πλούσιον
1705 1164 1768 1220 οὐ
1811 1164 2031 1218 δύναται

454 1259 950 1315 καταδυναστεῦσαι
981 1261 1019 1315 ὁ,
1040 1259 1245 1330 λοιμός.
1278 1258 1513 1328 Λύτρον
1546 1256 1658 1326 γὰρ
1686 1253 1895 1325 ψυχῆς
1925 1253 2032 1307 ἀν·-

455 1351 713 1419 θρώπου,
737 1355 770 1407 ὀ
797 1351 947 1419 ἴδιος
968 1351 1233 1418 πλοῦτος
1251 1365 1267 1381 ⁸
1293 1348 1529 1419 πτωχὸς
1555 1347 1624 1402 δὲ
1648 1349 1761 1417 οὐχ
1780 1345 2036 1416 ὑφίστα-

456 1459 553 1497 ται
588 1441 867 1512 ἀπειλήν.
905 1443 1167 1508 Πλούσιός
1206 1444 1353 1497 ἐστιν
1394 1441 1441 1493 6.
1471 1439 1712 1495 πλουτῶν
1751 1439 1811 1491 ὲν
1854 1436 2036 1508 ἔργοις

457 1532 704 1601 ἀγαθοῖς,
735 1533 796 1586 ἐν
823 1533 966 1605 λόγῳ
1008 1531 1166 1598 Θεοῦ,
1198 1531 1292 1587 καὶ
1324 1531 1384 1584 ὲν
1422 1526 1824 1602 πάσηγνώσει.

527 1624 641 1679 Kal
660 1626 749 1692 είς
768 1625 843 1679 τὰ
859 1624 1082 1678 ειδωλα
1102 1625 1270 1680 ἔθετο
1288 1621 1433 1687 τοὺς
1455 1617 1815 1689 ὀφθαλμοὺς,
1828 1615 2035 1671 αὑτοῦ.

350 1757 358 1762 .
444 1715 649 1773 ,Πάντα
685 1716 755 1770 τά
795 1714 1273 1785 ἀναπεπλασμένα
1299 1711 1496 1765 εῐδωλά
1544 1710 1671 1764 είσι.
1716 1707 1940 1762 Τιθέασι
1984 1706 2045 1761 δὲ

459 1807 635 1863 ταῦτα
663 1808 724 1862 ὲν
749 1807 1054 1878 ἀποκρύφῳ
1080 1805 1129 1858 oi
1163 1801 1449 1875 αίρετικοί.

2134 702 2487 767 abundantia,
2533 702 2586 757 id
2624 701 2768 771 quod
2814 701 2868 755 in
2912 699 3138 771 reliquis
3180 696 3317 753 cibis
3361 703 3456 749 aut
3487 693 3708 764 potibus

2134 791 2312 846 datur.
2367 789 2543 846 Pestis
2584 797 2669 845 est
2717 789 2766 844 is
2807 788 2902 859 qui
2939 787 3249 843 vastitatem
3297 783 3497 851 infert,
3540 789 3723 853 puta,_

2133 885 2297 948 latro,
2327 883 2585 951 injustas,
2612 880 2705 951 qui
2728 880 2958 951 deglutit
2990 879 3196 935 omnia.

2208 974 2278 1030 Et
2300 975 2650 1044 e/fundentem
2681 972 2989 1043 sanguinem
3006 972 3072 1026 ".
3134 971 3368 1055 Sanguis
3400 966 3717 1041 symbolum

2138 1075 2222 1122 est
2253 1066 2436 1123 vitalis
2466 1065 2688 1124 virtutis
2720 1065 2937 1120 animae.

2210 1158 2281 1212 Et
2310 1130 2610 1230 Wt
2639 1156 3000 1228 pauperem”.
3033 1155 3262 1211 Divitem
3292 1172 3399 1210 non
3430 1162 3608 1225 potest
3632 1153 3714 1207 vir

2140 1250 2399 1320 pestilens
2422 1251 2752 1321 opprimere.
2781 1248 3087 1320 Redemptio
3108 1248 3246 1302 enim
3264 1248 3457 1301 anima:
3483 1244 3606 1310 viri,
3624 1244 3716 1298 die

2141 1342 2284 1397 vitim
2322 1341 2466 1410 ejus;
2512 1341 2660 1411 inops
2709 1350 2888 1395 autem
2933 1356 3033 1394 non
3078 1341 3300 1393 sustinet
3344 1338 3719 1392 connuinatio-

2144 1447 2261 1487 nem
2288 1433 2355 1485 7°.
2388 1430 2545 1487 Dives
2572 1439 2677 1495 est,
2727 1432 2822 1501 qui
2853 1431 3006 1488 dives
3051 1440 3135 1487 est
3164 1430 3218 1485 in
3248 1429 3504 1500 operibus
3533 1429 3715 1493 bouis,

2145 1524 2200 1579 in
2235 1523 2403 1579 verbo
2429 1520 2546 1587 Dei,
2575 1512 2724 1578 et-‘in
2757 1522 2906 1577 omni
2938 1522 3187 1578 scientia.

2218 1612 2291 1668 Et
2339 1612 2408 1667 ad
2456 1611 2603 1665 idola
2648 1612 2825 1680 posuit
2867 1609 3046 1665 oculos
3094 1627 3217 1665 suos
3257 1611 3323 1666 ⁸⁰.
3369 1609 3725 1679 Qumcunque

2148 1704 2382 1761 conﬁcta
2429 1710 2579 1768 sunt,
2604 1701 2745 1756 idola
2772 1708 2919 1758 sunt.
2952 1700 3172 1760 Pununt
3200 1712 3383 1758 autem
3408 1703 3525 1757 haec
3552 1703 3723 1759 haere-

2150 1793 2246 1851 tici
2284 1794 2338 1849 in
2361 1792 2613 1849 occulto-

545 1900 680 1953 Ἐὰν
719 1899 790 1952 δὲ
832 1872 1100 1968 τεᾶνῆἂῃ
1152 1872 1306 1950 υἱόν.
1354 1893 1419 1947 Ἦ
1463 1892 1676 1963 γένεσις
1708 1892 1869 1965 ἡμῶν
1900 1890 2041 1946 κατά

2218 1885 2277 1942 Si
2305 1896 2484 1941 autem
2509 1884 2745 1955 genuerit
2768 1883 2941 1954 ﬁlium
2964 1883 3031 1936 3‘.
3058 1881 3352 1938 Generatio
3386 1891 3571 1938 nostra
3595 1896 3720 1935 car-.-

465 1989 644 2061 σάρκα
676 1985 841 2042 οὖσα·
872 1986 1075 2058 ταύτης
1102 1984 1197 2040 καὶ
1225 1985 1469 2057 πατέρας
1512 1983 1608 2039 καὶ
1653 1983 1896 2056 μητέρας
1926 1983 2042 2055 ἕχο-

467 2095 584 2150 μεν.
612 2079 686 2132 Οὐ
717 2079 823 2152 γάρ
847 2079 961 2133 ὲστι
989 2078 1167 2150 ψυχῆς
1199 2077 1434 2150 μήτηρῆ
1467 2078 1678 2149 πατήρ’
1706 2075 1911 2148 ταύτης
1934 2075 2044 2147 γάρ

462 2169 493 2222 6
520 2167 652 2232 Θεὸς
682 2169 840 2240 μόνος
870 2170 989 2223 ἐστὶ
1021 2169 1249 2242 ποιητὴς
1276 2168 1371 2227 καὶ
1400 2168 1602 2241 πατήρ,
1635 2167 1747 2222 Καὶ
1777 2166 1935 2222 τοῦτο
1964 2167 2043 2221 δι-

462 2257 677 2314 δάσκων
723 2261 753 2313 6
796 2259 929 2324 Θεὸς
967 2260 1136 2330 λέγει,
1185 2261 1290 2325 ὅτι,
1325 2259 1524 2316 Πᾶσαι
1567 2262 1627 2314 al
1674 2260 1869 2330 ψυχαί
1910 2259 2047 2330 ἐμαί

460 2354 613 2405 εισι·
652 2353 745 2407 καὶ
786 2354 990 2423 ἑκάστη
1024 2353 1172 2425 ψυχὴ
1208 2353 1345 2408 ίδίαν
1378 2354 1676 2409 ὑπόοῑτασιν
1708 2353 1841 2425 ἔχει,
1875 2353 1934 2408 ὲν
1966 2351 2047 2424 τῷ

463 2441 580 2513 ἰδίῳ
601 2442 744 2515 λόγῳ
773 2445 1063 2516 ἱσταμένη,
1102 2444 1199 2499 καὶ
1232 2446 1336 2500 οὐκ
1359 2448 1418 2499 ὲν
1447 2445 1611 2515 ἄλλῳ.
1641 2445 1752 2498 Καὶ
1779 2445 1880 2498 οὐκ
1902 2444 2046 2500 ἔστιν

461 2535 636 2587 εἰπεῖν
665 2535 832 2607 ἀλλην
862 2535 1005 2607 ὑπὲρ
1034 2535 1201 2608 ἄλλης
1229 2536 1330 2599 τὰς
1362 2536 1634 2607 ἁμαρτίας
1662 2535 1956 2589 ἀποτίνειν.

545 2626 641 2677 Ἐν
670 2624 751 2690 τῷ
777 2625 1201 2695 παραπτώματι
1230 2625 1419 2681 αὐτοῦ
1439 2619 1487 2694 ᾧ
1506 2627 1830 2695 παρέπεσε.
1862 2628 2049 2683 Πάντα

461 2716 529 2770 τὰ
554 2716 976 2788 παραπτώματα
1002 2717 1440 2790 ἓντπαράπτωμα
1466 2716 1616 2786 λέγει
1635 2735 1648 2748 ·
1676 2718 1771 2772 καὶ
1799 2718 1958 2772 πάλιν
1987 2717 2048 2771 τὸ

462 2807 522 2862 ἐν
551 2808 617 2861 τὰ
650 2809 818 2862 πολλά
850 2809 1194 2874 είκονίζεται.
1240 2810 1350 2864 Καὶ
1381 2812 1662 2885 παρέπεσε
1698 2811 2049 2885 παράπτωμα

462 2896 668 2959 ἐκεῖνος
702 2896 731 2949 6
756 2896 903 2960 λαὸς,
934 2896 1262 2960 ἀποκτείνας
1290 2897 1381 2951 τὸν
1409 2884 1614 2970 Κύριον
1642 2899 1798 2970 ἡμῶν
1841 2884 2050 2974 Ἰησοῦν

464 2984 717 3054 Χριστόν.
753 2986 1107 3058 Παραπίπτει
1136 2986 1191 3039 δὲ
1216 2989 1244 3041 6
1268 2987 1475 3053 καθεὶς,
1506 2989 1792 3045 ἀπολλύων
1829 2991 1922 3047 τὸν
1958 2990 2048 3046 λό-

467 3090 562 3143 γον
594 3076 674 3140 είς
701 3076 943 3145 ἀλογίαν.

540 3168 623 3223 Οὐ
648 3169 921 3236 κατορθοῖ
943 3169 1083 3236 ὁδὸς
1104 3172 1348 3239 Κυρίου.
1385 3173 1600 3244 Ἰσραὴλ
1618 3173 1899 3243 λέγουσιν,
1921 3172 2047 3229 ὅταν

470 3258 620 3312 ἴδωσι
652 3256 718 3314 τὰ
751 3254 881 3325 ἔθνη
919 3259 1294 3330 είσερχόμενα.

533 3352 675 3420 Οὐχὶ
701 3352 740 3420 ἡ
769 3352 912 3420 ὁδὸς
932 3349 1100 3422 ὑμῶν
1125 3352 1196 3405 οὐ
1217 3352 1495 3420 κατορθοῖ
1513 3369 1532 3419 ;
1573 3355 1697 3424 Ἔφ’-
1718 3355 1846 3428 ὑμῖν
1877 3358 2051 3414 ἐστιν.

477 3439 858 3512 Ἁπορῤίψατε
895 3444 1174 3512 ἀσεϐείας
1205 3441 1374 3516 ὑμῶν
1403 3444 1498 3514 dp)
1527 3445 1758 3501 ὲαυτῶν.

530 3615 639 3669 Kal
662 3620 954 3685 ποιήσατε
974 3620 1211 3689 ἑαυτοῖς
1237 3623 1500 3693 καρδίαν
1519 3628 1759 3695 καινήν.
1792 3626 1902 3685 Καὶ
1928 3626 2045 3696 πῶς

462 3702 618 3758 τοῦτο
648 3709 969 3780 γενήσεταις
1031 3712 1158 3767 Ἐάν
1187 3713 1543 3786 ὲκδυσώμεθα
1577 3718 1667 3772 τδν
1694 3719 1924 3774 παλαιὸν
1947 3722 2044 3776 ἀν-

463 3795 679 3869 θρωπον
707 3800 805 3855 σὺν
823 3803 940 3865 ταῖς
961 3802 1224 3872 πράξεσιν
1248 3804 1433 3868 αὐτοῦ,
1460 3808 1553 3861 καὶ
1582 3808 1934 3882 ἐνδυσώμεθα
1953 3813 2046 3865 τὸν

461 3891 729 3960 νέον,,τδν
761 3892 1217 3966 ἀνακαινούμενον
1250 3898 1333 3960 εἰς
1364 3898 1659 3967 ἐπίγνωσιν
1691 3902 1813 3956 κατ’
1862 3903 2045 3957 εἰκόνα

461 3980 557 4035 τοῦ
588 3982 872 4047 κτίσαντος
913 3984 1100 4039 αὐτόν.
1139 3986 1310 4041 Ὅταν
1342 3987 1632 4059 ἀναδῶμεν
1659 3990 1769 4044 ἀπὸ
1790 3991 1897 4044 τῶν
1925 3994 2047 4064 γηΐ-

461 4089 571 4129 νων
603 4075 945 4146 πραγμάτων
967 4076 1047 4141 είς
1069 4077 1130 4130 τὸ
1152 4076 1409 4148 ἀνώγεων
1435 4079 1496 4133 τὸ
1531 4081 1673 4151 μέγα
1705 4082 1767 4135 τὸ
1800 4100 2045 4156 σεσαρω-

469 4164 629 4234 μένον
663 4165 774 4220 άπὸ
809 4165 989 4236 πάσης
1018 4167 1237 4234 κακίας,
1283 4171 1378 4224 καὶ
1411 4173 1822 4245 κεκοσμημένον
1852 4174 1911 4230 δὲ
1951 4176 2046 4231 καὶ

462 4256 808 4328 ἐστρωμένον
835 4257 1014 4329 τελείᾳ
1042 4259 1235 4331 ἀρετῇ,
1264 4262 1356 4315 καὶ
1378 4262 1728 4336 ἑορτάσωμεν
1760 4267 1900 4337 μετὰ
1942 4269 2047 4340 Ἰη-

462 4342 583 4410 σοῦ,
615 4344 870 4409 λαϐόντες
892 4348 954 4399 τὸ
982 4349 1238 4421 ποτήριον
1264 4350 1364 4423 τῆς
1391 4352 1585 4423 καινῆς
1616 4355 1913 4429 Διαθήκης,
1949 4359 2045 4412 καὶ

459 4434 554 4489 τὸν
577 4435 747 4490 τύπον
766 4436 861 4491 τοῦ
884 4438 1135 4509 σώματος
1154 4439 1317 4493 αὐτοῦ
1343 4442 1655 4514 ποιούμενοι
1681 4447 1741 4499 ὲν
1766 4446 1844 4518 τῷ
1865 4447 2045 4521 θνητῷ

461 4522 625 4594 ἡμῶν
650 4523 865 4596 σώματι
886 4526 972 4582 διὰ
1003 4528 1102 4600 τῆς
1133 4529 1366 4601 μετοχῆς
1390 4532 1576 4587 αὐτοῦ.

1105 4620 1265 4676 ΚΕΦ.
1303 4621 1404 4678 ῙΘ’.

535 4706 599 4760 Τί
634 4707 674 4775 ἡ
709 4706 909 4778 μήτηρ
935 4722 1055 4764 σου
1097 4710 1369 4780 σκύμνος
1411 4711 1522 4773 ζῶν
1566 4713 1638 4768 ἐν
1667 4715 1838 4785 μέσῳ
1867 4720 2045 4775 λεόν-

461 4813 615 4861 των-ς
660 4799 1082 4872 Τροπολογεῖται
1128 4803 1210 4868 είς
1245 4803 1454 4868 λέοντα,
1482 4806 1564 4870 είς
1595 4805 1825 4864 ἕκαστον
1857 4810 2045 4883 θηρίον

462 4889 605 4943 κατά
630 4890 731 4963 τὴν
763 4891 877 4960 ἕξιν
907 4893 970 4947 τὸ
1003 4892 1241 4963 λογικὸν,
1275 4894 1371 4949 καὶ
1403 4898 1483 4960 εἰς
1515 4899 1623 4952 πᾶν
1655 4898 1795 4964 ζῶον
1825 4903 1920 4957 καὶ
1947 4904 2042 4976 ἑρ-

462 4981 646 5034 πετόν.

392 5098 405 5130 τ·
542 5071 653 5127 Τοῦ
680 5072 887 5127 αὐτοῦ.
918 5074 1149 5148 Μητέρα
1181 5076 1276 5131 τοῦ
1319 5077 1532 5145 λέοντος
1558 5081 1780 5153 ᾐνίξατο
1813 5084 1908 5139 τοῦ
1939 5085 2043 5160 άρ-

460 5178 648 5233 χοντος
708 5163 923 5237 Ἰσραὴλ
965 5169 1318 5240 συναγωγήν
1363 5171 1488 5242 ἥτις
1528 5173 1633 5225 καῖ
1660 5174 1797 5246 αὐτὴ
1836 5175 2042 5250 ἀπεθη-

464 5253 633 5327 ριώθη
663 5257 722 5310 ὲν
750 5257 985 5324 πολλοῖς,
1016 5259 1111 5313 καὶ
1145 5261 1382 5332 μάλιστα
1409 5264 1499 5316 ὅτε
1530 5263 1698 5318 ἔδωκε
1727 5265 1825 5337 τὴν
1857 5268 2040 5340 φωνὴν

459 5348 633 5420 αὐτῆς
652 5349 746 5404 ἐπὶ
765 5351 857 5405 τὸν
871 5353 1148 5427 Δεσπότην
1164 5354 1352 5426 αὐτῆς,
1375 5355 1623 5425 λέγουσα·
1645 5352 1851 5428 τᾼρον,
1867 5353 2037 5430 ἆρον,

460 5443 819 5512 σταύρωσον
848 5447 1054 5500 αὐτόν.

537 5533 650 5588 Τοῦ
681 5536 888 5593 αὑτοῦ.
932 5537 1124 5594 Πολλοὶ
1170 5539 1278 5593 τῶν
1324 5538 1626 5614 ἀνθρώπων
1665 5543 1817 5597 οὐδὲν
1846 5543 2038 5616 Stoice-

2075 4580 2129 4641 D
2228 4628 2237 4633 _

2144 1979 2286 2035 nalis
2313 1985 2427 2034 est:
2460 1974 2626 2049 hujus
2658 1983 2712 2031 et
2744 1983 2926 2046 patres
2958 1983 3013 2031 et
3044 1983 3247 2029 matres
3277 1973 3564 2028 habemus.
3600 1972 3723 2027 Non

2144 2069 2289 2128 enim
2310 2067 2504 2124 animas
2524 2075 2608 2123 est
2631 2076 2805 2122 mater
2831 2074 2925 2122 aut
2941 2073 3094 2137 pater
3118 2082 3132 2119 :
3158 2079 3283 2119 nam
3306 2062 3450 2119 Deus
3474 2072 3557 2119 est
3578 2064 3726 2119 illius

2147 2161 2295 2217 solus
2346 2169 2563 2218 creator
2604 2167 2658 2215 et
2684 2167 2859 2230 pater.
2925 2157 3094 2229 quue
3139 2157 3344 2214 docens
3368 2153 3512 2211 Deus
3547 2155 3723 2209 ait":

2150 2255 2343 2311 Omnes
2396 2255 2592 2308 anima:
2656 2268 2784 2307 mea:
2835 2261 2997 2320 sunt,
3059 2250 3332 2321 habetque
3384 2264 3728 2320 unaquaeque

2148 2346 2332 2401 anima
2382 2345 2661 2417 propriam
2712 2343 3101 2408 substantiam,
3152 2341 3208 2397 in
3247 2340 3469 2413 propria
3517 2345 3736 2395 ratione-

2147 2436 2479 2502 consistens,
2523 2443 2578 2490 et
2622 2448 2733 2489 non
2776 2435 2833 2488 in
2875 2434 3007 2489 alio.
3046 2432 3158 2490 Nec
3206 2433 3313 2488 dici
3343 2441 3522 2503 potest
3562 2432 3727 2487 aliam

2148 2540 2248 2598 pro
2282 2526 2388 2581 alia
2426 2526 2664 2581 animam
2698 2533 3049 2595 peccatorum
3085 2537 3277 2594 poenas
3312 2523 3494 2577 luere.

2222 2617 2289 2673 In
2315 2618 2506 2673 delicto
2529 2633 2624 2672 suo
2644 2632 2746 2688 quo
2768 2615 3070 2687 deliquit".
3094 2613 3304 2671 Cuncta
3320 2613 3517 2669 delicta
3555 2628 3726 2668 unum
3752 2652 3759 2655 ς

2149 2708 2405 2767 delictum
2424 2717 2618 2779 ,vocat;
2653 2723 2717 2764 ac
2740 2722 2934 2764 rursus
2955 2723 3126 2763 unum
3155 2708 3325 2763 multa
3342 2716 3727 2778 .repraisentat.

2148 2801 2322 2856 Porro
2350 2801 2607 2857 delictum
2643 2798 2872 2869 deliquit
2890 2799 2985 2855 ille
3014 2799 3273 2870 populus,
3306 2800 3422 2855 neci
3463 2800 3728 2855 tradendo

2149 2890 2444 2946 Dominum
2476 2898 2725 2945 nostrum
2750 2886 2939 2945 Jesum
2967 2889 3270 2945 Christum.
3302 2889 3578 2958 Delinquit
3603 2904 3735 2943 vero

2150 2982 2559 3053 unusquisque,
2598 2980 2729 3036 dum
2759 2979 2988 3037 rationis
3012 2979 3217 3036 donum
3247 2981 3405 3036 bruta
3444 2979 3732 3035 affectione

2150 3075 2348 3146 perdit.

2224 3163 2349 3220 Non
2371 3173 2448 3219 est
2471 3180 2619 3234 aqua
2650 3164 2734 3220 via
2754 3163 2970 3217 Domini
2984 3162 3050 3218 ⁸⁸⁵.
3071 3161 3280 3219 Dicturi
3301 3169 3431 3218 sunt
3446 3160 3739 3225 lsraelitar.

2151 3274 2275 3315 cum
2308 3257 2549 3311 viderint
2578 3266 2765 3325 gentes
2796 3256 3159 3311 introeuntes.

2219 3345 2384 3419 434
2430 3344 2686 3415 Nunquid
2738 3360 2843 3397 non
2894 3355 2973 3399 est
3021 3360 3173 3414 requa
3209 3344 3292 3397 via
3328 3351 3497 3397 vestra
3521 3341 3615 3396 ⁸⁸⁸1
3675 3340 3731 3395 lu

2147 3448 2328 3492 vestra
2381 3436 2619 3504 positum
2668 3442 2752 3488 est
2816 3431 3097 3489 facultate.
3170 3433 3431 3505 Projicile
3493 3448 3524 3487 a
3579 3433 3736 3488 vobis

2149 3529 2448 3597 impietalcs
2481 3536 2683 3580 vestras
2708 3524 2778 3583 ⁸⁸.

2220 3619 2292 3678 Et
2338 3617 2499 3691 facile
2539 3616 2682 3674 vobis
2725 3630 2817 3668 cor
2862 3631 3051 3669 novum
3075 3615 3157 3670 ³⁷.
3196 3613 3264 3669 Ει
3316 3614 3596 3684 quomodo
3643 3613 3736 3668 lict

2149 3715 2432 3773 istudi‘Si
2488 3714 2807 3772 exuerimus
2876 3719 3115 3765 veterem
3169 3710 3446 3765 hominem
3495 3708 3565 3740 ⁸⁸⁷
3604 3725 3732 3764 cum

2147 3808 2362 3863 aclibus
2381 3808 2520 3873 suis,
2549 3814 2605 3862 et
2633 3800 2973 3860 iuduerimus
3002 3816 3201 3857 novum
3234 3802 3328 3871 qui
3353 3808 3648 3855 renovatur
3677 3802 3730 3854 in

2148 3898 2482 3970 agnitionem
2535 3896 2836 3953 secundum
2885 3892 3179 3964 imaginem
3233 3892 3353 3962 ejus
3387 3891 3482 3959 qui
3530 3891 3738 3946 creavit

2148 3992 2323 4046 illum.
2376 3989 2434 4046 Si
2477 4006 2509 4045 a
2567 3987 2799 4045 terrenis
2833 3985 3246 4045 ascenderimus
3289 3985 3344 4039 in
3389 3984 3735 4040 cmuaculum

2148 4096 2406 4152 magnum
2437 4079 2620 4151 scopis
2653 4078 2974 4133 mandatum
3002 4077 3071 4132 ab
3114 4073 3263 4131 omni
3299 4072 3529 4140 malitia,
3566 4087 3735 4127 orna-

2150 4182 2375 4246 tumque
2400 4182 2457 4229 et
2490 4180 2724 4229 stratum
2756 4168 2996 4241 perfecta
3042 4168 3277 4235 virtute,
3322 4183 3387 4222 ac
3431 4180 3557 4221 cum
3601 4160 3736 4218 Jesa

2146 4267 2413 4322 fuerimus
2439 4262 2662 4335 epulati,
2692 4270 2972 4316 sumentes
3001 4259 3227 4316 calicem
3262 4257 3387 4313 novi
3419 4256 3736 4313 Testamen-

2150 4357 2210 4422 ti,
2241 4357 2468 4426 ﬁgurant
2502 4352 2751 4422 corporis
2774 4350 2894 4421 ejus
2923 4350 2978 4403 in
3022 4358 3212 4405 nostro
3244 4348 3462 4404 mortali
3504 4362 3777 4418 corpore;

2148 4462 2243 4518 per
2272 4443 2743 4518 participationem
2772 4441 2893 4512 ejus
2922 4438 3223 4495 facientes-

2788 4619 2942 4676 CAP.
2977 4617 3128 4673 XIX.

2220 4713 2363 4781 Quid
2390 4724 2562 4769 mater
2591 4722 2684 4768 tua
2707 4712 2917 4767 catulus
2936 4714 3110 4767 vivens
3138 4710 3194 4763 in
3224 4708 3398 4763 modio
3422 4708 3632 4762 leonum
3650 4707 3738 4761 ⁸⁸2

2146 4805 2402 4877 Figurate
2426 4814 2620 4861 natura
2652 4805 2863 4860 ratione
2890 4802 3118 4874 praedita
3144 4801 3347 4856 dicitur
3369 4800 3475 4867 leo,
3503 4809 3558 4855 et
3579 4815 3735 4870 qua:-

2145 4899 2229 4953 vis
2262 4897 2437 4953 bestia
2481 4911 2591 4968 pro
2611 4896 2831 4952 habitus
2861 4894 3094 4962 ratione,
3128 4908 3229 4950 nec
3258 4908 3365 4947 non
3415 4907 3578 4948 omne
3614 4893 3735 4948 ani-

2147 4994 2257 5049 mal
2285 5000 2340 5048 et
2369 4991 2581 5062 reptile.

2220 5084 2496 5156 Ejusdem.
2530 5081 2728 5139 Leonis
2774 5090 3005 5137 matrem
3056 5079 3237 5134 innuit
3266 5068 3530 5149 principis
3564 5076 3743 5131 lSraet

2148 5190 2502 5248 synagogam,
2536 5190 2659 5244 qua:
2683 5181 2740 5229 et
2771 5173 2890 5243 ipsa
2922 5173 2977 5226 in
3012 5171 3200 5227 multis
3222 5170 3442 5225 eﬂ'erata
3476 5174 3580 5230 est,
3616 5177 3728 5220 tum

2147 5268 2448 5339 praesertim
2479 5265 2700 5336 quando
2747 5264 2921 5319 dedit.
2948 5278 3136 5319 vocem
3186 5277 3340 5318 suam
3391 5267 3581 5317 contra
3623 5256 3732 5312 Du-

2145 5362 2358 5416 minum
2407 5372 2589 5425 suum,
2644 5355 2924 5412 dicens.”
2970 5374 2983 5411 :
3040 5354 3219 5424 Tolle,
3266 5353 3426 5418 tolle,
3478 5350 3734 5420 crucifige

2144 5467 2496 5612 emlna‘jusdem.
2534 5537 2689 5593 Multi
2729 5537 2981 5593 homines
3014 5537 3149 5591 nihil
3171 5552 3201 5591 a
3231 5534 3421 5590 bestiis
3446 5531 3743 5599 differunt;

533 5666 800 5744 fﬁzcch.
822 5672 978 5744 xviri,
997 5670 1118 5744 ’ἶ
1142 5672 1270 5744 ibid.
1295 5672 1380 5744 ιο,
1459 5675 1506 5708 ’⁷⁸
1540 5674 1669 5729 ibid.
1702 5675 1788 5729 12.
1866 5678 1911 5712 ⁷⁹
1934 5677 2039 5733 Pro

2145 5693 2244 5744 ull,
2270 5675 2324 5730 8.
2400 5675 2448 5708 ⁸ο
2473 5673 2670 5731 Ezech.
2702 5689 2860 5738 xvrn,
2891 5673 2977 5729 12.
3040 5673 3083 5704 ⁸³
3112 5672 3242 5729 ibid.
3274 5674 3363 5744 M.
3435 5671 3485 5744 P'
3507 5670 3638 5725 ibid.
3668 5671 3722 5744 ξ.

459 5737 511 5815 ff
534 5738 664 5815 ibid.
700 5739 792 5795 24.
870 5741 1065 5815 ξήρὺἱύ.
1093 5743 1181 5798 29.
1258 5744 1305 5777 ⁸³
1333 5742 1531 5803 Ezcclt.
1561 5760 1718 5815 xvm,
1747 5748 1834 5805 29.
1913 5749 1959 5781 ⁸⁸
1987 5750 2042 5805 ib

2149 5737 2240 5804 51.
2300 5746 2344 5780 ⁸⁷
2367 5746 2496 5803 ibid.
2589 5745 2633 5777 ⁸⁸
2664 5737 2878 5803 Coloss.
2917 5759 2997 5812 tu,
3024 5744 3111 5800 10.

461 5808 514 5842 ὀ
537 5807 696 5865 Joan.
729 5824 840 5881 xix,
876 5811 961 5867 15.

3223 5747 3267 5779 ⁸³
3289 5743 3488 5800 Ezcch.
3518 5758 3632 5798 xu.
3665 5741 3722 5795 2.
