4128 6432
428 409 534 464 819

1867 412 1959 469 EX
2000 410 2306 469 ORIGENE

3601 411 3707 471 830

424 531 556 595 quin
588 538 643 589 et
674 531 782 587 illis
807 534 1129 588 crudelitate
1162 544 1216 588 et
1264 534 1471 588 satvitia
1514 534 1750 591 deterior
1787 550 1816 592 ι
1854 546 1971 592 sunt

2076 575 2084 598 ι
2118 551 2292 604 ρουσι,
2325 533 2526 603 μᾶλλον
2549 531 2607 585 δὲ
2631 533 2725 584 καὶ
2751 530 2966 603 χείρους
2998 532 3107 586 είσὶ
3126 531 3336 605 θηρίων
3365 536 3433 606 τῇ
3454 522 3707 607 ’ὠμότητι

421 622 733 692 eujusmodi
761 636 875 681 erat
903 638 957 681 et
993 627 1093 682 iste
1123 628 1216 696 qui
1254 627 1453 682 dicitur
1475 628 1727 699 princeps
1759 627 1944 685 Israel.

490 801 564 857 Et
592 807 814 859 vastavit
844 815 1041 860 terram
1067 818 1115 863 et
1144 808 1524 876 plenitudinem
1551 812 1666 880 ejus
1690 828 1723 865 ιι
1755 828 1875 866 vace
1904 829 1997 865 ru-

2115 625 2208 678 καὶ
2239 626 2305 696 τῇ
2337 624 2704 695 ἁπανθρωπίᾳ
2723 639 2736 653 ·
2776 618 2889 686 οἷος
2924 617 2993 695 ἦν
3030 625 3127 678 καὶ
3150 616 3309 689 οὗτος
3350 625 3381 678 ὁ
3413 625 3706 698 λεγῧμενος

2111 717 2294 789 ἄρχων
2323 715 2419 770 τοῦ
2464 714 2702 786 Ἰσραήλ.

2181 806 2290 861 Καὶ
2325 807 2591 877 ἠφάνισε
2622 804 2743 877 γῆν
2784 806 2883 859 καὶ
2920 806 2987 860 τὸ
3020 805 3316 876 πλήρωμα
3346 807 3540 876 αὐτῆς
3582 809 3703 863 ἀπὸ

415 893 557 964 gitns
583 897 669 949 sui
695 896 761 952 ".
795 897 944 952 Alter
972 897 1061 954 hic
1084 896 1168 954 leo
1201 916 1311 955 non
1342 901 1519 957 solum
1568 902 1754 971 impiis
1788 902 1967 956 artibu

2108 902 2312 974 φωνῆς
2353 903 2707 972 ὠρυὼματος
2751 902 2961 956 αὐτοῦ.
2993 896 3162 965 Οὗτος
3198 902 3227 954 ὁ
3265 901 3520 975 δεύτερος
3561 901 3702 955 λέων

414 984 497 1039 leo
539 996 652 1041 erat
702 998 942 1046 \astator
984 992 1306 1055 hominum,
1362 1006 1548 1048 verum
1595 993 1759 1047 etiam
1806 1009 1996 1049 eorum

411 1078 716 1147 symbolum
749 1083 844 1151 qui
876 1082 1215 1153 impiissimis
1242 1085 1358 1139 suis
1380 1084 1647 1140 doctrinis
1679 1092 1881 1139 terram
1912 1084 1998 1140 de-

406 1170 608 1234 Solant,
636 1180 690 1224 et
716 1174 809 1242 qui
836 1188 956 1229 eam
990 1174 1319 1230 inhabitant.
1358 1173 1438 1229 Ad
1465 1177 1702 1231 litteram
1748 1177 1914 1247 igitur
1938 1176 1994 1230 hi

405 1258 593 1315 leones
627 1263 796 1334 tlgura
827 1275 958 1319 sunt
985 1282 1172 1336 regum
1203 1265 1528 1331 Jerusalem,
1576 1283 1810 1337 quorum
1843 1268 1995 1338 prior

405 1349 459 1404 in
498 1350 795 1423 Egyptum
828 1358 1060 1412 traditus
1086 1365 1189 1424 est;
1223 1358 1359 1411 alter
1383 1372 1533 1425 vero,
1568 1358 1714 1427 quod
1742 1358 1995 1429 superio-

404 1458 520 1497 rem
569 1445 848 1516 impietate
877 1451 1136 1514 vinceret,
1184 1450 1237 1505 in
1288 1449 1641 1521 Babylonem.
1688 1448 1798 1505 Nec
1843 1461 1992 1507 caret

404 1549 570 1591 sensu
597 1539 828 1608 spiritali
860 1542 945 1597 his
973 1542 1066 1613 qui
1092 1552 1323 1612 possunt
1354 1542 1677 1613 intelligere.
1716 1532 1991 1600 Eveniunt

403 1637 587 1683 antem
619 1631 744 1685 talia
774 1634 938 1689 etiam
968 1633 1152 1703 impiis
1183 1633 1450 1690 haereticis
1472 1678 1485 1702 ,
1531 1636 1626 1706 qui
1679 1636 1987 1692 doctrinam

401 1734 511 1773 non
542 1730 787 1790 servant,
815 1722 910 1778 sed
943 1737 1063 1777 eam
1100 1724 1465 1792 conculcant;
1512 1741 1750 1796 quorum
1786 1728 1879 1785 alii
1932 1731 1987 1785 in

2106 997 2166 1049 οὐ
2209 994 2367 1065 μόνον
2417 991 2614 1063 πράξει
2645 989 2901 1054 ἀσεϐείας
2945 980 3017 1061 ἦν
3050 990 3189 1044 λέων
3214 990 3434 1062 λυμεὼν
3470 993 3583 1045 τῶν
3606 993 3705 1046 ἀν-

2106 1082 2363 1155 θρώπων,
2408 1082 2544 1136 ἀλλὰ
2589 1082 2684 1135 καὶ
2718 1080 2986 1151 σύμϐολόν
3019 1082 3138 1134 ἐστι
3159 1079 3273 1134 τῶν
3320 1080 3380 1135 έν
3420 1084 3537 1146 τοῖς
3568 1083 3699 1136 ἀσε-

2105 1172 2386 1237 ϐεστάτοις
2415 1171 2582 1226 αὐτοῦ
2620 1171 2890 1241 δόγμασιν
2930 1170 3285 1242 ὲρημούντων
3327 1172 3432 1243 τὴν
3466 1172 3572 1241 γῆν
3601 1174 3695 1227 καὶ

2102 1263 2228 1328 τοὺς
2258 1262 2540 1327 οἰκοῦντας
2590 1263 2781 1334 αὐτήν.
2823 1261 3104 1332 Σύμϐολον
3143 1258 3240 1316 οὖν
3267 1262 3407 1319 είσιν
3436 1254 3584 1318 οὗτοι
3638 1266 3692 1319 οἱ

2101 1352 2312 1419 λέοντες
2338 1352 2449 1408 τῶν
2489 1353 2592 1424 τῆς
2648 1352 3008 1425 Ἰερουσαλὴμ
3049 1351 3315 1424 βασιλέων
3341 1353 3484 1408 κατὰ
3511 1354 3577 1408 τὺ
3606 1356 3693 1409 αἱ·

2102 1445 2327 1516 σθητόν·
2361 1443 2457 1499 τοῦ
2490 1444 2590 1516 μὲν
2613 1444 2833 1517 πρώτου
2863 1445 3261 1517 παραδοθέντος
3290 1447 3371 1510 είς
3393 1444 3689 1514 Αἴγυπτονθ

2097 1538 2190 1591 τοῦ
2207 1538 2263 1591 δὲ
2281 1537 2561 1606 δευτέρου,
2576 1537 2653 1602 ὡς
2673 1538 3058 1611 ἀσεϐεστέρου,
3083 1541 3162 1604 είς
3184 1536 3505 1593 Βαϐυλῶνα.
3535 1538 3691 1610 Ἔχει

2097 1629 2154 1683 δὲ
2217 1632 2312 1685 καὶ
2367 1630 2465 1703 τὴν
2518 1631 2812 1705 ἀναγωγὴν
2856 1630 2969 1695 τοῖς
3024 1629 3345 1702 δυναμένοις
3389 1631 3686 1704 θεωρῆσαι.

2096 1723 2336 1779 Τοιαῦτα
2357 1723 2415 1778 δὲ
2447 1722 2717 1795 πάσχουσι
2751 1724 2849 1779 καὶ
2878 1724 2931 1778 οἱ
2955 1723 3175 1793 ἀσεϐεῖς
3202 1726 3491 1798 αίρετικοὶ,
3526 1727 3576 1779 oi
3611 1726 3686 1797 μὴ

401 1807 505 1863 hoc
530 1811 732 1865 saecqu
760 1812 1101 1882 spiritalibus
1128 1813 1423 1870 traduntur
1454 1815 1749 1888 Egyptiis,
1772 1819 1866 1877 alii
1902 1836 1967 1876 ve

2096 1815 2463 1884 φυλάσσοντες
2494 1816 2585 1871 τὸν
2606 1815 2786 1884 λόγον,
2820 1812 2956 1869 ἀλλὰ
2997 1815 3470 1881 καταπατοῦντεςο
3506 1819 3557 1870 οἱ
3589 1817 3687 1888 μὲν

396 1896 452 1951 in
482 1898 584 1953 hoc
611 1898 811 1957 sarequ
832 1903 917 1959 vel
948 1911 1072 1973 post
1102 1911 1333 1960 mortem
1363 1905 1593 1976 spiritali
1624 1906 1971 1966 Nabuchodo

2093 1906 2515 1980 παραδιδόμενοι
2558 1906 2797 1963 ἐνταῦθα
2835 1909 2951 1974 τοῖς
2993 1910 3206 1979 νοητοῖς
3250 1910 3605 1978 Αἰγυπτίοις,
3634 1911 3687 1964 οἱ

395 1988 600 2047 nosori.

1030 2150 1182 2208 CAP.
1223 2150 1341 2209 XX.

467 2260 536 2317 Et
572 2264 695 2319 dedi
728 2268 801 2322 eis
847 2277 1111 2337 prwcepta
1140 2284 1246 2327 non
1296 2271 1431 2325 bona
1463 2274 1531 2327 ".
1572 2270 1835 2339 Quaenam
1867 2276 1982 2332 haec

393 2365 541 2422 sunt,
575 2356 681 2412 nisi
725 2356 982 2414 occidens
1032 2357 1212 2415 littera
1260 2360 1392 2431 legis
1418 2402 1436 2430 ,
1481 2371 1535 2417 et
1588 2372 1978 2423 testamentum

390 2447 587 2503 mortis
620 2448 815 2506 litteris
846 2450 1214 2508 deformatum
1245 2454 1299 2508 in
1332 2454 1625 2524 lapidibus,
1669 2468 1834 2531 atque
1872 2462 1978 2516 mi-

390 2538 648 2596 nistratio
678 2540 1406 2620 damnationistUtrumque
1435 2548 1600 2619 igitur
1627 2552 1816 2606 eadem
1845 2568 1978 2609 voce

390 2630 722 2701 praecipitur,
755 2634 933 2691 littera
962 2644 1017 2692 et
1059 2635 1303 2709 spiritus.
1346 2637 1451 2694 Sed
1500 2655 1623 2711 quae
1672 2644 1974 2700 secundum

388 2721 624 2779 litteram
648 2735 777 2781 sunt
808 2738 1097 2799 praecepta,
1138 2744 1247 2786 non
1274 2740 1405 2787 sunt
1427 2732 1697 2803 facienda;
1725 2750 1848 2805 qua:
1875 2752 1976 2791 au-

386 2824 494 2870 tem
525 2819 827 2876 secundum
857 2823 1107 2893 spiritum
1132 2832 1281 2892 sunt,
1308 2824 1425 2881 haec
1454 2836 1580 2882 sunt
1602 2828 1972 2901 adimplenda.

385 2910 652 2968 Praeterea
672 2911 723 2967 id
740 2915 884 2984 quod
895 2916 1165 2985 ejusmodi
1188 2927 1273 2974 est.
1298 2919 1705 2988 reprehensioni
1730 2938 1837 2977 non
1851 2939 1973 2981 esse

386 3003 709 3071 obnoxium,
743 3017 795 3062 et
829 3018 1093 3078 praecepta
1122 3009 1285 3082 435
1315 3013 1562 3082 quaedam
1590 3016 1851 3085 polluere,
1882 3018 1973 3073 di-

385 3095 591 3151 scimus
649 3113 756 3153 non
802 3100 978 3155 solum
1020 3101 1089 3155 ab
1137 3102 1398 3172 Apostolo
1428 3103 1563 3159 Novi
1596 3104 1969 3175 Testamenti,

2092 1998 2206 2070 δὲῆ
2242 1998 2476 2055 ἐνταῦθα
2511 2001 2545 2071 ἢ
2578 1998 2719 2072 μετὰ
2753 1998 2853 2072 τὴν
2889 1996 3067 2066 ἔξοδον
3104 1998 3182 2071 τῷ
3210 2001 3388 2073 νοητῷ
3410 2001 3687 2073 Ναϐουχο-

2089 2088 2330 2163 δονόσορ.

2740 2180 2921 2236 ΚΕΦ.
2962 2181 3045 2235 κν.

2160 2273 2269 2328 Kal
2291 2272 2485 2328 ἔδωκα
2511 2272 2719 2341 αὐτοῖς
2753 2274 3181 2345 προστάγματα
3223 2276 3296 2329 οὐ
3335 2273 3509 2328 καλά.
3547 2272 3683 2328 Τίνα

2085 2362 2145 2417 δὲ
2166 2358 2236 2436 ἦν
2268 2362 2443 2420 ταῦτα
2469 2363 2504 2437 ἢ
2548 2363 2611 2419 τὸ
2639 2364 2963 2419 ἀποκτεῖνον
2985 2363 3222 2436 γράμμα
3247 2362 3342 2417 τοῦ
3370 2363 3557 2434 νόμου,
3583 2363 3681 2415 καὶ

2085 2453 2120 2523 ή
2152 2451 2386 2526 διαθήκη
2420 2453 2514 2507 τοῦ
2553 2454 2786 2509 θανάτου
2823 2456 2882 2507 έν
2910 2452 3234 2527 γράμμασιν
3258 2452 3676 2523 ἐντετυπωμένη

2085 2543 2341 2612 λιθίνοις,
2377 2546 2473 2601 καὶ
2518 2547 2553 2618 ἡ
2593 2545 2841 2600 διακονία
2872 2544 2973 2618 τῆς
3005 2545 3419 2618 κατακρίσεως;
3467 2542 3675 2616 Ἀμφό-

2081 2655 2217 2711 τερα
2244 2635 2338 2694 οὖν
2368 2639 2457 2694 διὰ
2489 2638 2592 2711 τῆς
2630 2639 2803 2711 αὐτῆς
2836 2638 3237 2713 προστάσσεται
3277 2637 3482 2709 φωνῆς,
3513 2637 3574 2691 τό
3612 2654 3675 2691 τε

2081 2730 2321 2804 γράμμα
2346 2732 2444 2787 καὶ
2472 2732 2534 2787 τὸ
2552 2732 2771 2804 πνεῦμα
2786 2749 2801 2763 ο
2830 2731 2967 2787 ἀλλὰ
2986 2732 3057 2785 τὰ
3082 2733 3181 2803 μὲν
3199 2730 3342 2785 κατὰ
3360 2729 3420 2784 τὺ
3437 2728 3674 2803 γράμμα

2083 2824 2484 2895 προστάγματα
2510 2824 2573 2878 οὐ
2610 2823 2693 2879 δεῖ
2723 2825 2930 2878 ποιεῖν’
2964 2821 3034 2877 τὰ
3067 2824 3125 2878 δὲ
3154 2825 3296 2880 κατὰ
3326 2824 3387 2878 τὺ
3425 2824 3669 2896 πνεῦμα,

2081 2916 2356 2987 ποιητέον.
2399 2916 2519 2971 Ὅτι
2552 2915 2613 2969 τὸ
2657 2916 2715 2970 δὲ
2743 2914 2985 2970 τοιοῦτον
3026 2916 3359 2989 ἀνέγκλητον
3390 2916 3507 2971 ἐστι
3527 2957 3542 2981 ,
3578 2916 3673 2970 καὶ

2082 3006 2303 3079 βεϐηλοῖ
2347 3024 2471 3062 τινα
2518 3006 2627 3062 τῶν
2683 3007 3159 3080 προσταγμάτων,
3218 3008 3561 3081 μανθάνομεν
3606 3008 3670 3063 οὐ

2082 3103 2243 3173 μόνον
2286 3102 2394 3156 ἀπὸ
2444 3101 2538 3155 τοῦ
2608 3100 2923 3156 Ἀποστόλου
2982 3101 3082 3172 τῆς
3127 3101 3321 3173 καινῆς
3367 3101 3666 3173 Διαθηκης,

384 3190 477 3244 sed
511 3200 565 3246 et
594 3207 658 3247 ex
714 3193 822 3248 illis
855 3193 1203 3251 manifestum
1234 3206 1318 3253 est
1359 3199 1452 3269 qui
1493 3210 1619 3258 ante
1664 3199 1968 3261 Salvatoris

2076 3194 2213 3250 ἀλλὰ
2246 3195 2343 3248 καὶ
2376 3194 2485 3249 ἀπὸ
2518 3194 2626 3250 τῶν
2660 3193 2768 3264 πρὸ
2805 3193 2905 3264 τῆς
2937 3193 3240 3264 παρουσίας
3279 3191 3375 3247 τοῦ
3412 3194 3666 3267 Σωτῆρος

382 3286 673 3338 adventum
703 3286 1032 3339 exstiterunt
1064 3305 1077 3339 :
1111 3286 1235 3343 inde
1252 3289 1510 3345 nimirum
1535 3292 1681 3363 quod
1713 3296 1968 3351 sacerdo-

2076 3286 2260 3358 δῆλον,
2296 3287 2359 3339 ὲκ
2384 3285 2477 3339 τοῦ
2500 3286 2626 3350 τοὺς
2657 3263 2756 3355 μὲν
2790 3263 2955 3356 ἱερεῖς
2982 3263 3140 3356 ἐντῷ
3174 3283 3304 3356 ἱερῷ
3327 3285 3420 3341 τὸν
3454 3263 3665 3342 Σάϐϐα-

384 3382 462 3428 tes
492 3374 545 3427 in
586 3375 786 3445 templo
813 3374 1112 3433 Sabhalutn
1150 3379 1436 3450 violantes,
1473 3384 1591 3439 sine
1625 3387 1852 3443 crimine
1879 3403 1968 3443 es-

379 3471 501 3517 sent
529 3462 598 3528 ",
633 3465 766 3519 etin
806 3464 1047 3523 Sabbato
1071 3469 1552 3528 cit'eutncideretur
1584 3475 1769 3543 homo,
1803 3476 1874 3532 ita
1910 3488 1967 3533 ut

377 3555 463 3613 lex
496 3571 603 3610 una
635 3558 959 3625 solveretur,
993 3569 1047 3616 et
1080 3562 1186 3617 alia
1228 3574 1579 3634 servaretur;
1626 3569 1754 3625 inde
1797 3571 1961 3625 etiam

374 3648 521 3717 quod
568 3646 743 3704 David
785 3666 853 3706 ex
903 3653 1139 3722 panibus
1178 3657 1570 3726 propositionis
1623 3663 1961 3732 comederit,

372 3753 513 3809 quos
544 3754 652 3795 non
680 3737 880 3797 licebat
908 3744 958 3798 ei
987 3744 1147 3800 edere
1176 3761 1354 3817 neque
1398 3747 1508 3805 illis
1546 3750 1638 3820 qui
1668 3766 1791 3807 cum
1844 3754 1962 3825 ipso

371 3838 549 3897 erant,
579 3831 685 3887 nisi
719 3832 852 3890 solis
890 3834 1271 3893 sacerdotibus
1300 3838 1368 3908 “;
1392 3840 1520 3895 item
1555 3842 1682 3899 inde
1707 3845 1854 3914 quod
1879 3847 1959 3902 si-

369 3920 615 3976 mulacra
658 3923 942 3983 cherubim
983 3939 1099 3983 tum
1147 3928 1203 3985 in
1242 3931 1596 3989 tabernaculo
1639 3938 1957 4006 testimonii,

368 4019 485 4066 tum
537 4013 592 4068 in
629 4017 832 4087 templo
877 4017 1017 4075 facta
1065 4021 1178 4076 sint
1211 4024 1257 4055 "
1282 4058 1297 4083 ,
1334 4033 1388 4080 et
1429 4024 1642 4098 Moyses
1690 4031 1958 4101 serpentis

370 4103 506 4162 aenei
540 4107 893 4167 simulacrum
921 4111 1238 4170 conﬂaverit
1272 4117 1339 4172 “.

971 4203 1127 4260 CAP.
1168 4205 1331 4263 XXII.

438 4288 576 4346 Ecce
615 4290 749 4362 facti
791 4306 912 4351 sunt
954 4296 1083 4351 milii
1135 4298 1322 4356 domus
1372 4300 1543 4358 Israel
1582 4306 1799 4362 admisti
1842 4325 1954 4362 om-

366 4397 457 4438 nes
488 4382 555 4439 ⁸⁷.
594 4383 758 4441 Sedet
789 4384 1056 4445 Dominus
1081 4389 1134 4445 in
1162 4392 1344 4450 medio
1374 4391 1676 4452 Jerusalem
1704 4398 1952 4456 conﬂans

365 4487 556 4530 omnes
592 4477 857 4535 admistos
886 4491 1111 4551 argento
1144 4496 1197 4540 et
1224 4495 1441 4552 stanno,
1476 4499 1531 4543 et
1567 4505 1673 4544 aere
1697 4501 1747 4545 et
1770 4492 1950 4561 piunt-

365 4565 438 4621 bo
464 4567 530 4634 ⁸⁸,
567 4568 1026 4644 reprehenditque
1053 4590 1149 4631 eos
1181 4578 1274 4646 qui
1324 4580 1609 4635 materiam
1641 4582 1801 4637 vilem
1842 4584 1951 4638 oir-
1979 4599 2027 4660 ι)

366 4674 491 4715 cum
519 4675 579 4718 se
608 4660 832 4729 habent,
863 4672 917 4720 et
946 4666 1022 4723 ait
1042 4667 1089 4701 9’
1123 4688 1136 4723 ε
1170 4671 1460 4740 Argentum
1498 4673 1788 4728 admistum
1816 4675 1950 4745 facti

364 4762 510 4811 sunt.
537 4752 676 4810 Cum
706 4756 851 4811 enim
876 4768 1139 4817 creatura:
1164 4759 1257 4817 Dei
1285 4779 1407 4833 quae
1438 4764 1580 4821 bona
1615 4775 1719 4834 est,
1742 4782 1806 4822 ex
1844 4782 1950 4824 no-

363 4853 478 4900 stra
514 4846 779 4915 pravitate
811 4851 1292 4920 superinducimus
1317 4856 1481 4925 mala,
1512 4858 1818 4928 plumbum,
1850 4875 1948 4928 tes,

362 4948 619 4995 stannum
658 4942 1152 5013 superinducimus,
1170 4947 1369 5003 malam
1394 4949 1642 5007 videlicet
1656 4954 1949 5020 actionem,

361 5028 639 5103 impieque
670 5032 925 5104 dogmata
967 5052 1033 5094 ac
1075 5047 1287 5111 turpem
1320 5041 1626 5099 libidinem.
1654 5042 1947 5116 Propterea

360 5124 505 5179 enim
543 5123 667 5194 igne
705 5139 843 5195 opus
869 5136 971 5183 est.

924 5285 1076 5341 CAP.
1118 5289 1357 5346 XXVIII.

434 5367 591 5425 Omni
621 5370 755 5428 bona
798 5375 978 5445 lapide
1025 5381 1389 5438 circumdatus
1424 5400 1477 5437 es
1520 5388 1561 5440 '.
1611 5384 1856 5443 Ilabebat
1888 5392 1940 5443 in

359 5462 604 5523 humeris
621 5467 860 5537 pontifex
876 5472 1162 5528 duodecim
1189 5474 1393 5544 lapides
1405 5476 1604 5547 quibus
1620 5480 1941 5543 ornabatur,

358 5569 481 5612 cum
508 5559 584 5616 rei
614 5576 782 5618 sacrae
807 5563 966 5623 dabat
997 5580 1242 5636 operam.
1275 5566 1385 5625 Hos
1413 5570 1618 5641 lapides
1649 5574 1945 5642 8|]prde-

2066 3394 2159 3432 τον
2188 3376 2551 3449 βεϐηλοῦντας
2578 3376 2854 3439 ἀναιτίους
2873 3371 3034 3441 εἶναι,
3061 3377 3155 3429 καὶ
3177 3378 3235 3431 ἐν
3273 3375 3536 3449 Σαϐϐάτῳ
3564 3394 3662 3436 πε-

2070 3468 2419 3540 ριτέμνεσθαι
2469 3468 2788 3539 ἄνθρωπον·
2844 3467 2965 3531 ἑνὸς
3012 3468 3110 3538 μὲν
3159 3468 3418 3539 λυομένου
3461 3468 3656 3540 νόμου,

2066 3560 2184 3624 ἑνὸς
2207 3560 2263 3613 δὲ
2290 3560 2649 3631 τηρουμένουο
2682 3558 2775 3611 καὶ
2801 3560 2867 3611 ἐκ
2888 3558 2982 3612 τοῦ
3020 3559 3112 3613 τόν
3130 3576 3190 3612 τε
3221 3559 3383 3613 Δαυτδ
3411 3561 3503 3614 καὶ
3527 3559 3657 3624 τοὺς

2066 3651 2163 3704 σὺν
2191 3648 2340 3720 αὐτῷ
2368 3648 2705 3720 βεϐρωκέναι
2733 3647 2843 3702 ἀπὸ
2866 3648 2975 3703 τῶν
2996 3649 3175 3721 ἄρτων
3199 3650 3297 3719 τῆς
3322 3648 3653 3722 προθέσεως,

2061 3742 2155 3807 οὓς
2187 3744 2289 3797 οὐκ
2325 3742 2470 3814 eam
2484 3722 2649 3814 αὐτῷ’
2678 3745 2873 3814 φαγεῖν
2893 3786 2908 3811 ,
2942 3744 3065 3798 οὐδὲ
3094 3746 3208 3809 τοῖς
3241 3747 3359 3817 μετ’
3388 3744 3573 3811 αὑτοῦ,
3606 3747 3656 3799 εἰ

2065 3837 2143 3908 μὴ
2161 3837 2277 3900 τοῖς
2304 3834 2514 3909 ἱερεῦσι
2564 3838 2769 3909 μόνοις·
2805 3838 2902 3891 καὶ
2936 3838 3001 3891 ὲκ
3028 3836 3121 3892 τοῦ
3151 3838 3405 3911 ὁμοίωμα
3436 3838 3657 3911 γεγονέ-

2061 3944 2150 3981 ναι
2180 3926 2237 3983 ἐν
2264 3945 2324 3981 τε
2347 3930 2414 4000 τῇ
2445 3931 2620 4001 σκηνῇ
2650 3928 2742 3982 τοῦ
2770 3930 3071 4002 μαρτυρίου
3096 3929 3192 3984 καὶ
3217 3932 3274 3984 έν
3297 3930 3377 4003 τῷ
3401 3930 3515 4003 ναῷ
3547 3929 3657 3985 τῶν

2060 4020 2360 4094 χερουϐίμ·
2407 4021 2504 4075 καὶ
2550 4021 2656 4076 ὑπὸ
2693 4022 2975 4087 Μωῦσέως
3018 4023 3275 4096 ὁμοίωμα
3319 4023 3657 4079 κατεσκευά-

2063 4112 2187 4166 σθαι
2219 4113 2398 4184 δφεως
2433 4113 2659 4186 χαλκοῦ.

2682 4204 2865 4260 ΚΕΦ.
2905 4204 3035 4261 KB'.

2143 4296 2298 4351 Ἰδοὺ
2349 4297 2636 4369 γεγόνασί
2688 4314 2792 4369 μοι
2840 4293 3007 4364 οἶκος
3062 4300 3312 4380 Ἰσραὴλ
3370 4302 3655 4372 ἀναμεμι-

2056 4389 2261 4459 γμένοι
2292 4389 2536 4458 πάντες.
2562 4389 2816 4464 Κάθηται
2846 4389 3052 4463 Κύριος
3077 4394 3138 4446 ὲν
3172 4392 3322 4466 μέσῳ
3346 4394 3444 4465 τῆς
3458 4395 3653 4467 Ἰερου-

2059 4481 2243 4553 σαλὴμ
2279 4482 2533 4553 χωνεύων
2573 4483 2701 4548 τοὺς
2736 4483 3226 4556 ἀναμεμιγμένους
3261 4486 3510 4559 ἀργυρίῳ
3557 4487 3651 4541 καὶ

2053 4571 2385 4644 κασσιτέρῳ,
2409 4572 2501 4627 καὶ
2528 4572 2715 4645 χαλκῷ
2739 4576 2833 4630 καὶ
2864 4574 3119 4647 μολίϐδῳ,
3143 4577 3236 4631 καὶ
3266 4579 3503 4631 αἰτιᾶται
3523 4579 3648 4640 τοὺς

2051 4661 2274 4733 ἔχοντας
2308 4662 2441 4735 ῦλην
2483 4663 2676 4735 εὐτελῆ
2720 4664 2850 4737 περὶ
2882 4666 3108 4730 ἑαυτοὺς
3127 4706 3142 4731 ,
3175 4666 3272 4719 καὶ
3299 4665 3450 4734 λέγει
3469 4682 3482 4695 ο
3524 4667 3642 4733 Ἆρ-

2053 4752 2261 4822 γύριον
2294 4753 2772 4825 ἀναμεμιγμένον
2809 4756 3207 4827 ἐγενήθησαν.
3246 4756 3412 4809 Ὅταν
3442 4754 3551 4826 γὰρ
3573 4756 3640 4827 τῇ

2054 4843 2228 4897 κτίσει
2259 4842 2354 4897 τοῦ
2386 4843 2523 4898 Θεοῦ
2558 4846 2627 4916 τῇ
2669 4845 2807 4918 καλῇ
2852 4847 3293 4919 ὲπεισηγάγομεν
3321 4848 3388 4900 ὲκ
3415 4845 3515 4917 τῆς
3542 4862 3640 4900 κα-

2057 4933 2180 4997 κίας
2222 4932 2380 5004 ἡμῶν
2415 4933 2486 4988 τὰ
2524 4933 2728 5004 φαῦλα,
2774 4937 3024 5009 μόλιϐδον
3066 4936 3505 5006 έπεισηγάγομεν
3546 4936 3641 4991 καὶ

2056 5023 2275 5094 χαλκὸν,
2308 5025 2403 5079 καὶ
2436 5027 2760 5099 κασσίτερον
2779 5043 2793 5059 ο
2844 5028 2943 5101 τὴν
2976 5025 3151 5098 κακὴν
3194 5025 3391 5099 πρᾶξιν
3423 5026 3520 5081 καὶ
3552 5026 3639 5080 δό-

2055 5133 2239 5187 γματα
2283 5116 2492 5183 ἁθείας,
2528 5119 2624 5172 καὶ
2660 5119 2759 5191 τὴν
2792 5119 2930 5192 πρὸς
2970 5120 3032 5174 τὸ
3071 5118 3229 5190 σῶμα
3275 5116 3636 5189 συμπάθειαν.

2054 5209 2152 5263 Διά
2180 5208 2349 5264 ταῦτα
2379 5209 2488 5283 γὰρ
2521 5210 2678 5282 χρεία
2711 5211 2805 5265 τοῦ
2841 5212 3031 5283 πυρός.

2654 5302 2839 5359 ΚΕΦ.
2884 5303 3032 5357 KH'.

2117 5392 2322 5447 Πάντα
2346 5393 2521 5448 λίθον
2550 5392 2822 5463 χρηστὸν
2848 5392 3181 5449 ὲνὸἐδεσαι.
3210 5394 3428 5450 Δώδεκα
3458 5395 3638 5461 λίθους

2047 5479 2192 5555 εἶχεν
2214 5485 2306 5538 ἐπὶ
2329 5486 2437 5539 τῶν
2456 5484 2623 5557 ὤμων
2644 5488 2673 5539 ὁ
2692 5487 2980 5558 ἀρχιερεὺς
3000 5487 3343 5559 κοσμοῦντας
3361 5489 3525 5544 αὐτὸν
3544 5488 3637 5545 τοῦ

2050 5576 2409 5648 ἀρχιερᾶσθαι
2437 5576 2515 5650 τῷ
2541 5576 2678 5648 Θεῷ.
2717 5576 2953 5643 Τούτους
2989 5579 3115 5643 τοὺς
3149 5579 3333 5646 λίθους
3358 5580 3634 5635 ἐποικοδο-

442 5760 933 5857 f‘IEzec.l3..}tx,L7.
1005 5775 1051 5806 "
1088 5772 1540 5857 13:7;‘ecll;nX-§,_25:
1616 5777 1969 5857 "M_atth.._x_t

2076 5821 2092 5857 _.
2171 5779 2217 5810 "
2248 5780 2420 5857 Exod.
2453 5797 2579 5857 xiv,
2612 5779 2700 5857 I8_.
2780 5782 2825 5812 ’⁸
2856 5780 2926 5834 III
2963 5778 3095 5857 Reg.
3127 5798 3202 5855 VI,
3236 5782 3321 5840 I9.
3367 5781 3440 5857 _“
3465 5778 3629 5838 Num.

363 5848 478 5901 nt,
512 5834 565 5890 8.
639 5837 681 5869 ’⁷
710 5838 909 5895 Ezech.
942 5856 1082 5909 xm,
1112 5843 1198 5900 18.
1268 5846 1313 5878 ’⁸
1340 5834 1571 5904 Malach.
1606 5863 1688 5919 ιιι,
1724 5848 1777 5905 5.

1854 5849 1898 5883 ’³
1928 5848 2125 5907 Ezech.
2155 5863 2293 5924 xm,
2321 5852 2407 5908 18.
2488 5854 2504 5884 ¹
2531 5850 2731 5911 Ezeeh.
2760 5867 2956 5922 nvnt,
2975 5848 3062 5909 I51
