4128 6492
477 421 573 476 821

1675 408 1992 469 SELECTA
2032 407 2101 463 IN
2137 404 2594 461 EZECIIIELEM.

3644 407 3756 461 82.2

480 543 568 614 μεῖ
610 542 639 596 6
680 539 934 613 ἐνάρετος
975 539 1067 592 ἐπὶ
1102 538 1194 592 τὸν
1241 535 1533 607 ἀσάλευτον
1568 532 1836 604 θεμέλιον,
1876 529 1971 592 οὓς
2001 527 2050 580 τί

2168 525 2292 583 licat
2327 525 2545 580 virtutis
2593 521 2773 581 cultor
2795 536 2962 594 super
2993 523 3277 580 inunctqu
3308 523 3757 589 fundamentum,

475 632 587 705 πῦρ
609 631 953 687 κατακαῦσαι
980 631 1080 685 οὐκ
1109 629 1300 700 ἰσχύει·
1334 624 1675 694 ἐποικοδομεῖ
1696 625 1753 678 δὲ
1775 626 1887 686 τοῖς
1912 622 2062 684 ἰδίοις

472 722 668 794 ὤμοις,
718 724 967 777 τουτέστι
1013 723 1196 787 πόνοις
1248 719 1422 783 ἰδίοις.
1459 718 1640 772 Μέσον
1690 715 1747 770 δὲ
1792 715 1997 768 τούτων
2032 714 2062 766 6

473 817 810 889 κεκτημένος
840 818 1011 871 ταῦτα
1040 818 1152 888 ἔχει
1192 815 1285 868 ἐπὶ
1316 812 1410 867 τοῦ
1454 809 1685 881 στήθους
1716 810 1805 862 τὸν
1835 809 1934 878 τῆς
1963 807 2059 878 δη-

360 914 387 928 ⁵
472 906 691 972 λὼσεως
720 907 815 961 καὶ
850 908 943 961 τὸν
985 906 1246 977 ἀληθείας
1278 903 1426 957 λίθον
1458 902 1660 970 τίμιον.
1706 898 1818 953 Καὶ
1869 898 1920 950 οἱ
1962 897 2060 967 μὲν

471 998 681 1055 δώδεκα
729 999 869 1054 λίθοι
911 1001 1061 1069 λόγοι
1103 999 1212 1052 εἰσὶ
1251 997 1360 1051 τῶν
1399 994 1533 1049 υἱῶν
1590 990 1840 1063 Ἰσραὴλ,
1876 991 1934 1045 ἐν
1979 983 2061 1052 οἷς

473 1090 639 1156 λίθοις
668 1091 966 1165 θεωρήσεις
992 1092 1061 1148 τὰ
1084 1088 1250 1163 νοητά
1285 1088 1420 1154 ξύλα
1449 1085 1541 1140 τοῦ
1569 1083 1930 1158 παραδείσου·
1966 1080 2062 1136 καὶ

468 1180 532 1235 τὸ
557 1181 656 1253 μὲν
688 1182 846 1251 ξύλον
876 1184 977 1255 τῆς
1012 1182 1181 1255 ζωῆς,
1210 1182 1239 1235 ὃ
1268 1184 1297 1236 6
1320 1181 1664 1252 κτησάμενος
1688 1175 2060 1249 τυρωθήσεται

469 1271 567 1344 τὴν
594 1274 834 1347 κεφαλὴν
859 1274 938 1346 τῷ
959 1275 1265 1346 άγιάσματι
1284 1272 1510 1344 Κυρίου.
1550 1271 1647 1325 Ἐκ
1671 1267 1779 1323 τῶν
1805 1265 2060 1322 τοιούτων

468 1363 640 1431 ἁγίων
682 1364 846 1419 λίθων
888 1368 1311 1439 συνεστήκεισαν
1343 1366 1400 1418 αἱ
1452 1363 1616 1417 πύλαι
1645 1362 1745 1433 τῆς
1790 1361 2060 1432 Ἰερουσα-

468 1454 600 1528 λὴμ,
632 1459 727 1512 καὶ
749 1460 899 1515 πᾶσα
930 1461 963 1532 ἡ
1005 1460 1390 1532 Ἰερουσαλήμυ
1426 1458 1520 1522 οὓς
1552 1456 1759 1520 πάντας
1789 1451 2060 1511 ὲνδεδύκει

466 1549 498 1601 6
530 1548 714 1620 ἄρχων
747 1550 927 1623 Τύρου
974 1551 1127 1616 ποτὲ,
1167 1552 1228 1604 ού
1263 1550 1449 1615 πόνοις
1485 1548 1655 1614 ἰδίοις,
1684 1546 1821 1601 ἀλλὰ
1850 1544 2056 1616 χάριτι,

466 1639 544 1706 ὡς
591 1644 621 1696 ὁ
666 1641 822 1712 λόγος
883 1642 1268 1716 Ἰερουσαλὴμ,
1307 1642 1403 1696 καὶ
1446 1641 1522 1703 ὡς
1557 1639 1734 1710 ἱερεὺς
1766 1637 1862 1692 τοῦ
1899 1635 2056 1691 Θεοῦ.

480 1725 619 1781 Ἀλλ’
654 1730 719 1782 ὲκ
746 1728 952 1783 τούτων
986 1730 1241 1784 ἁπάντων
1280 1728 1592 1791 πέπτωκεν,
1637 1724 1808 1780 εἰπὼν
1838 1727 2059 1798 ὲνςκαρο

466 1812 585 1886 δίᾳ·
622 1816 752 1871 Ὅτι
784 1818 927 1882 Θεός
945 1818 1063 1886 εἰμι
1081 1834 1094 1847 ·
1129 1816 1435 1881 κατοικίας
1463 1815 1611 1871 Θεοῦ
1638 1813 1957 1881 κατῴκηκα
1985 1815 2056 1868 ἐν

2166 634 2264 673 nec
2292 633 2387 673 eos
2413 617 2554 685 ignis
2604 617 2744 672 valet
2782 631 3127 672 consumere.
3169 615 3576 687 Supcrmdilicat
3623 633 3753 671 vero

2161 710 2277 765 suis
2302 707 2566 774 humeris,
2595 707 2646 762 id
2673 721 2755 765 est
2783 707 3084 764 laboribus.
3116 705 3211 763 llis
3239 707 3509 777 lapidibus
3536 709 3628 779 qui
3655 725 3756 778 po—

2161 802 2313 867 titur,
2353 801 2493 856 inter
2524 801 2645 857 illos
2689 799 2928 856 medium
2968 814 3131 869 supra
3161 808 3351 870 pectus
3401 798 3565 853 habet
3625 814 3761 869 pre--

2164 894 2361 950 tiosum
2389 893 2621 964 lapidem
2648 892 3111 948 manifestationis
3139 900 3195 946 et
3222 890 3486 947 veritatis.
3513 891 3590 946 Ac
3611 892 3749 946 duo-

2160 984 2334 1040 decim
2358 985 2577 1055 quidem
2611 985 2840 1055 lapides,
2871 984 3113 1040 rationes
3137 993 3264 1039 sunt
3296 982 3533 1038 liliorum
3558 982 3726 1039 Israel

2162 1075 2216 1131 in
2268 1077 2471 1147 quibus
2522 1076 2799 1148 lapidibus
2847 1074 3224 1131 considerabis
3278 1074 3420 1146 ligna
3483 1074 3751 1145 spiritalia

2161 1168 2420 1236 paradisi,
2444 1184 2507 1225 ac
2535 1169 2742 1240 lignum
2769 1167 2991 1238 quidem
3030 1166 3186 1235 vitaz,
3234 1166 3379 1238 quod
3425 1167 3519 1238 qui
3555 1177 3752 1225 nactus

2161 1258 2344 1324 fuerit,
2365 1269 2527 1330 caput
2552 1260 2900 1331 coagulatum
2928 1259 3149 1315 habebit
3177 1260 3608 1315 sanctilicatione
3636 1258 3747 1315 Do-

2160 1348 2297 1405 mini
2325 1350 2368 1405 '.
2401 1348 2477 1403 Ex
2510 1351 2595 1406 his
2628 1351 2831 1407 sanctis
2866 1351 3140 1421 lapidibus
3172 1360 3426 1406 constant
3460 1359 3626 1421 μοι-ιω
3658 1347 3749 1406 Je-

2160 1441 2421 1505 rusalem,
2443 1440 2668 1512 ipsaque
2691 1450 2801 1498 tota
2823 1440 3149 1498 Jerusalem.
3178 1440 3273 1497 llis
3296 1442 3555 1498 omnibus
3577 1457 3751 1514 quon-

2159 1533 2283 1588 dam
2314 1533 2684 1590 circumdatus
2713 1542 2830 1589 crat
2851 1534 3106 1606 princeps
3142 1533 3295 1607 Tyri,
3324 1550 3431 1591 non
3467 1535 3748 1591 laboribus

2160 1623 2415 1695 propriis,
2449 1621 2541 1681 sed
2572 1623 2779 1696 gratia,
2836 1632 3096 1697 tanquam
3133 1626 3273 1680 ratio
3311 1624 3650 1691 Jerusalem,
3684 1616 3748 1681 et

2158 1725 2421 1786 tanquam
2448 1716 2704 1772 sacerdos
2730 1714 2847 1770 Dei.
2885 1714 3085 1772 Verum
3109 1732 3189 1772 ex.
3212 1718 3298 1775 his
3319 1721 3574 1777 omnibus
3597 1719 3749 1776 exci-

2157 1809 2256 1875 dit,
2287 1824 2413 1865 cutn
2443 1808 2582 1865 dixit
2612 1808 2667 1863 in
2700 1807 2865 1864 corde
2899 1822 3002 1864 suo
3030 1808 3052 1841 ³
3079 1826 3094 1864 :
3126 1809 3268 1877 Quia
3304 1811 3443 1869 Deus
3464 1831 3602 1869 sum.
3638 1813 3746 1868 lla-

467 1906 681 1974 καρδίᾳ
706 1907 1048 1976 θαλάσσης.
1082 1908 1296 1980 Καρδία
1334 1908 1451 1962 ἐστὶ
1483 1906 1759 1979 θαλάσσης
1785 1909 1835 1961 οἰ
1872 1907 2050 1978 βαθεῖς

2157 1899 2438 1954 bitationes
2485 1899 2583 1953 Dei
2621 1899 2854 1954 Itabitavi
2903 1899 2956 1954 in
2993 1901 3151 1956 corde
3194 1905 3382 1959 utaris.
3430 1904 3540 1959 (ἔον
3575 1907 3743 1962 maris

466 1994 616 2063 λόγοι
660 1996 767 2049 τῶν
800 1996 1036 2067 βαθέων,
1069 1999 1138 2052 τὰ
1184 1998 1433 2053 ὲσὼτατα
1482 1998 1591 2053 τῶν
1632 1999 1948 2054 ὲσωτάτων·
1995 2000 2057 2065 ἐξ

465 2078 535 2157 ἧς
568 2086 795 2157 καρδίας
827 2088 1153 2142 καταπεσὼν
1178 2091 1207 2143 6
1239 2089 1333 2142 ἐπὶ
1371 2089 1548 2161 τούτῳ
1589 2089 1852 2163 ἐπαρθεὶς
1890 2107 2056 2146 κατε-

468 2174 639 2248 ϐλήθη
687 2177 766 2240 εἰς
801 2176 972 2249 αὐτὴν
1009 2177 1109 2251 τὴν
1154 2178 1427 2234 θάλασσαν
1456 2179 1557 2251 τὴν
1606 2179 1895 2252 αἰσθητήν.
1943 2182 2055 2236 Καὶ

465 2266 625 2320 τοῦτο
649 2266 705 2320 δὲ
736 2267 1007 2340 πάσχουσι
1040 2270 1133 2325 καὶ
1159 2272 1207 2324 οἰ
1236 2269 1514 2344 ἄνθρωποι
1553 2271 1603 2325 οἰ
1630 2272 1724 2326 ἐπὶ
1754 2274 1867 2336 τοῖς
1905 2272 2055 2339 ἰδίοις

465 2359 651 2424 πόνοις
690 2361 1069 2433 ἐπαιρόμενοι.

536 2451 621 2505 Σὺ
663 2452 1138 2525 ἀποσφράγισμα
1175 2453 1535 2525 ὁμοιώσεως.
1583 2454 1836 2529 Ἀλήθεια
1881 2474 2055 2531 σφρα-

461 2541 548 2609 γίς
570 2543 687 2596 ἐστι
714 2545 806 2598 καὶ
833 2545 1095 2614 στέφανος
1120 2546 1369 2610 κάλλους.
1411 2547 1469 2600 '0
1492 2548 1552 2600 ἐν
1579 2547 1753 2622 ταύτῃ
1780 2548 1855 2601 ὢν
1889 2566 2054 2603 ποιω-

461 2631 684 2702 θὴσεται
715 2634 774 2687 ὲν
805 2634 975 2706 αύτῇ’
1012 2635 1107 2688 καὶ
1145 2636 1198 2688 oi.
1232 2634 1513 2708 δεχόμενοι
1545 2634 1645 2708 τὴν
1677 2635 1936 2709 ἀλήθειαν
1970 2637 2057 2707 γί-

460 2737 643 2775 νονται
681 2723 738 2776 ὲν
767 2724 929 2795 αὐτῇ.

530 2812 729 2875 mea)
758 2813 992 2883 πλῆθος
1027 2815 1148 2868 τῶν
1173 2814 1480 2885 ἁμαρτιῶν
1514 2830 1632 2872 σου
1660 2817 1760 2871 ἐπὶ
1791 2818 1906 2889 τὴν
1938 2817 2061 2890 γῆν

461 2902 678 2972 Eppia-ci
719 2920 815 2959 σε.
869 2906 963 2960 Ἐκ
1002 2905 1113 2960 τῶν
1153 2905 1399 2980 οὐρανῶν
1442 2908 1642 2981 ἐρρίφη
1676 2913 1704 2964 ὁ
1738 2911 1916 2981 ῥιφεὶς
1960 2912 2054 2966 ἐπὶ

459 2993 559 3065 τὴν
596 2993 731 3065 γῆνο
766 2988 842 3051 ὧν
872 2996 951 3067 τῷ
982 2996 1345 3069 ὑποδείγματι
1378 3000 1476 3053 καὶ
1500 3002 1569 3071 τῇ
1598 3002 1726 3073 σκιᾷ
1763 3000 2055 3075 ὲλάτρευον

458 3083 508 3136 οἱ
538 3085 594 3136 ἐν
626 3088 693 3158 τῇ
730 3090 904 3160 σκηνῇ
937 3087 1312 3163 λατρεύοντες.

532 3179 829 3249 Στήρισον
854 3182 918 3235 τὸ
948 3182 1273 3250 πρόσωπόν
1302 3197 1443 3237 σου.
1493 3184 1557 3237 Ἡ
1586 3183 1703 3238 θεία
1736 3185 1950 3258 Γραφὴ,
1983 3186 2049 3240 τὰ
2077 3223 2120 3281 C

458 3270 580 3325 καθ’
609 3273 757 3342 ἡμᾶς
783 3272 911 3338 τοὺς
943 3272 1263 3345 ἀνθρώπους
1290 3275 1556 3346 γενόμενα
1585 3276 1893 3349 ίστοροῦσα,
1924 3294 2050 3332 παι-

453 3361 598 3415 δεύει
620 3364 768 3433 ήμᾶς
814 3364 872 3416 έν
898 3365 1011 3427 τοῖς
1038 3362 1160 3417 καθ’
1188 3366 1356 3437 ἡμᾶς,
1383 3365 1478 3418 καὶ
1508 3364 1695 3437 ὁδηγεῖ
1715 3366 1771 3419 δὲ
1795 3367 1886 3420 τὸν
1914 3369 2047 3421 ἀκο-

455 3451 751 3508 λουθοῦντα
783 3455 847 3507 ὲκ
880 3455 988 3510 τῶν
1020 3455 1146 3509 καθ’
1191 3457 1360 3528 ἡμᾶς,
1408 3457 1502 3510 καὶ
1533 3458 1745 3527 ἀνάγει,
1775 3460 1871 3513 καὶ
1909 3459 2044 3520 6m-

454 3541 725 3597 δείκνυσιν
776 3546 842 3599 ἐκ
892 3544 1001 3598 τῶν
1044 3545 1320 3618 αἰσθητῶν
1363 3545 1434 3602 τὰ
1476 3549 1661 3619 νοητά.
1697 3550 1809 3605 Καὶ
1836 3550 1902 3603 ὲκ
1936 3548 2046 3602 τῶν

456 3632 585 3703 παρ’
631 3636 764 3704 ἡμῖν
813 3636 1123 3707 γενομένων
1163 3636 1508 3692 ὑποδείκνυσι
1549 3638 1629 3712 τῷ
1666 3643 1937 3713 πνεύματι
1978 3643 2047 3697 τὰ

455 3721 720 3792 γενόμενα
751 3724 810 3777 ὲν
841 3727 955 3788 τοῖς
998 3725 1104 3797 πρὸ
1135 3728 1167 3797 ἡ
1178 3725 1293 3797 μῶν
1312 3743 1327 3757 ·
1360 3730 1473 3792 τοῖς
1502 3727 1607 3793 ἔξω
1638 3730 1840 3801 σαρκὸς
1877 3731 2043 3800 λέγω.

454 3812 611 3868 Μετὰ
641 3814 750 3886 γὰρ
782 3815 878 3869 τοῦ
932 3815 1078 3887 ἔχειν
1126 3816 1228 3887 τὴν
1274 3818 1516 3889 ἱστορίαν
1559 3819 1653 3872 τὸν
1700 3820 1830 3874 ἴδιον
1858 3822 2042 3892 λόγον,

452 3900 565 3959 οἷον
594 3907 687 3961 τὸν
725 3911 857 3981 παρ’
897 3911 1033 3980 ἡμῖν
1062 3911 1175 3974 τοῖς
1222 3908 1533 3981 ἀνθρώποις
1574 3912 1886 3982 γενόμενον,
1927 3912 2041 3985 ἔχει

456 4000 552 4053 καὶ
579 3999 677 4072 τὴν
707 3999 1000 4074 ἀναγωγὴν
1029 4000 1361 4073 κατάλληλον
1391 4003 1449 4057 ὲν
1471 4003 1585 4066 τοῖς
1614 4003 1722 4075 πρὸ
1751 4003 1931 4076 ήμῶν.

1052 4263 1239 4318 ΚΕΦ.
1298 4263 1431 4319 KO".

537 4356 686 4427 Ἐγὼ
714 4354 813 4411 ἐπὶ
835 4354 930 4421 σὲ,
959 4355 1190 4425 Φαραὼ,
1214 4354 1479 4420 ,βασιλεῦ
1499 4357 1821 4427 Αἰγύπτου.
1849 4358 1906 4412 '0
1940 4358 2039 4429 μὲν

450 4449 649 4523 Φαραὼ
697 4445 765 4520 ἦν
817 4448 914 4519 μὲν
962 4447 1169 4520 ἀληθὴς
1207 4448 1493 4521 ἄνθρωπος
1540 4449 1790 4522 βασιλεὺς
1833 4451 2039 4524 ταύτης

2156 1990 2439 2062 profundae
2473 2000 2603 2046 sunt
2631 1988 3031 2060 profundorum
3069 1990 3331 2057 rationes,
3364 1994 3746 2051 intimissimu—

2155 2096 2279 2137 rum
2310 2079 2680 2137 intimissima.
2710 2077 2789 2134 Ex
2817 2080 2923 2134 hoe
2955 2080 3121 2137 corde
3149 2080 3409 2136 decidens
3447 2082 3559 2153 qui.
3588 2083 3642 2139 in
3676 2099 3743 2139 eo

2155 2172 2333 2231 elatus
2354 2179 2458 2237 est,
2483 2169 2761 2243 proiectus
2791 2179 2876 2226 est
2905 2170 2959 2225 in
2987 2168 3167 2241 ipsum
3201 2186 3354 2228 mare
3374 2173 3525 2245 quod
3556 2173 3747 2229 subest

2156 2264 2427 2321 sensibus.
2458 2262 2627 2333 quue
2658 2262 2824 2318 etiam
2856 2261 2963 2319 illis
2999 2261 3325 2320 hominibus
3371 2265 3608 2335 accidit,
3646 2267 3743 2338 qui

2155 2356 2223 2414 de
2247 2355 2362 2411 suis
2390 2353 2670 2410 laboribus
2698 2354 3020 2426 gloriantur.

2229 2447 2308 2502 Tu
2331 2445 2662 2518 signaculum
2684 2445 3053 2501 similitudinis
3084 2445 3127 2501 ⁸.
3160 2444 3372 2506 Veritas
3397 2448 3743 2520 signaculum

2155 2545 2316 2592 estet
2340 2550 2545 2591 corona
2561 2534 2795 2593 decoris.
2827 2535 2883 2590 ln
2907 2552 2968 2592 ca
2988 2539 3081 2609 qui
3106 2548 3383 2608 versatur,
3403 2539 3494 2596 illa
3520 2540 3737 2598 imbue-

2154 2636 2266 2697 tur,
2290 2636 2344 2686 et
2375 2627 2471 2699 qui
2501 2626 2784 2684 veritatem
2809 2628 3097 2702 recipiunt,
3126 2633 3180 2689 in
3204 2645 3271 2691 ea
3302 2639 3454 2686 sunt.

2226 2802 2392 2876 436
2422 2801 2653 2874 Propter
2674 2804 3070 2860 multitudinem
3093 2815 3431 2875 peccatorum
3459 2783 3669 2863 morti-in
3684 2807 3741 2863 in

2157 2902 2354 2949 terram
2376 2893 2575 2965 proieci
2599 2904 2647 2949 te
2669 2897 2714 2949 ⁸.
2750 2894 2791 2949 E
2817 2896 2956 2952 coelo
2984 2897 3261 2970 projectus
3290 2907 3376 2955 est
3418 2898 3513 2969 qui
3559 2903 3742 2973 proje-

2154 2995 2274 3040 ctus
2310 2995 2394 3042 est
2445 2984 2501 3040 in
2538 2995 2738 3042 terram
2771 3005 2784 3042 :
2832 3003 3066 3060 quorum
3106 2990 3403 3061 exemplari
3438 2999 3492 3047 et
3532 2991 3741 3050 umer

2155 3076 2465 3133 serviebant
2498 3079 2540 3145 ',
2575 3079 2669 3149 qui
2703 3079 2758 3134 in
2790 3078 3145 3139 tabernaculo
3173 3083 3505 3139 serviebant.

2232 3169 2474 3241 Obﬁrma
2497 3170 2685 3240 {aciem
2713 3180 2857 3227 tuam
2890 3177 2935 3226 ⁷.
2960 3172 3156 3228 Divina
3183 3173 3462 3245 Scriptura
3498 3176 3630 3232 dum
3673 3192 3740 3235 ea

2154 3275 2341 3321 narrat
2370 3278 2493 3333 qua:
2524 3263 2683 3320 nobis
2716 3264 3036 3321 hominibus
3065 3265 3345 3333 eveniunt,
3376 3266 3599 3324 instruit
3631 3284 3737 3325 uos

2148 3355 2316 3412 rebus
2344 3356 2571 3424 nostris,
2603 3365 2764 3427 atque
2801 3373 2929 3414 cum
2972 3358 3157 3429 quise
3204 3360 3458 3416 comitem
3507 3363 3736 3432 praebet,

2147 3447 2299 3502 ducit
2328 3461 2391 3501 ex
2417 3446 2522 3501 illis
2544 3462 2608 3502 ac
2633 3447 2915 3514 subvehit,
2935 3463 3145 3504 necnon
3166 3464 3232 3503 ex
3250 3449 3602 3507 sensibiiibus
3624 3450 3740 3525 spi-

2146 3539 2328 3594 ritalia
2380 3547 2798 3595 commonstrat.
2854 3539 3096 3610 Denique
3147 3556 3216 3596 ex
3258 3541 3367 3597 illis
3409 3557 3533 3613 qua:
3574 3544 3736 3599 nobis

2147 3631 2491 3703 contingunt,
2520 3628 2758 3687 ostendit
2786 3646 2908 3701 quae
2933 3631 3129 3702 spiritu
3160 3632 3605 3702 contigeruntiis
3637 3635 3735 3706 qui

2146 3731 2272 3777 ante
2296 3739 2394 3778 nos
2427 3723 2667 3789 fuerunt,
2702 3722 2769 3778 de
2802 3722 2909 3779 illis
2946 3723 3141 3793 loquor
3175 3725 3269 3793 qui
3315 3731 3469 3779 extra
3509 3740 3755 3780 carnem;

2145 3823 2320 3869 erant.
2353 3815 2717 3885 Posteaquam
2745 3814 2891 3869 enim
2921 3814 3146 3872 historia
3169 3815 3443 3886 propriam
3464 3818 3757 3871 rationem»

2147 3904 2310 3960 habet
2338 3904 2670 3976 (cuiusmodi
2694 3912 2778 3958 est
2802 3904 2947 3973 quod
2979 3905 3120 3974 apud
3152 3920 3253 3961 nos
3282 3898 3540 3963 homines
3561 3915 3742 3978 atque

2144 3995 2387 4051 humano
2426 4010 2579 4050 more
2616 4004 2828 4066 gestum
2868 3995 3030 4067 est),
3092 3998 3506 4053 convenientem
3559 3998 3728 4054 etiam

2144 4087 2444 4158 spiritalem
2486 4101 2709 4143 sensum
2747 4086 2911 4143 habet
2948 4086 3004 4142 in
3040 4088 3108 4144 iis
3145 4089 3241 4160 qui
3271 4097 3400 4146 ante
3431 4105 3533 4148 nos
3557 4090 3728 4147 exsti-

2141 4183 2357 4234 terunt.

2742 4269 2897 4326 CAP.
2928 4269 3123 4326 XXIX.

2214 4359 2348 4416 Ecce
2370 4376 2464 4431 ego
2489 4377 2648 4431 super
2670 4370 2740 4428 te,
2769 4361 3007 4430 Pharao,
3042 4379 3136 4419 rex
3179 4363 3403 4436 nggpti
3442 4366 3483 4419 ⁸.
3514 4364 3728 4421 Pharao

2140 4451 2361 4520 quidem
2388 4465 2551 4508 verus
2574 4453 2743 4508 homo
2779 4462 2900 4508 erat
2936 4454 3102 4524 huius
3136 4454 3355 4528 Egypti
3383 4497 3400 4521 ,
3450 4473 3573 4527 quae
3605 4456 3758 4513 Nilo.

450 4543 550 4614 τῆς
581 4541 878 4613 Αἰγύπτου,
910 4541 1008 4612 τῆς
1035 4540 1187 4613 παρὰ
1219 4541 1312 4595 τὸν
1338 4542 1528 4596 Νεῖλον
1560 4543 1803 4615 ποταμόν
1826 4561 1840 4574 ·
1881 4546 1911 4600 6
1943 4546 2038 4599 καὶ

2150 4543 2309 4599 fluvio
2338 4544 2571 4615 adiacet,
2601 4560 2719 4611 rex,
2750 4546 2846 4616 qui
2874 4555 2929 4603 et
2958 4546 3234 4606 lsraelitas
3272 4559 3402 4605 tunc
3432 4550 3726 4621 allligebat,

451 4636 577 4700 τοὺς
594 4635 747 4697 υἱοὺς
787 4632 1004 4705 Ἰσραὴλ
1028 4632 1149 4686 τότε
1176 4632 1394 4698 θλίϐων,
1424 4635 1518 4689 καὶ
1548 4634 1619 4688 τὰ
1648 4634 1823 4711 βρέφη
1858 4636 2038 4692 αὐτῶν

451 4727 661 4795 πνίγων
679 4742 693 4755 ο
718 4726 903 4796 ἐπεῖχε
928 4723 985 4778 δὲ
1006 4724 1162 4794 λόγον
1189 4723 1283 4778 τοῦ
1303 4725 1551 4780 διαϐόλου
1573 4744 1587 4757 ο
1616 4729 1710 4781 καὶ
1731 4728 1959 4792 ἕκαστος
1979 4730 2037 4783 δὲ

448 4815 703 4888 βασιλεὺς
737 4815 1117 4888 ἱστορούμενος
1159 4817 1342 4886 ὅμοιος
1386 4817 1581 4889 τούτῳ,
1625 4819 1769 4883 τινὸς
1799 4819 2036 4875 διαϐολι-

450 4907 555 4979 κῆς
593 4910 688 4962 καὶ
734 4907 1107 4980 ἀποπατικῆς
1149 4906 1431 4981 δυνάμεως
1470 4910 1658 4981 ἐπέχει
1703 4910 1877 4980 λόγον.
1925 4914 2037 4967 Καὶ¹

445 5001 606 5056 τοῦτο
625 5002 775 5074 δηλοῖ
801 5006 882 5069 τὸ,
926 5000 1080 5057 Ἰδοὺ
1105 5000 1221 5070 ἐγὼ
1239 5002 1338 5055 ἐπὶ
1368 5002 1443 5056 σὲ
1464 5002 1573 5057 τὸν
1599 5003 1897 5072 δράκοντα
1925 5006 2032 5060 τὸν

441 5091 657 5163 μέγαν,
676 5071 793 5147 τὸν
819 5090 1229 5162 ἐγκαθήμενον
1256 5093 1327 5147 ἐν
1353 5092 1523 5165 μέσῳ
1554 5071 1641 5159 τῷί
1660 5094 1905 5165 ποταμῷ
1932 5095 2027 5173 Ai-

391 5171 395 5175 .
447 5182 676 5253 γύπτου,
707 5185 803 5238 καὶ
829 5183 898 5238 τὰ
923 5183 1069 5257 ἑξῆς.
1101 5183 1287 5239 Ταῦτα
1308 5185 1367 5238 δὲ
1395 5185 1497 5239 οὐκ
1518 5184 1630 5257 ἔχει
1650 5185 1808 5255 λόγον
1838 5171 2030 5257 αἰσθηέ

444 5275 555 5341 τῶς
601 5278 688 5330 ἐπ’
717 5274 1005 5348 ἀνθρώπου
1044 5275 1318 5346 λέγεσθαι.

522 5368 634 5424 Τὸν
663 5367 950 5438 λέγοντων
996 5370 1159 5439 Ἐμοί
1187 5372 1346 5424 εἰσιν
1370 5373 1424 5424 οἱ
1457 5372 1730 5439 ποταμοί.
1764 5373 1839 5425 06
1869 5373 2029 5443 μόνον

441 5458 613 5531 λέγει,
639 5462 701 5513 Οἱ
730 5458 980 5528 ποταμοὶ
1000 5459 1131 5528 ἐμοί
1152 5463 1292 5526 εἰσι,
1321 5459 1483 5531 κάγὼ
1503 5461 1761 5528 ἐποίησα
1783 5463 2026 5530 αὐτοὺς,

441 5546 582 5601 ἀλλὰ
615 5547 710 5600 καὶ
740 5546 944 5619 Κύριον
979 5547 1316 5619 ἐγκαηθῆσθαι
1361 5551 1419 5602 ἐν
1459 5549 1608 5623 μέσῳ
1644 5551 1901 5622 ποταμῶν
1934 5556 2031 5607 αὑ-

440 5639 559 5694 τοῦ⁹
603 5640 799 5707 οἵτινές
854 5645 988 5697 εἰσιν
1023 5642 1087 5694 ἐκ
1121 5642 1326 5706 κοιλίας
1366 5643 1476 5698 τῶν
1523 5644 1893 5701 συλλαϐόντων
1932 5647 2029 5700 αὐ-

517 5755 757 5827 ξΤΙιτειι.
788 5775 861 5825 tv,
892 5758 943 5812 7.
1052 5758 1077 5827 ’7
1098 5756 1294 5813 Ezech.
1332 5774 1525 5827 xxvur,
1552 5761 1603 5816 Ξ.
1716 5761 1736 5795 ’⁵
1769 5762 1903 5822 ibid.
1934 5763 2019 5820 12,

443 5824 469 5860 ⁸
499 5825 699 5883 Ezceh.
730 5824 919 5898 xmﬁ.
997 5826 1176 5892 ’ibid.
1225 5828 1268 5860 ¹⁰
1291 5829 1428 5891 ibid.

2140 4644 2197 4691 et
2223 4650 2416 4689 eorum
2463 4634 2702 4691 infantes
2733 4634 3034 4692 suﬂ'ocatmt
3061 4676 3078 4703 ,
3123 4639 3220 4694 sed
3261 4637 3461 4693 diaboli
3497 4638 3729 4709 ﬁguram

2141 4728 2384 4798 gerebat,
2419 4743 2484 4782 ac
2513 4728 2767 4798 quisquis
2799 4744 2896 4785 rex
2925 4731 2976 4786 ei
3007 4731 3204 4787 similis
3231 4740 3507 4798 narratur,
3537 4730 3729 4787 diabo-

2140 4819 2260 4874 licae
2291 4819 2580 4890 cujusdam
2630 4829 2797 4892 atque
2845 4822 3162 4893 apostaticaa
3210 4825 3497 4894 potestatis
3534 4833 3752 4897 typum‘

2141 4909 2395 4979 praefert.-
2432 4911 2599 4983 quue
2646 4913 2888 4969 declarat
2933 4914 3068 4970 illud
3110 4914 3133 4946 ⁹
3167 4932 3181 4969 :
3216 4912 3352 4968 Ecce
3372 4932 3464 4985 ego
3495 4932 3652 4985 super
3681 4926 3729 4971 te

2138 5002 2420 5057 draconem
2445 5019 2716 5075 magnum,
2738 5006 3002 5060 sedentem
3026 5005 3081 5059 in
3109 5004 3280 5057 medio
3302 5005 3452 5074 ﬂuvii
3482 5005 3725 5077 Egypti,

2137 5102 2193 5149 et
2223 5109 2346 5165 quae
2376 5106 2700 5166 sequuntur.
2734 5094 2893 5154 Nulla
2920 5108 3103 5155 autem
3137 5102 3278 5156 ratio
3307 5107 3411 5169 est;
3433 5116 3531 5157 cur
3546 5101 3614 5156 ad
3638 5099 3729 5155 ιιι-

2140 5196 2308 5243 teram
2336 5188 2452 5244 heec
2475 5189 2543 5246 de
2569 5190 2792 5246 homine
2815 5191 3092 5248 dicantur.

2208 5363 2313 5429 Qui
2335 5365 2492 5432 dicio,
2527 5365 2657 5419 mihi
2685 5377 2807 5422 sunt
2833 5368 3061 5437 ﬂumina
3092 5370 3155 5424 ".
3193 5368 3312 5430 Non
3338 5370 3515 5425 solum
3542 5369 3674 5423 dicit
3708 5411 3721 5424 .

2139 5454 2272 5509 Mihi
2311 5466 2432 5509 sunt
2480 5456 2725 5525 ﬂumina,
2761 5468 2810 5512 et
2832 5476 2924 5530 ego
2957 5461 3060 5530 feci
3099 5461 3216 5527 illa,
3246 5461 3340 5517 sed
3364 5460 3728 5517 etDominum
3803 5531 3807 5535 .

2138 5547 2327 5602 sedere
2352 5548 2405 5600 in
2453 5548 2635 5603 medio
2685 5547 2973 5604 fluminum
3020 5552 3140 5621 ejus
3176 5570 3189 5606 :
3224 5567 3347 5622 quae
3398 5551 3622 5605 ﬂumina
3657 5540 3726 5605 de

2138 5653 2326 5700 ventre
2351 5659 2541 5699 eorum
2575 5643 2669 5713 qui
2695 5652 3064 5712 cenet-perunt
3093 5643 3204 5710 illa,
3230 5638 3425 5711 ﬂuunt,
3452 5641 3724 5712 loquendo

2135 5766 2154 5795 ³
2182 5763 2312 5823 ibid.
2347 5763 2429 5820 l7.
2552 5759 2753 5817 “llebr.
2787 5777 2904 5829 rm,
2947 5761 3000 5818 5.
3115 5763 3133 5794 ⁷
3167 5759 3364 5819 Ezccb.
3393 5773 3585 5827 ξιτ-ιιι,
3626 5753 3711 5811 2i.
