4128 6434
477 392 585 451 εει

1941 395 2036 451 EX
2073 393 2376 453 ORlGENE

3649 420 3755 480 8'24

482 519 765 575 mendacio
811 520 1106 591 peridonea
1161 525 1325 584 sunt,
1376 516 1703 573 abeuntibus
1752 516 1806 573 in
1835 521 2037 573 moi-ten

2140 572 2141 577 η
2169 520 2327 589 τοὺς,
2365 522 2538 576 ἱκανοὶ
2570 523 2628 575 ὲν
2671 522 3011 599 ψευδολογίᾳ,
3060 528 3509 606 ἐκπορευομένων
3543 541 3625 607 είς
3661 543 3757 600 θά-

478 623 735 667 mternam
767 612 860 682 qui
889 626 956 667 ex
983 611 1091 666 illis
1121 610 1338 666 bibunt.
1372 607 1676 666 Baccheus
1708 608 1966 677 ﬂumina,
1994 626 2037 664 ut

2166 629 2323 667 νατον
2355 614 2571 670 αίώνιον
2596 615 2707 670 τῶν
2745 617 3120 688 ποτιζομένων
3162 624 3257 676 ἀπ’
3285 627 3494 683 αὐτῶν·
3525 632 3638 697 οὓς,
3667 635 3755 691 ἵνα

479 705 760 772 bibantur,
799 702 853 757 in
898 702 1221 773 sanguinem
1256 709 1435 757 mutat
1472 703 1538 769 “,
1573 717 1674 758 nec
1707 702 1761 756 in
1786 717 1943 773 aqua:
1966 717 2065 759 na-

477 808 654 851 turam
683 795 1029 866 postmodum
1067 795 1137 850 ab
1161 795 1282 867 ipso
1321 795 1570 853 restituta
1611 793 1783 856 fuisse
1827 811 2062 868 usquam

473 888 734 958 scriptum
765 898 869 943 est.

547 978 616 1035 Et
641 996 733 1052 ego
755 979 894 1035 dabo
923 978 1168 1051 laqueum
1198 982 1253 1035 in
1278 979 1531 1035 maxillas
1569 990 1691 1037 tuas
1716 982 1778 1035 ".
1812 962 2061 1052 Laqueus

2167 706 2244 780 μὴ
2270 706 2554 773 πίνωνται,
2590 710 2917 781 μεταϐάλλει
2947 715 2976 767 ὁ
3006 715 3148 778 Θεὸς
3165 718 3247 782 είς
3266 714 3427 791 αἷμα,
3456 726 3550 779 καὶ
3575 728 3636 780 οὐ
3663 729 3756 798 γέ-

2162 818 2426 876 γραπται,
2461 804 2544 858 ὅτι
2569 805 3012 878 ἀποκατέστησεν
3036 811 3235 878 αὐτοὺς
3261 815 3342 879 είς
3370 815 3534 891 ὕδωρ.

2231 985 2340 1041 Καὶ
2376 984 2493 1055 ἐγὼ
2532 984 2706 1040 δώσω
2731 987 2953 1056 παγίδα
2992 989 3082 1057 εὶς
3123 990 3232 1058 τὰς
3272 996 3563 1065 σιαγόνας
3607 1014 3746 1055 σου.

471 1070 639 1125 mittit
669 1071 814 1129 Deus
844 1072 899 1126 in
932 1072 1185 1127 maxillas
1213 1071 1492 1140 draconis,
1524 1083 1585 1127 ut
1608 1073 1754 1130 illius
1775 1074 2037 1131 obstructi

2160 1078 2405 1147 Παγίδας
2436 1076 2618 1148 βάλλει
2646 1078 2675 1130 ὁ
2702 1078 2837 1143 Θεὸς
2864 1081 2945 1146 είς
2972 1082 3069 1147 τὰς
3110 1085 3366 1155 σιαγόνας
3392 1088 3487 1142 τοῦ
3519 1090 3750 1162 δράκον-

471 1179 567 1220 ore
593 1164 817 1236 impiam
848 1165 1154 1222 doctrinam
1177 1165 1444 1232 destruat,
1473 1176 1637 1238 atque
1662 1167 1731 1223 ab
1758 1167 1981 1223 humida
2003 1168 2057 1223 in

467 1256 678 1313 aridam
715 1256 1004 1312 subducat.

424 1418 431 1421 ⁷
542 1434 613 1489 Ει
639 1435 978 1507 agglutinabo
1010 1436 1174 1505 pisces
1197 1435 1435 1504 ﬂuminis
1464 1435 1545 1489 tui
1579 1434 1642 1490 ³³.
1674 1433 1860 1491 Pisces
1888 1434 2054 1508 Egy-

470 1528 634 1597 ptiaci
668 1529 912 1584 ﬂuminis
937 1535 1083 1593 sunt,
1108 1528 1202 1598 qui
1237 1528 1291 1581 in
1322 1525 1656 1602 Egyptiacis
1686 1542 1751 1582 ac
1775 1530 2055 1598 corporeis

420 1692 423 1697 γ
468 1617 789 1675 libidinibus
824 1620 989 1675 vitam
1018 1633 1178 1687 agere
1202 1617 1477 1674 videntur.
1513 1616 1577 1672 lii
1620 1618 1765 1673 enim
1796 1620 2055 1676 draconis

465 1712 663 1780 pennis
714 1710 943 1782 ejusque
986 1709 1233 1781 squamis
1282 1709 1566 1765 adhmreut
1592 1747 1608 1773 ,
1652 1711 1745 1780 qui
1788 1711 2054 1768 ﬂuctuant

2157 1186 2282 1234 τος,
2313 1170 2424 1237 ἵνα,
2455 1169 2712 1241 φιμώσεις
2748 1171 2914 1226 αὐτοῦ
2941 1173 3004 1227 τὸ
3038 1175 3233 1246 στόμα,
3262 1183 3585 1255 καταργήσῃ
3617 1183 3747 1237 δυσέ

2161 1262 2293 1333 σεόἦ
2326 1261 2693 1330 διδασκαλίαν,
2725 1264 2821 1317 καὶ
2856 1264 3030 1339 ὰνάξῃ
3060 1268 3168 1323 ἀπὸ
3194 1270 3293 1341 τῆς
3327 1272 3499 1344 ὑγρᾶς
3532 1276 3612 1339 είς
3640 1274 3743 1349 τὴν

2160 1352 2349 1426 ξηράν-

2226 1447 2338 1502 Kai
2377 1448 2828 1517 προσκολλήσω
2866 1451 3011 1521 τοὺς
3066 1455 3278 1523 ἰχθύας
3319 1457 3427 1513 τοῦ
3470 1462 3743 1530 ποταμοῦ

2154 1553 2291 1594 σου.
2343 1540 2544 1611 ’ἰχθύες
2575 1540 2671 1595 τοῦ
2706 1542 2763 1595 ὲν
2784 1542 3045 1616 Αἰγύπτῳ
3066 1544 3173 1598 είσὶ
3204 1547 3453 1619 ποταμοῦ
3480 1550 3530 1602 οί
3564 1552 3625 1604 ὲν
3648 1552 3744 1606 Ai-

2154 1633 2407 1696 γυπτίοις
2431 1634 2527 1687 καὶ
2552 1636 2884 1705 σωματικοῖς
2909 1634 3199 1707 παθήμασι
3228 1639 3416 1710 διαξῇν
3436 1640 3743 1708 δοκοῦντες,

2154 1718 2315 1777 Οὗτοι
2343 1723 2453 1794 γὰρ
2497 1723 2935 1795 προσκολλῶνται
2975 1729 3098 1790 ταῖς
3130 1727 3357 1801 πτέρυξι
3388 1729 3483 1784 τοῦ
3515 1732 3740 1803 δράκον-

464 1811 520 1857 et
548 1802 1009 1859 circumferuntur
1056 1801 1208 1857 omni
1255 1811 1418 1857 vento
1450 1801 1710 1859 doctrinae
1742 1802 1797 1858 in
1850 1806 2037 1860 astutia

2154 1834 2266 1880 τος,
2291 1815 2386 1870 καὶ
2410 1819 2530 1881 ταῖς
2566 1816 2780 1871 λεπίσιν
2812 1816 3000 1881 αὑτοῦ,
3038 1818 3491 1893 κλυδωνιζόμενοι
3519 1801 3612 1878 καὶ
3640 1842 3738 1878 περ

464 1895 749 1951 hominum
783 1895 847 1952 ⁸⁸.

532 2072 809 2144 Ejusdem.
834 2072 1017 2130 Pisces
1043 2072 1381 2129 cohaerentes
1402 2071 1591 2143 pinnis
1620 2071 1885 2144 spiritalis
1912 2071 2056 2128 Pha-

461 2166 649 2223 raonis
680 2166 778 2239 qui
826 2166 881 2221 in
928 2165 1108 2222 medio
1145 2164 1434 2221 ﬂuminum
1476 2166 1700 2222 malitiae
1739 2165 2049 2231 inhabitat,

458 2257 540 2312 illi
567 2265 698 2313 sunt
735 2257 828 2328 qui
859 2257 1006 2314 vitiis
1052 2256 1397 2325 imbuuntur,
1444 2255 1610 2329 437
1641 2256 1948 2329 bibuntque
1982 2273 2050 2314 ex

459 2363 605 2420 aqua
656 2348 900 2422 Egypti,
932 2364 998 2406 ac
1029 2365 1156 2407 cum
1194 2350 1434 2406 dracone
1473 2350 1529 2405 in
1577 2350 1807 2408 humido
1859 2351 2047 2409 habitu

458 2440 784 2511 copulantur
815 2441 880 2510 ¹³,
904 2441 1051 2499 illius
1080 2440 1313 2514 imperio
1337 2442 1654 2516 mancipati.

532 2618 639 2675 Pro
660 2636 721 2675 eo
749 2620 890 2692 quod
915 2621 1091 2693 factus
1119 2637 1173 2678 es
1202 2622 1355 2694 uirga
1377 2623 1678 2680 arundinea
1707 2623 1772 2679 ”.
1803 2623 1908 2693 Qui
1935 2639 2045 2679 non

457 2712 714 2769 innititur
733 2712 900 2784 virgae
929 2727 996 2787 ex
1034 2713 1219 2770 radice
1259 2712 1435 2780 Jesse,
1466 2729 1571 2771 nec
1602 2714 1852 2771 eruditur
1891 2716 2041 2789 virga

455 2820 564 2874 qua
611 2803 759 2861 Deus
799 2804 990 2862 visitat
1032 2804 1377 2875 iniquitatem
1424 2805 1664 2862 ﬁliorum
1710 2806 1904 2875 David,
1942 2825 2044 2868 nec

454 2896 755 2966 apostolica
788 2896 943 2967 virga
973 2898 1293 2968 castigatur,
1324 2897 1420 2954 sed
1451 2898 1634 2954 verbis
1684 2901 2043 2959 mendacibus

454 2988 723 3057 vanisque
754 2988 1026 3056 innititur,
1061 2989 1110 3045 is
1139 2989 1458 3045 arundinea!
1486 2989 1671 3062 virgas,
1695 2991 1921 3049 draconi
1959 2996 2043 3050 vi-

453 3077 650 3134 delicet
680 3077 979 3145 Pharaoni,
1008 3079 1280 3137 innititur.

2161 1910 2504 1983 ριφερόμενοι
2538 1910 2700 1965 παντὶ
2737 1910 2925 1984 ἀνέμῳ
2958 1911 3304 1980 διδασκαλίας
3353 1918 3411 1970 ὲν
3444 1920 3511 1990 τῇ
3546 1918 3741 1992 κυὸεία

2153 2001 2262 2056 τῶν
2286 2001 2383 2056 ἀνθ
2392 2002 2608 2074 ρώπων.

2230 2093 2341 2148 Τοῦ
2371 2093 2579 2150 αὐτοῦ.
2632 2093 2834 2166 Ἰχθύες
2862 2097 2969 2151 εἰσὶ
3008 2098 3341 2172 κολλώμενοι
3372 2102 3453 2167 είς
3481 2102 3580 2169 τὰς
3610 2105 3740 2159 πτέ-

2155 2202 2326 2257 ρυγας
2346 2184 2441 2239 τοῦ
2473 2186 2663 2259 νοητοῦ
2701 2187 2921 2258 Φαραὼ,
2958 2188 3052 2244 τοῦ
3082 2191 3140 2245 ἑν
3178 2192 3327 2264 μέσῳ
3353 2194 3460 2247 τῶν
3500 2195 3601 2266 τῆς
3638 2214 3742 2251 κα-

2151 2276 2276 2342 κίας
2307 2278 2589 2350 ποταμῶν,
2616 2279 2667 2332 οἱ
2704 2278 3101 2351 μαθητεύοντες
3126 2285 3194 2355 τῇ
3235 2285 3424 2357 κακίᾳ,
3455 2288 3549 2340 καὶ
3583 2305 3738 2342 ποτι-

2150 2366 2368 2439 ζόμενοι
2402 2370 2468 2423 ὲκ
2494 2368 2587 2424 τοῦ
2619 2370 2995 2439 Δίγυπτιακοῦ
3025 2372 3237 2438 ὓδατος,
3276 2377 3373 2429 καὶ
3411 2377 3737 2448 συνενούμεο

2148 2476 2227 2515 νοι
2253 2460 2333 2531 τῷ
2360 2460 2617 2534 δράκοντι
2650 2462 2709 2518 ὲν
2747 2465 2817 2535 τῇ
2847 2462 2994 2537 ὑγρᾷ
3029 2463 3163 2532 ἕξει,
3191 2465 3287 2521 καὶ
3316 2466 3421 2521 ὑπὸ
3454 2468 3553 2541 τὴν
3581 2469 3736 2536 ὲξουο

2148 2551 2267 2606 σίαν
2293 2551 2458 2606 αὐτοῦ
2487 2554 2789 2625 γινόμενοι.

2226 2643 2371 2700 Ἀνθ’
2393 2638 2481 2699 ὧν
2498 2645 2792 2716 ἐγενήθης
2804 2646 3033 2716 ῥάϐδος
3057 2651 3377 2721 καλαμίνη.
3415 2651 3477 2706 '0
3509 2653 3584 2725 μὴ
3612 2653 3732 2709 ἐπε·

2146 2733 2456 2809 ρειδόμενος
2498 2735 2681 2808 ῥάϐδῳ
2713 2739 2777 2790 ἐκ
2803 2738 2903 2811 τῆς
2946 2738 3104 2812 ῥίζης
3151 2742 3372 2809 Ἰεσσαὶ,
3423 2743 3557 2816 μηδὲ
3600 2762 3732 2798 παι-

2141 2824 2430 2897 δευόμενος
2476 2827 2658 2899 ῥάϐδῳ
2793 2829 3184 2888 ὲπισκὲπτεται
3232 2835 3261 2887 ὁ
3313 2834 3446 2898 Θεὸς
3498 2834 3731 2905 ἀνομίαν

2142 2915 2275 2970 υίῶν
2307 2915 2489 2982 Δαυῖδ,
2532 2917 2668 2989 μηδὲ
2699 2917 3028 2991 ἀποστολικῇ
3074 2921 3255 2993 ῥάϐδῳ
3287 2921 3727 2993 νουθετούμενος,

2140 3007 2280 3063 ἀλλὰ
2332 3006 2511 3078 λόγοις
2558 3009 2778 3080 ψευδέσι
2832 3012 2925 3065 καὶ
2967 3012 3240 3078 διακένοις
3290 3016 3723 3088 ἐπερειδόμενος,

2143 3101 2481 3173 ἐπερείδεται
2505 3102 2684 3174 ῥάϐδῳ
2708 3103 3002 3177 καλαμίνῃ,
3024 3106 3102 3177 τῷ
3128 3106 3381 3178 δράκοντι
3403 3107 3479 3177 τῷ
3504 3108 3723 3179 Φαραώ.

532 3168 607 3227 Et
621 3171 841 3240 perdam
865 3171 929 3226 de
943 3182 992 3226 te
1019 3173 1255 3227 homines
1267 3181 1317 3228 et
1335 3172 1579 3244 iumenta
1601 3173 1665 3230 ".
1679 3173 2037 3242 Quemadmo-

2213 3168 2326 3246 Ii'al
2352 3168 2558 3248 ἀπολῶ
2583 3168 2703 3247 ἀάὸ
2740 3168 2866 3248 σοῦί
2887 3168 3202 3264 (imbrice-ao}
3242 3199 3342 3252 καὶ
3380 3168 3600 3267 κτὸὶνηξ
3637 3202 3725 3264 Ὡς

451 3261 583 3318 dum
620 3262 762 3319 Deus
788 3262 1044 3320 homines
1066 3263 1231 3320 habet
1258 3264 1600 3335 etjumenta,
1637 3282 1778 3338 quos
1812 3269 1989 3325 salvat
2017 3309 2037 3338 ,

451 3353 536 3412 sic
557 3363 612 3410 et
645 3353 860 3410 Pharao
891 3354 1141 3411 homines
1170 3363 1226 3412 et
1240 3355 1488 3427 iumenta
1520 3356 1705 3427 habet,
1728 3374 1868 3433 quos
1891 3359 2038 3417 Deus

450 3441 651 3513 perdit,
685 3458 793 3499 non
832 3442 1156 3513 simpliciter
1179 3484 1195 3511 ,
1240 3444 1336 3501 sed
1373 3460 1407 3501 a
1452 3446 1712 3505 dracone.
1756 3448 1867 3504 Aut
1897 3449 2040 3506 forte

451 3534 615 3592 iidem
670 3534 773 3605 ipsi
818 3543 950 3592 sunt
992 3536 1086 3608 qui
1127 3537 1359 3593 salutem
1405 3538 1549 3595 hanc
1599 3539 2033 3610 nanciscuntur,

448 3623 596 3695 quod
621 3625 857 3695 amplius
889 3625 1146 3682 draconis
1180 3624 1487 3685 Pharaonis
1525 3629 1758 3700 imperio
1781 3645 1892 3686 non
1919 3632 2035 3687 sint

448 3719 765 3791 mancipati.

1057 3814 1213 3872 CAP.
1244 3814 1417 3871 XXX.

520 3921 676 3977 Finis
715 3926 949 3995 gentium
987 3927 1089 3981 erit
1136 3927 1201 3985 ⁸⁸.
1244 3926 1396 3985 Finis
1440 3930 1683 4002 gentium
1713 3939 1800 3989 est
1832 3948 2032 3990 manus

447 4013 664 4070 Domini
696 4032 860 4088 super
881 4033 1101 4076 omnem
1135 4020 1426 4093 Egyptum
1475 4030 1532 4078 et
1572 4022 1932 4096 Ethiopiam.
1965 4027 2032 4083 Et

446 4105 666 4175 quidem
700 4124 821 4178 quas
853 4111 917 4166 ad
958 4111 1206 4169 homines
1246 4122 1514 4185 spectant,
1537 4115 1606 4171 de
1637 4117 2031 4190 Egyptiisdi-

445 4207 668 4265 cuntur;
696 4218 819 4272 qua:
842 4218 970 4259 vero
1005 4204 1075 4259 ad
1124 4206 1432 4263 contrarias
1463 4210 1694 4267 virtutes
1730 4213 2026 4282 pertinent,

443 4293 510 4348 ad
545 4291 822 4366 Ethiopes
842 4296 1176 4355 referuntur.

513 4384 585 4438 Et
613 4388 775 4442 ueniet
800 4388 1014 4459 gladius
1038 4407 1196 4461 super
1226 4390 1511 4464 Egyptios
1552 4395 1618 4451 ¹⁹.
1669 4394 1941 4468 Egyptus
1970 4398 2025 4453 in

442 4476 632 4532 multis
654 4478 973 4550 intelligitur
1001 4481 1069 4536 de
1095 4483 1302 4539 mundo
1321 4485 1427 4541 hoc
1450 4485 1692 4542 humano
1707 4496 1761 4544 et
1781 4496 2021 4557 terreno,

2139 3285 2168 3339 ὁ
2198 3283 2332 3348 Θεὸς
2360 3283 2472 3355 ἔχει
2504 3284 2819 3356 ἀνθρώπους
2851 3285 2945 3339 καὶ
2976 3288 3168 3358 κτήνη,
3202 3287 3297 3350 οὓς
3324 3288 3514 3353 σώζει·
3548 3290 3721 3355 οὕτως

2140 3375 2234 3430 καὶ
2269 3371 2299 3424 6
2339 3376 2552 3449 δράκων
2588 3372 2618 3426 ὁ
2650 3377 2848 3447 Φαραώ
2877 3394 2892 3409 ο
2921 3377 3012 3442 οὓς
3061 3379 3318 3432 ἀπολλύει
3361 3382 3390 3433 ό
3418 3380 3570 3445 Θεὸς,
3619 3382 3717 3451 οὐχ

2140 3465 2344 3531 ἁπλῶς,
2375 3467 2487 3519 ἀλλ’
2512 3467 2619 3519 ἀπὸ
2642 3468 2734 3521 τοῦ
2763 3469 3073 3539 δράκοντος.
3104 3472 3174 3524 Ἤ
3193 3473 3335 3541 τάχα
3360 3472 3408 3525 oi
3433 3471 3587 3524 αὐτοί
3610 3473 3720 3526 εἰσι

2140 3560 2411 3628 σωτηρίαν
2445 3558 2649 3627 ταύτην
2691 3559 3078 3630 λαμϐάνοντες,
3101 3562 3179 3633 τῷ
3210 3564 3348 3636 μηδὲ
3369 3581 3420 3619 τι
3435 3559 3572 3619 εἶναι
3618 3564 3715 3619 τοῦ

2135 3649 2426 3722 δράκοντος
2464 3650 2665 3724 Φαραώ

2772 3833 2873 3887 ΚΕ
2888 3831 2949 3886 Φ.
2997 3833 3078 3888 Λ’.

2204 3945 2397 4013 Πέρας
2439 3944 2629 4001 ἐθνῶν
2668 3947 2859 4002 ἔσται.
2897 3949 3079 4019 Πέρας
3118 3948 3290 4003 ἐθνῶν
3342 3951 3457 4003 ἐστι
3504 3946 3714 4018 Κυρίου

2132 4035 2254 4107 χεὶρ
2285 4036 2379 4088 ἐπὶ
2414 4040 2594 4092 πᾶσαν
2623 4039 2896 4108 Αἴγυπτον
2926 4041 3020 4094 καὶ
3046 4042 3362 4096 Αἰθιοπίανο
3396 4041 3489 4094 καὶ
3512 4039 3580 4093 τά
3616 4040 3717 4110 μὲν

2131 4130 2270 4203 πρὸς
2297 4130 2615 4202 ἀνθρώπους
2654 4133 2747 4186 ἐπὶ
2775 4133 3101 4201 Αἰγυπτίους
3129 4133 3366 4202 λέγεται,
3397 4133 3464 4187 τά
3491 4133 3548 4186 δὲ
3576 4131 3715 4204 πρὸς

2129 4221 2229 4287 τὰς
2254 4223 2636 4294 ἀντικειμένας
2663 4223 2924 4294 δυνάμεις
2950 4224 3087 4297 πρὸς
3116 4227 3243 4290 τοὺς
3267 4226 3551 4289 Αἰθίοπας.

2197 4398 2311 4453 Καὶ
2348 4397 2482 4466 ἣξει
2519 4399 2558 4468 ἡ
2587 4398 2853 4469 μάχαιρα
2894 4398 2993 4453 ἐπὶ
3022 4400 3404 4470 Αἰγυπτίους.
3437 4399 3713 4468 Αἴγυπτος

2127 4490 2189 4543 ὲν
2218 4488 2435 4552 πολλοῖς
2474 4491 2676 4542 νοεῖται
2717 4490 2810 4543 ἐπὶ
2851 4489 2947 4543 τοῦ
2990 4491 3196 4562 κόσμου
3244 4490 3458 4554 τούτου,
3490 4491 3583 4544 τοῦ
3617 4493 3710 4544 ἀν-

441 4584 506 4624 ex
539 4585 649 4639 quo
678 4581 878 4628 exeunt
904 4574 1018 4629 veri
1040 4573 1316 4646 lsraelitae,
1346 4579 1559 4651 iterque
1586 4579 1787 4636 habent
1808 4581 1862 4637 in
1888 4551 2021 4638 san;-

2140 4581 2538 4654 ipwuivouxai.
2578 4583 2673 4635 τοῦ
2717 4581 2961 4651 ἐπιγείου
3002 4551 3214 4649 τούτου,
3244 4586 3302 4650 ἐξ
3331 4579 3391 4639 οὗ
3426 4551 3629 4651 ἐξίασιν
3657 4584 3706 4636 οί

440 4668 586 4716 ctam
619 4669 844 4720 terram.

508 4836 576 4892 Et
618 4841 895 4897 concident
936 4844 1287 4915 fundamenta
1340 4852 1454 4921 ejus
1502 4854 1569 4910 ὀ.
1615 4853 1824 4912 Evertit
1873 4857 2017 4916 Deus

437 4929 787 4989 fundamenta
843 4934 1062 5010 Egypti
1127 4948 1388 5012 tanquam
1433 4945 1646 5012 bonus,
1701 4957 1761 5002 ut
1803 4951 2014 5006 nullum

436 5017 815 5092 Egyptiacum
864 5041 1148 5086 remaneat
1190 5033 1502 5091 aedilicium.
1538 5035 1830 5095 Peccatum
1868 5042 2010 5099 dico.

442 5109 673 5203 Verbum
705 5115 850 5170 enim
880 5119 1061 5175 evellit
1081 5119 1377 5196 eﬂ'oditque
1417 5142 1483 5183 ac
1507 5129 1687 5200 perdit
1730 5133 2014 5203 malitiam,

433 5202 736 5259 etmdilicat
763 5209 1040 5266 virtutem.

503 5294 683 5352 Persa!
724 5307 775 5353 et
809 5298 1079 5357 Cretenses
1102 5314 1151 5358 et
1184 5305 1321 5374 Lydi
1365 5319 1415 5363 et
1448 5309 1637 5381 Libyes
1661 5355 1675 5376 ,
1733 5325 1782 5369 et
1835 5331 2012 5373 omnes

432 5387 693 5442 commisti
728 5388 793 5443 de
836 5391 967 5459 filiis
999 5398 1303 5450 testamenti
1346 5400 1446 5452 mei
1484 5400 1663 5470 gladio
1708 5406 1894 5460 cadent
1941 5410 2009 5463 ".

431 5472 569 5571 Quis
587 5490 766 5548 potest
791 5498 1237 5556 unamquamque
1259 5500 1472 5557 gentem
1496 5495 1787 5564 explicare,
1811 5516 1875 5555 ac
1899 5504 2011 5571 spi-

431 5565 571 5619 ritali
603 5584 766 5625 sensu
795 5571 862 5626 ad
891 5589 1051 5643 quem
1076 5592 1173 5647 par
1198 5589 1282 5635 est
1313 5580 1429 5635 vitii
1464 5583 1684 5640 modum
1717 5565 2011 5647 adducere?

502 5746 539 5777 "
568 5746 737 5803 Exod.
770 5752 979 5813 “1,19.

433 5814 475 5847 ι·
499 5815 697 5874 Em».
733 5836 862 5892 xxx,
891 5824 945 5879 δ.
1026 5826 1069 5860 ιο
1098 5826 1230 5885 ibid.
1269 5814 1606 5890 ιζἾῑὶιὶίὶι.
1684 5814 1889 5894 gfiiiis.
1920 5814 1974 5895 si

2127 4673 2373 4745 ἀληθινοὶ
2423 4672 2775 4746 Ἰσραηλῖται,
2822 4674 2921 4729 καὶ
2962 4675 3238 4730 ὁδεύουσιν
3273 4676 3367 4728 ἐπὶ
3405 4674 3505 4746 τὴν
3545 4671 3704 4741 ἁγίαν

2126 4766 2250 4838 γῆν·

2195 4856 2305 4909 Kai
2349 4857 2748 4926 συμπεσεῖται
2771 4857 2844 4913 τὰ
2881 4859 3125 4929 θεμέλια
3147 4854 3355 4923 αὐτῆς.
3386 4854 3704 4928 Καταστρέ-

2123 4964 2213 5016 φει
2244 4948 2273 5000 ὁ
2302 4947 2435 5012 Θεὸς
2460 4948 2529 5002 τὰ
2554 4947 2781 5018 θεμέλια
2813 4946 3089 5018 Αἰγύπτου
3118 4946 3194 5011 ὡς
3220 4946 3422 5016 ἀγαθὸς
3470 4945 3563 4999 ἳνα
3600 4963 3705 5016 μη·-

2117 5040 2207 5094 δὲν
2235 5039 2391 5111 μείνῃ
2418 5039 2715 5109 Αίγύπτιον
2737 5040 3095 5112 οἰκοδόμημα·
3118 5039 3217 5112 τὴν
3241 5036 3513 5110 ἁμαρτίαν
3535 5037 3699 5107 λέγω.

2128 5132 2187 5185 '0
2215 5131 2324 5203 γὰρ
2355 5131 2528 5200 Λόγος
2570 5132 2779 5203 ὲκριζοῖ
2823 5132 2918 5185 καὶ
2950 5130 3350 5194 κατασκάπτει,
3404 5130 3500 5183 καὶ
3536 5128 3703 5184 ἀπολο-

2115 5221 2233 5275 λύει
2265 5221 2362 5293 τὴν
2386 5221 2607 5287 κακίαν,
2641 5224 2732 5276 καὶ
2762 5224 3033 5293 οἰκοδομεῖ
3064 5222 3163 5294 τὴν
3193 5222 3417 5293 ἀρετήν.

2185 5313 2406 5382 Πέρσαι
2445 5314 2543 5369 καὶ
2587 5314 2816 5383 Κρῆτες
2847 5315 2945 5369 καὶ
2975 5315 3151 5371 Λυδοί
3184 5315 3283 5370 καὶ
3324 5317 3559 5382 Λίϐυες,
3603 5315 3701 5371 καὶ

2116 5406 2341 5473 πάντες
2373 5410 2427 5461 οἱ
2466 5407 2760 5477 ἐπίμικτοι
2791 5406 2911 5461 τῶν
2937 5408 3085 5462 υἱῶν
3113 5407 3225 5477 τῆς
3264 5406 3554 5476 διαθήκης
3580 5424 3700 5477 μου

2115 5498 2186 5551 ὲν
2196 5496 2270 5566 τῇ
2290 5500 2556 5569 μαχαίρᾳ
2570 5499 2918 5555 πεσοῦνται.
2940 5501 3038 5565 Τίς
3055 5501 3277 5556 δύναται
3304 5501 3534 5555 ἕκαστον
3550 5501 3698 5565 ἔθνος

2113 5590 2500 5662 διηγήσασθαι,
2526 5593 2619 5646 καὶ
2634 5591 2928 5661 ἀναγαγεῖν
2947 5593 3179 5650 ἕκαστον
3205 5594 3291 5663 ἐφ’
3315 5593 3374 5648 ὃν
3391 5594 3473 5647 δεῖ
3499 5592 3697 5665 τρόπον

1045 5758 1088 5788 ¹²
1110 5756 1305 5837 ﬂecti).
1332 5776 1482 5826 xxix,
1509 5764 1562 5818 ι.
1620 5764 1663 5796 ⁸³
1690 5764 1821 5821 ibid.
1890 5768 1931 5800 “
1956 5767 2036 5840 Ep

1048 5826 1069 5860 ο
1099 5826 1207 5867 ilml
1269 5828 1300 5867 Δ
1399 5834 1445 5865 so
1477 5834 1584 5867 tum
1684 5837 1726 5867 si
1760 5838 1869 5867 sum
1920 5839 1951 5867 ε

2143 5786 2195 5837 ν,
2228 5772 2309 5828 ιι.
2385 5772 2549 5831 “Job
2569 5789 2655 5843 XL,
2686 5774 2769 5829 l6.
2831 5775 2875 5807 "
2904 5774 3104 5867 Ezgc'n.
3128 5793 3279 5847 uix,
3303 5776 3356 5832 6.
3418 5773 3460 5805 ⁸⁷
3485 5775 3693 5834 ibid.8.
