4128 6432
483 406 589 461 8°37

1908 382 1996 437 EX
2035 378 2337 437 ORIGENE

3644 381 3750 437 828

489 534 639 592 plum
666 521 1010 583 existimans,
1042 513 1314 586 posterius
1341 510 1505 565 etiam
1538 519 1771 561 numero
1814 505 2063 559 multitu-

2164 520 2329 572 γοντα
2357 503 2437 564 είς
2462 500 2641 555 ἑνικὸν
2673 499 2952 571 μεταθείη.
2996 499 3289 568 ’Δναγνοῦς
3316 501 3446 572 γὰρ,
3484 504 3748 558 "ﬁmo-

486 614 632 668 «linis
661 611 883 674 scribet,
913 616 1006 662 aut
1034 605 1315 675 superiora
1343 602 1407 657 ad
1455 599 1789 669 singularem
1832 596 2060 665 rediget.

487 710 589 773 Qui
620 706 763 761 enim
798 703 988 774 legerit
1018 721 1032 756 :
1085 699 1388 761 Fleverun',
1411 705 1459 750 et
1513 703 1792 747 oraverunt
1830 707 1929 754 me,
1960 700 2015 745 et
2046 708 2059 744 :

492 796 644 850 Domi
678 809 797 847 cum
821 790 1347 856 essem,invenerunt
1392 801 1493 849 me,
1540 783 1830 837 aﬂirmabit
1870 784 1942 836 ita
1988 778 2065 835 le-

484 888 660 957 genda
704 903 827 956 qua:
881 892 1227 954 sequuntur:
1276 878 1363 934 Ibi
1418 877 1625 931 locutus
1669 884 1746 929 est
1790 874 1863 928 ad
1898 874 2063 941 ipsos;

488 982 592 1033 Iaoc
614 988 716 1042 est,
747 977 840 1047 qui
873 976 1138 1031 ﬂeverunt
1169 980 1225 1027 et
1257 977 1572 1034 oraverunt,
1607 976 1662 1022 ct
1693 966 1841 1021 domi
1892 965 2063 1019 Deum

484 1072 825 1125 invenerunt.
844 1069 1004 1138 Atqui
1021 1082 1085 1122 ex
1106 1064 1482 1121 observatione
1497 1059 1758 1116 similium
1774 1058 2063 1112 verborum

480 1162 644 1215 etiam
673 1160 761 1215 illa
789 1160 1126 1216 cohaerenter
1152 1156 1299 1213 dicta
1344 1153 1718 1211 ostendemus.
1756 1151 1818 1203 In
1866 1146 2063 1203 Genesi

484 1253 628 1309 Deus
662 1253 873 1307 Adamo
903 1259 1230 1322 praeceptum
1254 1249 1411 1311 dans,
1443 1245 1519 1301 ait
1542 1245 1590 1277 ³⁵
1617 1261 1630 1298 :
1666 1243 1738 1295 De
1759 1241 1901 1295 omni
1921 1239 2065 1310 ligno

480 1344 622 1413 quod
656 1344 711 1396 in
732 1343 984 1412 paradiso
1010 1351 1108 1406 est,
1142 1340 1350 1394 comede
1372 1355 1390 1391 :
1422 1339 1484 1390 de
1506 1336 1650 1405 ligno
1683 1343 1860 1387 autent
1886 1331 2067 1401 cogni-

483 1433 643 1487 tionis
671 1433 792 1486 boni
815 1443 864 1486 et
882 1432 1030 1498 mali,
1058 1449 1158 1484 non
1188 1430 1468 1484 comedetis
1489 1442 1553 1481 ea:
1577 1428 1690 1495 ipso
1717 1434 1858 1494 :qua
1886 1432 2065 1476 autem

482 1524 569 1576 die
602 1523 931 1577 comederitis
957 1538 1021 1576 ea:
1049 1525 1182 1592 ipso,
1221 1529 1384 1574 morte
1409 1516 1722 1571 moriemini.
1750 1516 1884 1569 Cum
1914 1514 2062 1567 enim

484 1615 557 1668 ibi
606 1631 824 1685 quoque
869 1631 897 1669 a
935 1615 1192 1685 singulari
1229 1613 1514 1681 erupisset,
1561 1610 1627 1665 de
1674 1610 1817 1663 omni
1849 1607 2061 1672 arbore,

480 1723 600 1776 quia
646 1709 698 1758 in
741 1707 993 1773 paradiso
1023 1713 1121 1770 est,
1171 1704 1448 1769 comedas,
1504 1701 1785 1771 sulijungit
1828 1712 2061 1752 numero

481 1788 701 1865 plurali,
738 1797 960 1860 dicens,
991 1799 1055 1850 de
1097 1798 1237 1867 ligno
1270 1806 1445 1849 autem
1479 1792 1823 1865 cognoscendi
1867 1793 2062 1843 bonum

2164 605 2287 643 σαν
2309 589 2405 642 καὶ
2423 585 2763 654 ἐδεήθησάν
2777 602 2897 656 μου
2914 602 2926 615 ·
2960 589 3075 651 καὶ,
3109 585 3214 640 Ἐν
3234 584 3315 651 τῷ
3337 587 3483 650 οἴκῳ
3511 586 3619 654 ὢν,
3645 585 3715 646 εὖ
3730 620 3748 631 .

2155 682 2271 749 ρόν
2294 697 2392 749 με,
2437 679 2579 732 εἴποι
2618 678 2704 744 ἂν,
2738 679 2820 732 ὅτι
2850 677 2947 732 καὶ
2983 677 3045 731 τὸ
3089 677 3217 748 ἑξῆς
3243 672 3335 733 οὖν
3368 681 3541 747 ἑστιν,
3593 681 3753 736 Ἐκεῖ

2162 769 2431 838 ἐλαλήθη
2473 768 2626 837 πρὸς
2657 768 2910 833 αὐτούς·
2956 768 3203 820 τουτέστι
3237 768 3364 832 τοὺς
3406 767 3747 835 κλαύσαντας

2164 862 2261 914 καὶ⁵
2310 860 2620 929 δεηθέντας,
2663 857 2759 911 καὶ
2802 859 2861 911 ἑν
2905 856 2984 928 τῷ
3029 856 3165 928 οἴκῳ
3212 857 3310 921 ὣν,
3357 859 3617 930 εὑρόντας
3655 860 3748 916 τὸν

2162 951 2315 1007 Θεόν.
2353 952 2448 1005 Ἐκ
2484 950 2923 1023 παρατηρήσεως
2944 948 3002 1000 δὲ
3023 948 3228 1018 ὁμοίων
3257 948 3438 1020 ῥητῶν
3464 950 3559 1002 καὶ
3590 951 3749 1004 τοῦτο

2164 1039 2471 1105 ἀκολούθως
2523 1038 2774 1111 εἰρῆσθαι
2812 1036 3079 1108 δείξομεν.
3143 1038 3232 1090 Ἐν
3287 1039 3353 1109 τῇ
3417 1039 3663 1093 Γενέσει
3718 1042 3748 1093 ὁ

2164 1130 2297 1195 Θεὸς
2334 1130 2413 1201 τῷ
2456 1130 2628 1201 ’Δδάμ
2670 1128 2889 1201 ἑντολὴν
2932 1129 3131 1194 διδοὺς,
3164 1127 3305 1182 οὕτω
3348 1130 3545 1200 φησίν
3611 1130 3750 1185 Ἀπὸ

2164 1224 2392 1289 παντὸς
2450 1223 2643 1287 ξύλου
2692 1220 2799 1276 τοῦ
2849 1221 2923 1275 ἐν
2974 1219 3057 1287 τῷ
3115 1219 3458 1287 παραδείσῳ
3517 1220 3747 1289 ,ϐρώσει

2162 1313 2359 1384 φαγῇ·
2391 1315 2510 1369 ἀπὸ
2552 1314 2620 1367 δὲ
2660 1313 2767 1368 τοῦ
2808 1313 3001 1378 ξύλου
3041 1312 3148 1365 τοῦ
3194 1314 3510 1381 γινώσκειν
3555 1312 3748 1365 καλὸν

2164 1405 2263 1459 καὶ
2296 1404 2599 1474 πονηρὸν,
2655 1405 2727 1459 οὐ
2781 1403 3047 1474 μάχεσθε
3092 1403 3195 1457 ἀπ’
3230 1402 3446 1457 αὐτοῦ·
3486 1396 3526 1474 ᾖ
3568 1403 3619 1456 δ’
3671 1402 3749 1459 ἂν

2162 1496 2353 1564 ἡμέρᾳ
2384 1495 2613 1565 φάγητε
2652 1496 2754 1550 ἀπ’
2788 1489 3008 1559 ἀύτοῦ,
3049 1493 3284 1562 θανάτῳ
3326 1495 3746 1551 ἀποθανεῖσθε.

2176 1585 2509 1659 Ἀρξάμενος
2546 1586 2655 1659 γὰρ
2687 1587 2848 1640 κάκεῖ
2879 1586 2987 1640 ἀπὸ
3027 1585 3210 1640 ἑνικοῦ
3242 1587 3297 1640 ἑν
3329 1585 3406 1658 τῷ
3446 1587 3745 1660 εἰρηκέναι,

2163 1679 2391 1744 παντὸς
2449 1678 2640 1744 ξύλου
2691 1677 2797 1732 τοῦ
2836 1677 2921 1732 »ἐν
2970 1675 3052 1743 τῷ
3122 1677 3467 1745 παραδείσῳ
3523 1677 3746 1747 βρώσει

2162 1768 2353 1839 suum},
2392 1769 2646 1841 ἐπιφέρει
2679 1767 3077 1840 πληθυντικῶς,
3111 1767 3316 1835 εἰπὼν,
3361 1767 3482 1822 ἀπὸ
3527 1768 3595 1823 δὲ
3640 1769 3749 1824 τοῦ

479 1896 528 1939 et
562 1888 780 1951 malum,
805 1888 972 1959 439
993 1904 1054 1941 ne
1076 1888 1331 1942 comedite
1351 1902 1416 1941 ea:
1440 1886 1555 1955 ipso
1586 1901 1604 1938 :
1631 1898 1939 1954 quacunque
1961 1897 2063 1933 au-

2165 1861 2356 1924 ξύλου
2387 1862 2493 1916 τοῦ
2526 1860 2843 1931 γινώσκειν
2867 1859 3060 1913 καλὸν
3088 1858 3188 1911 καὶ
3220 1858 3509 1927 πονηρὸν,
3536 1862 3606 1913 οὐ
3639 1857 3751 1929 φά·-

479 1986 582 2031 tem
608 1978 690 2030 die
715 1969 1047 2033 contederi'tis
1082 1995 1145 2032 ea:
1179 1994 1312 2047 ipso,
1350 1988 1516 2030 morte
1558 1976 1874 2028 moriemini.
1924 1973 2061 2027 Cum

477 2068 624 2120 enim
658 2079 1012 2138 praeceptum,
1046 2084 1157 2139 quo
1200 2070 1317 2122 vult
1358 2068 1509 2121 illum
1558 2066 1741 2120 vivere
1765 2105 1781 2129 ,
1820 2062 2062 2133 quandiu

480 2160 587 2213 hoc
619 2160 1014 2223 observaverit,
1046 2176 1278 2215 numero
1313 2158 1537 2213 unitatis
1578 2158 1690 2222 dat,
1724 2164 1779 2210 ct
1825 2156 1903 2209 ait
1938 2172 1952 2208 :
1989 2152 2065 2207 De

481 2251 625 2304 omni
643 2251 806 2321 ligno,
828 2253 1042 2323 quodin
1075 2253 1329 2322 paradiso
1362 2260 1463 2314 est,
1491 2251 1747 2303 comedes.
1783 2247 1888 2314 Qui
1914 2246 2061 2302 enim

481 2345 782 2399 secundum
820 2345 989 2400 Deum
1033 2344 1314 2399 ambulant
1344 2352 1401 2398 et
1427 2342 1683 2396 mandata
1709 2340 1829 2410 ejus
1858 2340 2063 2408 ample-

480 2442 731 2501 ctuntur,
785 2436 891 2491 etsi
943 2436 1097 2490 multi
1139 2435 1290 2500 sint,
1333 2434 1479 2504 quod
1531 2442 1715 2488 tamen
1760 2431 2062 2488 concordes

478 2534 610 2580 sunt
656 2535 712 2580 ct
747 2527 910 2582 unius
949 2542 1166 2587 sensus.
1204 2526 1360 2581 multi
1386 2540 1554 2580 unum
1594 2532 1742 2579 sunt.
1768 2521 2061 2591 Propterea

477 2631 602 2670 cum
629 2617 697 2672 de
728 2618 873 2672 bono
908 2626 1237 2691 pmceptum
1274 2620 1455 2681 datur,
1499 2616 1763 2687 singulari
1805 2629 2057 2671 numero.

477 2708 744 2773 comedes;
795 2726 921 2765 cum
963 2726 1090 2766 vero
1140 2711 1207 2767 de
1245 2711 1682 2779 transgressione
1731 2717 2056 2779 praereptum

476 2800 758 2864 dividitur.
793 2819 900 2858 non
923 2803 1036 2871 jam
1065 2803 1353 2872 singulari,
1394 2802 1488 2858 sed
1540 2801 1733 2872 plurali
1779 2815 2008 2855 numero
2042 2818 2055 2854 :

480 2891 602 2946 Non
634 2895 914 2948 comedetis
940 2911 1005 2949 ea:
1043 2896 1179 2964 ipso;
1217 2912 1320 2965 qua
1353 2910 1470 2947 vero
1508 2894 1593 2947 die
1635 2892 1965 2947 comedet-itis
1994 2906 2059 2944 ea:

479 2986 626 3055 ipso,
673 2995 838 3038 morte
881 2987 1198 3041 moriemini.
1240 2986 1331 3040 Sic
1363 2986 1526 3056 igitur
1557 2986 1630 3039 illi
1670 3001 1794 3038 cum
1830 2985 1961 3038 ﬂent
2003 2992 2059 3038 et

479 3089 641 3131 orant
667 3079 807 3146 apud
838 3078 1008 3132 Deum
1030 3119 1044 3145 ,
1099 3094 1325 3133 numero
1356 3079 1549 3148 plurali
1580 3079 1779 3133 dicitur
1824 3098 1837 3131 :
1874 3077 2057 3132 Fleve-

481 3180 603 3223 runt
636 3180 685 3223 et
704 3172 904 3239 precati
934 3182 1078 3239 sunt;
1108 3188 1232 3228 cum
1259 3186 1383 3228 vero
1418 3172 1583 3225 Deum
1618 3171 1924 3235 inveniunt,
1949 3187 2056 3225 non
2087 3188 2129 3246 ς

476 3264 590 3332 jam
617 3264 903 3332 piuraliter
933 3265 1137 3322 dicitur
1161 3284 1172 3319 :
1205 3263 1291 3321 Ibi
1318 3265 1523 3319 locutus
1545 3274 1621 3321 est
1652 3264 1723 3318 ad
1750 3264 1915 3333 ipsos,
1941 3263 2056 3325 sed,

481 3355 551 3408 ad
582 3357 772 3425 ipsum.
804 3354 922 3410 Jam
954 3359 1099 3411 enim
1136 3373 1303 3411 unum
1337 3356 1463 3411 facti
1513 3365 1643 3410 sunt
1691 3356 1867 3420 multi,
1913 3355 2060 3424 quod

483 3449 794 3504 invenerint
824 3448 992 3504 Deum
1025 3460 1078 3505 et
1115 3451 1340 3506 audiant
1368 3465 1677 3505 sermonem
1728 3450 1867 3521 ejus.
1906 3447 2061 3505 Unus

482 3543 630 3595 enim
667 3559 790 3597 cum
823 3555 1031 3612 peccat,
1067 3546 1350 3615 multiplex
1377 3553 1480 3609 est,
1512 3560 1542 3597 a
1573 3543 1681 3598 Deo
1706 3544 1986 3599 abscissus
2008 3551 2064 3597 et

485 3636 539 3689 in
580 3643 760 3705 partes
789 3636 1019 3701 divisus,
1050 3647 1104 3692 et
1139 3638 1207 3691 ab
1232 3637 1439 3691 unitate
1467 3637 1745 3691 decidens.
1777 3636 1930 3690 Multi
1965 3651 2063 3691 au-

482 3736 613 3794 tem,
633 3729 724 3797 qui
748 3727 840 3783 Dei
872 3728 1126 3783 mandata
1162 3737 1486 3800 sequuntur,
1516 3745 1659 3783 unus
1686 3738 1835 3791 sunt,
1867 3743 2061 3797 quem—

485 3823 777 3881 admodum
830 3831 884 3875 et
920 3821 1213 3891 Apostolus
1243 3831 1494 3885 testatur,
1545 3822 1732 3877 dicens
1767 3822 1813 3854 “
1856 3842 1869 3878 :
1923 3822 2065 3887 Quia

483 3930 618 3969 unus
651 3914 803 3982 panis
833 3922 880 3965 et
904 3929 1066 3966 unum
1099 3929 1286 3981 corpus
1332 3914 1488 3967 multi
1532 3931 1739 3979 sumus;
1778 3923 1834 3969 et
1869 3914 2065 3969 deinde

484 4006 533 4043 *"
561 4022 578 4061 :
612 4004 758 4060 Unus
792 4006 950 4072 Deus,
967 4023 1100 4062 unus
1119 4007 1383 4072 Christus,
1404 4023 1509 4060 una
1525 4007 1676 4076 ﬁdes,
1704 4024 1869 4061 unum
1887 4007 2063 4075 bapti-

493 4113 644 4160 sma;
679 4105 732 4152 et
759 4096 887 4151 alibi
917 4098 960 4129 ⁸³
991 4115 1004 4150 :
1036 4096 1176 4161 Quia
1206 4114 1385 4151 omnes
1422 4112 1584 4149 unum
1612 4114 1792 4151 sumus
1820 4098 1874 4150 in
1909 4097 2060 4152 Chri-

485 4200 566 4243 sto
594 4189 744 4254 Iesu;
776 4200 829 4245 et
857 4190 1037 4246 denuo
1059 4192 1104 4223 ²⁹
1138 4207 1151 4244 :
1187 4189 1450 4258 Despondi
1483 4192 1620 4243 enim
1654 4208 1743 4245 vos
1771 4207 1947 4244 omnes
1972 4193 2065 4245 uni

484 4286 597 4338 uiro
630 4284 880 4353 virginem
915 4292 1119 4338 castam
1165 4282 1407 4336 exhibere
1449 4282 1680 4339 Christo.
1730 4282 1794 4337 Et
1846 4284 2065 4353 quidem

486 4391 602 4439 cos,
629 4376 720 4445 qui
746 4375 960 4445 placent
982 4374 1239 4441 Domino,
1275 4390 1444 4428 unum
1468 4391 1589 4431 esse
1617 4392 1682 4430 ex
1726 4377 2062 4444 precatione,

486 4482 593 4535 qua
621 4464 878 4520 Servatur
907 4467 973 4520 ad
1008 4464 1225 4521 Patrem
1258 4482 1354 4536 pro
1384 4468 1647 4537 apostolis
1669 4468 1968 4533 contendit,
2011 4468 2062 4521 id

488 4551 679 4607 manift
695 4562 837 4607 stum
861 4564 963 4610 est.
992 4554 1153 4610 Pater
1173 4567 1374 4620 sancte,
1394 4558 1490 4624 ait,
1508 4558 1596 4621 da,
1622 4558 2064 4628 quemadmodum

486 4663 580 4714 ego
604 4654 651 4699 et
673 4654 727 4698 tu
753 4662 913 4700 unum
945 4664 1146 4716 sumus,
1176 4651 1253 4704 sic
1281 4661 1329 4706 et
1358 4653 1411 4705 lii
1438 4653 1494 4705 in
1514 4653 1662 4706 nobis
1693 4669 1855 4705 unum
1877 4652 2064 4705 sint”.

486 4737 623 4791 Cum
660 4752 786 4790 vero
809 4746 862 4791 et
888 4738 1130 4794 membra
1166 4741 1307 4798 inter
1340 4760 1398 4799 se
1429 4759 1548 4798 csse
1583 4743 1755 4797 sancti
1791 4742 2064 4807 dicantur,

487 4830 615 4899 quid
639 4832 784 4886 aliud
822 4832 925 4886 nisi
963 4848 1131 4887 unum
1169 4844 1297 4890 sunt
1335 4837 1574 4905 corpus?
1604 4834 1671 4889 Et
1702 4837 1755 4889 in
1801 4835 1940 4889 libro
1970 4832 2065 4903 qui

487 4922 689 4976 Pastor
723 4924 1063 4993 inscribitur,
1097 4929 1510 4984 aediﬁcationem
1554 4929 1721 4983 turris
1766 4945 1831 4983 ex
1879 4927 2067 4982 multis

490 5016 1004 5088 iactam-lapidibus,
1032 5037 1098 5075 ex
1123 5038 1235 5077 uno
1267 5037 1397 5077 vero
1441 5021 1616 5091 lapide
1656 5022 1859 5076 factum
1894 5020 2063 5075 videri

489 5107 800 5172 aedilicium,
831 5112 962 5179 quid
994 5111 1140 5167 aliud
1184 5129 1348 5185 quam
1383 5129 1413 5167 e
1445 5114 1632 5168 multis
1660 5124 1986 5170 concentum
2014 5121 2066 5167 ct

487 5197 775 5266 unitatem,
803 5200 1066 5274 scriptum
1096 5203 1147 5260 id
1182 5204 1492 5281 significat?

2164 1957 2346 2022 γεσθε
2372 1952 2474 2007 ἀπ’
2505 1950 2722 2007 αὐτοῦ’
2759 1945 2799 2023 ᾗ
2828 1949 2882 2004 δ’
2914 1948 2991 2006 ἂν
3031 1948 3223 2018 ἡμέρᾳ
3262 1948 3491 2020 φάγητε
3517 1952 3619 2006 ἀπ’
3644 1952 3754 2009 αὐ-

2164 2044 2295 2109 τοῦ,
2328 2044 2561 2109 θανάτῳ
2595 2041 3014 2099 ἀποθανεῖσθε.
3050 2041 3179 2094 Ὅτε
3220 2040 3328 2110 γὰρ
3369 2042 3497 2111 περὶ
3525 2042 3626 2112 τῆς
3663 2045 3753 2096 ὲν⁴

2163 2136 2325 2206 τολῆς
2349 2136 2415 2189 δι’
2442 2130 2509 2206 ἧς
2539 2134 2701 2188 αὐτὸν
2727 2133 2785 2186 ἑν
2812 2132 2924 2204 ζωῇ
2957 2131 3162 2203 ταύτην
3190 2130 3462 2204 τηροῦντα
3488 2133 3757 2203 ἠθέλησεν

2163 2222 2324 2293 εἶναι,
2373 2226 2569 2290 ἑνικῶς
2612 2224 2936 2286 ἐντέλλεται,
2961 2223 3055 2277 καὶ
3095 2223 3287 2294 φησιν’
3337 2223 3479 2278 Ἀπὸ
3524 2224 3753 2291 παντὸς

2164 2317 2355 2383 ξύλου
2384 2314 2491 2369 τοῦ
2515 2314 2588 2369 ἐν
2613 2313 2692 2380 τῷ
2719 2311 3064 2381 παραδείσῳ
3087 2310 3313 2380 ,βρώσει
3335 2310 3517 2381 φαγῇ.
3553 2315 3618 2366 Ol.
3639 2313 3751 2385 γὰρ

2163 2408 2308 2464 κατά
2360 2408 2493 2461 Θεὸν
2540 2403 2972 2478 περιπατοῦντες
3018 2403 3115 2457 καὶ
3157 2404 3267 2457 τῶν
3309 2403 3537 2457 ἐντολῶν
3580 2405 3751 2458 αὑτοῦ

2162 2501 2532 2573 ἀντεχόμενοι,
2561 2500 2663 2556 κᾶν
2692 2499 2879 2553 πολλοὶ
2907 2493 3032 2564 tim,
3058 2497 3139 2569 τῷ
3180 2498 3477 2569 ὁμόφρονες
3512 2491 3655 2549 εἶναι
3697 2496 3751 2550 οἱ

2162 2595 2349 2649 πολλοὶ
2375 2594 2436 2650 ἑν
2460 2597 2589 2650 εἰσι.
2623 2592 2724 2648 Διά
2747 2591 2907 2648 τοῦτο
2934 2593 3023 2646 ὅτε
3052 2591 3181 2662 περὶ
3210 2588 3415 2661 ἀγαθοῦ
3452 2587 3642 2660 ἑντολὴ
3673 2588 3751 2643 δί-

2158 2687 2329 2752 δοται,
2373 2684 2567 2751 ἑνικῶς
2613 2685 2744 2740 αὐτὸ
2788 2684 3004 2752 λέγεται
3035 2681 3118 2747 τὸ,
3155 2680 3385 2750 ,ϐρώσει
3422 2679 3585 2750 parii
3605 2698 3618 2712 °
3659 2680 3750 2735 ὅτε

2159 2779 2215 2833 δὲ
2246 2780 2347 2852 ἠδη
2390 2779 2520 2851 περὶ
2557 2776 2918 2850 παραϐάσεως
2957 2775 3352 2839 διαστέλλεται,
3395 2773 3494 2844 οὐχ
3532 2772 3751 2840 ἑνικῶς,

2164 2872 2280 2925 ἀλλ’
2314 2871 2416 2942 ήδη
2447 2868 2829 2941 πληθυντικῶς
2867 2886 3062 2941 φησιν’
3107 2868 3189 2924 Οὐ
3220 2866 3484 2939 φάγεσθε
3508 2866 3610 2922 ἀπ’
3643 2867 3755 2921 αύ-

2164 2962 2272 3017 τοῦ
2291 2980 2304 2992 ·
2329 2956 2369 3034 ᾗ
2396 2962 2447 3016 δ’
2471 2961 2549 3017 ἂν
2576 2961 2768 3032 ἡμέρῃ
2796 2960 3043 3031 φάγητε,
3079 2958 3309 3023 θανάτῳ
3331 2956 3749 3012 ἀποθανεῖσθε.

2162 3056 2351 3120 Οὕτως
2389 3053 2482 3110 οὖν
2512 3056 2603 3109 καὶ
2634 3054 2823 3109 ἑνθάδε
2844 3096 2858 3120 ,
2907 3053 2996 3106 ὅτε
3029 3051 3109 3105 ἔτι
3147 3051 3393 3106 κλαίουσι
3421 3051 3518 3104 καὶ
3543 3050 3754 3104 δέονται

2164 3148 2301 3222 πρὸς
2356 3149 2512 3213 Θεὸν,
2564 3144 2943 3219 πληθυντικῶς
2998 3144 3216 3214 λέγεται
3258 3143 3337 3208 τὸ,
3394 3144 3754 3198 Ἐκλαυσαν

2165 3241 2266 3295 καὶ
2297 3239 2670 3309 ἐδεήθησανο
2705 3240 2795 3294 ὅτε
2823 3236 2882 3293 δὲ
2916 3237 3230 3308 εὑρίσκουσι
3260 3235 3352 3288 τὸν
3380 3235 3536 3302 Θεὸν,
3567 3235 3751 3289 οὐκέτι

2165 3334 2543 3406 πληθυντικῶς
2573 3349 2709 3404 φησι
2737 3328 2818 3394 τὸ,
2857 3330 3025 3383 Ἐκεῖ
3037 3322 3305 3394 ἐλαλήθη
3336 3328 3487 3393 πρὸς
3507 3327 3748 3392 αὐτοὺς,

2163 3425 2317 3490 ἀλλά,
2345 3424 2498 3495 πρὸς
2525 3424 2732 3477 αὐτόν.
2769 3421 2906 3492 Ἤδη
2944 3418 3051 3491 γὰρ
3071 3420 3132 3472 ἓν
3168 3418 3454 3487 γεγόνασιν
3492 3419 3541 3469 οἱ
3567 3416 3749 3470 πολλοὶ

2163 3518 2222 3570 ἑν
2252 3515 2331 3586 τῷ
2356 3514 2649 3586 εὑρηκέναι
2690 3513 2781 3567 τὸν
2813 3512 2967 3570 Θεὸν.
3013 3510 3110 3565 καὶ
3139 3510 3197 3562 ἑν
3232 3507 3312 3579 τῷ
3342 3508 3560 3562 ἀκούειν
3590 3508 3748 3577 λόγον

2164 3607 2353 3661 αὐτοῦ.
2398 3607 2455 3659 '0
2498 3605 2608 3676 γὰρ
2636 3602 2739 3668 εἷς,
2769 3604 2858 3658 ὅτε
2903 3602 3229 3674 ἁμαρτάνει,
3264 3598 3550 3662 πολλοστύς
3577 3600 3745 3662 ἑστιν,

2164 3698 2594 3767 ἀποσχιζόμενος
2642 3696 2749 3749 ἀπὸ
2788 3693 2924 3748 Θεοῦ
2970 3694 3066 3747 καὶ
3108 3691 3482 3763 μεριζόμενος,
3516 3689 3610 3741 καὶ
3651 3688 3749 3757 τῆς

2165 3790 2415 3862 ἑνότητος
2445 3788 2759 3843 ἑκπίπτων’
2804 3789 2852 3841 οἱ
2883 3786 2939 3841 δὲ
2976 3784 3162 3839 πολλοὶ⁸
3189 3787 3306 3847 ταῖς
3352 3780 3592 3844 ἐντολαῖς
3624 3780 3749 3832 ἑπό-

2170 3901 2320 3953 μενοι
2348 3885 2468 3945 ταῖς
2495 3881 2588 3934 τοῦ
2619 3879 2778 3944 Θεοῦ,
2808 3873 2887 3942 εἷς
2910 3880 3016 3931 εἱσι
3035 3895 3048 3907 ·
3094 3874 3277 3939 καθὼς
3315 3873 3405 3927 καὶ
3432 3875 3460 3926 ὁ
3499 3872 3752 3924 Ἀπὸστο-

2166 3973 2257 4037 λος
2284 3974 2572 4045 μαρτυρεῖ,
2602 3969 2771 4023 εἰπών
2792 3986 2805 3999 ·
2841 3969 2967 4023 Ὅτι
2995 3962 3083 4033 εἷς
3119 3965 3298 4034 ἄρτος
3325 3963 3423 4017 καὶ
3465 3962 3535 4016 ἓν
3575 3960 3752 4030 σῶμα

2167 4068 2220 4119 οἱ
2272 4063 2494 4117 πολλοί
2534 4062 2746 4131 ἐσμεν·
2810 4060 2907 4113 καὶ
2939 4058 3134 4112 πάλιν·
3172 4051 3278 4123 Εἷς
3313 4053 3477 4120 Θεὸς,
3524 4053 3625 4107 καὶ
3666 4048 3755 4118 εἷς

2168 4151 2442 4223 Χριστὸς,
2466 4150 2564 4206 καὶ
2571 4151 2681 4220 μία
2699 4150 2924 4215 πίστις,
2946 4147 3046 4200 καὶ
3067 4145 3136 4200 ἓν
3161 4143 3503 4213 βάπτισμαο
3540 4142 3635 4195 καὶ
3656 4140 3754 4195 ἀλ-

2167 4241 2352 4314 λαχοῦ·
2374 4242 2505 4295 Ὀτι
2536 4238 2757 4305 πάντες
2776 4237 2847 4291 ἓν
2866 4238 3054 4306 ἐσμεν
3073 4235 3142 4288 ἐν
3165 4232 3397 4303 Χριστῷ
3412 4230 3634 4299 Ἰησοῦ
3661 4232 3756 4285 καὶ

2168 4329 2345 4396 αὖθις
2387 4329 2773 4401 Ἠρμοσάμην
2804 4330 2914 4399 γὰρ
2934 4324 3089 4397 ὑμᾶς
3115 4326 3257 4392 τοὺς
3278 4325 3510 4390 πάντας
3539 4323 3625 4378 ἑνὶ
3651 4324 3755 4376 ἀν..

2169 4425 2263 4493 cpi
2299 4423 2599 4493 παρθένον
2627 4421 2824 4494 ἁγνὴν
2856 4417 3241 4490 παραστῆσαι
3281 4416 3362 4484 τῷ
3393 4418 3609 4484 Κυρίῳ.
3646 4416 3755 4469 Καὶ

2098 4523 2140 4577 D
2169 4520 2252 4573 ὅτι
2305 4519 2355 4570 οἱ
2404 4515 2825 4585 εύαρεστοῦντες
2859 4514 2938 4585 τῷ
2979 4513 3172 4585 Κυρίῳ
3218 4512 3275 4565 ἓν
3310 4512 3468 4575 εἰσιν,
3508 4510 3616 4563 ἀπὸ
3656 4508 3753 4579 τῆς

2171 4606 2482 4680 προσευχῆς
2511 4600 2579 4679 ἧς
2607 4607 2635 4658 ὁ
2654 4604 2844 4677 Σωτὴρ
2861 4601 3081 4674 εὔχεται
3105 4601 3242 4674 πρὸς
3266 4600 3362 4654 τὸν
3384 4599 3603 4669 Πατέρα
3625 4613 3689 4649 πε
3700 4598 3752 4668 ρὶ

2170 4700 2279 4753 τῶν
2315 4696 2573 4773 μαθητῶν
2600 4696 2786 4760 αὑτοῦ,
2821 4696 2967 4750 ἐστιν
3015 4696 3162 4749 ἰδεῖνο
3192 4692 3383 4761 Πάτερ
3405 4688 3535 4760 γὰρ,
3564 4688 3747 4759 φησὶν,

2169 4789 2316 4858 ἅγιε,
2350 4788 2455 4856 δὸς
2486 4788 2606 4853 ἵνα,
2632 4784 2828 4852 καθὼς
2855 4784 2970 4857 ἐγὼ
3004 4784 3104 4839 καὶ
3143 4781 3224 4837 σὺ
3256 4780 3327 4835 ἓν
3355 4779 3561 4848 ἐσμεν,
3599 4775 3752 4828 οὕτω

2172 4882 2269 4936 καί
2311 4877 2473 4938 οὗτοι
2501 4881 2571 4934 ἐν
2607 4880 2750 4950 ἡμῖν
2780 4879 2849 4934 ἓν
2873 4873 3044 4936 ὦσιν.
3092 4876 3258 4931 Ὅταν
3296 4872 3353 4927 δὲ
3384 4871 3477 4925 καὶ
3506 4868 3751 4940 ἀλλήλων

2178 4971 2314 5043 μέλη
2348 4971 2612 5041 λέγωνται
2643 4967 2780 5024 εἶναι
2810 4972 2859 5024 οἱ
2886 4966 3052 5038 ἅγιοι,
3081 4964 3136 5020 τί
3167 4963 3294 5018 ἄλλο
3316 4963 3367 5016 εί
3405 4963 3478 5037 μὴ
3504 4960 3561 5012 ἓν
3590 4959 3755 5028 σῶμά

2175 5062 2313 5125 eiet;
2342 5060 2451 5116 Καὶ
2478 5062 2533 5112 ἑν
2556 5057 2634 5131 τῷ
2664 5054 2909 5129 Ποιμένι
2942 5050 3000 5110 δὲ
3030 5056 3129 5127 τὴν
3159 5051 3448 5122 οἰκοδομὴν
3476 5049 3572 5103 τοῦ
3612 5047 3753 5119 πύρ-

2176 5170 2274 5222 γου
2308 5152 2394 5207 διὰ
2425 5151 2633 5206 πολλῶν
2659 5150 2756 5222 μὲν
2779 5148 2941 5205 λίθων
2963 5143 3439 5218 οἰκοδομουμένην,
3466 5141 3525 5206 ἑξ
3552 5142 3670 5206 ἑνὸς
3699 5141 3756 5195 δὲ

2175 5243 2324 5297 λίθου
2356 5242 2688 5313 φαινομένην
2719 5238 2854 5294 εἶναι
2886 5242 2986 5313 τὴν
3027 5236 3334 5309 οἰκοδομὴν,
3361 5234 3414 5286 τί
3448 5232 3577 5287 ἄλλο
3599 5232 3632 5304 ἢ
3657 5234 3756 5304 τὴν

2177 5336 2241 5389 ἑκ
2271 5335 2479 5390 πολλῶν
2500 5334 2815 5405 συμφωνίαν
2844 5334 2937 5387 καὶ
2961 5331 3184 5403 ἑνότητα
3209 5326 3460 5399 σημαίνει
3481 5326 3516 5398 ἡ
3531 5326 3756 5398 Γραφήῖ

562 5479 607 5512 ³³
626 5488 760 5544 Gen.
786 5505 845 5555 ιι,
881 5490 962 5560 16,
993 5491 1078 5547 l7.
1157 5491 1201 5524 “
1229 5492 1245 5547 l
1277 5491 1401 5549 Cor.
1431 5504 1487 5559 κ,
1519 5492 1603 5546 l7.
1681 5491 1724 5524 ³⁷
1752 5490 1949 5562 Eplics.
1981 5505 2053 5557 tv,

2203 5468 2247 5521 ¹έ
2276 5489 2431 5545 Βοιη.
2467 5506 2561 5557 xu,
2590 5491 2641 5546 5.
2708 5491 2751 5521 ⁵⁵³
2786 5488 2827 5542 ll
2853 5488 3066 5556 Const,
3096 5486 3153 5543 2.
3233 5488 3276 5522 "
3306 5486 3463 5543 Joan.
3497 5497 3633 5551 svu,
3665 5480 3753 5539 Η.
