4128 6502
1437 667 1876 676 .____——_—

369 666 1429 700 mm

1565 414 1877 471 SELECTA
1912 414 1982 470 IN
2016 411 2452 470 MATTHIEUM.

1359 679 2663 998 sarisas"

2518 663 3404 693 rm

1804 1090 1897 1143 ΤΔ
1927 1088 2039 1143 ΕΙΣ
2068 1088 2151 1144 ΤΟ

692 1251 1159 1388 ΚΑΤΑ
1244 1250 2151 1390 ΜΑΤΘΑΙΟΝ
2223 1167 3363 1394 ΕΥΑΓΓΕΑΙΟΝ

1548 1485 2494 1612 ΕΞΗΓΗΤΙΚΑ.

784 1882 1697 2044 ORIGENIS
1813 1882 3203 2081 COMMENTARIA

592 2332 1519 2453 EVANGELIUM
1609 2326 2387 2447 SECUNDUM
2463 2329 3375 2449 MATTHIEUM.

944 2723 998 2784 E
1026 2721 1264 2786 TOMO
1304 2722 1563 2788 PRIMO
1593 2723 2373 2789 COMMENTARIORUM
2406 2726 2488 2787 IN
2519 2722 3032 2786 MATTHIEUM.

1491 2887 1854 2967 lnterprete
1886 2886 2170 2952 Henrico
2218 2885 2507 2950 Valesio.

434 3049 523 3113 Ὠς
548 3046 624 3119 (l)
652 3049 710 3101 ὲν
740 3047 1039 3118 παραδόσει
1087 3046 1275 3118 μαθὼν
1319 3050 1453 3121 περὶ
1504 3049 1615 3105 τῶν
1656 3051 1931 3121 τεσσάρων

2112 3050 2275 3123 440
2292 3048 2446 3106 Sicut
2465 3066 2527 3105 ex
2545 3050 2837 3107 traditione
2856 3049 3041 3121 accepi
3054 3050 3121 3107 de
3131 3058 3367 3121 quatuor
3385 3048 3628 3120 Evange-

354 3137 721 3207 Εὑαγγελίων,
782 3136 820 3191 ἃ.
873 3139 967 3191 καὶ
1009 3138 1149 3209 μόνα
1196 3139 1570 3213 ἀναντίῤῥητά
1604 3143 1752 3196 ἐστιν
1787 3144 1845 3195 ὲν
1870 3144 1938 3213 τῇ

354 3232 462 3285 ὑπὸ
490 3231 583 3284 τὸν
604 3229 833 3302 οὐρανὸν
895 3231 1193 3302 Ἐκκλησία
1241 3230 1334 3284 τοῦ
1388 3232 1543 3286 Θεοῦ·
1601 3234 1686 3287 ὅτι
1720 3233 1938 3306 πρῶτον

357 3323 456 3392 μὲν
498 3323 807 3395 γέγραπται
837 3322 900 3376 τὸ
927 3321 1069 3376 κατὰ
1103 3321 1195 3376 τόν
1230 3341 1359 3377 ποτε
1414 3324 1674 3397 τελώνην,
1711 3326 1939 3398 ὕστερον

348 3411 406 3466 δὲ
439 3413 735 3467 ἀπόστολον
778 3412 954 3482 Ἰησοῦ
983 3412 1224 3484 Χριστοῦ
1276 3414 1575 3482 Ματθαῖον,
1600 3417 1938 3471 ἐκδεδωκότα

346 3502 479 3556 αὐτὸ
518 3506 630 3569 τοῖς
664 3502 773 3558 ἀπὸ
818 3502 1154 3573 Ἰουδαϊσμοῦ
1209 3504 1555 3572 πιστεύσασι,
1609 3507 1934 3579 γράμμασιν

359 3591 670 3665 Ἑϐραϊκοῖς
694 3592 1146 3663 συντεταγμένον·
1169 3593 1424 3666 δεύτερον
1452 3596 1508 3649 δὲ
1533 3598 1597 3651 τὸ
1625 3597 1767 3651 κατὰ
1790 3590 1941 3670 Μάρ-

349 3700 465 3749 κον,
493 3684 568 3748 ὡς
600 3684 807 3757 Πέτρος
841 3686 1163 3757 ὑφηγήσατο
1189 3686 1359 3761 αὐτῷ,
1396 3690 1723 3761 ποιήσαντα,
1753 3689 1811 3742 ὃν
1845 3692 1939 3744 καὶ

349 3775 461 3831 υἱὸν
488 3778 547 3830 ὲν
572 3779 643 3848 τῇ
666 3777 928 3848 καθολικῇ
959 3779 1247 3850 Ἐπιστολῇ
1275 3779 1366 3833 διὰ
1390 3780 1596 3835 τούτων
1614 3781 1936 3853 ὡμολόγησε

349 3867 592 3935 φάσκων·
625 3887 644 3919 ι
680 3869 1009 3933 Ἀσπάζεται
1046 3868 1194 3940 ὑμᾶς
1246 3871 1280 3940 ἡ
1342 3872 1400 3927 ἐν
1432 3871 1710 3927 Βαϐυλῶνι
1747 3888 1939 3925 συνεκ-

346 3956 533 4030 λεκτὴ,
566 3962 660 4015 καὶ
695 3960 924 4032 Μάρκος
970 3961 1000 4014 ὁ
1035 3962 1151 4026 υἱός
1176 3979 1334 4032 μουοο
1373 3964 1470 4017 καὶ
1491 3962 1767 4033 τρίτονντὸ
1794 3962 1937 4017 κατὰ

344 4050 582 4117 Δουκᾶν,
639 4053 700 4107 τὸ
734 4055 840 4108 ὑπὸ
889 4053 1105 4109 Παύλου
1139 4055 1530 4126 ἐπαινούμενον
1575 4057 1929 4126 Εὐαγγέλιον,

344 4145 459 4207 τοῖς
483 4144 592 4198 ἀπὸ
617 4144 724 4200 τῶν
747 4144 919 4202 ἐθνῶν
952 4148 1315 4218 πεποιηκότα·
1348 4149 1444 4203 ἐπὶ
1482 4149 1617 4205 πᾶσι
1671 4148 1732 4203 τὸ
1785 4148 1930 4203 κατά

360 4232 629 4308 Ἰωάννην.

2044 3141 2153 3205 liis,
2179 3157 2303 3211 qua:
2327 3145 2443 3196 sola
2474 3142 2528 3195 in
2554 3141 2811 3196 universa
2840 3139 2935 3195 Dei
2963 3138 3205 3196 Ecclesia
3228 3155 3351 3212 quae
3363 3139 3467 3194 sub
3487 3138 3630 3197 ctelo

2040 3241 2126 3291 est
2160 3233 2299 3287 citra
2330 3229 2767 3288 controversiam
2789 3232 3195 3287 admittuntur:
3243 3231 3484 3302 primum
3517 3229 3628 3286 sci-

2041 3322 2170 3377 licet
2202 3322 2556 3392 Evangelium
2588 3323 2853 3394 scriptum
2911 3339 3034 3380 esse
3076 3339 3110 3379 a
3164 3323 3438 3390 Matthazo,
3475 3323 3630 3394 prius

2041 3414 2261 3484 quidem
2296 3414 2609 3483 publicano,
2640 3423 2829 3484 postea
2852 3429 2984 3470 vero
3033 3415 3283 3484 apostolo
3308 3413 3436 3469 Jesu
3462 3413 3627 3468 Cliri-
3658 3460 3663 3475 ,

2040 3507 2132 3573 sti,
2162 3506 2258 3575 qui
2284 3505 2415 3560 illud
2448 3505 2715 3560 llebraico
2734 3521 2989 3560 sermone
3012 3505 3386 3575 conscriptum
3423 3503 3630 3562 Iudaeis
3670 3562 3673 3573 ,

2040 3597 2108 3653 ad
2143 3597 2300 3651 tidem
2332 3598 2617 3651 conversis
2645 3596 2964 3667 publicavit.
2993 3596 3303 3653 Secundum
3335 3594 3505 3651 fuisse
3535 3610 3629 3647 ac—
3676 3594 3683 3618 ³

2040 3687 2289 3755 ccpimrls
2322 3686 2673 3756 Evangelium
2700 3684 2897 3751 Marci,
2952 3686 3069 3756 qui,
3101 3694 3262 3758 prout
3301 3683 3498 3738 Petrus
3523 3680 3627 3750 ipsi

2037 3786 2387 3848 exposuerat,
2420 3778 2474 3833 in
2510 3778 2721 3833 litteras
2750 3778 2956 3832 retulit.
2979 3778 3158 3847 Atque
3190 3775 3393 3831 idcirco
3428 3772 3629 3827 Petrus

2037 3869 2094 3927 in
2132 3868 2372 3937 Epistola
2401 3868 2675 3924 catholica
2702 3883 2827 3922 eum
2860 3868 3032 3925 ﬁlium
3056 3881 3218 3922 suum
3252 3865 3499 3936 agnoscit
3536 3863 3627 3923 his

2037 3958 2220 4015 verbis
2256 3960 2269 3990 ¹
2301 3976 2316 4013 :
2379 3978 2399 4012 ι
2431 3957 2648 4013 Salutat
2674 3974 2774 4016 vos
2828 3958 3004 4014 electa
3042 3957 3135 4014 Dei
3174 3956 3454 4023 Ecclesia,
3500 3971 3626 4025 qua,

2036 4049 2335 4121 Babylone,
2365 4059 2421 4105 et
2441 4049 2660 4106 Marcus
2690 4050 2839 4105 ﬁlius
2885 4065 3106 4106 meus.»
3163 4047 3407 4105 Tertium
3443 4047 3624 4102 Evan—

2038 4142 2244 4212 gelium
2284 4140 2465 4207 Lucan,
2490 4143 2638 4212 quod
2662 4158 2696 4198 a
2726 4141 2899 4201 Paulo
2927 4143 3362 4207 commendatur,
3403 4140 3458 4196 in
3498 4156 3625 4211 gra-

2036 4235 2169 4293 tiam
2250 4234 2536 4305 gentilium
2586 4234 3013 4305 conscriptum;

2037 4327 2393 4401 Evangelium
2431 4326 2680 4384 Joannis.

3092 4241 3429 4305 postremum
3489 4247 3625 4291 vero

827 4461 920 4524 Ex
950 4459 1120 4525 libro
1177 4461 1387 4543 primo
1432 4463 1738 4544 Origenis
1789 4462 1869 4525 de
1929 4460 2281 4542 Evangelia
2312 4460 2677 4524 secundum
2712 4460 3105 4524 Mattheeum.

417 4604 477 4659 Si
502 4603 581 4677 (2)
615 4604 868 4665 Christus
894 4606 1056 4664 Jesus
1092 4628 1111 4661 ι
1138 4623 1264 4665 cum
1313 4611 1367 4665 in
1404 4609 1582 4666 forma
1636 4611 1730 4666 Dei
1780 4619 1927 4667 esset
1961 4620 2000 4675 Β
2031 4618 2093 4665 ut
2118 4606 2277 4679 quasi
2317 4607 2410 4679 qui
2443 4617 2569 4665 ante
2590 4623 2698 4665 non
2733 4606 2915 4675 fuerit,
2945 4622 3070 4665 esse
3097 4605 3344 4679 cmperit,
3391 4605 3530 4663 sicut
3551 4605 3622 4662 de

344 4711 452 4752 non
484 4695 736 4765 rapinam
769 4697 1069 4758 arbitratus
1093 4710 1179 4757 est
1222 4716 1347 4756 esse
1393 4717 1453 4757 sc
1480 4703 1745 4773 aequalem
1788 4702 1921 4769 Deo,

342 4788 438 4843 sed
467 4791 823 4861 semetipsum
853 4792 1155 4846 cxinanivit
1184 4793 1417 4848 formam
1448 4795 1591 4849 servi
1624 4794 1920 4865 accipiens,

341 4882 399 4933 et
425 4877 478 4932 in
503 4879 916 4936 similitudinum
944 4880 1230 4936 hominum
1281 4879 1479 4949 factus,
1516 4883 1705 4937 habitu
1740 4898 1925 4953 reper~

342 4979 435 5024 tus
460 4977 521 5026 ut
550 4972 716 5026 homo
742 4981 848 5037 est,
909 4973 1207 5028 liumiliaus
1249 4974 1516 5043 seipsum,
1564 4974 1744 5032 factus
1797 4977 1928 5032 obe-

343 5057 498 5115 dicns
518 5077 693 5131 usque
714 5064 781 5119 ad
806 5072 1060 5130 mortem,
1108 5072 1341 5119 mortem
1369 5075 1556 5121 autem
1603 5068 1788 5123 crucis
1821 5070 1863 5135 ³,
1896 5087 1918 5123 ι

341 5148 566 5206 dubium
597 5168 708 5207 non
757 5162 845 5210 est
891 5154 1040 5225 quod
1072 5155 1328 5212 uativitas
1369 5157 1494 5226 ejus
1524 5172 1632 5213 non
1662 5168 1748 5215 est
1774 5159 1919 5226 talis,

414 5325 432 5357 ⁸
469 5324 488 5383 Ι
520 5326 665 5384 Petr.
694 5344 750 5395 v,
778 5327 865 5385 15.
942 5327 1429 5405 ’Pbilipp.n,6,7,
1470 5334 1522 5391 8.
1600 5334 1775 5392 'Luc.
1802 5338 1949 5405 1,38.

408 5507 490 5588 μ)
530 5506 1061 5588 lloc‘l‘ragmentum
1119 5511 1342 5571 exhibet
1396 5511 1663 5573 Eusebius
1699 5517 1792 5573 lib.
1842 5535 1913 5588 γι,

341 5576 490 5633 Hist.
553 5576 919 5651 cedem—cap.
950 5582 1038 5637 25.

2030 4700 2312 4756 nativitate
2334 4699 2619 4755 hominum
2650 4707 2911 4768 putatur:
2951 4698 3045 4756 sed
3092 4698 3187 4769 qui
3212 4698 3367 4768 prius
3387 4706 3526 4762 erat,
3557 4707 3619 4753 et

2030 4802 2148 4849 erat
2205 4793 2259 4846 in
2288 4791 2465 4846 forma
2522 4791 2638 4857 Dei,
2665 4793 2814 4848 venit
2867 4801 2927 4848 ut
2977 4793 3143 4849 etiam
3182 4790 3414 4848 formam
3474 4790 3618 4846 servi

2035 4886 2358 4956 susciperet.
2389 4884 2632 4956 Denique
2656 4886 2803 4957 quod
2848 4896 3041 4942 natum
3065 4893 3151 4942 est
3173 4900 3243 4941 ex
3269 4898 3458 4949 carne,
3487 4898 3620 4939 caro

2033 4986 2138 5043 est,
2169 4976 2384 5047 inquit;
2424 4976 2479 5031 id
2512 4984 2619 5043 est,
2648 4976 2798 5048 quod
2824 4986 3014 5033 natum
3065 4985 3151 5032 est
3177 4991 3245 5033 ex
3273 4991 3339 5031 ea
3382 4989 3507 5044 qum
3529 4974 3617 5030 di-

2031 5068 2184 5123 xit':
2215 5087 2234 5121 ι
2268 5068 2405 5124 Ecce
2431 5070 2627 5139 ancilla
2652 5068 2888 5136 Domini,
2909 5070 2997 5127 list
3020 5069 3149 5124 mihi
3169 5067 3469 5125 secundum
3497 5081 3618 5121 ver-

2034 5162 2164 5219 bum
2191 5172 2365 5219 tuum.
2394 5183 2413 5216 ι
2431 5162 2558 5221 llaec
2571 5174 2654 5223 est
2668 5163 2848 5221 forma
2867 5164 3009 5222 servi
3021 5180 3144 5237 quae
3156 5164 3341 5237 utique
3356 5177 3489 5221 caro
3508 5169 3613 5219 est.

2099 5517 2175 5589 (ἓ)
2210 5520 2404 5595 Exstat
2432 5521 2547 5595 hoc
2568 5518 2933 5591 fragmentum
2962 5522 3017 5579 in
3050 5521 3310 5595 Apologia
3342 5521 3609 5593 Pamphili

2035 5591 2290 5662 martyris
2318 5607 2413 5662 pro
2451 5591 2696 5661 Origene.
