4128 6426
504 419 601 472 851

753 605 1884 637 ___________._________.

1952 405 2039 460 EX
2078 403 2379 460 ORIGENE

1889 590 3757 619 *Μ

1806 751 1901 804 ΕΚ
1946 749 2084 803 ΤΟΥ
2131 749 2185 800 B'
2219 741 2459 801 ΤΟΜΟΥ

1303 945 1531 1035 ΤΩΝ
1596 941 1768 1029 ΕΙΣ
1821 939 1969 1024 ΤΟ
2020 931 2320 1022 ΚΑΤΑ
2369 927 2957 1021 ΜΑΤΘΑΙΟΝ

1619 1143 1712 1205 Είς
1750 1141 1838 1194 τόο
1874 1137 2161 1206 Μακάριοι
2203 1137 2258 1189 οἱ
2283 1133 2662 1203 είρηνολοιοί.

709 1457 777 1549 Ε
851 1448 1401 1547 SECUNDO
1472 1443 1810 1537 TOMO
1891 1444 2018 1532 IN

2215 1434 2921 1532 VANGELIUM
2995 1435 3573 1526 MATTHIEI

1784 1665 1863 1720 Ad
1900 1663 2028 1719 illud
2059 1683 2072 1718 :
2105 1662 2260 1717 Beati
2286 1661 2520 1730 paciﬁci.

594 2028 733 2084 lluic
757 2043 886 2084 vero
919 2036 1150 2096 utraque
1210 2026 1422 2081 ratione
1470 2025 1719 2096 paciﬁco,
1767 2025 1904 2080 nihil
1929 2035 2013 2081 est
2043 2026 2097 2080 in
2128 2076 2135 2089 ,

2273 2025 2461 2096 Τούτῳ
2480 2026 2555 2097 (5)
2572 2025 2630 2079 δέ
2650 2025 2728 2096 τῷ
2749 2023 3022 2094 ἑκατέρως
3047 2022 3374 2096 είρηνοποιῷ
3400 2023 3552 2079 οὐδὲν
3581 2025 3638 2077 ἐν
3667 2026 3784 2092 τοῖς

522 2123 724 2177 divinis
775 2119 990 2188 litteris:
1027 2136 1254 2190 pravum
1308 2135 1485 2187 neque
1531 2119 1822 2173 distortum
1861 2137 1872 2172 :
1913 2119 2100 2173 omnia

529 2213 674 2266 enim
703 2210 1127 2279 intelligentihus
1149 2209 1308 2281 441
1341 2209 1410 2262 ob
1447 2208 1636 2262 oculos
1666 2217 1995 2274 versantur;
2050 2217 2104 2262 et

529 2301 658 2369 quia
687 2300 819 2366 nihil
849 2307 934 2354 est
958 2299 1267 2369 hujusmodi
1307 2298 1421 2352 viro
1448 2298 1730 2366 obliquum
1763 2306 1859 2352 aut
1893 2307 2103 2354 tortuo-

527 2406 672 2456 sum,
695 2399 978 2460 propterea
1013 2391 1397 2444 abundantiam
1429 2389 1576 2458 pacis
1600 2389 1744 2442 videt
1774 2388 1827 2442 in
1853 2387 2102 2458 Scriptu-

529 2482 629 2548 ris,
659 2484 822 2535 etiam
856 2481 907 2535 in
942 2482 1027 2535 his
1057 2496 1177 2550 quae
1224 2480 1478 2534 videntur
1509 2481 1650 2532 inter
1697 2495 1756 2534 se
1797 2489 2103 2550 pugnantes

528 2581 581 2626 et
615 2573 920 2626 contrariae.
950 2571 1046 2626 Est
1099 2581 1279 2626 autem
1335 2579 1388 2624 et
1440 2570 1634 2624 tertius
1683 2570 1964 2639 paciﬁcus,
2009 2572 2103 2640 qui

531 2679 695 2734 quam
732 2663 823 2716 alii
865 2672 1058 2732 putant
1101 2677 1337 2733 pugnam
1387 2660 1816 2730 Scripturarum,
1864 2677 2102 2732 pugnam

533 2773 640 2809 non
673 2770 794 2809 csse
827 2755 1085 2819 ostendit,
1109 2763 1163 2807 et
1192 2754 1384 2807 harum
1437 2769 1769 2808 consensum
1802 2769 2106 2825 pacemque

477 2841 480 2846 ’
525 2844 766 2907 exhibet,
790 2850 1031 2896 veterum
1063 2841 1313 2896 videlicet
1345 2856 1468 2896 cum
1501 2842 1677 2905 novis,
1704 2843 1954 2912 legalium
1979 2859 2104 2899 cum

529 2933 898 3004 propln-ticis,
957 2933 1394 3002 evangelicarum
1463 2949 1588 2986 cum
1654 2935 2003 3002 apostolicis,
2053 2945 2108 2992 et

531 3024 950 3091 apostolirarum
1024 3039 1149 3077 cum
1222 3024 1562 3092 apostolicis.
1627 3024 1838 3080 Etenim
1910 3042 2107 3083 omnes

497 3114 832 3180 -Scriptura:
858 3115 1157 3169 secundum
1192 3114 1554 3169 Ecclesiasten
1607 3127 1734 3170 sunt
1774 3137 1792 3168 ι
1827 3134 2108 3173 sermones

533 3208 864 3276 sapientum,
901 3216 959 3262 ut
991 3207 1196 3262 stimuli
1251 3215 1304 3262 et
1331 3208 1468 3262 clavi
1518 3209 1700 3272 defixi,
1733 3210 1825 3278 qni
1852 3209 1919 3262 de
1952 3226 2106 3264 com-

534 3306 693 3366 pacto
719 3297 828 3350 dati
866 3306 994 3351 sunt
1031 3297 1100 3352 ab
1147 3312 1258 3352 uno
1288 3306 1507 3367 pastore
1533 3298 1575 3360 ⁸,
1612 3317 1630 3351 ι
1663 3309 1716 3353 et
1740 3300 1874 3352 nihil
1911 3316 2100 3369 super--

532 3365 700 3442 lluum
729 3405 792 3443 ex
831 3390 982 3459 ipsis.
1018 3387 1172 3444 Unus
1199 3365 1378 3444 autem
1407 3399 1594 3460 pastor
1622 3406 1834 3455 eorum,
1866 3365 1996 3461 qua;
2019 3408 2078 3446 ra
2136 3365 2180 3420 Β

533 3479 1019 3549 tionicongruunt,
1077 3479 1304 3533 verbum
1357 3489 1462 3545 est,
1517 3496 1638 3550 qua:
1684 3481 2106 3550 discrepantiam

532 3570 731 3624 habere
754 3569 1008 3623 videntur
1034 3569 1100 3624 iis
1121 3569 1213 3639 qui
1245 3585 1404 3626 aures
1428 3585 1534 3624 nou
1563 3571 1760 3625 habent
1793 3572 1858 3625 ad
1885 3573 2111 3626 audien-

531 3659 685 3723 dum,
723 3675 779 3713 re
812 3670 992 3713 antem
1024 3661 1263 3714 maxime
1285 3663 1653 3716 consentiunt.
1697 3661 1769 3717 Ut
1791 3663 1936 3718 enim
1965 3665 2110 3733 psal-

534 3751 655 3804 terii
684 3751 767 3805 vel
793 3750 1016 3805 citharae
1039 3753 1191 3816 lides,
1211 3767 1444 3820 quarum
1468 3768 1808 3823 unaquaeque
1827 3755 2108 3824 proprium

533 3857 754 3906 sonum,
790 3852 844 3896 et
875 3841 969 3910 qui
1001 3842 1223 3896 alterius
1266 3858 1404 3898 sono
1433 3843 1628 3900 similis
1674 3860 1795 3899 esse
1825 3860 1931 3898 non
1962 3847 2112 3902 vidc-

535 3937 646 3991 tur,
673 3929 926 3993 absolvit,
960 3929 1221 3984 videntur
1251 3931 1523 3986 inerudito
1553 3941 1607 3987 et
1639 3935 1835 3989 musici
1873 3950 2111 3991 concen-

539 4029 629 4074 tus
663 4020 888 4074 minime
921 4020 1116 4089 perito,
1148 4031 1365 4091 propter
1408 4022 1907 4081 dissimilitudinem
1941 4043 2109 4081 sono-

536 4128 656 4167 rum
683 4111 1054 4181 discrepantes
1079 4131 1094 4176 ;
1130 4114 1209 4167 sic
1231 4113 1323 4182 qui
1359 4114 1549 4168 audire
1579 4116 1829 4170 nesciunt
1861 4116 2108 4173 divinum

537 4202 590 4256 iu
623 4203 794 4258 sacris
817 4203 1118 4272 Scripturls
1137 4213 1489 4268 concentum,
1513 4220 1622 4260 non
1655 4205 1791 4261 bene
1817 4209 2112 4265 convenire

537 4296 686 4350 Novo
716 4295 1068 4351 Testamento
1099 4311 1223 4351 cum
1287 4296 1485 4364 Veteri,
1536 4306 1631 4352 aut
1670 4298 1773 4368 legi
1818 4315 1942 4355 cum
1979 4316 2109 4370 pro-

471 4415 473 4420 -
538 4388 740 4457 phetis,
771 4403 870 4441 nec
910 4386 1199 4457 Evangelia
1237 4387 1342 4442 sibi
1399 4396 1592 4442 mutuo
1638 4389 1963 4453 consentire,
2017 4400 2108 4446 aut

537 4478 858 4546 Apostolum
917 4477 1230 4546 Evangelio,
1278 4479 1361 4532 vel
1409 4479 1510 4533 sibi
1545 4479 1678 4549 ipsi,
1721 4470 2111 4550 vel'apostolis

539 4578 752 4638 putant.
781 4569 885 4624 Sed
911 4570 956 4624 si
988 4571 1112 4638 quis
1163 4571 1456 4626 accesserit
1483 4572 1666 4626 divina
1696 4575 1904 4628 musica
1930 4575 2112 4629 erudi-

2204 2116 2368 2180 θείοις
2400 2116 2600 2184 λογίοις
2631 2115 2709 2169 ἔτι
2735 2115 2850 2168 ἐστὶ
2883 2114 3094 2168 σκολιὸν
3147 2114 3267 2166 ούδέ
3320 2113 3776 2184 πραγγαλιῶδες·

2205 2209 2382 2261 πάντα
2415 2206 2524 2277 γὰρ
2572 2205 2778 2260 ἐνώπια
2805 2207 2918 2269 τοῖς
2949 2204 3150 2258 νοοῦσι.
3191 2204 3300 2257 Καὶ
3321 2205 3442 2256 ἐπεὶ
3473 2203 3636 2275 μηδέν
3664 2205 3779 2258 ἐστι

2203 2298 2430 2368 τοιούτῳ
2460 2298 2689 2364 σκολιὸν,
2719 2297 2852 2368 μηδὲ
2873 2294 3329 2366 στραγγαλιῶδις,
3347 2295 3436 2348 διὰ
3463 2295 3619 2348 τοῦτο
3645 2296 3782 2364 πλῆ-

2205 2389 2297 2454 θος
2323 2391 2545 2460 εἰρήνης
2575 2387 2759 2458 βλέπει
2793 2390 2850 2440 ἐν
2893 2386 3039 2448 ὅλαις
3075 2388 3192 2448 ταῖς
3243 2387 3508 2457 Γραφαῖς,
3538 2388 3630 2440 καὶ
3663 2391 3781 2450 ταῖς

2204 2479 2486 2543 δοκούσαις
2509 2479 2786 2550 περιέχειν
2812 2478 2989 2547 μάχην
3019 2477 3111 2530 καὶ
3133 2475 3509 2548 ἐναντιώματα
3531 2477 3663 2549 πρὸς
3693 2478 3786 2530 άλ-

2205 2571 2392 2642 λήλας.
2424 2571 2640 2623 Γίνεται
2668 2569 2724 2621 δέ
2751 2569 2842 2621 καὶ
2860 2569 3044 2639 τρίτος
3084 2568 3446 2640 εἰρηνοποιὸς,
3480 2570 3509 2621 ὁ
3536 2569 3634 2639 τὴν
3691 2569 3786 2622 ἄλ-

2205 2663 2316 2727 λοις
2345 2661 2674 2732 φαινομένην
2701 2660 2882 2731 μάχην
2907 2658 3016 2711 τῶν
3043 2659 3277 2729 Γραφῶν
3303 2659 3622 2722 ἀποδεικνὺς
3648 2655 3786 2712 εἶναι

2205 2756 2267 2808 ού
2302 2756 2502 2826 μάχην,
2534 2755 2628 2807 καὶ
2681 2751 2950 2823 παριστὰς
2971 2751 3068 2822 τὴν
3113 2751 3432 2824 συμφωνίαν
3462 2753 3555 2804 καὶ
3581 2753 3680 2822 τὴν
3713 2753 3788 2803 εἱ-

2211 2848 2377 2919 ρήνην
2407 2847 2633 2908 τούτων,
2660 2846 2777 2916 ἦτοι
2799 2843 3044 2898 παλαιῶν
3073 2845 3211 2917 πρὸς
3244 2843 3455 2908 καινὰς,
3488 2843 3521 2912 ἦ
3550 2844 3790 2913 νομικᾶν

2208 2938 2344 3009 πρὸς
2369 2935 2734 3009 προφητικὰς,
2766 2935 2800 3005 ἢ
2835 2933 3205 3003 εύαγγελικῶν
3236 2934 3372 3004 πρὸς
3405 2933 3788 2997 ὰποστολικὰς,

2207 3027 2645 3100 ῆὰποστολικῶν
2693 3027 2831 3097 πρὸς
2877 3026 3258 3089 ἁποστολικάς.
3307 3028 3417 3080 Καὶ
3474 3026 3584 3096 γὰρ
3619 3025 3790 3080 πᾶσαί

2208 3122 2315 3174 εἱσι
2344 3121 2486 3173 κατὰ
2511 3119 2603 3172 τὸν
2649 3118 3079 3189 Ἑκκλησιαστὴν
3113 3119 3168 3170 αἱ
3193 3117 3432 3188 Γραφαί·
3462 3135 3480 3168 ι
3518 3118 3666 3186 λόγοι
3701 3135 3792 3170 σο·

2210 3212 2328 3280 φῶν
2357 3213 2432 3274 ὼς
2480 3209 2784 3281 βούκεντρα
2811 3209 2907 3262 καὶ
2967 3208 3042 3270 ὡς
3088 3205 3207 3279 ἧλοι
3266 3210 3687 3279 πεφυτευμένοι,
3741 3208 3792 3260 οἳ

2210 3300 2359 3370 παρὰ
2391 3300 2499 3352 τῶν
2529 3299 2885 3369 συνθεμάτων
2927 3297 3191 3365 ἐδόθησαν
3221 3297 3284 3349 ἐκ
3333 3297 3590 3366 ποιμένος
3615 3297 3787 3361 ἐνὸς,›

2209 3393 2304 3448 καὶ
2335 3392 2488 3444 οὐδὲν
2522 3389 2782 3460 περισσὸν
2815 3387 2872 3453 ἐξ
2899 3385 3096 3440 αὐτῶν.
3127 3381 3296 3448 Εἷςδὲ
3325 3385 3529 3456 ποιμὴν
3559 3385 3666 3437 τῶν
3699 3384 3794 3437 λο-

2209 3483 2381 3554 γικῶν
2413 3484 2442 3535 ὁ
2468 3482 2647 3548 λόγος,
2674 3478 2832 3542 δόξαν
2867 3477 2963 3547 μὲν
2985 3476 3217 3545 ἐχόντων
3244 3475 3540 3542 διαφωνίας
3567 3477 3682 3547 ’φῖς
3714 3476 3790 3544 μὴ

2210 3575 2425 3646 ἔχουσιν
2455 3567 2569 3627 ὦτα
2588 3572 2666 3634 είς
2697 3569 2757 3621 τὸ
2779 3567 3018 3630 ἀκούειν,
3065 3567 3126 3619 τὺ
3170 3566 3227 3619 δέ
3275 3566 3473 3636 ἀληθὲς
3505 3566 3789 3636 συμφωνό⁸

2210 3681 2369 3718 τατα.
2409 3663 2496 3725 'Q;
2514 3661 2622 3731 γὰρ
2640 3659 2696 3712 αἱ
2723 3657 2970 3726 διάφοροι
2995 3655 3088 3707 τοῦ
3112 3655 3410 3727 ψαλτηρίου
3445 3657 3478 3728 ἢ
3506 3657 3604 3727 τῆς
3631 3656 3789 3709 κιθά-

2212 3773 2311 3827 ρας
2342 3753 2550 3826 χορδαὶ,
2584 3746 2659 3805 ὧν
2693 3750 2898 3818 ἑκάστη
2934 3748 3062 3802 ἴδιόν
3100 3765 3223 3801 τινα
3285 3747 3520 3816 φθόγγον
3566 3749 3660 3802 καὶ
3707 3748 3794 3801 δοο

2210 3845 2411 3900 κοῦντα
2435 3845 2509 3916 μὴ
2539 3843 2720 3913 ὅμοιον
2751 3835 2888 3894 εἶναι
2918 3839 2997 3910 τῷ
3033 3839 3134 3908 τῆς
3173 3837 3367 3908 ἐτέρας
3402 3838 3677 3902 ἀποτελεῖ,
3709 3856 3796 3892 νο-

2214 3938 2463 4010 μίζονται
2514 3935 2593 4006 τῷ
2647 3933 2874 4006 ἀμούσῳ
2922 3932 3021 3985 καὶ
3099 3930 3173 4003 μὴ
3238 3931 3583 4002 ἐπισταμένῳ
3636 3931 3796 4000 λόγον

2214 4029 2480 4102 μουσικῆς
2508 4027 2828 4098 συμφωνίας
2857 4025 2948 4078 διὰ
2978 4025 3078 4096 τὴν
3111 4023 3473 4094 ἀνομοιότητα
3494 4023 3603 4077 τῶν
3625 4024 3796 4093 φθόγ-

2209 4139 2322 4191 γων
2345 4121 2666 4191 ἀσύμφωνοι
2696 4117 3006 4189 τυγχάνειν·
3037 4116 3212 4180 οὕτως
3251 4119 3300 4171 oi
3334 4117 3408 4188 μὴ
3439 4118 3797 4188 ἐπιστάμενοι

2209 4210 2430 4266 ἀκούειν
2458 4211 2558 4281 τῆς
2587 4209 2682 4262 τοῦ
2716 4207 2851 4261 Θεοῦ
2882 4210 2941 4262 ἐν
2968 4209 3089 4270 ταῖς
3123 4207 3299 4277 ἱεραῖς
3352 4207 3597 4277 Γραφαῖς
3626 4208 3799 4278 ἁρμο-

2210 4303 2348 4367 νίας,
2367 4300 2566 4355 οἴονται
2592 4297 2931 4372 ἀνάρμοστον
2945 4293 3084 4351 εἶναι
3107 4301 3174 4367 τῇ
3193 4299 3366 4367 Καινῇ
3393 4298 3490 4367 τὴν
3523 4297 3786 4361 Παλαιὰν,

2209 4395 2344 4468 ἦτῷ
2374 4393 2524 4464 νόμῳ
2539 4393 2665 4454 τοὺς
2699 4390 3058 4462 προφήτας,ἥ
3086 4389 3154 4442 τὰ
3184 4388 3490 4456 Εὐαγγέλια
3519 4389 3794 4459 ἀλλήλοις,

2209 4486 2242 4558 ἢ
2265 4486 2355 4538 τὸν
2371 4480 2688 4536 Ἀπόστολον
2707 4480 2784 4551 τῷ
2808 4479 3145 4550 Εὑαγγελίῳ,
3170 4479 3202 4550 ἢ
3231 4478 3431 4549 ἐαυτῷ,
3462 4479 3494 4549 ἧ
3521 4482 3631 4542 τοῖς
3656 4480 3792 4532 ἀπο-

2211 4576 2438 4639 στόλοις.
2474 4573 2612 4626 ’Λλλ⁹
2647 4571 2817 4625 ἐλθὼν
2839 4573 2868 4625 ὁ
2897 4570 3327 4640 πεπαιδευμένος
3384 4569 3484 4640 τὴν
3528 4569 3622 4622 τοῦ
3656 4567 3790 4621 Θεοῦ

539 4670 648 4724 tus,
680 4669 732 4714 et
751 4675 808 4712 rc
837 4668 890 4714 et
912 4675 1163 4716 sermone
1190 4661 1428 4730 sapiens,
1461 4661 1692 4730 ideoque
1718 4664 1940 4732 quidam
1969 4665 2110 4720 alius

2216 4665 2499 4737 μουσικὴν,
2527 4663 2689 4733 σοφός
2712 4679 2795 4726 τις
2829 4663 2886 4714 ἐν
2912 4661 3093 4734 ἔργοις
3125 4663 3218 4716 καὶ
3263 4663 3441 4729 λόγοις
3488 4660 3789 4728 τυγχάνων,

541 4751 729 4818 David,
767 4751 858 4820 qui
899 4751 1184 4820 exponitur
1222 4762 1374 4821 aptus
1423 4760 1478 4805 et
1531 4751 1748 4805 idoneus
1791 4769 1975 4816 manu,
2012 4754 2109 4807 ah-

541 4845 710 4899 solvet
738 4858 931 4898 sonum
967 4841 1188 4897 musicae
1215 4841 1332 4909 Dei,
1363 4858 1487 4897 cum
1512 4843 1580 4896 ab
1606 4859 1668 4896 ea
1700 4844 1951 4898 didicerit
2010 4860 2110 4914 op-

543 4944 772 5005 portune
814 4935 1032 5004 pulsare
1065 4934 1198 4988 ﬁdes
1251 4934 1413 4988 modo
1460 4935 1615 5004 legis,
1654 4936 1816 4990 modo
1856 4951 1978 5004 qua:
2006 4936 2113 4992 illis

540 5024 839 5076 concinunt
869 5023 1232 5092 evangelicas,
1285 5022 1555 5093 interdum
1613 5024 1976 5092 propheticas,
2016 5025 2114 5078 ali-

541 5114 783 5182 quando,
811 5129 934 5168 cum
970 5115 1021 5168 id
1058 5113 1196 5168 ratio
1227 5113 1492 5182 exposcit,
1527 5129 1650 5182 qua:
1683 5113 1818 5181 ipsis
1857 5115 2115 5169 accinunt

544 5206 890 5274 apostolicas,
924 5205 993 5259 ita
1019 5213 1073 5260 et
1110 5206 1425 5274 apostolicis
1454 5204 1792 5273 evangelicas
1817 5207 2112 5260 concinen-

545 5307 646 5352 tes.
681 5295 861 5350 Unum
902 5299 1046 5350 enim
1076 5312 1198 5351 esse
1230 5298 1379 5351 nevit
1403 5295 1702 5366 perlectum
1736 5305 1790 5350 et
1823 5307 2006 5365 aptum
2034 5298 2117 5350 in-

545 5397 905 5443 strumentum
939 5388 1030 5442 Dei
1068 5387 1404 5458 Scripturam
1441 5389 1773 5456 universam,
1803 5406 1924 5459 qum
1953 5407 2117 5445 unam

546 5481 780 5535 absolvit
804 5497 870 5532 ex
914 5480 1146 5534 diversis
1191 5479 1361 5544 sonis,
1395 5480 1462 5534 iis
1515 5481 1608 5548 qui
1663 5481 1873 5534 discere
1904 5483 2116 5548 volunt,

547 5570 841 5623 salutarem
875 5585 1085 5633 vocem,
1119 5570 1225 5622 vim
1263 5587 1476 5624 onmem
1504 5571 1630 5624 mali
1665 5573 1890 5640 spiritus
1925 5573 2117 5626 sedan-

2215 4757 2310 4811 καὶ
2337 4757 2424 4810 διὰ.
2445 4756 2600 4810 τοῦτο
2621 4754 2975 4826 χρηματίζων
3012 4755 3077 4808 ἂν
3110 4752 3292 4815 Δαυῒδ,
3325 4751 3384 4816 ὃς
3433 4749 3794 4822 ἑρμηνεύεται

2219 4847 2426 4914 ἱκανός
2456 4847 2628 4918 χειρὶ,
2677 4847 2994 4900 ἀποτελέσει
3047 4845 3280 4916 φθόγγον
3316 4844 3577 4914 μουσικῆς
3633 4841 3792 4906 Θεοῦ,

2219 4940 2328 4994 ἀπὸ
2349 4939 2549 5009 ταύτης
2585 4937 2773 5008 μαθὼν
2795 4939 2852 4991 ἐν
2881 4936 3054 5008 καιρῷ
3087 4935 3304 5007 κρούειν
3331 4933 3546 5005 χορδάς,
3575 4933 3670 4986 νῦν
3697 4933 3795 5004 μὲν

2220 5029 2469 5100 νομικὰς,
2505 5028 2600 5082 νῦν
2631 5028 2689 5081 δὲ
2721 5025 3043 5097 συμφώνους
3076 5027 3265 5088 αὑταῖς
3295 5023 3668 5092 εύαγγελικάς·
3702 5024 3797 5078 καὶ

2220 5121 2336 5175 νυνὶ
2375 5121 2473 5191 μέν
2511 5118 2880 5190 προφητικὰς,
2914 5117 3004 5168 ὅτε
3047 5116 3104 5169 δὲ
3147 5114 3367 5184 εὔλογον
3405 5115 3644 5177 ἀπαιτεῖ,
3697 5113 3797 5176 τὰς

2219 5214 2506 5284 ὁμοτόνους
2531 5213 2721 5275 αὐταῖς
2755 5208 3134 5271 ὰποστολικὰς,
3171 5207 3312 5260 οὕτω
3356 5207 3412 5260 δὲ
3447 5207 3542 5260 καὶ
3567 5208 3798 5260 ἀποστο-

2223 5308 2380 5371 λικὰς
2413 5305 2812 5374 εύαγγελικαῖς.
2853 5304 2950 5356 Ἓν
2972 5303 3081 5372 γὰρ
3111 5301 3173 5354 τὸ
3201 5301 3404 5354 τέλειον
3428 5295 3535 5354 οἶδε
3569 5300 3664 5353 καὶ
3694 5301 3791 5370 ηρ-

2229 5398 2495 5469 μοσμένον
2523 5397 2752 5467 ὄργανον
2795 5393 2888 5446 τοῦ
2923 5393 3058 5446 Θεοῦ
3116 5388 3256 5446 εἶναι
3292 5395 3470 5446 πᾶσαν
3502 5393 3601 5461 τὴν
3658 5387 3805 5460 Γρα-“

2225 5488 2352 5558 φὴν,
2389 5486 2515 5557 μίαν
2539 5482 2834 5538 ἀποτελοῦν
2866 5485 2930 5535 ἐκ
2954 5482 3224 5554 διαφόρων
3253 5482 3503 5552 φθόγγων
3535 5483 3799 5552 σωτήριον

2224 5579 2336 5638 τοῖς
2367 5575 2656 5646 μανθάνειν
2698 5571 2942 5624 ἐθέλουσι
2990 5574 3196 5643 φωνὴν,
3249 5570 3660 5626 καταπαύουσαν
3705 5567 3800 5624 καὶ

617 5682 695 5750 (ἧ)
727 5682 837 5736 lloc
865 5682 1222 5753 fragmentum
1250 5686 1468 5740 exhibet
1499 5685 1806 5738 Pluloculiw
1847 5697 2006 5755 caput
2037 5697 2274 5742 sextum.

613 5814 635 5844 ⁸
669 5812 846 5868 Erclc.
881 5833 974 5880 xu,
1013 5819 1092 5869 ll.
