4128 6502
434 345 543 402 839
625 409 629 413 ,

1913 329 2242 387 ORIGENIS

3612 339 3718 396 860

429 460 498 514 de
536 471 594 511 re
621 455 865 525 qualibet
901 453 1025 510 facti
1060 467 1343 509 sermones
1378 451 1472 507 ﬁlii
1502 452 1656 523 regni
1700 451 1830 507 sint.
1878 450 2015 505 Dum

2132 448 2310 514 λείας,
2353 449 2430 512 ὡς
2476 443 2616 503 εἶναι
2666 449 2794 515 τοὺς
2844 450 2975 522 περὶ
3017 450 3250 507 ἑκάστου
3302 456 3476 524 ὑγιετς
3523 458 3716 526 λόγους

432 562 561 602 vero
604 546 878 600 dormiunt
931 545 968 599 ii
1010 545 1106 614 qui
1150 559 1258 597 non
1294 543 1571 597 facessunt
1597 542 1856 596 mandata
1886 540 2019 595 Jcsu

431 639 665 695 dicentis
693 640 735 671 ¹⁸
768 656 782 692 :
815 657 833 689 ι
891 636 1120 707 Vigilatc
1148 645 1202 690 et
1232 646 1409 697 orate,
1442 644 1500 689 ιιι
1547 649 1656 689 non
1705 635 1920 689 intretis
1961 634 2020 690 in

434 734 813 795 tentationem,
867 749 886 782 ι
940 728 1107 801 444
1156 729 1408 783 diabolus
1437 729 1739 783 observans
1786 742 1850 782 ea
1900 742 2024 797 quae

436 823 642 877 zizauia
692 820 1058 890 appellantur,
1090 832 1252 886 prava
1282 833 1480 887 nempe
1510 817 1762 881 consilia,
1800 828 2023 871 natura-

434 917 597 979 libus,
631 922 691 966 ut
738 911 960 982 quidam
1009 920 1229 972 vocant,
1285 909 1733 980 cogitationibus,
1764 917 1816 964 et
1864 909 2024 964 bonis

436 1004 738 1060 seminibus
786 1018 816 1056 a
863 1000 1044 1056 Verbo
1096 1001 1381 1055 seminatis
1424 1002 1816 1071 superspargit.
1848 1001 2024 1056 Canc-

434 1112 581 1163 rum,
614 1096 917 1152 secundum
949 1093 1001 1148 id
1032 1093 1179 1162 quod
1213 1093 1477 1159 diximus,
1502 1108 1632 1163 ager
1661 1092 1840 1148 omnis
1864 1108 2025 1147 mun-

435 1191 538 1246 dus
592 1190 700 1244 dici
750 1187 947 1259 possit,
990 1200 1092 1240 nec
1136 1185 1253 1255 ipsa
1299 1186 1479 1241 solum
1516 1184 1610 1241 Dei
1653 1186 1935 1252 Ecclesia;
1968 1187 2022 1241 in

436 1291 555 1337 toto
583 1281 785 1350 quippe
819 1277 1029 1333 mundo
1072 1276 1245 1332 Filius
1289 1276 1530 1332 hominis
1579 1277 1783 1331 bonum
1838 1292 2023 1333 semen

437 1378 764 1440 seminavit;
801 1374 982 1429 malus
1013 1388 1142 1428 vero
1190 1372 1423 1438 zizania,
1459 1387 1582 1441 quae
1627 1372 1847 1441 quidem
1897 1383 2027 1428 sunt

438 1472 590 1543 pravi
618 1483 925 1533 sermones,
964 1466 1059 1520 lilii
1091 1464 1215 1519 mali
1260 1479 1327 1518 ex
1358 1463 1601 1533 nequitia
1644 1464 1710 1517 ¹⁶.
1741 1462 2028 1534 Oportebit

438 1571 622 1619 autem
668 1560 783 1615 ﬁeri
836 1573 1071 1613 messem
1118 1557 1171 1611 iu
1217 1556 1324 1610 line
1371 1570 1577 1619 rerum,
1610 1570 1774 1625 quam
1834 1565 2028 1612 vocant

442 1649 975 1708 consummationem
1000 1646 1208 1707 szeculi,
1235 1654 1296 1699 ut
1319 1644 1383 1699 ad
1413 1644 1468 1698 id
1499 1646 1745 1701 muneris
1768 1646 2026 1702 destinati

442 1742 621 1814 angeli
669 1740 786 1806 Dei,
839 1754 1002 1808 prava
1058 1737 1315 1808 dogmata
1367 1737 1565 1792 animae
1598 1739 2028 1796 adlucrescentia

440 1834 719 1905 colligant,
753 1845 928 1899 caque
954 1829 1333 1884 subvertentes
1369 1828 1479 1899 igni
1505 1830 1600 1900 qui
1640 1831 1845 1886 dicitur
1873 1845 2028 1886 com-

439 1928 637 1981 burere
679 1925 916 1988 tradant,
969 1932 1031 1977 ut
1070 1922 1435 1975 absumantur
1481 1923 1545 1977 ".
1579 1921 1647 1977 Et
1690 1923 1773 1978 sic
1805 1923 2027 1993 quidem

440 2017 618 2088 angeli
644 2016 807 2072 Verbi
833 2023 889 2070 et
930 2013 1168 2069 ministri
1200 2029 1267 2068 ex
1308 2014 1460 2068 omni
1486 2029 1654 2084 regno
1683 2012 1887 2070 Christi
1915 2015 2030 2070 col-

444 2110 617 2180 ligent
652 2108 910 2164 scandala
946 2121 1068 2176 qua
1111 2104 1313 2159 animis
1347 2105 1559 2173 insunt,
1589 2114 1646 2162 et
1672 2107 2029 2178 cogitationes

446 2216 573 2268 qua
609 2200 955 2270 iniquitatem
989 2197 1237 2267 gignunt,
1262 2214 1402 2269 quas
1436 2197 1538 2268 ipsi
1566 2198 1941 2269 disperdentcs
1970 2200 2029 2255 in

443 2294 723 2349 ardentem
762 2294 903 2363 ignis
932 2293 1210 2348 fornacem
1239 2292 1556 2362 conjicicnt.
1593 2289 1749 2347 Tunc
1777 2306 1906 2347 vero
1933 2292 2031 2347 tle-

445 2384 579 2436 bunt
604 2383 662 2448 ii,
691 2383 785 2452 qui
810 2398 870 2438 se
900 2383 1028 2437 mali
1062 2382 1268 2439 semina
1299 2395 1498 2436 somno
1523 2380 1819 2451 impeditos
1852 2397 2033 2437 susce-

445 2473 588 2542 pisse
620 2481 731 2525 tum
768 2471 1005 2540 primum
1038 2471 1293 2536 sentient,
1339 2470 1557 2540 sibique
1594 2471 1743 2526 velut
1783 2471 2031 2527 irasceno

445 2572 532 2614 tur
559 2561 602 2592 ’⁸
636 2578 651 2614 :
701 2560 746 2614 is
773 2568 855 2614 est
886 2574 1049 2629 porro
1078 2559 1323 2614 dentium
1376 2559 1603 2626 stridor,
1634 2559 2029 2621 unde,dictum

443 2654 576 2709 illud
621 2663 706 2708 est
734 2654 786 2707 in
836 2652 1069 2709 Psalmis
1101 2654 1143 2685 ¹⁹
1182 2671 1194 2706 :
1250 2671 1269 2704 ι
1308 2651 1693 2707 Frenducrunt
1734 2667 1901 2723 super
1943 2669 2032 2709 me

441 2746 698 2801 dentibus
725 2744 862 2800 suis.
896 2764 915 2796 ι
951 2744 1104 2800 Tunc
1136 2745 1375 2799 maxime
1416 2743 1705 2816 fulgebunt
1727 2745 1887 2814 justi,
1919 2760 2030 2801 non

442 2836 554 2905 jam
593 2837 833 2903 diverse,
865 2846 926 2890 ut
958 2836 1147 2901 initio;
1180 2835 1275 2892 sed
1316 2852 1509 2892 omnes
1543 2846 1800 2907 tanquam
1834 2838 2032 2893 unicus

445 2929 530 2981 sol
566 2929 620 2981 in
648 2943 817 2997 regno
842 2926 1023 2981 Patris
1056 2928 1163 2981 sui.
1198 2927 1387 2995 Itaque
1416 2935 1678 2995 tanquam
1717 2926 2033 2998 significans

448 3020 706 3074 Servatur
754 3018 839 3072 his
879 3017 1057 3073 inesse
1103 3017 1456 3087 mystcrium,
1497 3016 1731 3073 fortasse
1777 3032 1872 3087 per
1917 3018 2034 3073 haec

448 3109 633 3161 ninnia
666 3123 788 3177 qua:
819 3107 872 3160 in
900 3106 1222 3176 explicanda
1270 3107 1527 3174 parabola
1560 3107 1760 3173 attulit,
1798 3106 2032 3162 fortasse

451 3216 544 3268 per
575 3200 688 3253 [nec
714 3200 893 3253 solum
924 3199 969 3231 ³ο
1011 3217 1025 3253 :
1067 3217 1085 3250 ι
1122 3197 1276 3253 Tunc
1294 3198 1427 3268 justi
1457 3197 1738 3269 fulgebunt
1773 3200 1912 3254 sicut
1948 3200 2031 3255 sol

450 3294 504 3346 in
534 3306 701 3362 regno
733 3290 913 3345 Patris
954 3307 1169 3356 eorum,
1218 3310 1236 3343 ι
1273 3291 1547 3346 subnectit
1587 3308 1599 3344 :
1640 3308 1658 3343 ι
1716 3289 1819 3357 Qui
1868 3292 2032 3348 habet

449 3398 613 3437 aures
641 3382 922 3448 audiendi,
950 3382 1157 3448 audiat,
1202 3400 1222 3434 ι
1273 3396 1369 3436 eos
1394 3383 1597 3437 docens
1640 3382 1731 3452 qui
1778 3383 1833 3437 in
1875 3399 2036 3454 para-

451 3473 590 3528 bola:
636 3472 1021 3543 explicatione,
1057 3474 1199 3529 hanc
1237 3473 1374 3529 adeo
1420 3474 1710 3544 perspicue
1754 3474 1926 3531 fuisse
1965 3476 2035 3530 ab

453 3566 547 3619 illo
577 3567 885 3636 expositam
918 3566 1276 3633 arbitrantur,
1313 3574 1374 3621 ut
1400 3565 1484 3620 vel
1514 3565 1569 3619 in
1601 3566 1843 3622 minimis
1872 3567 2035 3622 intel-

452 3657 542 3726 iigi
572 3659 768 3727 pessit,
794 3657 966 3727 ipsam
990 3658 1263 3727 parabolae
1288 3656 1683 3728 expositionem
1710 3657 1830 3713 luce
1852 3658 2035 3728 aliqua

450 3761 506 3807 et
534 3750 922 3819 perspicuitate
949 3749 1214 3817 indigere.

2126 542 2255 605 τοὺς
2301 541 2450 604 υἱοὺς
2493 541 2595 611 τῆς
2635 540 2933 612 βασιλείας.
2970 543 3347 614 Κοιμωμένων
3385 545 3443 599 δὲ
3487 547 3597 601 τῶν
3641 549 3718 622 μὴ

2122 632 2266 685 κατὰ
2296 631 2393 703 τὴν
2424 632 2646 704 ἐντολὴν
2673 634 2770 686 τοῦ
2800 632 2976 704 Ἰησοῦ
2999 634 3108 705 (20)
3137 636 3508 706 πραττόντων,
3530 638 3718 705 λέγον-

2120 740 2211 787 τος
2234 740 2247 753 ο
2290 742 2309 774 ι
2358 724 2707 797 Γρηγορεῖτε,
2740 726 2833 777 καὶ
2863 725 3258 797 προσεύχεσθε,
3298 728 3387 782 ἵνα
3432 731 3507 801 μὴ
3539 731 3717 785 είσέλ-

2122 814 2251 885 θητε
2285 816 2366 879 είς
2396 817 2724 886 πειρασμὸν,
2769 834 2788 867 ι
2820 816 2850 869 6
2882 815 3128 880 διάϐολος
3156 818 3440 890 ἐπιτηρῶν
3469 822 3719 877 ἐπισπεί-

2125 924 2208 978 ρει
2261 906 2329 960 τά
2373 906 2686 978 καλούμενα
2733 906 2947 972 ζιζάνια
2971 949 2986 974 ,
3032 908 3102 962 τὰ
3155 910 3408 981 μοχθηρά
3447 912 3716 985 δόγματα,

2122 1000 2243 1063 ταῖς
2284 999 2649 1072 καλουμέναις
2679 1000 2785 1054 ὑπό
2830 1016 2992 1055 τινων
3035 1005 3291 1070 φυσικαῖς
3327 1005 3581 1073 ἐννοίαις,
3622 1009 3721 1063 καὶ

2125 1092 2404 1164 σπέρμασι
2449 1092 2632 1156 καλοῖς
2659 1095 2772 1157 τοῖς
2801 1093 2910 1147 ἀπὸ
2935 1092 3030 1146 τοῦ
3054 1094 3250 1163 Λόγου.
3276 1095 3437 1149 Κατὰ
3470 1096 3529 1149 δὲ
3555 1098 3716 1153 τοῦτο

2124 1182 2296 1253 ἀγρὸς
2325 1182 2421 1235 καὶ
2455 1184 2483 1235 6
2512 1183 2715 1252 κόσμος
2753 1185 2863 1247 πᾶς
2901 1182 3114 1252 λέγοιτο
3155 1184 3242 1250 ἂν,
3267 1186 3361 1240 καὶ
3393 1186 3456 1240 οὐ
3491 1189 3713 1261 μόνονή

2137 1273 2435 1345 Ἐκκλησία
2462 1274 2557 1328 τοῦ
2586 1272 2724 1327 Θεοῦ
2744 1291 2758 1304 ·
2786 1276 2844 1329 ὲν
2869 1275 2981 1348 γὰρ
3006 1276 3171 1331 παντὶ
3196 1274 3385 1347 κόσμῳ
3408 1279 3437 1331 6
3460 1278 3559 1347 μὲν
3586 1279 3716 1345 Υίὸς

2124 1366 2220 1419 τοῦ
2267 1363 2556 1435 ἀνθρώπου
2588 1364 2812 1437 ἔσπειρε
2841 1366 2903 1419 τὸ
2934 1366 3098 1420 καλὸν
3124 1366 3370 1438 σπέρμα,
3403 1369 3432 1421 6
3467 1369 3525 1422 δὲ
3555 1386 3716 1440 πονη-

2130 1465 2223 1536 ρὸς
2251 1464 2321 1518 τὰ
2348 1462 2583 1528 ζιζάνια,
2619 1462 2762 1537 ἅπερ
2790 1464 2926 1518 εἰσὶν
2955 1465 3005 1517 οἱ
3037 1462 3299 1535 μοχθηροὶ
3322 1464 3489 1533 λόγοι,
3521 1466 3572 1519 oi
3605 1464 3715 1520 ἀπὸ

2129 1557 2330 1619 κακίας
2375 1557 2482 1608 υἱοὶ
2533 1554 2628 1607 τοῦ
2675 1555 2936 1628 πονηροῦ.
2987 1559 3181 1629 Δεήσει
3225 1557 3283 1611 δὲ
3320 1557 3575 1626 γενέσθαι
3622 1559 3715 1613 ἐπὶ

2103 1648 2272 1738 ἐτέλει
2297 1646 2407 1701 τῶν
2425 1647 2769 1721 πραγμάτων
2792 1647 2929 1718 (21),
2959 1648 3019 1711 ὃς
3041 1648 3288 1703 καλεῖται
3314 1648 3592 1702 συντέλεια
3618 1650 3712 1703 τοῦ

2130 1740 2346 1805 αἰῶνος,
2376 1739 2653 1811 θερισμὸν,
2686 1738 2773 1792 ἵνα
2799 1741 2847 1793 οί
2876 1740 2969 1793 ἐπὶ
2992 1741 3167 1812 τούτῳ
3198 1742 3521 1812 τεταγμένοι
3554 1741 3716 1811 ἀγγε-

2057 1815 2099 1872 Β
2128 1831 2210 1884 λοι
2236 1828 2330 1885 τοῦ
2354 1829 2496 1883 Θεοῦ
2518 1829 2882 1896 ἀναλέξωνται
2908 1830 2975 1884 τὰ
3017 1831 3448 1902 προσπεφυκότα
3474 1834 3540 1903 τῇ
3567 1831 3712 1903 ψυχῇ

2130 1921 2308 1992 φαῦλα
2330 1921 2592 1993 δόγματα,
2629 1922 2724 1975 καὶ
2748 1920 3147 1994 παραδώσωσιν
3176 1921 3287 1994 (22)
3310 1922 3447 1976 αὐτὰ
3481 1925 3563 1987 είς
3587 1925 3718 1979 ἀνά-

2128 2013 2294 2068 λωσιν
2322 2013 2403 2085 τῷ
2423 2013 2706 2085 λεγομένῳ
2739 2013 2913 2067 καίειν
2941 2013 3097 2085 πυρὶ,
3127 2014 3522 2086 ἀνατρέποντες
3550 2014 3711 2070 αὐτά.

2131 2107 2243 2160 Καὶ
2285 2106 2429 2161 οὕτω
2484 2104 2827 2171 συλλέξουσιν
2884 2106 2933 2159 oi
2983 2103 3080 2158 τοῦ
3127 2105 3301 2174 Λόγου
3348 2105 3570 2175 ἄγγελοι
3624 2107 3719 2160 καὶ

2130 2200 2401 2273 ὑπηρέται
2427 2201 2492 2253 ἐκ
2511 2199 2693 2270 πάσης
2715 2199 2814 2270 τῆς
2841 2197 2935 2252 τοῦ
2960 2197 3197 2270 Χριστοῦ
3230 2198 3509 2269 βασιλείας
3537 2199 3719 2254 πάντα

2129 2293 2197 2347 τὰ
2222 2292 2598 2363 ἐνυπάρχοντα
2627 2293 2746 2356 ταῖς
2775 2290 2976 2361 ψυχαῖς
3021 2288 3312 2353 σκάνδαλα,
3346 2289 3445 2344 καὶ
3461 2291 3589 2354 τοὺς
3618 2290 3717 2363 τὴν

2131 2383 2362 2456 ἀνομίαν
2392 2382 2680 2447 ποιοῦντας
2706 2383 3021 2454 λογισμοὺς,
3048 2381 3304 2447 οὕστινας
3334 2380 3719 2445 ἀναλίσκοντες

2133 2475 2385 2548 βαλοῦσιν
2428 2477 2508 2539 είς
2544 2474 2644 2546 τὴν
2673 2475 2903 2546 κάμινον
2933 2473 3026 2529 τοῦ
3056 2477 3229 2545 πυρὸς
3257 2474 3357 2546 τὴν
3393 2473 3714 2546 καιομένηνο

2131 2567 2261 2622 ἔνθα
2293 2568 2390 2621 καὶ
2440 2568 2489 2620 οί
2541 2565 2990 2637 συναισοηθέντες
3023 2566 3235 2621 ἑαυτῶν
3265 2565 3377 2639 (25)
3407 2565 3494 2619 διὰ
3520 2565 3719 2618 τὸκοι-

2136 2658 2343 2729 μᾶσοαι
2368 2658 2438 2711 τὰ
2470 2658 2762 2729 σπέρματα
2802 2658 2896 2711 τοῦ
2943 2656 3183 2730 πονηροῦ
3227 2659 3286 2711 ὲν
3322 2659 3538 2720 ἑαυτοῖς
3572 2657 3721 2727 είλη-

2134 2751 2292 2823 φέναι
2325 2750 2673 2815 κλαύσονται,
2706 2751 2802 2804 καὶ
2832 2751 3074 2823 ὡσπερεὶ
3119 2752 3332 2815 ἑαυτοῖς
3365 2749 3718 2821 Θυμωθήσον-

2130 2858 2252 2895 ται·
2287 2841 2447 2895 τοῦτο
2484 2842 2594 2913 γὰρ
2629 2842 2659 2895 6
2693 2841 2937 2913 βρυγμὸς
2971 2840 3080 2896 τῶν
3126 2842 3380 2907 ὀδόντων,
3429 2841 3508 2894 διὸ
3537 2841 3630 2895 καὶ
3658 2841 3720 2895 ἐν

2134 2936 2247 2997 τοῖς
2285 2933 2537 3005 Ψαλμοῖς
2580 2934 2669 2987 τό·
2711 2951 2731 2983 ι
2771 2932 3048 3005 Ἐὗρυξαν
3076 2933 3164 2987 ἐπ’
3203 2932 3303 3004 ἐμὲ
3336 2932 3463 2994 τοὺς
3501 2930 3720 2994 ὀδόντας

2133 3024 2335 3089 αὐτῶν,
2380 3043 2399 3075 ι
2451 3024 2722 3078 λέλεκται.
2751 3023 2886 3077 Τότε
2912 3022 3145 3095 μάλιστα
3172 3025 3221 3076 oi
3250 3022 3449 3076 δίκαιοι
3476 3020 3721 3092 λάμψον-

2137 3131 2242 3178 σιν,
2272 3114 2456 3168 οὐκέτι
2488 3114 2599 3182 (24)
2630 3114 2920 3183 διαφόρως,
2946 3112 3023 3174 ὡς
3064 3112 3205 3166 κατά
3235 3116 3334 3175 τὰς
3363 3111 3560 3182 ἀρχὰς,
3584 3110 3722 3164 ἀλλά

2136 3207 2339 3269 πάντες
2364 3206 2441 3269 ὡς
2471 3200 2553 3269 εἷς
2579 3204 2729 3275 ἣλιος
2762 3206 2820 3257 ὲν
2845 3206 2911 3275 τῇ
2964 3202 3209 3274 βασιλείᾳ
3240 3200 3334 3254 τοῦ
3382 3203 3594 3272 Πατρὸς
3625 3203 3723 3255 αὺ-

2135 3296 2264 3351 τῶν.
2306 3297 2393 3360 Ὠς
2429 3298 2725 3367 μυστήριον
2759 3293 2889 3364 γοῦν
2921 3294 3096 3365 δηλῶν
3127 3296 3157 3347 ό
3200 3295 3412 3364 Σωτὴρ,
3438 3293 3578 3364 τάχα
3622 3293 3722 3363 μὲν

2136 3388 2234 3441 καὶ
2273 3385 2361 3441 διά
2404 3386 2620 3440 πάντων
2649 3385 2758 3440 τῶν
2787 3387 2846 3439 ὲν
2876 3387 2945 3455 τῇ
2998 3383 3197 3454 φράσει
3229 3382 3333 3452 τῆς
3379 3382 3719 3455 παραϐολῆς,

2136 3478 2276 3549 τάχα
2304 3477 2361 3530 δὲ
2392 3478 2625 3548 μάλιστα
2669 3477 2757 3530 διὰ
2778 3475 2872 3530 τοῦ
2897 3514 2913 3541 ,
2945 3494 2965 3528 ι
3000 3475 3135 3528 Τότε
3164 3475 3215 3528 οί
3244 3472 3440 3527 δίκαιοι
3471 3471 3718 3542 λάμψου-

2139 3586 2224 3623 σιν
2258 3568 2334 3632 ὡς
2370 3569 2400 3620 6
2434 3569 2583 3639 ἥλιος
2611 3572 2669 3622 ὲν
2705 3571 2773 3640 τῇ
2803 3567 3048 3639 βασιλείᾳ
3077 3565 3170 3621 τοῦ
3201 3565 3415 3637 Πατρὸς
3457 3562 3654 3629 αὐτῶν,
3693 3581 3711 3614 ι

2140 3659 2390 3733 ἐπιφέρει
2406 3676 2422 3690 ·
2452 3679 2471 3712 ι
2511 3660 2570 3713 '0
2586 3660 2725 3731 ἔχων
2751 3654 2866 3714 ὦτα
2884 3658 3103 3713 ἀκούειν
3130 3656 3392 3722 ἀκουέτω,
3415 3676 3434 3708 ι
3454 3654 3719 3710 διδάσκων

2140 3754 2266 3816 τοὺς
2297 3752 2576 3824 οἰομένους
2603 3751 2713 3822 (25)
2748 3753 2807 3805 ὲν
2839 3754 2905 3823 τῇ
2936 3751 3133 3822 φράσει
3158 3751 3255 3821 τῆς
3277 3748 3592 3821 παραϐολῆς
3626 3764 3723 3801 σα-

453 3840 694 3910 φέστατα
740 3840 910 3910 αὐτὴν
952 3837 1313 3906 ὲκτεθεῖσθαι,
1346 3839 1422 3904 ὡς
1442 3842 1536 3894 καὶ
1574 3840 1633 3893 ὲν
1674 3841 1788 3904 τοῖς
1813 3836 2038 3909 τυχοῦσι
2074 3837 2334 3895 δύνασθαι
2362 3838 2619 3912 νοηθῆναι
2648 3839 2839 3912 αὐτὴν,
2860 3839 2943 3894 ὃτι
2983 3838 3079 3892 καὶ
3111 3837 3250 3892 αὐτά
3293 3836 3360 3890 τὰ
3392 3837 3493 3909 τῆς
3527 3835 3724 3908 διηγή-

457 3952 595 3998 σεως
625 3931 724 4004 τῆς
753 3933 1071 4006 παραϐολῆς
1102 3934 1276 3989 δεῖται
1323 3936 1623 4005 σαφηνείας
1657 3934 1787 4005 (26).

526 4030 582 4083 5.
632 4028 738 4085 Sed
799 4031 1059 4099 quoniam
1106 4029 1220 4099 jam
1280 4045 1447 4100 supra
1502 4030 1743 4086 diximus
1791 4030 1858 4084 ad
1921 4028 2041 4084 hate

456 4122 622 4176 verba
656 4138 670 4177 :
725 4140 744 4173 ι
779 4120 936 4177 Tunc
976 4122 1110 4192 justi
1147 4121 1434 4192 fulgebunt
1461 4123 1605 4179 sicut
1648 4123 1754 4188 sol,
1807 4140 1826 4174 ι
1856 4122 2040 4193 justos

458 4230 593 4281 non,
621 4215 695 4269 ita
720 4224 782 4269 ut
807 4213 1214 4278 antea,diverse
1236 4214 1551 4284 Splendidos
1578 4213 1716 4281 fore,
1731 4214 1825 4270 sed
1847 4228 2042 4269 omnes

458 4308 617 4378 quasi
654 4308 877 4363 unicum
903 4308 1073 4363 solem
1099 4308 1336 4373 futuros,
1374 4308 1685 4364 necessario
1717 4306 1877 4361 nobis
1909 4305 2040 4376 quid

2230 4029 2370 4084 Ἀλλ’
2411 4030 2535 4083 ἐπεὶ
2576 4029 2834 4100 ἀνωτέρω
2863 4026 3178 4098 ὲφάσκομεν
3206 4027 3286 4090 εἰς
3317 4024 3380 4077 τό
3404 4040 3417 4055 ο
3457 4041 3475 4075 ι
3507 4022 3644 4076 τότε
3676 4023 3730 4076 οι

2145 4121 2343 4175 δίκαιοι
2375 4120 2679 4192 λάμψουσιν
2705 4119 2784 4183 ὡς
2816 4120 2847 4172 6
2880 4118 3054 4190 ἥλιος,
3091 4137 3110 4171 ι
3142 4117 3225 4171 ὅτι
3252 4116 3351 4187 οὐχ
3388 4116 3467 4179 ὼς
3497 4115 3559 4168 τὸ
3596 4114 3732 4186 πρό-

2147 4228 2304 4284 τερον
2335 4211 2608 4282 διαφόρως
2633 4210 2936 4282 λάμψουσιν
2964 4211 3013 4264 οί
3043 4208 3261 4273 δίκαιοι,
3297 4204 3410 4260 ἀλλ’
3438 4205 3650 4259 ἔσονται
3676 4205 3728 4258 οξ

2150 4302 2354 4366 πάντες
2391 4302 2466 4365 ὡς
2503 4296 2584 4366 εἷς
2610 4303 2783 4373 ἥλιος,
2817 4300 3130 4371 ἀναγκαίως
3164 4292 3509 4370 ἐκθησόμεθα
3536 4294 3597 4349 τὸ
3625 4310 3731 4364 φα-

459 4414 622 4471 super
650 4400 755 4454 boc
780 4400 900 4455 loco
926 4399 1228 4455 sentiamus
1252 4399 1644 4456 declarandum
1678 4407 1781 4454 est.
1816 4396 2031 4451 Videtur

2147 4394 2238 4449 νὲν
2258 4395 2390 4466 ἡμῖν
2418 4395 2499 4457 εἰς
2520 4394 2612 4447 τὸν
2640 4393 3049 4447 τόπον.’Ἑοικεν
3068 4393 3096 4444 6
3113 4388 3309 4461 Δανιὴλ
3333 4385 3466 4459 (27),
3497 4387 3611 4457 φῶς
3632 4383 3727 4438 τοῦ

538 4586 580 4618 ι’
602 4583 794 4641 Matth.
825 4602 975 4654 τινι,
999 4588 1060 4642 Ill
1089 4606 1104 4653 ;
1141 4587 1304 4643 Marc.
1339 4603 1450 4653 xlv,
1472 4585 1570 4652 58;
1610 4585 1744 4641 Luc.
1778 4600 1917 4650 mi,
1945 4581 2031 4639 40.

2132 4578 2381 4654 “Matth.
2420 4593 2540 4646 xm,
2573 4576 2663 4634 56.
2741 4578 2782 4609 ¹⁷
2821 4576 2952 4633 ibid.
3004 4576 3096 4642 41,
3133 4573 3224 4629 42.
3301 4572 3345 4606 ¹⁸
3379 4569 3568 4626 Matth.
3602 4581 3720 4632 νιιι,

465 4652 552 4718 12,
583 4665 635 4710 et
675 4672 809 4719 xx",
870 4652 969 4711 15.
1032 4652 1261 4713 "’Psal.
1312 4652 1498 4721 xxxiv,
1541 4658 1629 4713 l6.
1707 4655 1751 4688 ¹⁰
1785 4655 1976 4709 Matth.
2015 4668 2135 4717 xm,
2166 4653 2255 4706 45.

538 4825 651 4893 (20)
691 4825 905 4893 Ἰησοῦ.
941 4827 1103 4883 Recte
1125 4829 1280 4884 codd.
1310 4826 1510 4891 Vatic.,
1535 4825 1821 4888 Cantabr,
1847 4822 2036 4877 Tarin.

464 4895 635 4961 Alias,
666 4897 804 4961 υἱοῦ,
831 4900 990 4953 male.

541 4968 651 5037 (21)
681 4967 1064 5038 Πραγμάτων.
1100 4967 1336 5023 Tarinus
1362 4966 1713 5038 existimabat
1751 4963 2035 5038 legendum

468 5034 976 5109 σπερμάτωνζᾌιοχ
1003 5040 1116 5109 lege
1137 5039 1165 5092 ὃ
1190 5039 1455 5101 καλεῖται,
1489 5036 1682 5090 referri
1710 5034 1855 5088 enim
1882 5034 2042 5088 debet

474 5108 540 5163 ad
570 5108 742 5182 τέλος,
774 5125 881 5182 non
906 5110 973 5182 ad
1009 5108 1284 5182 θερισμόν.

539 5179 653 5248 (22)
685 5173 1147 5246 Παραδὼσωσὶν.
1168 5173 1266 5233 Ἰιο
1300 5185 1450 5248 recte
1470 5176 1629 5248 codd.
1670 5173 1961 5229 Vaticanus
1990 5180 2043 5227 et

468 5246 817 5303 Tariuianus.
858 5250 1039 5303 Editio
1070 5248 1248 5303 Huctii
1281 5246 1717 5317 παραδώσουσιν.

539 5320 652 5389 ('23)
679 5318 843 5389 Forte
863 5320 1145 5389 legendum
1174 5320 1404 5389 ἑαυτοῖς.

537 5383 650 5460 (24)
695 5383 940 5443 Οὐκέτιῖ
957 5390 1258 5459 Διαφόρως,
1293 5388 1368 5450 ὼς
1401 5386 1540 5460 κατὰ
1577 5385 1677 5460 τὰς
1713 5383 1905 5460 ἀρχάς,
1935 5389 2039 5436 etc.

467 5459 606 5515 Cum
634 5458 784 5513 enim
820 5476 884 5512 eo
918 5460 1038 5528 plus
1075 5458 1261 5528 glut-ize
1298 5467 1353 5511 et
1381 5458 1517 5512 lucis
1550 5459 1794 5528 adepturi
1828 5468 2040 5515 sunms,

467 5546 581 5599 quo
611 5532 793 5583 minus
825 5525 1158 5583 uzrrenarutn
1205 5529 1447 5599 sordium
1482 5526 1639 5599 nobis
1682 5525 2040 5582 adhaerescet,

466 5596 803 5654 existimavit
861 5598 1123 5674 Origenes
1166 5598 1452 5652 colluviem
1516 5596 1660 5674 illam
1720 5602 1845 5674 post
1897 5602 2043 5646 certa

474 5677 777 5739 temporum
812 5665 1084 5724 curricula
1128 5676 1487 5739 expurgatnm
1511 5665 1608 5739 iri,
1655 5676 1709 5739 et
1758 5665 2043 5739 universos

476 5735 743 5805 homines,
779 5756 886 5793 non
933 5749 1154 5794 sanctos
1196 5735 1395 5805 solui",
1431 5736 1524 5792 sed
1556 5735 1752 5804 impius
1793 5735 1971 5791 etiam
1991 5739 2046 5786 ct

2148 4822 2438 4877 damnatos
2494 4817 2740 4873 eamdem
2801 4817 2986 4888 gloria:
3036 4824 3349 4870 mensuram
3406 4807 3726 4876 adepturus.

2149 4892 2413 4947 llusrus.

2220 4984 2334 5054 (25)
2368 4980 2676 5054 Διδάσκων
2707 4979 2849 5054 τοὺς
2876 4977 3204 5054 οΑῑ-ομέιςρυς,
3250 4980 3354 5027 etc.
3380 4970 3528 5054 _pr;
3555 4966 3731 5052 οἰομέ-

2149 5043 2272 5118 νους
2317 5043 2659 5107 desideratur
2710 5051 2764 5103 in
2820 5043 3008 5105 codice
3054 5045 3395 5119 _Vatic:_1_nert
3422 5043 3731 5119 ἀπογράφω

2150 5111 2465 5203 Τιιιῖίηἰξιιιο.
2498 5120 2617 5203 lilnx
2655 5137 2751 5203 pro
2779 5122 2837 5203 εν
2860 5121 2932 5203 ,τῇ
2965 5116 3182 5203 φράσει,
3215 5111 3452 5203 Τυιίηιιε
3479 5111 3737 5203 suspice:

2150 5196 2312 5249 batur
2345 5194 2630 5262 legendum
2656 5183 2721 5243 ’ἐν
2746 5192 2820 5262 τῇ
2857 5183 3238 5262 ἐκφρᾷσειςιοι
3277 5183 3436 5262 paulo
3465 5188 3590 5262 post
3634 5192 3733 5262 pro

2151 5265 2225 5329 ὡς
2257 5264 2351 5317 καὶ
2379 5250 2435 5315 ἓν
2463 5264 2573 5324 τοῖς
2607 5250 2865 5329 τυχοῦσι,
2888 5250 3053 5313 scribi
3095 5250 3333 5318 volebat,
3377 5252 3453 5314 ὡς
3495 5250 3591 5305 κα.)⁸
3620 5250 3737 5311 τοῖς

2150 5333 2394 5405 τυχοῦσι.

2227 5424 2338 5494 (26)
2393 5422 2583 5494 Δεῖεαι
2632 5421 2988 5494 σαφηνείας.
3042 5417 3106 5494 ln_
3139 5416 3326 5494 codice
3352 5410 3625 5494 _Vaticano
3680 5414 3735 5464 ct

2151 5486 2460 5566 ἀπογράφω
2488 5486 2794 5548 Τοιίιιιιιὶιο
2812 5493 3030 5545 additur
3054 5489 3115 5542 οὐ
3142 5495 3267 5541 ante
3293 5486 3483 5539 δεῖται.

2224 5588 2334 5656 (2Ἰ)
2387 5588 2702 5657 Ἔοικεν-όῄ
2736 5582 2987 5657 Δανιὴλ,
3011 5591 3119 5657 etc.
3148 5579 3292 5657 _'V_ide
3322 5570 3733 5657 initiumlillt.r‘l

2154 5640 2513 5781 ﬁoiniiientar.
2534 5658 2587 5717 in
2614 5655 2737 5724 Job,
2755 5668 2877 5726 quae
2898 5640 3119 5725 Origeni
3142 5651 3279 5706 falso
3305 5643 3505 5703 ascribi
3533 5640 3733 5698 solent.

2205 5743 2417 5782 manus.
