4128 6424
498 265 603 328 813

1984 271 2308 332 ORIGENIS

3657 295 3766 357 ειη

497 388 700 445 Christi
733 390 909 448 luceat
940 408 1121 449 coram
1149 393 1488 459 hominibus,
1541 408 1686 451 nunc
1706 401 1760 449 et
1781 402 1903 464 post
1929 409 2048 448 mor

2180 393 2320 449 ὥστε
2356 396 2449 451 καὶ
2478 398 2572 454 νῦν
2615 401 2852 473 λάμπειν
2888 405 2949 457 τὸ
2982 406 3094 476 τῶς
3130 407 3240 462 τῶν
3288 409 3462 481 ’1ησοῦ
3509 415 3765 487 μαθητῶν

498 495 629 548 tem,
665 491 791 538 ante
837 485 1287 541 resurrectionem
1320 496 1373 540 et
1429 493 1552 556 post
1598 486 2074 550 resurrectionem,

2180 486 2487 559 ἔμπροσθεν
2537 492 2645 547 τῶν
2688 494 2890 548 λοιπῶν
2940 498 3244 570 ἀνθρώπων
3269 542 3283 565 ,
3331 504 3425 557 καὶ
3474 506 3612 576 μετὰ
3662 511 3765 582 τὴν

496 572 670 629 donec
716 576 1098 645 unusquisque
1150 577 1233 630 vir
1267 576 1541 646 perfectus
1588 578 1801 643 evadat,
1837 578 2048 649 ﬁantqui

2178 578 2355 642 ἔξοδον
2390 581 2497 653 πρὸ
2534 585 2633 655 τῆς
2669 587 3041 655 ἀναστάσεως,
3084 593 3178 645 καὶ
3212 594 3350 663 μετὰ
3528 572 3763 657 ἀνάπαι-

496 673 686 717 omnes
727 679 868 718 unus
907 664 987 717 sol
1037 682 1048 717 :
1099 673 1228 721 tunc
1268 665 1553 736 fulgebunt
1592 681 1786 724 omnes
1814 677 2071 740 tanquam

494 751 574 806 sol
604 752 657 806 in
691 768 858 824 regno
890 754 976 808 sui
1003 752 1204 811 Patris.

557 931 725 1006 ηε
754 930 826 988 De
851 935 1112 1005 parabela
1142 936 1379 992 thesauri
1410 939 1467 993 in
1514 956 1644 1011 agro
1675 940 1995 997 absconditi.

556 1091 611 1147 4.
650 1112 670 1146 ο
715 1093 955 1152 Rursum
987 1096 1166 1152 simile
1212 1107 1302 1153 est
1348 1114 1580 1170 regnum
1629 1102 1894 1158 ccelorum
1946 1104 2066 1159 tlte-

485 1198 651 1240 sauro
684 1185 1007 1242 abscondito
1049 1188 1102 1242 in
1134 1204 1287 1261 agro,
1319 1205 1481 1261 quem
1507 1192 1602 1262 qui
1641 1194 1850 1248 invenit
1879 1195 2064 1261 homo,

487 1275 778 1331 abscondit
806 1279 870 1331 “.
909 1297 929 1331 ι
973 1277 1190 1335 Priores
1218 1283 1437 1351 quidem
1458 1285 1744 1353 parabolas
1767 1288 1943 1343 turbis
1979 1289 2066 1342 di-

486 1366 567 1421 xit
594 1385 608 1422 :
646 1368 788 1424 banc
813 1378 995 1425 autem
1020 1380 1074 1425 et
1098 1382 1390 1443 sequentes
1422 1376 1580 1442 duas,
1615 1393 1726 1433 non
1756 1381 2062 1450 parabolas,

485 1458 580 1511 sed
614 1458 997 1516 similitudines
1042 1462 1107 1516 ad
1147 1479 1372 1535 regnum
1422 1468 1686 1523 caelorum
1730 1471 2064 1540 pertinentes

484 1550 627 1606 intra
667 1550 891 1606 domum
923 1553 1205 1623 discipulis
1231 1557 1444 1611 videtur
1472 1557 1801 1614 disseruisse
1830 1578 1844 1614 :
1873 1575 2059 1629 quam,

483 1642 577 1711 qui
623 1643 690 1696 ad
736 1642 858 1711 ejus
899 1644 1184 1698 lectionem
1234 1647 1477 1701 animum
1510 1649 1774 1717 advertet,
1810 1668 1934 1707 cum
1990 1654 2060 1710 iis

2181 684 2285 733 σιν,
2313 670 2419 734 ἓως
2435 673 2501 726 ἂν
2523 677 2927 748 καταντήσωσιν
2943 682 2990 733 oi
3015 682 3214 748 πάντες
3240 686 3322 748 είς
3344 685 3514 759 ἄνδρα
3534 689 3761 757 τέλειον,

2179 761 2272 813 καὶ
2299 760 2562 830 γένωνται
2594 766 2794 832 πάντες
2820 766 2902 834 εἷς
2929 771 3080 840 ἥλιος
3098 789 3113 804 ·
3145 774 3263 827 τότε
3290 774 3596 848 λάμψουσιν
3620 781 3696 846 ib;
3730 783 3760 837 ὁ

2176 848 2329 919 ἥλιος
2361 851 2419 905 ὲν
2456 856 2522 925 τῇ
2548 854 2795 930 βασιλείᾳ
2825 860 2918 913 τοῦ
2950 862 3163 935 Πατρὸς
3185 865 3387 919 αὐτῶν.

2174 941 2314 1010 Περὶ
2346 941 2458 1012 τῆς
2489 949 2840 1036 παραϐοᾴῆς
2879 950 2987 1036 τοῦ
3018 957 3328 1036 ρηςγαυροῦ
3362 959 3470 1014 τοῦ
3503 976 3758 1034 κεκρυμο

2667 1018 2856 1086 μένου
2881 1021 2951 1074 ἐν
2980 1022 3060 1088 τῷ
3080 1018 3261 1093 ἀγρῷ.

2249 1122 2267 1155 ι
2306 1105 2474 1159 Πάλιν
2504 1108 2664 1178 ὁμοία
2692 1110 2840 1165 ἐστὶν
2883 1116 2915 1184 ἡ
2954 1113 3203 1184 βασιλεία
3232 1118 3340 1173 τῶν
3373 1120 3621 1193 οὐρανῶν
3653 1125 3754 1196 θη-

2173 1198 2360 1272 σαυρῷ
2387 1203 2758 1275 κεκρυμμένῳ
2799 1207 2855 1261 ὲν
2903 1207 2981 1278 τῷ
3022 1210 3198 1282 ἀγρῷ,
3231 1212 3289 1264 ὃν
3334 1214 3509 1287 εὑρὼν
3544 1216 3757 1290 ἄνθρω-

2169 1307 2272 1354 πος
2313 1290 2537 1362 ἔκρυψε.
2596 1312 2615 1345 ι
2663 1295 2775 1359 Τὰς
2819 1296 2916 1367 μὲν
2967 1302 3240 1373 προτέρας
3285 1306 3596 1376 παραϐολὰς
3638 1313 3753 1376 τοῖς

2168 1381 2345 1453 ὄχλοις
2384 1380 2505 1436 εἷπε
2524 1400 2537 1415 ·
2568 1385 2773 1458 ταύτην
2814 1387 2870 1441 δὲ
2897 1390 2992 1443 καὶ
3039 1391 3140 1456 τὰς
3174 1393 3302 1464 ἑξῆς
3330 1397 3501 1468 αὐτῆς
3544 1399 3659 1468 δύο,
3688 1402 3750 1455 οὐ

2168 1474 2504 1563 παραϐολὰς,
2535 1476 2651 1530 ἀλλ’
2692 1478 2981 1550 ὁμοιώσεις
3025 1485 3162 1556 πρὸς
3206 1487 3304 1557 τὴν
3349 1488 3461 1542 τῶν
3505 1491 3753 1563 οὐρανῶν

2169 1561 2444 1638 βασιλείαν
2468 1568 2865 1637 τυγχανούσας,
2897 1572 3073 1627 ἔοικεν
3098 1577 3154 1628 ἐν
3175 1580 3243 1648 τῇ
3278 1578 3426 1650 οἰκίᾳ
3455 1561 3751 1653 γενόμενος

2166 1654 2303 1725 πρὸς
2341 1657 2467 1720 τοὺς
2511 1659 2755 1729 μαθητὰς
2794 1664 3104 1735 εἰρηκέναι·
3141 1669 3269 1739 περὶ
3297 1665 3365 1741 ἧς
3402 1672 3431 1723 ὁ
3466 1674 3747 1743 προσέχων

480 1731 697 1786 duabus
726 1748 849 1803 qua:
868 1733 1125 1804 deinceps
1148 1746 1278 1790 sunt
1299 1749 1553 1793 accurate
1576 1742 1894 1811 perpendat,
1925 1761 2048 1800 num

2166 1747 2230 1816 τῇ
2261 1745 2561 1815 ἀναγνώσει
2586 1748 2901 1820 ἐξεταζέτω,
2937 1757 3031 1810 καὶ
3064 1757 3171 1811 τῶν
3211 1759 3339 1831 ἑξῆς
3379 1761 3490 1827 δύο,
3537 1767 3743 1834 μήποτε

480 1824 712 1881 iortasse
742 1828 1013 1898 parabolae
1044 1844 1155 1885 non
1205 1832 1346 1899 sint;
1384 1833 1491 1888 illis
1519 1833 1665 1888 enim
1696 1850 1804 1888 non
1845 1836 2062 1892 dubita-

478 1918 556 1973 vit
584 1919 866 1990 Scriptura
911 1922 1182 1990 parabolae
1227 1939 1425 1980 nomen
1457 1926 1770 1997 praeﬁgere;
1801 1928 1886 1985 bis
1932 1946 2062 1986 vero

477 2023 589 2064 non
621 2010 775 2067 item.
808 2013 874 2066 Et
902 2013 1151 2081 apposite
1181 2016 1400 2085 quidem
1434 2017 1487 2071 id
1518 2016 1681 2085 fecit;
1717 2036 1840 2075 nam
1865 2022 1910 2076 si
1940 2033 2058 2077 tur-

476 2102 578 2161 bas
623 2119 722 2174 per
768 2107 1058 2175 parabolas
1108 2109 1509 2179 alloquebatur,
1562 2130 1582 2163 ‹
1627 2122 1680 2168 et
1714 2113 1829 2170 haec
1872 2117 2057 2171 omnia

475 2209 574 2267 per
617 2198 907 2267 parabolas
950 2200 1166 2256 locutus
1207 2209 1310 2265 est,
1367 2217 1547 2274 neque
1591 2205 1890 2277 quidquam
1940 2208 2059 2264 sine

477 2290 755 2359 parabolis
776 2291 1013 2358 dixit“;
1039 2312 1058 2345 ι
1093 2304 1147 2349 at
1171 2304 1458 2365 postquam
1489 2297 1711 2352 domum
1747 2314 1806 2354 se
1832 2301 2054 2371 recepit,

475 2395 585 2436 non
627 2382 741 2452 jam
794 2384 1033 2454 amplius
1076 2386 1252 2441 turbis
1297 2387 1461 2442 verba
1514 2385 1666 2450 facit,
1701 2390 1796 2444 sed
1854 2389 1920 2445 iis
1961 2390 2054 2460 qui

475 2471 623 2529 hunc
645 2474 698 2528 in
733 2474 897 2530 domo
926 2476 1211 2532 adiverunt
1235 2477 1521 2547 discipulis
1557 2497 1571 2533 :
1598 2479 1945 2549 perspicuum
1972 2487 2058 2536 est

472 2564 761 2634 parabolas
792 2581 899 2622 non
926 2582 1053 2623 esse
1083 2583 1146 2623 ca
1173 2584 1297 2639 quas
1324 2569 1377 2623 in
1407 2569 1573 2624 domo
1607 2570 1751 2626 dicta
1781 2582 1940 2639 sunt;
1967 2588 2056 2627 ex-

477 2657 681 2713 traneis
730 2659 875 2713 enim
926 2675 1022 2729 per
1072 2661 1366 2730 parabolas
1419 2661 1692 2732 loquitur,
1747 2670 1802 2717 et
1854 2664 2055 2734 quibus

476 2766 498 2802 ι
534 2750 719 2807 datum
753 2767 858 2807 non
886 2762 968 2808 est
992 2768 1154 2813 nosse
1182 2753 1442 2825 mysteria
1467 2755 1620 2825 regni
1648 2755 1920 2810 caelorum
1945 2758 2047 2812 “.o

471 2839 625 2898 Dicet
658 2860 787 2899 vero
820 2845 1095 2915 quispiam
1129 2863 1142 2899 :
1173 2844 1315 2911 Quid
1364 2854 1489 2900 sunt
1535 2846 1660 2913 illae,
1706 2848 1752 2904 si
1784 2849 2055 2919 parabolae

471 2950 581 2991 non
628 2934 790 2991 sunt?
831 2934 970 2991 Num
1020 2937 1188 3009 igitur
1235 2936 1532 3007 Scriptura;
1582 2942 1910 2996 vocabulum
1961 2957 2050 3000 se-

472 3040 726 3099 quentes,
762 3029 1009 3086 dicemus
1037 3046 1157 3087 esse
1191 3031 1617 3089 similitudines?
1646 3032 1834 3090 Diﬂert
1864 3044 2048 3091 autem

2164 1837 2283 1890 οὐδὲ
2340 1839 2648 1911 παραϐολαί
2702 1846 2839 1897 εἰσιν
2864 1862 2877 1876 ·
2939 1849 3026 1900 ἐπ’
3074 1851 3299 1907 ἐκείνων
3347 1853 3444 1923 μὲν
3490 1855 3597 1925 γὰρ
3645 1856 3750 1912 οὐκ

2162 1925 2406 1997 ὤκνησεν
2432 1933 2465 2002 ἡ
2495 1931 2534 1983 Γ
2541 1931 2685 2005 ραφὴ
2709 1934 2831 1988 καθ’
2858 1937 3097 2010 ἑκάστην
3127 1942 3454 2011 προτάσσειν
3485 1946 3546 1997 τὸ
3577 1945 3751 2017 ὄνομα

2160 2018 2259 2089 τῆς
2289 2023 2632 2093 παραϐολῆς·
2664 2025 2757 2078 ἐπὶ
2784 2026 2842 2079 δὲ
2872 2028 3077 2084 τούτων
3116 2031 3179 2085 τὸ
3201 2034 3330 2087 αὐτὸ
3361 2036 3421 2088 οὐ
3452 2037 3744 2107 πεποίηκε.

2160 2110 2270 2164 Καὶ
2303 2114 2527 2201 εἰκότως
2559 2134 2620 2185 γε
2651 2117 2811 2173 τοῦτο
2844 2123 3145 2195 πεποίηκεν
3165 2142 3178 2156 ·
3212 2128 3260 2179 εἰ
3294 2127 3401 2198 γὰρ
3428 2130 3540 2192 τοῖς
3565 2128 3747 2199 ὄχλοις

2161 2203 2420 2276 ἐλάλησεν
2463 2208 2520 2260 ὲν
2550 2210 2904 2281 παραϐολαῖς,
2945 2232 2964 2265 ‹
3000 2216 3093 2269 καὶ
3124 2216 3296 2271 ταῦτα
3329 2219 3505 2273 πάντα
3552 2220 3746 2292 ἐλάλη-

2160 2309 2252 2346 σεν
2281 2295 2340 2348 ὲν
2378 2296 2734 2366 παραϐολαῖς,
2771 2301 2866 2354 καὶ
2892 2304 3063 2373 χωρὶς
3091 2305 3407 2378 παραϐολῆς
3438 2309 3538 2363 οὐκ
3563 2310 3742 2366 ἐλάλει

2163 2385 2350 2450 αὐτοῖς
2396 2387 2529 2460 (55),
2559 2408 2577 2441 ι
2612 2390 2675 2443 οὐ
2704 2394 2816 2455 τοῖς
2845 2391 3020 2465 ὄχλοις
3052 2395 3108 2450 δὲ
3138 2396 3306 2452 ἐλθὼν
3335 2401 3415 2464 εἰς
3437 2401 3535 2473 τὴν
3564 2402 3740 2456 οἰκίαν

2155 2476 2481 2547 διαλέγεται,
2513 2480 2649 2534 ἀλλὰ
2689 2485 2803 2546 τοῖς
2849 2484 3237 2556 προσελθοῦσιν
3274 2489 3422 2560 αὐτῷ
3469 2492 3742 2564 μαθηταῖς

2157 2569 2215 2622 ὲν
2242 2570 2411 2642 αὐτῇ·
2449 2569 2626 2643 δῆλον,
2674 2576 2757 2629 ὅτι
2799 2576 2899 2628 οὐκ
2943 2577 3051 2630 εἰσὶ
3099 2579 3407 2652 παραϐολαὶ
3447 2581 3516 2636 τά
3562 2584 3620 2636 ὲν
3670 2589 3739 2657 τῇ

2154 2659 2302 2729 οἰκία
2328 2662 2521 2736 λελαλη
2530 2666 2694 2735 μένα·
2720 2671 2831 2731 τοῖς
2856 2669 2963 2741 γὰρ
2991 2669 3097 2735 ἔξω
3120 2674 3176 2727 ὲν
3206 2674 3541 2747 παραϐολαῖς
3570 2676 3739 2743 λαλεῖ,

2154 2752 2251 2806 καὶ
2284 2747 2365 2813 οἷς
2406 2772 2426 2805 ι
2469 2756 2530 2808 οὐ
2559 2755 2768 2811 δέδοται
2800 2758 3005 2827 γνῶναι
3032 2762 3101 2816 τὰ
3136 2765 3408 2837 μυστήρια
3445 2765 3545 2838 τῆς
3590 2766 3742 2838 βασι-

2154 2841 2301 2909 λείας
2334 2844 2442 2901 τῶν
2473 2847 2738 2920 οὐρανῶν.
2777 2868 2795 2902 ι
2830 2850 2998 2922 Φήσει
3031 2870 3115 2918 τις
3141 2850 3254 2919 οὖν,
3288 2856 3350 2910 Et
3371 2857 3445 2928 μή
3480 2859 3615 2913 εἰσιν
3645 2861 3742 2913 αὑ-

2152 2944 2245 2991 ται
2291 2938 2621 3013 παραϐολαὶ,
2649 2942 2703 2995 τί
2749 2945 2921 3011 εἰσινς
2955 2946 3182 3019 Μήποτε
3214 2944 3306 3003 οὖν
3341 2951 3407 3020 τῇ
3449 2947 3594 3017 λέξει
3639 2953 3738 3023 τῆς

2152 3027 2379 3102 Γραφῆς
2409 3032 2833 3101 ἀκολουθοῦντες
2860 3038 3128 3109 φήσομεν,
3149 3041 3231 3094 ὅτι
3264 3043 3581 3113 ὁμοιότητες
3607 3047 3735 3111 εἰσι;

470 3120 772 3177 similitudo
798 3138 828 3177 a
857 3124 1111 3193 parabola
1132 3141 1148 3189 ;
1169 3125 1429 3196 scriptum
1460 3136 1545 3183 est
1574 3129 1719 3183 enim
1747 3128 1889 3198 apud
1914 3127 2048 3183 Mar-

2155 3122 2421 3196 Διαφέρει
2455 3125 2512 3179 δὲ
2540 3127 2795 3199 ὁμοιότης
2826 3129 3141 3204 παραϐολῆς
3164 3149 3178 3163 ·
3210 3133 3518 3206 γέγραπται
3549 3136 3656 3208 γὰρ
3681 3139 3737 3190 ὲν

470 3227 597 3267 cum
628 3213 674 3246 "
709 3236 720 3269 :
761 3232 781 3267 ι
815 3213 915 3269 Cui
949 3218 1377 3275 assimilabimus
1410 3234 1633 3289 regnum
1677 3217 1794 3284 Dei,
1822 3228 1919 3274 aut
1960 3219 2048 3275 cui

2157 3213 2234 3284 τῷ
2264 3215 2506 3288 Μάρκῳ·
2531 3236 2549 3269 ι
2576 3218 2695 3273 Τίνι
2725 3219 3066 3291 ὁμοιώσομεν
3090 3221 3199 3292 (54)
3228 3223 3323 3295 τὴν
3346 3224 3619 3294 βασιλειαν
3641 3227 3736 3280 τοῦ

470 3304 914 3375 comparabimus
941 3306 1105 3361 illud?
1128 3327 1145 3359 ι
1180 3304 1255 3362 Ex
1289 3323 1355 3363 eo
1378 3309 1523 3362 enim
1556 3309 1820 3379 probatur
1849 3309 2047 3364 discri-

2155 3300 2314 3370 Θεοῦ,
2352 3305 2385 3377 ἢ
2414 3310 2472 3361 ὲν
2499 3308 2607 3361 τίνι
2639 3309 2809 3380 αὐτὴν
2838 3309 3123 3381 παραϐολῇ
3158 3312 3339 3384 θῶμεν
3366 3330 3380 3379 ;
3426 3333 3446 3365 ι
3487 3315 3583 3369 Ἕκ
3610 3316 3734 3369 τού-

472 3408 595 3448 mcn
631 3410 753 3451 esse
782 3395 1194 3453 similitudinem
1239 3399 1381 3454 inter
1409 3408 1463 3455 et
1508 3400 1845 3470 parabolam.
1882 3397 2048 3457 Vide-

2155 3410 2246 3451 του
2293 3397 2402 3470 γὰρ
2440 3400 2772 3471 παρίσταται
2824 3401 3087 3472 διαφορὰν
3129 3399 3267 3457 εἶναι
3297 3405 3608 3476 ὁμοιώσεως
3637 3408 3733 3461 καὶ

470 3495 559 3542 tur
596 3502 726 3560 ergo
761 3489 1064 3545 similitudo
1100 3505 1223 3546 esse
1268 3492 1574 3563 generalis;
1618 3492 1879 3563 parabola
1924 3507 2048 3549 vero

2155 3489 2472 3560 παραϐολῆς
2518 3490 2650 3560 (55).
2701 3491 2917 3545 Ἔοικεν
2963 3487 3057 3546 οὖν
3101 3495 3134 3564 ἡ
3169 3494 3269 3564 μὲν
3300 3496 3560 3567 ὁμοίωσις
3593 3491 3730 3551 εἶναι

469 3577 611 3636 inter
634 3580 844 3651 species
874 3579 1089 3649 referri;
1148 3597 1272 3637 cum
1300 3598 1429 3638 vero
1462 3583 1764 3639 similitudo
1792 3585 1952 3640 latior
1978 3587 2052 3641 sit

468 3673 749 3741 parabola,
778 3673 1241 3742 quemadmodum
1274 3675 1378 3729 sub
1412 3691 1470 3730 se
1514 3676 1832 3745 parabolanl
1868 3677 2047 3733 conti-

469 3776 558 3820 net
591 3775 848 3836 tauquam
872 3767 1108 3836 speciem
1131 3808 1146 3833 ,
1172 3767 1252 3821 sic
1277 3777 1326 3821 et
1355 3768 1769 3825 similitudinem
1799 3771 2040 3840 generali

468 3856 736 3911 vocabulo
764 3857 1143 3923 COgnominem
1179 3874 1192 3909 :
1240 3857 1387 3926 quod
1435 3867 1488 3913 et
1519 3858 1572 3912 in
1606 3859 1729 3912 aliis
1756 3860 2045 3933 contingit,

469 3958 631 4021 prout
654 3949 724 4005 iis
749 3949 1097 4004 observatum
1129 3957 1215 4004 est
1237 3948 1330 4019 qui
1366 3947 1511 4005 circa
1547 3943 1910 4020 plurimorum
1942 3968 2044 4007 no-

468 4039 678 4095 minum
749 4039 1158 4110 impositionem
1218 4049 1273 4094 et
1332 4041 1787 4111 signiﬁcationem
1847 4044 2045 4100 versati

466 4141 633 4200 sunt;
666 4131 758 4203 qui
785 4131 975 4186 dicunt
1003 4147 1190 4187 vocent
1238 4133 1381 4204 ὁρμή
1413 4132 1662 4189 latiorem
1692 4149 1815 4190 csse
1856 4135 2047 4192 multis

463 4226 750 4295 speciebus
769 4242 909 4296 quas
933 4226 1036 4282 sub
1063 4242 1121 4282 se
1145 4230 1405 4291 continet,
1434 4227 1501 4282 iis
1524 4227 1772 4282 videlicet
1797 4229 2042 4302 ἀφορμή,

462 4329 519 4374 et
539 4320 686 4392 ὁρμή
713 4360 731 4385 ,
756 4329 921 4391 atque
949 4319 1087 4376 adeo
1115 4320 1441 4376 vocabulum
1478 4321 1583 4376 hoc
1606 4321 1748 4393 ὁρμή
1790 4322 2043 4392 usurpari

2152 3581 2364 3652 γενικὴ,
2401 3583 2435 3653 ὴ
2464 3581 2521 3635 δὲ
2552 3582 2833 3654 παραϐολὴ
2859 3584 3055 3657 εἰδική.
3085 3585 3238 3656 Τάχα
3267 3586 3322 3640 δὲ
3355 3588 3449 3641 καὶ
3475 3590 3509 3660 ή
3533 3589 3731 3661 ὁμοίω-

2152 3692 2237 3740 σις
2269 3674 2607 3746 γενικωτάτη
2641 3670 2775 3727 οὖσα
2807 3675 2906 3747 τῆς
2951 3676 3288 3749 παραϐολῆς,
3314 3677 3425 3749 ἔχει
3475 3681 3535 3733 ὲν
3580 3681 3727 3746 ετδει,
3830 3698 3833 3701 ·

2150 3766 2339 3839 ὥσπερ
2364 3765 2462 3837 τὴν
2501 3764 2838 3837 παραϐολὴν,
2872 3766 3014 3821 οὓτω
3044 3767 3139 3822 καὶ
3182 3768 3470 3842 ὁμώνυμον
3516 3771 3597 3843 τῷ
3639 3790 3731 3844 γε-

2149 3858 2285 3929 νικῷ
2323 3857 2420 3930 τὴν
2465 3857 2723 3929 ὁμοίωσιν
2747 3874 2762 3889 ·
2805 3859 2942 3930 ὅπερ
2988 3859 3080 3913 καὶ
3118 3860 3212 3913 ἐπὶ
3243 3860 3351 3915 τῶν
3390 3861 3564 3917 ἄλλων
3596 3881 3732 3937 συμ-

2148 3950 2403 4021 ϐέϐηκεν,
2438 3950 2515 4014 ὡς
2564 3949 2932 4021 τετηρήκασιν
2980 3953 3032 4005 oi
3081 3951 3249 4007 δεινοὶ
3300 3953 3429 4029 περὶ
3475 3954 3574 4027 τὴν
3624 3955 3732 4010 τῶν

2150 4040 2360 4095 πολλῶν
2384 4041 2661 4112 ὀνομάτων
2689 4041 2841 4096 θέσιν
2859 4058 2874 4072 ·
2911 4041 3106 4107 οἵτινες
3138 4043 3358 4113 λέγουσι
3382 4047 3476 4101 καὶ
3505 4063 3734 4116 γενικω-

2146 4133 2314 4204 τάτην
2361 4129 2499 4187 εἶναι
2540 4133 2639 4205 τὴν
2684 4133 2862 4205 ὁρμὴν
2914 4134 3122 4189 πολλῶν
3165 4136 3358 4203 εἰδῶν,
3404 4134 3594 4214 ὥσπερ
3638 4141 3733 4194 καὶ

2147 4224 2441 4295 ἀφορμῆς,
2476 4224 2573 4278 καὶ
2615 4225 2816 4296 ὁρμῆς,
2858 4228 2916 4278 ὲν
2958 4227 3089 4281 εῖδει
3133 4229 3385 4299 λέγοντες
3424 4230 3732 4302 ὁμωνύμως

2146 4315 2223 4386 τῷ
2248 4314 2450 4386 γενικῷ
2473 4315 2997 4386 παραλαμϐάνεσθαι
3022 4320 3158 4392 πρὸς
3185 4321 3588 4394 ἀντιδιαστολὴν
3619 4322 3728 4396 (36)

465 4409 520 4466 in
552 4412 753 4479 specie,
778 4410 871 4464 sed
903 4410 1126 4464 nomine
1146 4409 1424 4465 communi
1451 4425 1576 4465 cum
1604 4410 1843 4480 generali
1876 4427 2042 4467 voca-

2155 4406 2247 4478 τῆς
2279 4406 2532 4479 ἀφορμῆς
2557 4406 2657 4479 τὴν
2692 4409 2887 4480 ὁρμήν-

465 4500 594 4557 bulo
622 4501 790 4573 ὁρμή,
829 4510 887 4589 ut
920 4500 1266 4555 discernatur
1299 4501 1367 4556 ab
1392 4501 1486 4556 illo
1520 4500 1694 4556 altero
1721 4502 1965 4577 ἀφορμή.

464 4656 469 4667 ῃ
532 4591 588 4647 5.
619 4589 684 4646 Et
707 4591 853 4647 circa
894 4589 1013 4646 haec
1052 4594 1405 4662 quaerendum
1437 4601 1521 4647 est
1561 4593 1806 4648 seorsum
1845 4608 2039 4665 agrum

2222 4588 2329 4641 Kal.
2359 4587 2415 4642 ὲν
2446 4586 2619 4654 τούτῳ
2661 4585 2922 4660 ζητητέον
2970 4590 3076 4663 ἰδία
3111 4591 3212 4658 ’τὸν
3259 4593 3447 4665 ἀγρὸν,
3481 4593 3578 4647 καὶ
3620 4591 3725 4664 ιδεφ

537 4725 581 4757 ⁸⁸
607 4724 798 4782 Matth.
831 4739 952 4793 xm,
985 4722 1075 4782 44.
1156 4723 1203 4755 ”
1224 4721 1358 4778 ibid.
1390 4722 1479 4777 54.
1561 4722 1607 4755 ’⁸
1641 4722 1775 4779 ibid.
1815 4723 1899 4778 li.
1978 4724 2023 4757 ³⁷

2155 4737 2224 4778 re.
2257 4736 2332 4785 tv,
2358 4720 2446 4774 50.

463 4855 551 4899 tur
578 4844 929 4902 librariorum
953 4843 1267 4909 oscitantis,
1289 4844 1383 4913 qui
1415 4856 1515 4911 pro
1549 4841 1754 4907 πλακός
1786 4842 2036 4913 legerunt

460 4915 680 4989 πλάτος.
714 4914 859 4989 Ergo
894 4913 1138 4989 Vulgata:
1171 4926 1363 4969 auctor
1390 4921 1540 4989 recte
1566 4914 1732 4989 habet
1764 4928 1830 4968 eo
1867 4913 1986 4968 loco
2018 4930 2032 4967 :

466 5006 486 5040 σ
516 4987 571 5041 in
599 4981 1146 5050 talmlis'cordistui;
1180 5001 1199 5035 ι
1240 4998 1347 5038 non
1390 4981 1465 5037 ita
1488 4991 1635 5036 recte
1656 4981 1855 5037 Jerem.
1899 4998 2032 5049 xvu,

459 5058 485 5110 1
521 5075 535 5112 :
572 5076 592 5110 ι
630 5055 805 5127 Super
834 5055 1180 5133 latitudinem
1207 5053 1388 5108 cordis
1413 5067 1602 5133 eorum
1634 5070 1659 5133 _:
1698 5070 1719 5133 ι
1754 5051 1902 5123 quod
1933 5052 2036 5133 mi-

460 5142 551 5182 ror
582 5122 831 5183 secutum
858 5125 1033 5196 fuisse
1067 5124 1478 5196 Hieronymum,
1506 5122 1599 5196 qui
1633 5122 2034 5196 interpretatio-

459 5213 581 5252 nem
611 5212 764 5253 suam
798 5200 867 5252 ad
896 5195 1222 5250 llebraicum
1250 5191 1529 5253 exemplar
1550 5191 1723 5246 tinxit.
1760 5192 1918 5246 Aliud
1948 5200 2033 5246 est

456 5278 640 5326 autem
667 5269 811 5343 quod
853 5267 1017 5343 habet
1052 5263 1284 5343 vulgata
1306 5262 1373 5343 l_ll
1404 5261 1535 5343 Reg.
1573 5277 1645 5343 ιν,
1673 5261 1745 5315 20
1775 5280 1840 5343 :_c
1876 5261 2031 5343 Dedit

456 5333 860 5409 quoque'Deus
887 5333 1218 5409 sapientiam
1251 5333 1557 5409 Salomoni,
1588 5342 1644 5388 et
1688 5333 2029 5409 prudentiam

458 5403 683 5462 multam
715 5407 880 5484 nimis
916 5403 971 5459 et
1010 5404 1348 5484 latitudinem
1372 5403 1585 5484 contis,
1606 5403 1763 5484 quasi
1806 5416 2031 5484 arenam

498 5493 581 5534 ua
615 5485 702 5533 est
746 5478 801 5531 in
840 5475 1023 5531 littore
1070 5474 1261 5530 maris.
1303 5493 1333 5551 :_
1371 5471 1506 5528 Nam
1543 5471 1807 5528 Hebraice
1835 5472 2034 5541 legitur

469 5560 520 5627 5⁸)
567 5575 658 5628 am
721 5605 737 5622 .
764 5562 927 5630 LXX,
969 5564 1064 5617 καὶ
1102 5562 1257 5635 χύμα
1300 5562 1551 5635 καρϐίας.
1592 5561 1715 5635 Quo
1755 5576 1920 5635 sensu
1955 5560 2035 5615 ait

460 5623 754 5705 histum
778 5638 819 5705 ll
848 5623 975 5690 ϐόε.
1008 5648 1085 5701 vt,
1104 5623 1277 5705 illa
1312 5623 1688 5705 καρδίαὴμῶν
1718 5623 2030 5705 πεπλάτυν-

461 5699 570 5761 ται.
588 5702 741 5759 Unde
760 5704 1021 5776 Origenes
1044 5699 1276 5760 liomilia'
1291 5699 1448 5758 unica
1480 5702 1533 5756 in
1553 5699 1762 5756 librum
1785 5699 2026 5772 Regum:

2146 4858 2166 4915 ς
2211 4837 2282 4893 Ut
2306 4835 2580 4915 possimus
2602 4850 2727 4891 cum
2755 4835 3028 4915 Apostolo
3044 4837 3223 4915 dicere
3252 4853 3268 4915 ξ
3303 4832 3410 4915 ρον
3432 4848 3602 4915 meum
3634 4835 3724 4915 qi-

2138 4904 2362 4964 latatuin
2397 4919 2472 4961 est
2501 4908 2571 4960 ad
2601 4923 2714 4972 uos,
2756 4904 3082 4961 o'CoriulIiii
3111 4922 3132 4958 :
3157 4921 3222 4958 ex
3254 4904 3541 4958 latitudine
3574 4910 3722 4959 enim

2137 4978 2323 5035 cordis
2358 4976 2696 5031 abundantia
2732 4978 2816 5032 ori
2840 4975 3076 5047 sapienti
3105 4974 3471 5030 ministratur.
3513 4992 3534 5026 ι
3574 4972 3723 5030 Hus-

2140 5064 2324 5190 ﬂgb)
2375 5114 2766 5190 Qﬁx_é.1_d.tsi
2804 5111 3733 5190 apt-079._Erasrnus-praetermis_it

2136 5182 2326 5243 vocem
2356 5185 2474 5239 οὐκ.
2511 5183 2708 5256 ϐοαθτ
2733 5185 2936 5256 Regius
2976 5183 3278 5256 l‘iabethoiax
3303 5182 3590 5256 Δἐλάλησεν
3635 5186 3732 5238 αὐ-

2134 5256 2444 5361 εοξς.ιιη1.ι·α
2480 5255 2651 5310 codex
2685 5252 2886 5325 Regius
2917 5252 3114 5326 δηλῶν,
3142 5253 3223 5306 ὅτι
3263 5252 3364 5307 οὐκ
3399 5252 3508 5306 εἰσὶ
3544 5269 3731 5328 παρα-

2139 5329 2323 5489 mgis
2340 5334 2783 5489 ι’ἓίιλοιὼσῂωμενι.
2805 5413 2985 5489 Codex
2997 5411 3505 5489 “cantabrigiensis,
3535 5411 3728 5489 ὁμοιώ-

2142 5482 2327 5559 σομεν,
2357 5482 2572 5568 equos~
2587 5482 2719 5568 loco
2742 5482 3024 5555 παραϐολῇ
3052 5482 3257 5552 θῶμεν,
3286 5482 3446 5538 unica
3473 5482 3604 5539 voce
3631 5483 3723 5537 ba-

2142 5554 2234 5614 bet
2256 5554 2747 5628 παραϐοληθῶμεν.
2826 5554 2832 5555 “
3496 5622 3522 5636 _

2212 5627 2329 5705 es.)
2355 5623 2731 5705 ἐξαραφλῆς-
2747 5622 2942 5705 ,(ἶοιιεξ
2974 5620 3201 5705 Reuss.
3230 5624 3619 5705 παρεσολξενο..

2236 5628 2329 5695 55)
2355 5628 2731 5693 Παραϐολῆς.
2757 5628 2941 5679 Codex
2976 5628 3201 5693 Regius,
3234 5628 3581 5698 παραϐολῶν.

2212 5628 2326 5769 ξπ)
2365 5693 2868 5763 Ἆπιᾶιαστολήν.
2902 5693 3085 5749 Codex
3113 5693 3335 5766 Regius,
3362 5695 3427 5750 ἂν
3447 5690 3645 5762 εἰδικῷ.
