4128 6500
347 336 454 390 διδ

1341 323 1689 381 ΟΟΜΜΕΝΤ.
1727 322 1793 379 ΙΝ
1837 320 2248 376 ΜΑΤιίιΑῑϋΜ
2288 320 2523 377 τοιιυε
2559 322 2625 376 Χ.

3528 336 3636 389 848

345 452 438 504 τὸν
471 444 854 518 κεκρυμμένον
881 443 938 497 ἐν
964 440 1112 511 αὐτῷ
1143 442 1435 515 θησαυρὸν,
1462 442 1554 494 καὶ
1583 442 1703 494 τίνα
1731 439 1930 512 τρόπον

2038 438 2212 504 illum,
2260 452 2509 491 seorsum
2557 436 2726 492 etiam
2763 441 3076 502 thesaurum
3110 450 3167 503 in
3211 450 3304 504 illo
3334 448 3627 503 abscondi-

348 539 524 612 εὑρὼν
556 538 748 592 τοῦτον
784 534 1169 609 κεκρυμμένον
1210 533 1301 587 τὸν
1334 533 1606 606 θησαυρὸν
1639 533 1749 605 (57)
1783 536 1812 586 ὀ
1840 533 1931 586 ἄν·

350 635 586 705 θρωπος,
615 629 723 683 ἀπὸ
750 628 847 699 τῆς
877 629 1053 699 χαρᾶς
1100 627 1283 681 ἄπεισι
1326 626 1421 678 καὶ
1452 625 1622 678 πωλεῖ
1658 626 1758 678 ὅσα
1795 624 1929 695 ἔχει,

351 725 438 778 ἵνα
466 721 713 794 ἀγοράσῃ
746 718 857 791 (58)
884 719 973 770 τὸν
1005 717 1175 788 ἀγρὸν
1198 716 1422 768 ἐκεῖνον.
1456 715 1726 786 Ζητητέον
1758 715 1815 767 δὲ
1840 716 1933 768 καὶ

350 816 468 871 τίνα
512 813 660 867 ἐστὶν
704 811 741 866 ἀ
790 811 977 864 πωλεῖ.
1009 812 1169 861 Δοκεῖ
1197 809 1259 879 δή
1293 826 1386 878 μοι
1418 807 1557 861 κατά
1607 805 1783 861 ταῦτα
1823 808 1931 878 (59)

350 907 519 980 ἀγρὸς
550 906 647 976 μὲν
684 899 821 957 εἶναι
849 905 882 974 ή
921 901 1112 971 Γραφὴ
1137 900 1604 968 καταφυτευθείσα
1634 904 1745 963 τοῖς
1772 917 1935 969 φανε-

355 1000 467 1068 ροῖς
511 994 620 1049 τῶν
667 992 847 1066 ῥητῶν
894 992 993 1060 τῆς
1047 992 1309 1061 ἱστορίας,
1340 991 1434 1043 καὶ
1479 989 1573 1043 τοῦ
1617 990 1803 1061 νόμου,
1839 992 1934 1044 καὶ

351 1087 458 1140 τῶν
504 1084 818 1159 προφητῶν,
851 1083 946 1137 καὶ
993 1080 1103 1133 τῶν
1155 1080 1356 1134 λοιπῶν
1399 1082 1715 1151 νοημάτων·
1765 1080 1935 1152 πολλὴ

353 1179 459 1251 γὰρ
493 1178 683 1248 φυτεία
714 1178 807 1230 καὶ
842 1176 1061 1247 ποικίλη
1095 1176 1214 1228 ἐστὶ
1256 1174 1348 1227 καὶ
1394 1176 1427 1244 ή
1480 1173 1589 1226 τῶν
1622 1173 1802 1245 ῥητῶν
1835 1174 1933 1244 τῆς

348 1271 476 1344 ὅλης
521 1272 561 1324 Γ
564 1271 743 1343 ραφῆς
763 1286 776 1299 ·
807 1272 836 1323 ό
876 1269 933 1323 δὲ
966 1267 1043 1339 τῷ
1086 1266 1241 1338 ἀγρῷ
1272 1266 1383 1338 (40)
1418 1265 1799 1339 κεκρυμμένος
1833 1265 1933 1337 ϐη-

353 1363 570 1435 σαυρὸς,
600 1360 669 1414 τά
699 1359 1170 1431 ἀποκεκρυμμένα
1198 1358 1291 1411 καὶ
1323 1358 1657 1429 ὑποκείμενα
1689 1361 1800 1421 τοῖς
1831 1375 1935 1427 φα-

350 1456 525 1526 νεροῖς
556 1454 802 1524 νοήματα
831 1454 929 1524 τῆς
963 1453 1153 1521 σοφίας
1181 1452 1240 1505 ὲν
1270 1450 1556 1522 μυστηρίῳ
1586 1451 1935 1521 ἀποκεκρυμ-

353 1545 542 1616 μένης,
581 1544 673 1596 καὶ
705 1542 783 1614 τῷ
800 1542 1056 1615 Χριστῷ,
1098 1562 1116 1594 ι
1150 1544 1209 1595 ὲν
1236 1536 1279 1610 ᾧ
1305 1543 1441 1595 εἰσιν
1470 1543 1517 1595 οἱ
1546 1540 1809 1611 θησαυροὶ
1835 1540 1934 1611 τῆς

352 1637 546 1706 σοφίας
584 1637 679 1691 καὶ
707 1635 962 1705 γνώσεως
993 1636 1102 1705 (Μ)
1132 1634 1460 1703 ἀπόκρυφοι.
1502 1652 1521 1683 ι
1562 1632 1753 1695 Ἀλλος
1791 1632 1836 1684 δ’
1867 1633 1933 1686 ἂν

350 1726 498 1797 λέγοι
530 1729 698 1800 ἀγρὸν
734 1728 832 1799 μὲν
862 1723 1001 1779 εἶναι
1037 1725 1126 1779 τὸν
1174 1723 1390 1793 ἀληθῶς
1438 1724 1641 1795 πλήρη,
1682 1723 1741 1776 ὃν
1790 1723 1935 1778 εύλό-

351 1838 490 1893 γησε
518 1820 742 1891 Κύριος,
776 1818 869 1871 τὸν
898 1815 1134 1886 Χριστὸν
1163 1813 1256 1868 τοῦ
1280 1813 1416 1867 Θεοῦ
1437 1832 1451 1844 ⁸
1480 1814 1571 1868 τὸν
1598 1815 1656 1867 δὲ
1684 1816 1740 1867 ἐν
1787 1815 1935 1885 αὐτῷ

349 1911 733 1984 κεκρυμμένον
764 1907 1038 1980 θησαυρὸν
1068 1906 1138 1960 τὰ
1166 1907 1432 1977 εἰρημένα
1458 1906 1611 1977 παρά
1641 1906 1718 1978 τῷ
1739 1907 1937 1979 Παύλῳ

351 2002 658 2074 κεκρύφθαι
715 2003 773 2054 ὲν
811 1997 1057 2072 Χριστῷ,
1107 1998 1320 2067 λέγοντι
1356 2000 1486 2070 περὶ
1540 1998 1781 2072 Χριστοῦ
1841 2000 1929 2053 τό·

358 2114 379 2146 ‹
401 2094 491 2148 Ἐν
505 2084 550 2159 ᾧ
569 2094 707 2147 εἰσιν
733 2093 783 2145 oi
810 2090 1073 2163 θησαυροὶ
1091 2090 1191 2161 τῆς
1220 2091 1429 2159 σοφίας,
1458 2089 1552 2145 καὶ
1567 2091 1668 2163 τῆς
1684 2090 1937 2160 γνώσεως

353 2184 682 2256 ἀπόκρυφοι.
735 2203 759 2236 ι
803 2184 884 2237 Τά
918 2182 1144 2254 οὐράνια
1182 2183 1363 2237 τοίνυν
1407 2182 1730 2254 πράγματα,
1767 2183 1862 2236 καὶ
1901 2185 1934 2254 ή

355 2275 604 2345 βασιλεία
645 2274 751 2329 τῶν
791 2273 1057 2346 οὐρανῶν,
1098 2274 1288 2345 ῶσπερ
1336 2276 1394 2328 ὲν
1426 2275 1594 2328 εικόνι
1624 2274 1934 2347 γέγραπται

350 2370 471 2431 ταῖς
501 2368 762 2439 Γραφαϊς,
794 2367 994 2432 αἵτινές
1019 2370 1158 2421 εἰσιν
1186 2368 1221 2439 ή
1255 2366 1497 2438 βασιλεία
1522 2367 1630 2422 τῶν
1667 2368 1930 2438 οὐρανῶν,

350 2459 384 2530 ἢ
422 2459 584 2525 αὐτός
630 2461 777 2512 ἐστιν
806 2461 834 2513 ὁ
868 2459 1101 2531 Χριστὸς
1130 2460 1159 2512 ό
1191 2458 1443 2529 βασιλεὺς
1483 2458 1591 2513 τῶν
1633 2458 1868 2527 αἰώνων,
1898 2462 1933 2533 ή

352 2550 596 2619 βασιλεία
622 2551 731 2606 τῶν
761 2550 1023 2624 οὐρανῶν,
1047 2551 1379 2623 ὡμοιωμένη
1415 2550 1678 2623 Θησαυρῷ
1699 2568 1937 2624 κεκρυμ-

353 2642 501 2712 μένῳ
534 2645 593 2696 ὲν
621 2643 701 2714 τῷ
735 2642 908 2714 ἀγρῷ.

424 2735 718 2804 Γενόμενος
766 2734 821 2787 δὲ
868 2733 1010 2788 κατά
1038 2734 1130 2787 τὸν
1174 2734 1358 2797 τόπον,
1405 2734 1662 2806 ζητήσεις
1706 2736 1934 2810 πότερον

347 2826 381 2895 ή
417 2823 659 2895 βασιλεία
690 2822 799 2877 τῶν
839 2823 1084 2896 οὐρανῶν
1127 2824 1273 2895 μόνῳ
1302 2824 1379 2896 τῷ
1413 2824 1671 2898 θησαυρῷ
1716 2827 1934 2900 ὡμοίων

349 2932 438 2971 ται
462 2915 540 2988 τῷ
566 2915 937 2988 κεκρυμμένῳ
970 2917 1027 2969 ὲν
1059 2916 1137 2988 τῷ
1160 2916 1314 2989 ἀγρῷ
1332 2957 1346 2982 ,
1373 2917 1448 2982 ὡς
1472 2918 1629 2973 ἀλλον
1659 2918 1771 2991 (42)
1793 2922 1933 2974 νοεῖν

349 3006 449 3077 τῆς
481 3005 756 3075 βασιλείας
789 3006 878 3061 τὸν
909 3006 1110 3077 ἀγρόν⁹
1142 3008 1176 3079 ἢ
1206 3007 1313 3078 ὅλῳ
1344 3009 1519 3080 τούτῳ
1536 3008 1811 3080 ὡμοίωται
1840 3010 1935 3083 θη-

2040 539 2177 594 tnm,
2201 538 2385 598 etquo
2411 537 2569 598 pacto
2601 529 2770 585 homo
2797 531 2884 587 ille
2906 536 3000 604 qui
3033 537 3353 593 thesaurum
3381 540 3622 593 abscon-

2037 622 2209 675 ditum
2248 621 2474 690 reperit,
2512 620 2670 674 abeat
2720 637 2828 690 pra:
2877 627 3097 695 gaudio,
3126 630 3437 696 vendatque
3474 632 3623 694 bona

2037 730 2160 784 qua:
2194 714 2437 783 possidet
2474 712 2751 778 universa,
2786 722 2846 766 ut
2888 730 3078 784 agrum
3118 717 3270 771 illum
3307 718 3412 773 sibi
3446 730 3613 781 emat.

2037 804 2401 870 Quazrendum
2428 802 2594 858 etiam
2627 812 2709 858 est
2741 820 2990 874 quzenam
3023 821 3086 858 ea
3117 806 3228 860 sint
3257 824 3379 875 quae
3410 812 3615 870 vendit.

2039 895 2267 952 Videtur
2305 904 2488 951 autem
2536 894 2667 949 mihi
2704 897 3002 950 secundum
3046 898 3160 951 hare
3186 914 3313 969 ager
3343 899 3431 955 ille
3473 899 3621 957 Scri.

2039 996 2197 1057 ptura
2232 1002 2357 1042 esse
2389 988 2601 1042 consita
2630 986 2697 1041 iis
2730 1002 2852 1056 quas
2895 988 3181 1056 perspicua
3212 999 3337 1043 sunt
3368 989 3532 1062 447
3564 995 3617 1051 in

2040 1079 2279 1133 historia:
2304 1078 2504 1145 verbis,
2535 1092 2589 1133 et
2620 1080 2773 1150 legis,
2798 1087 2852 1133 et
2874 1079 3284 1149 prophetarum,
3314 1090 3369 1136 et
3396 1084 3624 1156 reliquis

2040 1169 2343 1225 sententiis.
2396 1169 2633 1240 Copiosa
2664 1171 2865 1241 quippe
2902 1180 2956 1226 et
2993 1172 3143 1226 varia
3174 1174 3314 1227 satio
3340 1184 3424 1229 est
3454 1175 3622 1233 totius

2041 1258 2337 1328 Scriptura:
2359 1262 2683 1316 verborum:
2710 1262 3002 1318 thesaurus
3027 1273 3209 1319 autem
3244 1264 3297 1318 in
3323 1281 3457 1336 agro
3491 1267 3621 1322 abs-

2045 1351 2320 1418 conditus,
2360 1353 2558 1407 occulti
2593 1362 2792 1409 suntet
2816 1355 2919 1409 sub
2945 1355 3252 1426 perspicuis
3288 1358 3466 1414 verbis
3495 1359 3622 1414 abso

2039 1442 2176 1498 trusi
2209 1458 2407 1499 sensus
2463 1444 2747 1513 sapientia:
2775 1445 3145 1501 delitescentis
3174 1447 3227 1503 in
3261 1451 3541 1521 mysterio,
3565 1460 3622 1509 et

2036 1531 2283 1596 Christo,
2321 1551 2339 1584 ι
2384 1533 2437 1588 in
2470 1549 2582 1604 quo
2611 1543 2740 1588 sunt
2765 1550 2957 1591 omnes
2993 1537 3232 1593 thesauri
3261 1542 3540 1610 sapientiae
3564 1554 3620 1598 et

2039 1623 2283 1677 scientia:
2323 1624 2630 1680 absconditi
2660 1626 2725 1680 ’⁸.
2762 1645 2782 1677 ›
2819 1627 2968 1682 Alter
2992 1639 3172 1685 autem
3205 1632 3403 1688 dixerit
3424 1650 3617 1704 agrum

2040 1717 2189 1771 illum
2237 1732 2359 1771 esse
2405 1732 2589 1771 revera
2631 1717 2873 1787 plenum,
2909 1718 2996 1772 cui
3027 1721 3301 1776 benedixit
3329 1722 3618 1791 Dominus,

2037 1807 2317 1861 Christum
2343 1806 2437 1862 Dei
2462 1850 2477 1875 ,
2506 1807 2824 1863 thesaurum
2854 1824 2982 1864 vero
3009 1810 3063 1864 in
3093 1812 3184 1865 illo
3210 1813 3618 1881 absconditum,

2037 1914 2100 1953 ea
2131 1913 2252 1954 esse
2283 1915 2405 1970 qua:
2439 1901 2491 1953 in
2522 1897 2742 1955 Christo
2778 1903 3017 1971 reposita
3070 1918 3192 1958 esse
3236 1903 3373 1960 dixit
3415 1904 3620 1966 Paulus

2039 1992 2117 2047 sic
2144 1992 2372 2063 loqu‘ens
2396 1994 2462 2048 de
2487 1992 2706 2050 Christo
2733 1994 2816 2051 ":
2847 2013 2865 2046 ι
2896 1995 2955 2050 1η
2987 2010 3096 2066 quo
3119 2005 3249 2052 sunt
3278 2012 3470 2054 onmes
3494 1999 3618 2057 the-

2039 2086 2186 2141 sauri
2236 2087 2517 2156 sapientiae
2555 2099 2609 2142 et
2650 2088 2894 2144 scientia:
2920 2089 3248 2144 abseonditi.
3289 2110 3307 2142 ι
3352 2092 3460 2148 Res
3489 2108 3622 2162 pro-

2039 2175 2182 2232 fecto
2241 2179 2511 2245 caelestes,
2559 2180 2850 2252 ipsumque
2897 2182 3033 2237 adeo
3075 2182 3339 2239 caelorum
3389 2201 3618 2256 regnum

2039 2277 2300 2340 tanquam
2334 2271 2387 2325 in
2414 2272 2674 2344 imagine,
2710 2274 2791 2329 sic
2817 2273 2871 2328 in
2903 2272 3202 2343 Scripturis
3226 2287 3621 2346 repraesentem

2037 2368 2146 2425 tur,
2180 2363 2301 2429 quro
2349 2361 2570 2430 quidem
2608 2369 2737 2415 sunt
2769 2376 2996 2432 regnum
3029 2362 3329 2428 cmlorum,
3368 2363 3452 2417 vel
3497 2364 3620 2434 ipse

2038 2449 2291 2506 Christus
2320 2452 2647 2508 saeculorum
2681 2467 2798 2515 rex,
2827 2467 3052 2522 regnum
3094 2454 3360 2508 cmlorum
3387 2464 3472 2509 est
3501 2455 3620 2511 the—

2040 2557 2205 2598 sauro
2236 2543 2290 2599 in
2328 2557 2460 2615 agro
2494 2543 2817 2598 abscondito
2844 2544 3226 2601 assimilattrm.

2106 2724 2160 2781 6.
2193 2725 2414 2793 Quzeres
2438 2735 2640 2791 autem,
2665 2734 2953 2797 postquam
2992 2727 3059 2783 ad
3100 2728 3247 2785 hunc
3283 2727 3461 2785 locum
3496 2745 3623 2803 per-

2037 2821 2252 2874 veneris
2286 2861 2301 2885 ,
2356 2828 2538 2874 utrum
2597 2836 2823 2891 regnum
2883 2821 3145 2877 ccelorum
3205 2821 3306 2877 soli
3362 2823 3621 2880 thesauro

2038 2912 2361 2967 abscondito
2410 2912 2772 2967 assimilatum
2818 2913 2910 2979 sit,
2957 2923 3018 2968 ut
3046 2913 3194 2969 aliud
3232 2915 3361 2985 quid
3392 2932 3422 2970 a
3449 2931 3620 2986 regno

2035 3017 2157 3059 esse
2190 3019 2320 3074 ager
2359 3003 2644 3074 ﬁngendus
2674 3004 2746 3059 sit
2779 3023 2793 3059 :
2828 3020 2897 3060 an
2933 3005 3029 3060 toti
3078 3005 3209 3062 huic
3254 3008 3617 3065 assimilatum

353 3097 539 3169 σαυρῷ
572 3097 937 3170 κεκρυμμένῳ
976 3099 1034 3151 ὲν
1066 3097 1145 3169 τῷ
1183 3099 1359 3171 ἀγρῷ,
1394 3100 1470 3164 ὡς
1501 3100 1598 3172 τὴν
1626 3101 1736 3155 τῶν
1768 3104 1931 3175 ούρα-

2036 3095 2109 3151 sit
2142 3096 2400 3153 thesauro
2430 3097 2753 3153 abscondito
2788 3097 2843 3153 in
2876 3113 3029 3171 agro,
3060 3098 3135 3155 ita
3165 3108 3225 3155 ut
3253 3116 3482 3173 regnum
3507 3119 3621 3160 cm-

347 3188 456 3242 νῶν
484 3188 761 3258 βασιλείαν
790 3189 932 3259 ἔχειν
955 3189 1096 3242 κατά
1117 3191 1216 3261 τὴν
1234 3191 1491 3261 ὁμοίωσιν
1516 3192 1715 3246 καὶτὸν
1736 3194 1924 3266 ἀγρὸν,

350 3280 447 3334 καὶ
471 3280 563 3334 τον
595 3281 977 3352 κεκρυμμένον
1010 3284 1069 3335 ὲν
1094 3281 1173 3352 τῷ
1206 3282 1360 3353 ἀγρῷ
1391 3283 1685 3357 θησαυρόν.
1728 3285 1929 3341 Ἐλθὼν

349 3367 406 3423 δέ
429 3385 513 3433 τις
533 3368 818 3441 ἄνθρωπος
837 3372 916 3433 είς
933 3371 1025 3423 τὸν
1061 3370 1250 3442 ἀγρὸν,
1294 3371 1405 3424 εἴτε
1428 3370 1527 3435 τὰς
1550 3372 1770 3443 Γραφάς
1792 3374 1926 3447 (45),

348 3460 458 3514 εἴτε
490 3460 580 3514 τὸν
614 3462 847 3533 Χριστὸν
877 3463 967 3516 τὸν
992 3463 1058 3516 ὲκ
1096 3462 1345 3535 φανερῶν
1377 3464 1472 3516 κα)⁸
1512 3465 1770 3536 κρυπτῶν
1801 3484 1929 3521 συν-

350 3555 640 3624 εστηκότα,
705 3554 945 3624 εὑρίσκει
989 3554 1080 3608 τὸν
1142 3555 1528 3628 κεκρυμμένον
1587 3557 1685 3627 τῆς
1737 3558 1929 3628 σοφίας

349 3645 623 3717 θησαυρὸν
649 3644 758 3699 εἴτε
777 3648 836 3699 ὲν
862 3646 1082 3717 Χριστῷ
1103 3647 1211 3700 εἴτε
1235 3650 1293 3700 ἐν
1315 3650 1431 3712 ταῖς
1464 3648 1729 3719 Γραφαίς
1758 3650 1930 3719 ἐμπε-

352 3737 701 3809 ριερχόμενος
728 3737 837 3810 γάρ
860 3738 949 3791 τὸν
980 3739 1168 3811 ἀγρὸν,
1191 3738 1286 3792 καὶ
1309 3739 1543 3811 ἐρευνῶν
1562 3743 1662 3804 τὰς
1685 3736 1926 3814 Γραφάς,

350 3829 445 3883 ita).
471 3827 649 3900 ζητῶν
681 3828 870 3902 νοῆσαι
894 3830 989 3883 τὸν
1010 3832 1267 3905 Χριστὸν,
1295 3833 1541 3904 εὑρίσκει
1564 3832 1656 3886 τὸν
1689 3834 1748 3886 ὲν
1781 3833 1931 3905 αὐτῷ

351 3920 641 3994 Θησαυρὸν,
687 3922 780 3976 καὶ
822 3921 997 3995 εὑρὼν
1042 3922 1295 3994 κρύπτει,
1347 3925 1449 3978 οὑκ
1487 3923 1742 3980 ἀκίνδυνα
1792 3922 1929 3980 εἶναι

349 4016 580 4088 νομίζων
608 4016 677 4071 τά
710 4016 814 4070 τῶν
846 4016 1079 4089 Γραφῶν
1112 4016 1398 4090 ἀπόρρητα
1436 4021 1701 4092 νοήματα,
1739 4021 1773 4094 ή
1806 4022 1931 4087 τοὺς

351 4112 411 4163 ὲν
441 4109 660 4182 Χριστῷ
693 4109 1001 4182 θησαυροὺς
1026 4109 1216 4179 σοφίας
1242 4111 1346 4165 καὶ·
1368 4110 1622 4180 γνώσεως
1650 4114 1929 4182 ἐκφαίνειν

349 4205 462 4266 τοῖς
496 4201 739 4274 τυχοῦσι,
770 4203 863 4256 καὶ
894 4200 1108 4273 κρύψας
1153 4203 1360 4267 ἄπεισι,
1407 4204 1931 4276 πραγματευόμενος

353 4293 468 4358 πῶς
500 4293 761 4365 ἀγοράσει
801 4292 912 4365 (44)
947 4292 1038 4346 τὸν
1071 4292 1261 4363 ἀγρὸν,
1293 4293 1411 4363 ἢτοι
1442 4292 1541 4356 τὰς
1570 4293 1812 4366 Γραφάς,
1841 4295 1929 4348 ἴνα

353 4383 480 4438 ὤιον
504 4384 693 4455 κτῆμα
721 4384 890 4449 αὐτὰς
914 4384 1039 4454 (45)
1070 4385 1290 4455 ποιήσῃ,
1340 4383 1521 4438 λαϐὼν
1549 4386 1661 4440 ἀπὸ
1685 4387 1795 4441 τῶν
1832 4386 1927 4440 τοῦ

2034 3189 2212 3243 lorum
2259 3188 2418 3259 juxta
2469 3189 2910 3257 similitudinem,
2947 3199 3003 3246 et
3040 3207 3265 3264 agrum,
3299 3202 3356 3249 et
3397 3193 3453 3249 in
3488 3211 3621 3268 agro

2031 3282 2410 3338 absconditum
2476 3285 2795 3340 thesaurum
2863 3286 3310 3355 comprehendat.
3379 3285 3620 3345 Veniens

2031 3385 2214 3430 autem
2247 3377 2412 3431 homo
2455 3376 2654 3446 aliquis
2699 3377 2755 3433 in
2785 3392 3000 3448 agrum,
3039 3378 3156 3434 sive
3190 3380 3282 3435 ille
3305 3396 3437 3451 ager
3472 3380 3621 3441 Scri-

2028 3478 2205 3538 ptum
2234 3468 2363 3534 sint,
2395 3468 2512 3524 sive
2537 3468 2814 3533 Christus,
2855 3469 2949 3540 qui
2984 3485 3049 3525 cx
3094 3471 3402 3529 manifestis
3435 3482 3490 3529 et
3532 3490 3623 3531 re~

2032 3559 2268 3614 conditis
2297 3568 2529 3624 constat,
2556 3560 2758 3630 reperit
2785 3562 3059 3617 occultum
3093 3563 3375 3632 sapientiae
3399 3565 3620 3623 thesau-

2036 3666 2188 3717 rum,
2239 3652 2354 3707 sive
2394 3653 2448 3708 in
2486 3653 2739 3721 Christo,
2786 3654 2901 3710 sive
2941 3655 2995 3708 in
3037 3653 3357 3727 Scripturis.
3410 3658 3616 3728 Agrum

2031 3744 2179 3798 enim
2220 3745 2581 3810 circumiens,
2628 3756 2683 3802 et
2724 3747 3033 3816 Scripturas
3075 3758 3461 3819 perscrutans,
3501 3761 3614 3809 stlt-

2033 3833 2276 3904 densque
2312 3834 2593 3891 Christum
2644 3836 2831 3891 animo
2874 3838 3356 3908 comprehendere,
3392 3841 3615 3896 thesau-

2032 3942 2154 3980 rum
2187 3926 2281 3996 qui
2316 3925 2371 3979 in
2418 3939 2484 3981 eo
2523 3935 2608 3981 est
2630 3926 2851 3997 reperit,
2892 3937 3279 3998 repertumque
3307 3930 3614 3999 abscondit,

2034 4031 2144 4070 non
2174 4024 2293 4071 tuto
2319 4014 2639 4072 existimans
2683 4017 2927 4074 occultos
2952 4015 3359 4089 Scripturarum
3399 4036 3619 4095 sensus,

2031 4115 2088 4162 et
2130 4108 2421 4165 thesauros
2468 4108 2747 4179 sapientia
2783 4116 2838 4167 et
2886 4109 3125 4168 scientia
3159 4112 3252 4181 qui
3300 4111 3356 4167 in
3400 4114 3619 4171 Christo

2032 4207 2194 4265 sunt,
2241 4200 2417 4255 obviis
2454 4200 2763 4271 quibusque
2793 4201 3150 4272 depromere;
3195 4216 3369 4272 eoque
3398 4202 3616 4257 demum

2032 4293 2353 4349 abscondito
2379 4292 2629 4359 discedit,
2661 4301 2912 4364 satagens
2933 4293 3206 4362 quomodo
3236 4309 3425 4363 agrum
3450 4302 3618 4359 emat,

2035 4384 2141 4441 hoc
2176 4393 2260 4440 est
2291 4382 2634 4457 Seripturas,
2673 4393 2735 4442 ut
2771 4399 2866 4440 cas
2903 4384 3067 4441 faciat
3093 4385 3367 4456 propriam
3393 4401 3618 4456 posses-

350 4474 485 4530 Θεοῦ
512 4476 580 4532 τά
604 4476 759 4547 λόγια
784 4475 877 4530 τοῦ
909 4474 1068 4540 Θεοῦ,
1099 4473 1137 4529 ἀ
1165 4475 1379 4545 πρῶτον
1415 4476 1660 4530 Ἰουδαῖοι
1686 4478 1931 4531 ἐπιστεύ-

2035 4476 2280 4542 sionem,
2308 4491 2432 4531 cum
2476 4491 2544 4531 ex
2576 4476 2645 4531 iis
2673 4476 2769 4548 qui
2817 4475 2909 4532 Dei
2953 4485 3083 4532 sum.
3125 4477 3394 4547 acceperit
3434 4477 3616 4533 divina

352 4565 543 4640 θησαν·
579 4568 673 4621 καὶ
707 4566 1078 4641 ἀγοράσαντος
1109 4565 1204 4620 τοῦ
1238 4565 1672 4639 μαθητευθέντος
1704 4568 1929 4641 Χριστῷ

350 4658 443 4712 τὸν
470 4658 659 4731 ἀγρὸν,
696 4677 716 4710 ι
764 4661 1078 4730 ἀφαιρεῖται
1111 4659 1205 4713 ἀπ’
1230 4660 1456 4714 ἐκείνων
1481 4662 1514 4731 ἡ
1560 4659 1805 4731 βασιλεία
1832 4660 1928 4714 τοῦ

349 4749 507 4816 Θεοῦ,
556 4768 577 4803 ι
613 4750 734 4821 ἥτις
763 4752 880 4804 ἐστὶ
916 4752 1036 4804 κατ’
1077 4749 1243 4823 ἀλλην
1291 4750 1606 4824 παραϐολὴν
1644 4751 1926 4822 ἀμπελὼν,

421 4865 468 4898 ⁵⁸
494 4863 681 4921 Colos.
718 4881 778 4931 ll,
817 4866 871 4921 5.
950 4867 992 4898 ”
1027 4866 1158 4922 ibid.
1236 4866 1282 4898 '°
1310 4865 1469 4923 Rom.
1499 4883 1582 4931 ιιι,
1615 4866 1670 4923 2.

427 4975 541 5046 (37)
576 4976 797 5047 Τοῦτον
825 4976 1238 5047 κεκρυμμένον
1263 4975 1372 5032 τὸν
1389 4975 1928 5047 ﬂnaavpo'r._Codcx

352 5043 579 5119 Regius,
611 5046 702 5119 τὸν
745 5043 1127 5119 κεκρυμμένον
1174 5043 1466 5119 Θησαυρόνζ
1499 5043 1682 5104 Codex
1718 5045 1926 5116 Turini,

349 5115 539 5170 τοῦτον
575 5117 667 5171 τὸν
690 5115 1075 5199 κεκρυμμένον
1106 5115 1399 5242 θησαυρόν.

425 5186 537 5242 (38)
568 5186 750 5242 Codex
811 5186 998 5242 Tartm
1059 5199 1225 5242 recte.
1318 5205 1399 5242 γοι

425 5186 750 5263 (38)_Codex
799 5185 1006 5263 Turini;
1059 5185 1225 5253 recte,
1266 5185 1547 5263 ἀγοράσῃ,
1578 5185 1828 5263 _Hue_tiu_s
1873 5186 1927 5263 in

351 5265 502 5330 textu
549 5256 830 5330 ἀγοράσει.
877 5255 1047 5330 gaulo
1090 5266 1214 5330 post
1265 5255 1660 5330 Huetius"r£va
1702 5258 1851 5311 ἐστὶν
1894 5258 1930 5312 ἃ

351 5327 531 5397 πωλῇ,
560 5327 668 5383 sed
688 5330 854 5397 codex
888 5327 1071 5383 Turini
1094 5327 1214 5385 τίνα
1244 5329 1391 5384 ἐστὶν
1421 5328 1458 5384 ἃ
1485 5329 1672 5391 πωλεῖ,
1707 5330 1925 5397 melius.

426 5394 538 5465 (39)
564 5399 742 5453 Δοκεῖ
760 5396 837 5464 δή
859 5415 962 5468 μοι
986 5402 1138 5453 κατὰ
1161 5400 1368 5467 ταῦτα,
1399 5408 1504 5458 etc.
1555 5397 1690 5454 Vide
1733 5394 1927 5453 ﬂieroo

350 5481 576 5536 nyrnum
602 5470 655 5522 in
693 5469 838 5523 hunc
870 5468 1058 5524 Matth.
1093 5468 1293 5527 locum.

446 5535 537 5612 Ψ)
565 5537 650 5612 1ζῴ
672 5537 851 5612 ἀῃρῷ.
878 5537 1189 5612 [tegendum
1222 5540 1454 5612 videtur,
1480 5538 1540 5612 ὲν
1570 5538 1648 5612 τῷ
1680 5537 1855 5612 ἀγρῷ.

426 5606 537 5679 (41)
567 5606 793 5678 togatae
831 5609 931 5664 καὶ
961 5606 1276 5679 ’γνώσεωᾳ
1328 5606 1385 5662 ln
1429 5608 1553 5664 cod.
1582 5606 1930 5681 Regio'deest

423 5677 449 5728 1
471 5676 745 5728 γνώσεως.

350 5693 449 5730 και
471 5693 745 5745 γνωσεως.
1820 5740 1827 5745 .

425 5694 449 5728 ι
471 5694 745 5746 γνωσεως.
1820 5740 1827 5745 .

425 5746 536 5813 (42)
580 5747 677 5801 ‘Er
718 5746 798 5817 τῷ
840 5747 1019 5817 dmi?»
1065 5750 1147 5816 ὡς
1185 5749 1407 5816 ἄλλον,
1443 5757 1548 5806 etc.
1586 5746 1663 5804 Ita
1697 5749 1929 5806 habebat

2030 4568 2253 4624 oracula
2311 4584 2434 4640 qua:
2483 4568 2719 4638 primum
2771 4567 3086 4625 Iudaeorum
3142 4570 3264 4625 fidei
3321 4572 3617 4630 commissa

2033 4666 2163 4715 sunt
2195 4658 2260 4712 ³ο.
2297 4656 2659 4729 Posteaquam
2692 4667 2873 4714 autem
2920 4673 3111 4728 agrum
3148 4655 3341 4713 emerit
3378 4657 3426 4713 is
3457 4658 3553 4728 qui
3583 4675 3615 4712 a

2029 4748 2249 4805 Christo
2274 4749 2558 4826 praeceptis
2593 4748 2837 4811 imbutus
2881 4757 3003 4817 est,
3049 4767 3069 4801 ι
3118 4746 3365 4809 aufertur
3397 4749 3469 4806 ab
3506 4748 3618 4807 illis

2032 4974 2213 5046 Regia:
2246 4975 2590 5031 bibliothecae
2614 4977 2807 5041 codex,
2839 4989 2961 5046 quae
2983 4975 3148 5046 l_eetio
3176 4973 3472 5046 verissima
3493 4981 3613 5043 est;

2031 5044 2233 5115 alioqui
2263 5060 2459 5115 sensus
2490 5061 2600 5100 non
2630 5054 2865 5101 constat.
2888 5045 2959 5099 At
2981 5044 3269 5115 Erasmus,
3295 5054 3349 5099 et
3376 5045 3548 5099 codex
3580 5060 3612 5099 a

2031 5131 2119 5172 me
2150 5113 2215 5171 ex
2264 5114 2561 5186 Holmiensi
2602 5115 2910 5186 descriptus
2925 5115 3055 5186 haec
3087 5113 3249 5186 verba
3280 5115 3613 5186 praetermit-

2031 5194 2153 5259 tunt
2183 5203 2204 5243 ι
2228 5186 2304 5259 ᾡς
2331 5184 2488 5259 ἀλλον
2512 5188 2651 5259 νοεῖν
2676 5184 2788 5259 τῆς
2789 5183 3076 5254 βασιλείας
3103 5184 3194 5259 τὸν
3219 5183 3410 5259 ἀγρόν·
3442 5183 3476 5259 ᾖ
3505 5184 3614 5259 ὃλέρ

2028 5255 2202 5330 τούτῳ
2230 5255 2506 5329 ὡμοίωται
2540 5253 3195 5330 θησαυρῷ-κεκρυμμένῳ
3233 5253 3398 5330 me
3430 5253 3608 5327 ἀγρῷ.

2030 5325 2108 5381 Ex
2145 5325 2551 5395 p‘ostremarum
2579 5325 2785 5381 scilicet
2817 5325 3079 5382 harumce
3107 5325 3301 5379 vocum
3328 5325 3613 5395 iteratione

2030 5393 2417 5477 pretermissio
2446 5396 2551 5477 illa
2598 5395 2853 5477 contigit;
2886 5396 3030 5466 quod
3066 5403 3352 5477 peccatum
3389 5393 3455 5448 iis
3496 5393 3610 5448 fre-

2031 5461 2208 5538 quens
2236 5475 2342 5530 cst,
2368 5467 2459 5536 qui
2492 5480 2624 5521 mss.
2651 5461 2868 5520 codices
2902 5461 3241 5520 inscribunt.
3272 5461 3536 5546 “uerius.

2031 5534 2403 5659 “(@0332
2577 5534 2844 5604 Γραφὰς,
2875 5542 2981 5590 etc.
3022 5532 3210 5589 Codex
3250 5530 3459 5600 Taruu,
3482 5523 3612 5611 εὗρε

2328 5551 2393 5591 τε
2436 5551 2544 5602 τας
2577 5551 2844 5602 (papae,
2875 5551 2981 5590 etc.
3022 5551 3210 5589 boue:
3259 5551 3459 5600 tamn,

2030 5605 2130 5672 τὰς
2158 5605 2403 5676 Γραφὰς,
2433 5615 2539 5676 etc.

2102 5671 2217 5819 (44)
2254 5671 2569 5743 Ἆγοράσει.
2592 5673 2770 5731 Codex
2801 5671 3012 5734 Tarin...
3041 5673 3308 5748 ἀγοράσῃ,

2129 5743 2220 5817 45)
2248 5742 2466 5817 Αὐτάς.
2493 5744 2635 5802 Idem
2667 5745 2858 5809 codex,
2889 5743 3069 5810 αὑτός.

2129 5743 2220 5817 45)
2248 5742 2466 5817 Αὐτάς.
2493 5744 2635 5802 Idem
2667 5745 2858 5809 codex,
2889 5743 3069 5810 αὑτός.
