  <div class='ocr_page' id='page_1' title='image "/cluster/home/n/w/nwhite01/storage/ocr_20150623/13:no.3/coo.31924054872910/437.png"; bbox 0 0 4128 6490; ppageno 0'>
   <div class='ocr_carea' id='block_1_1' title="bbox 336 424 440 481">
    <p class='ocr_par' dir='ltr' id='par_1_1' title="bbox 336 424 440 481">
     <span class='ocr_line' id='line_1_1' title="bbox 336 424 440 481; baseline 0.029 -3"><span class='ocrx_word' id='word_1_1' title='bbox 336 424 440 481; x_wconf 74' lang='lat'><strong>859</strong></span> 
     </span>
    </p>
   </div>
   <div class='ocr_carea' id='block_1_2' title="bbox 1800 416 2127 475">
    <p class='ocr_par' dir='ltr' id='par_1_2' title="bbox 1800 416 2127 475">
     <span class='ocr_line' id='line_1_2' title="bbox 1800 416 2127 475; baseline -0.009 0"><span class='ocrx_word' id='word_1_2' title='bbox 1800 416 2127 475; x_wconf 68' lang='lat' dir='ltr'><strong>ORIGENIS</strong></span> 
     </span>
    </p>
   </div>
   <div class='ocr_carea' id='block_1_3' title="bbox 3489 425 3595 483">
    <p class='ocr_par' dir='ltr' id='par_1_3' title="bbox 3489 425 3595 483">
     <span class='ocr_line' id='line_1_3' title="bbox 3489 425 3595 483; baseline 0.038 -4"><span class='ocrx_word' id='word_1_3' title='bbox 3489 425 3595 483; x_wconf 79' lang='lat'><strong>860</strong></span> 
     </span>
    </p>
   </div>
   <div class='ocr_carea' id='block_1_4' title="bbox 337 535 1929 621">
    <p class='ocr_par' dir='ltr' id='par_1_4' title="bbox 337 540 1919 611">
     <span class='ocr_line' id='line_1_4' title="bbox 337 540 1919 611; baseline -0.002 -13"><span class='ocrx_word' id='word_1_4' title='bbox 337 544 468 598; x_wconf 89' lang='lat' dir='ltr'><strong>item</strong></span> <span class='ocrx_word' id='word_1_5' title='bbox 499 561 514 597; x_wconf 90' lang='lat'><strong>:</strong></span> <span class='ocrx_word' id='word_1_6' title='bbox 545 543 590 598; x_wconf 89' lang='lat' dir='ltr'><strong>si</strong></span> <span class='ocrx_word' id='word_1_7' title='bbox 634 558 764 598; x_wconf 89' lang='lat' dir='ltr'><strong>vero</strong></span> <span class='ocrx_word' id='word_1_8' title='bbox 798 556 953 597; x_wconf 87' lang='lat' dir='ltr'><strong>cerea</strong></span> <span class='ocrx_word' id='word_1_9' title='bbox 990 541 1062 596; x_wconf 85' lang='lat' dir='ltr'><strong>sit</strong></span> <span class='ocrx_word' id='word_1_10' title='bbox 1090 540 1293 611; x_wconf 79' lang='lat' dir='ltr'><strong>elligies</strong></span> <span class='ocrx_word' id='word_1_11' title='bbox 1321 583 1335 607; x_wconf 92' lang='lat'><strong>,</strong></span> <span class='ocrx_word' id='word_1_12' title='bbox 1377 550 1671 611; x_wconf 89' lang='lat' dir='ltr'><strong>utrumque</strong></span> <span class='ocrx_word' id='word_1_13' title='bbox 1700 556 1919 595; x_wconf 84' lang='lat' dir='ltr'><strong>servare</strong></span> 
     </span>
    </p>
   </div>
   <div class='ocr_carea' id='block_1_5' title="bbox 2033 535 3595 621">
    <p class='ocr_par' dir='ltr' id='par_1_5' title="bbox 2033 535 3595 621">
     <span class='ocr_line' id='line_1_5' title="bbox 2033 535 3595 621; baseline 0.001 -27"><span class='ocrx_word' id='word_1_14' title='bbox 2033 540 2316 610; x_wconf 68' lang='grc' dir='ltr'>ὲκμαγεῐον</span> <span class='ocrx_word' id='word_1_15' title='bbox 2350 539 2575 610; x_wconf 78' lang='grc' dir='ltr'>γένηται</span> <span class='ocrx_word' id='word_1_16' title='bbox 2596 579 2610 603; x_wconf 91' lang='grc'><strong>,</strong></span> <span class='ocrx_word' id='word_1_17' title='bbox 2633 535 2849 621; x_wconf 50' lang='grc' dir='ltr'>,σώζειν</span> <span class='ocrx_word' id='word_1_18' title='bbox 2876 538 2976 609; x_wconf 79' lang='grc' dir='ltr'>μὲν</span> <span class='ocrx_word' id='word_1_19' title='bbox 2998 540 3257 612; x_wconf 81' lang='grc' dir='ltr'>πειρᾶται</span> <span class='ocrx_word' id='word_1_20' title='bbox 3284 539 3595 615; x_wconf 82' lang='grc' dir='ltr'>ἀμφότερα,</span> 
     </span>
    </p>
   </div>
   <div class='ocr_carea' id='block_1_6' title="bbox 339 632 1917 702">
    <p class='ocr_par' dir='ltr' id='par_1_6' title="bbox 339 632 1917 702">
     <span class='ocr_line' id='line_1_6' title="bbox 339 632 1917 702; baseline -0.001 -14"><span class='ocrx_word' id='word_1_21' title='bbox 339 644 608 701; x_wconf 87' lang='lat' dir='ltr'><strong>conatur;</strong></span> <span class='ocrx_word' id='word_1_22' title='bbox 640 634 881 689; x_wconf 89' lang='lat' dir='ltr'><strong>colorem</strong></span> <span class='ocrx_word' id='word_1_23' title='bbox 919 632 1063 697; x_wconf 87' lang='lat' dir='ltr'><strong>dico,</strong></span> <span class='ocrx_word' id='word_1_24' title='bbox 1104 642 1158 686; x_wconf 90' lang='lat' dir='ltr'><strong>et</strong></span> <span class='ocrx_word' id='word_1_25' title='bbox 1183 633 1584 701; x_wconf 85' lang='lat' dir='ltr'><strong>depressiones,</strong></span> <span class='ocrx_word' id='word_1_26' title='bbox 1616 649 1681 687; x_wconf 90' lang='lat' dir='ltr'><strong>ac</strong></span> <span class='ocrx_word' id='word_1_27' title='bbox 1712 633 1917 702; x_wconf 81' lang='lat' dir='ltr'><strong>promi-</strong></span> 
     </span>
    </p>
   </div>
   <div class='ocr_carea' id='block_1_7' title="bbox 340 724 1918 795">
    <p class='ocr_par' dir='ltr' id='par_1_7' title="bbox 340 724 1918 795">
     <span class='ocr_line' id='line_1_7' title="bbox 340 724 1918 795; baseline -0.001 -16"><span class='ocrx_word' id='word_1_28' title='bbox 340 726 591 793; x_wconf 86' lang='lat' dir='ltr'><strong>nentias;</strong></span> <span class='ocrx_word' id='word_1_29' title='bbox 640 740 833 780; x_wconf 85' lang='lat' dir='ltr'><strong>eorum</strong></span> <span class='ocrx_word' id='word_1_30' title='bbox 886 738 1014 778; x_wconf 90' lang='lat' dir='ltr'><strong>vero</strong></span> <span class='ocrx_word' id='word_1_31' title='bbox 1050 739 1173 793; x_wconf 70' lang='lat' dir='ltr'><strong>qua:</strong></span> <span class='ocrx_word' id='word_1_32' title='bbox 1214 732 1344 779; x_wconf 84' lang='lat' dir='ltr'><strong>sunt</strong></span> <span class='ocrx_word' id='word_1_33' title='bbox 1385 724 1549 789; x_wconf 88' lang='lat' dir='ltr'><strong>intra,</strong></span> <span class='ocrx_word' id='word_1_34' title='bbox 1602 724 1781 795; x_wconf 84' lang='lat' dir='ltr'><strong>imago</strong></span> <span class='ocrx_word' id='word_1_35' title='bbox 1809 739 1918 778; x_wconf 91' lang='lat' dir='ltr'><strong>non</strong></span> 
     </span>
    </p>
   </div>
   <div class='ocr_carea' id='block_1_8' title="bbox 338 814 1920 887">
    <p class='ocr_par' dir='ltr' id='par_1_8' title="bbox 338 814 1920 887">
     <span class='ocr_line' id='line_1_8' title="bbox 338 814 1920 887; baseline 0 -17"><span class='ocrx_word' id='word_1_36' title='bbox 338 825 467 871; x_wconf 86' lang='lat' dir='ltr'><strong>est:</strong></span> <span class='ocrx_word' id='word_1_37' title='bbox 504 817 577 870; x_wconf 86' lang='lat' dir='ltr'><strong>ita</strong></span> <span class='ocrx_word' id='word_1_38' title='bbox 623 825 678 870; x_wconf 88' lang='lat' dir='ltr'><strong>et</strong></span> <span class='ocrx_word' id='word_1_39' title='bbox 725 817 792 871; x_wconf 90' lang='lat' dir='ltr'><strong>de</strong></span> <span class='ocrx_word' id='word_1_40' title='bbox 833 814 1289 869; x_wconf 75' lang='lat' dir='ltr'><strong>similitudinibus</strong></span> <span class='ocrx_word' id='word_1_41' title='bbox 1337 831 1461 884; x_wconf 65' lang='lat' dir='ltr'><strong>quae</strong></span> <span class='ocrx_word' id='word_1_42' title='bbox 1513 815 1565 869; x_wconf 92' lang='lat' dir='ltr'><strong>in</strong></span> <span class='ocrx_word' id='word_1_43' title='bbox 1625 814 1920 887; x_wconf 83' lang='lat' dir='ltr'><strong>Evangelio</strong></span> 
     </span>
    </p>
   </div>
   <div class='ocr_carea' id='block_1_9' title="bbox 340 906 1920 977">
    <p class='ocr_par' dir='ltr' id='par_1_9' title="bbox 340 906 1920 977">
     <span class='ocr_line' id='line_1_9' title="bbox 340 906 1920 977; baseline 0.001 -14"><span class='ocrx_word' id='word_1_44' title='bbox 340 910 685 963; x_wconf 81' lang='lat' dir='ltr'><strong>continentur</strong></span> <span class='ocrx_word' id='word_1_45' title='bbox 716 908 797 962; x_wconf 90' lang='lat' dir='ltr'><strong>sic</strong></span> <span class='ocrx_word' id='word_1_46' title='bbox 825 907 1041 970; x_wconf 86' lang='lat' dir='ltr'><strong>habeto,</strong></span> <span class='ocrx_word' id='word_1_47' title='bbox 1076 922 1305 977; x_wconf 85' lang='lat' dir='ltr'><strong>regnum</strong></span> <span class='ocrx_word' id='word_1_48' title='bbox 1342 906 1631 971; x_wconf 74' lang='lat' dir='ltr'><strong>ctelorum,</strong></span> <span class='ocrx_word' id='word_1_49' title='bbox 1669 923 1794 962; x_wconf 89' lang='lat' dir='ltr'><strong>cum</strong></span> <span class='ocrx_word' id='word_1_50' title='bbox 1826 923 1920 964; x_wconf 85' lang='lat' dir='ltr'><strong>as-</strong></span> 
     </span>
    </p>
   </div>
   <div class='ocr_carea' id='block_1_10' title="bbox 337 999 1921 1070">
    <p class='ocr_par' dir='ltr' id='par_1_10' title="bbox 337 999 1921 1070">
     <span class='ocr_line' id='line_1_10' title="bbox 337 999 1921 1070; baseline -0.002 -13"><span class='ocrx_word' id='word_1_51' title='bbox 337 1002 612 1057; x_wconf 88' lang='lat' dir='ltr'><strong>similatur</strong></span> <span class='ocrx_word' id='word_1_52' title='bbox 655 1000 821 1055; x_wconf 82' lang='lat' dir='ltr'><strong>alicui</strong></span> <span class='ocrx_word' id='word_1_53' title='bbox 865 1001 966 1065; x_wconf 88' lang='lat' dir='ltr'><strong>rei,</strong></span> <span class='ocrx_word' id='word_1_54' title='bbox 1019 1014 1128 1053; x_wconf 92' lang='lat' dir='ltr'><strong>non</strong></span> <span class='ocrx_word' id='word_1_55' title='bbox 1160 999 1462 1054; x_wconf 89' lang='lat' dir='ltr'><strong>secundum</strong></span> <span class='ocrx_word' id='word_1_56' title='bbox 1499 1000 1685 1054; x_wconf 87' lang='lat' dir='ltr'><strong>omnia</strong></span> <span class='ocrx_word' id='word_1_57' title='bbox 1724 1016 1846 1070; x_wconf 72' lang='lat' dir='ltr'><strong>qua:</strong></span> <span class='ocrx_word' id='word_1_58' title='bbox 1870 1001 1921 1056; x_wconf 86' lang='lat' dir='ltr'><strong>ei</strong></span> 
     </span>
    </p>
   </div>
   <div class='ocr_carea' id='block_1_11' title="bbox 300 1090 1919 1160">
    <p class='ocr_par' dir='ltr' id='par_1_11' title="bbox 300 1090 1919 1160">
     <span class='ocr_line' id='line_1_11' title="bbox 300 1090 1919 1160; baseline -0.001 -13"><span class='ocrx_word' id='word_1_59' title='bbox 300 1098 308 1105; x_wconf 85' lang='grc'><strong><em>“</em></strong></span> <span class='ocrx_word' id='word_1_60' title='bbox 337 1093 529 1148; x_wconf 91' lang='lat' dir='ltr'><strong>insunt</strong></span> <span class='ocrx_word' id='word_1_61' title='bbox 555 1107 680 1147; x_wconf 89' lang='lat' dir='ltr'><strong>cum</strong></span> <span class='ocrx_word' id='word_1_62' title='bbox 716 1107 823 1160; x_wconf 91' lang='lat' dir='ltr'><strong>qua</strong></span> <span class='ocrx_word' id='word_1_63' title='bbox 857 1091 1166 1147; x_wconf 70' lang='lat' dir='ltr'><strong>instituitur</strong></span> <span class='ocrx_word' id='word_1_64' title='bbox 1204 1090 1569 1160; x_wconf 83' lang='lat' dir='ltr'><strong>comparatio,</strong></span> <span class='ocrx_word' id='word_1_65' title='bbox 1601 1091 1919 1158; x_wconf 87' lang='lat' dir='ltr'><strong>assimilari,</strong></span> 
     </span>
    </p>
   </div>
   <div class='ocr_carea' id='block_1_12' title="bbox 338 1182 1921 1253">
    <p class='ocr_par' dir='ltr' id='par_1_12' title="bbox 338 1182 1921 1253">
     <span class='ocr_line' id='line_1_12' title="bbox 338 1182 1921 1253; baseline -0.001 -14"><span class='ocrx_word' id='word_1_66' title='bbox 338 1184 432 1239; x_wconf 80' lang='lat' dir='ltr'><strong>sed</strong></span> <span class='ocrx_word' id='word_1_67' title='bbox 464 1185 766 1239; x_wconf 90' lang='lat' dir='ltr'><strong>secundum</strong></span> <span class='ocrx_word' id='word_1_68' title='bbox 803 1182 1065 1237; x_wconf 89' lang='lat' dir='ltr'><strong>nonnulla</strong></span> <span class='ocrx_word' id='word_1_69' title='bbox 1113 1198 1236 1252; x_wconf 68' lang='lat' dir='ltr'><strong>qua:</strong></span> <span class='ocrx_word' id='word_1_70' title='bbox 1290 1198 1378 1238; x_wconf 86' lang='lat' dir='ltr'><strong>res</strong></span> <span class='ocrx_word' id='word_1_71' title='bbox 1432 1184 1674 1253; x_wconf 82' lang='lat' dir='ltr'><strong>postulat</strong></span> <span class='ocrx_word' id='word_1_72' title='bbox 1706 1183 1775 1237; x_wconf 85' lang='lat' dir='ltr'><strong>de</strong></span> <span class='ocrx_word' id='word_1_73' title='bbox 1814 1198 1921 1253; x_wconf 87' lang='lat' dir='ltr'><strong>qua</strong></span> 
     </span>
    </p>
   </div>
   <div class='ocr_carea' id='block_1_13' title="bbox 338 1269 1921 1341">
    <p class='ocr_par' dir='ltr' id='par_1_13' title="bbox 338 1269 1921 1341">
     <span class='ocr_line' id='line_1_13' title="bbox 338 1269 1921 1341; baseline 0.001 -16"><span class='ocrx_word' id='word_1_74' title='bbox 338 1269 537 1339; x_wconf 81' lang='lat' dir='ltr'><strong>agitur.</strong></span> <span class='ocrx_word' id='word_1_75' title='bbox 592 1269 659 1325; x_wconf 83' lang='lat' dir='ltr'><strong>Et</strong></span> <span class='ocrx_word' id='word_1_76' title='bbox 704 1271 793 1325; x_wconf 89' lang='lat' dir='ltr'><strong>hic</strong></span> <span class='ocrx_word' id='word_1_77' title='bbox 820 1270 986 1341; x_wconf 81' lang='lat' dir='ltr'><strong>igitur</strong></span> <span class='ocrx_word' id='word_1_78' title='bbox 1020 1288 1038 1320; x_wconf 81' lang='grc' dir='ltr'><strong>ι</strong></span> <span class='ocrx_word' id='word_1_79' title='bbox 1077 1270 1259 1325; x_wconf 84' lang='lat' dir='ltr'><strong>simile</strong></span> <span class='ocrx_word' id='word_1_80' title='bbox 1291 1278 1375 1327; x_wconf 91' lang='lat' dir='ltr'><strong>est</strong></span> <span class='ocrx_word' id='word_1_81' title='bbox 1395 1287 1621 1341; x_wconf 83' lang='lat' dir='ltr'><strong>regnum</strong></span> <span class='ocrx_word' id='word_1_82' title='bbox 1655 1272 1921 1327; x_wconf 63' lang='lat' dir='ltr'><strong>caelorum</strong></span> 
     </span>
    </p>
   </div>
   <div class='ocr_carea' id='block_1_14' title="bbox 338 1361 1922 1430">
    <p class='ocr_par' dir='ltr' id='par_1_14' title="bbox 338 1361 1922 1430">
     <span class='ocr_line' id='line_1_14' title="bbox 338 1361 1922 1430; baseline 0.001 -14"><span class='ocrx_word' id='word_1_83' title='bbox 338 1375 557 1430; x_wconf 64' lang='lat' dir='ltr'><strong>sagenae</strong></span> <span class='ocrx_word' id='word_1_84' title='bbox 597 1361 782 1417; x_wconf 71' lang='lat' dir='ltr'><strong>missa:</strong></span> <span class='ocrx_word' id='word_1_85' title='bbox 813 1361 866 1414; x_wconf 93' lang='lat' dir='ltr'><strong>in</strong></span> <span class='ocrx_word' id='word_1_86' title='bbox 898 1376 1085 1427; x_wconf 87' lang='lat' dir='ltr'><strong>mare;</strong></span> <span class='ocrx_word' id='word_1_87' title='bbox 1150 1380 1169 1413; x_wconf 76' lang='grc' dir='ltr'><strong>ι</strong></span> <span class='ocrx_word' id='word_1_88' title='bbox 1215 1377 1326 1416; x_wconf 92' lang='lat' dir='ltr'><strong>non</strong></span> <span class='ocrx_word' id='word_1_89' title='bbox 1358 1370 1418 1416; x_wconf 91' lang='lat' dir='ltr'><strong>ut</strong></span> <span class='ocrx_word' id='word_1_90' title='bbox 1442 1363 1760 1416; x_wconf 81' lang='lat' dir='ltr'><strong>existimant</strong></span> <span class='ocrx_word' id='word_1_91' title='bbox 1783 1378 1922 1417; x_wconf 89' lang='lat' dir='ltr'><strong>non-</strong></span> 
     </span>
    </p>
   </div>
   <div class='ocr_carea' id='block_1_15' title="bbox 339 1453 1922 1522">
    <p class='ocr_par' dir='ltr' id='par_1_15' title="bbox 339 1453 1922 1522">
     <span class='ocr_line' id='line_1_15' title="bbox 339 1453 1922 1522; baseline 0.003 -18"><span class='ocrx_word' id='word_1_92' title='bbox 339 1453 473 1507; x_wconf 85' lang='lat' dir='ltr'><strong>nulli</strong></span> <span class='ocrx_word' id='word_1_93' title='bbox 518 1453 779 1508; x_wconf 79' lang='lat' dir='ltr'><strong>docentes</strong></span> <span class='ocrx_word' id='word_1_94' title='bbox 813 1453 901 1508; x_wconf 85' lang='lat' dir='ltr'><strong>his</strong></span> <span class='ocrx_word' id='word_1_95' title='bbox 934 1453 1114 1508; x_wconf 77' lang='lat' dir='ltr'><strong>verbis</strong></span> <span class='ocrx_word' id='word_1_96' title='bbox 1157 1467 1352 1507; x_wconf 88' lang='lat' dir='ltr'><strong>eorum</strong></span> <span class='ocrx_word' id='word_1_97' title='bbox 1400 1453 1494 1522; x_wconf 91' lang='lat' dir='ltr'><strong>qui</strong></span> <span class='ocrx_word' id='word_1_98' title='bbox 1527 1454 1631 1509; x_wconf 89' lang='lat' dir='ltr'><strong>sub</strong></span> <span class='ocrx_word' id='word_1_99' title='bbox 1674 1465 1787 1509; x_wconf 86' lang='lat' dir='ltr'><strong>rete</strong></span> <span class='ocrx_word' id='word_1_100' title='bbox 1827 1470 1922 1510; x_wconf 91' lang='lat' dir='ltr'><strong>ve-</strong></span> 
     </span>
    </p>
   </div>
   <div class='ocr_carea' id='block_1_16' title="bbox 340 1543 1924 1613">
    <p class='ocr_par' dir='ltr' id='par_1_16' title="bbox 340 1543 1924 1613">
     <span class='ocr_line' id='line_1_16' title="bbox 340 1543 1924 1613; baseline 0.002 -16"><span class='ocrx_word' id='word_1_101' title='bbox 340 1545 518 1609; x_wconf 88' lang='lat' dir='ltr'><strong>niunt,</strong></span> <span class='ocrx_word' id='word_1_102' title='bbox 560 1545 827 1598; x_wconf 90' lang='lat' dir='ltr'><strong>malorum</strong></span> <span class='ocrx_word' id='word_1_103' title='bbox 864 1545 1077 1600; x_wconf 79' lang='lat' dir='ltr'><strong>scilicet</strong></span> <span class='ocrx_word' id='word_1_104' title='bbox 1099 1552 1153 1597; x_wconf 89' lang='lat' dir='ltr'><strong>et</strong></span> <span class='ocrx_word' id='word_1_105' title='bbox 1175 1543 1451 1613; x_wconf 82' lang='lat' dir='ltr'><strong>justorum</strong></span> <span class='ocrx_word' id='word_1_106' title='bbox 1482 1544 1794 1601; x_wconf 68' lang='lat' dir='ltr'><strong>differentes</strong></span> <span class='ocrx_word' id='word_1_107' title='bbox 1825 1561 1924 1600; x_wconf 88' lang='lat' dir='ltr'><strong>na-</strong></span> 
     </span>
    </p>
   </div>
   <div class='ocr_carea' id='block_1_17' title="bbox 338 1636 1924 1706">
    <p class='ocr_par' dir='ltr' id='par_1_17' title="bbox 338 1636 1924 1706">
     <span class='ocr_line' id='line_1_17' title="bbox 338 1636 1924 1706; baseline 0.003 -16"><span class='ocrx_word' id='word_1_108' title='bbox 338 1644 495 1692; x_wconf 88' lang='lat' dir='ltr'><strong>turas</strong></span> <span class='ocrx_word' id='word_1_109' title='bbox 541 1637 858 1706; x_wconf 80' lang='lat' dir='ltr'><strong>signiﬁcari,</strong></span> <span class='ocrx_word' id='word_1_110' title='bbox 920 1647 978 1692; x_wconf 90' lang='lat' dir='ltr'><strong>ut</strong></span> <span class='ocrx_word' id='word_1_111' title='bbox 1027 1645 1249 1706; x_wconf 86' lang='lat' dir='ltr'><strong>propter</strong></span> <span class='ocrx_word' id='word_1_112' title='bbox 1308 1636 1421 1691; x_wconf 70' lang='lat' dir='ltr'><strong>lucc</strong></span> <span class='ocrx_word' id='word_1_113' title='bbox 1469 1640 1630 1693; x_wconf 88' lang='lat' dir='ltr'><strong>verba</strong></span> <span class='ocrx_word' id='word_1_114' title='bbox 1656 1639 1746 1693; x_wconf 75' lang='lat'><strong>&quot;:</strong></span> <span class='ocrx_word' id='word_1_115' title='bbox 1784 1657 1803 1690; x_wconf 76' lang='grc' dir='ltr'><strong>ι</strong></span> <span class='ocrx_word' id='word_1_116' title='bbox 1844 1640 1924 1695; x_wconf 79' lang='lat' dir='ltr'><strong>Ex</strong></span> 
     </span>
    </p>
   </div>
   <div class='ocr_carea' id='block_1_18' title="bbox 341 1729 1925 1800">
    <p class='ocr_par' dir='ltr' id='par_1_18' title="bbox 341 1729 1925 1800">
     <span class='ocr_line' id='line_1_18' title="bbox 341 1729 1925 1800; baseline 0.003 -17"><span class='ocrx_word' id='word_1_117' title='bbox 341 1730 493 1783; x_wconf 91' lang='lat' dir='ltr'><strong>omni</strong></span> <span class='ocrx_word' id='word_1_118' title='bbox 550 1746 748 1800; x_wconf 86' lang='lat' dir='ltr'><strong>genere</strong></span> <span class='ocrx_word' id='word_1_119' title='bbox 792 1730 1167 1799; x_wconf 78' lang='lat' dir='ltr'><strong>congreganti,</strong></span> <span class='ocrx_word' id='word_1_120' title='bbox 1234 1748 1253 1781; x_wconf 76' lang='grc' dir='ltr'><strong>ι</strong></span> <span class='ocrx_word' id='word_1_121' title='bbox 1306 1729 1581 1797; x_wconf 85' lang='lat' dir='ltr'><strong>juslorum</strong></span> <span class='ocrx_word' id='word_1_122' title='bbox 1634 1732 1821 1786; x_wconf 66' lang='lat' dir='ltr'><strong>multae</strong></span> <span class='ocrx_word' id='word_1_123' title='bbox 1870 1740 1925 1787; x_wconf 91' lang='lat' dir='ltr'><strong>ct</strong></span> 
     </span>
    </p>
   </div>
   <div class='ocr_carea' id='block_1_19' title="bbox 341 1822 1924 1887">
    <p class='ocr_par' dir='ltr' id='par_1_19' title="bbox 341 1822 1924 1887">
     <span class='ocr_line' id='line_1_19' title="bbox 341 1822 1924 1887; baseline 0.001 -9"><span class='ocrx_word' id='word_1_124' title='bbox 341 1822 659 1878; x_wconf 80' lang='lat' dir='ltr'><strong>diiIerentes</strong></span> <span class='ocrx_word' id='word_1_125' title='bbox 690 1832 918 1887; x_wconf 72' lang='lat' dir='ltr'><strong>naturae,</strong></span> <span class='ocrx_word' id='word_1_126' title='bbox 979 1823 1231 1877; x_wconf 90' lang='lat' dir='ltr'><strong>similiter</strong></span> <span class='ocrx_word' id='word_1_127' title='bbox 1258 1831 1312 1876; x_wconf 88' lang='lat' dir='ltr'><strong>et</strong></span> <span class='ocrx_word' id='word_1_128' title='bbox 1346 1823 1616 1878; x_wconf 87' lang='lat' dir='ltr'><strong>malorum</strong></span> <span class='ocrx_word' id='word_1_129' title='bbox 1655 1839 1778 1879; x_wconf 88' lang='lat' dir='ltr'><strong>esse</strong></span> <span class='ocrx_word' id='word_1_130' title='bbox 1809 1840 1924 1880; x_wconf 86' lang='lat' dir='ltr'><strong>cre-</strong></span> 
     </span>
    </p>
   </div>
   <div class='ocr_carea' id='block_1_20' title="bbox 340 1914 1928 1988">
    <p class='ocr_par' dir='ltr' id='par_1_20' title="bbox 340 1914 1928 1988">
     <span class='ocr_line' id='line_1_20' title="bbox 340 1914 1928 1988; baseline 0.002 -20"><span class='ocrx_word' id='word_1_131' title='bbox 340 1917 560 1969; x_wconf 86' lang='lat' dir='ltr'><strong>dantur.</strong></span> <span class='ocrx_word' id='word_1_132' title='bbox 625 1914 740 1969; x_wconf 82' lang='lat' dir='ltr'><strong>Tali</strong></span> <span class='ocrx_word' id='word_1_133' title='bbox 792 1915 939 1969; x_wconf 90' lang='lat' dir='ltr'><strong>enim</strong></span> <span class='ocrx_word' id='word_1_134' title='bbox 982 1915 1286 1985; x_wconf 89' lang='lat' dir='ltr'><strong>acceptioui</strong></span> <span class='ocrx_word' id='word_1_135' title='bbox 1339 1932 1532 1971; x_wconf 83' lang='lat' dir='ltr'><strong>omnes</strong></span> <span class='ocrx_word' id='word_1_136' title='bbox 1583 1916 1928 1988; x_wconf 74' lang='lat' dir='ltr'><strong>refragantur</strong></span> 
     </span>
    </p>
   </div>
   <div class='ocr_carea' id='block_1_21' title="bbox 343 2005 1929 2080">
    <p class='ocr_par' dir='ltr' id='par_1_21' title="bbox 343 2005 1929 2080">
     <span class='ocr_line' id='line_1_21' title="bbox 343 2005 1929 2080; baseline 0.002 -19"><span class='ocrx_word' id='word_1_137' title='bbox 343 2005 642 2077; x_wconf 66' lang='lat' dir='ltr'><strong>Scriptura:</strong></span> <span class='ocrx_word' id='word_1_138' title='bbox 694 2009 908 2064; x_wconf 87' lang='lat' dir='ltr'><strong>arbitrii</strong></span> <span class='ocrx_word' id='word_1_139' title='bbox 954 2009 1258 2065; x_wconf 68' lang='lat' dir='ltr'><strong>libertatem</strong></span> <span class='ocrx_word' id='word_1_140' title='bbox 1315 2017 1645 2074; x_wconf 87' lang='lat' dir='ltr'><strong>astruentes,</strong></span> <span class='ocrx_word' id='word_1_141' title='bbox 1698 2025 1929 2080; x_wconf 66' lang='lat' dir='ltr'><strong>qumque</strong></span> 
     </span>
    </p>
   </div>
   <div class='ocr_carea' id='block_1_22' title="bbox 345 2098 1931 2169">
    <p class='ocr_par' dir='ltr' id='par_1_22' title="bbox 345 2098 1931 2169">
     <span class='ocr_line' id='line_1_22' title="bbox 345 2098 1931 2169; baseline 0.002 -18"><span class='ocrx_word' id='word_1_142' title='bbox 345 2107 636 2166; x_wconf 88' lang='lat' dir='ltr'><strong>peccantes</strong></span> <span class='ocrx_word' id='word_1_143' title='bbox 694 2108 981 2163; x_wconf 82' lang='lat' dir='ltr'><strong>accusant,</strong></span> <span class='ocrx_word' id='word_1_144' title='bbox 1034 2114 1131 2155; x_wconf 88' lang='lat' dir='ltr'><strong>eos</strong></span> <span class='ocrx_word' id='word_1_145' title='bbox 1173 2108 1356 2154; x_wconf 79' lang='lat' dir='ltr'><strong>autem</strong></span> <span class='ocrx_word' id='word_1_146' title='bbox 1388 2098 1615 2154; x_wconf 88' lang='lat' dir='ltr'><strong>laudant</strong></span> <span class='ocrx_word' id='word_1_147' title='bbox 1656 2101 1751 2169; x_wconf 94' lang='lat' dir='ltr'><strong>qui</strong></span> <span class='ocrx_word' id='word_1_148' title='bbox 1779 2109 1931 2154; x_wconf 81' lang='lat' dir='ltr'><strong>recte</strong></span> 
     </span>
    </p>
   </div>
   <div class='ocr_carea' id='block_1_23' title="bbox 345 2190 1928 2262">
    <p class='ocr_par' dir='ltr' id='par_1_23' title="bbox 345 2190 1928 2262">
     <span class='ocr_line' id='line_1_23' title="bbox 345 2190 1928 2262; baseline 0.003 -20"><span class='ocrx_word' id='word_1_149' title='bbox 345 2198 543 2259; x_wconf 80' lang='lat' dir='ltr'><strong>agunt;</strong></span> <span class='ocrx_word' id='word_1_150' title='bbox 582 2205 706 2244; x_wconf 86' lang='lat' dir='ltr'><strong>cum</strong></span> <span class='ocrx_word' id='word_1_151' title='bbox 756 2206 863 2243; x_wconf 91' lang='lat' dir='ltr'><strong>non</strong></span> <span class='ocrx_word' id='word_1_152' title='bbox 915 2190 1065 2259; x_wconf 85' lang='lat' dir='ltr'><strong>justa</strong></span> <span class='ocrx_word' id='word_1_153' title='bbox 1101 2191 1173 2246; x_wconf 88' lang='lat' dir='ltr'><strong>sit</strong></span> <span class='ocrx_word' id='word_1_154' title='bbox 1213 2206 1404 2246; x_wconf 86' lang='lat' dir='ltr'><strong>eorum</strong></span> <span class='ocrx_word' id='word_1_155' title='bbox 1457 2192 1807 2260; x_wconf 78' lang='lat' dir='ltr'><strong>reprehensio</strong></span> <span class='ocrx_word' id='word_1_156' title='bbox 1837 2194 1928 2262; x_wconf 92' lang='lat' dir='ltr'><strong>qui</strong></span> 
     </span>
    </p>
   </div>
   <div class='ocr_carea' id='block_1_24' title="bbox 344 2268 1931 2350">
    <p class='ocr_par' dir='ltr' id='par_1_24' title="bbox 344 2268 1931 2350">
     <span class='ocr_line' id='line_1_24' title="bbox 344 2268 1931 2350; baseline 0.004 -18"><span class='ocrx_word' id='word_1_157' title='bbox 344 2296 410 2332; x_wconf 79' lang='lat' dir='ltr'><strong>ex</strong></span> <span class='ocrx_word' id='word_1_158' title='bbox 455 2295 655 2348; x_wconf 83' lang='lat' dir='ltr'><strong>genere</strong></span> <span class='ocrx_word' id='word_1_159' title='bbox 701 2289 852 2344; x_wconf 86' lang='lat' dir='ltr'><strong>sunt,</strong></span> <span class='ocrx_word' id='word_1_160' title='bbox 908 2282 1051 2349; x_wconf 88' lang='lat' dir='ltr'><strong>quod</strong></span> <span class='ocrx_word' id='word_1_161' title='bbox 1087 2290 1283 2336; x_wconf 82' lang='lat' dir='ltr'><strong>natura</strong></span> <span class='ocrx_word' id='word_1_162' title='bbox 1314 2290 1507 2350; x_wconf 86' lang='lat' dir='ltr'><strong>suapte</strong></span> <span class='ocrx_word' id='word_1_163' title='bbox 1539 2282 1645 2338; x_wconf 85' lang='lat' dir='ltr'><strong>tale</strong></span> <span class='ocrx_word' id='word_1_164' title='bbox 1669 2290 1751 2337; x_wconf 90' lang='lat' dir='ltr'><strong>cst</strong></span> <span class='ocrx_word' id='word_1_165' title='bbox 1774 2299 1789 2347; x_wconf 89' lang='lat'><strong>;</strong></span> <span class='ocrx_word' id='word_1_166' title='bbox 1814 2268 1931 2338; x_wconf 79' lang='lat' dir='ltr'><strong>nec</strong></span> 
     </span>
    </p>
   </div>
   <div class='ocr_carea' id='block_1_25' title="bbox 344 2372 1928 2442">
    <p class='ocr_par' dir='ltr' id='par_1_25' title="bbox 344 2372 1928 2442">
     <span class='ocr_line' id='line_1_25' title="bbox 344 2372 1928 2442; baseline 0.003 -19"><span class='ocrx_word' id='word_1_167' title='bbox 344 2386 539 2425; x_wconf 84' lang='lat' dir='ltr'><strong>eorum</strong></span> <span class='ocrx_word' id='word_1_168' title='bbox 571 2372 713 2437; x_wconf 85' lang='lat' dir='ltr'><strong>laus,</strong></span> <span class='ocrx_word' id='word_1_169' title='bbox 754 2374 846 2442; x_wconf 90' lang='lat' dir='ltr'><strong>qui</strong></span> <span class='ocrx_word' id='word_1_170' title='bbox 872 2383 998 2428; x_wconf 88' lang='lat' dir='ltr'><strong>sunt</strong></span> <span class='ocrx_word' id='word_1_171' title='bbox 1024 2390 1090 2430; x_wconf 78' lang='lat' dir='ltr'><strong>ex</strong></span> <span class='ocrx_word' id='word_1_172' title='bbox 1124 2390 1321 2442; x_wconf 84' lang='lat' dir='ltr'><strong>genere</strong></span> <span class='ocrx_word' id='word_1_173' title='bbox 1353 2374 1594 2428; x_wconf 85' lang='lat' dir='ltr'><strong>meliore.</strong></span> <span class='ocrx_word' id='word_1_174' title='bbox 1630 2373 1763 2441; x_wconf 64' lang='lat' dir='ltr'><strong>Quae</strong></span> <span class='ocrx_word' id='word_1_175' title='bbox 1783 2376 1928 2429; x_wconf 90' lang='lat' dir='ltr'><strong>enim</strong></span> 
     </span>
    </p>
   </div>
   <div class='ocr_carea' id='block_1_26' title="bbox 343 2464 1933 2535">
    <p class='ocr_par' dir='ltr' id='par_1_26' title="bbox 343 2464 1933 2535">
     <span class='ocr_line' id='line_1_26' title="bbox 343 2464 1933 2535; baseline 0.002 -20"><span class='ocrx_word' id='word_1_176' title='bbox 343 2477 512 2516; x_wconf 86' lang='lat' dir='ltr'><strong>causa</strong></span> <span class='ocrx_word' id='word_1_177' title='bbox 551 2471 637 2517; x_wconf 90' lang='lat' dir='ltr'><strong>est</strong></span> <span class='ocrx_word' id='word_1_178' title='bbox 674 2472 731 2516; x_wconf 87' lang='lat' dir='ltr'><strong>ut</strong></span> <span class='ocrx_word' id='word_1_179' title='bbox 758 2464 937 2533; x_wconf 78' lang='lat' dir='ltr'><strong>pisces</strong></span> <span class='ocrx_word' id='word_1_180' title='bbox 982 2465 1107 2519; x_wconf 88' lang='lat' dir='ltr'><strong>boni</strong></span> <span class='ocrx_word' id='word_1_181' title='bbox 1148 2465 1228 2518; x_wconf 91' lang='lat' dir='ltr'><strong>vel</strong></span> <span class='ocrx_word' id='word_1_182' title='bbox 1272 2464 1399 2518; x_wconf 85' lang='lat' dir='ltr'><strong>ntali</strong></span> <span class='ocrx_word' id='word_1_183' title='bbox 1447 2464 1581 2528; x_wconf 89' lang='lat' dir='ltr'><strong>sint,</strong></span> <span class='ocrx_word' id='word_1_184' title='bbox 1617 2480 1726 2518; x_wconf 91' lang='lat' dir='ltr'><strong>non</strong></span> <span class='ocrx_word' id='word_1_185' title='bbox 1762 2465 1815 2518; x_wconf 89' lang='lat' dir='ltr'><strong>in</strong></span> <span class='ocrx_word' id='word_1_186' title='bbox 1848 2465 1933 2535; x_wconf 89' lang='lat' dir='ltr'><strong>pi-</strong></span> 
     </span>
    </p>
   </div>
   <div class='ocr_carea' id='block_1_27' title="bbox 343 2555 1931 2626">
    <p class='ocr_par' dir='ltr' id='par_1_27' title="bbox 343 2555 1931 2626">
     <span class='ocr_line' id='line_1_27' title="bbox 343 2555 1931 2626; baseline 0.004 -19"><span class='ocrx_word' id='word_1_187' title='bbox 343 2555 518 2608; x_wconf 85' lang='lat' dir='ltr'><strong>scium</strong></span> <span class='ocrx_word' id='word_1_188' title='bbox 549 2555 841 2610; x_wconf 87' lang='lat' dir='ltr'><strong>animabus</strong></span> <span class='ocrx_word' id='word_1_189' title='bbox 873 2557 1049 2626; x_wconf 83' lang='lat' dir='ltr'><strong>posita</strong></span> <span class='ocrx_word' id='word_1_190' title='bbox 1081 2566 1196 2621; x_wconf 86' lang='lat' dir='ltr'><strong>est,</strong></span> <span class='ocrx_word' id='word_1_191' title='bbox 1251 2558 1344 2611; x_wconf 88' lang='lat' dir='ltr'><strong>sed</strong></span> <span class='ocrx_word' id='word_1_192' title='bbox 1390 2557 1444 2610; x_wconf 91' lang='lat' dir='ltr'><strong>in</strong></span> <span class='ocrx_word' id='word_1_193' title='bbox 1477 2571 1544 2611; x_wconf 89' lang='lat' dir='ltr'><strong>eo</strong></span> <span class='ocrx_word' id='word_1_194' title='bbox 1576 2557 1721 2626; x_wconf 80' lang='lat' dir='ltr'><strong>quod</strong></span> <span class='ocrx_word' id='word_1_195' title='bbox 1751 2557 1931 2613; x_wconf 79' lang='lat' dir='ltr'><strong>sciens</strong></span> 
     </span>
    </p>
   </div>
   <div class='ocr_carea' id='block_1_28' title="bbox 351 2648 1932 2721">
    <p class='ocr_par' dir='ltr' id='par_1_28' title="bbox 351 2648 1932 2721">
     <span class='ocr_line' id='line_1_28' title="bbox 351 2648 1932 2721; baseline 0.002 -19"><span class='ocrx_word' id='word_1_196' title='bbox 351 2648 583 2703; x_wconf 69' lang='lat' dir='ltr'><strong>\‘erbum</strong></span> <span class='ocrx_word' id='word_1_197' title='bbox 617 2651 995 2720; x_wconf 89' lang='lat' dir='ltr'><strong>pronuntiavit</strong></span> <span class='ocrx_word' id='word_1_198' title='bbox 1018 2652 1061 2685; x_wconf 73' lang='grc'><strong>⁸⁷</strong></span> <span class='ocrx_word' id='word_1_199' title='bbox 1094 2671 1109 2707; x_wconf 88' lang='lat'><strong>:</strong></span> <span class='ocrx_word' id='word_1_200' title='bbox 1148 2673 1167 2704; x_wconf 79' lang='grc' dir='ltr'><strong>ι</strong></span> <span class='ocrx_word' id='word_1_201' title='bbox 1208 2651 1522 2707; x_wconf 83' lang='lat' dir='ltr'><strong>Producant</strong></span> <span class='ocrx_word' id='word_1_202' title='bbox 1554 2665 1711 2720; x_wconf 75' lang='lat' dir='ltr'><strong>aqua:</strong></span> <span class='ocrx_word' id='word_1_203' title='bbox 1738 2651 1932 2721; x_wconf 88' lang='lat' dir='ltr'><strong>reptile</strong></span> 
     </span>
    </p>
   </div>
   <div class='ocr_carea' id='block_1_29' title="bbox 344 2738 1934 2815">
    <p class='ocr_par' dir='ltr' id='par_1_29' title="bbox 344 2738 1934 2815">
     <span class='ocr_line' id='line_1_29' title="bbox 344 2738 1934 2815; baseline 0.003 -23"><span class='ocrx_word' id='word_1_204' title='bbox 344 2739 541 2794; x_wconf 80' lang='lat' dir='ltr'><strong>anima:</strong></span> <span class='ocrx_word' id='word_1_205' title='bbox 586 2741 855 2807; x_wconf 88' lang='lat' dir='ltr'><strong>viventis;</strong></span> <span class='ocrx_word' id='word_1_206' title='bbox 917 2761 936 2794; x_wconf 76' lang='grc' dir='ltr'><strong>ι</strong></span> <span class='ocrx_word' id='word_1_207' title='bbox 991 2743 1211 2812; x_wconf 88' lang='lat' dir='ltr'><strong>quando</strong></span> <span class='ocrx_word' id='word_1_208' title='bbox 1234 2738 1401 2815; x_wconf 61' lang='grc'><strong>454</strong></span> <span class='ocrx_word' id='word_1_209' title='bbox 1428 2740 1639 2796; x_wconf 83' lang='lat' dir='ltr'><strong>scilicet</strong></span> <span class='ocrx_word' id='word_1_210' title='bbox 1671 2760 1689 2792; x_wconf 79' lang='grc' dir='ltr'><strong>ι</strong></span> <span class='ocrx_word' id='word_1_211' title='bbox 1728 2743 1934 2797; x_wconf 77' lang='lat' dir='ltr'><strong>creavit</strong></span> 
     </span>
    </p>
   </div>
   <div class='ocr_carea' id='block_1_30' title="bbox 350 2829 1928 2902">
    <p class='ocr_par' dir='ltr' id='par_1_30' title="bbox 350 2829 1928 2902">
     <span class='ocr_line' id='line_1_30' title="bbox 350 2829 1928 2902; baseline 0.003 -18"><span class='ocrx_word' id='word_1_212' title='bbox 350 2829 495 2887; x_wconf 77' lang='lat' dir='ltr'><strong>Deus</strong></span> <span class='ocrx_word' id='word_1_213' title='bbox 529 2841 644 2887; x_wconf 88' lang='lat' dir='ltr'><strong>cete</strong></span> <span class='ocrx_word' id='word_1_214' title='bbox 687 2834 936 2902; x_wconf 80' lang='lat' dir='ltr'><strong>grandia,</strong></span> <span class='ocrx_word' id='word_1_215' title='bbox 988 2845 1040 2889; x_wconf 89' lang='lat' dir='ltr'><strong>et</strong></span> <span class='ocrx_word' id='word_1_216' title='bbox 1084 2850 1304 2890; x_wconf 87' lang='lat' dir='ltr'><strong>omnem</strong></span> <span class='ocrx_word' id='word_1_217' title='bbox 1347 2832 1586 2887; x_wconf 84' lang='lat' dir='ltr'><strong>animam</strong></span> <span class='ocrx_word' id='word_1_218' title='bbox 1638 2834 1928 2899; x_wconf 77' lang='lat' dir='ltr'><strong>viventem,</strong></span> 
     </span>
    </p>
   </div>
   <div class='ocr_carea' id='block_1_31' title="bbox 340 2926 1932 2997">
    <p class='ocr_par' dir='ltr' id='par_1_31' title="bbox 340 2926 1932 2997">
     <span class='ocr_line' id='line_1_31' title="bbox 340 2926 1932 2997; baseline 0.003 -20"><span class='ocrx_word' id='word_1_219' title='bbox 340 2934 509 2993; x_wconf 76' lang='lat' dir='ltr'><strong>atque</strong></span> <span class='ocrx_word' id='word_1_220' title='bbox 543 2926 856 2981; x_wconf 87' lang='lat' dir='ltr'><strong>motabilem</strong></span> <span class='ocrx_word' id='word_1_221' title='bbox 881 2967 897 2992; x_wconf 90' lang='lat'><strong>,</strong></span> <span class='ocrx_word' id='word_1_222' title='bbox 934 2943 1098 2996; x_wconf 88' lang='lat' dir='ltr'><strong>quam</strong></span> <span class='ocrx_word' id='word_1_223' title='bbox 1134 2927 1507 2996; x_wconf 80' lang='lat' dir='ltr'><strong>produxerunt</strong></span> <span class='ocrx_word' id='word_1_224' title='bbox 1534 2942 1693 2997; x_wconf 61' lang='lat' dir='ltr'><strong>aqua:</strong></span> <span class='ocrx_word' id='word_1_225' title='bbox 1722 2929 1779 2981; x_wconf 91' lang='lat' dir='ltr'><strong>in</strong></span> <span class='ocrx_word' id='word_1_226' title='bbox 1809 2942 1932 2997; x_wconf 83' lang='lat' dir='ltr'><strong>spe-</strong></span> 
     </span>
    </p>
   </div>
   <div class='ocr_carea' id='block_1_32' title="bbox 343 3014 1929 3088">
    <p class='ocr_par' dir='ltr' id='par_1_32' title="bbox 343 3014 1929 3088">
     <span class='ocr_line' id='line_1_32' title="bbox 343 3014 1929 3088; baseline 0.004 -21"><span class='ocrx_word' id='word_1_227' title='bbox 343 3014 458 3068; x_wconf 83' lang='lat' dir='ltr'><strong>cies</strong></span> <span class='ocrx_word' id='word_1_228' title='bbox 486 3030 639 3069; x_wconf 87' lang='lat' dir='ltr'><strong>suas.</strong></span> <span class='ocrx_word' id='word_1_229' title='bbox 670 3034 688 3067; x_wconf 78' lang='grc' dir='ltr'><strong>ι</strong></span> <span class='ocrx_word' id='word_1_230' title='bbox 721 3014 837 3071; x_wconf 85' lang='lat' dir='ltr'><strong>illic</strong></span> <span class='ocrx_word' id='word_1_231' title='bbox 882 3016 1049 3085; x_wconf 83' lang='lat' dir='ltr'><strong>igitur</strong></span> <span class='ocrx_word' id='word_1_232' title='bbox 1101 3016 1477 3086; x_wconf 80' lang='lat' dir='ltr'><strong>produxerunt</strong></span> <span class='ocrx_word' id='word_1_233' title='bbox 1522 3034 1678 3088; x_wconf 49' lang='lat' dir='ltr'><strong>aquve</strong></span> <span class='ocrx_word' id='word_1_234' title='bbox 1708 3034 1929 3073; x_wconf 85' lang='lat' dir='ltr'><strong>omnem</strong></span> 
     </span>
    </p>
   </div>
   <div class='ocr_carea' id='block_1_33' title="bbox 345 3103 1933 3178">
    <p class='ocr_par' dir='ltr' id='par_1_33' title="bbox 345 3103 1933 3178">
     <span class='ocr_line' id='line_1_33' title="bbox 345 3103 1933 3178; baseline 0.006 -23"><span class='ocrx_word' id='word_1_235' title='bbox 345 3104 585 3156; x_wconf 88' lang='lat' dir='ltr'><strong>animam</strong></span> <span class='ocrx_word' id='word_1_236' title='bbox 646 3103 916 3160; x_wconf 81' lang='lat' dir='ltr'><strong>viventem</strong></span> <span class='ocrx_word' id='word_1_237' title='bbox 969 3117 1135 3175; x_wconf 88' lang='lat' dir='ltr'><strong>atque</strong></span> <span class='ocrx_word' id='word_1_238' title='bbox 1187 3107 1497 3165; x_wconf 88' lang='lat' dir='ltr'><strong>motabilem</strong></span> <span class='ocrx_word' id='word_1_239' title='bbox 1529 3149 1545 3174; x_wconf 87' lang='lat'><strong>,</strong></span> <span class='ocrx_word' id='word_1_240' title='bbox 1602 3109 1658 3163; x_wconf 92' lang='lat' dir='ltr'><strong>in</strong></span> <span class='ocrx_word' id='word_1_241' title='bbox 1724 3110 1933 3178; x_wconf 82' lang='lat' dir='ltr'><strong>species</strong></span> 
     </span>
    </p>
   </div>
   <div class='ocr_carea' id='block_1_34' title="bbox 346 3194 1547 3257">
    <p class='ocr_par' dir='ltr' id='par_1_34' title="bbox 346 3194 1547 3257">
     <span class='ocr_line' id='line_1_34' title="bbox 346 3194 1547 3257; baseline 0.006 -10"><span class='ocrx_word' id='word_1_242' title='bbox 346 3208 478 3249; x_wconf 87' lang='lat' dir='ltr'><strong>suas</strong></span> <span class='ocrx_word' id='word_1_243' title='bbox 506 3194 574 3257; x_wconf 69' lang='grc'><strong>⁸⁸,</strong></span> <span class='ocrx_word' id='word_1_244' title='bbox 624 3211 751 3250; x_wconf 89' lang='lat' dir='ltr'><strong>cum</strong></span> <span class='ocrx_word' id='word_1_245' title='bbox 809 3212 975 3251; x_wconf 88' lang='lat' dir='ltr'><strong>causa</strong></span> <span class='ocrx_word' id='word_1_246' title='bbox 1035 3212 1145 3251; x_wconf 89' lang='lat' dir='ltr'><strong>non</strong></span> <span class='ocrx_word' id='word_1_247' title='bbox 1188 3198 1241 3252; x_wconf 93' lang='lat' dir='ltr'><strong>in</strong></span> <span class='ocrx_word' id='word_1_248' title='bbox 1291 3214 1353 3253; x_wconf 89' lang='lat' dir='ltr'><strong>ea</strong></span> <span class='ocrx_word' id='word_1_249' title='bbox 1400 3210 1547 3257; x_wconf 78' lang='lat' dir='ltr'><strong>esset</strong></span> 
     </span>
    </p>
   </div>
   <div class='ocr_carea' id='block_1_35' title="bbox 346 3290 1933 3364">
    <p class='ocr_par' dir='ltr' id='par_1_35' title="bbox 346 3290 1933 3364">
     <span class='ocr_line' id='line_1_35' title="bbox 346 3290 1933 3364; baseline 0.007 -26"><span class='ocrx_word' id='word_1_250' title='bbox 346 3300 450 3339; x_wconf 90' lang='lat' dir='ltr'><strong>nos</strong></span> <span class='ocrx_word' id='word_1_251' title='bbox 501 3300 697 3342; x_wconf 84' lang='lat' dir='ltr'><strong>smnus</strong></span> <span class='ocrx_word' id='word_1_252' title='bbox 745 3304 933 3354; x_wconf 82' lang='lat' dir='ltr'><strong>causa,</strong></span> <span class='ocrx_word' id='word_1_253' title='bbox 984 3290 1339 3359; x_wconf 86' lang='lat' dir='ltr'><strong>quamobrem</strong></span> <span class='ocrx_word' id='word_1_254' title='bbox 1395 3293 1622 3361; x_wconf 87' lang='lat' dir='ltr'><strong>pulchra</strong></span> <span class='ocrx_word' id='word_1_255' title='bbox 1665 3303 1720 3349; x_wconf 89' lang='lat' dir='ltr'><strong>et</strong></span> <span class='ocrx_word' id='word_1_256' title='bbox 1767 3294 1933 3364; x_wconf 84' lang='lat' dir='ltr'><strong>digna</strong></span> 
     </span>
    </p>
   </div>
   <div class='ocr_carea' id='block_1_36' title="bbox 346 3378 1931 3455">
    <p class='ocr_par' dir='ltr' id='par_1_36' title="bbox 346 3378 1931 3455">
     <span class='ocr_line' id='line_1_36' title="bbox 346 3378 1931 3455; baseline 0.007 -25"><span class='ocrx_word' id='word_1_257' title='bbox 346 3392 544 3447; x_wconf 86' lang='lat' dir='ltr'><strong>genera</strong></span> <span class='ocrx_word' id='word_1_258' title='bbox 576 3378 751 3434; x_wconf 89' lang='lat' dir='ltr'><strong>simus</strong></span> <span class='ocrx_word' id='word_1_259' title='bbox 785 3380 849 3435; x_wconf 90' lang='lat' dir='ltr'><strong>iis</strong></span> <span class='ocrx_word' id='word_1_260' title='bbox 872 3395 993 3450; x_wconf 80' lang='lat' dir='ltr'><strong>qua:</strong></span> <span class='ocrx_word' id='word_1_261' title='bbox 1028 3396 1155 3435; x_wconf 87' lang='lat' dir='ltr'><strong>vasa</strong></span> <span class='ocrx_word' id='word_1_262' title='bbox 1185 3382 1528 3451; x_wconf 87' lang='lat' dir='ltr'><strong>appellantur</strong></span> <span class='ocrx_word' id='word_1_263' title='bbox 1550 3425 1566 3450; x_wconf 86' lang='lat'><strong>,</strong></span> <span class='ocrx_word' id='word_1_264' title='bbox 1603 3385 1684 3439; x_wconf 85' lang='lat' dir='ltr'><strong>vel</strong></span> <span class='ocrx_word' id='word_1_265' title='bbox 1717 3386 1931 3455; x_wconf 89' lang='lat' dir='ltr'><strong>putrida</strong></span> 
     </span>
    </p>
   </div>
   <div class='ocr_carea' id='block_1_37' title="bbox 344 3468 1931 3540">
    <p class='ocr_par' dir='ltr' id='par_1_37' title="bbox 344 3468 1931 3540">
     <span class='ocr_line' id='line_1_37' title="bbox 344 3468 1931 3540; baseline 0.006 -19"><span class='ocrx_word' id='word_1_266' title='bbox 344 3477 402 3521; x_wconf 88' lang='lat' dir='ltr'><strong>et</strong></span> <span class='ocrx_word' id='word_1_267' title='bbox 421 3468 582 3537; x_wconf 82' lang='lat' dir='ltr'><strong>digna</strong></span> <span class='ocrx_word' id='word_1_268' title='bbox 615 3486 734 3540; x_wconf 63' lang='lat' dir='ltr'><strong>qua‘</strong></span> <span class='ocrx_word' id='word_1_269' title='bbox 762 3469 913 3526; x_wconf 78' lang='lat' dir='ltr'><strong>foras</strong></span> <span class='ocrx_word' id='word_1_270' title='bbox 942 3471 1295 3540; x_wconf 86' lang='lat' dir='ltr'><strong>projiciamur</strong></span> <span class='ocrx_word' id='word_1_271' title='bbox 1322 3472 1400 3539; x_wconf 74' lang='lat'><strong>&quot;;</strong></span> <span class='ocrx_word' id='word_1_272' title='bbox 1437 3490 1538 3529; x_wconf 91' lang='lat' dir='ltr'><strong>nec</strong></span> <span class='ocrx_word' id='word_1_273' title='bbox 1566 3476 1712 3530; x_wconf 89' lang='lat' dir='ltr'><strong>enim</strong></span> <span class='ocrx_word' id='word_1_274' title='bbox 1744 3476 1798 3529; x_wconf 93' lang='lat' dir='ltr'><strong>in</strong></span> <span class='ocrx_word' id='word_1_275' title='bbox 1829 3491 1931 3531; x_wconf 91' lang='lat' dir='ltr'><strong>no-</strong></span> 
     </span>
    </p>
   </div>
   <div class='ocr_carea' id='block_1_38' title="bbox 347 3557 1932 3637">
    <p class='ocr_par' dir='ltr' id='par_1_38' title="bbox 347 3557 1932 3637">
     <span class='ocr_line' id='line_1_38' title="bbox 347 3557 1932 3637; baseline 0.005 -24"><span class='ocrx_word' id='word_1_276' title='bbox 347 3557 432 3613; x_wconf 87' lang='lat' dir='ltr'><strong>bis</strong></span> <span class='ocrx_word' id='word_1_277' title='bbox 465 3570 659 3615; x_wconf 85' lang='lat' dir='ltr'><strong>natnra</strong></span> <span class='ocrx_word' id='word_1_278' title='bbox 690 3562 1004 3617; x_wconf 86' lang='lat' dir='ltr'><strong>vitiositatis</strong></span> <span class='ocrx_word' id='word_1_279' title='bbox 1038 3577 1205 3616; x_wconf 75' lang='lat' dir='ltr'><strong>causa</strong></span> <span class='ocrx_word' id='word_1_280' title='bbox 1237 3571 1341 3626; x_wconf 87' lang='lat' dir='ltr'><strong>est,</strong></span> <span class='ocrx_word' id='word_1_281' title='bbox 1366 3563 1458 3618; x_wconf 85' lang='lat' dir='ltr'><strong>sed</strong></span> <span class='ocrx_word' id='word_1_282' title='bbox 1484 3564 1678 3620; x_wconf 86' lang='lat' dir='ltr'><strong>electio</strong></span> <span class='ocrx_word' id='word_1_283' title='bbox 1710 3575 1932 3637; x_wconf 86' lang='lat' dir='ltr'><strong>sponta-</strong></span> 
     </span>
    </p>
   </div>
   <div class='ocr_carea' id='block_1_39' title="bbox 350 3650 1933 3725">
    <p class='ocr_par' dir='ltr' id='par_1_39' title="bbox 350 3650 1933 3725">
     <span class='ocr_line' id='line_1_39' title="bbox 350 3650 1933 3725; baseline 0.006 -22"><span class='ocrx_word' id='word_1_284' title='bbox 350 3665 452 3705; x_wconf 86' lang='lat' dir='ltr'><strong>nea</strong></span> <span class='ocrx_word' id='word_1_285' title='bbox 491 3655 694 3707; x_wconf 87' lang='lat' dir='ltr'><strong>malum</strong></span> <span class='ocrx_word' id='word_1_286' title='bbox 734 3652 962 3708; x_wconf 76' lang='lat' dir='ltr'><strong>faciens.</strong></span> <span class='ocrx_word' id='word_1_287' title='bbox 1000 3650 1264 3707; x_wconf 87' lang='lat' dir='ltr'><strong>Similiter</strong></span> <span class='ocrx_word' id='word_1_288' title='bbox 1302 3670 1480 3725; x_wconf 89' lang='lat' dir='ltr'><strong>neque</strong></span> <span class='ocrx_word' id='word_1_289' title='bbox 1529 3664 1721 3711; x_wconf 84' lang='lat' dir='ltr'><strong>natura</strong></span> <span class='ocrx_word' id='word_1_290' title='bbox 1765 3672 1933 3712; x_wconf 88' lang='lat' dir='ltr'><strong>causa</strong></span> 
     </span>
    </p>
   </div>
   <div class='ocr_carea' id='block_1_40' title="bbox 349 3744 1932 3816">
    <p class='ocr_par' dir='ltr' id='par_1_40' title="bbox 349 3744 1932 3816">
     <span class='ocr_line' id='line_1_40' title="bbox 349 3744 1932 3816; baseline 0.004 -20"><span class='ocrx_word' id='word_1_291' title='bbox 349 3751 432 3796; x_wconf 89' lang='lat' dir='ltr'><strong>est</strong></span> <span class='ocrx_word' id='word_1_292' title='bbox 464 3744 711 3812; x_wconf 73' lang='lat' dir='ltr'><strong>justitiaa,</strong></span> <span class='ocrx_word' id='word_1_293' title='bbox 758 3748 913 3815; x_wconf 84' lang='lat' dir='ltr'><strong>quasi</strong></span> <span class='ocrx_word' id='word_1_294' title='bbox 969 3762 1091 3816; x_wconf 65' lang='lat' dir='ltr'><strong>quae</strong></span> <span class='ocrx_word' id='word_1_295' title='bbox 1139 3745 1464 3815; x_wconf 89' lang='lat' dir='ltr'><strong>injustitiam</strong></span> <span class='ocrx_word' id='word_1_296' title='bbox 1501 3748 1789 3803; x_wconf 88' lang='lat' dir='ltr'><strong>admittere</strong></span> <span class='ocrx_word' id='word_1_297' title='bbox 1825 3764 1932 3803; x_wconf 91' lang='lat' dir='ltr'><strong>non</strong></span> 
     </span>
    </p>
   </div>
   <div class='ocr_carea' id='block_1_41' title="bbox 350 3834 1934 3909">
    <p class='ocr_par' dir='ltr' id='par_1_41' title="bbox 350 3834 1934 3909">
     <span class='ocr_line' id='line_1_41' title="bbox 350 3834 1934 3909; baseline 0.003 -20"><span class='ocrx_word' id='word_1_298' title='bbox 350 3834 564 3903; x_wconf 83' lang='lat' dir='ltr'><strong>possit,</strong></span> <span class='ocrx_word' id='word_1_299' title='bbox 600 3838 691 3890; x_wconf 88' lang='lat' dir='ltr'><strong>sed</strong></span> <span class='ocrx_word' id='word_1_300' title='bbox 719 3837 1007 3891; x_wconf 83' lang='lat' dir='ltr'><strong>consilium</strong></span> <span class='ocrx_word' id='word_1_301' title='bbox 1041 3853 1071 3892; x_wconf 92' lang='lat' dir='ltr'><strong>a</strong></span> <span class='ocrx_word' id='word_1_302' title='bbox 1105 3839 1264 3892; x_wconf 85' lang='lat' dir='ltr'><strong>nobis</strong></span> <span class='ocrx_word' id='word_1_303' title='bbox 1292 3846 1609 3908; x_wconf 85' lang='lat' dir='ltr'><strong>susceptum</strong></span> <span class='ocrx_word' id='word_1_304' title='bbox 1630 3879 1644 3904; x_wconf 90' lang='lat'><strong>,</strong></span> <span class='ocrx_word' id='word_1_305' title='bbox 1674 3839 1820 3909; x_wconf 90' lang='lat' dir='ltr'><strong>quod</strong></span> <span class='ocrx_word' id='word_1_306' title='bbox 1847 3839 1934 3909; x_wconf 87' lang='lat' dir='ltr'><strong>ju-</strong></span> 
     </span>
    </p>
   </div>
   <div class='ocr_carea' id='block_1_42' title="bbox 350 3925 1935 4001">
    <p class='ocr_par' dir='ltr' id='par_1_42' title="bbox 350 3925 1935 4001">
     <span class='ocr_line' id='line_1_42' title="bbox 350 3925 1935 4001; baseline 0.004 -22"><span class='ocrx_word' id='word_1_307' title='bbox 350 3938 464 3981; x_wconf 72' lang='lat' dir='ltr'><strong>stos</strong></span> <span class='ocrx_word' id='word_1_308' title='bbox 494 3925 673 3981; x_wconf 85' lang='lat' dir='ltr'><strong>eilicit.</strong></span> <span class='ocrx_word' id='word_1_309' title='bbox 701 3926 911 3982; x_wconf 80' lang='lat' dir='ltr'><strong>Etenim</strong></span> <span class='ocrx_word' id='word_1_310' title='bbox 942 3929 1244 3984; x_wconf 84' lang='lat' dir='ltr'><strong>viventium</strong></span> <span class='ocrx_word' id='word_1_311' title='bbox 1270 3931 1321 3983; x_wconf 93' lang='lat' dir='ltr'><strong>in</strong></span> <span class='ocrx_word' id='word_1_312' title='bbox 1346 3931 1507 3999; x_wconf 89' lang='lat' dir='ltr'><strong>aquis</strong></span> <span class='ocrx_word' id='word_1_313' title='bbox 1530 3945 1728 4001; x_wconf 81' lang='lat' dir='ltr'><strong>genera</strong></span> <span class='ocrx_word' id='word_1_314' title='bbox 1751 3930 1935 3985; x_wconf 88' lang='lat' dir='ltr'><strong>videre</strong></span> 
     </span>
    </p>
   </div>
   <div class='ocr_carea' id='block_1_43' title="bbox 351 4021 1935 4092">
    <p class='ocr_par' dir='ltr' id='par_1_43' title="bbox 351 4021 1935 4092">
     <span class='ocr_line' id='line_1_43' title="bbox 351 4021 1935 4092; baseline 0.004 -21"><span class='ocrx_word' id='word_1_315' title='bbox 351 4028 594 4085; x_wconf 89' lang='lat' dir='ltr'><strong>nonest,</strong></span> <span class='ocrx_word' id='word_1_316' title='bbox 642 4035 766 4089; x_wconf 64' lang='lat' dir='ltr'><strong>qua</strong></span> <span class='ocrx_word' id='word_1_317' title='bbox 813 4035 843 4074; x_wconf 88' lang='lat' dir='ltr'><strong>a</strong></span> <span class='ocrx_word' id='word_1_318' title='bbox 888 4021 1255 4077; x_wconf 88' lang='lat' dir='ltr'><strong>deterioribus</strong></span> <span class='ocrx_word' id='word_1_319' title='bbox 1296 4038 1418 4092; x_wconf 73' lang='lat' dir='ltr'><strong>qua:</strong></span> <span class='ocrx_word' id='word_1_320' title='bbox 1450 4022 1502 4075; x_wconf 91' lang='lat' dir='ltr'><strong>in</strong></span> <span class='ocrx_word' id='word_1_321' title='bbox 1534 4022 1778 4091; x_wconf 87' lang='lat' dir='ltr'><strong>piscibus</strong></span> <span class='ocrx_word' id='word_1_322' title='bbox 1826 4024 1935 4078; x_wconf 89' lang='lat' dir='ltr'><strong>sint</strong></span> 
     </span>
    </p>
   </div>
   <div class='ocr_carea' id='block_1_44' title="bbox 351 4110 1938 4178">
    <p class='ocr_par' dir='ltr' id='par_1_44' title="bbox 351 4110 1938 4178">
     <span class='ocr_line' id='line_1_44' title="bbox 351 4110 1938 4178; baseline 0.009 -20"><span class='ocrx_word' id='word_1_323' title='bbox 351 4110 646 4178; x_wconf 76' lang='lat' dir='ltr'><strong>generibus</strong></span> <span class='ocrx_word' id='word_1_324' title='bbox 698 4111 751 4164; x_wconf 92' lang='lat' dir='ltr'><strong>in</strong></span> <span class='ocrx_word' id='word_1_325' title='bbox 787 4112 1011 4166; x_wconf 86' lang='lat' dir='ltr'><strong>meliora</strong></span> <span class='ocrx_word' id='word_1_326' title='bbox 1047 4122 1350 4176; x_wconf 88' lang='lat' dir='ltr'><strong>mutentur,</strong></span> <span class='ocrx_word' id='word_1_327' title='bbox 1403 4113 1487 4168; x_wconf 91' lang='lat' dir='ltr'><strong>vel</strong></span> <span class='ocrx_word' id='word_1_328' title='bbox 1533 4128 1563 4167; x_wconf 89' lang='lat' dir='ltr'><strong>a</strong></span> <span class='ocrx_word' id='word_1_329' title='bbox 1616 4114 1938 4172; x_wconf 87' lang='lat' dir='ltr'><strong>melioribus</strong></span> 
     </span>
    </p>
   </div>
   <div class='ocr_carea' id='block_1_45' title="bbox 354 4203 1939 4279">
    <p class='ocr_par' dir='ltr' id='par_1_45' title="bbox 354 4203 1939 4279">
     <span class='ocr_line' id='line_1_45' title="bbox 354 4203 1939 4279; baseline 0.003 -23"><span class='ocrx_word' id='word_1_330' title='bbox 354 4203 409 4256; x_wconf 94' lang='lat' dir='ltr'><strong>in</strong></span> <span class='ocrx_word' id='word_1_331' title='bbox 445 4204 717 4259; x_wconf 88' lang='lat' dir='ltr'><strong>deteriora</strong></span> <span class='ocrx_word' id='word_1_332' title='bbox 768 4223 781 4260; x_wconf 90' lang='lat'><strong>:</strong></span> <span class='ocrx_word' id='word_1_333' title='bbox 836 4205 1088 4262; x_wconf 88' lang='lat' dir='ltr'><strong>homines</strong></span> <span class='ocrx_word' id='word_1_334' title='bbox 1126 4216 1308 4262; x_wconf 90' lang='lat' dir='ltr'><strong>autem</strong></span> <span class='ocrx_word' id='word_1_335' title='bbox 1340 4209 1523 4279; x_wconf 83' lang='lat' dir='ltr'><strong>justos</strong></span> <span class='ocrx_word' id='word_1_336' title='bbox 1564 4217 1618 4265; x_wconf 91' lang='lat' dir='ltr'><strong>ct</strong></span> <span class='ocrx_word' id='word_1_337' title='bbox 1651 4208 1834 4263; x_wconf 85' lang='lat' dir='ltr'><strong>malos</strong></span> <span class='ocrx_word' id='word_1_338' title='bbox 1858 4208 1939 4261; x_wconf 83' lang='lat' dir='ltr'><strong>vi-</strong></span> 
     </span>
    </p>
   </div>
   <div class='ocr_carea' id='block_1_46' title="bbox 354 4296 1934 4369">
    <p class='ocr_par' dir='ltr' id='par_1_46' title="bbox 354 4296 1934 4369">
     <span class='ocr_line' id='line_1_46' title="bbox 354 4296 1934 4369; baseline 0.003 -18"><span class='ocrx_word' id='word_1_339' title='bbox 354 4296 483 4352; x_wconf 88' lang='lat' dir='ltr'><strong>dere</strong></span> <span class='ocrx_word' id='word_1_340' title='bbox 508 4298 652 4363; x_wconf 87' lang='lat' dir='ltr'><strong>licet,</strong></span> <span class='ocrx_word' id='word_1_341' title='bbox 688 4298 766 4352; x_wconf 83' lang='lat' dir='ltr'><strong>vel</strong></span> <span class='ocrx_word' id='word_1_342' title='bbox 812 4298 880 4352; x_wconf 89' lang='lat' dir='ltr'><strong>ab</strong></span> <span class='ocrx_word' id='word_1_343' title='bbox 919 4298 1208 4369; x_wconf 78' lang='lat' dir='ltr'><strong>iniquitate</strong></span> <span class='ocrx_word' id='word_1_344' title='bbox 1236 4303 1302 4356; x_wconf 90' lang='lat' dir='ltr'><strong>ad</strong></span> <span class='ocrx_word' id='word_1_345' title='bbox 1335 4302 1587 4356; x_wconf 84' lang='lat' dir='ltr'><strong>virtutem</strong></span> <span class='ocrx_word' id='word_1_346' title='bbox 1621 4300 1934 4365; x_wconf 81' lang='lat' dir='ltr'><strong>evadentes,</strong></span> 
     </span>
    </p>
   </div>
   <div class='ocr_carea' id='block_1_47' title="bbox 350 4390 1936 4460">
    <p class='ocr_par' dir='ltr' id='par_1_47' title="bbox 350 4390 1936 4460">
     <span class='ocr_line' id='line_1_47' title="bbox 350 4390 1936 4460; baseline 0.001 -17"><span class='ocrx_word' id='word_1_347' title='bbox 350 4390 435 4443; x_wconf 87' lang='lat' dir='ltr'><strong>vel</strong></span> <span class='ocrx_word' id='word_1_348' title='bbox 464 4406 492 4442; x_wconf 94' lang='lat' dir='ltr'><strong>a</strong></span> <span class='ocrx_word' id='word_1_349' title='bbox 513 4390 760 4460; x_wconf 78' lang='lat' dir='ltr'><strong>profectu</strong></span> <span class='ocrx_word' id='word_1_350' title='bbox 790 4391 841 4443; x_wconf 90' lang='lat' dir='ltr'><strong>in</strong></span> <span class='ocrx_word' id='word_1_351' title='bbox 861 4390 1063 4446; x_wconf 89' lang='lat' dir='ltr'><strong>virtute</strong></span> <span class='ocrx_word' id='word_1_352' title='bbox 1090 4394 1156 4448; x_wconf 87' lang='lat' dir='ltr'><strong>ad</strong></span> <span class='ocrx_word' id='word_1_353' title='bbox 1187 4393 1503 4449; x_wconf 89' lang='lat' dir='ltr'><strong>vitiositatis</strong></span> <span class='ocrx_word' id='word_1_354' title='bbox 1521 4392 1936 4449; x_wconf 87' lang='lat' dir='ltr'><strong>dissolutionem</strong></span> 
     </span>
    </p>
   </div>
   <div class='ocr_carea' id='block_1_48' title="bbox 351 4478 1939 4554">
    <p class='ocr_par' dir='ltr' id='par_1_48' title="bbox 351 4478 1939 4554">
     <span class='ocr_line' id='line_1_48' title="bbox 351 4478 1939 4554; baseline 0.003 -21"><span class='ocrx_word' id='word_1_355' title='bbox 351 4491 707 4534; x_wconf 82' lang='lat' dir='ltr'><strong>revertentes.</strong></span> <span class='ocrx_word' id='word_1_356' title='bbox 756 4478 969 4536; x_wconf 73' lang='lat' dir='ltr'><strong>Idcirco</strong></span> <span class='ocrx_word' id='word_1_357' title='bbox 1017 4494 1070 4539; x_wconf 89' lang='lat' dir='ltr'><strong>ct</strong></span> <span class='ocrx_word' id='word_1_358' title='bbox 1115 4486 1167 4539; x_wconf 91' lang='lat' dir='ltr'><strong>in</strong></span> <span class='ocrx_word' id='word_1_359' title='bbox 1230 4484 1545 4552; x_wconf 86' lang='lat' dir='ltr'><strong>Ezechiele,</strong></span> <span class='ocrx_word' id='word_1_360' title='bbox 1587 4487 1654 4541; x_wconf 87' lang='lat' dir='ltr'><strong>de</strong></span> <span class='ocrx_word' id='word_1_361' title='bbox 1691 4500 1757 4540; x_wconf 90' lang='lat' dir='ltr'><strong>eo</strong></span> <span class='ocrx_word' id='word_1_362' title='bbox 1786 4484 1939 4554; x_wconf 89' lang='lat' dir='ltr'><strong>quia</strong></span> 
     </span>
    </p>
   </div>
   <div class='ocr_carea' id='block_1_49' title="bbox 2020 630 3599 705">
    <p class='ocr_par' dir='ltr' id='par_1_49' title="bbox 2020 630 3599 705">
     <span class='ocr_line' id='line_1_49' title="bbox 2020 630 3599 705; baseline 0.004 -22"><span class='ocrx_word' id='word_1_363' title='bbox 2020 631 2163 700; x_wconf 81' lang='grc' dir='ltr'>λέγω</span> <span class='ocrx_word' id='word_1_364' title='bbox 2197 630 2255 684; x_wconf 78' lang='grc' dir='ltr'>δὲ</span> <span class='ocrx_word' id='word_1_365' title='bbox 2285 630 2380 684; x_wconf 63' lang='grc' dir='ltr'><strong>κοιλ⁵</strong></span> <span class='ocrx_word' id='word_1_366' title='bbox 2406 630 2549 683; x_wconf 85' lang='grc' dir='ltr'><strong>κατά</strong></span> <span class='ocrx_word' id='word_1_367' title='bbox 2571 630 2670 702; x_wconf 80' lang='grc' dir='ltr'>τὴν</span> <span class='ocrx_word' id='word_1_368' title='bbox 2697 630 2889 702; x_wconf 79' lang='grc' dir='ltr'>χρόαν,</span> <span class='ocrx_word' id='word_1_369' title='bbox 2937 632 3031 684; x_wconf 79' lang='grc' dir='ltr'>καὶ</span> <span class='ocrx_word' id='word_1_370' title='bbox 3063 631 3203 686; x_wconf 87' lang='grc' dir='ltr'><strong>κατά</strong></span> <span class='ocrx_word' id='word_1_371' title='bbox 3238 631 3340 697; x_wconf 78' lang='grc' dir='ltr'>τὰς</span> <span class='ocrx_word' id='word_1_372' title='bbox 3384 635 3599 705; x_wconf 81' lang='grc' dir='ltr'>είσοχάς</span> 
     </span>
    </p>
   </div>
   <div class='ocr_carea' id='block_1_50' title="bbox 2020 721 3595 794">
    <p class='ocr_par' dir='ltr' id='par_1_50' title="bbox 2020 721 3595 794">
     <span class='ocr_line' id='line_1_50' title="bbox 2020 721 3595 794; baseline 0.003 -18"><span class='ocrx_word' id='word_1_373' title='bbox 2020 725 2116 777; x_wconf 73' lang='lat' dir='ltr'><strong>xa‘t</strong></span> <span class='ocrx_word' id='word_1_374' title='bbox 2145 722 2370 792; x_wconf 76' lang='grc' dir='ltr'>ἐξοχὰς,</span> <span class='ocrx_word' id='word_1_375' title='bbox 2409 723 2470 775; x_wconf 84' lang='grc' dir='ltr'>οὐ</span> <span class='ocrx_word' id='word_1_376' title='bbox 2516 723 2622 793; x_wconf 80' lang='grc' dir='ltr'>μὴν</span> <span class='ocrx_word' id='word_1_377' title='bbox 2665 722 2759 776; x_wconf 66' lang='grc' dir='ltr'><strong>καὶ⁵</strong></span> <span class='ocrx_word' id='word_1_378' title='bbox 2799 721 2907 776; x_wconf 89' lang='grc' dir='ltr'><strong>τῶν</strong></span> <span class='ocrx_word' id='word_1_379' title='bbox 2940 724 2997 777; x_wconf 79' lang='grc' dir='ltr'>ἐν</span> <span class='ocrx_word' id='word_1_380' title='bbox 3032 722 3185 794; x_wconf 78' lang='grc' dir='ltr'>βάθει</span> <span class='ocrx_word' id='word_1_381' title='bbox 3216 723 3381 779; x_wconf 73' lang='grc' dir='ltr'>εἰκών</span> <span class='ocrx_word' id='word_1_382' title='bbox 3415 727 3595 782; x_wconf 72' lang='grc' dir='ltr'><strong>ἐστιν⁸</strong></span> 
     </span>
    </p>
   </div>
   <div class='ocr_carea' id='block_1_51' title="bbox 2020 813 3600 885">
    <p class='ocr_par' dir='ltr' id='par_1_51' title="bbox 2020 813 3600 885">
     <span class='ocr_line' id='line_1_51' title="bbox 2020 813 3600 885; baseline 0.002 -17"><span class='ocrx_word' id='word_1_383' title='bbox 2020 816 2162 868; x_wconf 70' lang='grc' dir='ltr'>οὕτω</span> <span class='ocrx_word' id='word_1_384' title='bbox 2220 832 2310 885; x_wconf 90' lang='grc' dir='ltr'><strong>μοι</strong></span> <span class='ocrx_word' id='word_1_385' title='bbox 2360 815 2470 869; x_wconf 89' lang='grc' dir='ltr'>νόει</span> <span class='ocrx_word' id='word_1_386' title='bbox 2525 815 2621 869; x_wconf 77' lang='grc' dir='ltr'>καὶ</span> <span class='ocrx_word' id='word_1_387' title='bbox 2663 814 2757 867; x_wconf 73' lang='grc' dir='ltr'><strong>ἐπὶ</strong></span> <span class='ocrx_word' id='word_1_388' title='bbox 2819 813 2927 866; x_wconf 87' lang='grc' dir='ltr'><strong>τῶν</strong></span> <span class='ocrx_word' id='word_1_389' title='bbox 2981 814 3123 869; x_wconf 81' lang='grc' dir='ltr'><strong>κατά</strong></span> <span class='ocrx_word' id='word_1_390' title='bbox 3160 815 3223 869; x_wconf 83' lang='grc' dir='ltr'>τὸ</span> <span class='ocrx_word' id='word_1_391' title='bbox 3267 817 3600 885; x_wconf 74' lang='grc' dir='ltr'>Εὑαγγέλιον</span> 
     </span>
    </p>
   </div>
   <div class='ocr_carea' id='block_1_52' title="bbox 2020 906 3601 981">
    <p class='ocr_par' dir='ltr' id='par_1_52' title="bbox 2020 906 3601 981">
     <span class='ocr_line' id='line_1_52' title="bbox 2020 906 3601 981; baseline 0.001 -20"><span class='ocrx_word' id='word_1_392' title='bbox 2020 907 2351 978; x_wconf 80' lang='grc' dir='ltr'>ὁμοιώσεων,</span> <span class='ocrx_word' id='word_1_393' title='bbox 2386 908 2485 979; x_wconf 84' lang='grc' dir='ltr'>τὴν</span> <span class='ocrx_word' id='word_1_394' title='bbox 2522 906 2797 978; x_wconf 85' lang='grc' dir='ltr'>βασιλείαν</span> <span class='ocrx_word' id='word_1_395' title='bbox 2827 907 2938 961; x_wconf 87' lang='grc' dir='ltr'><strong>τῶν</strong></span> <span class='ocrx_word' id='word_1_396' title='bbox 2968 909 3213 978; x_wconf 81' lang='grc' dir='ltr'><strong>οὐρανῶν</strong></span> <span class='ocrx_word' id='word_1_397' title='bbox 3237 909 3601 981; x_wconf 73' lang='grc' dir='ltr'>όμοιουμένην</span> 
     </span>
    </p>
   </div>
   <div class='ocr_carea' id='block_1_53' title="bbox 2022 998 3601 1071">
    <p class='ocr_par' dir='ltr' id='par_1_53' title="bbox 2022 998 3601 1071">
     <span class='ocr_line' id='line_1_53' title="bbox 2022 998 3601 1071; baseline 0.001 -19"><span class='ocrx_word' id='word_1_398' title='bbox 2022 1000 2129 1053; x_wconf 74' lang='grc' dir='ltr'>τινὶ</span> <span class='ocrx_word' id='word_1_399' title='bbox 2168 998 2486 1069; x_wconf 84' lang='grc' dir='ltr'>ὁμοιοῦσθαι</span> <span class='ocrx_word' id='word_1_400' title='bbox 2527 999 2588 1052; x_wconf 81' lang='grc' dir='ltr'>οὐ</span> <span class='ocrx_word' id='word_1_401' title='bbox 2620 999 2709 1052; x_wconf 78' lang='grc' dir='ltr'>διὰ</span> <span class='ocrx_word' id='word_1_402' title='bbox 2737 1000 2915 1053; x_wconf 86' lang='grc' dir='ltr'>πάντα</span> <span class='ocrx_word' id='word_1_403' title='bbox 2949 999 3019 1052; x_wconf 88' lang='grc' dir='ltr'><strong>τά</strong></span> <span class='ocrx_word' id='word_1_404' title='bbox 3052 1000 3324 1071; x_wconf 81' lang='grc' dir='ltr'><strong>προσόντα</strong></span> <span class='ocrx_word' id='word_1_405' title='bbox 3352 1000 3433 1071; x_wconf 76' lang='grc' dir='ltr'>τῷ</span> <span class='ocrx_word' id='word_1_406' title='bbox 3462 1003 3544 1065; x_wconf 85' lang='grc' dir='ltr'><strong>είς</strong></span> <span class='ocrx_word' id='word_1_407' title='bbox 3570 1000 3601 1054; x_wconf 77' lang='grc' dir='ltr'><strong>δ</strong></span> 
     </span>
    </p>
   </div>
   <div class='ocr_carea' id='block_1_54' title="bbox 2021 1085 3600 1163">
    <p class='ocr_par' dir='ltr' id='par_1_54' title="bbox 2021 1085 3600 1163">
     <span class='ocr_line' id='line_1_54' title="bbox 2021 1085 3600 1163; baseline 0.002 -21"><span class='ocrx_word' id='word_1_408' title='bbox 2021 1092 2054 1162; x_wconf 84' lang='grc' dir='ltr'>ή</span> <span class='ocrx_word' id='word_1_409' title='bbox 2089 1090 2367 1160; x_wconf 88' lang='grc' dir='ltr'>ὁμοίωσις,</span> <span class='ocrx_word' id='word_1_410' title='bbox 2407 1089 2544 1144; x_wconf 78' lang='grc' dir='ltr'>ἀλλὰ</span> <span class='ocrx_word' id='word_1_411' title='bbox 2570 1091 2661 1144; x_wconf 84' lang='grc' dir='ltr'>διά</span> <span class='ocrx_word' id='word_1_412' title='bbox 2690 1108 2812 1144; x_wconf 90' lang='grc' dir='ltr'>τινα</span> <span class='ocrx_word' id='word_1_413' title='bbox 2835 1085 2911 1144; x_wconf 85' lang='grc' dir='ltr'>ὧν</span> <span class='ocrx_word' id='word_1_414' title='bbox 2942 1090 3133 1163; x_wconf 75' lang='grc' dir='ltr'>χρῄζει</span> <span class='ocrx_word' id='word_1_415' title='bbox 3163 1093 3192 1145; x_wconf 88' lang='grc' dir='ltr'><strong>ό</strong></span> <span class='ocrx_word' id='word_1_416' title='bbox 3221 1090 3600 1163; x_wconf 78' lang='grc' dir='ltr'>παραληφθεὶς</span> 
     </span>
    </p>
   </div>
   <div class='ocr_carea' id='block_1_55' title="bbox 2022 1182 3596 1255">
    <p class='ocr_par' dir='ltr' id='par_1_55' title="bbox 2022 1182 3596 1255">
     <span class='ocr_line' id='line_1_55' title="bbox 2022 1182 3596 1255; baseline 0 -19"><span class='ocrx_word' id='word_1_417' title='bbox 2022 1183 2198 1252; x_wconf 84' lang='grc' dir='ltr'>λόγος.</span> <span class='ocrx_word' id='word_1_418' title='bbox 2237 1184 2345 1237; x_wconf 75' lang='grc' dir='ltr'><strong>Καὶ</strong></span> <span class='ocrx_word' id='word_1_419' title='bbox 2376 1183 2613 1238; x_wconf 75' lang='grc' dir='ltr'>ἐνταῦθα</span> <span class='ocrx_word' id='word_1_420' title='bbox 2642 1184 2820 1237; x_wconf 80' lang='grc' dir='ltr'>τοίνυν</span> <span class='ocrx_word' id='word_1_421' title='bbox 2867 1204 2884 1235; x_wconf 82' lang='grc' dir='ltr'><strong>ι</strong></span> <span class='ocrx_word' id='word_1_422' title='bbox 2925 1183 3085 1254; x_wconf 84' lang='grc' dir='ltr'>ὁμοία</span> <span class='ocrx_word' id='word_1_423' title='bbox 3109 1184 3255 1237; x_wconf 72' lang='grc' dir='ltr'>ἐστὶν</span> <span class='ocrx_word' id='word_1_424' title='bbox 3281 1184 3316 1255; x_wconf 84' lang='grc' dir='ltr'>ή</span> <span class='ocrx_word' id='word_1_425' title='bbox 3351 1182 3596 1255; x_wconf 81' lang='grc' dir='ltr'>βασιλεία</span> 
     </span>
    </p>
   </div>
   <div class='ocr_carea' id='block_1_56' title="bbox 2022 1272 3592 1347">
    <p class='ocr_par' dir='ltr' id='par_1_56' title="bbox 2022 1272 3592 1347">
     <span class='ocr_line' id='line_1_56' title="bbox 2022 1272 3592 1347; baseline -0.002 -20"><span class='ocrx_word' id='word_1_426' title='bbox 2022 1273 2132 1327; x_wconf 86' lang='grc' dir='ltr'><strong>τῶν</strong></span> <span class='ocrx_word' id='word_1_427' title='bbox 2163 1273 2404 1345; x_wconf 82' lang='grc' dir='ltr'><strong>οὐρανῶν</strong></span> <span class='ocrx_word' id='word_1_428' title='bbox 2439 1274 2650 1347; x_wconf 74' lang='grc' dir='ltr'>σαγήνῃ</span> <span class='ocrx_word' id='word_1_429' title='bbox 2698 1273 2956 1347; x_wconf 79' lang='grc' dir='ltr'><strong>βληθείσῃ</strong></span> <span class='ocrx_word' id='word_1_430' title='bbox 2981 1275 3061 1338; x_wconf 88' lang='grc' dir='ltr'><strong>είς</strong></span> <span class='ocrx_word' id='word_1_431' title='bbox 3087 1274 3188 1346; x_wconf 79' lang='grc' dir='ltr'>τὴν</span> <span class='ocrx_word' id='word_1_432' title='bbox 3219 1272 3492 1326; x_wconf 85' lang='grc' dir='ltr'>θάλασσαν</span> <span class='ocrx_word' id='word_1_433' title='bbox 3512 1288 3527 1303; x_wconf 82' lang='grc'><em>’</em></span> <span class='ocrx_word' id='word_1_434' title='bbox 3570 1290 3592 1324; x_wconf 73' lang='grc' dir='ltr'><strong>ο</strong></span> 
     </span>
    </p>
   </div>
   <div class='ocr_carea' id='block_1_57' title="bbox 2022 1365 3596 1437">
    <p class='ocr_par' dir='ltr' id='par_1_57' title="bbox 2022 1365 3596 1437">
     <span class='ocr_line' id='line_1_57' title="bbox 2022 1365 3596 1437; baseline 0.001 -18"><span class='ocrx_word' id='word_1_435' title='bbox 2022 1366 2120 1436; x_wconf 85' lang='grc' dir='ltr'><strong>οὐχ</strong></span> <span class='ocrx_word' id='word_1_436' title='bbox 2152 1366 2227 1429; x_wconf 84' lang='grc' dir='ltr'>ὡς</span> <span class='ocrx_word' id='word_1_437' title='bbox 2271 1365 2474 1420; x_wconf 78' lang='grc' dir='ltr'>οἴονταί</span> <span class='ocrx_word' id='word_1_438' title='bbox 2502 1381 2645 1428; x_wconf 86' lang='grc' dir='ltr'>τινες</span> <span class='ocrx_word' id='word_1_439' title='bbox 2677 1365 2785 1435; x_wconf 85' lang='lat'><strong>(77)</strong></span> <span class='ocrx_word' id='word_1_440' title='bbox 2822 1366 3178 1437; x_wconf 73' lang='grc' dir='ltr'><strong>περιστάντες</strong></span> <span class='ocrx_word' id='word_1_441' title='bbox 3209 1365 3286 1437; x_wconf 84' lang='grc' dir='ltr'>τῷ</span> <span class='ocrx_word' id='word_1_442' title='bbox 3321 1365 3462 1437; x_wconf 83' lang='grc' dir='ltr'>λόγῳ</span> <span class='ocrx_word' id='word_1_443' title='bbox 3494 1365 3596 1435; x_wconf 65' lang='grc' dir='ltr'><strong>φύο</strong></span> 
     </span>
    </p>
   </div>
   <div class='ocr_carea' id='block_1_58' title="bbox 2026 1452 3601 1528">
    <p class='ocr_par' dir='ltr' id='par_1_58' title="bbox 2026 1452 3601 1528">
     <span class='ocr_line' id='line_1_58' title="bbox 2026 1452 3601 1528; baseline -0.001 -18"><span class='ocrx_word' id='word_1_444' title='bbox 2026 1474 2139 1521; x_wconf 89' lang='grc' dir='ltr'>σεις</span> <span class='ocrx_word' id='word_1_445' title='bbox 2172 1452 2308 1512; x_wconf 74' lang='grc' dir='ltr'>εἶναι</span> <span class='ocrx_word' id='word_1_446' title='bbox 2340 1456 2705 1527; x_wconf 74' lang='grc' dir='ltr'><strong>ὑποκειμένας</strong></span> <span class='ocrx_word' id='word_1_447' title='bbox 2744 1457 3032 1528; x_wconf 78' lang='grc' dir='ltr'>διαφόρους</span> <span class='ocrx_word' id='word_1_448' title='bbox 3070 1458 3178 1511; x_wconf 87' lang='grc' dir='ltr'><strong>τῶν</strong></span> <span class='ocrx_word' id='word_1_449' title='bbox 3224 1457 3329 1510; x_wconf 73' lang='grc' dir='ltr'>ὑπὸ</span> <span class='ocrx_word' id='word_1_450' title='bbox 3365 1457 3464 1526; x_wconf 76' lang='grc' dir='ltr'>τὴν</span> <span class='ocrx_word' id='word_1_451' title='bbox 3500 1472 3601 1509; x_wconf 82' lang='grc' dir='ltr'>σα-</span> 
     </span>
    </p>
   </div>
   <div class='ocr_carea' id='block_1_59' title="bbox 2024 1548 3603 1623">
    <p class='ocr_par' dir='ltr' id='par_1_59' title="bbox 2024 1548 3603 1623">
     <span class='ocr_line' id='line_1_59' title="bbox 2024 1548 3603 1623; baseline -0.003 -19"><span class='ocrx_word' id='word_1_452' title='bbox 2024 1553 2197 1623; x_wconf 81' lang='grc' dir='ltr'>γήνην</span> <span class='ocrx_word' id='word_1_453' title='bbox 2229 1550 2563 1623; x_wconf 77' lang='grc' dir='ltr'>ἐληλυθότων</span> <span class='ocrx_word' id='word_1_454' title='bbox 2595 1550 2845 1623; x_wconf 82' lang='grc' dir='ltr'>πονηρῶν</span> <span class='ocrx_word' id='word_1_455' title='bbox 2875 1551 2969 1603; x_wconf 80' lang='grc' dir='ltr'>καὶ</span> <span class='ocrx_word' id='word_1_456' title='bbox 2997 1549 3217 1604; x_wconf 83' lang='grc' dir='ltr'>δικαίων</span> <span class='ocrx_word' id='word_1_457' title='bbox 3237 1568 3251 1580; x_wconf 88' lang='grc'><strong>·</strong></span> <span class='ocrx_word' id='word_1_458' title='bbox 3284 1548 3424 1602; x_wconf 87' lang='grc' dir='ltr'>ὥστε</span> <span class='ocrx_word' id='word_1_459' title='bbox 3452 1549 3603 1618; x_wconf 82' lang='grc' dir='ltr'>νομί-</span> 
     </span>
    </p>
   </div>
   <div class='ocr_carea' id='block_1_60' title="bbox 2026 1624 3603 1708">
    <p class='ocr_par' dir='ltr' id='par_1_60' title="bbox 2026 1624 3603 1708">
     <span class='ocr_line' id='line_1_60' title="bbox 2026 1624 3603 1708; baseline -0.001 -15"><span class='ocrx_word' id='word_1_460' title='bbox 2026 1641 2139 1706; x_wconf 80' lang='grc' dir='ltr'>ζειν</span> <span class='ocrx_word' id='word_1_461' title='bbox 2179 1637 2318 1694; x_wconf 87' lang='grc' dir='ltr'>εἶναι</span> <span class='ocrx_word' id='word_1_462' title='bbox 2368 1640 2455 1693; x_wconf 81' lang='grc' dir='ltr'><strong>διὰ</strong></span> <span class='ocrx_word' id='word_1_463' title='bbox 2500 1642 2561 1693; x_wconf 87' lang='grc' dir='ltr'><strong>τό</strong></span> <span class='ocrx_word' id='word_1_464' title='bbox 2582 1658 2595 1670; x_wconf 91' lang='grc'><strong>·</strong></span> <span class='ocrx_word' id='word_1_465' title='bbox 2651 1659 2671 1691; x_wconf 73' lang='grc' dir='ltr'><strong>ι</strong></span> <span class='ocrx_word' id='word_1_466' title='bbox 2730 1641 2825 1694; x_wconf 83' lang='grc' dir='ltr'>Ἐκ</span> <span class='ocrx_word' id='word_1_467' title='bbox 2870 1624 3069 1704; x_wconf 72' lang='grc' dir='ltr'>παντὸς</span> <span class='ocrx_word' id='word_1_468' title='bbox 3127 1641 3315 1708; x_wconf 80' lang='grc' dir='ltr'>γένους</span> <span class='ocrx_word' id='word_1_469' title='bbox 3366 1654 3603 1707; x_wconf 80' lang='grc' dir='ltr'>συναγα-</span> 
     </span>
    </p>
   </div>
   <div class='ocr_carea' id='block_1_61' title="bbox 2025 1722 3604 1804">
    <p class='ocr_par' dir='ltr' id='par_1_61' title="bbox 2025 1722 3604 1804">
     <span class='ocr_line' id='line_1_61' title="bbox 2025 1722 3604 1804; baseline -0.003 -18"><span class='ocrx_word' id='word_1_470' title='bbox 2025 1733 2195 1804; x_wconf 80' lang='grc' dir='ltr'>γούσῃ</span> <span class='ocrx_word' id='word_1_471' title='bbox 2229 1732 2363 1803; x_wconf 81' lang='grc'><strong>(78),</strong></span> <span class='ocrx_word' id='word_1_472' title='bbox 2405 1753 2424 1785; x_wconf 71' lang='grc' dir='ltr'><strong>ο</strong></span> <span class='ocrx_word' id='word_1_473' title='bbox 2462 1731 2685 1786; x_wconf 87' lang='grc' dir='ltr'>δικαίων</span> <span class='ocrx_word' id='word_1_474' title='bbox 2717 1722 2915 1796; x_wconf 83' lang='grc' dir='ltr'>πολλὰς</span> <span class='ocrx_word' id='word_1_475' title='bbox 2944 1733 3041 1787; x_wconf 71' lang='grc' dir='ltr'>καὶ</span> <span class='ocrx_word' id='word_1_476' title='bbox 3070 1731 3358 1801; x_wconf 84' lang='grc' dir='ltr'>διαφόρους</span> <span class='ocrx_word' id='word_1_477' title='bbox 3392 1730 3604 1798; x_wconf 84' lang='grc' dir='ltr'>φύσεις,</span> 
     </span>
    </p>
   </div>
   <div class='ocr_carea' id='block_1_62' title="bbox 2028 1822 3603 1896">
    <p class='ocr_par' dir='ltr' id='par_1_62' title="bbox 2028 1822 3603 1896">
     <span class='ocr_line' id='line_1_62' title="bbox 2028 1822 3603 1896; baseline 0.004 -25"><span class='ocrx_word' id='word_1_478' title='bbox 2028 1825 2229 1896; x_wconf 77' lang='grc' dir='ltr'>ὁμοίως</span> <span class='ocrx_word' id='word_1_479' title='bbox 2276 1824 2332 1877; x_wconf 65' lang='grc' dir='ltr'>δὲ</span> <span class='ocrx_word' id='word_1_480' title='bbox 2385 1827 2488 1880; x_wconf 70' lang='grc' dir='ltr'>καὶ</span> <span class='ocrx_word' id='word_1_481' title='bbox 2534 1823 2821 1895; x_wconf 79' lang='grc' dir='ltr'>πονηρῶν·</span> <span class='ocrx_word' id='word_1_482' title='bbox 2871 1826 2937 1894; x_wconf 81' lang='grc' dir='ltr'>τῇ</span> <span class='ocrx_word' id='word_1_483' title='bbox 2988 1824 3095 1895; x_wconf 79' lang='grc' dir='ltr'><strong>γὰρ</strong></span> <span class='ocrx_word' id='word_1_484' title='bbox 3144 1822 3364 1894; x_wconf 71' lang='grc' dir='ltr'>τοιαύτη</span> <span class='ocrx_word' id='word_1_485' title='bbox 3413 1822 3603 1893; x_wconf 69' lang='grc' dir='ltr'><strong>ὲκῖοχῇ</strong></span> 
     </span>
    </p>
   </div>
   <div class='ocr_carea' id='block_1_63' title="bbox 2031 1911 3606 1982">
    <p class='ocr_par' dir='ltr' id='par_1_63' title="bbox 2031 1911 3606 1982">
     <span class='ocr_line' id='line_1_63' title="bbox 2031 1911 3606 1982; baseline -0.003 -14"><span class='ocrx_word' id='word_1_486' title='bbox 2031 1912 2401 1970; x_wconf 77' lang='grc' dir='ltr'>ἐναντιοῦνται</span> <span class='ocrx_word' id='word_1_487' title='bbox 2449 1915 2617 1967; x_wconf 79' lang='grc' dir='ltr'>πᾶσαι</span> <span class='ocrx_word' id='word_1_488' title='bbox 2661 1914 2718 1967; x_wconf 83' lang='grc' dir='ltr'>αἱ</span> <span class='ocrx_word' id='word_1_489' title='bbox 2763 1914 2825 1966; x_wconf 78' lang='grc' dir='ltr'>τὸ</span> <span class='ocrx_word' id='word_1_490' title='bbox 2869 1911 3215 1979; x_wconf 81' lang='grc' dir='ltr'>αὐτεξούσιον</span> <span class='ocrx_word' id='word_1_491' title='bbox 3248 1911 3606 1982; x_wconf 73' lang='grc' dir='ltr'>ἐμφαίνουσαι</span> 
     </span>
    </p>
   </div>
   <div class='ocr_carea' id='block_1_64' title="bbox 2029 2002 3607 2083">
    <p class='ocr_par' dir='ltr' id='par_1_64' title="bbox 2029 2002 3607 2083">
     <span class='ocr_line' id='line_1_64' title="bbox 2029 2002 3607 2083; baseline -0.006 -20"><span class='ocrx_word' id='word_1_492' title='bbox 2029 2009 2263 2083; x_wconf 80' lang='grc' dir='ltr'>Γραφαὶ,</span> <span class='ocrx_word' id='word_1_493' title='bbox 2322 2007 2416 2059; x_wconf 81' lang='grc' dir='ltr'>καὶ</span> <span class='ocrx_word' id='word_1_494' title='bbox 2471 2005 2791 2077; x_wconf 84' lang='grc' dir='ltr'>αίτιώμεναι</span> <span class='ocrx_word' id='word_1_495' title='bbox 2846 2004 2945 2075; x_wconf 82' lang='grc' dir='ltr'>μὲν</span> <span class='ocrx_word' id='word_1_496' title='bbox 3001 2004 3129 2066; x_wconf 79' lang='grc' dir='ltr'>τοὺς</span> <span class='ocrx_word' id='word_1_497' title='bbox 3174 2002 3607 2074; x_wconf 82' lang='grc' dir='ltr'>ἁμαρτάνοντας,</span> 
     </span>
    </p>
   </div>
   <div class='ocr_carea' id='block_1_65' title="bbox 2031 2094 3611 2171">
    <p class='ocr_par' dir='ltr' id='par_1_65' title="bbox 2031 2094 3611 2171">
     <span class='ocr_line' id='line_1_65' title="bbox 2031 2094 3611 2171; baseline -0.004 -16"><span class='ocrx_word' id='word_1_498' title='bbox 2031 2101 2426 2171; x_wconf 85' lang='grc' dir='ltr'>ἀποδεχόμεναι</span> <span class='ocrx_word' id='word_1_499' title='bbox 2458 2099 2514 2151; x_wconf 84' lang='grc' dir='ltr'>δὲ</span> <span class='ocrx_word' id='word_1_500' title='bbox 2539 2100 2665 2161; x_wconf 83' lang='grc' dir='ltr'>τοὺς</span> <span class='ocrx_word' id='word_1_501' title='bbox 2697 2094 3093 2168; x_wconf 80' lang='grc' dir='ltr'>κατορθοῦντας</span> <span class='ocrx_word' id='word_1_502' title='bbox 3113 2111 3126 2126; x_wconf 77' lang='grc'><strong><em>⁸</em></strong></span> <span class='ocrx_word' id='word_1_503' title='bbox 3163 2096 3264 2150; x_wconf 74' lang='grc' dir='ltr'>οὐκ</span> <span class='ocrx_word' id='word_1_504' title='bbox 3296 2094 3361 2149; x_wconf 82' lang='grc' dir='ltr'>ἂν</span> <span class='ocrx_word' id='word_1_505' title='bbox 3387 2095 3611 2159; x_wconf 79' lang='grc' dir='ltr'>δικαίως</span> 
     </span>
    </p>
   </div>
   <div class='ocr_carea' id='block_1_66' title="bbox 2035 2186 3613 2267">
    <p class='ocr_par' dir='ltr' id='par_1_66' title="bbox 2035 2186 3613 2267">
     <span class='ocr_line' id='line_1_66' title="bbox 2035 2186 3613 2267; baseline -0.006 -17"><span class='ocrx_word' id='word_1_506' title='bbox 2035 2195 2295 2267; x_wconf 74' lang='grc' dir='ltr'>μέμψεως</span> <span class='ocrx_word' id='word_1_507' title='bbox 2324 2194 2436 2256; x_wconf 85' lang='grc' dir='ltr'>τοῖς</span> <span class='ocrx_word' id='word_1_508' title='bbox 2463 2190 2571 2246; x_wconf 84' lang='grc' dir='ltr'>ἀπὸ</span> <span class='ocrx_word' id='word_1_509' title='bbox 2602 2190 2712 2245; x_wconf 85' lang='grc' dir='ltr'><strong>τῶν</strong></span> <span class='ocrx_word' id='word_1_510' title='bbox 2736 2190 2910 2258; x_wconf 87' lang='grc' dir='ltr'>γενῶν</span> <span class='ocrx_word' id='word_1_511' title='bbox 2943 2188 3104 2258; x_wconf 85' lang='grc' dir='ltr'>φύσει</span> <span class='ocrx_word' id='word_1_512' title='bbox 3125 2186 3379 2241; x_wconf 83' lang='grc' dir='ltr'>τοιούτων</span> <span class='ocrx_word' id='word_1_513' title='bbox 3409 2202 3613 2257; x_wconf 82' lang='grc' dir='ltr'>τυγχα-</span> 
     </span>
    </p>
   </div>
   <div class='ocr_carea' id='block_1_67' title="bbox 2031 2280 3614 2356">
    <p class='ocr_par' dir='ltr' id='par_1_67' title="bbox 2031 2280 3614 2356">
     <span class='ocr_line' id='line_1_67' title="bbox 2031 2280 3614 2356; baseline -0.006 -13"><span class='ocrx_word' id='word_1_514' title='bbox 2031 2289 2229 2343; x_wconf 84' lang='grc' dir='ltr'>νόντων</span> <span class='ocrx_word' id='word_1_515' title='bbox 2284 2283 2682 2356; x_wconf 83' lang='grc' dir='ltr'>ἀκολουθούσης</span> <span class='ocrx_word' id='word_1_516' title='bbox 2712 2322 2727 2347; x_wconf 92' lang='grc'><strong>,</strong></span> <span class='ocrx_word' id='word_1_517' title='bbox 2801 2282 2834 2355; x_wconf 79' lang='grc' dir='ltr'>ἢ</span> <span class='ocrx_word' id='word_1_518' title='bbox 2893 2280 3118 2335; x_wconf 74' lang='grc' dir='ltr'>ἐπαίνου</span> <span class='ocrx_word' id='word_1_519' title='bbox 3170 2281 3285 2343; x_wconf 74' lang='grc' dir='ltr'>τοῖς</span> <span class='ocrx_word' id='word_1_520' title='bbox 3337 2281 3447 2335; x_wconf 79' lang='grc' dir='ltr'>ἀπὸ</span> <span class='ocrx_word' id='word_1_521' title='bbox 3502 2281 3614 2334; x_wconf 82' lang='grc' dir='ltr'><strong>τῶν</strong></span> 
     </span>
    </p>
   </div>
   <div class='ocr_carea' id='block_1_68' title="bbox 2031 2373 3614 2453">
    <p class='ocr_par' dir='ltr' id='par_1_68' title="bbox 2031 2373 3614 2453">
     <span class='ocr_line' id='line_1_68' title="bbox 2031 2373 3614 2453; baseline -0.008 -16"><span class='ocrx_word' id='word_1_522' title='bbox 2031 2381 2408 2453; x_wconf 74' lang='grc' dir='ltr'>ἁστειοτέρων.</span> <span class='ocrx_word' id='word_1_523' title='bbox 2453 2378 2671 2451; x_wconf 83' lang='grc' dir='ltr'>Ἰχθύων</span> <span class='ocrx_word' id='word_1_524' title='bbox 2708 2376 2817 2449; x_wconf 74' lang='grc' dir='ltr'><strong>γὰρ</strong></span> <span class='ocrx_word' id='word_1_525' title='bbox 2855 2376 3072 2446; x_wconf 80' lang='grc' dir='ltr'>φαύλων</span> <span class='ocrx_word' id='word_1_526' title='bbox 3105 2373 3199 2429; x_wconf 79' lang='grc' dir='ltr'>καὶ</span> <span class='ocrx_word' id='word_1_527' title='bbox 3243 2373 3424 2427; x_wconf 89' lang='grc' dir='ltr'>καλῶν</span> <span class='ocrx_word' id='word_1_528' title='bbox 3465 2375 3498 2446; x_wconf 77' lang='grc' dir='ltr'><strong>η</strong></span> <span class='ocrx_word' id='word_1_529' title='bbox 3528 2376 3614 2427; x_wconf 77' lang='lat' dir='ltr'><strong>at—</strong></span> 
     </span>
    </p>
   </div>
   <div class='ocr_carea' id='block_1_69' title="bbox 2031 2462 3612 2541">
    <p class='ocr_par' dir='ltr' id='par_1_69' title="bbox 2031 2462 3612 2541">
     <span class='ocr_line' id='line_1_69' title="bbox 2031 2462 3612 2541; baseline -0.004 -19"><span class='ocrx_word' id='word_1_530' title='bbox 2031 2469 2143 2533; x_wconf 83' lang='grc' dir='ltr'>τία,</span> <span class='ocrx_word' id='word_1_531' title='bbox 2169 2470 2231 2523; x_wconf 85' lang='grc' dir='ltr'><strong>ού</strong></span> <span class='ocrx_word' id='word_1_532' title='bbox 2271 2468 2398 2541; x_wconf 76' lang='grc' dir='ltr'>περὶ</span> <span class='ocrx_word' id='word_1_533' title='bbox 2421 2468 2522 2531; x_wconf 83' lang='grc' dir='ltr'>τὰς</span> <span class='ocrx_word' id='word_1_534' title='bbox 2550 2466 2730 2538; x_wconf 79' lang='grc' dir='ltr'>ψυχὰς</span> <span class='ocrx_word' id='word_1_535' title='bbox 2753 2465 2862 2519; x_wconf 90' lang='grc' dir='ltr'><strong>τῶν</strong></span> <span class='ocrx_word' id='word_1_536' title='bbox 2895 2464 3092 2536; x_wconf 74' lang='grc' dir='ltr'>ἰχθύων</span> <span class='ocrx_word' id='word_1_537' title='bbox 3116 2464 3285 2528; x_wconf 70' lang='grc' dir='ltr'>ἐστὶν,</span> <span class='ocrx_word' id='word_1_538' title='bbox 3312 2462 3447 2516; x_wconf 84' lang='grc' dir='ltr'>ἀλλὰ</span> <span class='ocrx_word' id='word_1_539' title='bbox 3481 2464 3612 2536; x_wconf 76' lang='grc' dir='ltr'>περὶ</span> 
     </span>
    </p>
   </div>
   <div class='ocr_carea' id='block_1_70' title="bbox 2032 2553 3612 2633">
    <p class='ocr_par' dir='ltr' id='par_1_70' title="bbox 2032 2553 3612 2633">
     <span class='ocr_line' id='line_1_70' title="bbox 2032 2553 3612 2633; baseline -0.004 -19"><span class='ocrx_word' id='word_1_540' title='bbox 2032 2563 2238 2626; x_wconf 80' lang='grc' dir='ltr'>ἐκεῖνο,</span> <span class='ocrx_word' id='word_1_541' title='bbox 2274 2561 2412 2633; x_wconf 82' lang='grc' dir='ltr'>ὅπερ</span> <span class='ocrx_word' id='word_1_542' title='bbox 2438 2559 2799 2629; x_wconf 75' lang='grc' dir='ltr'>ἐπιστάμενος</span> <span class='ocrx_word' id='word_1_543' title='bbox 2833 2560 2862 2612; x_wconf 85' lang='grc' dir='ltr'><strong>ό</strong></span> <span class='ocrx_word' id='word_1_544' title='bbox 2888 2557 3061 2626; x_wconf 84' lang='grc' dir='ltr'>Λόγος</span> <span class='ocrx_word' id='word_1_545' title='bbox 3090 2553 3269 2610; x_wconf 75' lang='grc' dir='ltr'>εἷπεν·</span> <span class='ocrx_word' id='word_1_546' title='bbox 3311 2576 3329 2607; x_wconf 78' lang='grc' dir='ltr'><strong>ι</strong></span> <span class='ocrx_word' id='word_1_547' title='bbox 3384 2555 3612 2624; x_wconf 83' lang='grc' dir='ltr'>Ἑξαγα-</span> 
     </span>
    </p>
   </div>
   <div class='ocr_carea' id='block_1_71' title="bbox 2034 2648 3613 2724">
    <p class='ocr_par' dir='ltr' id='par_1_71' title="bbox 2034 2648 3613 2724">
     <span class='ocr_line' id='line_1_71' title="bbox 2034 2648 3613 2724; baseline -0.006 -15"><span class='ocrx_word' id='word_1_548' title='bbox 2034 2654 2180 2724; x_wconf 81' lang='grc' dir='ltr'>γὲτω</span> <span class='ocrx_word' id='word_1_549' title='bbox 2224 2653 2296 2707; x_wconf 79' lang='grc' dir='ltr'><strong>τὰ</strong></span> <span class='ocrx_word' id='word_1_550' title='bbox 2345 2653 2513 2707; x_wconf 74' lang='grc' dir='ltr'>ὕδατα</span> <span class='ocrx_word' id='word_1_551' title='bbox 2557 2651 2763 2724; x_wconf 79' lang='grc' dir='ltr'>ἑρπετά</span> <span class='ocrx_word' id='word_1_552' title='bbox 2801 2650 2990 2721; x_wconf 79' lang='grc' dir='ltr'>ψυχῶν</span> <span class='ocrx_word' id='word_1_553' title='bbox 3028 2648 3218 2712; x_wconf 75' lang='grc' dir='ltr'>ζωσῶν</span> <span class='ocrx_word' id='word_1_554' title='bbox 3242 2688 3256 2712; x_wconf 89' lang='grc'><strong>,</strong></span> <span class='ocrx_word' id='word_1_555' title='bbox 3314 2668 3333 2700; x_wconf 73' lang='grc' dir='ltr'><strong>ι</strong></span> <span class='ocrx_word' id='word_1_556' title='bbox 3388 2649 3477 2702; x_wconf 82' lang='grc' dir='ltr'>ὅτε</span> <span class='ocrx_word' id='word_1_557' title='bbox 3518 2650 3613 2701; x_wconf 79' lang='grc' dir='ltr'><strong>καὶ</strong></span> 
     </span>
    </p>
   </div>
   <div class='ocr_carea' id='block_1_72' title="bbox 2038 2739 3613 2816">
    <p class='ocr_par' dir='ltr' id='par_1_72' title="bbox 2038 2739 3613 2816">
     <span class='ocr_line' id='line_1_72' title="bbox 2038 2739 3613 2816; baseline -0.003 -18"><span class='ocrx_word' id='word_1_558' title='bbox 2038 2765 2057 2798; x_wconf 77' lang='grc' dir='ltr'><strong>ι</strong></span> <span class='ocrx_word' id='word_1_559' title='bbox 2099 2746 2354 2816; x_wconf 82' lang='grc' dir='ltr'>ἐποίησεν</span> <span class='ocrx_word' id='word_1_560' title='bbox 2395 2746 2426 2796; x_wconf 82' lang='grc' dir='ltr'><strong>ὁ</strong></span> <span class='ocrx_word' id='word_1_561' title='bbox 2453 2744 2585 2803; x_wconf 83' lang='grc' dir='ltr'>Θεὸς</span> <span class='ocrx_word' id='word_1_562' title='bbox 2619 2744 2691 2797; x_wconf 77' lang='grc' dir='ltr'>τὰ</span> <span class='ocrx_word' id='word_1_563' title='bbox 2732 2743 2873 2815; x_wconf 84' lang='grc' dir='ltr'><strong>κήτη</strong></span> <span class='ocrx_word' id='word_1_564' title='bbox 2916 2740 2986 2795; x_wconf 83' lang='grc' dir='ltr'>τὰ</span> <span class='ocrx_word' id='word_1_565' title='bbox 3017 2739 3261 2812; x_wconf 83' lang='grc' dir='ltr'>μεγάλα,</span> <span class='ocrx_word' id='word_1_566' title='bbox 3300 2740 3393 2794; x_wconf 68' lang='grc' dir='ltr'><strong>κα)⁸</strong></span> <span class='ocrx_word' id='word_1_567' title='bbox 3432 2740 3613 2794; x_wconf 76' lang='grc' dir='ltr'>πᾶσαν</span> 
     </span>
    </p>
   </div>
   <div class='ocr_carea' id='block_1_73' title="bbox 2030 2827 3616 2910">
    <p class='ocr_par' dir='ltr' id='par_1_73' title="bbox 2030 2827 3616 2910">
     <span class='ocr_line' id='line_1_73' title="bbox 2030 2827 3616 2910; baseline -0.006 -18"><span class='ocrx_word' id='word_1_568' title='bbox 2030 2837 2209 2910; x_wconf 75' lang='grc' dir='ltr'>ψυχὴν</span> <span class='ocrx_word' id='word_1_569' title='bbox 2251 2835 2409 2901; x_wconf 81' lang='grc' dir='ltr'>ζώων</span> <span class='ocrx_word' id='word_1_570' title='bbox 2455 2834 2737 2906; x_wconf 80' lang='grc' dir='ltr'>ἑρπετῶν,</span> <span class='ocrx_word' id='word_1_571' title='bbox 2782 2833 2819 2888; x_wconf 75' lang='grc' dir='ltr'>ἃ</span> <span class='ocrx_word' id='word_1_572' title='bbox 2864 2832 3100 2903; x_wconf 78' lang='grc' dir='ltr'>ἐξήγαγε</span> <span class='ocrx_word' id='word_1_573' title='bbox 3148 2831 3217 2886; x_wconf 82' lang='grc' dir='ltr'>τὰ</span> <span class='ocrx_word' id='word_1_574' title='bbox 3258 2831 3423 2885; x_wconf 77' lang='grc' dir='ltr'>ὕδατα</span> <span class='ocrx_word' id='word_1_575' title='bbox 3471 2827 3616 2883; x_wconf 87' lang='grc' dir='ltr'><strong>κατά</strong></span> 
     </span>
    </p>
   </div>
   <div class='ocr_carea' id='block_1_74' title="bbox 2031 2918 3615 3000">
    <p class='ocr_par' dir='ltr' id='par_1_74' title="bbox 2031 2918 3615 3000">
     <span class='ocr_line' id='line_1_74' title="bbox 2031 2918 3615 3000; baseline -0.008 -16"><span class='ocrx_word' id='word_1_576' title='bbox 2031 2930 2161 3000; x_wconf 76' lang='grc' dir='ltr'>γένη</span> <span class='ocrx_word' id='word_1_577' title='bbox 2211 2926 2412 2982; x_wconf 81' lang='grc' dir='ltr'>αὐτῶν.</span> <span class='ocrx_word' id='word_1_578' title='bbox 2455 2946 2475 2978; x_wconf 77' lang='grc' dir='ltr'><strong>ι</strong></span> <span class='ocrx_word' id='word_1_579' title='bbox 2512 2924 2721 2980; x_wconf 80' lang='grc' dir='ltr'>Οὐκοῦν</span> <span class='ocrx_word' id='word_1_580' title='bbox 2754 2926 2874 2978; x_wconf 76' lang='grc' dir='ltr'>ἐκεῖ</span> <span class='ocrx_word' id='word_1_581' title='bbox 2905 2923 3003 2995; x_wconf 82' lang='grc' dir='ltr'>μὲν</span> <span class='ocrx_word' id='word_1_582' title='bbox 3039 2923 3220 2976; x_wconf 83' lang='grc' dir='ltr'>πᾶσαν</span> <span class='ocrx_word' id='word_1_583' title='bbox 3252 2921 3429 2992; x_wconf 77' lang='grc' dir='ltr'>ψυχὴν</span> <span class='ocrx_word' id='word_1_584' title='bbox 3459 2918 3615 2985; x_wconf 80' lang='grc' dir='ltr'>ζώων</span> 
     </span>
    </p>
   </div>
   <div class='ocr_carea' id='block_1_75' title="bbox 2031 3014 3617 3095">
    <p class='ocr_par' dir='ltr' id='par_1_75' title="bbox 2031 3014 3617 3095">
     <span class='ocr_line' id='line_1_75' title="bbox 2031 3014 3617 3095; baseline -0.006 -18"><span class='ocrx_word' id='word_1_585' title='bbox 2031 3019 2282 3095; x_wconf 66' lang='grc' dir='ltr'>ἑρπετῶν</span> <span class='ocrx_word' id='word_1_586' title='bbox 2318 3020 2555 3091; x_wconf 74' lang='grc' dir='ltr'>ἐξήγαγε</span> <span class='ocrx_word' id='word_1_587' title='bbox 2593 3018 2662 3072; x_wconf 79' lang='grc' dir='ltr'>τὰ</span> <span class='ocrx_word' id='word_1_588' title='bbox 2695 3018 2862 3073; x_wconf 57' lang='lat' dir='ltr'><strong>Muta.</strong></span> <span class='ocrx_word' id='word_1_589' title='bbox 2896 3014 3041 3071; x_wconf 82' lang='grc' dir='ltr'><strong>κατά</strong></span> <span class='ocrx_word' id='word_1_590' title='bbox 3090 3015 3221 3087; x_wconf 70' lang='grc' dir='ltr'>γένη</span> <span class='ocrx_word' id='word_1_591' title='bbox 3261 3014 3463 3078; x_wconf 82' lang='grc' dir='ltr'>αὐτῶν,</span> <span class='ocrx_word' id='word_1_592' title='bbox 3514 3014 3617 3068; x_wconf 76' lang='grc' dir='ltr'>οὐκ</span> 
     </span>
    </p>
   </div>
   <div class='ocr_carea' id='block_1_76' title="bbox 2031 3106 3618 3186">
    <p class='ocr_par' dir='ltr' id='par_1_76' title="bbox 2031 3106 3618 3186">
     <span class='ocr_line' id='line_1_76' title="bbox 2031 3106 3618 3186; baseline -0.006 -17"><span class='ocrx_word' id='word_1_593' title='bbox 2031 3113 2199 3186; x_wconf 80' lang='grc' dir='ltr'>ούσης</span> <span class='ocrx_word' id='word_1_594' title='bbox 2250 3113 2350 3183; x_wconf 87' lang='grc' dir='ltr'><strong>τῆς</strong></span> <span class='ocrx_word' id='word_1_595' title='bbox 2398 3113 2587 3176; x_wconf 78' lang='grc' dir='ltr'>αἰτίας</span> <span class='ocrx_word' id='word_1_596' title='bbox 2624 3111 2752 3181; x_wconf 75' lang='grc' dir='ltr'>περὶ</span> <span class='ocrx_word' id='word_1_597' title='bbox 2801 3111 3007 3182; x_wconf 78' lang='grc' dir='ltr'>αὐτήν·</span> <span class='ocrx_word' id='word_1_598' title='bbox 3070 3106 3303 3162; x_wconf 68' lang='grc' dir='ltr'>ἐνταῦθα</span> <span class='ocrx_word' id='word_1_599' title='bbox 3353 3106 3410 3160; x_wconf 79' lang='grc' dir='ltr'>δὲ</span> <span class='ocrx_word' id='word_1_600' title='bbox 3456 3108 3618 3177; x_wconf 71' lang='grc' dir='ltr'>ἡμεῖς</span> 
     </span>
    </p>
   </div>
   <div class='ocr_carea' id='block_1_77' title="bbox 1593 3196 1929 3277">
    <p class='ocr_par' dir='ltr' id='par_1_77' title="bbox 1593 3201 1927 3256">
     <span class='ocr_line' id='line_1_77' title="bbox 1593 3201 1927 3256; baseline 0.009 -3"><span class='ocrx_word' id='word_1_601' title='bbox 1593 3218 1608 3253; x_wconf 90' lang='lat'><strong>:</strong></span> <span class='ocrx_word' id='word_1_602' title='bbox 1659 3201 1749 3256; x_wconf 89' lang='lat' dir='ltr'><strong>hic</strong></span> <span class='ocrx_word' id='word_1_603' title='bbox 1796 3216 1927 3256; x_wconf 88' lang='lat' dir='ltr'><strong>vero</strong></span> 
     </span>
    </p>
   </div>
   <div class='ocr_carea' id='block_1_78' title="bbox 2033 3196 3618 3277">
    <p class='ocr_par' dir='ltr' id='par_1_78' title="bbox 2033 3196 3618 3277">
     <span class='ocr_line' id='line_1_78' title="bbox 2033 3196 3618 3277; baseline -0.006 -16"><span class='ocrx_word' id='word_1_604' title='bbox 2033 3208 2200 3277; x_wconf 82' lang='grc' dir='ltr'>ὲσμεν</span> <span class='ocrx_word' id='word_1_605' title='bbox 2245 3207 2294 3258; x_wconf 78' lang='lat' dir='ltr'><strong>oi</strong></span> <span class='ocrx_word' id='word_1_606' title='bbox 2335 3203 2501 3258; x_wconf 73' lang='grc' dir='ltr'>αἴτιοι</span> <span class='ocrx_word' id='word_1_607' title='bbox 2532 3202 2627 3257; x_wconf 83' lang='grc' dir='ltr'><strong>τού</strong></span> <span class='ocrx_word' id='word_1_608' title='bbox 2668 3198 2806 3257; x_wconf 86' lang='grc' dir='ltr'>εἷναι</span> <span class='ocrx_word' id='word_1_609' title='bbox 2844 3200 2985 3255; x_wconf 77' lang='grc' dir='ltr'>καλὰ</span> <span class='ocrx_word' id='word_1_610' title='bbox 3012 3200 3107 3253; x_wconf 73' lang='grc' dir='ltr'>καὶ</span> <span class='ocrx_word' id='word_1_611' title='bbox 3140 3198 3265 3264; x_wconf 78' lang='grc' dir='ltr'>ἄξια</span> <span class='ocrx_word' id='word_1_612' title='bbox 3317 3196 3427 3252; x_wconf 88' lang='grc' dir='ltr'><strong>τῶν</strong></span> <span class='ocrx_word' id='word_1_613' title='bbox 3461 3197 3618 3267; x_wconf 83' lang='grc' dir='ltr'>λεγο-</span> 
     </span>
    </p>
   </div>
   <div class='ocr_carea' id='block_1_79' title="bbox 2042 3285 3615 3370">
    <p class='ocr_par' dir='ltr' id='par_1_79' title="bbox 2042 3285 3615 3370">
     <span class='ocr_line' id='line_1_79' title="bbox 2042 3285 3615 3370; baseline -0.008 -19"><span class='ocrx_word' id='word_1_614' title='bbox 2042 3298 2218 3370; x_wconf 68' lang='grc' dir='ltr'>μένων</span> <span class='ocrx_word' id='word_1_615' title='bbox 2251 3295 2438 3365; x_wconf 83' lang='grc' dir='ltr'>ἀγγῶν</span> <span class='ocrx_word' id='word_1_616' title='bbox 2458 3294 2590 3363; x_wconf 84' lang='grc' dir='ltr'>γένη</span> <span class='ocrx_word' id='word_1_617' title='bbox 2611 3335 2625 3360; x_wconf 90' lang='grc'><strong>,</strong></span> <span class='ocrx_word' id='word_1_618' title='bbox 2660 3292 2694 3363; x_wconf 78' lang='grc' dir='ltr'><strong>ἢ</strong></span> <span class='ocrx_word' id='word_1_619' title='bbox 2735 3291 2921 3364; x_wconf 80' lang='grc' dir='ltr'>σαπρὰ</span> <span class='ocrx_word' id='word_1_620' title='bbox 2946 3293 3040 3345; x_wconf 76' lang='grc' dir='ltr'>καὶ</span> <span class='ocrx_word' id='word_1_621' title='bbox 3068 3290 3195 3357; x_wconf 79' lang='grc' dir='ltr'>ἀξια</span> <span class='ocrx_word' id='word_1_622' title='bbox 3221 3288 3315 3341; x_wconf 85' lang='grc' dir='ltr'>τοῦ</span> <span class='ocrx_word' id='word_1_623' title='bbox 3345 3287 3451 3351; x_wconf 75' lang='grc' dir='ltr'><strong>ἔξω</strong></span> <span class='ocrx_word' id='word_1_624' title='bbox 3484 3285 3615 3358; x_wconf 79' lang='grc' dir='ltr'>βλη-</span> 
     </span>
    </p>
   </div>
   <div class='ocr_carea' id='block_1_80' title="bbox 2036 3372 3612 3458">
    <p class='ocr_par' dir='ltr' id='par_1_80' title="bbox 2036 3372 3612 3458">
     <span class='ocr_line' id='line_1_80' title="bbox 2036 3372 3612 3458; baseline -0.013 -15"><span class='ocrx_word' id='word_1_625' title='bbox 2036 3387 2231 3458; x_wconf 85' lang='grc' dir='ltr'>θῆναι·</span> <span class='ocrx_word' id='word_1_626' title='bbox 2281 3385 2344 3439; x_wconf 81' lang='grc' dir='ltr'>οὐ</span> <span class='ocrx_word' id='word_1_627' title='bbox 2383 3380 2494 3455; x_wconf 77' lang='grc' dir='ltr'><strong>γὰρ</strong></span> <span class='ocrx_word' id='word_1_628' title='bbox 2525 3382 2686 3451; x_wconf 79' lang='grc' dir='ltr'>φύσις</span> <span class='ocrx_word' id='word_1_629' title='bbox 2724 3382 2782 3433; x_wconf 79' lang='grc' dir='ltr'>ὲν</span> <span class='ocrx_word' id='word_1_630' title='bbox 2819 3381 2952 3450; x_wconf 78' lang='grc' dir='ltr'>ἡμῖν</span> <span class='ocrx_word' id='word_1_631' title='bbox 2998 3377 3145 3433; x_wconf 75' lang='grc' dir='ltr'>αἰτία</span> <span class='ocrx_word' id='word_1_632' title='bbox 3189 3376 3290 3445; x_wconf 87' lang='grc' dir='ltr'><strong>τῆς</strong></span> <span class='ocrx_word' id='word_1_633' title='bbox 3331 3372 3612 3443; x_wconf 82' lang='grc' dir='ltr'>πονηρίας,</span> 
     </span>
    </p>
   </div>
   <div class='ocr_carea' id='block_1_81' title="bbox 2037 3462 3616 3550">
    <p class='ocr_par' dir='ltr' id='par_1_81' title="bbox 2037 3462 3616 3550">
     <span class='ocr_line' id='line_1_81' title="bbox 2037 3462 3616 3550; baseline -0.012 -15"><span class='ocrx_word' id='word_1_634' title='bbox 2037 3479 2174 3534; x_wconf 86' lang='grc' dir='ltr'><strong>ἀλλά</strong></span> <span class='ocrx_word' id='word_1_635' title='bbox 2204 3475 2522 3550; x_wconf 87' lang='grc' dir='ltr'>προαίρεσις</span> <span class='ocrx_word' id='word_1_636' title='bbox 2549 3471 2795 3534; x_wconf 73' lang='grc' dir='ltr'>ἑκούσιος</span> <span class='ocrx_word' id='word_1_637' title='bbox 2824 3467 2961 3524; x_wconf 81' lang='grc' dir='ltr'>οὖσα</span> <span class='ocrx_word' id='word_1_638' title='bbox 2988 3466 3403 3537; x_wconf 80' lang='grc' dir='ltr'>κακοποιητική.</span> <span class='ocrx_word' id='word_1_639' title='bbox 3427 3462 3616 3526; x_wconf 76' lang='grc' dir='ltr'>Οὕτως</span> 
     </span>
    </p>
   </div>
   <div class='ocr_carea' id='block_1_82' title="bbox 2036 3555 3617 3636">
    <p class='ocr_par' dir='ltr' id='par_1_82' title="bbox 2036 3555 3617 3636">
     <span class='ocr_line' id='line_1_82' title="bbox 2036 3555 3617 3636; baseline -0.012 -10"><span class='ocrx_word' id='word_1_640' title='bbox 2036 3572 2093 3626; x_wconf 85' lang='grc' dir='ltr'>δὲ</span> <span class='ocrx_word' id='word_1_641' title='bbox 2145 3569 2268 3624; x_wconf 81' lang='grc' dir='ltr'>οὐδὲ</span> <span class='ocrx_word' id='word_1_642' title='bbox 2323 3565 2485 3636; x_wconf 84' lang='grc' dir='ltr'>φύσις</span> <span class='ocrx_word' id='word_1_643' title='bbox 2530 3563 2681 3617; x_wconf 75' lang='grc' dir='ltr'>αἰτία</span> <span class='ocrx_word' id='word_1_644' title='bbox 2710 3560 3075 3633; x_wconf 82' lang='grc' dir='ltr'>δικαιοσύνης,</span> <span class='ocrx_word' id='word_1_645' title='bbox 3130 3560 3206 3623; x_wconf 84' lang='grc' dir='ltr'>ὡς</span> <span class='ocrx_word' id='word_1_646' title='bbox 3266 3555 3617 3617; x_wconf 82' lang='grc' dir='ltr'>ἀνεπίδεκτος</span> 
     </span>
    </p>
   </div>
   <div class='ocr_carea' id='block_1_83' title="bbox 2036 3646 3612 3726">
    <p class='ocr_par' dir='ltr' id='par_1_83' title="bbox 2036 3646 3612 3726">
     <span class='ocr_line' id='line_1_83' title="bbox 2036 3646 3612 3726; baseline -0.011 -8"><span class='ocrx_word' id='word_1_647' title='bbox 2036 3663 2271 3725; x_wconf 84' lang='grc' dir='ltr'>ἀδικίας,</span> <span class='ocrx_word' id='word_1_648' title='bbox 2304 3658 2440 3713; x_wconf 85' lang='grc' dir='ltr'><strong>ἀλλά</strong></span> <span class='ocrx_word' id='word_1_649' title='bbox 2467 3656 2623 3726; x_wconf 82' lang='grc' dir='ltr'>λόγος</span> <span class='ocrx_word' id='word_1_650' title='bbox 2653 3654 2711 3708; x_wconf 76' lang='grc' dir='ltr'><strong>δν</strong></span> <span class='ocrx_word' id='word_1_651' title='bbox 2741 3651 3176 3726; x_wconf 78' lang='grc' dir='ltr'>παρεδεξάμεθα,</span> <span class='ocrx_word' id='word_1_652' title='bbox 3209 3652 3239 3703; x_wconf 84' lang='grc' dir='ltr'><strong>ὁ</strong></span> <span class='ocrx_word' id='word_1_653' title='bbox 3270 3646 3612 3704; x_wconf 78' lang='grc' dir='ltr'>κατασκευά-</span> 
     </span>
    </p>
   </div>
   <div class='ocr_carea' id='block_1_84' title="bbox 2037 3740 3619 3821">
    <p class='ocr_par' dir='ltr' id='par_1_84' title="bbox 2037 3740 3619 3821">
     <span class='ocr_line' id='line_1_84' title="bbox 2037 3740 3619 3821; baseline -0.011 -12"><span class='ocrx_word' id='word_1_654' title='bbox 2037 3753 2147 3820; x_wconf 80' lang='grc' dir='ltr'>ζων</span> <span class='ocrx_word' id='word_1_655' title='bbox 2166 3752 2406 3816; x_wconf 86' lang='grc' dir='ltr'>δικαίους</span> <span class='ocrx_word' id='word_1_656' title='bbox 2432 3770 2446 3785; x_wconf 87' lang='grc'><strong>·</strong></span> <span class='ocrx_word' id='word_1_657' title='bbox 2475 3752 2570 3806; x_wconf 71' lang='grc' dir='ltr'>καὶ</span> <span class='ocrx_word' id='word_1_658' title='bbox 2586 3749 2696 3821; x_wconf 81' lang='grc' dir='ltr'>γὰρ</span> <span class='ocrx_word' id='word_1_659' title='bbox 2725 3748 2794 3802; x_wconf 67' lang='grc' dir='ltr'><strong>τὲ..</strong></span> <span class='ocrx_word' id='word_1_660' title='bbox 2825 3746 2924 3818; x_wconf 72' lang='grc' dir='ltr'>μὲν</span> <span class='ocrx_word' id='word_1_661' title='bbox 2948 3744 3056 3800; x_wconf 88' lang='grc' dir='ltr'><strong>τῶν</strong></span> <span class='ocrx_word' id='word_1_662' title='bbox 3086 3744 3321 3816; x_wconf 71' lang='grc' dir='ltr'>ἐνύδρων</span> <span class='ocrx_word' id='word_1_663' title='bbox 3352 3740 3484 3812; x_wconf 80' lang='grc' dir='ltr'>γένη</span> <span class='ocrx_word' id='word_1_664' title='bbox 3518 3740 3619 3793; x_wconf 79' lang='grc' dir='ltr'>οὐκ</span> 
     </span>
    </p>
   </div>
   <div class='ocr_carea' id='block_1_85' title="bbox 2037 3830 3619 3915">
    <p class='ocr_par' dir='ltr' id='par_1_85' title="bbox 2037 3830 3619 3915">
     <span class='ocr_line' id='line_1_85' title="bbox 2037 3830 3619 3915; baseline -0.011 -14"><span class='ocrx_word' id='word_1_665' title='bbox 2037 3847 2183 3901; x_wconf 73' lang='grc' dir='ltr'>ἐστιν</span> <span class='ocrx_word' id='word_1_666' title='bbox 2235 3844 2362 3898; x_wconf 80' lang='grc' dir='ltr'>ἰδεῖν</span> <span class='ocrx_word' id='word_1_667' title='bbox 2416 3841 2818 3915; x_wconf 79' lang='grc' dir='ltr'>μεταϐάλλοντα</span> <span class='ocrx_word' id='word_1_668' title='bbox 2851 3839 2961 3892; x_wconf 74' lang='grc' dir='ltr'>ἀπὸ</span> <span class='ocrx_word' id='word_1_669' title='bbox 2992 3836 3212 3907; x_wconf 79' lang='grc' dir='ltr'>φαύλων</span> <span class='ocrx_word' id='word_1_670' title='bbox 3246 3835 3321 3898; x_wconf 86' lang='grc' dir='ltr'>ὠς</span> <span class='ocrx_word' id='word_1_671' title='bbox 3354 3835 3412 3886; x_wconf 79' lang='grc' dir='ltr'>ὲν</span> <span class='ocrx_word' id='word_1_672' title='bbox 3441 3830 3619 3903; x_wconf 75' lang='grc' dir='ltr'>ἰχθύσι</span> 
     </span>
    </p>
   </div>
   <div class='ocr_carea' id='block_1_86' title="bbox 2036 3922 3616 4001">
    <p class='ocr_par' dir='ltr' id='par_1_86' title="bbox 2036 3922 3616 4001">
     <span class='ocr_line' id='line_1_86' title="bbox 2036 3922 3616 4001; baseline -0.008 -14"><span class='ocrx_word' id='word_1_673' title='bbox 2036 3934 2130 3987; x_wconf 73' lang='grc' dir='ltr'><strong>ἐπὶ</strong></span> <span class='ocrx_word' id='word_1_674' title='bbox 2150 3933 2219 3987; x_wconf 77' lang='grc' dir='ltr'><strong>τὰ</strong></span> <span class='ocrx_word' id='word_1_675' title='bbox 2250 3933 2443 3986; x_wconf 84' lang='grc' dir='ltr'>ἀστεῖα</span> <span class='ocrx_word' id='word_1_676' title='bbox 2462 3970 2476 3995; x_wconf 89' lang='grc'><strong>,</strong></span> <span class='ocrx_word' id='word_1_677' title='bbox 2508 3930 2541 4001; x_wconf 80' lang='grc' dir='ltr'><strong>ἢ</strong></span> <span class='ocrx_word' id='word_1_678' title='bbox 2575 3930 2684 3984; x_wconf 71' lang='grc' dir='ltr'>ἀπὸ</span> <span class='ocrx_word' id='word_1_679' title='bbox 2714 3928 2820 3983; x_wconf 88' lang='grc' dir='ltr'><strong>τῶν</strong></span> <span class='ocrx_word' id='word_1_680' title='bbox 2856 3926 3139 3999; x_wconf 86' lang='grc' dir='ltr'>βελτιόνων</span> <span class='ocrx_word' id='word_1_681' title='bbox 3166 3925 3259 3977; x_wconf 75' lang='grc' dir='ltr'><strong>ἐπὶ</strong></span> <span class='ocrx_word' id='word_1_682' title='bbox 3280 3923 3348 3976; x_wconf 80' lang='grc' dir='ltr'>τὰ</span> <span class='ocrx_word' id='word_1_683' title='bbox 3364 3922 3583 3993; x_wconf 85' lang='grc' dir='ltr'>χείρονα</span> <span class='ocrx_word' id='word_1_684' title='bbox 3603 3939 3616 3952; x_wconf 86' lang='grc'><strong>·</strong></span> 
     </span>
    </p>
   </div>
   <div class='ocr_carea' id='block_1_87' title="bbox 2037 4013 3623 4093">
    <p class='ocr_par' dir='ltr' id='par_1_87' title="bbox 2037 4013 3623 4093">
     <span class='ocr_line' id='line_1_87' title="bbox 2037 4013 3623 4093; baseline -0.008 -14"><span class='ocrx_word' id='word_1_685' title='bbox 2037 4026 2164 4089; x_wconf 78' lang='grc' dir='ltr'>τοὺς</span> <span class='ocrx_word' id='word_1_686' title='bbox 2194 4024 2252 4078; x_wconf 86' lang='grc' dir='ltr'>δὲ</span> <span class='ocrx_word' id='word_1_687' title='bbox 2286 4026 2345 4077; x_wconf 82' lang='grc' dir='ltr'>ὲν</span> <span class='ocrx_word' id='word_1_688' title='bbox 2380 4020 2695 4093; x_wconf 81' lang='grc' dir='ltr'>ἀνθρώποις</span> <span class='ocrx_word' id='word_1_689' title='bbox 2736 4019 3035 4090; x_wconf 87' lang='grc' dir='ltr'>δικαίουςῆ</span> <span class='ocrx_word' id='word_1_690' title='bbox 3080 4018 3350 4087; x_wconf 80' lang='grc' dir='ltr'>πονηροὺς</span> <span class='ocrx_word' id='word_1_691' title='bbox 3381 4014 3467 4069; x_wconf 72' lang='grc' dir='ltr'>ἀεὶ</span> <span class='ocrx_word' id='word_1_692' title='bbox 3506 4013 3623 4067; x_wconf 71' lang='grc' dir='ltr'>ἔστι</span> 
     </span>
    </p>
   </div>
   <div class='ocr_carea' id='block_1_88' title="bbox 2040 4102 3622 4184">
    <p class='ocr_par' dir='ltr' id='par_1_88' title="bbox 2040 4102 3622 4184">
     <span class='ocr_line' id='line_1_88' title="bbox 2040 4102 3622 4184; baseline -0.007 -16"><span class='ocrx_word' id='word_1_693' title='bbox 2040 4114 2267 4184; x_wconf 81' lang='grc' dir='ltr'>θεωρεῖν</span> <span class='ocrx_word' id='word_1_694' title='bbox 2311 4113 2345 4184; x_wconf 77' lang='grc' dir='ltr'><strong>ἢ</strong></span> <span class='ocrx_word' id='word_1_695' title='bbox 2387 4112 2479 4165; x_wconf 79' lang='grc' dir='ltr'><strong>ἐπὶ</strong></span> <span class='ocrx_word' id='word_1_696' title='bbox 2514 4116 2617 4181; x_wconf 78' lang='grc' dir='ltr'>τὴν</span> <span class='ocrx_word' id='word_1_697' title='bbox 2653 4109 2857 4183; x_wconf 83' lang='grc' dir='ltr'>ἀρετὴν</span> <span class='ocrx_word' id='word_1_698' title='bbox 2891 4110 2955 4161; x_wconf 86' lang='grc' dir='ltr'>ὲκ</span> <span class='ocrx_word' id='word_1_699' title='bbox 2991 4107 3190 4169; x_wconf 82' lang='grc' dir='ltr'>κακίας</span> <span class='ocrx_word' id='word_1_700' title='bbox 3227 4105 3549 4174; x_wconf 84' lang='grc' dir='ltr'>φθάνοντας,</span> <span class='ocrx_word' id='word_1_701' title='bbox 3588 4102 3622 4174; x_wconf 78' lang='grc' dir='ltr'><strong>ἦ</strong></span> 
     </span>
    </p>
   </div>
   <div class='ocr_carea' id='block_1_89' title="bbox 2039 4194 3625 4275">
    <p class='ocr_par' dir='ltr' id='par_1_89' title="bbox 2039 4194 3625 4275">
     <span class='ocr_line' id='line_1_89' title="bbox 2039 4194 3625 4275; baseline -0.008 -15"><span class='ocrx_word' id='word_1_702' title='bbox 2039 4207 2149 4261; x_wconf 85' lang='grc' dir='ltr'>ἀπὸ</span> <span class='ocrx_word' id='word_1_703' title='bbox 2175 4206 2273 4275; x_wconf 88' lang='grc' dir='ltr'><strong>τῆς</strong></span> <span class='ocrx_word' id='word_1_704' title='bbox 2300 4203 2388 4256; x_wconf 76' lang='grc' dir='ltr'><strong>ἐπ’</strong></span> <span class='ocrx_word' id='word_1_705' title='bbox 2422 4203 2625 4275; x_wconf 74' lang='grc' dir='ltr'>ἀρετὴν</span> <span class='ocrx_word' id='word_1_706' title='bbox 2660 4200 2941 4272; x_wconf 82' lang='grc' dir='ltr'>προκοπῆς</span> <span class='ocrx_word' id='word_1_707' title='bbox 2972 4197 3372 4269; x_wconf 76' lang='grc' dir='ltr'>ἀναλυομένους</span> <span class='ocrx_word' id='word_1_708' title='bbox 3404 4195 3499 4249; x_wconf 77' lang='grc' dir='ltr'><strong>ἐπὶ</strong></span> <span class='ocrx_word' id='word_1_709' title='bbox 3524 4194 3625 4265; x_wconf 80' lang='grc' dir='ltr'><strong>τὴν</strong></span> 
     </span>
    </p>
   </div>
   <div class='ocr_carea' id='block_1_90' title="bbox 2039 4284 3626 4366">
    <p class='ocr_par' dir='ltr' id='par_1_90' title="bbox 2039 4284 3626 4366">
     <span class='ocr_line' id='line_1_90' title="bbox 2039 4284 3626 4366; baseline -0.008 -17"><span class='ocrx_word' id='word_1_710' title='bbox 2039 4295 2141 4366; x_wconf 76' lang='grc' dir='ltr'><strong>τῆς</strong></span> <span class='ocrx_word' id='word_1_711' title='bbox 2165 4293 2362 4357; x_wconf 85' lang='grc' dir='ltr'>κακίας</span> <span class='ocrx_word' id='word_1_712' title='bbox 2388 4292 2567 4363; x_wconf 88' lang='grc' dir='ltr'>χύσιν.</span> <span class='ocrx_word' id='word_1_713' title='bbox 2605 4291 2695 4344; x_wconf 83' lang='grc' dir='ltr'><strong>Διὸ</strong></span> <span class='ocrx_word' id='word_1_714' title='bbox 2730 4290 2824 4344; x_wconf 79' lang='grc' dir='ltr'>καὶ</span> <span class='ocrx_word' id='word_1_715' title='bbox 2855 4290 2914 4343; x_wconf 84' lang='grc' dir='ltr'>ὲν</span> <span class='ocrx_word' id='word_1_716' title='bbox 2941 4286 3019 4359; x_wconf 81' lang='grc' dir='ltr'>τῷ</span> <span class='ocrx_word' id='word_1_717' title='bbox 3063 4285 3322 4358; x_wconf 74' lang='grc' dir='ltr'>Ἱεζεκιῆλ</span> <span class='ocrx_word' id='word_1_718' title='bbox 3347 4284 3458 4357; x_wconf 88' lang='lat'><strong>(79)</strong></span> <span class='ocrx_word' id='word_1_719' title='bbox 3496 4284 3626 4355; x_wconf 77' lang='grc' dir='ltr'>περὶ</span> 
     </span>
    </p>
   </div>
   <div class='ocr_carea' id='block_1_91' title="bbox 2046 4377 3626 4460">
    <p class='ocr_par' dir='ltr' id='par_1_91' title="bbox 2046 4377 3626 4460">
     <span class='ocr_line' id='line_1_91' title="bbox 2046 4377 3626 4460; baseline -0.007 -18"><span class='ocrx_word' id='word_1_720' title='bbox 2046 4389 2143 4460; x_wconf 78' lang='grc' dir='ltr'>μὲν</span> <span class='ocrx_word' id='word_1_721' title='bbox 2167 4386 2261 4440; x_wconf 79' lang='grc' dir='ltr'>τοῦ</span> <span class='ocrx_word' id='word_1_722' title='bbox 2292 4385 2401 4439; x_wconf 83' lang='grc' dir='ltr'>ἀπὸ</span> <span class='ocrx_word' id='word_1_723' title='bbox 2438 4383 2665 4454; x_wconf 73' lang='grc' dir='ltr'>ἀνομίας</span> <span class='ocrx_word' id='word_1_724' title='bbox 2686 4381 3104 4452; x_wconf 76' lang='grc' dir='ltr'>ἐπιστρέφοντος</span> <span class='ocrx_word' id='word_1_725' title='bbox 3138 4380 3231 4431; x_wconf 73' lang='grc' dir='ltr'><strong>ἐπὶ</strong></span> <span class='ocrx_word' id='word_1_726' title='bbox 3263 4377 3361 4449; x_wconf 82' lang='grc' dir='ltr'>τὴν</span> <span class='ocrx_word' id='word_1_727' title='bbox 3393 4379 3626 4449; x_wconf 83' lang='grc' dir='ltr'>τήρησιν</span> 
     </span>
    </p>
   </div>
   <div class='ocr_carea' id='block_1_92' title="bbox 2042 4462 3626 4543">
    <p class='ocr_par' dir='ltr' id='par_1_92' title="bbox 2042 4462 3626 4543">
     <span class='ocr_line' id='line_1_92' title="bbox 2042 4462 3626 4543; baseline -0.007 -9"><span class='ocrx_word' id='word_1_728' title='bbox 2042 4481 2152 4534; x_wconf 83' lang='grc' dir='ltr'><strong>τῶν</strong></span> <span class='ocrx_word' id='word_1_729' title='bbox 2193 4479 2352 4533; x_wconf 89' lang='grc' dir='ltr'>θείων</span> <span class='ocrx_word' id='word_1_730' title='bbox 2376 4462 2626 4532; x_wconf 61' lang='grc' dir='ltr'><strong>⁵ἐντολῶν</strong></span> <span class='ocrx_word' id='word_1_731' title='bbox 2674 4474 2899 4530; x_wconf 84' lang='grc' dir='ltr'>τοιαῦτα</span> <span class='ocrx_word' id='word_1_732' title='bbox 2949 4472 3295 4543; x_wconf 72' lang='grc' dir='ltr'>γέγραπται·</span> <span class='ocrx_word' id='word_1_733' title='bbox 3369 4487 3388 4520; x_wconf 83' lang='grc' dir='ltr'><strong>ι</strong></span> <span class='ocrx_word' id='word_1_734' title='bbox 3443 4467 3555 4523; x_wconf 84' lang='grc' dir='ltr'><strong>Καὶ</strong></span> <span class='ocrx_word' id='word_1_735' title='bbox 3597 4469 3626 4523; x_wconf 83' lang='grc' dir='ltr'>ὁ</span> 
     </span>
    </p>
   </div>
   <div class='ocr_carea' id='block_1_93' title="bbox 353 4553 1929 4643">
    <p class='ocr_par' dir='ltr' id='par_1_93' title="bbox 353 4573 1929 4640">
     <span class='ocr_line' id='line_1_93' title="bbox 353 4573 1929 4640; baseline 0.003 -15"><span class='ocrx_word' id='word_1_736' title='bbox 353 4573 596 4640; x_wconf 82' lang='lat' dir='ltr'><strong>nequitia</strong></span> <span class='ocrx_word' id='word_1_737' title='bbox 650 4578 988 4632; x_wconf 86' lang='lat' dir='ltr'><strong>convertitur</strong></span> <span class='ocrx_word' id='word_1_738' title='bbox 1030 4577 1098 4631; x_wconf 84' lang='lat' dir='ltr'><strong>ad</strong></span> <span class='ocrx_word' id='word_1_739' title='bbox 1143 4578 1583 4632; x_wconf 87' lang='lat' dir='ltr'><strong>observationem</strong></span> <span class='ocrx_word' id='word_1_740' title='bbox 1622 4577 1929 4632; x_wconf 88' lang='lat' dir='ltr'><strong>divinorum</strong></span> 
     </span>
    </p>
   </div>
   <div class='ocr_carea' id='block_1_94' title="bbox 2033 4553 3627 4643">
    <p class='ocr_par' dir='ltr' id='par_1_94' title="bbox 2044 4553 3627 4643">
     <span class='ocr_line' id='line_1_94' title="bbox 2044 4553 3627 4643; baseline -0.009 -17"><span class='ocrx_word' id='word_1_741' title='bbox 2044 4573 2243 4643; x_wconf 72' lang='grc' dir='ltr'>ἄνομος</span> <span class='ocrx_word' id='word_1_742' title='bbox 2276 4569 2370 4623; x_wconf 72' lang='grc' dir='ltr'><strong>ἐὰν</strong></span> <span class='ocrx_word' id='word_1_743' title='bbox 2403 4567 2720 4638; x_wconf 76' lang='grc' dir='ltr'>ἀποστρέψῃ</span> <span class='ocrx_word' id='word_1_744' title='bbox 2749 4567 2814 4619; x_wconf 81' lang='grc' dir='ltr'>ὲκ</span> <span class='ocrx_word' id='word_1_745' title='bbox 2841 4563 3028 4619; x_wconf 87' lang='grc' dir='ltr'>πασῶν</span> <span class='ocrx_word' id='word_1_746' title='bbox 3066 4562 3305 4634; x_wconf 86' lang='grc' dir='ltr'>ἀνομιῶν</span> <span class='ocrx_word' id='word_1_747' title='bbox 3344 4559 3511 4615; x_wconf 77' lang='grc' dir='ltr'>αὐτοῦ</span> <span class='ocrx_word' id='word_1_748' title='bbox 3552 4553 3627 4612; x_wconf 84' lang='grc' dir='ltr'>ὦν</span> 
     </span>
    </p>
   </div>
   <div class='ocr_carea' id='block_1_95' title="bbox 355 4664 1936 4738">
    <p class='ocr_par' dir='ltr' id='par_1_95' title="bbox 355 4664 1936 4738">
     <span class='ocr_line' id='line_1_95' title="bbox 355 4664 1936 4738; baseline 0.003 -20"><span class='ocrx_word' id='word_1_749' title='bbox 355 4664 760 4727; x_wconf 86' lang='lat' dir='ltr'><strong>mandatorum.</strong></span> <span class='ocrx_word' id='word_1_750' title='bbox 807 4668 923 4723; x_wconf 69' lang='lat' dir='ltr'><strong>haec</strong></span> <span class='ocrx_word' id='word_1_751' title='bbox 957 4669 1159 4738; x_wconf 87' lang='lat' dir='ltr'><strong>scripta</strong></span> <span class='ocrx_word' id='word_1_752' title='bbox 1199 4669 1391 4724; x_wconf 74' lang='lat' dir='ltr'><strong>sunt&quot;</strong></span> <span class='ocrx_word' id='word_1_753' title='bbox 1428 4688 1441 4723; x_wconf 92' lang='lat'><strong>:</strong></span> <span class='ocrx_word' id='word_1_754' title='bbox 1474 4689 1492 4721; x_wconf 87' lang='grc'><em>‹</em></span> <span class='ocrx_word' id='word_1_755' title='bbox 1530 4668 1586 4724; x_wconf 88' lang='lat' dir='ltr'><strong>Si</strong></span> <span class='ocrx_word' id='word_1_756' title='bbox 1620 4681 1800 4724; x_wconf 84' lang='lat' dir='ltr'><strong>autem</strong></span> <span class='ocrx_word' id='word_1_757' title='bbox 1835 4669 1936 4722; x_wconf 90' lang='lat' dir='ltr'><strong>im-</strong></span> 
     </span>
    </p>
   </div>
   <div class='ocr_carea' id='block_1_96' title="bbox 354 4756 1936 4830">
    <p class='ocr_par' dir='ltr' id='par_1_96' title="bbox 354 4756 1936 4830">
     <span class='ocr_line' id='line_1_96' title="bbox 354 4756 1936 4830; baseline 0.004 -22"><span class='ocrx_word' id='word_1_758' title='bbox 354 4756 477 4824; x_wconf 86' lang='lat' dir='ltr'><strong>pius</strong></span> <span class='ocrx_word' id='word_1_759' title='bbox 519 4758 691 4826; x_wconf 82' lang='lat' dir='ltr'><strong>egerit</strong></span> <span class='ocrx_word' id='word_1_760' title='bbox 722 4759 1097 4829; x_wconf 71' lang='lat' dir='ltr'><strong>pmnitentiam</strong></span> <span class='ocrx_word' id='word_1_761' title='bbox 1132 4759 1201 4814; x_wconf 89' lang='lat' dir='ltr'><strong>ab</strong></span> <span class='ocrx_word' id='word_1_762' title='bbox 1230 4761 1487 4816; x_wconf 88' lang='lat' dir='ltr'><strong>omnibus</strong></span> <span class='ocrx_word' id='word_1_763' title='bbox 1526 4760 1765 4830; x_wconf 86' lang='lat' dir='ltr'><strong>peccatis</strong></span> <span class='ocrx_word' id='word_1_764' title='bbox 1797 4759 1936 4823; x_wconf 87' lang='lat' dir='ltr'><strong>suis,</strong></span> 
     </span>
    </p>
   </div>
   <div class='ocr_carea' id='block_1_97' title="bbox 2039 4650 3623 4733">
    <p class='ocr_par' dir='ltr' id='par_1_97' title="bbox 2039 4650 3623 4733">
     <span class='ocr_line' id='line_1_97' title="bbox 2039 4650 3623 4733; baseline -0.01 -15"><span class='ocrx_word' id='word_1_765' title='bbox 2039 4663 2282 4733; x_wconf 81' lang='grc' dir='ltr'>ἐποίησε,</span> <span class='ocrx_word' id='word_1_766' title='bbox 2309 4681 2327 4713; x_wconf 77' lang='grc' dir='ltr'><strong>ι</strong></span> <span class='ocrx_word' id='word_1_767' title='bbox 2356 4661 2449 4715; x_wconf 74' lang='grc' dir='ltr'>καὶ</span> <span class='ocrx_word' id='word_1_768' title='bbox 2478 4659 2545 4713; x_wconf 91' lang='grc' dir='ltr'><strong>τά</strong></span> <span class='ocrx_word' id='word_1_769' title='bbox 2572 4659 2697 4729; x_wconf 77' lang='grc' dir='ltr'>ἑξῆς</span> <span class='ocrx_word' id='word_1_770' title='bbox 2721 4658 2825 4720; x_wconf 71' lang='grc' dir='ltr'>ἕως</span> <span class='ocrx_word' id='word_1_771' title='bbox 2854 4656 2981 4711; x_wconf 63' lang='grc' dir='ltr'><strong>τοῦἱ</strong></span> <span class='ocrx_word' id='word_1_772' title='bbox 3021 4677 3039 4707; x_wconf 76' lang='grc' dir='ltr'><strong>ι</strong></span> <span class='ocrx_word' id='word_1_773' title='bbox 3082 4656 3171 4719; x_wconf 80' lang='grc' dir='ltr'>Ὠς</span> <span class='ocrx_word' id='word_1_774' title='bbox 3195 4654 3258 4708; x_wconf 84' lang='grc' dir='ltr'>τὸ</span> <span class='ocrx_word' id='word_1_775' title='bbox 3286 4650 3623 4722; x_wconf 77' lang='grc' dir='ltr'>ἀποστρέψαι</span> 
     </span>
    </p>
   </div>
   <div class='ocr_carea' id='block_1_98' title="bbox 2040 4737 3624 4823">
    <p class='ocr_par' dir='ltr' id='par_1_98' title="bbox 2040 4737 3624 4823">
     <span class='ocr_line' id='line_1_98' title="bbox 2040 4737 3624 4823; baseline -0.013 -15"><span class='ocrx_word' id='word_1_776' title='bbox 2040 4755 2201 4808; x_wconf 76' lang='grc' dir='ltr'>αὑτὸν</span> <span class='ocrx_word' id='word_1_777' title='bbox 2215 4756 2277 4806; x_wconf 75' lang='grc' dir='ltr'>ἐκ</span> <span class='ocrx_word' id='word_1_778' title='bbox 2299 4753 2396 4823; x_wconf 87' lang='grc' dir='ltr'><strong>τῆς</strong></span> <span class='ocrx_word' id='word_1_779' title='bbox 2420 4749 2540 4805; x_wconf 81' lang='grc' dir='ltr'>ὀδοῦ</span> <span class='ocrx_word' id='word_1_780' title='bbox 2566 4749 2667 4820; x_wconf 85' lang='grc' dir='ltr'><strong>τῆς</strong></span> <span class='ocrx_word' id='word_1_781' title='bbox 2692 4750 2957 4819; x_wconf 81' lang='grc' dir='ltr'>πονηρᾶς,</span> <span class='ocrx_word' id='word_1_782' title='bbox 2977 4748 3071 4801; x_wconf 71' lang='grc' dir='ltr'>καὶ</span> <span class='ocrx_word' id='word_1_783' title='bbox 3101 4747 3199 4817; x_wconf 77' lang='grc' dir='ltr'>ζῇν</span> <span class='ocrx_word' id='word_1_784' title='bbox 3218 4744 3403 4799; x_wconf 76' lang='grc' dir='ltr'>αὐτόν·</span> <span class='ocrx_word' id='word_1_785' title='bbox 3449 4760 3468 4792; x_wconf 72' lang='grc' dir='ltr'><strong>ι</strong></span> <span class='ocrx_word' id='word_1_786' title='bbox 3498 4737 3624 4808; x_wconf 74' lang='grc' dir='ltr'>περὶ</span> 
     </span>
    </p>
   </div>
   <div class='ocr_carea' id='block_1_99' title="bbox 354 4830 1929 4931">
    <p class='ocr_par' dir='ltr' id='par_1_99' title="bbox 354 4850 1929 4922">
     <span class='ocr_line' id='line_1_99' title="bbox 354 4850 1929 4922; baseline 0.001 -20"><span class='ocrx_word' id='word_1_787' title='bbox 354 4862 478 4917; x_wconf 62' lang='lat' dir='ltr'><strong>qua:</strong></span> <span class='ocrx_word' id='word_1_788' title='bbox 519 4862 776 4918; x_wconf 88' lang='lat' dir='ltr'><strong>operatus</strong></span> <span class='ocrx_word' id='word_1_789' title='bbox 828 4861 935 4916; x_wconf 89' lang='lat' dir='ltr'><strong>est,</strong></span> <span class='ocrx_word' id='word_1_790' title='bbox 990 4870 1009 4903; x_wconf 72' lang='grc' dir='ltr'><strong>ι</strong></span> <span class='ocrx_word' id='word_1_791' title='bbox 1057 4861 1112 4907; x_wconf 91' lang='lat' dir='ltr'><strong>et</strong></span> <span class='ocrx_word' id='word_1_792' title='bbox 1152 4867 1274 4920; x_wconf 75' lang='lat' dir='ltr'><strong>qua:</strong></span> <span class='ocrx_word' id='word_1_793' title='bbox 1318 4862 1625 4922; x_wconf 87' lang='lat' dir='ltr'><strong>sequuntur</strong></span> <span class='ocrx_word' id='word_1_794' title='bbox 1659 4866 1832 4921; x_wconf 87' lang='lat' dir='ltr'><strong>usque</strong></span> <span class='ocrx_word' id='word_1_795' title='bbox 1872 4850 1929 4904; x_wconf 87' lang='lat' dir='ltr'><strong>ad</strong></span> 
     </span>
    </p>
   </div>
   <div class='ocr_carea' id='block_1_100' title="bbox 2033 4830 3623 4931">
    <p class='ocr_par' dir='ltr' id='par_1_100' title="bbox 2040 4830 3623 4931">
     <span class='ocr_line' id='line_1_100' title="bbox 2040 4830 3623 4931; baseline -0.009 -29"><span class='ocrx_word' id='word_1_796' title='bbox 2040 4848 2098 4902; x_wconf 87' lang='grc' dir='ltr'>δὲ</span> <span class='ocrx_word' id='word_1_797' title='bbox 2140 4845 2234 4900; x_wconf 76' lang='grc' dir='ltr'><strong>τοῦ</strong></span> <span class='ocrx_word' id='word_1_798' title='bbox 2280 4845 2650 4916; x_wconf 84' lang='grc' dir='ltr'>ἀναλυομὲνου</span> <span class='ocrx_word' id='word_1_799' title='bbox 2684 4843 2793 4897; x_wconf 74' lang='grc' dir='ltr'>ἀπὸ</span> <span class='ocrx_word' id='word_1_800' title='bbox 2829 4842 2929 4913; x_wconf 87' lang='grc' dir='ltr'><strong>τῆς</strong></span> <span class='ocrx_word' id='word_1_801' title='bbox 2964 4841 3050 4896; x_wconf 82' lang='grc' dir='ltr'><strong>ἐπ’</strong></span> <span class='ocrx_word' id='word_1_802' title='bbox 3104 4838 3302 4911; x_wconf 78' lang='grc' dir='ltr'>ἀρετὴν</span> 
     </span>
    </p>
   </div>
   <div class='ocr_carea' id='block_1_101' title="bbox 355 4922 1929 5008">
    <p class='ocr_par' dir='ltr' id='par_1_101' title="bbox 355 4939 1929 4999">
     <span class='ocr_line' id='line_1_101' title="bbox 355 4939 1929 4999; baseline 0.001 -5"><span class='ocrx_word' id='word_1_803' title='bbox 355 4940 409 4995; x_wconf 86' lang='lat' dir='ltr'><strong>id</strong></span> <span class='ocrx_word' id='word_1_804' title='bbox 449 4963 459 4996; x_wconf 83' lang='lat'><strong>;</strong></span> <span class='ocrx_word' id='word_1_805' title='bbox 501 4959 519 4991; x_wconf 83' lang='grc' dir='ltr'><strong>ι</strong></span> <span class='ocrx_word' id='word_1_806' title='bbox 558 4939 629 4996; x_wconf 90' lang='lat' dir='ltr'><strong>Ut</strong></span> <span class='ocrx_word' id='word_1_807' title='bbox 674 4952 1024 4999; x_wconf 85' lang='lat' dir='ltr'><strong>convertatur</strong></span> <span class='ocrx_word' id='word_1_808' title='bbox 1056 4959 1088 4999; x_wconf 87' lang='lat' dir='ltr'><strong>a</strong></span> <span class='ocrx_word' id='word_1_809' title='bbox 1123 4942 1225 4998; x_wconf 87' lang='lat' dir='ltr'><strong>viis</strong></span> <span class='ocrx_word' id='word_1_810' title='bbox 1270 4945 1386 4999; x_wconf 84' lang='lat' dir='ltr'><strong>suis</strong></span> <span class='ocrx_word' id='word_1_811' title='bbox 1429 4954 1484 4999; x_wconf 90' lang='lat' dir='ltr'><strong>et</strong></span> <span class='ocrx_word' id='word_1_812' title='bbox 1516 4944 1681 4998; x_wconf 87' lang='lat' dir='ltr'><strong>vivat.</strong></span> <span class='ocrx_word' id='word_1_813' title='bbox 1725 4962 1742 4993; x_wconf 74' lang='grc' dir='ltr'><strong>ι</strong></span> <span class='ocrx_word' id='word_1_814' title='bbox 1785 4942 1929 4996; x_wconf 76' lang='lat' dir='ltr'><strong>Dccc</strong></span> 
     </span>
    </p>
   </div>
   <div class='ocr_carea' id='block_1_102' title="bbox 2033 4922 3624 5008">
    <p class='ocr_par' dir='ltr' id='par_1_102' title="bbox 2044 4922 3624 5008">
     <span class='ocr_line' id='line_1_102' title="bbox 2044 4922 3624 5008; baseline -0.01 -19"><span class='ocrx_word' id='word_1_815' title='bbox 2044 4937 2138 4989; x_wconf 76' lang='grc' dir='ltr'><strong>ἐπὶ</strong></span> <span class='ocrx_word' id='word_1_816' title='bbox 2183 4936 2281 5008; x_wconf 81' lang='grc' dir='ltr'>τὴν</span> <span class='ocrx_word' id='word_1_817' title='bbox 2314 4936 2414 5007; x_wconf 90' lang='grc' dir='ltr'><strong>τῆς</strong></span> <span class='ocrx_word' id='word_1_818' title='bbox 2463 4934 2663 4999; x_wconf 86' lang='grc' dir='ltr'>κακίας</span> <span class='ocrx_word' id='word_1_819' title='bbox 2708 4933 2888 5005; x_wconf 83' lang='grc' dir='ltr'>χύσιν,</span> <span class='ocrx_word' id='word_1_820' title='bbox 2938 4930 3195 4985; x_wconf 80' lang='grc' dir='ltr'>τοιαῦτα’</span> <span class='ocrx_word' id='word_1_821' title='bbox 3244 4948 3261 4979; x_wconf 81' lang='grc' dir='ltr'><strong>ι</strong></span> <span class='ocrx_word' id='word_1_822' title='bbox 3326 4926 3413 4977; x_wconf 85' lang='grc' dir='ltr'>Ἐν</span> <span class='ocrx_word' id='word_1_823' title='bbox 3457 4922 3515 4976; x_wconf 79' lang='grc' dir='ltr'>δὲ</span> <span class='ocrx_word' id='word_1_824' title='bbox 3546 4922 3624 4992; x_wconf 78' lang='grc' dir='ltr'>τῷ</span> 
     </span>
    </p>
   </div>
   <div class='ocr_carea' id='block_1_103' title="bbox 356 5014 1929 5103">
    <p class='ocr_par' dir='ltr' id='par_1_103' title="bbox 356 5032 1929 5103">
     <span class='ocr_line' id='line_1_103' title="bbox 356 5032 1929 5103; baseline 0.002 -19"><span class='ocrx_word' id='word_1_825' title='bbox 356 5046 487 5087; x_wconf 85' lang='lat' dir='ltr'><strong>vero</strong></span> <span class='ocrx_word' id='word_1_826' title='bbox 522 5032 666 5102; x_wconf 88' lang='lat' dir='ltr'><strong>quia</strong></span> <span class='ocrx_word' id='word_1_827' title='bbox 694 5034 939 5103; x_wconf 79' lang='lat' dir='ltr'><strong>profectu</strong></span> <span class='ocrx_word' id='word_1_828' title='bbox 980 5035 1032 5089; x_wconf 92' lang='lat' dir='ltr'><strong>iu</strong></span> <span class='ocrx_word' id='word_1_829' title='bbox 1068 5035 1271 5090; x_wconf 88' lang='lat' dir='ltr'><strong>virtute</strong></span> <span class='ocrx_word' id='word_1_830' title='bbox 1308 5034 1373 5088; x_wconf 87' lang='lat' dir='ltr'><strong>ad</strong></span> <span class='ocrx_word' id='word_1_831' title='bbox 1408 5033 1719 5089; x_wconf 84' lang='lat' dir='ltr'><strong>vitiositatis</strong></span> <span class='ocrx_word' id='word_1_832' title='bbox 1750 5032 1929 5087; x_wconf 91' lang='lat' dir='ltr'><strong>disso-</strong></span> 
     </span>
    </p>
   </div>
   <div class='ocr_carea' id='block_1_104' title="bbox 2033 5014 3625 5103">
    <p class='ocr_par' dir='ltr' id='par_1_104' title="bbox 2047 5014 3625 5100">
     <span class='ocr_line' id='line_1_104' title="bbox 2047 5014 3625 5100; baseline -0.01 -18"><span class='ocrx_word' id='word_1_833' title='bbox 2047 5027 2387 5100; x_wconf 67' lang='grc' dir='ltr'>ἀποστρέψαι</span> <span class='ocrx_word' id='word_1_834' title='bbox 2402 5027 2604 5081; x_wconf 84' lang='grc' dir='ltr'>δίκαιον</span> <span class='ocrx_word' id='word_1_835' title='bbox 2625 5028 2690 5079; x_wconf 82' lang='grc' dir='ltr'>ὲκ</span> <span class='ocrx_word' id='word_1_836' title='bbox 2706 5026 2807 5096; x_wconf 90' lang='grc' dir='ltr'><strong>τῆς</strong></span> <span class='ocrx_word' id='word_1_837' title='bbox 2828 5025 2937 5097; x_wconf 74' lang='lat'><strong>(80)</strong></span> <span class='ocrx_word' id='word_1_838' title='bbox 2960 5020 3303 5088; x_wconf 82' lang='grc' dir='ltr'>δικαιοσύνης</span> <span class='ocrx_word' id='word_1_839' title='bbox 3319 5014 3506 5080; x_wconf 81' lang='grc' dir='ltr'>αὐτοῦ,</span> <span class='ocrx_word' id='word_1_840' title='bbox 3531 5014 3625 5068; x_wconf 70' lang='grc' dir='ltr'>καὶ</span> 
     </span>
    </p>
   </div>
   <div class='ocr_carea' id='block_1_105' title="bbox 356 5106 1929 5196">
    <p class='ocr_par' dir='ltr' id='par_1_105' title="bbox 356 5121 1929 5196">
     <span class='ocr_line' id='line_1_105' title="bbox 356 5121 1929 5196; baseline -0.001 -18"><span class='ocrx_word' id='word_1_841' title='bbox 356 5121 616 5180; x_wconf 88' lang='lat' dir='ltr'><strong>lntionem</strong></span> <span class='ocrx_word' id='word_1_842' title='bbox 646 5128 917 5195; x_wconf 89' lang='lat' dir='ltr'><strong>reciderit,</strong></span> <span class='ocrx_word' id='word_1_843' title='bbox 954 5129 1067 5183; x_wconf 62' lang='lat' dir='ltr'><strong>haec</strong></span> <span class='ocrx_word' id='word_1_844' title='bbox 1097 5128 1297 5196; x_wconf 88' lang='lat' dir='ltr'><strong>scripta</strong></span> <span class='ocrx_word' id='word_1_845' title='bbox 1324 5135 1454 5181; x_wconf 84' lang='lat' dir='ltr'><strong>sunt</strong></span> <span class='ocrx_word' id='word_1_846' title='bbox 1483 5125 1527 5157; x_wconf 75' lang='grc'><strong>⁵⁸</strong></span> <span class='ocrx_word' id='word_1_847' title='bbox 1564 5143 1576 5179; x_wconf 91' lang='lat'><strong>:</strong></span> <span class='ocrx_word' id='word_1_848' title='bbox 1615 5143 1634 5176; x_wconf 79' lang='grc' dir='ltr'><strong>ι</strong></span> <span class='ocrx_word' id='word_1_849' title='bbox 1671 5122 1726 5178; x_wconf 89' lang='lat' dir='ltr'><strong>Si</strong></span> <span class='ocrx_word' id='word_1_850' title='bbox 1751 5133 1929 5177; x_wconf 83' lang='lat' dir='ltr'><strong>autem</strong></span> 
     </span>
    </p>
   </div>
   <div class='ocr_carea' id='block_1_106' title="bbox 2033 5106 3628 5196">
    <p class='ocr_par' dir='ltr' id='par_1_106' title="bbox 2047 5106 3628 5190">
     <span class='ocr_line' id='line_1_106' title="bbox 2047 5106 3628 5190; baseline -0.009 -17"><span class='ocrx_word' id='word_1_851' title='bbox 2047 5120 2270 5190; x_wconf 78' lang='grc' dir='ltr'>ποιῆσαι</span> <span class='ocrx_word' id='word_1_852' title='bbox 2291 5119 2524 5184; x_wconf 77' lang='grc' dir='ltr'>ἀδικίαν,</span> <span class='ocrx_word' id='word_1_853' title='bbox 2554 5138 2570 5170; x_wconf 79' lang='grc' dir='ltr'><strong>ι</strong></span> <span class='ocrx_word' id='word_1_854' title='bbox 2598 5118 2770 5172; x_wconf 68' lang='grc' dir='ltr'>καὶτὰ</span> <span class='ocrx_word' id='word_1_855' title='bbox 2798 5117 2927 5186; x_wconf 76' lang='grc' dir='ltr'>ἑξῆς</span> <span class='ocrx_word' id='word_1_856' title='bbox 2946 5115 3050 5178; x_wconf 73' lang='grc' dir='ltr'>ἓως</span> <span class='ocrx_word' id='word_1_857' title='bbox 3071 5110 3164 5165; x_wconf 81' lang='grc' dir='ltr'><strong>τοῦ</strong></span> <span class='ocrx_word' id='word_1_858' title='bbox 3185 5128 3197 5140; x_wconf 90' lang='grc'><strong>·</strong></span> <span class='ocrx_word' id='word_1_859' title='bbox 3241 5130 3258 5161; x_wconf 82' lang='grc' dir='ltr'><strong>ι</strong></span> <span class='ocrx_word' id='word_1_860' title='bbox 3288 5108 3397 5161; x_wconf 74' lang='grc' dir='ltr'><strong>Καὶ</strong></span> <span class='ocrx_word' id='word_1_861' title='bbox 3423 5109 3481 5161; x_wconf 82' lang='grc' dir='ltr'>ὲν</span> <span class='ocrx_word' id='word_1_862' title='bbox 3508 5106 3628 5167; x_wconf 79' lang='grc' dir='ltr'>ταῖς</span> 
     </span>
    </p>
   </div>
   <div class='ocr_carea' id='block_1_107' title="bbox 355 5198 1929 5290">
    <p class='ocr_par' dir='ltr' id='par_1_107' title="bbox 355 5215 1929 5290">
     <span class='ocr_line' id='line_1_107' title="bbox 355 5215 1929 5290; baseline -0.001 -20"><span class='ocrx_word' id='word_1_863' title='bbox 355 5217 615 5272; x_wconf 81' lang='lat' dir='ltr'><strong>averterit</strong></span> <span class='ocrx_word' id='word_1_864' title='bbox 649 5233 708 5274; x_wconf 89' lang='lat' dir='ltr'><strong>se</strong></span> <span class='ocrx_word' id='word_1_865' title='bbox 739 5222 925 5290; x_wconf 83' lang='lat' dir='ltr'><strong>justus</strong></span> <span class='ocrx_word' id='word_1_866' title='bbox 959 5235 987 5274; x_wconf 92' lang='lat' dir='ltr'><strong>a</strong></span> <span class='ocrx_word' id='word_1_867' title='bbox 1016 5219 1232 5289; x_wconf 89' lang='lat' dir='ltr'><strong>justitia</strong></span> <span class='ocrx_word' id='word_1_868' title='bbox 1258 5233 1379 5284; x_wconf 88' lang='lat' dir='ltr'><strong>sua,</strong></span> <span class='ocrx_word' id='word_1_869' title='bbox 1415 5226 1467 5271; x_wconf 90' lang='lat' dir='ltr'><strong>et</strong></span> <span class='ocrx_word' id='word_1_870' title='bbox 1508 5215 1699 5271; x_wconf 80' lang='lat' dir='ltr'><strong>fecerit</strong></span> <span class='ocrx_word' id='word_1_871' title='bbox 1732 5215 1929 5287; x_wconf 88' lang='lat' dir='ltr'><strong>iniqui-</strong></span> 
     </span>
    </p>
   </div>
   <div class='ocr_carea' id='block_1_108' title="bbox 2033 5198 3632 5290">
    <p class='ocr_par' dir='ltr' id='par_1_108' title="bbox 2047 5198 3632 5285">
     <span class='ocr_line' id='line_1_108' title="bbox 2047 5198 3632 5285; baseline -0.01 -19"><span class='ocrx_word' id='word_1_872' title='bbox 2047 5213 2341 5285; x_wconf 83' lang='grc' dir='ltr'>ἁμαρτίαις</span> <span class='ocrx_word' id='word_1_873' title='bbox 2369 5210 2535 5264; x_wconf 79' lang='grc' dir='ltr'>αὑτοῦ</span> <span class='ocrx_word' id='word_1_874' title='bbox 2556 5249 2571 5275; x_wconf 93' lang='grc'><strong>,</strong></span> <span class='ocrx_word' id='word_1_875' title='bbox 2609 5204 2698 5274; x_wconf 77' lang='grc' dir='ltr'>αἷς</span> <span class='ocrx_word' id='word_1_876' title='bbox 2720 5211 2966 5281; x_wconf 72' lang='grc' dir='ltr'>ἥμαρτεν</span> <span class='ocrx_word' id='word_1_877' title='bbox 2986 5247 3001 5273; x_wconf 89' lang='grc'><strong>,</strong></span> <span class='ocrx_word' id='word_1_878' title='bbox 3037 5208 3094 5259; x_wconf 83' lang='grc' dir='ltr'>ὲν</span> <span class='ocrx_word' id='word_1_879' title='bbox 3125 5203 3316 5265; x_wconf 83' lang='grc' dir='ltr'>αὑταῖς</span> <span class='ocrx_word' id='word_1_880' title='bbox 3344 5198 3632 5254; x_wconf 82' lang='grc' dir='ltr'>ἀποθανεῖ-</span> 
     </span>
    </p>
   </div>
   <div class='ocr_carea' id='block_1_109' title="bbox 395 5314 1929 5403">
    <p class='ocr_par' dir='ltr' id='par_1_109' title="bbox 395 5330 1879 5403">
     <span class='ocr_line' id='line_1_109' title="bbox 395 5330 1879 5403; baseline -0.001 -12"><span class='ocrx_word' id='word_1_881' title='bbox 395 5330 442 5367; x_wconf 71' lang='grc'><strong>⁸⁶</strong></span> <span class='ocrx_word' id='word_1_882' title='bbox 479 5334 670 5392; x_wconf 80' lang='lat' dir='ltr'><strong>Matth.</strong></span> <span class='ocrx_word' id='word_1_883' title='bbox 704 5353 825 5403; x_wconf 83' lang='lat' dir='ltr'><strong>xm,</strong></span> <span class='ocrx_word' id='word_1_884' title='bbox 869 5336 962 5391; x_wconf 67' lang='grc'><strong>47.</strong></span> <span class='ocrx_word' id='word_1_885' title='bbox 1039 5335 1083 5367; x_wconf 69' lang='grc'><strong>⁸⁷</strong></span> <span class='ocrx_word' id='word_1_886' title='bbox 1111 5334 1245 5390; x_wconf 86' lang='lat' dir='ltr'><strong>Gen.</strong></span> <span class='ocrx_word' id='word_1_887' title='bbox 1279 5350 1334 5399; x_wconf 86' lang='grc' dir='ltr'><strong>ι,</strong></span> <span class='ocrx_word' id='word_1_888' title='bbox 1366 5332 1456 5388; x_wconf 70' lang='lat'><strong>20.</strong></span> <span class='ocrx_word' id='word_1_889' title='bbox 1536 5333 1582 5365; x_wconf 71' lang='grc'><strong>⁸⁸</strong></span> <span class='ocrx_word' id='word_1_890' title='bbox 1617 5332 1750 5389; x_wconf 86' lang='lat' dir='ltr'><strong>ibid.</strong></span> <span class='ocrx_word' id='word_1_891' title='bbox 1788 5332 1879 5389; x_wconf 75' lang='lat'><strong>2|.</strong></span> 
     </span>
    </p>
   </div>
   <div class='ocr_carea' id='block_1_110' title="bbox 2033 5314 3628 5403">
    <p class='ocr_par' dir='ltr' id='par_1_110' title="bbox 2058 5314 3628 5394">
     <span class='ocr_line' id='line_1_110' title="bbox 2058 5314 3628 5394; baseline -0.011 -8"><span class='ocrx_word' id='word_1_892' title='bbox 2058 5330 2242 5386; x_wconf 79' lang='lat' dir='ltr'><strong>Matth.</strong></span> <span class='ocrx_word' id='word_1_893' title='bbox 2278 5344 2407 5394; x_wconf 75' lang='lat' dir='ltr'><strong>xur,</strong></span> <span class='ocrx_word' id='word_1_894' title='bbox 2439 5327 2530 5383; x_wconf 74' lang='grc'><strong>48.</strong></span> <span class='ocrx_word' id='word_1_895' title='bbox 2609 5327 2655 5359; x_wconf 80' lang='grc'><strong><em>⁵⁸</em></strong></span> <span class='ocrx_word' id='word_1_896' title='bbox 2685 5325 2881 5381; x_wconf 82' lang='lat' dir='ltr'><strong>Ezech.</strong></span> <span class='ocrx_word' id='word_1_897' title='bbox 2921 5339 3086 5389; x_wconf 76' lang='lat' dir='ltr'><strong>xvttt,</strong></span> <span class='ocrx_word' id='word_1_898' title='bbox 3122 5320 3213 5375; x_wconf 74' lang='lat'><strong>2|.</strong></span> <span class='ocrx_word' id='word_1_899' title='bbox 3290 5319 3333 5351; x_wconf 84' lang='grc'>⁸¹</span> <span class='ocrx_word' id='word_1_900' title='bbox 3372 5316 3505 5373; x_wconf 87' lang='lat' dir='ltr'><strong>ibid.</strong></span> <span class='ocrx_word' id='word_1_901' title='bbox 3536 5314 3628 5370; x_wconf 68' lang='grc' dir='ltr'>ει.</span> 
     </span>
    </p>
   </div>
   <div class='ocr_carea' id='block_1_111' title="bbox 2052 5458 3631 5543">
    <p class='ocr_par' dir='ltr' id='par_1_111' title="bbox 2052 5458 3631 5543">
     <span class='ocr_line' id='line_1_111' title="bbox 2052 5458 3631 5543; baseline -0.009 -18"><span class='ocrx_word' id='word_1_902' title='bbox 2052 5489 2158 5543; x_wconf 87' lang='lat' dir='ltr'><strong>que</strong></span> <span class='ocrx_word' id='word_1_903' title='bbox 2183 5471 2247 5525; x_wconf 91' lang='lat' dir='ltr'><strong>ad</strong></span> <span class='ocrx_word' id='word_1_904' title='bbox 2281 5471 2394 5524; x_wconf 58' lang='lat' dir='ltr'><strong>hate</strong></span> <span class='ocrx_word' id='word_1_905' title='bbox 2423 5488 2436 5523; x_wconf 89' lang='lat'><strong>:</strong></span> <span class='ocrx_word' id='word_1_906' title='bbox 2475 5468 2700 5523; x_wconf 77' lang='grc' dir='ltr'>τοιαῦτα</span> <span class='ocrx_word' id='word_1_907' title='bbox 2724 5485 2736 5498; x_wconf 91' lang='grc'><strong>·</strong></span> <span class='ocrx_word' id='word_1_908' title='bbox 2774 5466 2831 5519; x_wconf 80' lang='grc' dir='ltr'>ὲν</span> <span class='ocrx_word' id='word_1_909' title='bbox 2860 5464 2916 5517; x_wconf 76' lang='grc' dir='ltr'>δὲ</span> <span class='ocrx_word' id='word_1_910' title='bbox 2945 5463 3023 5543; x_wconf 68' lang='grc' dir='ltr'>τῷ</span> <span class='ocrx_word' id='word_1_911' title='bbox 3043 5503 3056 5527; x_wconf 88' lang='grc'><strong>,</strong></span> <span class='ocrx_word' id='word_1_912' title='bbox 3082 5459 3547 5543; x_wconf 56' lang='lat' dir='ltr'><strong>desiderabantur</strong></span> <span class='ocrx_word' id='word_1_913' title='bbox 3575 5458 3631 5540; x_wconf 76' lang='lat' dir='ltr'><strong>in</strong></span> 
     </span>
    </p>
   </div>
   <div class='ocr_carea' id='block_1_112' title="bbox 2054 5531 3629 5601">
    <p class='ocr_par' dir='ltr' id='par_1_112' title="bbox 2054 5531 3629 5601">
     <span class='ocr_line' id='line_1_112' title="bbox 2054 5531 3629 5601; baseline -0.01 -5"><span class='ocrx_word' id='word_1_914' title='bbox 2054 5531 2242 5597; x_wconf 70' lang='lat' dir='ltr'><strong>codice</strong></span> <span class='ocrx_word' id='word_1_915' title='bbox 2294 5540 2626 5601; x_wconf 87' lang='lat' dir='ltr'><strong>llolmiensi,</strong></span> <span class='ocrx_word' id='word_1_916' title='bbox 2684 5546 2741 5591; x_wconf 90' lang='lat' dir='ltr'><strong>ut</strong></span> <span class='ocrx_word' id='word_1_917' title='bbox 2804 5531 3018 5589; x_wconf 82' lang='lat' dir='ltr'><strong>monuit</strong></span> <span class='ocrx_word' id='word_1_918' title='bbox 3082 5531 3345 5594; x_wconf 89' lang='lat' dir='ltr'><strong>lluetius,</strong></span> <span class='ocrx_word' id='word_1_919' title='bbox 3393 5545 3512 5601; x_wconf 78' lang='lat' dir='ltr'><strong>nec</strong></span> <span class='ocrx_word' id='word_1_920' title='bbox 3562 5531 3629 5601; x_wconf 82' lang='lat' dir='ltr'><strong>in</strong></span> 
     </span>
    </p>
   </div>
   <div class='ocr_carea' id='block_1_113' title="bbox 2055 5599 3633 5681">
    <p class='ocr_par' dir='ltr' id='par_1_113' title="bbox 2055 5599 3633 5681">
     <span class='ocr_line' id='line_1_113' title="bbox 2055 5599 3633 5681; baseline -0.01 -15"><span class='ocrx_word' id='word_1_921' title='bbox 2055 5612 2267 5667; x_wconf 73' lang='lat' dir='ltr'><strong>Erasmi</strong></span> <span class='ocrx_word' id='word_1_922' title='bbox 2299 5599 2743 5681; x_wconf 77' lang='lat' dir='ltr'><strong>interpretatione</strong></span> <span class='ocrx_word' id='word_1_923' title='bbox 2772 5612 3129 5674; x_wconf 87' lang='lat' dir='ltr'><strong>comparent:</strong></span> <span class='ocrx_word' id='word_1_924' title='bbox 3163 5616 3225 5655; x_wconf 91' lang='lat' dir='ltr'><strong>ea</strong></span> <span class='ocrx_word' id='word_1_925' title='bbox 3255 5615 3349 5681; x_wconf 72' lang='lat' dir='ltr'><strong>per</strong></span> <span class='ocrx_word' id='word_1_926' title='bbox 3365 5599 3633 5681; x_wconf 47' lang='lat' dir='ltr'><strong>librario:</strong></span> 
     </span>
    </p>
   </div>
   <div class='ocr_carea' id='block_1_114' title="bbox 2053 5666 3631 5745">
    <p class='ocr_par' dir='ltr' id='par_1_114' title="bbox 2053 5666 3631 5745">
     <span class='ocr_line' id='line_1_114' title="bbox 2053 5666 3631 5745; baseline -0.01 -9"><span class='ocrx_word' id='word_1_927' title='bbox 2053 5666 2196 5737; x_wconf 87' lang='lat' dir='ltr'><strong>rium</strong></span> <span class='ocrx_word' id='word_1_928' title='bbox 2249 5666 2514 5736; x_wconf 67' lang='lat' dir='ltr'><strong>incuriam</strong></span> <span class='ocrx_word' id='word_1_929' title='bbox 2550 5666 2913 5738; x_wconf 55' lang='lat' dir='ltr'><strong>exciderunt;</strong></span> <span class='ocrx_word' id='word_1_930' title='bbox 2939 5691 3061 5745; x_wconf 72' lang='lat' dir='ltr'><strong>qua:</strong></span> <span class='ocrx_word' id='word_1_931' title='bbox 3105 5690 3134 5725; x_wconf 91' lang='lat' dir='ltr'><strong>c</strong></span> <span class='ocrx_word' id='word_1_932' title='bbox 3166 5666 3325 5725; x_wconf 83' lang='lat' dir='ltr'><strong>codd.</strong></span> <span class='ocrx_word' id='word_1_933' title='bbox 3364 5666 3532 5740; x_wconf 84' lang='lat' dir='ltr'><strong>Regio</strong></span> <span class='ocrx_word' id='word_1_934' title='bbox 3579 5676 3631 5722; x_wconf 86' lang='lat' dir='ltr'><strong>et</strong></span> 
     </span>
    </p>
   </div>
   <div class='ocr_carea' id='block_1_115' title="bbox 2058 5750 3359 5823">
    <p class='ocr_par' dir='ltr' id='par_1_115' title="bbox 2058 5750 3359 5823">
     <span class='ocr_line' id='line_1_115' title="bbox 2058 5750 3359 5823; baseline -0.003 -17"><span class='ocrx_word' id='word_1_935' title='bbox 2058 5752 2319 5823; x_wconf 73' lang='lat' dir='ltr'><strong>Vaticano</strong></span> <span class='ocrx_word' id='word_1_936' title='bbox 2350 5750 2689 5823; x_wconf 67' lang='lat' dir='ltr'><strong>supplentur.</strong></span> <span class='ocrx_word' id='word_1_937' title='bbox 2797 5815 2837 5823; x_wconf 80' lang='lat'><strong>__</strong></span> <span class='ocrx_word' id='word_1_938' title='bbox 2905 5816 2914 5823; x_wconf 87' lang='lat'>_</span> <span class='ocrx_word' id='word_1_939' title='bbox 3166 5815 3177 5823; x_wconf 83' lang='lat'><strong>_</strong></span> <span class='ocrx_word' id='word_1_940' title='bbox 3238 5810 3252 5823; x_wconf 45' lang='lat'><strong>‘</strong></span> <span class='ocrx_word' id='word_1_941' title='bbox 3334 5810 3359 5823; x_wconf 40' lang='grc' dir='ltr'><em>η</em></span> 
     </span>
    </p>
   </div>
   <div class='ocr_carea' id='block_1_116' title="bbox 2128 5810 3419 5893">
    <p class='ocr_par' dir='ltr' id='par_1_116' title="bbox 2128 5810 3419 5893">
     <span class='ocr_line' id='line_1_116' title="bbox 2128 5810 3419 5893; baseline -0.003 -19"><span class='ocrx_word' id='word_1_942' title='bbox 2128 5820 2240 5893; x_wconf 78' lang='lat'><strong>(80)</strong></span> <span class='ocrx_word' id='word_1_943' title='bbox 2279 5810 2468 5876; x_wconf 49' lang='lat' dir='ltr'><strong>Codd.&quot;</strong></span> <span class='ocrx_word' id='word_1_944' title='bbox 2486 5819 2686 5891; x_wconf 78' lang='lat' dir='ltr'><strong>Regius</strong></span> <span class='ocrx_word' id='word_1_945' title='bbox 2715 5828 2767 5874; x_wconf 88' lang='lat' dir='ltr'><strong>et</strong></span> <span class='ocrx_word' id='word_1_946' title='bbox 2797 5815 3119 5879; x_wconf 75' lang='lat' dir='ltr'><strong>Vaticanus,</strong></span> <span class='ocrx_word' id='word_1_947' title='bbox 3156 5810 3266 5870; x_wconf 76' lang='grc' dir='ltr'>ἀπὸ</span> <span class='ocrx_word' id='word_1_948' title='bbox 3301 5810 3419 5881; x_wconf 77' lang='grc' dir='ltr'>τῆς·</span> 
     </span>
    </p>
   </div>
   <div class='ocr_carea' id='block_1_117' title="bbox 433 5474 1939 5553">
    <p class='ocr_par' dir='ltr' id='par_1_117' title="bbox 433 5474 1939 5553">
     <span class='ocr_line' id='line_1_117' title="bbox 433 5474 1939 5553; baseline -0.004 -19"><span class='ocrx_word' id='word_1_949' title='bbox 433 5480 546 5553; x_wconf 76' lang='grc'><strong>(77)</strong></span> <span class='ocrx_word' id='word_1_950' title='bbox 589 5484 712 5552; x_wconf 76' lang='grc' dir='ltr'><strong>Οὐχ</strong></span> <span class='ocrx_word' id='word_1_951' title='bbox 751 5483 832 5549; x_wconf 88' lang='grc' dir='ltr'>ὼς</span> <span class='ocrx_word' id='word_1_952' title='bbox 876 5480 1108 5536; x_wconf 71' lang='lat' dir='ltr'><strong>dormt</strong></span> <span class='ocrx_word' id='word_1_953' title='bbox 1150 5494 1349 5544; x_wconf 74' lang='grc' dir='ltr'>τινες,</span> <span class='ocrx_word' id='word_1_954' title='bbox 1397 5485 1502 5553; x_wconf 61' lang='lat' dir='ltr'><strong>etc.</strong></span> <span class='ocrx_word' id='word_1_955' title='bbox 1546 5474 1939 5541; x_wconf 83' lang='lat' dir='ltr'><strong>Valentiniani,</strong></span> 
     </span>
    </p>
   </div>
   <div class='ocr_carea' id='block_1_118' title="bbox 360 5549 1943 5617">
    <p class='ocr_par' dir='ltr' id='par_1_118' title="bbox 360 5549 1943 5617">
     <span class='ocr_line' id='line_1_118' title="bbox 360 5549 1943 5617; baseline -0.002 -15"><span class='ocrx_word' id='word_1_956' title='bbox 360 5551 456 5617; x_wconf 86' lang='lat' dir='ltr'><strong>qui</strong></span> <span class='ocrx_word' id='word_1_957' title='bbox 508 5549 615 5607; x_wconf 80' lang='lat' dir='ltr'><strong>tres</strong></span> <span class='ocrx_word' id='word_1_958' title='bbox 651 5549 933 5607; x_wconf 82' lang='lat' dir='ltr'><strong>hominum</strong></span> <span class='ocrx_word' id='word_1_959' title='bbox 970 5561 1195 5604; x_wconf 64' lang='lat' dir='ltr'><strong>natnsas</strong></span> <span class='ocrx_word' id='word_1_960' title='bbox 1248 5549 1943 5617; x_wconf 53' lang='lat' dir='ltr'><strong>astruebant,mactmu-</strong></span> 
     </span>
    </p>
   </div>
   <div class='ocr_carea' id='block_1_119' title="bbox 365 5615 1943 5692">
    <p class='ocr_par' dir='ltr' id='par_1_119' title="bbox 365 5615 1943 5692">
     <span class='ocr_line' id='line_1_119' title="bbox 365 5615 1943 5692; baseline -0.002 -20"><span class='ocrx_word' id='word_1_961' title='bbox 365 5615 478 5673; x_wconf 80' lang='grc' dir='ltr'><strong>κῶν</strong></span> <span class='ocrx_word' id='word_1_962' title='bbox 498 5622 842 5692; x_wconf 36' lang='grc' dir='ltr'>,ῌψυχικῶῃ</span> <span class='ocrx_word' id='word_1_963' title='bbox 892 5630 944 5677; x_wconf 85' lang='lat' dir='ltr'><strong>et</strong></span> <span class='ocrx_word' id='word_1_964' title='bbox 993 5619 1216 5692; x_wconf 72' lang='grc' dir='ltr'>ύλικῶν.</span> <span class='ocrx_word' id='word_1_965' title='bbox 1264 5617 1532 5689; x_wconf 85' lang='lat' dir='ltr'><strong>Epiphau.</strong></span> <span class='ocrx_word' id='word_1_966' title='bbox 1580 5615 1721 5671; x_wconf 73' lang='lat' dir='ltr'><strong>Haer.</strong></span> <span class='ocrx_word' id='word_1_967' title='bbox 1773 5615 1898 5671; x_wconf 64' lang='lat' dir='ltr'><strong>niva</strong></span> <span class='ocrx_word' id='word_1_968' title='bbox 1929 5657 1943 5680; x_wconf 91' lang='lat'><strong>,</strong></span> 
     </span>
    </p>
   </div>
   <div class='ocr_carea' id='block_1_120' title="bbox 365 5688 1254 5762">
    <p class='ocr_par' dir='ltr' id='par_1_120' title="bbox 365 5688 1254 5762">
     <span class='ocr_line' id='line_1_120' title="bbox 365 5688 1254 5762; baseline -0.004 -15"><span class='ocrx_word' id='word_1_969' title='bbox 365 5688 545 5762; x_wconf 50' lang='lat' dir='ltr'><strong>cap.)</strong></span> <span class='ocrx_word' id='word_1_970' title='bbox 575 5688 724 5762; x_wconf 52' lang='lat' dir='ltr'><strong>ego</strong></span> <span class='ocrx_word' id='word_1_971' title='bbox 753 5701 808 5762; x_wconf 81' lang='lat' dir='ltr'><strong>et</strong></span> <span class='ocrx_word' id='word_1_972' title='bbox 837 5708 952 5762; x_wconf 85' lang='lat' dir='ltr'><strong>seq.</strong></span> <span class='ocrx_word' id='word_1_973' title='bbox 990 5690 1254 5745; x_wconf 72' lang='lat' dir='ltr'><strong>llesrles.</strong></span> 
     </span>
    </p>
   </div>
   <div class='ocr_carea' id='block_1_121' title="bbox 441 5757 1377 5832">
    <p class='ocr_par' dir='ltr' id='par_1_121' title="bbox 441 5757 1377 5832">
     <span class='ocr_line' id='line_1_121' title="bbox 441 5757 1377 5832; baseline 0.001 -18"><span class='ocrx_word' id='word_1_974' title='bbox 441 5757 550 5832; x_wconf 55' lang='lat'><strong>(:8)</strong></span> <span class='ocrx_word' id='word_1_975' title='bbox 585 5760 763 5832; x_wconf 77' lang='lat' dir='ltr'><strong>Codex</strong></span> <span class='ocrx_word' id='word_1_976' title='bbox 798 5757 1377 5832; x_wconf 61' lang='lat' dir='ltr'><strong>litfgitts,_ce~zqtyoaon.</strong></span> 
     </span>
    </p>
   </div>
   <div class='ocr_carea' id='block_1_122' title="bbox 438 5828 1944 5900">
    <p class='ocr_par' dir='ltr' id='par_1_122' title="bbox 438 5828 1944 5900">
     <span class='ocr_line' id='line_1_122' title="bbox 438 5828 1944 5900; baseline -0.001 -18"><span class='ocrx_word' id='word_1_977' title='bbox 438 5828 552 5897; x_wconf 80' lang='lat'><strong>(79)</strong></span> <span class='ocrx_word' id='word_1_978' title='bbox 591 5828 687 5883; x_wconf 85' lang='grc' dir='ltr'><strong>Διὸ</strong></span> <span class='ocrx_word' id='word_1_979' title='bbox 716 5831 811 5884; x_wconf 73' lang='grc' dir='ltr'>καὶ</span> <span class='ocrx_word' id='word_1_980' title='bbox 851 5828 921 5883; x_wconf 66' lang='grc' dir='ltr'><strong>ἐξ·</strong></span> <span class='ocrx_word' id='word_1_981' title='bbox 970 5829 1050 5895; x_wconf 78' lang='grc' dir='ltr'>τῷ</span> <span class='ocrx_word' id='word_1_982' title='bbox 1082 5828 1374 5896; x_wconf 63' lang='grc' dir='ltr'><strong>Ἰεζεαιήλ.</strong></span> <span class='ocrx_word' id='word_1_983' title='bbox 1418 5828 1485 5884; x_wconf 84' lang='lat' dir='ltr'><strong>Et</strong></span> <span class='ocrx_word' id='word_1_984' title='bbox 1519 5828 1806 5900; x_wconf 87' lang='lat' dir='ltr'><strong>sequentia</strong></span> <span class='ocrx_word' id='word_1_985' title='bbox 1851 5843 1944 5881; x_wconf 90' lang='lat' dir='ltr'><strong>us-</strong></span> 
     </span>
    </p>
   </div>
  </div>
