4128 6470
496 401 596 458 851

1493 403 1852 461 COMMENT.
1895 405 1961 460 ΙΝ
2003 404 2420 463 ΜΑΤἸΊΙίΕυΜ
2457 407 2692 464 TOMUS
2730 405 2797 461 Χ.

3658 411 3764 464 839.

499 540 643 580 ται.)
674 525 743 578 Ἦ
770 524 1076 593 λεγέτωσαν
1093 527 1224 598 ήμτν
1250 525 1300 578 oi
1331 527 1394 578 ἐκ
1410 527 1507 598 τῆς
1540 529 1681 582 κατὰ
1704 530 1949 601 σαγήνην
1976 546 2077 582 πα-

2190 540 2377 596 tatem,
2432 551 2451 583 ι
2482 539 2537 585 et
2576 545 2700 600 quze
2743 538 3048 599 sequuntur
3091 545 3265 599 usque
3295 530 3362 585 ad
3414 529 3542 585 illud
3579 550 3592 585 :
3638 551 3656 583 ι
3703 533 3761 586 lu

504 616 738 690 ραύολῆς
780 617 973 688 φύσεις
1006 618 1339 686 εἰσάγοντες,
1384 620 1411 671 ὁ
1444 619 1644 691 ἄνομος
1688 619 1915 693 ὕστερον
1957 624 2085 676 ἁπο-

505 710 751 781 στρέφων
788 712 854 763 ὲκ
890 709 1082 764 πασῶν
1121 711 1228 763 τῶν
1271 710 1509 781 ἀνομιῶν
1542 711 1707 765 αὐτοῦ
1738 706 1813 765 ὦν
1837 712 2080 783 εποίησε,

501 803 595 855 καὶ
645 800 934 870 φυλάσσων
997 802 1094 865 τὰς
1144 801 1363 865 ἐντολὰς
1403 802 1512 872 (81)
1560 800 1656 855 τοῦ
1712 802 1938 874 Κυρίου,
1988 804 2084 857 καὶ

501 892 668 947 ποιῶν
696 893 1043 965 δικαιοσύνην
1079 895 1172 948 καὶ⁸
1204 893 1350 947 ἔλεον
1372 934 1386 958 ,
1420 893 1580 959 ποίας
1613 894 1829 964 φύσεως
1860 893 1926 967 ἦν
1959 894 2085 951 ἄνο-

504 1004 603 1058 μος
622 986 731 1052 ὤν;
767 988 826 1040 οὐ
858 987 969 1057 γὰρ
1003 987 1066 1058 δὴ
1093 988 1194 1058 τῆς
1224 990 1531 1061 ὲπαινετῆς.
1591 989 1730 1042 Ἀλλ’
1764 992 1812 1043 εί
1845 991 1953 1063 ἄρα
1984 993 2082 1062 (Ls-

500 1080 657 1151 κτῆς,
687 1081 781 1134 καὶ
807 1080 967 1143 ποίας
1002 1079 1217 1149 φύσεως
1252 1081 1490 1150 εὐλόγως
1523 1082 1587 1135 ἂν
1606 1081 1792 1154 λεχθῇ,
1827 1083 1914 1136 ὅτε
1946 1085 2081 1138 ἁπο-

501 1172 724 1244 στρέφει
752 1174 817 1224 ὲκ
854 1169 1042 1224 πασῶν
1064 1169 1171 1225 τῶν
1197 1172 1434 1241 ἀνομιῶν
1461 1170 1654 1226 ἑαυτοῦ
1688 1166 1762 1226 ὧν
1797 1175 2080 1245 ὲποίησεν;

499 1263 562 1316 Εί
599 1264 699 1334 μὲν
729 1262 839 1335 γὰρ
864 1263 966 1333 τῆς
1000 1263 1210 1335 φαύλης
1235 1264 1322 1318 διὰ
1355 1265 1421 1318 τὰ
1467 1265 1737 1336 πρότερα,
1773 1266 1886 1331 πῶς
1922 1252 2083 1337 μετέέ

501 1353 662 1408 ϐαλεν
691 1356 782 1409 ἐπὶ
811 1355 921 1427 (ὃὲ)
953 1356 1022 1409 τὰ
1048 1356 1321 1426 βελτίονα;
1355 1359 1405 1412 εί
1434 1358 1492 1411 δὲ
1520 1357 1621 1428 τῆς
1656 1358 1876 1422 ἀστείας
1903 1358 1989 1412 διὰ
2020 1360 2088 1413 τὰ

499 1447 748 1520 δεύτερα,
780 1449 896 1512 πῶς
933 1450 1152 1514 ἀστείας
1185 1448 1399 1520 φύσεως
1437 1450 1721 1520 τυγχάνων
1755 1449 1953 1521 ἄνομος
1978 1447 2082 1522 ἧν;

502 1539 576 1593 Τὸ
607 1539 652 1593 δ’
689 1541 873 1611 ὅμοιον
906 1543 1278 1613 ἐπαπορήσεις
1306 1544 1398 1596 καὶ
1430 1544 1557 1615 περὶ
1588 1541 1683 1596 τοῦ
1716 1543 2086 1614 ἀποστρέφον-

500 1649 591 1696 τος
616 1631 826 1687 δικαίου
859 1636 925 1687 ὲκ
959 1634 1059 1703 τῆς
1092 1635 1437 1706 δικαιοσύνης
1464 1634 1650 1707 αὐτοῦ,
1686 1634 1780 1689 καὶ
1806 1633 2086 1698 ποιοῦντος

502 1722 716 1777 ἀδικίαν
751 1723 894 1777 κατὰ
913 1723 1092 1787 πάσας
1118 1723 1216 1787 τὰς
1241 1726 1474 1797 ἀνομίας
1493 1743 1506 1757 ·
1538 1727 1668 1797 πρὶν
1683 1725 1791 1796 γὰρ
1821 1723 2087 1795 ἀποστρέ-

499 1812 599 1882 ψαι
629 1813 738 1866 ἀπὸ
776 1814 877 1884 τῆς
907 1813 1251 1887 δικαιοσύνης
1289 1819 1346 1869 ὲν
1390 1815 1617 1881 δικαίοις
1652 1816 1835 1888 ἔργοις
1877 1816 2087 1887 τυγχά-

502 1922 627 1969 νων,
670 1904 880 1974 φαύλης
907 1903 1122 1972 φύσεως
1156 1885 1255 1960 ούκ
1294 1903 1395 1978 ἦν·
1442 1907 1621 1981 φαύλη
1662 1885 1771 1980 γὰρ
1798 1909 1957 1977 φύσις
1983 1885 2082 1962 οὐκ
2116 1885 2157 1939 Β

503 1996 570 2049 ἂν
609 1999 668 2049 ὲν
700 1996 1016 2070 δικαιοσύνῃ
1049 1999 1258 2068 γένριτο
1281 2041 1294 2065 ,
1332 2000 1454 2054 ἐπεὶ
1486 2001 1560 2073 μὴ
1605 2001 1825 2056 δύναται
1869 2001 2082 2074 δένδρον

505 2087 761 2159 πονηρὸν,
798 2090 830 2158 ἡ
862 2090 1048 2155 κακία,
1075 2094 1325 2163 καρποὺς
1356 2093 1597 2161 ἀγαθοὺς
1622 2096 1796 2148 ποιεῖν
1823 2094 1948 2158 τοὺς
1974 2097 2082 2150 ἀπὸ

502 2179 719 2250 ἀρετῆς.
754 2179 926 2233 Πάλιν
959 2198 1018 2235 τε
1051 2177 1117 2236 αὖ
1144 2183 1245 2236 οὐκ
1271 2183 1338 2237 ἂν
1356 2224 1371 2247 ,
1412 2184 1636 2248 ἀστείας
1663 2187 1756 2240 καὶ
1781 2187 2081 2260 ἀμεταϐλή-

498 2286 593 2323 του
628 2270 840 2340 φύσεως
866 2269 965 2336 ὣν,
1000 2271 1230 2348 ἀπὺοτοῦ
1261 2272 1427 2327 καλοῦ
1457 2275 1799 2345 ἀπέστρεφεν
1824 2277 1910 2337 ἂν,
1944 2278 2083 2349 μετὰ

497 2358 558 2414 τὸ
594 2361 928 2432 χρηματίσαι
979 2362 1210 2427 δίκαιος,
1251 2365 1316 2418 ὲκ
1348 2366 1450 2437 τῆς
1499 2366 1845 2439 δικαιοσύνης
1892 2370 2077 2434 αὑτοῦ,

495 2451 591 2504 ἐπὶ
614 2451 674 2505 τὸ
703 2454 924 2525 ποιῆσαι
958 2454 1175 2510 ἀδικίαν
1211 2457 1352 2511 κατὰ
1385 2460 1567 2524 πάσας
1592 2461 1693 2525 τὰς
1727 2462 1959 2533 ἀνομίας
1980 2466 2077 2518 αύ-

494 2540 590 2595 τού
614 2584 629 2610 ,
660 2542 727 2606 ἂς
761 2544 1011 2615 ἐποίησε.

568 2817 784 2874 Τούτων
817 2820 875 2873 δὲ
895 2821 1222 2894 είρημένων,
1261 2822 1543 2894 νομιστέον
1581 2844 1599 2876 ι
1640 2824 1953 2897 ὠμοιῶσθαι
1978 2827 2078 2901 τὴν

497 2906 777 2979 βασιλείαν
805 2909 914 2963 τῶν
940 2910 1186 2983 οὐρανῶν
1217 2914 1427 2986 σαγήνῃ
1465 2914 1727 2990 βληθείσῃ
1755 2918 1834 2981 είς
1861 2917 1958 2988 τὴν
1983 2918 2078 2972 θά-

494 2998 701 3055 λασσαν
722 3041 736 3064 ,
775 3004 868 3056 καὶ
904 3005 969 3058 ὲκ
994 3005 1194 3068 παντὸς
1226 3005 1415 3074 γένους
1452 3010 1831 3082 συναγαγούσῃ
1868 3009 2007 3083 (85),
2052 3030 2071 3065 ι

494 3090 574 3154 είς
592 3092 935 3165 παράστασιν
954 3095 1051 3169 τοῦ
1083 3097 1326 3150 ποικίλα.)
1353 3097 1460 3152 τῶν
1487 3100 1543 3152 έν
1562 3099 1871 3170 ἀνθρώποις
1894 3120 2078 3174 προαι-

2190 623 2427 691 peccatis
2474 624 2611 688 suis,
2657 637 2779 692 qua:
2827 621 3105 692 peccavit,
3157 622 3209 674 in
3245 620 3377 690 ipsis
3411 622 3695 678 morietur.
3738 643 3756 675 ι

2188 712 2285 767 V'el
2324 713 2510 768 dicant
2559 714 2716 768 nobis
2768 713 2862 782 qui
2892 728 2959 767 ex
3008 727 3220 782 sagena:
3246 712 3499 781 parabola
3542 722 3765 768 naturas

2188 804 2483 872 invehunt;
2521 805 2745 875 iniquus
2779 804 2994 858 tandem
3027 813 3279 858 avertens
3311 818 3369 857 se
3402 805 3471 857 ab
3510 806 3763 861 omnibus

2187 897 2425 966 peccatis
2455 913 2578 967 qua:
2610 896 2737 950 fecit
2761 937 2775 961 ,
2816 903 2869 949 et
2901 894 3114 949 Domini
3147 896 3400 949 mandata
3439 897 3762 962 observans,

2186 996 2240 1042 et
2292 986 2497 1043 faciens
2532 978 2800 1058 justitiam
2844 1002 2909 1041 ac
2957 987 3412 1051 misericordiam,
3452 987 3765 1057 cujuserat

2187 1089 2395 1134 natura:
2421 1080 2552 1134 dum
2585 1088 2704 1135 erat
2735 1079 3013 1150 injustas?
3040 1095 3145 1133 non
3183 1079 3471 1134 laudabilis
3521 1076 3648 1145 quid
3674 1094 3718 1125 ἰι
3745 1110 3762 1126 .

2188 1169 2244 1224 Si
2265 1184 2397 1238 ergo
2429 1170 2907 1238 reprehendenti-aa,
2941 1168 3100 1236 cujus
3122 1176 3330 1222 naturae
3354 1182 3475 1222 esse
3499 1165 3623 1236 jure
3648 1179 3764 1219 me-

2184 1259 2294 1313 rito
2334 1260 2564 1323 dicetur,
2614 1276 2740 1314 cum
2789 1259 2984 1313 avertit
3027 1273 3086 1313 se
3132 1258 3200 1312 ab
3233 1258 3486 1311 omnibus
3527 1255 3765 1325 peccatis

2186 1363 2307 1419 quae
2341 1348 2505 1403 fecit?
2544 1349 2590 1402 si
2622 1359 2842 1419 propter
2888 1363 2952 1403 ea
2993 1364 3115 1417 quae
3154 1354 3566 1417 praecesserunt,
3610 1344 3764 1398 mala:

2186 1440 2358 1495 fuisse
2387 1441 2539 1495 dicas
2566 1479 2581 1505 ,
2623 1441 2901 1510 quomodo
2923 1449 3164 1495 mutatus
3192 1448 3275 1494 est
3300 1439 3365 1493 ad
3392 1436 3655 1492 meliora?
3679 1436 3763 1491 sin

2184 1547 2315 1588 vero
2351 1532 2506 1586 bona:
2530 1573 2545 1598 ,
2583 1541 2801 1600 propter
2828 1547 2891 1586 ea
2919 1547 3040 1600 quae
3069 1542 3256 1587 secuta
3288 1539 3415 1585 sunt
3441 1570 3456 1595 ,
3488 1524 3765 1599 quomodo

2188 1623 2424 1693 injustus
2452 1632 2569 1677 erat
2593 1665 2607 1688 ,
2644 1624 2801 1678 bonae
2838 1633 3049 1677 natura:
3078 1639 3201 1678 cum
3232 1623 3414 1678 esset?
3452 1621 3642 1676 Simile
3671 1634 3767 1676 oc-

2188 1723 2374 1769 curret
2419 1714 2645 1769 dubium
2686 1729 2850 1782 super
2883 1715 3065 1783 justo,
3123 1715 3217 1783 qui
3262 1731 3291 1768 a
3329 1715 3539 1782 justitia
3572 1730 3671 1769 sua
3707 1728 3766 1769 se

2192 1808 2407 1874 avertit,
2457 1816 2511 1862 et
2556 1806 2880 1878 injustitiam
2915 1806 3045 1860 facit
3072 1805 3230 1875 juxta
3272 1808 3457 1874 omnia
3500 1816 3762 1876 peccata:

2184 1900 2506 1971 priusquam
2539 1900 2683 1953 enim
2717 1906 2988 1952 averteret
3016 1911 3073 1951 se
3104 1913 3134 1950 a
3166 1897 3400 1964 justitia,
3422 1910 3545 1949 cum
3582 1897 3635 1950 in
3675 1896 3767 1963 ju-

2184 1991 2284 2047 stis
2327 1998 2472 2045 esset
2517 1989 2796 2059 Operibus,
2849 1987 3005 2042 mala:
3032 1996 3241 2041 naturae
3292 2000 3398 2039 non
3429 1994 3587 2041 erat:
3624 1987 3765 2042 mala

2183 2084 2326 2138 enim
2361 2093 2555 2137 natura
2581 2081 2867 2151 injustitia
2902 2094 3011 2134 non
3035 2087 3156 2142 est;
3191 2077 3633 2148 quandoquidem
3664 2077 3768 2131 iui-

2182 2176 2367 2249 quitas
2413 2190 2536 2245 quae
2582 2173 2747 2227 arbor
2792 2171 2934 2226 mala
2976 2180 3079 2234 est,
3128 2168 3340 2224 fructus
3374 2169 3548 2223 bonos
3586 2165 3767 2223 facere

2186 2282 2296 2322 non
2328 2274 2526 2337 potest,
2555 2263 2646 2335 qui
2668 2278 2733 2319 ex
2768 2262 2967 2316 virtute
2985 2269 3312 2315 nascuntur.
3342 2258 3554 2313 Rursus
3582 2269 3764 2311 autem

2182 2373 2308 2413 cum
2343 2367 2488 2412 esset
2529 2357 2685 2410 boum
2721 2363 2776 2408 et
2808 2352 3168 2407 immutabilis
3198 2359 3439 2416 naturae,
3475 2363 3583 2403 non
3628 2346 3766 2402 adeo

2184 2455 2432 2501 mutatur
2454 2446 2616 2518 455
2646 2462 2673 2500 a
2707 2445 2852 2500 bono
2871 2485 2886 2510 ,
2917 2443 3094 2513 qualis
3116 2454 3273 2496 antea
3302 2450 3442 2505 erat,
3472 2448 3763 2509 postquam

2182 2538 2346 2593 semel
2378 2536 2562 2607 justus
2606 2535 2728 2601 fuit,
2780 2542 2842 2588 ut
2884 2541 3093 2589 avertat
3119 2546 3178 2585 se
3218 2547 3248 2585 a
3290 2530 3496 2597 justitia
3537 2544 3659 2595 sua,
3692 2527 3763 2583 ad

2182 2628 2488 2683 faciendam
2544 2626 2893 2699 iujustitiam,
2954 2624 3257 2681 secundum
3311 2623 3495 2677 omnia
3541 2629 3764 2693 peccata

2183 2735 2280 2777 sua
2314 2735 2436 2790 quae
2462 2718 2615 2774 fecit.

2252 2832 2340 2889 12.
2368 2832 2463 2899 llis
2497 2841 2676 2888 autem
2707 2832 2893 2896 dictis,
2924 2829 3254 2886 credendum
3285 2837 3369 2883 est
3402 2846 3421 2879 ι
3461 2825 3759 2883 assimilari

2180 2943 2406 2996 regnum
2449 2926 2714 2981 etelorum
2762 2940 2976 2995 sagenze
3026 2926 3208 2979 missae
3260 2924 3312 2977 in
3374 2937 3542 2987 mare,
3596 2929 3647 2976 et
3691 2935 3761 2974 ex

2178 3018 2326 3072 omni
2354 3032 2550 3088 genere
2565 3017 2913 3086 congregauti
2935 3015 2981 3051 ⁸²
2997 3056 3012 3081 ,
3041 3037 3059 3068 ι
3093 3018 3159 3072 ad
3178 3014 3567 3071 ostendendam
3586 3011 3762 3066 varie.-

2179 3119 2342 3164 tatem
2375 3108 2760 3170 consiliorum,
2797 3125 2919 3177 quae
2947 3109 3088 3164 inter
3120 3109 3369 3162 homines
3404 3116 3552 3166 sunt.
3586 3103 3761 3159 maxi-

497 3180 718 3249 ρέσεων,
746 3182 1009 3277 διαφορὰν
1032 3187 1167 3259 πρὸς
1194 3187 1429 3259 ἀλλήλας
1463 3187 1721 3261 πλείστην
1759 3191 1891 3264 ὅσην
1920 3195 2075 3264 ἐχου-

2181 3214 2328 3253 mum
2360 3199 2501 3254 inter
2533 3215 2593 3255 se
2637 3199 2937 3255 discrimen
2970 3200 3311 3263 habentium,
3356 3200 3429 3252 ita
3464 3207 3522 3251 ut
3567 3195 3699 3251 illud
3741 3214 3757 3250 :

496 3273 625 3338 σῶν,
679 3274 757 3336 ὡς
810 3271 949 3330 εἶναι
990 3276 1050 3329 τό
1072 3295 1086 3309 ·
1142 3295 1161 3328 ί
1233 3279 1327 3332 Ἐκ
1371 3280 1570 3343 παντὸς
1605 3281 1794 3349 γένους
1838 3299 2077 3353 συναγα-

491 3364 663 3437 γούσῃ
707 3365 840 3436 (84),
885 3387 903 3418 ι
948 3370 1265 3432 ἐπαινετοὺς
1300 3370 1392 3423 καὶ
1422 3370 1655 3440 ψεκτοὺς
1698 3375 1756 3426 ὲν
1784 3377 1905 3439 ταῖς
1940 3376 2075 3449 πρὸς

490 3455 556 3509 τά
582 3455 697 3528 εἴδη
724 3456 833 3511 τῶν
862 3449 1075 3531 ἀρετῶν
1108 3461 1141 3533 ἢ
1169 3461 1279 3516 τῶν
1311 3462 1520 3516 κακιῶν
1555 3467 1951 3536 ἐπιρῥεπείαις.
1975 3469 2077 3522 Σα-

491 3549 633 3620 γήνῃ
660 3550 774 3621 (85)
807 3550 863 3604 δὲ
883 3551 1055 3625 πλοκῇ
1092 3555 1313 3627 ποικίλῃ
1345 3554 1604 3629 ὡμοιώθη
1640 3560 1673 3629 ἡ
1700 3557 1947 3628 βασιλεία
1968 3561 2076 3615 τῶν

489 3640 735 3711 οὐρανῶν
768 3643 912 3698 κατὰ
939 3645 1038 3716 τὴν
1069 3647 1455 3722 πεπλεγμένην
1486 3653 1552 3705 ὲκ
1594 3653 1949 3707 παντοδαπῶν
1982 3654 2076 3707 καὶ

492 3738 748 3792 ποικίλων
806 3741 1093 3811 νοημάτων
1148 3744 1384 3798 παλαιάν
1440 3748 1536 3800 κα)¹
1590 3747 1781 3819 καινὴν
1828 3749 2072 3821 Γραφήν.

494 3830 703 3904 Ὠσπερ
748 3833 853 3886 τῶν
889 3834 993 3888 ὑπὸ
1032 3837 1130 3908 τὴν
1168 3839 1411 3909 σαγήνην
1449 3840 1757 3894 πιπτόντων
1794 3841 1991 3910 ἰχθύων
2024 3845 2074 3896 οί

493 3924 592 3995 μὲν
616 3926 756 3978 κατὰ
785 3926 912 3980 τάδε
945 3925 1013 3980 τὰ
1057 3928 1198 4000 μέρη
1220 3931 1320 4002 τῆς
1349 3933 1591 4004 σαγήνης
1623 3933 1985 4005 εὑρίσκονται,
2025 3938 2073 3989 οἱ

489 4012 545 4067 δὲ
569 4014 691 4068 καθ’
724 4014 911 4088 ἕτερα,
944 4018 1037 4072 καὶ
1057 4019 1289 4085 ἕκαστος
1325 4022 1414 4089 ὑφ’
1439 4021 1468 4074 ὃ
1500 4023 1839 4097 κεκράτηται
1873 4027 2069 4098 μέρος·

488 4104 660 4170 οὕτως
683 4106 865 4179 εὕροις
896 4109 964 4162 ἂν
999 4110 1091 4163 καὶ
1126 4112 1218 4164 ἐπὶ
1248 4110 1353 4164 τῶν
1389 4112 1495 4165 ὑπὸ
1524 4115 1766 4186 σαγήνην
1797 4116 1906 4168 τῶν
1934 4116 2074 4187 Γρα-

489 4193 603 4262 φῶν
648 4194 985 4268 ἐληλυθότων
1025 4198 1177 4262 τινὰς
1214 4199 1313 4270 μὲν
1356 4202 1805 4273 κεκρατημένους
1846 4204 1951 4258 ὑπὸ
1975 4204 2073 4276 τήν

487 4289 831 4360 προφητικὴν
862 4290 1085 4362 πλοκὴν,
1126 4292 1245 4364 φέρ’
1294 4295 1468 4347 είπεῖν
1487 4333 1501 4358 ,
1544 4293 1764 4347 Ἡσαΐου
1792 4295 1933 4349 κατὰ
1952 4297 2071 4350 τόδε

483 4377 546 4430 τὸ
576 4377 772 4449 ῥητὸν,
802 4379 836 4449 ἢ
881 4380 1164 4451 Ἱερεμίου,
1192 4382 1224 4453 ἢ
1250 4382 1475 4456 Δανιήλ·
1510 4383 1702 4458 ἄλλους
1731 4384 1786 4438 δὲ
1820 4386 1961 4440 κατὰ
1986 4405 2071 4440 νο-

488 4466 674 4539 μικὴν,
710 4469 804 4523 καὶ
829 4469 1023 4534 ἄλλους
1057 4471 1196 4525 κατὰ
1219 4472 1597 4544 εύαγγελικην,
1631 4474 1725 4527 καὶ
1754 4476 1904 4540 τινὰς
1929 4479 2071 4532 κατὰ

2185 3309 2204 3342 ι
2245 3289 2323 3344 Ex
2362 3289 2513 3344 omni
2542 3306 2740 3360 genere
2769 3292 3146 3363 cougreganti,
3200 3311 3219 3343 ι
3262 3290 3561 3344 laudandos
3593 3297 3648 3342 et
3674 3305 3762 3343 re-

2179 3382 2613 3453 prehendendos,
2657 3392 2876 3453 propter
2920 3385 3343 3455 propensionem
3397 3382 3463 3436 ad
3495 3381 3758 3436 virtutum

2179 3474 2549 3545 vitiorumque
2617 3490 2815 3544 genera
2873 3476 3316 3546 comprehendat.
3381 3473 3757 3528 Assimilatum

2176 3577 2260 3623 est
2296 3582 2426 3622 vero
2476 3581 2706 3636 regnum
2753 3567 3019 3622 cmlorum
3062 3583 3276 3638 sageuae
3306 3567 3468 3621 variae
3509 3574 3758 3631 texturae,

2175 3666 2394 3727 propter
2428 3665 2661 3710 veterem
2695 3672 2760 3712 ac
2790 3642 2985 3710 novam
3011 3655 3373 3725 Scripturam,
3414 3671 3481 3708 ex
3509 3655 3757 3725 (rumige-

2176 3750 2263 3803 nis
2310 3750 2587 3818 variisque
2626 3749 2911 3803 sententiis
2937 3756 3269 3803 contextam.
3319 3745 3382 3799 Et
3409 3745 3758 3814 quemadmo-

2176 3840 2304 3895 dum
2338 3840 2570 3909 piscium
2606 3841 2659 3895 in
2698 3856 2953 3913 sagenam
2996 3837 3354 3893 incidentium
3398 3836 3755 3890 inveniuntur

2176 3931 2423 3986 nonnulli
2458 3932 2510 3985 in
2546 3932 2631 3988 his
2665 3930 3157 4004 sugentepartibus
3181 3972 3197 3998 ,
3253 3928 3328 3982 illi
3367 3943 3494 3982 vero
3529 3926 3581 3981 in
3610 3927 3754 3989 aliis,

2175 4030 2229 4076 et
2261 4024 2637 4093 unusquisque
2680 4025 2734 4078 in
2777 4039 2886 4095 qua
2926 4032 3079 4092 parte
3108 4021 3483 4091 deprehensus
3511 4030 3630 4084 est;
3675 4019 3755 4074 sic

2177 4115 2418 4185 reperias
2458 4125 2505 4171 et
2534 4116 2676 4170 inter
2705 4131 2800 4171 eos
2832 4116 2924 4185 qui
2960 4117 3012 4168 in
3039 4113 3447 4183 Seripturarum
3494 4125 3752 4181 sagenam

2174 4207 2531 4273 devenerunt,
2585 4208 2798 4277 aliquos
2834 4207 2929 4277 qui
2978 4206 3081 4262 sub
3123 4204 3507 4274 prophetarum
3537 4209 3752 4255 textura

2174 4299 2550 4368 comprehensi
2584 4308 2739 4361 sunt,
2780 4299 2952 4359 Isaizn,
2994 4296 3145 4351 verbi
3176 4295 3369 4365 gratia,
3409 4302 3625 4363 propter
3650 4291 3756 4345 hoc

2174 4389 2414 4454 dictum,
2452 4390 2534 4443 vel
2568 4386 2837 4453 Jeremize,
2878 4392 2964 4441 vel
2997 4385 3268 4451 Danielis;
3303 4384 3440 4437 alios
3480 4397 3606 4437 vero
3650 4380 3752 4436 sub

2175 4489 2428 4535 contextu
2460 4480 2615 4550 legis,
2646 4481 2784 4535 alios
2817 4480 2919 4533 sub
2947 4475 3388 4546 Evangeliorum,
3427 4481 3480 4527 ct
3512 4471 3751 4526 nonnul-

484 4561 864 4634 άποστολικήν.
912 4563 1133 4634 Πρῶτον
1174 4565 1283 4636 γὰρ
1317 4566 1667 4639 ἁλισκόμενός
1697 4587 1779 4634 τις
1824 4571 1928 4624 ὑπὸ
1971 4572 2064 4626 τού

2180 4575 2253 4627 los
2307 4573 2408 4628 sub
2456 4573 2853 4643 apostolorum.
2904 4569 3149 4623 Primum
3192 4566 3337 4622 enim
3387 4565 3542 4635 quia
3575 4563 3750 4623 Yet-bo

483 4653 680 4722 Λόγου,
710 4654 742 4727 ἢ
769 4654 940 4709 δοκῶν
967 4657 1305 4724 ἁλίσκεσθαι,
1341 4663 1403 4714 ὲκ
1432 4665 1578 4729 τινὸς
1608 4665 1942 4737 λαμϐάνεται
1970 4667 2066 4739 μέ-

485 4760 612 4814 ρους
643 4747 739 4818 τῆς
768 4746 896 4819 ὅλης
919 4752 1179 4824 σαγήνης.
1210 4753 1376 4807 Οὐδὲν
1398 4754 1455 4808 δὲ
1482 4754 1683 4810 ἄτοπον
1709 4758 1926 4822 είτινες
1954 4760 2065 4813 τῶν

481 4835 717 4891 ἁλόντων
761 4838 959 4911 ἰχθύων
1004 4845 1421 4916 ἐμπεριέχονται
1459 4847 1556 4921 ὅλῃ
1598 4853 1665 4921 τῇ
1710 4851 1809 4922 τῆς
1854 4851 1914 4904 ἐν
1942 4852 2062 4916 ταῖς

482 4928 722 5000 Γραφαῖς
751 4935 994 5006 σαγήνης
1012 4934 1207 5008 πλοκῇ,
1243 4938 1336 4991 κα)⁵
1364 4939 1699 5010 πανταχόθεν
1726 4943 2060 5013 συνέχονται,

481 5023 577 5076 καὶ
593 5025 1235 5101 κρατούνται,διαδράναι
1255 5030 1329 5103 μὴ
1358 5031 1669 5104 δυνάμενοι,
1699 5034 1814 5088 ἀλλ’
1842 5035 2062 5108 ὠσπερ-

480 5114 531 5167 εὶ
574 5118 837 5173 πάντοθεν
881 5122 1390 5195 καταδουλούμενοι,
1431 5126 1523 5179 καὶ
1552 5128 1806 5182 ἐκπεσεῖν
1834 5129 1932 5200 τῆς
1966 5145 2061 5183 σα-

479 5207 649 5278 γήνης
680 5209 781 5262 οὐκ
806 5209 1055 5281 ἐώμενοι.
1079 5212 1344 5284 Βέϐληται
1377 5215 1434 5269 δὲ
1464 5217 1495 5285 ή
1534 5217 1741 5287 σαγήνη
1773 5217 1911 5289 αὕτη
1948 5219 2056 5289 (86)

544 5319 590 5352 ⁸²
638 5319 829 5382 Matth.
873 5338 1006 5389 xm,
1055 5323 1143 5378 47.

700 5436 865 5519 l_i_d_em
895 5442 1077 5519 cotld._,
1110 5444 1398 5519 quidam}:
1432 5450 1612 5513 πάσας
1651 5449 1749 5514 τὰς
1779 5453 2018 5515 ἐντολάς.

553 5505 664 5578 (82)
704 5508 869 5590 Ιζῶς-
887 5505 1220 5590 μετέραᾇεν
1261 5517 1375 5590 -ἐπί
1398 5559 1436 5590 ,7
1473 5529 1527 5574 et
1579 5505 1700 5589 qua:
1729 5505 2060 5590 sequuntur

2173 4665 2386 4734 Capitur
2411 4706 2426 4731 ,
2467 4665 2551 4719 vel
2582 4665 2702 4734 capi
2741 4664 2974 4725 videtur,
3031 4661 3099 4715 ab
3128 4660 3311 4729 aliqua
3341 4657 3507 4712 totius
3537 4671 3751 4726 sagenae

2172 4768 2326 4827 parte
2355 4756 2587 4826 capitur.
2621 4754 2767 4809 Nihil
2794 4763 2975 4809 autem
3002 4752 3301 4808 absurdum
3333 4759 3444 4815 est,
3482 4749 3527 4802 si
3555 4743 3746 4802 eorum

2171 4849 2262 4919 qui
2282 4851 2569 4917 capiuntur
2589 4848 2844 4918 piscium,
2866 4856 2975 4901 tota
2993 4859 3206 4916 sagenaa
3229 4858 3350 4913 quae
3375 4842 3427 4894 in
3448 4838 3748 4908 Seripturis

2168 4948 2252 4995 est
2301 4949 2510 4994 textura
2570 4940 2817 4994 nonnulli
2860 4939 3248 5001 involvuntur,
3279 4944 3335 4989 ct
3381 4932 3745 5002 undtquaque

2170 5043 2423 5088 tenentur
2472 5050 2535 5089 ac
2585 5033 3117 5103 comprehenduntur
3146 5068 3160 5093 ,
3212 5043 3312 5082 nec
3352 5025 3591 5095 eﬂ‘ugere
3618 5039 3746 5094 pos-

2169 5136 2331 5192 sunt,
2358 5127 2454 5182 sed
2489 5128 2635 5182 velut
2663 5126 2891 5181 omnino
2922 5125 2975 5180 in
3009 5123 3326 5179 servitutem
3362 5116 3562 5172 redacti
3592 5123 3741 5179 sunt,

2169 5234 2268 5273 nec
2300 5227 2619 5287 potestatem
2652 5218 2855 5289 habent
2888 5214 3143 5272 exeundi.
3180 5210 3303 5266 Haec
3332 5219 3514 5264 autem
3544 5222 3743 5278 sagena

2239 5454 2350 5525 (8st)
2383 5451 2840 5525 Συναγαγρύσῃ.
2885 5423 3065 5525 (ξοδεχ
3102 5448 3418 5525 Vaticanus,
3453 5446 3737 5525 συναχθέν.

2233 5519 2346 5596 (85)
2373 5521 2614 5596 Σξαγήνῃ
2636 5519 2736 5596 δὲ,
2768 5533 2871 5574 etc.
2892 5519 3070 5596 Forte
3096 5519 3467 5596 scribendum,
3494 5519 3742 5593 σαγήνης

476 5590 652 5661 usque
699 5578 871 5661 adniti
908 5597 922 5633 :
971 5582 1088 5661 πῶς
1118 5578 1617 5661 ἀστείας-φύσεως,
1652 5591 1722 5645 ab
1754 5578 2057 5649 llolmieusi

2180 5578 2251 5661 ⁵ὲί
2266 5578 2374 5650 ab
2409 5578 2544 5647 νίαέ
2573 5578 2858 5661 Origene"!
2890 5589 3077 5661 ιιοιηίι.
3114 5590 3261 5661 Nam
3288 5578 3489 5661 ιρι-θοι,

474 5647 746 5734 podice‘et
767 5647 993 5734 Erasini
1033 5647 1479 5734 interpretatione
1504 5647 1766 5728 aberant,
1797 5647 2054 5734 supplen-v

478 5724 835 5795 lttriuteme
860 5722 1016 5795 codd,
1052 5721 1219 5795 Regio
1244 5734 1300 5781 et
1329 5725 1611 5785 Vaticano.

551 5785 661 5859 (83)
683 5786 862 5844 Codex
891 5785 1210 5863 Vaticanus,
1243 5799 1569 5871 συναγούσῃ.

2234 5656 2347 5735 (86)
2379 5656 2768 5735 Βέσληταιδὲ
2791 5661 2830 5727 ἠ
2854 5657 3103 5735 σαγήνη-
3120 5658 3291 5735 αύτη,
3319 5667 3425 5713 etc.
3461 5656 3585 5715 Haec
3609 5659 3739 5714 ani.

2165 5728 2400 5806 puerunt
2424 5731 2787 5805 Hieronymus
2816 5739 2871 5785 ct
2901 5728 2941 5783 Τ
2949 5728 3356 5800 beophylactus.
