  <div class='ocr_page' id='page_1' title='image "/cluster/home/n/w/nwhite01/storage/ocr_20150623/13:no.3/coo.31924054872910/439.png"; bbox 0 0 4128 6428; ppageno 0'>
   <div class='ocr_carea' id='block_1_1' title="bbox 966 290 999 315">
    <p class='ocr_par' dir='ltr' id='par_1_1' title="bbox 966 290 999 315">
     <span class='ocr_line' id='line_1_1' title="bbox 966 290 999 315; baseline 0 -3"><span class='ocrx_word' id='word_1_1' title='bbox 966 290 999 315; x_wconf 85' lang='lat'><strong>\</strong></span> 
     </span>
    </p>
   </div>
   <div class='ocr_carea' id='block_1_2' title="bbox 351 350 454 404">
    <p class='ocr_par' dir='ltr' id='par_1_2' title="bbox 351 350 454 404">
     <span class='ocr_line' id='line_1_2' title="bbox 351 350 454 404; baseline 0 -1"><span class='ocrx_word' id='word_1_2' title='bbox 351 350 454 404; x_wconf 80' lang='lat'><strong>863</strong></span> 
     </span>
    </p>
   </div>
   <div class='ocr_carea' id='block_1_3' title="bbox 1815 345 2134 404">
    <p class='ocr_par' dir='ltr' id='par_1_3' title="bbox 1815 345 2134 404">
     <span class='ocr_line' id='line_1_3' title="bbox 1815 345 2134 404; baseline 0.006 -5"><span class='ocrx_word' id='word_1_3' title='bbox 1815 345 1971 404; x_wconf 76' lang='lat' dir='ltr'><strong>OlllG</strong></span> <span class='ocrx_word' id='word_1_4' title='bbox 1983 345 2134 402; x_wconf 69' lang='lat' dir='ltr'><strong>ENIS</strong></span> 
     </span>
    </p>
   </div>
   <div class='ocr_carea' id='block_1_4' title="bbox 3496 354 3602 408">
    <p class='ocr_par' dir='ltr' id='par_1_4' title="bbox 3496 354 3602 408">
     <span class='ocr_line' id='line_1_4' title="bbox 3496 354 3602 408; baseline 0 -1"><span class='ocrx_word' id='word_1_5' title='bbox 3496 354 3602 408; x_wconf 74' lang='grc' dir='ltr'>εϐι</span> 
     </span>
    </p>
   </div>
   <div class='ocr_carea' id='block_1_5' title="bbox 348 458 1906 542">
    <p class='ocr_par' dir='ltr' id='par_1_5' title="bbox 348 458 1906 534">
     <span class='ocr_line' id='line_1_5' title="bbox 348 458 1906 534; baseline 0.001 -19"><span class='ocrx_word' id='word_1_6' title='bbox 348 458 404 517; x_wconf 89' lang='lat' dir='ltr'><strong>lu</strong></span> <span class='ocrx_word' id='word_1_7' title='bbox 430 477 579 520; x_wconf 87' lang='lat' dir='ltr'><strong>mare</strong></span> <span class='ocrx_word' id='word_1_8' title='bbox 601 461 768 518; x_wconf 78' lang='lat' dir='ltr'><strong>missa</strong></span> <span class='ocrx_word' id='word_1_9' title='bbox 788 471 890 523; x_wconf 90' lang='lat' dir='ltr'><strong>est.</strong></span> <span class='ocrx_word' id='word_1_10' title='bbox 918 463 1079 517; x_wconf 83' lang='lat' dir='ltr'><strong>vitam</strong></span> <span class='ocrx_word' id='word_1_11' title='bbox 1115 462 1321 518; x_wconf 76' lang='lat' dir='ltr'><strong>scilicet</strong></span> <span class='ocrx_word' id='word_1_12' title='bbox 1346 464 1649 532; x_wconf 83' lang='lat' dir='ltr'><strong>hominum,</strong></span> <span class='ocrx_word' id='word_1_13' title='bbox 1677 481 1771 534; x_wconf 86' lang='lat' dir='ltr'><strong>per</strong></span> <span class='ocrx_word' id='word_1_14' title='bbox 1798 465 1906 518; x_wconf 88' lang='lat' dir='ltr'><strong>uni-</strong></span> 
     </span>
    </p>
   </div>
   <div class='ocr_carea' id='block_1_6' title="bbox 2005 458 3600 542">
    <p class='ocr_par' dir='ltr' id='par_1_6' title="bbox 2023 464 3600 542">
     <span class='ocr_line' id='line_1_6' title="bbox 2023 464 3600 542; baseline 0.007 -27"><span class='ocrx_word' id='word_1_15' title='bbox 2023 465 2102 526; x_wconf 79' lang='grc' dir='ltr'>εἰς</span> <span class='ocrx_word' id='word_1_16' title='bbox 2133 464 2229 535; x_wconf 79' lang='grc' dir='ltr'>τὴν</span> <span class='ocrx_word' id='word_1_17' title='bbox 2256 464 2525 519; x_wconf 74' lang='grc' dir='ltr'>θάλασσαν</span> <span class='ocrx_word' id='word_1_18' title='bbox 2546 508 2559 532; x_wconf 89' lang='grc'><strong>,</strong></span> <span class='ocrx_word' id='word_1_19' title='bbox 2596 466 2684 521; x_wconf 79' lang='grc' dir='ltr'><strong>τὸν</strong></span> <span class='ocrx_word' id='word_1_20' title='bbox 2714 469 2984 538; x_wconf 73' lang='grc' dir='ltr'><strong>πανταχοῦ</strong></span> <span class='ocrx_word' id='word_1_21' title='bbox 3014 469 3111 538; x_wconf 64' lang='grc' dir='ltr'>τῆς</span> <span class='ocrx_word' id='word_1_22' title='bbox 3143 469 3465 542; x_wconf 79' lang='grc' dir='ltr'>οίκουμένης</span> <span class='ocrx_word' id='word_1_23' title='bbox 3490 474 3600 526; x_wconf 87' lang='grc' dir='ltr'><strong>τῶν</strong></span> 
     </span>
    </p>
   </div>
   <div class='ocr_carea' id='block_1_7' title="bbox 346 553 1921 628">
    <p class='ocr_par' dir='ltr' id='par_1_7' title="bbox 346 553 1921 628">
     <span class='ocr_line' id='line_1_7' title="bbox 346 553 1921 628; baseline 0.001 -18"><span class='ocrx_word' id='word_1_24' title='bbox 346 570 566 611; x_wconf 88' lang='lat' dir='ltr'><strong>versum</strong></span> <span class='ocrx_word' id='word_1_25' title='bbox 608 564 875 610; x_wconf 88' lang='lat' dir='ltr'><strong>terrarum</strong></span> <span class='ocrx_word' id='word_1_26' title='bbox 925 554 1111 609; x_wconf 87' lang='lat' dir='ltr'><strong>orbem</strong></span> <span class='ocrx_word' id='word_1_27' title='bbox 1155 553 1410 611; x_wconf 85' lang='lat' dir='ltr'><strong>ﬂuctibus</strong></span> <span class='ocrx_word' id='word_1_28' title='bbox 1445 556 1737 628; x_wconf 90' lang='lat' dir='ltr'><strong>jactatam,</strong></span> <span class='ocrx_word' id='word_1_29' title='bbox 1784 567 1836 611; x_wconf 82' lang='lat' dir='ltr'><strong>ct</strong></span> <span class='ocrx_word' id='word_1_30' title='bbox 1867 557 1921 611; x_wconf 92' lang='lat' dir='ltr'><strong>in</strong></span> 
     </span>
    </p>
   </div>
   <div class='ocr_carea' id='block_1_8' title="bbox 347 647 1920 723">
    <p class='ocr_par' dir='ltr' id='par_1_8' title="bbox 347 647 1920 723">
     <span class='ocr_line' id='line_1_8' title="bbox 347 647 1920 723; baseline 0.002 -22"><span class='ocrx_word' id='word_1_31' title='bbox 347 647 554 702; x_wconf 82' lang='lat' dir='ltr'><strong>amaris</strong></span> <span class='ocrx_word' id='word_1_32' title='bbox 586 647 711 703; x_wconf 68' lang='lat' dir='ltr'><strong>vita:</strong></span> <span class='ocrx_word' id='word_1_33' title='bbox 755 647 987 718; x_wconf 70' lang='lat' dir='ltr'><strong>negotiis</strong></span> <span class='ocrx_word' id='word_1_34' title='bbox 1028 658 1324 704; x_wconf 87' lang='lat' dir='ltr'><strong>natantem.</strong></span> <span class='ocrx_word' id='word_1_35' title='bbox 1376 649 1495 718; x_wconf 87' lang='lat' dir='ltr'><strong>lpsa</strong></span> <span class='ocrx_word' id='word_1_36' title='bbox 1546 665 1676 705; x_wconf 88' lang='lat' dir='ltr'><strong>vero</strong></span> <span class='ocrx_word' id='word_1_37' title='bbox 1721 666 1920 723; x_wconf 84' lang='lat' dir='ltr'><strong>sagena</strong></span> 
     </span>
    </p>
   </div>
   <div class='ocr_carea' id='block_1_9' title="bbox 347 736 1923 796">
    <p class='ocr_par' dir='ltr' id='par_1_9' title="bbox 347 736 1923 796">
     <span class='ocr_line' id='line_1_9' title="bbox 347 736 1923 796; baseline 0.005 -8"><span class='ocrx_word' id='word_1_38' title='bbox 347 746 473 791; x_wconf 90' lang='lat' dir='ltr'><strong>ante</strong></span> <span class='ocrx_word' id='word_1_39' title='bbox 499 736 843 792; x_wconf 88' lang='lat' dir='ltr'><strong>Servalorem</strong></span> <span class='ocrx_word' id='word_1_40' title='bbox 876 746 1121 793; x_wconf 90' lang='lat' dir='ltr'><strong>nostrum</strong></span> <span class='ocrx_word' id='word_1_41' title='bbox 1150 738 1338 795; x_wconf 85' lang='lat' dir='ltr'><strong>Jesum</strong></span> <span class='ocrx_word' id='word_1_42' title='bbox 1363 742 1602 795; x_wconf 89' lang='lat' dir='ltr'><strong>nondum</strong></span> <span class='ocrx_word' id='word_1_43' title='bbox 1635 750 1745 796; x_wconf 90' lang='lat' dir='ltr'><strong>tota</strong></span> <span class='ocrx_word' id='word_1_44' title='bbox 1771 758 1923 796; x_wconf 85' lang='lat' dir='ltr'><strong>com—</strong></span> 
     </span>
    </p>
   </div>
   <div class='ocr_carea' id='block_1_10' title="bbox 348 827 1922 903">
    <p class='ocr_par' dir='ltr' id='par_1_10' title="bbox 348 827 1922 903">
     <span class='ocr_line' id='line_1_10' title="bbox 348 827 1922 903; baseline 0.008 -25"><span class='ocrx_word' id='word_1_45' title='bbox 348 827 487 893; x_wconf 86' lang='lat' dir='ltr'><strong>pleta</strong></span> <span class='ocrx_word' id='word_1_46' title='bbox 521 838 654 893; x_wconf 91' lang='lat' dir='ltr'><strong>erat,</strong></span> <span class='ocrx_word' id='word_1_47' title='bbox 696 836 749 882; x_wconf 88' lang='lat' dir='ltr'><strong>et</strong></span> <span class='ocrx_word' id='word_1_48' title='bbox 790 838 1015 886; x_wconf 65' lang='lat' dir='ltr'><strong>texturae</strong></span> <span class='ocrx_word' id='word_1_49' title='bbox 1043 832 1177 902; x_wconf 89' lang='lat' dir='ltr'><strong>legis</strong></span> <span class='ocrx_word' id='word_1_50' title='bbox 1207 848 1270 886; x_wconf 88' lang='lat' dir='ltr'><strong>ac</strong></span> <span class='ocrx_word' id='word_1_51' title='bbox 1296 833 1686 903; x_wconf 89' lang='lat' dir='ltr'><strong>prophetarum</strong></span> <span class='ocrx_word' id='word_1_52' title='bbox 1722 834 1769 888; x_wconf 89' lang='lat' dir='ltr'><strong>is</strong></span> <span class='ocrx_word' id='word_1_53' title='bbox 1793 835 1922 889; x_wconf 90' lang='lat' dir='ltr'><strong>dee-</strong></span> 
     </span>
    </p>
   </div>
   <div class='ocr_carea' id='block_1_11' title="bbox 347 917 1922 993">
    <p class='ocr_par' dir='ltr' id='par_1_11' title="bbox 347 917 1922 993">
     <span class='ocr_line' id='line_1_11' title="bbox 347 917 1922 993; baseline 0.007 -26"><span class='ocrx_word' id='word_1_54' title='bbox 347 925 433 968; x_wconf 86' lang='lat' dir='ltr'><strong>rat</strong></span> <span class='ocrx_word' id='word_1_55' title='bbox 462 917 555 985; x_wconf 86' lang='lat' dir='ltr'><strong>qui</strong></span> <span class='ocrx_word' id='word_1_56' title='bbox 578 917 714 971; x_wconf 79' lang='lat' dir='ltr'><strong>dixit</strong></span> <span class='ocrx_word' id='word_1_57' title='bbox 735 918 782 951; x_wconf 82' lang='lat'><strong>&quot;</strong></span> <span class='ocrx_word' id='word_1_58' title='bbox 818 937 833 973; x_wconf 89' lang='lat'><strong>:</strong></span> <span class='ocrx_word' id='word_1_59' title='bbox 883 939 901 971; x_wconf 79' lang='grc' dir='ltr'><strong>ι</strong></span> <span class='ocrx_word' id='word_1_60' title='bbox 938 919 1116 975; x_wconf 87' lang='lat' dir='ltr'><strong>Nolite</strong></span> <span class='ocrx_word' id='word_1_61' title='bbox 1147 931 1341 992; x_wconf 90' lang='lat' dir='ltr'><strong>putare</strong></span> <span class='ocrx_word' id='word_1_62' title='bbox 1372 925 1631 993; x_wconf 88' lang='lat' dir='ltr'><strong>quoniam</strong></span> <span class='ocrx_word' id='word_1_63' title='bbox 1661 926 1780 979; x_wconf 89' lang='lat' dir='ltr'><strong>veni</strong></span> <span class='ocrx_word' id='word_1_64' title='bbox 1813 926 1922 979; x_wconf 92' lang='lat' dir='ltr'><strong>sol-</strong></span> 
     </span>
    </p>
   </div>
   <div class='ocr_carea' id='block_1_12' title="bbox 344 1000 1921 1082">
    <p class='ocr_par' dir='ltr' id='par_1_12' title="bbox 344 1000 1921 1082">
     <span class='ocr_line' id='line_1_12' title="bbox 344 1000 1921 1082; baseline 0.01 -26"><span class='ocrx_word' id='word_1_65' title='bbox 344 1021 469 1061; x_wconf 76' lang='lat' dir='ltr'><strong>vere</strong></span> <span class='ocrx_word' id='word_1_66' title='bbox 498 1000 669 1076; x_wconf 65' lang='lat' dir='ltr'><strong>regem</strong></span> <span class='ocrx_word' id='word_1_67' title='bbox 699 1018 794 1066; x_wconf 88' lang='lat' dir='ltr'><strong>aut</strong></span> <span class='ocrx_word' id='word_1_68' title='bbox 834 1012 1163 1082; x_wconf 81' lang='lat' dir='ltr'><strong>prOphetas;</strong></span> <span class='ocrx_word' id='word_1_69' title='bbox 1208 1030 1317 1068; x_wconf 91' lang='lat' dir='ltr'><strong>non</strong></span> <span class='ocrx_word' id='word_1_70' title='bbox 1359 1015 1482 1069; x_wconf 84' lang='lat' dir='ltr'><strong>veni</strong></span> <span class='ocrx_word' id='word_1_71' title='bbox 1536 1017 1774 1079; x_wconf 89' lang='lat' dir='ltr'><strong>solvere,</strong></span> <span class='ocrx_word' id='word_1_72' title='bbox 1826 1018 1921 1072; x_wconf 91' lang='lat' dir='ltr'><strong>sed</strong></span> 
     </span>
    </p>
   </div>
   <div class='ocr_carea' id='block_1_13' title="bbox 341 1098 1919 1178">
    <p class='ocr_par' dir='ltr' id='par_1_13' title="bbox 341 1098 1919 1178">
     <span class='ocr_line' id='line_1_13' title="bbox 341 1098 1919 1178; baseline 0.008 -27"><span class='ocrx_word' id='word_1_73' title='bbox 341 1098 659 1168; x_wconf 84' lang='lat' dir='ltr'><strong>adimplere.</strong></span> <span class='ocrx_word' id='word_1_74' title='bbox 719 1121 739 1154; x_wconf 76' lang='grc' dir='ltr'><strong>ι</strong></span> <span class='ocrx_word' id='word_1_75' title='bbox 790 1101 854 1159; x_wconf 87' lang='grc' dir='ltr'>Ει</span> <span class='ocrx_word' id='word_1_76' title='bbox 903 1105 1173 1175; x_wconf 89' lang='lat' dir='ltr'><strong>completa</strong></span> <span class='ocrx_word' id='word_1_77' title='bbox 1216 1115 1300 1161; x_wconf 82' lang='lat' dir='ltr'><strong>cst</strong></span> <span class='ocrx_word' id='word_1_78' title='bbox 1354 1122 1567 1178; x_wconf 69' lang='lat' dir='ltr'><strong>sagente</strong></span> <span class='ocrx_word' id='word_1_79' title='bbox 1608 1117 1820 1164; x_wconf 79' lang='lat' dir='ltr'><strong>textura</strong></span> <span class='ocrx_word' id='word_1_80' title='bbox 1865 1110 1919 1164; x_wconf 89' lang='lat' dir='ltr'><strong>in</strong></span> 
     </span>
    </p>
   </div>
   <div class='ocr_carea' id='block_1_14' title="bbox 343 1187 1919 1271">
    <p class='ocr_par' dir='ltr' id='par_1_14' title="bbox 343 1187 1919 1271">
     <span class='ocr_line' id='line_1_14' title="bbox 343 1187 1919 1271; baseline 0.01 -30"><span class='ocrx_word' id='word_1_81' title='bbox 343 1187 652 1261; x_wconf 80' lang='lat' dir='ltr'><strong>Evangeliis</strong></span> <span class='ocrx_word' id='word_1_82' title='bbox 682 1203 736 1250; x_wconf 93' lang='lat' dir='ltr'><strong>et</strong></span> <span class='ocrx_word' id='word_1_83' title='bbox 779 1198 1126 1253; x_wconf 83' lang='lat' dir='ltr'><strong>sermonibus</strong></span> <span class='ocrx_word' id='word_1_84' title='bbox 1150 1214 1285 1268; x_wconf 89' lang='lat' dir='ltr'><strong>quos</strong></span> <span class='ocrx_word' id='word_1_85' title='bbox 1314 1216 1411 1269; x_wconf 90' lang='lat' dir='ltr'><strong>per</strong></span> <span class='ocrx_word' id='word_1_86' title='bbox 1442 1203 1717 1271; x_wconf 84' lang='lat' dir='ltr'><strong>apostolos</strong></span> <span class='ocrx_word' id='word_1_87' title='bbox 1758 1200 1919 1256; x_wconf 88' lang='lat' dir='ltr'><strong>Chri-</strong></span> 
     </span>
    </p>
   </div>
   <div class='ocr_carea' id='block_1_15' title="bbox 341 1283 1918 1359">
    <p class='ocr_par' dir='ltr' id='par_1_15' title="bbox 341 1283 1918 1359">
     <span class='ocr_line' id='line_1_15' title="bbox 341 1283 1918 1359; baseline 0.008 -24"><span class='ocrx_word' id='word_1_88' title='bbox 341 1292 459 1337; x_wconf 88' lang='lat' dir='ltr'><strong>stus</strong></span> <span class='ocrx_word' id='word_1_89' title='bbox 504 1283 720 1342; x_wconf 83' lang='lat' dir='ltr'><strong>loeutus</strong></span> <span class='ocrx_word' id='word_1_90' title='bbox 758 1297 859 1342; x_wconf 89' lang='lat' dir='ltr'><strong>est.</strong></span> <span class='ocrx_word' id='word_1_91' title='bbox 900 1286 1193 1358; x_wconf 76' lang='lat' dir='ltr'><strong>Propterea</strong></span> <span class='ocrx_word' id='word_1_92' title='bbox 1238 1291 1404 1359; x_wconf 84' lang='lat' dir='ltr'><strong>igitur</strong></span> <span class='ocrx_word' id='word_1_93' title='bbox 1439 1310 1460 1344; x_wconf 70' lang='lat' dir='ltr'><strong>c</strong></span> <span class='ocrx_word' id='word_1_94' title='bbox 1508 1293 1683 1349; x_wconf 88' lang='lat' dir='ltr'><strong>simile</strong></span> <span class='ocrx_word' id='word_1_95' title='bbox 1722 1303 1803 1349; x_wconf 87' lang='lat' dir='ltr'><strong>est</strong></span> <span class='ocrx_word' id='word_1_96' title='bbox 1832 1310 1918 1348; x_wconf 88' lang='lat' dir='ltr'><strong>re-</strong></span> 
     </span>
    </p>
   </div>
   <div class='ocr_carea' id='block_1_16' title="bbox 336 1376 1917 1449">
    <p class='ocr_par' dir='ltr' id='par_1_16' title="bbox 336 1376 1917 1449">
     <span class='ocr_line' id='line_1_16' title="bbox 336 1376 1917 1449; baseline 0.006 -22"><span class='ocrx_word' id='word_1_97' title='bbox 336 1388 507 1442; x_wconf 83' lang='lat' dir='ltr'><strong>gnum</strong></span> <span class='ocrx_word' id='word_1_98' title='bbox 535 1376 801 1432; x_wconf 68' lang='lat' dir='ltr'><strong>caelorum</strong></span> <span class='ocrx_word' id='word_1_99' title='bbox 838 1395 1055 1449; x_wconf 71' lang='lat' dir='ltr'><strong>sageute</strong></span> <span class='ocrx_word' id='word_1_100' title='bbox 1086 1382 1267 1439; x_wconf 66' lang='lat' dir='ltr'><strong>missae</strong></span> <span class='ocrx_word' id='word_1_101' title='bbox 1295 1382 1348 1436; x_wconf 92' lang='lat' dir='ltr'><strong>in</strong></span> <span class='ocrx_word' id='word_1_102' title='bbox 1382 1398 1556 1448; x_wconf 88' lang='lat' dir='ltr'><strong>mare,</strong></span> <span class='ocrx_word' id='word_1_103' title='bbox 1593 1392 1645 1437; x_wconf 92' lang='lat' dir='ltr'><strong>et</strong></span> <span class='ocrx_word' id='word_1_104' title='bbox 1668 1399 1733 1438; x_wconf 80' lang='lat' dir='ltr'><strong>ex</strong></span> <span class='ocrx_word' id='word_1_105' title='bbox 1767 1385 1917 1438; x_wconf 90' lang='lat' dir='ltr'><strong>omni</strong></span> 
     </span>
    </p>
   </div>
   <div class='ocr_carea' id='block_1_17' title="bbox 340 1473 1913 1541">
    <p class='ocr_par' dir='ltr' id='par_1_17' title="bbox 340 1473 1913 1541">
     <span class='ocr_line' id='line_1_17' title="bbox 340 1473 1913 1541; baseline 0.006 -20"><span class='ocrx_word' id='word_1_106' title='bbox 340 1481 537 1536; x_wconf 80' lang='lat' dir='ltr'><strong>genere</strong></span> <span class='ocrx_word' id='word_1_107' title='bbox 582 1473 955 1541; x_wconf 86' lang='lat' dir='ltr'><strong>congreganti.</strong></span> <span class='ocrx_word' id='word_1_108' title='bbox 1015 1493 1033 1526; x_wconf 73' lang='grc' dir='ltr'><strong>ι</strong></span> <span class='ocrx_word' id='word_1_109' title='bbox 1090 1473 1277 1530; x_wconf 87' lang='lat' dir='ltr'><strong>Potest</strong></span> <span class='ocrx_word' id='word_1_110' title='bbox 1323 1475 1484 1529; x_wconf 90' lang='lat' dir='ltr'><strong>etiam</strong></span> <span class='ocrx_word' id='word_1_111' title='bbox 1541 1475 1715 1529; x_wconf 90' lang='lat' dir='ltr'><strong>illud:</strong></span> <span class='ocrx_word' id='word_1_112' title='bbox 1756 1494 1773 1527; x_wconf 77' lang='grc' dir='ltr'><strong>ι</strong></span> <span class='ocrx_word' id='word_1_113' title='bbox 1836 1475 1913 1531; x_wconf 78' lang='lat' dir='ltr'><strong>Ex</strong></span> 
     </span>
    </p>
   </div>
   <div class='ocr_carea' id='block_1_18' title="bbox 338 1561 1914 1640">
    <p class='ocr_par' dir='ltr' id='par_1_18' title="bbox 338 1561 1914 1640">
     <span class='ocr_line' id='line_1_18' title="bbox 338 1561 1914 1640; baseline 0.011 -28"><span class='ocrx_word' id='word_1_114' title='bbox 338 1561 487 1614; x_wconf 86' lang='lat' dir='ltr'><strong>omni</strong></span> <span class='ocrx_word' id='word_1_115' title='bbox 514 1577 712 1633; x_wconf 80' lang='lat' dir='ltr'><strong>genere</strong></span> <span class='ocrx_word' id='word_1_116' title='bbox 743 1567 1092 1637; x_wconf 87' lang='lat' dir='ltr'><strong>congreganti</strong></span> <span class='ocrx_word' id='word_1_117' title='bbox 1116 1609 1131 1634; x_wconf 93' lang='lat'><strong>,</strong></span> <span class='ocrx_word' id='word_1_118' title='bbox 1182 1586 1201 1619; x_wconf 74' lang='grc' dir='ltr'><strong>ι</strong></span> <span class='ocrx_word' id='word_1_119' title='bbox 1236 1578 1433 1639; x_wconf 81' lang='lat' dir='ltr'><strong>praeter</strong></span> <span class='ocrx_word' id='word_1_120' title='bbox 1462 1584 1524 1623; x_wconf 89' lang='lat' dir='ltr'><strong>ea</strong></span> <span class='ocrx_word' id='word_1_121' title='bbox 1556 1585 1679 1640; x_wconf 78' lang='lat' dir='ltr'><strong>quae</strong></span> <span class='ocrx_word' id='word_1_122' title='bbox 1718 1573 1914 1629; x_wconf 88' lang='lat' dir='ltr'><strong>tradita</strong></span> 
     </span>
    </p>
   </div>
   <div class='ocr_carea' id='block_1_19' title="bbox 338 1655 1913 1735">
    <p class='ocr_par' dir='ltr' id='par_1_19' title="bbox 338 1655 1913 1735">
     <span class='ocr_line' id='line_1_19' title="bbox 338 1655 1913 1735; baseline 0.011 -32"><span class='ocrx_word' id='word_1_123' title='bbox 338 1661 486 1719; x_wconf 86' lang='lat' dir='ltr'><strong>sunt,</strong></span> <span class='ocrx_word' id='word_1_124' title='bbox 532 1655 868 1711; x_wconf 87' lang='lat' dir='ltr'><strong>vocationem</strong></span> <span class='ocrx_word' id='word_1_125' title='bbox 907 1658 1147 1727; x_wconf 78' lang='lat' dir='ltr'><strong>gentium</strong></span> <span class='ocrx_word' id='word_1_126' title='bbox 1185 1674 1252 1715; x_wconf 78' lang='lat' dir='ltr'><strong>ex</strong></span> <span class='ocrx_word' id='word_1_127' title='bbox 1278 1660 1426 1714; x_wconf 92' lang='lat' dir='ltr'><strong>omni</strong></span> <span class='ocrx_word' id='word_1_128' title='bbox 1457 1662 1675 1717; x_wconf 85' lang='lat' dir='ltr'><strong>natione</strong></span> <span class='ocrx_word' id='word_1_129' title='bbox 1700 1664 1913 1735; x_wconf 85' lang='lat' dir='ltr'><strong>signiti-</strong></span> 
     </span>
    </p>
   </div>
   <div class='ocr_carea' id='block_1_20' title="bbox 336 1742 1912 1822">
    <p class='ocr_par' dir='ltr' id='par_1_20' title="bbox 336 1742 1912 1822">
     <span class='ocr_line' id='line_1_20' title="bbox 336 1742 1912 1822; baseline 0.011 -29"><span class='ocrx_word' id='word_1_130' title='bbox 336 1754 479 1795; x_wconf 86' lang='lat' dir='ltr'><strong>care.</strong></span> <span class='ocrx_word' id='word_1_131' title='bbox 509 1742 613 1809; x_wconf 86' lang='lat' dir='ltr'><strong>Qui</strong></span> <span class='ocrx_word' id='word_1_132' title='bbox 642 1760 770 1799; x_wconf 85' lang='lat' dir='ltr'><strong>vero</strong></span> <span class='ocrx_word' id='word_1_133' title='bbox 804 1761 1015 1816; x_wconf 62' lang='lat' dir='ltr'><strong>sagenaa</strong></span> <span class='ocrx_word' id='word_1_134' title='bbox 1041 1748 1094 1801; x_wconf 90' lang='lat' dir='ltr'><strong>in</strong></span> <span class='ocrx_word' id='word_1_135' title='bbox 1129 1763 1279 1805; x_wconf 88' lang='lat' dir='ltr'><strong>mare</strong></span> <span class='ocrx_word' id='word_1_136' title='bbox 1305 1750 1487 1807; x_wconf 70' lang='lat' dir='ltr'><strong>missa:</strong></span> <span class='ocrx_word' id='word_1_137' title='bbox 1510 1767 1729 1822; x_wconf 81' lang='lat' dir='ltr'><strong>Operam</strong></span> <span class='ocrx_word' id='word_1_138' title='bbox 1756 1770 1912 1810; x_wconf 86' lang='lat' dir='ltr'><strong>suam</strong></span> 
     </span>
    </p>
   </div>
   <div class='ocr_carea' id='block_1_21' title="bbox 336 1834 1914 1911">
    <p class='ocr_par' dir='ltr' id='par_1_21' title="bbox 336 1834 1914 1911">
     <span class='ocr_line' id='line_1_21' title="bbox 336 1834 1914 1911; baseline 0.014 -29"><span class='ocrx_word' id='word_1_139' title='bbox 336 1842 614 1901; x_wconf 68' lang='lat' dir='ltr'><strong>praestant,</strong></span> <span class='ocrx_word' id='word_1_140' title='bbox 654 1834 814 1891; x_wconf 80' lang='lat' dir='ltr'><strong>Jesus</strong></span> <span class='ocrx_word' id='word_1_141' title='bbox 857 1838 1108 1894; x_wconf 81' lang='lat' dir='ltr'><strong>Christus</strong></span> <span class='ocrx_word' id='word_1_142' title='bbox 1148 1848 1231 1895; x_wconf 82' lang='lat' dir='ltr'><strong>est</strong></span> <span class='ocrx_word' id='word_1_143' title='bbox 1272 1856 1485 1910; x_wconf 76' lang='lat' dir='ltr'><strong>sageuze</strong></span> <span class='ocrx_word' id='word_1_144' title='bbox 1527 1843 1804 1911; x_wconf 88' lang='lat' dir='ltr'><strong>dominus,</strong></span> <span class='ocrx_word' id='word_1_145' title='bbox 1861 1859 1914 1904; x_wconf 88' lang='lat' dir='ltr'><strong>et</strong></span> 
     </span>
    </p>
   </div>
   <div class='ocr_carea' id='block_1_22' title="bbox 338 1924 1905 2003">
    <p class='ocr_par' dir='ltr' id='par_1_22' title="bbox 338 1924 1905 2003">
     <span class='ocr_line' id='line_1_22' title="bbox 338 1924 1905 2003; baseline 0.01 -29"><span class='ocrx_word' id='word_1_146' title='bbox 338 1939 358 1972; x_wconf 75' lang='grc' dir='ltr'><strong>ι</strong></span> <span class='ocrx_word' id='word_1_147' title='bbox 390 1924 711 1981; x_wconf 87' lang='lat' dir='ltr'><strong>accedentes</strong></span> <span class='ocrx_word' id='word_1_148' title='bbox 730 1925 900 1998; x_wconf 71' lang='grc'><strong>456</strong></span> <span class='ocrx_word' id='word_1_149' title='bbox 921 1928 1120 2000; x_wconf 81' lang='lat' dir='ltr'><strong>angeli,</strong></span> <span class='ocrx_word' id='word_1_150' title='bbox 1148 1929 1359 2002; x_wconf 85' lang='lat' dir='ltr'><strong>ipsique</strong></span> <span class='ocrx_word' id='word_1_151' title='bbox 1385 1935 1757 2003; x_wconf 61' lang='lat' dir='ltr'><strong>ministrantes</strong></span> <span class='ocrx_word' id='word_1_152' title='bbox 1783 1938 1851 2002; x_wconf 70' lang='lat'><strong>“,</strong></span> <span class='ocrx_word' id='word_1_153' title='bbox 1888 1960 1905 1990; x_wconf 77' lang='grc' dir='ltr'><strong>ι</strong></span> 
     </span>
    </p>
   </div>
   <div class='ocr_carea' id='block_1_23' title="bbox 333 2015 1909 2100">
    <p class='ocr_par' dir='ltr' id='par_1_23' title="bbox 333 2015 1909 2100">
     <span class='ocr_line' id='line_1_23' title="bbox 333 2015 1909 2100; baseline 0.013 -32"><span class='ocrx_word' id='word_1_154' title='bbox 333 2015 427 2084; x_wconf 86' lang='lat' dir='ltr'><strong>qui</strong></span> <span class='ocrx_word' id='word_1_155' title='bbox 457 2031 715 2087; x_wconf 85' lang='lat' dir='ltr'><strong>sagenam</strong></span> <span class='ocrx_word' id='word_1_156' title='bbox 750 2036 779 2076; x_wconf 76' lang='grc' dir='ltr'>θ</span> <span class='ocrx_word' id='word_1_157' title='bbox 804 2023 938 2077; x_wconf 87' lang='lat' dir='ltr'><strong>mari</strong></span> <span class='ocrx_word' id='word_1_158' title='bbox 969 2038 1077 2078; x_wconf 90' lang='lat' dir='ltr'><strong>non</strong></span> <span class='ocrx_word' id='word_1_159' title='bbox 1099 2026 1413 2095; x_wconf 79' lang='lat' dir='ltr'><strong>extrahunt,</strong></span> <span class='ocrx_word' id='word_1_160' title='bbox 1452 2044 1626 2100; x_wconf 86' lang='lat' dir='ltr'><strong>neque</strong></span> <span class='ocrx_word' id='word_1_161' title='bbox 1644 2030 1825 2088; x_wconf 83' lang='lat' dir='ltr'><strong>ferunt</strong></span> <span class='ocrx_word' id='word_1_162' title='bbox 1856 2035 1909 2089; x_wconf 92' lang='lat' dir='ltr'><strong>in</strong></span> 
     </span>
    </p>
   </div>
   <div class='ocr_carea' id='block_1_24' title="bbox 332 2104 1909 2189">
    <p class='ocr_par' dir='ltr' id='par_1_24' title="bbox 332 2104 1909 2189">
     <span class='ocr_line' id='line_1_24' title="bbox 332 2104 1909 2189; baseline 0.013 -29"><span class='ocrx_word' id='word_1_163' title='bbox 332 2104 485 2163; x_wconf 78' lang='lat' dir='ltr'><strong>littus</strong></span> <span class='ocrx_word' id='word_1_164' title='bbox 508 2119 661 2165; x_wconf 78' lang='lat' dir='ltr'><strong>extra</strong></span> <span class='ocrx_word' id='word_1_165' title='bbox 700 2128 872 2178; x_wconf 86' lang='lat' dir='ltr'><strong>mare,</strong></span> <span class='ocrx_word' id='word_1_166' title='bbox 902 2113 1005 2170; x_wconf 90' lang='lat' dir='ltr'><strong>hoc</strong></span> <span class='ocrx_word' id='word_1_167' title='bbox 1029 2125 1130 2181; x_wconf 88' lang='lat' dir='ltr'><strong>est,</strong></span> <span class='ocrx_word' id='word_1_168' title='bbox 1168 2120 1381 2186; x_wconf 88' lang='lat' dir='ltr'><strong>negotia</strong></span> <span class='ocrx_word' id='word_1_169' title='bbox 1414 2134 1535 2189; x_wconf 77' lang='lat' dir='ltr'><strong>qua:</strong></span> <span class='ocrx_word' id='word_1_170' title='bbox 1560 2133 1711 2178; x_wconf 81' lang='lat' dir='ltr'><strong>extra</strong></span> <span class='ocrx_word' id='word_1_171' title='bbox 1744 2126 1909 2181; x_wconf 86' lang='lat' dir='ltr'><strong>vitam</strong></span> 
     </span>
    </p>
   </div>
   <div class='ocr_carea' id='block_1_25' title="bbox 333 2202 1909 2280">
    <p class='ocr_par' dir='ltr' id='par_1_25' title="bbox 333 2202 1909 2280">
     <span class='ocr_line' id='line_1_25' title="bbox 333 2202 1909 2280; baseline 0.011 -27"><span class='ocrx_word' id='word_1_172' title='bbox 333 2209 482 2268; x_wconf 85' lang='lat' dir='ltr'><strong>sunt,</strong></span> <span class='ocrx_word' id='word_1_173' title='bbox 536 2202 642 2258; x_wconf 90' lang='lat' dir='ltr'><strong>nisi</strong></span> <span class='ocrx_word' id='word_1_174' title='bbox 692 2205 961 2274; x_wconf 86' lang='lat' dir='ltr'><strong>completa</strong></span> <span class='ocrx_word' id='word_1_175' title='bbox 1011 2205 1173 2262; x_wconf 79' lang='lat' dir='ltr'><strong>fuerit</strong></span> <span class='ocrx_word' id='word_1_176' title='bbox 1215 2224 1437 2278; x_wconf 85' lang='lat' dir='ltr'><strong>sageua,</strong></span> <span class='ocrx_word' id='word_1_177' title='bbox 1496 2212 1600 2268; x_wconf 90' lang='lat' dir='ltr'><strong>hoc</strong></span> <span class='ocrx_word' id='word_1_178' title='bbox 1646 2223 1749 2280; x_wconf 87' lang='lat' dir='ltr'><strong>est,</strong></span> <span class='ocrx_word' id='word_1_179' title='bbox 1803 2218 1909 2272; x_wconf 91' lang='lat' dir='ltr'><strong>nisi</strong></span> 
     </span>
    </p>
   </div>
   <div class='ocr_carea' id='block_1_26' title="bbox 335 2296 1908 2372">
    <p class='ocr_par' dir='ltr' id='par_1_26' title="bbox 335 2296 1908 2372">
     <span class='ocr_line' id='line_1_26' title="bbox 335 2296 1908 2372; baseline 0.01 -25"><span class='ocrx_word' id='word_1_180' title='bbox 335 2296 577 2361; x_wconf 78' lang='lat' dir='ltr'><strong>gentium</strong></span> <span class='ocrx_word' id='word_1_181' title='bbox 620 2299 1079 2369; x_wconf 84' lang='lat' dir='ltr'><strong>complementum</strong></span> <span class='ocrx_word' id='word_1_182' title='bbox 1132 2300 1185 2355; x_wconf 91' lang='lat' dir='ltr'><strong>in</strong></span> <span class='ocrx_word' id='word_1_183' title='bbox 1218 2301 1390 2372; x_wconf 89' lang='lat' dir='ltr'><strong>ipsam</strong></span> <span class='ocrx_word' id='word_1_184' title='bbox 1436 2305 1755 2361; x_wconf 84' lang='lat' dir='ltr'><strong>advenerit:</strong></span> <span class='ocrx_word' id='word_1_185' title='bbox 1783 2323 1908 2364; x_wconf 89' lang='lat' dir='ltr'><strong>cum</strong></span> 
     </span>
    </p>
   </div>
   <div class='ocr_carea' id='block_1_27' title="bbox 333 2385 1910 2458">
    <p class='ocr_par' dir='ltr' id='par_1_27' title="bbox 333 2385 1910 2458">
     <span class='ocr_line' id='line_1_27' title="bbox 333 2385 1910 2458; baseline 0.014 -25"><span class='ocrx_word' id='word_1_186' title='bbox 333 2390 515 2436; x_wconf 85' lang='lat' dir='ltr'><strong>autem</strong></span> <span class='ocrx_word' id='word_1_187' title='bbox 549 2385 853 2454; x_wconf 80' lang='lat' dir='ltr'><strong>advenerit,</strong></span> <span class='ocrx_word' id='word_1_188' title='bbox 896 2398 1024 2444; x_wconf 88' lang='lat' dir='ltr'><strong>tunc</strong></span> <span class='ocrx_word' id='word_1_189' title='bbox 1064 2390 1237 2458; x_wconf 85' lang='lat' dir='ltr'><strong>ipsam</strong></span> <span class='ocrx_word' id='word_1_190' title='bbox 1274 2407 1340 2447; x_wconf 80' lang='lat' dir='ltr'><strong>ex</strong></span> <span class='ocrx_word' id='word_1_191' title='bbox 1372 2391 1726 2452; x_wconf 78' lang='lat' dir='ltr'><strong>inferioribus</strong></span> <span class='ocrx_word' id='word_1_192' title='bbox 1760 2398 1910 2455; x_wconf 88' lang='lat' dir='ltr'><strong>hisce</strong></span> 
     </span>
    </p>
   </div>
   <div class='ocr_carea' id='block_1_28' title="bbox 330 2472 1909 2554">
    <p class='ocr_par' dir='ltr' id='par_1_28' title="bbox 330 2472 1909 2554">
     <span class='ocr_line' id='line_1_28' title="bbox 330 2472 1909 2554; baseline 0.013 -31"><span class='ocrx_word' id='word_1_193' title='bbox 330 2486 387 2525; x_wconf 60' lang='grc' dir='ltr'>(ιι</span> <span class='ocrx_word' id='word_1_194' title='bbox 417 2472 715 2531; x_wconf 82' lang='lat' dir='ltr'><strong>humilibus</strong></span> <span class='ocrx_word' id='word_1_195' title='bbox 744 2477 907 2534; x_wconf 86' lang='lat' dir='ltr'><strong>rebus</strong></span> <span class='ocrx_word' id='word_1_196' title='bbox 950 2478 1225 2545; x_wconf 90' lang='lat' dir='ltr'><strong>educunt,</strong></span> <span class='ocrx_word' id='word_1_197' title='bbox 1276 2497 1509 2554; x_wconf 85' lang='lat' dir='ltr'><strong>eamque</strong></span> <span class='ocrx_word' id='word_1_198' title='bbox 1550 2485 1603 2540; x_wconf 92' lang='lat' dir='ltr'><strong>in</strong></span> <span class='ocrx_word' id='word_1_199' title='bbox 1639 2486 1792 2542; x_wconf 89' lang='lat' dir='ltr'><strong>littus</strong></span> <span class='ocrx_word' id='word_1_200' title='bbox 1834 2489 1909 2544; x_wconf 83' lang='lat' dir='ltr'><strong>ita</strong></span> 
     </span>
    </p>
   </div>
   <div class='ocr_carea' id='block_1_29' title="bbox 331 2562 1909 2648">
    <p class='ocr_par' dir='ltr' id='par_1_29' title="bbox 331 2562 1909 2648">
     <span class='ocr_line' id='line_1_29' title="bbox 331 2562 1909 2648; baseline 0.012 -33"><span class='ocrx_word' id='word_1_201' title='bbox 331 2562 537 2632; x_wconf 77' lang='lat' dir='ltr'><strong>tropice</strong></span> <span class='ocrx_word' id='word_1_202' title='bbox 578 2567 910 2635; x_wconf 88' lang='lat' dir='ltr'><strong>appellatum</strong></span> <span class='ocrx_word' id='word_1_203' title='bbox 951 2570 1222 2625; x_wconf 81' lang='lat' dir='ltr'><strong>deferunt.</strong></span> <span class='ocrx_word' id='word_1_204' title='bbox 1268 2570 1382 2628; x_wconf 89' lang='lat' dir='ltr'><strong>Illic</strong></span> <span class='ocrx_word' id='word_1_205' title='bbox 1419 2589 1610 2629; x_wconf 91' lang='lat' dir='ltr'><strong>eorum</strong></span> <span class='ocrx_word' id='word_1_206' title='bbox 1645 2578 1739 2648; x_wconf 87' lang='lat' dir='ltr'><strong>qui</strong></span> <span class='ocrx_word' id='word_1_207' title='bbox 1770 2580 1909 2634; x_wconf 87' lang='lat' dir='ltr'><strong>hanc</strong></span> 
     </span>
    </p>
   </div>
   <div class='ocr_carea' id='block_1_30' title="bbox 329 2663 1908 2742">
    <p class='ocr_par' dir='ltr' id='par_1_30' title="bbox 329 2663 1908 2742">
     <span class='ocr_line' id='line_1_30' title="bbox 329 2663 1908 2742; baseline 0.013 -35"><span class='ocrx_word' id='word_1_208' title='bbox 329 2665 682 2712; x_wconf 77' lang='lat' dir='ltr'><strong>extraxerunt</strong></span> <span class='ocrx_word' id='word_1_209' title='bbox 719 2668 900 2727; x_wconf 86' lang='lat' dir='ltr'><strong>partes</strong></span> <span class='ocrx_word' id='word_1_210' title='bbox 948 2671 1110 2716; x_wconf 90' lang='lat' dir='ltr'><strong>erunt</strong></span> <span class='ocrx_word' id='word_1_211' title='bbox 1155 2664 1220 2717; x_wconf 89' lang='lat' dir='ltr'><strong>ad</strong></span> <span class='ocrx_word' id='word_1_212' title='bbox 1253 2663 1401 2720; x_wconf 84' lang='lat' dir='ltr'><strong>littus</strong></span> <span class='ocrx_word' id='word_1_213' title='bbox 1434 2666 1643 2734; x_wconf 84' lang='lat' dir='ltr'><strong>sedere,</strong></span> <span class='ocrx_word' id='word_1_214' title='bbox 1678 2685 1908 2742; x_wconf 90' lang='lat' dir='ltr'><strong>seseque</strong></span> 
     </span>
    </p>
   </div>
   <div class='ocr_carea' id='block_1_31' title="bbox 330 2744 1907 2830">
    <p class='ocr_par' dir='ltr' id='par_1_31' title="bbox 330 2744 1907 2830">
     <span class='ocr_line' id='line_1_31' title="bbox 330 2744 1907 2830; baseline 0.013 -31"><span class='ocrx_word' id='word_1_215' title='bbox 330 2744 402 2800; x_wconf 87' lang='lat' dir='ltr'><strong>ibi</strong></span> <span class='ocrx_word' id='word_1_216' title='bbox 433 2747 724 2813; x_wconf 91' lang='lat' dir='ltr'><strong>collocare,</strong></span> <span class='ocrx_word' id='word_1_217' title='bbox 755 2760 814 2805; x_wconf 89' lang='lat' dir='ltr'><strong>ut</strong></span> <span class='ocrx_word' id='word_1_218' title='bbox 837 2755 1269 2825; x_wconf 84' lang='lat' dir='ltr'><strong>unumquodque</strong></span> <span class='ocrx_word' id='word_1_219' title='bbox 1290 2756 1562 2814; x_wconf 87' lang='lat' dir='ltr'><strong>bonorum</strong></span> <span class='ocrx_word' id='word_1_220' title='bbox 1594 2777 1715 2830; x_wconf 78' lang='lat' dir='ltr'><strong>qua:</strong></span> <span class='ocrx_word' id='word_1_221' title='bbox 1746 2772 1907 2819; x_wconf 89' lang='lat' dir='ltr'><strong>erunt</strong></span> 
     </span>
    </p>
   </div>
   <div class='ocr_carea' id='block_1_32' title="bbox 330 2836 1905 2923">
    <p class='ocr_par' dir='ltr' id='par_1_32' title="bbox 330 2836 1905 2923">
     <span class='ocr_line' id='line_1_32' title="bbox 330 2836 1905 2923; baseline 0.013 -34"><span class='ocrx_word' id='word_1_222' title='bbox 330 2836 383 2889; x_wconf 88' lang='lat' dir='ltr'><strong>iu</strong></span> <span class='ocrx_word' id='word_1_223' title='bbox 417 2852 616 2909; x_wconf 77' lang='lat' dir='ltr'><strong>sagena</strong></span> <span class='ocrx_word' id='word_1_224' title='bbox 647 2840 698 2893; x_wconf 93' lang='lat' dir='ltr'><strong>iu</strong></span> <span class='ocrx_word' id='word_1_225' title='bbox 729 2845 1008 2913; x_wconf 90' lang='lat' dir='ltr'><strong>proprium</strong></span> <span class='ocrx_word' id='word_1_226' title='bbox 1049 2846 1296 2901; x_wconf 85' lang='lat' dir='ltr'><strong>ordinem</strong></span> <span class='ocrx_word' id='word_1_227' title='bbox 1325 2858 1587 2918; x_wconf 84' lang='lat' dir='ltr'><strong>statuant,</strong></span> <span class='ocrx_word' id='word_1_228' title='bbox 1617 2853 1772 2923; x_wconf 73' lang='lat' dir='ltr'><strong>juxta</strong></span> <span class='ocrx_word' id='word_1_229' title='bbox 1808 2870 1905 2909; x_wconf 85' lang='lat' dir='ltr'><strong>sua</strong></span> 
     </span>
    </p>
   </div>
   <div class='ocr_carea' id='block_1_33' title="bbox 329 2930 1905 3010">
    <p class='ocr_par' dir='ltr' id='par_1_33' title="bbox 329 2930 1905 3010">
     <span class='ocr_line' id='line_1_33' title="bbox 329 2930 1905 3010; baseline 0.014 -31"><span class='ocrx_word' id='word_1_230' title='bbox 329 2944 451 2996; x_wconf 69' lang='lat' dir='ltr'><strong>qua:</strong></span> <span class='ocrx_word' id='word_1_231' title='bbox 493 2930 580 2985; x_wconf 88' lang='lat' dir='ltr'><strong>hic</strong></span> <span class='ocrx_word' id='word_1_232' title='bbox 635 2935 981 3002; x_wconf 84' lang='lat' dir='ltr'><strong>appellantur</strong></span> <span class='ocrx_word' id='word_1_233' title='bbox 1038 2954 1167 2993; x_wconf 90' lang='lat' dir='ltr'><strong>vasa</strong></span> <span class='ocrx_word' id='word_1_234' title='bbox 1225 2956 1388 3010; x_wconf 71' lang='lat' dir='ltr'><strong>:quaa</strong></span> <span class='ocrx_word' id='word_1_235' title='bbox 1441 2958 1567 2998; x_wconf 89' lang='lat' dir='ltr'><strong>vero</strong></span> <span class='ocrx_word' id='word_1_236' title='bbox 1625 2950 1905 3001; x_wconf 87' lang='lat' dir='ltr'><strong>contrario</strong></span> 
     </span>
    </p>
   </div>
   <div class='ocr_carea' id='block_1_34' title="bbox 331 3014 1903 3105">
    <p class='ocr_par' dir='ltr' id='par_1_34' title="bbox 331 3014 1903 3105">
     <span class='ocr_line' id='line_1_34' title="bbox 331 3014 1903 3105; baseline 0.015 -40"><span class='ocrx_word' id='word_1_237' title='bbox 331 3014 496 3068; x_wconf 88' lang='lat' dir='ltr'><strong>modo</strong></span> <span class='ocrx_word' id='word_1_238' title='bbox 526 3032 585 3070; x_wconf 89' lang='lat' dir='ltr'><strong>se</strong></span> <span class='ocrx_word' id='word_1_239' title='bbox 626 3017 826 3076; x_wconf 83' lang='lat' dir='ltr'><strong>habent</strong></span> <span class='ocrx_word' id='word_1_240' title='bbox 864 3034 917 3077; x_wconf 90' lang='lat' dir='ltr'><strong>et</strong></span> <span class='ocrx_word' id='word_1_241' title='bbox 949 3026 1092 3079; x_wconf 85' lang='lat' dir='ltr'><strong>mala</strong></span> <span class='ocrx_word' id='word_1_242' title='bbox 1140 3040 1559 3100; x_wconf 89' lang='lat' dir='ltr'><strong>nuncupantur,</strong></span> <span class='ocrx_word' id='word_1_243' title='bbox 1612 3031 1761 3089; x_wconf 81' lang='lat' dir='ltr'><strong>foras</strong></span> <span class='ocrx_word' id='word_1_244' title='bbox 1802 3036 1903 3105; x_wconf 84' lang='lat' dir='ltr'><strong>eji-</strong></span> 
     </span>
    </p>
   </div>
   <div class='ocr_carea' id='block_1_35' title="bbox 2024 555 3599 632">
    <p class='ocr_par' dir='ltr' id='par_1_35' title="bbox 2024 555 3599 632">
     <span class='ocr_line' id='line_1_35' title="bbox 2024 555 3599 632; baseline 0.005 -25"><span class='ocrx_word' id='word_1_245' title='bbox 2024 555 2324 622; x_wconf 80' lang='grc' dir='ltr'>ἀνθρώπων</span> <span class='ocrx_word' id='word_1_246' title='bbox 2364 557 2773 630; x_wconf 76' lang='grc' dir='ltr'>κυματούμενον</span> <span class='ocrx_word' id='word_1_247' title='bbox 2813 560 2925 631; x_wconf 79' lang='grc' dir='ltr'>βίον</span> <span class='ocrx_word' id='word_1_248' title='bbox 2948 601 2961 625; x_wconf 92' lang='grc'><strong>,</strong></span> <span class='ocrx_word' id='word_1_249' title='bbox 2999 561 3091 613; x_wconf 68' lang='grc' dir='ltr'><strong>καὶ</strong></span> <span class='ocrx_word' id='word_1_250' title='bbox 3121 562 3176 613; x_wconf 81' lang='grc' dir='ltr'>ὲν</span> <span class='ocrx_word' id='word_1_251' title='bbox 3208 564 3318 625; x_wconf 86' lang='grc' dir='ltr'>τοῖς</span> <span class='ocrx_word' id='word_1_252' title='bbox 3334 561 3599 632; x_wconf 78' lang='grc' dir='ltr'><strong>ἁλμυροῖς</strong></span> 
     </span>
    </p>
   </div>
   <div class='ocr_carea' id='block_1_36' title="bbox 2024 649 3597 727">
    <p class='ocr_par' dir='ltr' id='par_1_36' title="bbox 2024 649 3597 727">
     <span class='ocr_line' id='line_1_36' title="bbox 2024 649 3597 727; baseline 0.006 -29"><span class='ocrx_word' id='word_1_253' title='bbox 2024 649 2310 719; x_wconf 71' lang='grc' dir='ltr'>πράγμασι</span> <span class='ocrx_word' id='word_1_254' title='bbox 2355 650 2447 705; x_wconf 88' lang='grc' dir='ltr'><strong>τοῦ</strong></span> <span class='ocrx_word' id='word_1_255' title='bbox 2495 650 2609 721; x_wconf 82' lang='grc' dir='ltr'>βίου</span> <span class='ocrx_word' id='word_1_256' title='bbox 2644 653 2957 722; x_wconf 70' lang='grc' dir='ltr'>νηχόμενον.</span> <span class='ocrx_word' id='word_1_257' title='bbox 3012 652 3157 724; x_wconf 73' lang='grc' dir='ltr'>Αὕτη</span> <span class='ocrx_word' id='word_1_258' title='bbox 3211 652 3330 724; x_wconf 79' lang='grc' dir='ltr'><strong>δὲή</strong></span> <span class='ocrx_word' id='word_1_259' title='bbox 3387 657 3597 727; x_wconf 87' lang='grc' dir='ltr'>σαγήνη</span> 
     </span>
    </p>
   </div>
   <div class='ocr_carea' id='block_1_37' title="bbox 2024 741 3602 816">
    <p class='ocr_par' dir='ltr' id='par_1_37' title="bbox 2024 741 3602 816">
     <span class='ocr_line' id='line_1_37' title="bbox 2024 741 3602 816; baseline 0.005 -25"><span class='ocrx_word' id='word_1_260' title='bbox 2024 741 2129 811; x_wconf 70' lang='grc' dir='ltr'><strong>πρὸ</strong></span> <span class='ocrx_word' id='word_1_261' title='bbox 2156 741 2248 793; x_wconf 89' lang='grc' dir='ltr'><strong>τοῦ</strong></span> <span class='ocrx_word' id='word_1_262' title='bbox 2285 742 2535 813; x_wconf 80' lang='grc' dir='ltr'><strong>Σωτῆρος</strong></span> <span class='ocrx_word' id='word_1_263' title='bbox 2576 743 2731 814; x_wconf 84' lang='grc' dir='ltr'>ἡμῶν</span> <span class='ocrx_word' id='word_1_264' title='bbox 2774 743 2949 814; x_wconf 82' lang='grc' dir='ltr'>Ἰησοῦ</span> <span class='ocrx_word' id='word_1_265' title='bbox 2982 742 3090 814; x_wconf 83' lang='grc'>(87)</span> <span class='ocrx_word' id='word_1_266' title='bbox 3120 743 3215 815; x_wconf 88' lang='grc' dir='ltr'>ὅλη</span> <span class='ocrx_word' id='word_1_267' title='bbox 3254 744 3352 815; x_wconf 83' lang='grc' dir='ltr'><strong>μὲν</strong></span> <span class='ocrx_word' id='word_1_268' title='bbox 3390 746 3602 816; x_wconf 66' lang='grc' dir='ltr'>’πεπλη-</span> 
     </span>
    </p>
   </div>
   <div class='ocr_carea' id='block_1_38' title="bbox 2024 831 3597 911">
    <p class='ocr_par' dir='ltr' id='par_1_38' title="bbox 2024 831 3597 911">
     <span class='ocr_line' id='line_1_38' title="bbox 2024 831 3597 911; baseline 0.003 -24"><span class='ocrx_word' id='word_1_269' title='bbox 2024 834 2240 905; x_wconf 86' lang='grc' dir='ltr'>ρωμένη</span> <span class='ocrx_word' id='word_1_270' title='bbox 2267 835 2368 888; x_wconf 73' lang='grc' dir='ltr'><strong>οὐκ</strong></span> <span class='ocrx_word' id='word_1_271' title='bbox 2400 831 2488 908; x_wconf 77' lang='grc' dir='ltr'>ἦν,</span> <span class='ocrx_word' id='word_1_272' title='bbox 2518 835 2695 889; x_wconf 72' lang='grc' dir='ltr'>ἔλειπε</span> <span class='ocrx_word' id='word_1_273' title='bbox 2721 837 2826 909; x_wconf 77' lang='grc' dir='ltr'>γὰρ</span> <span class='ocrx_word' id='word_1_274' title='bbox 2850 839 2914 908; x_wconf 77' lang='grc' dir='ltr'>τῇ</span> <span class='ocrx_word' id='word_1_275' title='bbox 2940 840 3134 908; x_wconf 77' lang='grc' dir='ltr'>νομικῇ</span> <span class='ocrx_word' id='word_1_276' title='bbox 3158 838 3250 890; x_wconf 68' lang='grc' dir='ltr'>καὶ</span> <span class='ocrx_word' id='word_1_277' title='bbox 3283 841 3597 911; x_wconf 79' lang='grc' dir='ltr'>προφητικῇ</span> 
     </span>
    </p>
   </div>
   <div class='ocr_carea' id='block_1_39' title="bbox 2021 924 3600 999">
    <p class='ocr_par' dir='ltr' id='par_1_39' title="bbox 2021 924 3600 999">
     <span class='ocr_line' id='line_1_39' title="bbox 2021 924 3600 999; baseline 0.004 -22"><span class='ocrx_word' id='word_1_278' title='bbox 2021 925 2194 996; x_wconf 80' lang='grc' dir='ltr'>πλοκῇ</span> <span class='ocrx_word' id='word_1_279' title='bbox 2221 927 2249 979; x_wconf 92' lang='lat'><strong>6</strong></span> <span class='ocrx_word' id='word_1_280' title='bbox 2287 926 2455 978; x_wconf 74' lang='grc' dir='ltr'>εἰπών</span> <span class='ocrx_word' id='word_1_281' title='bbox 2481 944 2493 957; x_wconf 90' lang='grc'><strong>·</strong></span> <span class='ocrx_word' id='word_1_282' title='bbox 2533 947 2550 978; x_wconf 78' lang='grc' dir='ltr'><strong>ι</strong></span> <span class='ocrx_word' id='word_1_283' title='bbox 2594 928 2685 999; x_wconf 78' lang='grc' dir='ltr'>Μή</span> <span class='ocrx_word' id='word_1_284' title='bbox 2722 930 2981 999; x_wconf 76' lang='grc' dir='ltr'><strong>νομίσητε</strong></span> <span class='ocrx_word' id='word_1_285' title='bbox 3015 969 3029 993; x_wconf 90' lang='grc'><strong>,</strong></span> <span class='ocrx_word' id='word_1_286' title='bbox 3059 930 3143 981; x_wconf 82' lang='grc' dir='ltr'><strong>ὅτι</strong></span> <span class='ocrx_word' id='word_1_287' title='bbox 3175 924 3337 998; x_wconf 77' lang='grc' dir='ltr'>ἦλθον</span> <span class='ocrx_word' id='word_1_288' title='bbox 3364 930 3600 983; x_wconf 84' lang='grc' dir='ltr'>καταλῦ-</span> 
     </span>
    </p>
   </div>
   <div class='ocr_carea' id='block_1_40' title="bbox 2021 1016 3599 1091">
    <p class='ocr_par' dir='ltr' id='par_1_40' title="bbox 2021 1016 3599 1091">
     <span class='ocr_line' id='line_1_40' title="bbox 2021 1016 3599 1091; baseline 0.004 -22"><span class='ocrx_word' id='word_1_289' title='bbox 2021 1035 2111 1069; x_wconf 89' lang='grc' dir='ltr'><strong>σαι</strong></span> <span class='ocrx_word' id='word_1_290' title='bbox 2136 1018 2228 1071; x_wconf 87' lang='grc' dir='ltr'><strong>τὸν</strong></span> <span class='ocrx_word' id='word_1_291' title='bbox 2266 1019 2451 1088; x_wconf 90' lang='grc' dir='ltr'>νόμον,</span> <span class='ocrx_word' id='word_1_292' title='bbox 2488 1017 2520 1088; x_wconf 83' lang='grc' dir='ltr'>ἦ</span> <span class='ocrx_word' id='word_1_293' title='bbox 2558 1020 2683 1083; x_wconf 74' lang='grc' dir='ltr'>τοὺς</span> <span class='ocrx_word' id='word_1_294' title='bbox 2710 1021 2991 1091; x_wconf 73' lang='grc' dir='ltr'><strong>προφήτας</strong></span> <span class='ocrx_word' id='word_1_295' title='bbox 3013 1037 3025 1050; x_wconf 90' lang='grc'><strong>·</strong></span> <span class='ocrx_word' id='word_1_296' title='bbox 3056 1021 3154 1073; x_wconf 78' lang='grc' dir='ltr'><strong>οὐκ</strong></span> <span class='ocrx_word' id='word_1_297' title='bbox 3181 1016 3343 1091; x_wconf 80' lang='grc' dir='ltr'>ἦλθον</span> <span class='ocrx_word' id='word_1_298' title='bbox 3366 1021 3599 1075; x_wconf 87' lang='grc' dir='ltr'>καταλῦ-</span> 
     </span>
    </p>
   </div>
   <div class='ocr_carea' id='block_1_41' title="bbox 2020 1108 3598 1183">
    <p class='ocr_par' dir='ltr' id='par_1_41' title="bbox 2020 1108 3598 1183">
     <span class='ocr_line' id='line_1_41' title="bbox 2020 1108 3598 1183; baseline 0.003 -23"><span class='ocrx_word' id='word_1_299' title='bbox 2020 1125 2131 1171; x_wconf 87' lang='grc' dir='ltr'>σαι,</span> <span class='ocrx_word' id='word_1_300' title='bbox 2178 1108 2315 1161; x_wconf 78' lang='grc' dir='ltr'>ἀλλὰ</span> <span class='ocrx_word' id='word_1_301' title='bbox 2347 1109 2655 1181; x_wconf 84' lang='grc' dir='ltr'>πληρῶσαι.</span> <span class='ocrx_word' id='word_1_302' title='bbox 2714 1131 2732 1163; x_wconf 72' lang='grc' dir='ltr'><strong>ι</strong></span> <span class='ocrx_word' id='word_1_303' title='bbox 2767 1112 2877 1164; x_wconf 68' lang='grc' dir='ltr'><strong>Καὶ</strong></span> <span class='ocrx_word' id='word_1_304' title='bbox 2918 1111 3271 1183; x_wconf 82' lang='grc' dir='ltr'>πεπλήρωται</span> <span class='ocrx_word' id='word_1_305' title='bbox 3303 1112 3336 1182; x_wconf 82' lang='grc' dir='ltr'><strong>ή</strong></span> <span class='ocrx_word' id='word_1_306' title='bbox 3367 1112 3466 1183; x_wconf 81' lang='grc' dir='ltr'><strong>τῆς</strong></span> <span class='ocrx_word' id='word_1_307' title='bbox 3507 1129 3598 1165; x_wconf 87' lang='grc' dir='ltr'>σα-</span> 
     </span>
    </p>
   </div>
   <div class='ocr_carea' id='block_1_42' title="bbox 2017 1198 3589 1272">
    <p class='ocr_par' dir='ltr' id='par_1_42' title="bbox 2017 1198 3589 1272">
     <span class='ocr_line' id='line_1_42' title="bbox 2017 1198 3589 1272; baseline 0.003 -22"><span class='ocrx_word' id='word_1_308' title='bbox 2017 1200 2192 1270; x_wconf 81' lang='grc' dir='ltr'>γήνης</span> <span class='ocrx_word' id='word_1_309' title='bbox 2224 1198 2397 1271; x_wconf 83' lang='grc' dir='ltr'>πλοκὴ</span> <span class='ocrx_word' id='word_1_310' title='bbox 2439 1204 2496 1254; x_wconf 77' lang='grc' dir='ltr'>ὲν</span> <span class='ocrx_word' id='word_1_311' title='bbox 2538 1204 2650 1265; x_wconf 85' lang='grc' dir='ltr'>τοῖς</span> <span class='ocrx_word' id='word_1_312' title='bbox 2690 1201 3041 1271; x_wconf 78' lang='grc' dir='ltr'>Εὑαγγελίοις</span> <span class='ocrx_word' id='word_1_313' title='bbox 3081 1201 3173 1254; x_wconf 73' lang='grc' dir='ltr'><strong>καὶ</strong></span> <span class='ocrx_word' id='word_1_314' title='bbox 3212 1204 3323 1264; x_wconf 72' lang='grc' dir='ltr'>τοῖς</span> <span class='ocrx_word' id='word_1_315' title='bbox 3354 1201 3589 1272; x_wconf 75' lang='grc' dir='ltr'>Χριστοῦ</span> 
     </span>
    </p>
   </div>
   <div class='ocr_carea' id='block_1_43' title="bbox 2015 1288 3591 1364">
    <p class='ocr_par' dir='ltr' id='par_1_43' title="bbox 2015 1288 3591 1364">
     <span class='ocr_line' id='line_1_43' title="bbox 2015 1288 3591 1364; baseline 0.002 -21"><span class='ocrx_word' id='word_1_316' title='bbox 2015 1290 2103 1344; x_wconf 78' lang='grc' dir='ltr'><strong>δια</strong></span> <span class='ocrx_word' id='word_1_317' title='bbox 2147 1291 2255 1345; x_wconf 85' lang='grc' dir='ltr'><strong>τῶν</strong></span> <span class='ocrx_word' id='word_1_318' title='bbox 2305 1293 2616 1346; x_wconf 83' lang='grc' dir='ltr'>ἀποστόλων</span> <span class='ocrx_word' id='word_1_319' title='bbox 2653 1292 2848 1362; x_wconf 87' lang='grc' dir='ltr'>λόγοις.</span> <span class='ocrx_word' id='word_1_320' title='bbox 2898 1293 2994 1346; x_wconf 81' lang='grc' dir='ltr'>Διά</span> <span class='ocrx_word' id='word_1_321' title='bbox 3041 1293 3201 1346; x_wconf 87' lang='grc' dir='ltr'>τοῦτο</span> <span class='ocrx_word' id='word_1_322' title='bbox 3238 1288 3330 1347; x_wconf 82' lang='grc' dir='ltr'><strong>οῦν</strong></span> <span class='ocrx_word' id='word_1_323' title='bbox 3364 1312 3380 1342; x_wconf 78' lang='grc' dir='ltr'><strong>ι</strong></span> <span class='ocrx_word' id='word_1_324' title='bbox 3431 1294 3591 1364; x_wconf 89' lang='grc' dir='ltr'>ὁμοία</span> 
     </span>
    </p>
   </div>
   <div class='ocr_carea' id='block_1_44' title="bbox 2016 1380 3591 1455">
    <p class='ocr_par' dir='ltr' id='par_1_44' title="bbox 2016 1380 3591 1455">
     <span class='ocr_line' id='line_1_44' title="bbox 2016 1380 3591 1455; baseline 0.004 -25"><span class='ocrx_word' id='word_1_325' title='bbox 2016 1380 2162 1431; x_wconf 69' lang='grc' dir='ltr'>ἐστὶν</span> <span class='ocrx_word' id='word_1_326' title='bbox 2202 1381 2234 1449; x_wconf 87' lang='grc' dir='ltr'><strong>ή</strong></span> <span class='ocrx_word' id='word_1_327' title='bbox 2270 1380 2514 1450; x_wconf 85' lang='grc' dir='ltr'>βασιλεία</span> <span class='ocrx_word' id='word_1_328' title='bbox 2553 1382 2661 1437; x_wconf 87' lang='grc' dir='ltr'><strong>τῶν</strong></span> <span class='ocrx_word' id='word_1_329' title='bbox 2693 1384 2935 1455; x_wconf 78' lang='grc' dir='ltr'>οὐρανῶν</span> <span class='ocrx_word' id='word_1_330' title='bbox 2982 1385 3191 1454; x_wconf 79' lang='grc' dir='ltr'>σαγήνῃ</span> <span class='ocrx_word' id='word_1_331' title='bbox 3228 1383 3481 1454; x_wconf 75' lang='grc' dir='ltr'>βληθείσῃ</span> <span class='ocrx_word' id='word_1_332' title='bbox 3512 1387 3591 1447; x_wconf 79' lang='grc' dir='ltr'><strong>εἰς</strong></span> 
     </span>
    </p>
   </div>
   <div class='ocr_carea' id='block_1_45' title="bbox 2013 1470 3586 1547">
    <p class='ocr_par' dir='ltr' id='par_1_45' title="bbox 2013 1470 3586 1547">
     <span class='ocr_line' id='line_1_45' title="bbox 2013 1470 3586 1547; baseline 0.005 -25"><span class='ocrx_word' id='word_1_333' title='bbox 2013 1470 2112 1541; x_wconf 82' lang='grc' dir='ltr'><strong>τὴν</strong></span> <span class='ocrx_word' id='word_1_334' title='bbox 2143 1470 2438 1538; x_wconf 83' lang='grc' dir='ltr'>θάλασσαν,</span> <span class='ocrx_word' id='word_1_335' title='bbox 2472 1475 2567 1527; x_wconf 74' lang='grc' dir='ltr'>καὶ</span> <span class='ocrx_word' id='word_1_336' title='bbox 2594 1478 2656 1528; x_wconf 83' lang='grc' dir='ltr'>ὲκ</span> <span class='ocrx_word' id='word_1_337' title='bbox 2689 1475 2888 1539; x_wconf 80' lang='grc' dir='ltr'>παντὸς</span> <span class='ocrx_word' id='word_1_338' title='bbox 2914 1475 3104 1543; x_wconf 79' lang='grc' dir='ltr'>γένους</span> <span class='ocrx_word' id='word_1_339' title='bbox 3128 1474 3525 1547; x_wconf 82' lang='grc' dir='ltr'>συναγαγούσῃ.</span> <span class='ocrx_word' id='word_1_340' title='bbox 3562 1494 3586 1533; x_wconf 73' lang='grc' dir='ltr'><strong>ι</strong></span> 
     </span>
    </p>
   </div>
   <div class='ocr_carea' id='block_1_46' title="bbox 2013 1561 3598 1638">
    <p class='ocr_par' dir='ltr' id='par_1_46' title="bbox 2013 1561 3598 1638">
     <span class='ocr_line' id='line_1_46' title="bbox 2013 1561 3598 1638; baseline 0.004 -25"><span class='ocrx_word' id='word_1_341' title='bbox 2013 1561 2244 1615; x_wconf 83' lang='grc' dir='ltr'>Δύναται</span> <span class='ocrx_word' id='word_1_342' title='bbox 2291 1563 2346 1617; x_wconf 85' lang='grc' dir='ltr'><strong>δὲ</strong></span> <span class='ocrx_word' id='word_1_343' title='bbox 2375 1565 2543 1637; x_wconf 78' lang='grc' dir='ltr'>χωρὶς</span> <span class='ocrx_word' id='word_1_344' title='bbox 2583 1566 2692 1638; x_wconf 88' lang='grc'>(88)</span> <span class='ocrx_word' id='word_1_345' title='bbox 2726 1565 2832 1619; x_wconf 88' lang='grc' dir='ltr'><strong>τῶν</strong></span> <span class='ocrx_word' id='word_1_346' title='bbox 2861 1566 3263 1637; x_wconf 77' lang='grc' dir='ltr'>ἀποδεδομένων</span> <span class='ocrx_word' id='word_1_347' title='bbox 3292 1567 3387 1619; x_wconf 77' lang='grc' dir='ltr'>τόο</span> <span class='ocrx_word' id='word_1_348' title='bbox 3426 1584 3445 1616; x_wconf 75' lang='grc' dir='ltr'><strong>ι</strong></span> <span class='ocrx_word' id='word_1_349' title='bbox 3499 1566 3598 1620; x_wconf 82' lang='grc' dir='ltr'>Ἕκ</span> 
     </span>
    </p>
   </div>
   <div class='ocr_carea' id='block_1_47' title="bbox 2015 1654 3592 1731">
    <p class='ocr_par' dir='ltr' id='par_1_47' title="bbox 2015 1654 3592 1731">
     <span class='ocr_line' id='line_1_47' title="bbox 2015 1654 3592 1731; baseline -0.009 -11"><span class='ocrx_word' id='word_1_350' title='bbox 2015 1654 2215 1717; x_wconf 79' lang='grc' dir='ltr'>παντὸς</span> <span class='ocrx_word' id='word_1_351' title='bbox 2258 1656 2640 1731; x_wconf 74' lang='grc' dir='ltr'>συναγαγούσῃ</span> <span class='ocrx_word' id='word_1_352' title='bbox 2665 1698 2678 1720; x_wconf 89' lang='grc'><strong>,</strong></span> <span class='ocrx_word' id='word_1_353' title='bbox 2725 1677 2742 1709; x_wconf 70' lang='grc' dir='ltr'><strong>ι</strong></span> <span class='ocrx_word' id='word_1_354' title='bbox 2776 1656 2968 1728; x_wconf 78' lang='grc' dir='ltr'>δηλοῦν</span> <span class='ocrx_word' id='word_1_355' title='bbox 2996 1657 3094 1729; x_wconf 74' lang='grc' dir='ltr'><strong>τήν</strong></span> <span class='ocrx_word' id='word_1_356' title='bbox 3127 1656 3235 1710; x_wconf 79' lang='grc' dir='ltr'><strong>ἀπὸ</strong></span> <span class='ocrx_word' id='word_1_357' title='bbox 3269 1655 3468 1711; x_wconf 81' lang='grc' dir='ltr'>παντὸς</span> <span class='ocrx_word' id='word_1_358' title='bbox 3496 1657 3592 1705; x_wconf 69' lang='grc' dir='ltr'>νεί-</span> 
     </span>
    </p>
   </div>
   <div class='ocr_carea' id='block_1_48' title="bbox 2014 1747 3590 1820">
    <p class='ocr_par' dir='ltr' id='par_1_48' title="bbox 2014 1747 3590 1820">
     <span class='ocr_line' id='line_1_48' title="bbox 2014 1747 3590 1820; baseline 0.001 -21"><span class='ocrx_word' id='word_1_359' title='bbox 2014 1762 2139 1810; x_wconf 88' lang='grc' dir='ltr'>νους</span> <span class='ocrx_word' id='word_1_360' title='bbox 2185 1747 2354 1801; x_wconf 77' lang='grc' dir='ltr'>ἐθνῶν</span> <span class='ocrx_word' id='word_1_361' title='bbox 2400 1749 2614 1820; x_wconf 76' lang='grc' dir='ltr'>κλῆσιν.</span> <span class='ocrx_word' id='word_1_362' title='bbox 2669 1751 2730 1803; x_wconf 81' lang='lat' dir='ltr'><strong>Ol</strong></span> <span class='ocrx_word' id='word_1_363' title='bbox 2775 1751 2830 1803; x_wconf 86' lang='grc' dir='ltr'>δὲ</span> <span class='ocrx_word' id='word_1_364' title='bbox 2880 1749 3328 1820; x_wconf 84' lang='grc' dir='ltr'>διακονησάμενοι</span> <span class='ocrx_word' id='word_1_365' title='bbox 3377 1749 3486 1819; x_wconf 87' lang='lat'><strong>(89)</strong></span> <span class='ocrx_word' id='word_1_366' title='bbox 3524 1751 3590 1819; x_wconf 82' lang='grc' dir='ltr'>τῇ</span> 
     </span>
    </p>
   </div>
   <div class='ocr_carea' id='block_1_49' title="bbox 1949 1809 3594 1913">
    <p class='ocr_par' dir='ltr' id='par_1_49' title="bbox 1949 1809 3594 1913">
     <span class='ocr_line' id='line_1_49' title="bbox 1949 1809 3594 1913; baseline 0.002 -22"><span class='ocrx_word' id='word_1_367' title='bbox 1949 1809 1987 1863; x_wconf 73' lang='grc' dir='ltr'><strong>Β</strong></span> <span class='ocrx_word' id='word_1_368' title='bbox 2016 1838 2275 1912; x_wconf 78' lang='grc' dir='ltr'>βληθείσῃ</span> <span class='ocrx_word' id='word_1_369' title='bbox 2320 1842 2399 1904; x_wconf 88' lang='grc' dir='ltr'><strong>είς</strong></span> <span class='ocrx_word' id='word_1_370' title='bbox 2440 1809 2541 1913; x_wconf 71' lang='grc' dir='ltr'><strong>τήν</strong></span> <span class='ocrx_word' id='word_1_371' title='bbox 2592 1841 2865 1896; x_wconf 79' lang='grc' dir='ltr'>θάλασσαν</span> <span class='ocrx_word' id='word_1_372' title='bbox 2915 1809 3124 1912; x_wconf 76' lang='grc' dir='ltr'>σαγήνῃ</span> <span class='ocrx_word' id='word_1_373' title='bbox 3241 1809 3429 1912; x_wconf 76' lang='grc' dir='ltr'>κύριός</span> 
     </span>
    </p>
   </div>
   <div class='ocr_carea' id='block_1_50' title="bbox 2013 1932 3597 2006">
    <p class='ocr_par' dir='ltr' id='par_1_50' title="bbox 2013 1932 3597 2006">
     <span class='ocr_line' id='line_1_50' title="bbox 2013 1932 3597 2006; baseline 0.001 -21"><span class='ocrx_word' id='word_1_374' title='bbox 2013 1932 2113 2004; x_wconf 80' lang='grc' dir='ltr'>τῆς</span> <span class='ocrx_word' id='word_1_375' title='bbox 2149 1934 2388 2004; x_wconf 88' lang='grc' dir='ltr'>σαγήνης</span> <span class='ocrx_word' id='word_1_376' title='bbox 2428 1935 2636 2006; x_wconf 79' lang='grc' dir='ltr'>Ἰησοῦς</span> <span class='ocrx_word' id='word_1_377' title='bbox 2660 1936 2913 2006; x_wconf 80' lang='grc' dir='ltr'>Χριστὸς,</span> <span class='ocrx_word' id='word_1_378' title='bbox 2947 1935 3040 1988; x_wconf 81' lang='grc' dir='ltr'>καὶ</span> <span class='ocrx_word' id='word_1_379' title='bbox 3082 1954 3098 1986; x_wconf 79' lang='grc' dir='ltr'><strong>ι</strong></span> <span class='ocrx_word' id='word_1_380' title='bbox 3134 1935 3182 1988; x_wconf 84' lang='grc' dir='ltr'>οἱ</span> <span class='ocrx_word' id='word_1_381' title='bbox 3206 1934 3597 2005; x_wconf 81' lang='grc' dir='ltr'>προσελθόντες</span> 
     </span>
    </p>
   </div>
   <div class='ocr_carea' id='block_1_51' title="bbox 2012 2025 3593 2098">
    <p class='ocr_par' dir='ltr' id='par_1_51' title="bbox 2012 2025 3593 2098">
     <span class='ocr_line' id='line_1_51' title="bbox 2012 2025 3593 2098; baseline 0.001 -20"><span class='ocrx_word' id='word_1_382' title='bbox 2012 2025 2251 2093; x_wconf 88' lang='grc' dir='ltr'>ἄγγελοι,</span> <span class='ocrx_word' id='word_1_383' title='bbox 2305 2025 2398 2079; x_wconf 71' lang='grc' dir='ltr'>καὶ</span> <span class='ocrx_word' id='word_1_384' title='bbox 2448 2027 2901 2098; x_wconf 86' lang='grc' dir='ltr'>διακονησάμενοι</span> <span class='ocrx_word' id='word_1_385' title='bbox 2952 2025 3120 2097; x_wconf 78' lang='grc' dir='ltr'>αὐτῷ,</span> <span class='ocrx_word' id='word_1_386' title='bbox 3183 2046 3201 2079; x_wconf 76' lang='grc' dir='ltr'><strong>ι</strong></span> <span class='ocrx_word' id='word_1_387' title='bbox 3254 2026 3447 2089; x_wconf 84' lang='grc' dir='ltr'>οἵτινες</span> <span class='ocrx_word' id='word_1_388' title='bbox 3491 2028 3593 2079; x_wconf 76' lang='grc' dir='ltr'><strong>οὐκ</strong></span> 
     </span>
    </p>
   </div>
   <div class='ocr_carea' id='block_1_52' title="bbox 2010 2115 3592 2190">
    <p class='ocr_par' dir='ltr' id='par_1_52' title="bbox 2010 2115 3592 2190">
     <span class='ocr_line' id='line_1_52' title="bbox 2010 2115 3592 2190; baseline 0.002 -22"><span class='ocrx_word' id='word_1_389' title='bbox 2010 2115 2428 2181; x_wconf 79' lang='grc' dir='ltr'>ἀναϐιϐάζουσιν</span> <span class='ocrx_word' id='word_1_390' title='bbox 2461 2118 2568 2171; x_wconf 80' lang='grc' dir='ltr'><strong>ἀπὸ</strong></span> <span class='ocrx_word' id='word_1_391' title='bbox 2598 2119 2699 2189; x_wconf 80' lang='grc' dir='ltr'><strong>τῆς</strong></span> <span class='ocrx_word' id='word_1_392' title='bbox 2731 2117 3008 2189; x_wconf 82' lang='grc' dir='ltr'>θαλάσσης</span> <span class='ocrx_word' id='word_1_393' title='bbox 3039 2118 3137 2190; x_wconf 80' lang='grc' dir='ltr'>τὴν</span> <span class='ocrx_word' id='word_1_394' title='bbox 3172 2120 3435 2190; x_wconf 84' lang='grc' dir='ltr'>σαγήνην,</span> <span class='ocrx_word' id='word_1_395' title='bbox 3469 2117 3592 2171; x_wconf 82' lang='grc' dir='ltr'>οὐδὲ</span> 
     </span>
    </p>
   </div>
   <div class='ocr_carea' id='block_1_53' title="bbox 2012 2207 3593 2282">
    <p class='ocr_par' dir='ltr' id='par_1_53' title="bbox 2012 2207 3593 2282">
     <span class='ocr_line' id='line_1_53' title="bbox 2012 2207 3593 2282; baseline 0.001 -23"><span class='ocrx_word' id='word_1_396' title='bbox 2012 2207 2269 2278; x_wconf 79' lang='grc' dir='ltr'>φέρουσιν</span> <span class='ocrx_word' id='word_1_397' title='bbox 2302 2208 2394 2261; x_wconf 78' lang='grc' dir='ltr'><strong>ἐπὶ</strong></span> <span class='ocrx_word' id='word_1_398' title='bbox 2438 2209 2530 2262; x_wconf 84' lang='grc' dir='ltr'><strong>τὸν</strong></span> <span class='ocrx_word' id='word_1_399' title='bbox 2562 2208 2665 2275; x_wconf 75' lang='grc' dir='ltr'><strong>ἔξω</strong></span> <span class='ocrx_word' id='word_1_400' title='bbox 2705 2210 2872 2282; x_wconf 79' lang='grc' dir='ltr'>αὐτῆς</span> <span class='ocrx_word' id='word_1_401' title='bbox 2918 2210 3185 2278; x_wconf 79' lang='grc' dir='ltr'>αἰγιαλὸν,</span> <span class='ocrx_word' id='word_1_402' title='bbox 3238 2209 3305 2263; x_wconf 78' lang='grc' dir='ltr'>τὰ</span> <span class='ocrx_word' id='word_1_403' title='bbox 3352 2208 3456 2274; x_wconf 76' lang='grc' dir='ltr'>ἔξω</span> <span class='ocrx_word' id='word_1_404' title='bbox 3494 2207 3593 2261; x_wconf 81' lang='grc' dir='ltr'><strong>τοῦ</strong></span> 
     </span>
    </p>
   </div>
   <div class='ocr_carea' id='block_1_54' title="bbox 2011 2300 3591 2375">
    <p class='ocr_par' dir='ltr' id='par_1_54' title="bbox 2011 2300 3591 2375">
     <span class='ocr_line' id='line_1_54' title="bbox 2011 2300 3591 2375; baseline 0.001 -22"><span class='ocrx_word' id='word_1_405' title='bbox 2011 2300 2127 2371; x_wconf 90' lang='grc' dir='ltr'>βίου</span> <span class='ocrx_word' id='word_1_406' title='bbox 2164 2300 2465 2372; x_wconf 78' lang='grc' dir='ltr'>πράγματα</span> <span class='ocrx_word' id='word_1_407' title='bbox 2517 2302 2648 2375; x_wconf 85' lang='grc'>(90),</span> <span class='ocrx_word' id='word_1_408' title='bbox 2711 2302 2807 2355; x_wconf 76' lang='grc' dir='ltr'><strong>ἐὰν</strong></span> <span class='ocrx_word' id='word_1_409' title='bbox 2853 2303 2926 2375; x_wconf 76' lang='grc' dir='ltr'><strong>μή</strong></span> <span class='ocrx_word' id='word_1_410' title='bbox 2967 2301 3229 2374; x_wconf 78' lang='grc' dir='ltr'>πληρωθῇ</span> <span class='ocrx_word' id='word_1_411' title='bbox 3275 2305 3308 2373; x_wconf 84' lang='grc' dir='ltr'><strong>ή</strong></span> <span class='ocrx_word' id='word_1_412' title='bbox 3355 2302 3591 2373; x_wconf 79' lang='grc' dir='ltr'>σαγήνῃ,</span> 
     </span>
    </p>
   </div>
   <div class='ocr_carea' id='block_1_55' title="bbox 2008 2391 3588 2464">
    <p class='ocr_par' dir='ltr' id='par_1_55' title="bbox 2008 2391 3588 2464">
     <span class='ocr_line' id='line_1_55' title="bbox 2008 2391 3588 2464; baseline 0.001 -21"><span class='ocrx_word' id='word_1_413' title='bbox 2008 2392 2251 2445; x_wconf 81' lang='grc' dir='ltr'>τουτέστι</span> <span class='ocrx_word' id='word_1_414' title='bbox 2289 2393 2349 2445; x_wconf 76' lang='grc' dir='ltr'>τὸ</span> <span class='ocrx_word' id='word_1_415' title='bbox 2380 2393 2650 2464; x_wconf 84' lang='grc' dir='ltr'>πλήρωμα</span> <span class='ocrx_word' id='word_1_416' title='bbox 2682 2392 2790 2446; x_wconf 89' lang='grc' dir='ltr'><strong>τῶν</strong></span> <span class='ocrx_word' id='word_1_417' title='bbox 2823 2391 2993 2446; x_wconf 78' lang='grc' dir='ltr'>ἐθνῶν</span> <span class='ocrx_word' id='word_1_418' title='bbox 3025 2395 3105 2456; x_wconf 85' lang='grc' dir='ltr'><strong>είς</strong></span> <span class='ocrx_word' id='word_1_419' title='bbox 3138 2392 3304 2464; x_wconf 76' lang='grc' dir='ltr'>αὑτήν</span> <span class='ocrx_word' id='word_1_420' title='bbox 3343 2391 3588 2464; x_wconf 73' lang='grc' dir='ltr'>εἰσέλθῃ·</span> 
     </span>
    </p>
   </div>
   <div class='ocr_carea' id='block_1_56' title="bbox 2008 2479 3594 2553">
    <p class='ocr_par' dir='ltr' id='par_1_56' title="bbox 2008 2479 3594 2553">
     <span class='ocr_line' id='line_1_56' title="bbox 2008 2479 3594 2553; baseline 0.001 -20"><span class='ocrx_word' id='word_1_421' title='bbox 2008 2481 2136 2533; x_wconf 83' lang='grc' dir='ltr'>ὅταν</span> <span class='ocrx_word' id='word_1_422' title='bbox 2175 2479 2231 2533; x_wconf 85' lang='grc' dir='ltr'>δὲ</span> <span class='ocrx_word' id='word_1_423' title='bbox 2265 2480 2477 2553; x_wconf 75' lang='grc' dir='ltr'>εἰσέλθῃ</span> <span class='ocrx_word' id='word_1_424' title='bbox 2510 2482 2643 2553; x_wconf 79' lang='grc'>(91),</span> <span class='ocrx_word' id='word_1_425' title='bbox 2674 2482 2794 2534; x_wconf 81' lang='grc' dir='ltr'>τότε</span> <span class='ocrx_word' id='word_1_426' title='bbox 2824 2481 2993 2553; x_wconf 81' lang='grc' dir='ltr'>αὐτὴν</span> <span class='ocrx_word' id='word_1_427' title='bbox 3022 2480 3441 2545; x_wconf 79' lang='grc' dir='ltr'>ἀναϐιϐάζουσιν</span> <span class='ocrx_word' id='word_1_428' title='bbox 3482 2481 3594 2535; x_wconf 77' lang='grc' dir='ltr'>ἀπὸ</span> 
     </span>
    </p>
   </div>
   <div class='ocr_carea' id='block_1_57' title="bbox 2006 2570 3592 2643">
    <p class='ocr_par' dir='ltr' id='par_1_57' title="bbox 2006 2570 3592 2643">
     <span class='ocr_line' id='line_1_57' title="bbox 2006 2570 3592 2643; baseline 0.001 -20"><span class='ocrx_word' id='word_1_429' title='bbox 2006 2570 2115 2624; x_wconf 83' lang='grc' dir='ltr'><strong>τῶν</strong></span> <span class='ocrx_word' id='word_1_430' title='bbox 2143 2571 2269 2642; x_wconf 78' lang='grc' dir='ltr'>τῇδε</span> <span class='ocrx_word' id='word_1_431' title='bbox 2301 2572 2395 2624; x_wconf 72' lang='grc' dir='ltr'>καὶ</span> <span class='ocrx_word' id='word_1_432' title='bbox 2425 2573 2576 2643; x_wconf 78' lang='grc' dir='ltr'>κάτω</span> <span class='ocrx_word' id='word_1_433' title='bbox 2605 2572 2965 2643; x_wconf 85' lang='grc' dir='ltr'>πραγμάτων,</span> <span class='ocrx_word' id='word_1_434' title='bbox 2998 2572 3092 2625; x_wconf 73' lang='grc' dir='ltr'><strong>καὶ</strong></span> <span class='ocrx_word' id='word_1_435' title='bbox 3111 2573 3364 2643; x_wconf 81' lang='grc' dir='ltr'>φέρουσιν</span> <span class='ocrx_word' id='word_1_436' title='bbox 3387 2572 3479 2624; x_wconf 66' lang='lat' dir='ltr'><strong>snt</strong></span> <span class='ocrx_word' id='word_1_437' title='bbox 3499 2572 3592 2625; x_wconf 85' lang='grc' dir='ltr'>τὸν</span> 
     </span>
    </p>
   </div>
   <div class='ocr_carea' id='block_1_58' title="bbox 2005 2663 3591 2735">
    <p class='ocr_par' dir='ltr' id='par_1_58' title="bbox 2005 2663 3591 2735">
     <span class='ocr_line' id='line_1_58' title="bbox 2005 2663 3591 2735; baseline 0 -19"><span class='ocrx_word' id='word_1_438' title='bbox 2005 2663 2283 2734; x_wconf 80' lang='grc' dir='ltr'>τροπικῶς</span> <span class='ocrx_word' id='word_1_439' title='bbox 2333 2663 2666 2735; x_wconf 77' lang='grc' dir='ltr'>καλούμενον</span> <span class='ocrx_word' id='word_1_440' title='bbox 2706 2663 2986 2733; x_wconf 77' lang='grc' dir='ltr'>αἰγιαλόν·</span> <span class='ocrx_word' id='word_1_441' title='bbox 3040 2663 3169 2718; x_wconf 73' lang='grc' dir='ltr'>ἔνθα</span> <span class='ocrx_word' id='word_1_442' title='bbox 3222 2664 3379 2735; x_wconf 72' lang='grc' dir='ltr'>ἔργον</span> <span class='ocrx_word' id='word_1_443' title='bbox 3437 2663 3591 2717; x_wconf 76' lang='grc' dir='ltr'>ἔστα.</span> 
     </span>
    </p>
   </div>
   <div class='ocr_carea' id='block_1_59' title="bbox 2006 2755 3587 2829">
    <p class='ocr_par' dir='ltr' id='par_1_59' title="bbox 2006 2755 3587 2829">
     <span class='ocr_line' id='line_1_59' title="bbox 2006 2755 3587 2829; baseline 0.001 -21"><span class='ocrx_word' id='word_1_444' title='bbox 2006 2756 2114 2809; x_wconf 91' lang='grc' dir='ltr'><strong>τῶν</strong></span> <span class='ocrx_word' id='word_1_445' title='bbox 2149 2756 2597 2811; x_wconf 83' lang='grc' dir='ltr'>ἀναϐιϐασάντων</span> <span class='ocrx_word' id='word_1_446' title='bbox 2631 2757 2800 2827; x_wconf 79' lang='grc' dir='ltr'>αὐτὴν</span> <span class='ocrx_word' id='word_1_447' title='bbox 2836 2757 2931 2810; x_wconf 78' lang='grc' dir='ltr'>καὶ</span> <span class='ocrx_word' id='word_1_448' title='bbox 2974 2755 3193 2811; x_wconf 80' lang='grc' dir='ltr'>καθίσαι</span> <span class='ocrx_word' id='word_1_449' title='bbox 3224 2756 3374 2829; x_wconf 77' lang='grc' dir='ltr'>παρὰ</span> <span class='ocrx_word' id='word_1_450' title='bbox 3400 2755 3477 2826; x_wconf 85' lang='grc' dir='ltr'>τῷ</span> <span class='ocrx_word' id='word_1_451' title='bbox 3508 2756 3587 2810; x_wconf 70' lang='grc' dir='ltr'><strong>αἱ⁴</strong></span> 
     </span>
    </p>
   </div>
   <div class='ocr_carea' id='block_1_60' title="bbox 2004 2846 3591 2927">
    <p class='ocr_par' dir='ltr' id='par_1_60' title="bbox 2004 2846 3591 2927">
     <span class='ocr_line' id='line_1_60' title="bbox 2004 2846 3591 2927; baseline 0.001 -27"><span class='ocrx_word' id='word_1_452' title='bbox 2004 2847 2199 2918; x_wconf 86' lang='grc' dir='ltr'>γιαλῷ,</span> <span class='ocrx_word' id='word_1_453' title='bbox 2228 2849 2321 2901; x_wconf 77' lang='grc' dir='ltr'>καὶ</span> <span class='ocrx_word' id='word_1_454' title='bbox 2353 2846 2560 2920; x_wconf 76' lang='grc' dir='ltr'>ἱδρῦσαι</span> <span class='ocrx_word' id='word_1_455' title='bbox 2590 2849 2817 2927; x_wconf 75' lang='grc' dir='ltr'>ἑαυτοὺς</span> <span class='ocrx_word' id='word_1_456' title='bbox 2848 2851 2980 2912; x_wconf 74' lang='grc' dir='ltr'>ἐκεῖ,</span> <span class='ocrx_word' id='word_1_457' title='bbox 2999 2849 3088 2903; x_wconf 75' lang='grc' dir='ltr'><strong>ἴνα</strong></span> <span class='ocrx_word' id='word_1_458' title='bbox 3105 2849 3334 2903; x_wconf 73' lang='grc' dir='ltr'>ἕκαστον</span> <span class='ocrx_word' id='word_1_459' title='bbox 3358 2850 3454 2920; x_wconf 85' lang='grc' dir='ltr'><strong>μὲν</strong></span> <span class='ocrx_word' id='word_1_460' title='bbox 3476 2847 3591 2902; x_wconf 78' lang='grc' dir='ltr'><strong>τῶν</strong></span> 
     </span>
    </p>
   </div>
   <div class='ocr_carea' id='block_1_61' title="bbox 2005 2940 3593 3012">
    <p class='ocr_par' dir='ltr' id='par_1_61' title="bbox 2005 2940 3593 3012">
     <span class='ocr_line' id='line_1_61' title="bbox 2005 2940 3593 3012; baseline 0.001 -20"><span class='ocrx_word' id='word_1_461' title='bbox 2005 2940 2110 2992; x_wconf 80' lang='grc' dir='ltr'>ὑπὸ</span> <span class='ocrx_word' id='word_1_462' title='bbox 2142 2940 2239 3012; x_wconf 81' lang='grc' dir='ltr'>τὴν</span> <span class='ocrx_word' id='word_1_463' title='bbox 2276 2943 2515 3012; x_wconf 88' lang='grc' dir='ltr'>σαγήνην</span> <span class='ocrx_word' id='word_1_464' title='bbox 2552 2941 2731 2995; x_wconf 85' lang='grc' dir='ltr'>καλῶν</span> <span class='ocrx_word' id='word_1_465' title='bbox 2768 2943 2848 3005; x_wconf 86' lang='grc' dir='ltr'><strong>είς</strong></span> <span class='ocrx_word' id='word_1_466' title='bbox 2879 2941 2939 2994; x_wconf 85' lang='grc' dir='ltr'>τὺ</span> <span class='ocrx_word' id='word_1_467' title='bbox 2976 2941 3174 2994; x_wconf 76' lang='grc' dir='ltr'>οἰκεῖον</span> <span class='ocrx_word' id='word_1_468' title='bbox 3201 2942 3387 3012; x_wconf 84' lang='grc' dir='ltr'>τάγμα</span> <span class='ocrx_word' id='word_1_469' title='bbox 3425 2957 3593 2996; x_wconf 77' lang='grc' dir='ltr'>κατα-</span> 
     </span>
    </p>
   </div>
   <div class='ocr_carea' id='block_1_62' title="bbox 2005 3031 3594 3103">
    <p class='ocr_par' dir='ltr' id='par_1_62' title="bbox 2005 3031 3594 3103">
     <span class='ocr_line' id='line_1_62' title="bbox 2005 3031 3594 3103; baseline 0.003 -20"><span class='ocrx_word' id='word_1_470' title='bbox 2005 3033 2243 3103; x_wconf 84' lang='grc' dir='ltr'>στήσωσι</span> <span class='ocrx_word' id='word_1_471' title='bbox 2290 3032 2430 3085; x_wconf 86' lang='grc' dir='ltr'><strong>κατά</strong></span> <span class='ocrx_word' id='word_1_472' title='bbox 2472 3031 2540 3085; x_wconf 83' lang='grc' dir='ltr'>τὰ</span> <span class='ocrx_word' id='word_1_473' title='bbox 2588 3031 2961 3103; x_wconf 78' lang='grc' dir='ltr'>ὀνομαζόμενα</span> <span class='ocrx_word' id='word_1_474' title='bbox 3003 3032 3234 3086; x_wconf 76' lang='grc' dir='ltr'>ἐνταῦθα</span> <span class='ocrx_word' id='word_1_475' title='bbox 3276 3032 3454 3086; x_wconf 78' lang='grc' dir='ltr'>αὐτῶν</span> <span class='ocrx_word' id='word_1_476' title='bbox 3494 3032 3594 3101; x_wconf 83' lang='grc' dir='ltr'>ἀγ·-</span> 
     </span>
    </p>
   </div>
   <div class='ocr_carea' id='block_1_63' title="bbox 328 3104 1906 3208">
    <p class='ocr_par' dir='ltr' id='par_1_63' title="bbox 328 3104 1899 3197">
     <span class='ocr_line' id='line_1_63' title="bbox 328 3104 1899 3197; baseline 0.017 -41"><span class='ocrx_word' id='word_1_477' title='bbox 328 3104 495 3159; x_wconf 79' lang='lat' dir='ltr'><strong>(iant.</strong></span> <span class='ocrx_word' id='word_1_478' title='bbox 548 3105 682 3162; x_wconf 89' lang='lat' dir='ltr'><strong>lllud</strong></span> <span class='ocrx_word' id='word_1_479' title='bbox 706 3120 888 3166; x_wconf 88' lang='lat' dir='ltr'><strong>autem</strong></span> <span class='ocrx_word' id='word_1_480' title='bbox 915 3156 930 3181; x_wconf 97' lang='lat'><strong>,</strong></span> <span class='ocrx_word' id='word_1_481' title='bbox 969 3132 987 3167; x_wconf 77' lang='grc' dir='ltr'><strong>ι</strong></span> <span class='ocrx_word' id='word_1_482' title='bbox 1047 3114 1193 3172; x_wconf 81' lang='lat' dir='ltr'><strong>foras</strong></span> <span class='ocrx_word' id='word_1_483' title='bbox 1216 3159 1231 3181; x_wconf 90' lang='lat'><strong>,</strong></span> <span class='ocrx_word' id='word_1_484' title='bbox 1281 3138 1300 3170; x_wconf 72' lang='grc' dir='ltr'><strong>ι</strong></span> <span class='ocrx_word' id='word_1_485' title='bbox 1346 3122 1596 3177; x_wconf 90' lang='lat' dir='ltr'><strong>caminus</strong></span> <span class='ocrx_word' id='word_1_486' title='bbox 1628 3134 1710 3180; x_wconf 89' lang='lat' dir='ltr'><strong>est</strong></span> <span class='ocrx_word' id='word_1_487' title='bbox 1739 3104 1899 3197; x_wconf 80' lang='lat' dir='ltr'><strong>ignis,</strong></span> 
     </span>
    </p>
   </div>
   <div class='ocr_carea' id='block_1_64' title="bbox 2005 3104 3591 3208">
    <p class='ocr_par' dir='ltr' id='par_1_64' title="bbox 2005 3123 3591 3197">
     <span class='ocr_line' id='line_1_64' title="bbox 2005 3123 3591 3197; baseline 0.003 -21"><span class='ocrx_word' id='word_1_488' title='bbox 2005 3127 2160 3192; x_wconf 77' lang='grc' dir='ltr'>γεῖα·</span> <span class='ocrx_word' id='word_1_489' title='bbox 2199 3124 2265 3177; x_wconf 76' lang='grc' dir='ltr'>τὰ</span> <span class='ocrx_word' id='word_1_490' title='bbox 2293 3125 2350 3177; x_wconf 82' lang='grc' dir='ltr'>δὲ</span> <span class='ocrx_word' id='word_1_491' title='bbox 2375 3128 2632 3189; x_wconf 82' lang='grc' dir='ltr'>ὲναντιως</span> <span class='ocrx_word' id='word_1_492' title='bbox 2674 3125 2886 3196; x_wconf 74' lang='grc' dir='ltr'>ἔχοντα,</span> <span class='ocrx_word' id='word_1_493' title='bbox 2929 3124 3021 3176; x_wconf 71' lang='grc' dir='ltr'><strong>καὶ</strong></span> <span class='ocrx_word' id='word_1_494' title='bbox 3055 3123 3240 3197; x_wconf 85' lang='grc' dir='ltr'>σαπρὰ</span> <span class='ocrx_word' id='word_1_495' title='bbox 3282 3123 3591 3196; x_wconf 71' lang='grc' dir='ltr'>καλούμενα</span> 
     </span>
    </p>
   </div>
   <div class='ocr_carea' id='block_1_65' title="bbox 328 3199 1905 3287">
    <p class='ocr_par' dir='ltr' id='par_1_65' title="bbox 328 3199 1905 3287">
     <span class='ocr_line' id='line_1_65' title="bbox 328 3199 1905 3287; baseline 0.016 -38"><span class='ocrx_word' id='word_1_496' title='bbox 328 3199 795 3265; x_wconf 80' lang='lat' dir='ltr'><strong>quemadmodum</strong></span> <span class='ocrx_word' id='word_1_497' title='bbox 841 3205 956 3275; x_wconf 90' lang='lat' dir='ltr'><strong>ipse</strong></span> <span class='ocrx_word' id='word_1_498' title='bbox 986 3205 1246 3265; x_wconf 85' lang='lat' dir='ltr'><strong>Servator</strong></span> <span class='ocrx_word' id='word_1_499' title='bbox 1279 3211 1669 3284; x_wconf 87' lang='lat' dir='ltr'><strong>interpretatus</strong></span> <span class='ocrx_word' id='word_1_500' title='bbox 1697 3230 1798 3287; x_wconf 86' lang='lat' dir='ltr'><strong>est,</strong></span> <span class='ocrx_word' id='word_1_501' title='bbox 1826 3221 1905 3274; x_wconf 86' lang='lat' dir='ltr'><strong>di-</strong></span> 
     </span>
    </p>
   </div>
   <div class='ocr_carea' id='block_1_66' title="bbox 328 3288 1903 3364">
    <p class='ocr_par' dir='ltr' id='par_1_66' title="bbox 328 3288 1903 3364">
     <span class='ocr_line' id='line_1_66' title="bbox 328 3288 1903 3364; baseline 0.017 -25"><span class='ocrx_word' id='word_1_502' title='bbox 328 3302 459 3340; x_wconf 84' lang='lat' dir='ltr'><strong>cens</strong></span> <span class='ocrx_word' id='word_1_503' title='bbox 489 3288 537 3329; x_wconf 80' lang='lat' dir='ltr'><strong>I&#39;</strong></span> <span class='ocrx_word' id='word_1_504' title='bbox 577 3307 591 3344; x_wconf 76' lang='grc' dir='ltr'><strong>ι</strong></span> <span class='ocrx_word' id='word_1_505' title='bbox 635 3309 654 3342; x_wconf 85' lang='grc'><strong><em>‹</em></strong></span> <span class='ocrx_word' id='word_1_506' title='bbox 692 3291 783 3348; x_wconf 90' lang='lat' dir='ltr'><strong>Sic</strong></span> <span class='ocrx_word' id='word_1_507' title='bbox 805 3296 910 3349; x_wconf 87' lang='lat' dir='ltr'><strong>erit</strong></span> <span class='ocrx_word' id='word_1_508' title='bbox 942 3297 993 3350; x_wconf 94' lang='lat' dir='ltr'><strong>in</strong></span> <span class='ocrx_word' id='word_1_509' title='bbox 1024 3304 1500 3360; x_wconf 90' lang='lat' dir='ltr'><strong>consummatione</strong></span> <span class='ocrx_word' id='word_1_510' title='bbox 1532 3308 1714 3362; x_wconf 65' lang='lat' dir='ltr'><strong>saeculi</strong></span> <span class='ocrx_word' id='word_1_511' title='bbox 1752 3310 1903 3364; x_wconf 79' lang='lat' dir='ltr'><strong>:exi-</strong></span> 
     </span>
    </p>
   </div>
   <div class='ocr_carea' id='block_1_67' title="bbox 331 3376 1898 3468">
    <p class='ocr_par' dir='ltr' id='par_1_67' title="bbox 331 3376 1898 3468">
     <span class='ocr_line' id='line_1_67' title="bbox 331 3376 1898 3468; baseline 0.017 -39"><span class='ocrx_word' id='word_1_512' title='bbox 331 3376 460 3431; x_wconf 71' lang='lat' dir='ltr'><strong>luunt</strong></span> <span class='ocrx_word' id='word_1_513' title='bbox 488 3381 687 3450; x_wconf 78' lang='lat' dir='ltr'><strong>angeli,</strong></span> <span class='ocrx_word' id='word_1_514' title='bbox 707 3394 760 3438; x_wconf 83' lang='lat' dir='ltr'><strong>et</strong></span> <span class='ocrx_word' id='word_1_515' title='bbox 776 3386 1107 3454; x_wconf 88' lang='lat' dir='ltr'><strong>scparabuut</strong></span> <span class='ocrx_word' id='word_1_516' title='bbox 1123 3391 1295 3447; x_wconf 87' lang='lat' dir='ltr'><strong>malos</strong></span> <span class='ocrx_word' id='word_1_517' title='bbox 1317 3394 1384 3449; x_wconf 88' lang='lat' dir='ltr'><strong>de</strong></span> <span class='ocrx_word' id='word_1_518' title='bbox 1406 3396 1585 3451; x_wconf 91' lang='lat' dir='ltr'><strong>medio</strong></span> <span class='ocrx_word' id='word_1_519' title='bbox 1601 3398 1898 3468; x_wconf 87' lang='lat' dir='ltr'><strong>justorum,</strong></span> 
     </span>
    </p>
   </div>
   <div class='ocr_carea' id='block_1_68' title="bbox 326 3470 1901 3549">
    <p class='ocr_par' dir='ltr' id='par_1_68' title="bbox 326 3470 1901 3549">
     <span class='ocr_line' id='line_1_68' title="bbox 326 3470 1901 3549; baseline 0.018 -29"><span class='ocrx_word' id='word_1_520' title='bbox 326 3478 376 3521; x_wconf 85' lang='lat' dir='ltr'><strong>et</strong></span> <span class='ocrx_word' id='word_1_521' title='bbox 424 3470 638 3526; x_wconf 90' lang='lat' dir='ltr'><strong>mittent</strong></span> <span class='ocrx_word' id='word_1_522' title='bbox 666 3490 759 3530; x_wconf 89' lang='lat' dir='ltr'><strong>eos</strong></span> <span class='ocrx_word' id='word_1_523' title='bbox 789 3476 841 3530; x_wconf 91' lang='lat' dir='ltr'><strong>in</strong></span> <span class='ocrx_word' id='word_1_524' title='bbox 878 3480 1152 3535; x_wconf 88' lang='lat' dir='ltr'><strong>caminum</strong></span> <span class='ocrx_word' id='word_1_525' title='bbox 1179 3483 1340 3549; x_wconf 80' lang='lat' dir='ltr'><strong>ignis.</strong></span> <span class='ocrx_word' id='word_1_526' title='bbox 1374 3505 1391 3538; x_wconf 73' lang='grc' dir='ltr'><strong>ι</strong></span> <span class='ocrx_word' id='word_1_527' title='bbox 1429 3487 1695 3545; x_wconf 68' lang='lat' dir='ltr'><strong>Cancrum</strong></span> <span class='ocrx_word' id='word_1_528' title='bbox 1726 3493 1901 3549; x_wconf 85' lang='lat' dir='ltr'><strong>anim-</strong></span> 
     </span>
    </p>
   </div>
   <div class='ocr_carea' id='block_1_69' title="bbox 326 3566 1898 3651">
    <p class='ocr_par' dir='ltr' id='par_1_69' title="bbox 326 3566 1898 3651">
     <span class='ocr_line' id='line_1_69' title="bbox 326 3566 1898 3651; baseline 0.015 -36"><span class='ocrx_word' id='word_1_529' title='bbox 326 3566 715 3621; x_wconf 80' lang='lat' dir='ltr'><strong>advertendum</strong></span> <span class='ocrx_word' id='word_1_530' title='bbox 761 3579 843 3625; x_wconf 87' lang='lat' dir='ltr'><strong>est</strong></span> <span class='ocrx_word' id='word_1_531' title='bbox 891 3572 1004 3641; x_wconf 88' lang='lat' dir='ltr'><strong>jam</strong></span> <span class='ocrx_word' id='word_1_532' title='bbox 1060 3590 1155 3643; x_wconf 90' lang='lat' dir='ltr'><strong>per</strong></span> <span class='ocrx_word' id='word_1_533' title='bbox 1193 3578 1505 3645; x_wconf 88' lang='lat' dir='ltr'><strong>parabolam</strong></span> <span class='ocrx_word' id='word_1_534' title='bbox 1540 3582 1898 3651; x_wconf 84' lang='lat' dir='ltr'><strong>zizaniorum,</strong></span> 
     </span>
    </p>
   </div>
   <div class='ocr_carea' id='block_1_70' title="bbox 324 3666 1899 3749">
    <p class='ocr_par' dir='ltr' id='par_1_70' title="bbox 324 3666 1899 3749">
     <span class='ocr_line' id='line_1_70' title="bbox 324 3666 1899 3749; baseline 0.017 -41"><span class='ocrx_word' id='word_1_535' title='bbox 324 3667 378 3709; x_wconf 71' lang='grc' dir='ltr'><strong>ιι</strong></span> <span class='ocrx_word' id='word_1_536' title='bbox 414 3674 511 3727; x_wconf 89' lang='lat' dir='ltr'><strong>per</strong></span> <span class='ocrx_word' id='word_1_537' title='bbox 538 3671 859 3730; x_wconf 71' lang='lat' dir='ltr'><strong>praesentem</strong></span> <span class='ocrx_word' id='word_1_538' title='bbox 896 3666 1309 3725; x_wconf 88' lang='lat' dir='ltr'><strong>similitudinem</strong></span> <span class='ocrx_word' id='word_1_539' title='bbox 1343 3674 1523 3729; x_wconf 88' lang='lat' dir='ltr'><strong>doceri</strong></span> <span class='ocrx_word' id='word_1_540' title='bbox 1558 3691 1659 3731; x_wconf 90' lang='lat' dir='ltr'><strong>nos</strong></span> <span class='ocrx_word' id='word_1_541' title='bbox 1694 3680 1899 3749; x_wconf 82' lang='lat' dir='ltr'><strong>angelis</strong></span> 
     </span>
    </p>
   </div>
   <div class='ocr_carea' id='block_1_71' title="bbox 329 3749 1902 3829">
    <p class='ocr_par' dir='ltr' id='par_1_71' title="bbox 329 3749 1902 3829">
     <span class='ocr_line' id='line_1_71' title="bbox 329 3749 1902 3829; baseline 0.015 -28"><span class='ocrx_word' id='word_1_542' title='bbox 329 3749 468 3803; x_wconf 89' lang='lat' dir='ltr'><strong>hanc</strong></span> <span class='ocrx_word' id='word_1_543' title='bbox 495 3751 807 3821; x_wconf 82' lang='lat' dir='ltr'><strong>impositura</strong></span> <span class='ocrx_word' id='word_1_544' title='bbox 842 3757 905 3811; x_wconf 91' lang='lat' dir='ltr'><strong>iri</strong></span> <span class='ocrx_word' id='word_1_545' title='bbox 931 3772 1188 3829; x_wconf 85' lang='lat' dir='ltr'><strong>Operam,</strong></span> <span class='ocrx_word' id='word_1_546' title='bbox 1229 3771 1289 3817; x_wconf 92' lang='lat' dir='ltr'><strong>ut</strong></span> <span class='ocrx_word' id='word_1_547' title='bbox 1333 3765 1646 3822; x_wconf 87' lang='lat' dir='ltr'><strong>discernant</strong></span> <span class='ocrx_word' id='word_1_548' title='bbox 1675 3779 1727 3823; x_wconf 92' lang='lat' dir='ltr'><strong>et</strong></span> <span class='ocrx_word' id='word_1_549' title='bbox 1764 3769 1902 3825; x_wconf 88' lang='lat' dir='ltr'><strong>divi-</strong></span> 
     </span>
    </p>
   </div>
   <div class='ocr_carea' id='block_1_72' title="bbox 324 3843 1901 3927">
    <p class='ocr_par' dir='ltr' id='par_1_72' title="bbox 324 3843 1901 3927">
     <span class='ocr_line' id='line_1_72' title="bbox 324 3843 1901 3927; baseline 0.016 -32"><span class='ocrx_word' id='word_1_550' title='bbox 324 3843 457 3898; x_wconf 85' lang='lat' dir='ltr'><strong>dant</strong></span> <span class='ocrx_word' id='word_1_551' title='bbox 486 3848 661 3902; x_wconf 87' lang='lat' dir='ltr'><strong>malos</strong></span> <span class='ocrx_word' id='word_1_552' title='bbox 692 3864 721 3901; x_wconf 90' lang='lat' dir='ltr'><strong>a</strong></span> <span class='ocrx_word' id='word_1_553' title='bbox 747 3849 911 3918; x_wconf 88' lang='lat' dir='ltr'><strong>justis</strong></span> <span class='ocrx_word' id='word_1_554' title='bbox 952 3870 965 3906; x_wconf 91' lang='lat'>:</span> <span class='ocrx_word' id='word_1_555' title='bbox 996 3870 1160 3924; x_wconf 90' lang='lat' dir='ltr'><strong>supra</strong></span> <span class='ocrx_word' id='word_1_556' title='bbox 1192 3857 1336 3911; x_wconf 89' lang='lat' dir='ltr'><strong>enim</strong></span> <span class='ocrx_word' id='word_1_557' title='bbox 1368 3858 1569 3914; x_wconf 89' lang='lat' dir='ltr'><strong>dicitur</strong></span> <span class='ocrx_word' id='word_1_558' title='bbox 1596 3862 1677 3927; x_wconf 80' lang='lat'><strong>&quot;,</strong></span> <span class='ocrx_word' id='word_1_559' title='bbox 1716 3882 1735 3913; x_wconf 81' lang='grc' dir='ltr'><strong>ι</strong></span> <span class='ocrx_word' id='word_1_560' title='bbox 1769 3864 1901 3919; x_wconf 90' lang='lat' dir='ltr'><strong>mis-</strong></span> 
     </span>
    </p>
   </div>
   <div class='ocr_carea' id='block_1_73' title="bbox 326 3937 1902 4025">
    <p class='ocr_par' dir='ltr' id='par_1_73' title="bbox 326 3937 1902 4025">
     <span class='ocr_line' id='line_1_73' title="bbox 326 3937 1902 4025; baseline 0.016 -39"><span class='ocrx_word' id='word_1_561' title='bbox 326 3951 515 3989; x_wconf 73' lang='lat' dir='ltr'><strong>surum</strong></span> <span class='ocrx_word' id='word_1_562' title='bbox 542 3937 738 3993; x_wconf 87' lang='lat' dir='ltr'><strong>Filium</strong></span> <span class='ocrx_word' id='word_1_563' title='bbox 769 3941 1010 3999; x_wconf 86' lang='lat' dir='ltr'><strong>hominis</strong></span> <span class='ocrx_word' id='word_1_564' title='bbox 1036 3948 1260 4016; x_wconf 80' lang='lat' dir='ltr'><strong>angelos</strong></span> <span class='ocrx_word' id='word_1_565' title='bbox 1286 3963 1437 4016; x_wconf 89' lang='lat' dir='ltr'><strong>suos,</strong></span> <span class='ocrx_word' id='word_1_566' title='bbox 1469 3952 1902 4025; x_wconf 81' lang='lat' dir='ltr'><strong>collecturosque</strong></span> 
     </span>
    </p>
   </div>
   <div class='ocr_carea' id='block_1_74' title="bbox 325 4026 1901 4115">
    <p class='ocr_par' dir='ltr' id='par_1_74' title="bbox 325 4026 1901 4115">
     <span class='ocr_line' id='line_1_74' title="bbox 325 4026 1901 4115; baseline 0.016 -37"><span class='ocrx_word' id='word_1_567' title='bbox 325 4026 446 4082; x_wconf 91' lang='lat' dir='ltr'><strong>illos</strong></span> <span class='ocrx_word' id='word_1_568' title='bbox 486 4029 552 4083; x_wconf 90' lang='lat' dir='ltr'><strong>de</strong></span> <span class='ocrx_word' id='word_1_569' title='bbox 582 4046 748 4100; x_wconf 87' lang='lat' dir='ltr'><strong>regno</strong></span> <span class='ocrx_word' id='word_1_570' title='bbox 776 4035 895 4103; x_wconf 88' lang='lat' dir='ltr'><strong>ejus</strong></span> <span class='ocrx_word' id='word_1_571' title='bbox 926 4038 1109 4092; x_wconf 87' lang='lat' dir='ltr'><strong>omnia</strong></span> <span class='ocrx_word' id='word_1_572' title='bbox 1145 4042 1399 4096; x_wconf 87' lang='lat' dir='ltr'><strong>scandala</strong></span> <span class='ocrx_word' id='word_1_573' title='bbox 1428 4085 1443 4110; x_wconf 92' lang='lat'><strong>,</strong></span> <span class='ocrx_word' id='word_1_574' title='bbox 1479 4053 1532 4098; x_wconf 87' lang='lat' dir='ltr'><strong>et</strong></span> <span class='ocrx_word' id='word_1_575' title='bbox 1566 4061 1660 4101; x_wconf 87' lang='lat' dir='ltr'><strong>eos</strong></span> <span class='ocrx_word' id='word_1_576' title='bbox 1687 4048 1778 4115; x_wconf 89' lang='lat' dir='ltr'><strong>qui</strong></span> <span class='ocrx_word' id='word_1_577' title='bbox 1820 4048 1901 4103; x_wconf 83' lang='lat' dir='ltr'><strong>fa-</strong></span> 
     </span>
    </p>
   </div>
   <div class='ocr_carea' id='block_1_75' title="bbox 323 4117 1899 4199">
    <p class='ocr_par' dir='ltr' id='par_1_75' title="bbox 323 4117 1899 4199">
     <span class='ocr_line' id='line_1_75' title="bbox 323 4117 1899 4199; baseline 0.015 -32"><span class='ocrx_word' id='word_1_578' title='bbox 323 4117 475 4172; x_wconf 70' lang='lat' dir='ltr'><strong>ciunt</strong></span> <span class='ocrx_word' id='word_1_579' title='bbox 524 4120 890 4191; x_wconf 86' lang='lat' dir='ltr'><strong>iniquitatem,</strong></span> <span class='ocrx_word' id='word_1_580' title='bbox 949 4129 1327 4199; x_wconf 90' lang='lat' dir='ltr'><strong>missurosquc</strong></span> <span class='ocrx_word' id='word_1_581' title='bbox 1372 4148 1467 4187; x_wconf 85' lang='lat' dir='ltr'><strong>eos</strong></span> <span class='ocrx_word' id='word_1_582' title='bbox 1524 4133 1577 4187; x_wconf 89' lang='lat' dir='ltr'><strong>in</strong></span> <span class='ocrx_word' id='word_1_583' title='bbox 1622 4136 1899 4191; x_wconf 87' lang='lat' dir='ltr'><strong>caminum</strong></span> 
     </span>
    </p>
   </div>
   <div class='ocr_carea' id='block_1_76' title="bbox 322 4210 1893 4291">
    <p class='ocr_par' dir='ltr' id='par_1_76' title="bbox 322 4210 1893 4291">
     <span class='ocr_line' id='line_1_76' title="bbox 322 4210 1893 4291; baseline 0.012 -28"><span class='ocrx_word' id='word_1_584' title='bbox 322 4210 494 4277; x_wconf 74' lang='lat' dir='ltr'><strong>ignis;</strong></span> <span class='ocrx_word' id='word_1_585' title='bbox 524 4213 596 4267; x_wconf 88' lang='lat' dir='ltr'><strong>ihi</strong></span> <span class='ocrx_word' id='word_1_586' title='bbox 636 4214 877 4271; x_wconf 82' lang='lat' dir='ltr'><strong>futurum</strong></span> <span class='ocrx_word' id='word_1_587' title='bbox 910 4218 1093 4274; x_wconf 83' lang='lat' dir='ltr'><strong>ﬂetum</strong></span> <span class='ocrx_word' id='word_1_588' title='bbox 1138 4233 1189 4275; x_wconf 90' lang='lat' dir='ltr'><strong>et</strong></span> <span class='ocrx_word' id='word_1_589' title='bbox 1231 4222 1521 4277; x_wconf 88' lang='lat' dir='ltr'><strong>stridorem</strong></span> <span class='ocrx_word' id='word_1_590' title='bbox 1548 4225 1833 4291; x_wconf 83' lang='lat' dir='ltr'><strong>dentium;</strong></span> <span class='ocrx_word' id='word_1_591' title='bbox 1876 4249 1893 4282; x_wconf 75' lang='grc' dir='ltr'><strong>ι</strong></span> 
     </span>
    </p>
   </div>
   <div class='ocr_carea' id='block_1_77' title="bbox 325 4300 1901 4384">
    <p class='ocr_par' dir='ltr' id='par_1_77' title="bbox 325 4300 1901 4384">
     <span class='ocr_line' id='line_1_77' title="bbox 325 4300 1901 4384; baseline 0.011 -30"><span class='ocrx_word' id='word_1_592' title='bbox 325 4300 412 4355; x_wconf 88' lang='lat' dir='ltr'><strong>hic</strong></span> <span class='ocrx_word' id='word_1_593' title='bbox 445 4312 624 4359; x_wconf 89' lang='lat' dir='ltr'><strong>autem</strong></span> <span class='ocrx_word' id='word_1_594' title='bbox 671 4306 738 4373; x_wconf 82' lang='lat'><strong>&quot;,</strong></span> <span class='ocrx_word' id='word_1_595' title='bbox 789 4326 808 4358; x_wconf 76' lang='grc' dir='ltr'><strong>ι</strong></span> <span class='ocrx_word' id='word_1_596' title='bbox 854 4311 1099 4365; x_wconf 76' lang='lat' dir='ltr'><strong>exituros</strong></span> <span class='ocrx_word' id='word_1_597' title='bbox 1145 4312 1407 4382; x_wconf 84' lang='lat' dir='ltr'><strong>angelos,</strong></span> <span class='ocrx_word' id='word_1_598' title='bbox 1453 4322 1508 4375; x_wconf 82' lang='lat' dir='ltr'><strong>et</strong></span> <span class='ocrx_word' id='word_1_599' title='bbox 1552 4326 1901 4384; x_wconf 88' lang='lat' dir='ltr'><strong>separaturos</strong></span> 
     </span>
    </p>
   </div>
   <div class='ocr_carea' id='block_1_78' title="bbox 320 4394 1898 4473">
    <p class='ocr_par' dir='ltr' id='par_1_78' title="bbox 320 4394 1898 4473">
     <span class='ocr_line' id='line_1_78' title="bbox 320 4394 1898 4473; baseline 0.013 -28"><span class='ocrx_word' id='word_1_600' title='bbox 320 4394 492 4451; x_wconf 88' lang='lat' dir='ltr'><strong>malos</strong></span> <span class='ocrx_word' id='word_1_601' title='bbox 517 4399 583 4453; x_wconf 89' lang='lat' dir='ltr'><strong>de</strong></span> <span class='ocrx_word' id='word_1_602' title='bbox 614 4400 793 4454; x_wconf 89' lang='lat' dir='ltr'><strong>medio</strong></span> <span class='ocrx_word' id='word_1_603' title='bbox 823 4403 1124 4473; x_wconf 84' lang='lat' dir='ltr'><strong>justorum.</strong></span> <span class='ocrx_word' id='word_1_604' title='bbox 1152 4413 1205 4459; x_wconf 87' lang='lat' dir='ltr'><strong>et</strong></span> <span class='ocrx_word' id='word_1_605' title='bbox 1227 4406 1496 4461; x_wconf 86' lang='lat' dir='ltr'><strong>missuros</strong></span> <span class='ocrx_word' id='word_1_606' title='bbox 1527 4422 1621 4463; x_wconf 84' lang='lat' dir='ltr'><strong>eos</strong></span> <span class='ocrx_word' id='word_1_607' title='bbox 1650 4411 1702 4462; x_wconf 90' lang='lat' dir='ltr'><strong>in</strong></span> <span class='ocrx_word' id='word_1_608' title='bbox 1730 4412 1898 4464; x_wconf 79' lang='lat' dir='ltr'><strong>cami-</strong></span> 
     </span>
    </p>
   </div>
   <div class='ocr_carea' id='block_1_79' title="bbox 322 4487 698 4557">
    <p class='ocr_par' dir='ltr' id='par_1_79' title="bbox 322 4487 698 4557">
     <span class='ocr_line' id='line_1_79' title="bbox 322 4487 698 4557; baseline 0.013 -22"><span class='ocrx_word' id='word_1_609' title='bbox 322 4502 449 4540; x_wconf 82' lang='lat' dir='ltr'><strong>nun:</strong></span> <span class='ocrx_word' id='word_1_610' title='bbox 487 4487 647 4557; x_wconf 81' lang='lat' dir='ltr'><strong>ignis.</strong></span> <span class='ocrx_word' id='word_1_611' title='bbox 682 4509 698 4540; x_wconf 74' lang='grc' dir='ltr'><strong>ι</strong></span> 
     </span>
    </p>
   </div>
   <div class='ocr_carea' id='block_1_80' title="bbox 2004 3215 3591 3287">
    <p class='ocr_par' dir='ltr' id='par_1_80' title="bbox 2004 3215 3591 3287">
     <span class='ocr_line' id='line_1_80' title="bbox 2004 3215 3591 3287; baseline 0.001 -18"><span class='ocrx_word' id='word_1_612' title='bbox 2004 3216 2109 3282; x_wconf 74' lang='grc' dir='ltr'>ἔξω</span> <span class='ocrx_word' id='word_1_613' title='bbox 2149 3217 2371 3287; x_wconf 82' lang='grc' dir='ltr'>βάλωσι.</span> <span class='ocrx_word' id='word_1_614' title='bbox 2409 3216 2482 3269; x_wconf 82' lang='grc' dir='ltr'>Τὸ</span> <span class='ocrx_word' id='word_1_615' title='bbox 2508 3217 2584 3283; x_wconf 84' lang='grc' dir='ltr'>δὲ,</span> <span class='ocrx_word' id='word_1_616' title='bbox 2622 3234 2639 3267; x_wconf 82' lang='grc' dir='ltr'><strong>ι</strong></span> <span class='ocrx_word' id='word_1_617' title='bbox 2686 3215 2810 3280; x_wconf 76' lang='grc' dir='ltr'>ἔξω,</span> <span class='ocrx_word' id='word_1_618' title='bbox 2855 3235 2873 3268; x_wconf 76' lang='grc' dir='ltr'><strong>ι</strong></span> <span class='ocrx_word' id='word_1_619' title='bbox 2900 3217 2933 3286; x_wconf 79' lang='grc' dir='ltr'>ἡ</span> <span class='ocrx_word' id='word_1_620' title='bbox 2958 3215 3186 3286; x_wconf 77' lang='grc' dir='ltr'>κάμινος</span> <span class='ocrx_word' id='word_1_621' title='bbox 3215 3218 3331 3269; x_wconf 81' lang='grc' dir='ltr'>ὲστι</span> <span class='ocrx_word' id='word_1_622' title='bbox 3354 3215 3448 3270; x_wconf 86' lang='grc' dir='ltr'><strong>τοῦ</strong></span> <span class='ocrx_word' id='word_1_623' title='bbox 3486 3233 3591 3271; x_wconf 85' lang='grc' dir='ltr'>πυ-</span> 
     </span>
    </p>
   </div>
   <div class='ocr_carea' id='block_1_81' title="bbox 2006 3298 3589 3381">
    <p class='ocr_par' dir='ltr' id='par_1_81' title="bbox 2006 3298 3589 3381">
     <span class='ocr_line' id='line_1_81' title="bbox 2006 3298 3589 3381; baseline -0.003 -18"><span class='ocrx_word' id='word_1_624' title='bbox 2006 3309 2117 3381; x_wconf 78' lang='grc' dir='ltr'>ρὸς,</span> <span class='ocrx_word' id='word_1_625' title='bbox 2151 3310 2226 3372; x_wconf 84' lang='grc' dir='ltr'>ὼς</span> <span class='ocrx_word' id='word_1_626' title='bbox 2252 3312 2280 3363; x_wconf 97' lang='lat'><strong>6</strong></span> <span class='ocrx_word' id='word_1_627' title='bbox 2313 3308 2503 3379; x_wconf 83' lang='grc' dir='ltr'>Σωτὴρ</span> <span class='ocrx_word' id='word_1_628' title='bbox 2531 3309 2893 3379; x_wconf 83' lang='grc' dir='ltr'>ήρμήνευσεν,</span> <span class='ocrx_word' id='word_1_629' title='bbox 2928 3298 3100 3358; x_wconf 81' lang='grc' dir='ltr'>είπών</span> <span class='ocrx_word' id='word_1_630' title='bbox 3122 3323 3136 3337; x_wconf 87' lang='grc'>·</span> <span class='ocrx_word' id='word_1_631' title='bbox 3167 3324 3185 3357; x_wconf 76' lang='grc' dir='ltr'><strong><em>σ</em></strong></span> <span class='ocrx_word' id='word_1_632' title='bbox 3214 3305 3400 3370; x_wconf 78' lang='grc' dir='ltr'>Οὕτως</span> <span class='ocrx_word' id='word_1_633' title='bbox 3434 3307 3589 3360; x_wconf 79' lang='grc' dir='ltr'>ἔσται</span> 
     </span>
    </p>
   </div>
   <div class='ocr_carea' id='block_1_82' title="bbox 2002 3395 3586 3474">
    <p class='ocr_par' dir='ltr' id='par_1_82' title="bbox 2002 3395 3586 3474">
     <span class='ocr_line' id='line_1_82' title="bbox 2002 3395 3586 3474; baseline -0.004 -18"><span class='ocrx_word' id='word_1_634' title='bbox 2002 3405 2061 3455; x_wconf 83' lang='grc' dir='ltr'>ὲν</span> <span class='ocrx_word' id='word_1_635' title='bbox 2091 3406 2156 3474; x_wconf 82' lang='grc' dir='ltr'>τῇ</span> <span class='ocrx_word' id='word_1_636' title='bbox 2189 3400 2469 3473; x_wconf 72' lang='grc' dir='ltr'>συντελείᾳ</span> <span class='ocrx_word' id='word_1_637' title='bbox 2500 3398 2594 3453; x_wconf 84' lang='grc' dir='ltr'><strong>τοῦ</strong></span> <span class='ocrx_word' id='word_1_638' title='bbox 2624 3398 2845 3461; x_wconf 77' lang='grc' dir='ltr'>αίῶνοςο</span> <span class='ocrx_word' id='word_1_639' title='bbox 2869 3397 3239 3461; x_wconf 74' lang='grc' dir='ltr'>ἐξελεύσονται</span> <span class='ocrx_word' id='word_1_640' title='bbox 3266 3398 3315 3450; x_wconf 88' lang='grc' dir='ltr'>οἱ</span> <span class='ocrx_word' id='word_1_641' title='bbox 3345 3395 3586 3465; x_wconf 73' lang='grc' dir='ltr'>ἄγγελον,</span> 
     </span>
    </p>
   </div>
   <div class='ocr_carea' id='block_1_83' title="bbox 2002 3489 3584 3566">
    <p class='ocr_par' dir='ltr' id='par_1_83' title="bbox 2002 3489 3584 3566">
     <span class='ocr_line' id='line_1_83' title="bbox 2002 3489 3584 3566; baseline -0.006 -16"><span class='ocrx_word' id='word_1_642' title='bbox 2002 3495 2097 3550; x_wconf 70' lang='grc' dir='ltr'>καὶ</span> <span class='ocrx_word' id='word_1_643' title='bbox 2134 3492 2453 3566; x_wconf 66' lang='grc' dir='ltr'>ἀφοριοῦσιν</span> <span class='ocrx_word' id='word_1_644' title='bbox 2486 3492 2684 3554; x_wconf 73' lang='grc' dir='ltr'>αὐτοὺς</span> <span class='ocrx_word' id='word_1_645' title='bbox 2725 3491 2853 3553; x_wconf 73' lang='grc' dir='ltr'>τοὺς</span> <span class='ocrx_word' id='word_1_646' title='bbox 2886 3491 3154 3562; x_wconf 73' lang='grc' dir='ltr'>πονηροὺς</span> <span class='ocrx_word' id='word_1_647' title='bbox 3184 3492 3249 3542; x_wconf 82' lang='grc' dir='ltr'>ἐκ</span> <span class='ocrx_word' id='word_1_648' title='bbox 3281 3489 3446 3561; x_wconf 89' lang='grc' dir='ltr'>μέσου</span> <span class='ocrx_word' id='word_1_649' title='bbox 3473 3489 3584 3558; x_wconf 74' lang='lat'><strong>(99.)</strong></span> 
     </span>
    </p>
   </div>
   <div class='ocr_carea' id='block_1_84' title="bbox 2000 3583 3587 3656">
    <p class='ocr_par' dir='ltr' id='par_1_84' title="bbox 2000 3583 3587 3656">
     <span class='ocr_line' id='line_1_84' title="bbox 2000 3583 3587 3656; baseline -0.004 -13"><span class='ocrx_word' id='word_1_650' title='bbox 2000 3589 2109 3643; x_wconf 87' lang='grc' dir='ltr'><strong>τῶν</strong></span> <span class='ocrx_word' id='word_1_651' title='bbox 2140 3587 2387 3650; x_wconf 81' lang='grc' dir='ltr'>δικαίων,</span> <span class='ocrx_word' id='word_1_652' title='bbox 2435 3588 2530 3640; x_wconf 64' lang='grc' dir='ltr'><strong>κα)⁵</strong></span> <span class='ocrx_word' id='word_1_653' title='bbox 2574 3584 2824 3655; x_wconf 80' lang='grc' dir='ltr'>βαλοῦσιν</span> <span class='ocrx_word' id='word_1_654' title='bbox 2872 3586 3068 3648; x_wconf 71' lang='grc' dir='ltr'>αὐτοὺς</span> <span class='ocrx_word' id='word_1_655' title='bbox 3110 3586 3189 3649; x_wconf 84' lang='grc' dir='ltr'><strong>είς</strong></span> <span class='ocrx_word' id='word_1_656' title='bbox 3215 3583 3312 3655; x_wconf 76' lang='grc' dir='ltr'><strong>τήν</strong></span> <span class='ocrx_word' id='word_1_657' title='bbox 3357 3583 3587 3656; x_wconf 79' lang='grc' dir='ltr'>κάμινον</span> 
     </span>
    </p>
   </div>
   <div class='ocr_carea' id='block_1_85' title="bbox 2001 3670 3586 3750">
    <p class='ocr_par' dir='ltr' id='par_1_85' title="bbox 2001 3670 3586 3750">
     <span class='ocr_line' id='line_1_85' title="bbox 2001 3670 3586 3750; baseline -0.006 -17"><span class='ocrx_word' id='word_1_658' title='bbox 2001 3679 2096 3733; x_wconf 88' lang='grc' dir='ltr'><strong>τοῦ</strong></span> <span class='ocrx_word' id='word_1_659' title='bbox 2146 3678 2337 3750; x_wconf 86' lang='grc' dir='ltr'>πυρός.</span> <span class='ocrx_word' id='word_1_660' title='bbox 2389 3695 2407 3727; x_wconf 74' lang='grc' dir='ltr'><strong>ι</strong></span> <span class='ocrx_word' id='word_1_661' title='bbox 2458 3675 2606 3745; x_wconf 82' lang='grc' dir='ltr'>Πλὴν</span> <span class='ocrx_word' id='word_1_662' title='bbox 2637 3673 2931 3746; x_wconf 83' lang='grc' dir='ltr'>τηρητέον,</span> <span class='ocrx_word' id='word_1_663' title='bbox 2969 3673 3049 3725; x_wconf 86' lang='grc' dir='ltr'><strong>ὄτι</strong></span> <span class='ocrx_word' id='word_1_664' title='bbox 3096 3672 3198 3743; x_wconf 75' lang='grc' dir='ltr'><strong>ήδη</strong></span> <span class='ocrx_word' id='word_1_665' title='bbox 3238 3670 3324 3725; x_wconf 87' lang='grc' dir='ltr'><strong>διά</strong></span> <span class='ocrx_word' id='word_1_666' title='bbox 3355 3671 3453 3742; x_wconf 73' lang='grc' dir='ltr'>τῆς</span> <span class='ocrx_word' id='word_1_667' title='bbox 3477 3670 3586 3724; x_wconf 78' lang='grc' dir='ltr'><strong>τῶν</strong></span> 
     </span>
    </p>
   </div>
   <div class='ocr_carea' id='block_1_86' title="bbox 2002 3762 3587 3839">
    <p class='ocr_par' dir='ltr' id='par_1_86' title="bbox 2002 3762 3587 3839">
     <span class='ocr_line' id='line_1_86' title="bbox 2002 3762 3587 3839; baseline -0.006 -16"><span class='ocrx_word' id='word_1_668' title='bbox 2002 3770 2254 3836; x_wconf 77' lang='grc' dir='ltr'>ζιζανίων</span> <span class='ocrx_word' id='word_1_669' title='bbox 2282 3767 2616 3839; x_wconf 82' lang='grc' dir='ltr'>παραϐολῆς,</span> <span class='ocrx_word' id='word_1_670' title='bbox 2634 3767 2726 3820; x_wconf 67' lang='grc' dir='ltr'><strong>κα)⁵</strong></span> <span class='ocrx_word' id='word_1_671' title='bbox 2754 3766 2853 3836; x_wconf 74' lang='grc' dir='ltr'>τῆς</span> <span class='ocrx_word' id='word_1_672' title='bbox 2882 3764 3247 3836; x_wconf 77' lang='grc' dir='ltr'>προκειμένης</span> <span class='ocrx_word' id='word_1_673' title='bbox 3275 3762 3587 3835; x_wconf 79' lang='grc' dir='ltr'>ὁμοιώσεως</span> 
     </span>
    </p>
   </div>
   <div class='ocr_carea' id='block_1_87' title="bbox 2000 3854 3592 3930">
    <p class='ocr_par' dir='ltr' id='par_1_87' title="bbox 2000 3854 3592 3930">
     <span class='ocr_line' id='line_1_87' title="bbox 2000 3854 3592 3930; baseline -0.004 -17"><span class='ocrx_word' id='word_1_674' title='bbox 2000 3860 2385 3930; x_wconf 81' lang='grc' dir='ltr'>διδασκόμεθα,</span> <span class='ocrx_word' id='word_1_675' title='bbox 2444 3859 2525 3913; x_wconf 87' lang='grc' dir='ltr'>ὃτι</span> <span class='ocrx_word' id='word_1_676' title='bbox 2565 3857 2785 3927; x_wconf 77' lang='grc' dir='ltr'>ἄγγελοι</span> <span class='ocrx_word' id='word_1_677' title='bbox 2830 3856 3080 3927; x_wconf 87' lang='grc' dir='ltr'>μέλλουσι</span> <span class='ocrx_word' id='word_1_678' title='bbox 3131 3854 3480 3909; x_wconf 78' lang='grc' dir='ltr'>πιστεύεσθαι</span> <span class='ocrx_word' id='word_1_679' title='bbox 3528 3856 3592 3907; x_wconf 66' lang='grc' dir='ltr'>τί)</span> 
     </span>
    </p>
   </div>
   <div class='ocr_carea' id='block_1_88' title="bbox 2001 3947 3588 4024">
    <p class='ocr_par' dir='ltr' id='par_1_88' title="bbox 2001 3947 3588 4024">
     <span class='ocr_line' id='line_1_88' title="bbox 2001 3947 3588 4024; baseline -0.006 -18"><span class='ocrx_word' id='word_1_680' title='bbox 2001 3954 2294 4024; x_wconf 84' lang='grc' dir='ltr'>διακρῖναι,</span> <span class='ocrx_word' id='word_1_681' title='bbox 2327 3952 2421 4005; x_wconf 76' lang='grc' dir='ltr'>καὶ</span> <span class='ocrx_word' id='word_1_682' title='bbox 2454 3950 2777 4023; x_wconf 86' lang='grc' dir='ltr'>διαχωρίσαι</span> <span class='ocrx_word' id='word_1_683' title='bbox 2807 3949 2933 4013; x_wconf 73' lang='grc' dir='ltr'>τοὺς</span> <span class='ocrx_word' id='word_1_684' title='bbox 2968 3948 3205 4018; x_wconf 79' lang='grc' dir='ltr'>φαύλους</span> <span class='ocrx_word' id='word_1_685' title='bbox 3236 3948 3344 4001; x_wconf 61' lang='grc' dir='ltr'><strong>ἀπο</strong></span> <span class='ocrx_word' id='word_1_686' title='bbox 3379 3947 3487 4001; x_wconf 86' lang='grc' dir='ltr'><strong>τῶν</strong></span> <span class='ocrx_word' id='word_1_687' title='bbox 3508 3947 3588 4000; x_wconf 78' lang='grc' dir='ltr'><strong>δε-</strong></span> 
     </span>
    </p>
   </div>
   <div class='ocr_carea' id='block_1_89' title="bbox 2002 4040 3587 4114">
    <p class='ocr_par' dir='ltr' id='par_1_89' title="bbox 2002 4040 3587 4114">
     <span class='ocr_line' id='line_1_89' title="bbox 2002 4040 3587 4114; baseline -0.004 -17"><span class='ocrx_word' id='word_1_688' title='bbox 2002 4043 2191 4097; x_wconf 87' lang='grc' dir='ltr'>καίων.</span> <span class='ocrx_word' id='word_1_689' title='bbox 2242 4043 2526 4114; x_wconf 80' lang='grc' dir='ltr'>Ἀνωτέρω</span> <span class='ocrx_word' id='word_1_690' title='bbox 2580 4043 2680 4113; x_wconf 78' lang='grc' dir='ltr'><strong>μὲν</strong></span> <span class='ocrx_word' id='word_1_691' title='bbox 2714 4041 2822 4112; x_wconf 79' lang='grc' dir='ltr'>γὰρ</span> <span class='ocrx_word' id='word_1_692' title='bbox 2850 4041 3089 4109; x_wconf 80' lang='grc' dir='ltr'>λέγεται,</span> <span class='ocrx_word' id='word_1_693' title='bbox 3122 4041 3226 4105; x_wconf 83' lang='grc' dir='ltr'>ὅτι,</span> <span class='ocrx_word' id='word_1_694' title='bbox 3263 4058 3281 4091; x_wconf 79' lang='grc' dir='ltr'><strong>ι</strong></span> <span class='ocrx_word' id='word_1_695' title='bbox 3330 4040 3587 4093; x_wconf 74' lang='grc' dir='ltr'>Ἀποστε-</span> 
     </span>
    </p>
   </div>
   <div class='ocr_carea' id='block_1_90' title="bbox 2000 4131 3595 4208">
    <p class='ocr_par' dir='ltr' id='par_1_90' title="bbox 2000 4131 3595 4208">
     <span class='ocr_line' id='line_1_90' title="bbox 2000 4131 3595 4208; baseline -0.004 -19"><span class='ocrx_word' id='word_1_696' title='bbox 2000 4137 2083 4189; x_wconf 82' lang='grc' dir='ltr'>λεϊ</span> <span class='ocrx_word' id='word_1_697' title='bbox 2113 4139 2141 4190; x_wconf 95' lang='lat'><strong>6</strong></span> <span class='ocrx_word' id='word_1_698' title='bbox 2174 4136 2301 4199; x_wconf 75' lang='grc' dir='ltr'>Υἱὸς</span> <span class='ocrx_word' id='word_1_699' title='bbox 2335 4135 2429 4188; x_wconf 85' lang='grc' dir='ltr'><strong>τοῦ</strong></span> <span class='ocrx_word' id='word_1_700' title='bbox 2468 4134 2758 4208; x_wconf 83' lang='grc' dir='ltr'>ἀνθρώπου</span> <span class='ocrx_word' id='word_1_701' title='bbox 2799 4136 2928 4199; x_wconf 71' lang='grc' dir='ltr'>τοὺς</span> <span class='ocrx_word' id='word_1_702' title='bbox 2962 4132 3223 4203; x_wconf 83' lang='grc' dir='ltr'>ἀγγέλους</span> <span class='ocrx_word' id='word_1_703' title='bbox 3253 4131 3421 4184; x_wconf 74' lang='grc' dir='ltr'>αὐτοῦ</span> <span class='ocrx_word' id='word_1_704' title='bbox 3441 4173 3455 4195; x_wconf 90' lang='grc'><strong>,</strong></span> <span class='ocrx_word' id='word_1_705' title='bbox 3499 4132 3595 4184; x_wconf 69' lang='grc' dir='ltr'><strong>καὶ</strong></span> 
     </span>
    </p>
   </div>
   <div class='ocr_carea' id='block_1_91' title="bbox 2005 4221 3590 4295">
    <p class='ocr_par' dir='ltr' id='par_1_91' title="bbox 2005 4221 3590 4295">
     <span class='ocr_line' id='line_1_91' title="bbox 2005 4221 3590 4295; baseline -0.004 -15"><span class='ocrx_word' id='word_1_706' title='bbox 2005 4228 2345 4291; x_wconf 81' lang='grc' dir='ltr'>συλλέξουσιν</span> <span class='ocrx_word' id='word_1_707' title='bbox 2374 4229 2437 4278; x_wconf 82' lang='grc' dir='ltr'>ὲκ</span> <span class='ocrx_word' id='word_1_708' title='bbox 2469 4225 2571 4293; x_wconf 78' lang='grc' dir='ltr'>τῆς</span> <span class='ocrx_word' id='word_1_709' title='bbox 2609 4226 2883 4295; x_wconf 90' lang='grc' dir='ltr'>βασιλείας</span> <span class='ocrx_word' id='word_1_710' title='bbox 2915 4224 3081 4279; x_wconf 83' lang='grc' dir='ltr'>αὑτοῦ</span> <span class='ocrx_word' id='word_1_711' title='bbox 3109 4223 3284 4277; x_wconf 82' lang='grc' dir='ltr'>πάντα</span> <span class='ocrx_word' id='word_1_712' title='bbox 3316 4222 3386 4276; x_wconf 81' lang='grc' dir='ltr'>τὰ</span> <span class='ocrx_word' id='word_1_713' title='bbox 3424 4221 3590 4274; x_wconf 79' lang='grc' dir='ltr'>σκάν³</span> 
     </span>
    </p>
   </div>
   <div class='ocr_carea' id='block_1_92' title="bbox 2000 4314 3593 4391">
    <p class='ocr_par' dir='ltr' id='par_1_92' title="bbox 2000 4314 3593 4391">
     <span class='ocr_line' id='line_1_92' title="bbox 2000 4314 3593 4391; baseline -0.004 -18"><span class='ocrx_word' id='word_1_714' title='bbox 2000 4321 2154 4385; x_wconf 76' lang='grc' dir='ltr'>δαλα,</span> <span class='ocrx_word' id='word_1_715' title='bbox 2189 4320 2282 4372; x_wconf 69' lang='grc' dir='ltr'><strong>καὶ</strong></span> <span class='ocrx_word' id='word_1_716' title='bbox 2308 4321 2434 4382; x_wconf 74' lang='grc' dir='ltr'>τοὺς</span> <span class='ocrx_word' id='word_1_717' title='bbox 2468 4318 2757 4383; x_wconf 84' lang='grc' dir='ltr'>ποιοῦντας</span> <span class='ocrx_word' id='word_1_718' title='bbox 2791 4320 2890 4391; x_wconf 81' lang='grc' dir='ltr'><strong>τήν</strong></span> <span class='ocrx_word' id='word_1_719' title='bbox 2923 4317 3170 4390; x_wconf 85' lang='grc' dir='ltr'>ἀνομίαν,</span> <span class='ocrx_word' id='word_1_720' title='bbox 3205 4318 3298 4370; x_wconf 76' lang='grc' dir='ltr'><strong>καὶ</strong></span> <span class='ocrx_word' id='word_1_721' title='bbox 3337 4314 3593 4386; x_wconf 86' lang='grc' dir='ltr'>βαλοῦσιν</span> 
     </span>
    </p>
   </div>
   <div class='ocr_carea' id='block_1_93' title="bbox 2002 4405 3590 4481">
    <p class='ocr_par' dir='ltr' id='par_1_93' title="bbox 2002 4405 3590 4481">
     <span class='ocr_line' id='line_1_93' title="bbox 2002 4405 3590 4481; baseline -0.005 -15"><span class='ocrx_word' id='word_1_722' title='bbox 2002 4413 2197 4476; x_wconf 71' lang='grc' dir='ltr'>αὐτοὺς</span> <span class='ocrx_word' id='word_1_723' title='bbox 2243 4414 2322 4474; x_wconf 77' lang='grc' dir='ltr'>εἰς</span> <span class='ocrx_word' id='word_1_724' title='bbox 2369 4412 2468 4481; x_wconf 81' lang='grc' dir='ltr'>τὴν</span> <span class='ocrx_word' id='word_1_725' title='bbox 2516 4409 2750 4481; x_wconf 81' lang='grc' dir='ltr'>κάμινον</span> <span class='ocrx_word' id='word_1_726' title='bbox 2800 4408 2895 4463; x_wconf 85' lang='grc' dir='ltr'><strong>τοῦ</strong></span> <span class='ocrx_word' id='word_1_727' title='bbox 2950 4408 3151 4480; x_wconf 86' lang='grc' dir='ltr'>πυρός·</span> <span class='ocrx_word' id='word_1_728' title='bbox 3206 4409 3321 4460; x_wconf 74' lang='grc' dir='ltr'>ἐκεῖ</span> <span class='ocrx_word' id='word_1_729' title='bbox 3366 4405 3519 4459; x_wconf 79' lang='grc' dir='ltr'>ἔσται</span> <span class='ocrx_word' id='word_1_730' title='bbox 3560 4406 3590 4458; x_wconf 85' lang='grc' dir='ltr'><strong>ό</strong></span> 
     </span>
    </p>
   </div>
   <div class='ocr_carea' id='block_1_94' title="bbox 1933 4496 3586 4577">
    <p class='ocr_par' dir='ltr' id='par_1_94' title="bbox 1933 4496 3586 4577">
     <span class='ocr_line' id='line_1_94' title="bbox 1933 4496 3586 4577; baseline -0.004 -20"><span class='ocrx_word' id='word_1_731' title='bbox 1933 4504 1974 4557; x_wconf 90' lang='lat' dir='ltr'><strong>D</strong></span> <span class='ocrx_word' id='word_1_732' title='bbox 2006 4505 2280 4575; x_wconf 72' lang='grc' dir='ltr'>κλαυθμὸς</span> <span class='ocrx_word' id='word_1_733' title='bbox 2315 4505 2411 4557; x_wconf 62' lang='grc' dir='ltr'><strong>καλ</strong></span> <span class='ocrx_word' id='word_1_734' title='bbox 2438 4504 2466 4556; x_wconf 89' lang='lat'><strong>6</strong></span> <span class='ocrx_word' id='word_1_735' title='bbox 2499 4504 2747 4577; x_wconf 78' lang='grc' dir='ltr'>βρυγμὸς</span> <span class='ocrx_word' id='word_1_736' title='bbox 2772 4503 2882 4557; x_wconf 89' lang='grc' dir='ltr'><strong>τῶν</strong></span> <span class='ocrx_word' id='word_1_737' title='bbox 2913 4503 3163 4564; x_wconf 78' lang='grc' dir='ltr'>ὀδόντων,</span> <span class='ocrx_word' id='word_1_738' title='bbox 3210 4521 3227 4553; x_wconf 71' lang='grc' dir='ltr'><strong>ι</strong></span> <span class='ocrx_word' id='word_1_739' title='bbox 3269 4500 3506 4555; x_wconf 79' lang='grc' dir='ltr'>ἐνταῦθα</span> <span class='ocrx_word' id='word_1_740' title='bbox 3528 4496 3586 4551; x_wconf 66' lang='grc' dir='ltr'>δὲ</span> 
     </span>
    </p>
   </div>
   <div class='ocr_carea' id='block_1_95' title="bbox 318 4577 3589 4669">
    <p class='ocr_par' dir='ltr' id='par_1_95' title="bbox 318 4577 3589 4669">
     <span class='ocr_line' id='line_1_95' title="bbox 318 4577 3589 4669; baseline 0.006 -41"><span class='ocrx_word' id='word_1_741' title='bbox 318 4577 433 4645; x_wconf 73' lang='grc' dir='ltr'>ὅτι,</span> <span class='ocrx_word' id='word_1_742' title='bbox 475 4598 494 4630; x_wconf 78' lang='grc' dir='ltr'><strong>ι</strong></span> <span class='ocrx_word' id='word_1_743' title='bbox 539 4578 908 4646; x_wconf 75' lang='grc' dir='ltr'>ἐξελεύσονται</span> <span class='ocrx_word' id='word_1_744' title='bbox 935 4586 982 4636; x_wconf 79' lang='grc' dir='ltr'>οἱ</span> <span class='ocrx_word' id='word_1_745' title='bbox 1024 4586 1275 4654; x_wconf 77' lang='grc' dir='ltr'>ἄγγελοι,</span> <span class='ocrx_word' id='word_1_746' title='bbox 1314 4591 1405 4643; x_wconf 77' lang='grc' dir='ltr'><strong>καὶ</strong></span> <span class='ocrx_word' id='word_1_747' title='bbox 1446 4592 1731 4666; x_wconf 59' lang='grc' dir='ltr'>ἀφοριοῦσι</span> <span class='ocrx_word' id='word_1_748' title='bbox 1778 4600 1903 4662; x_wconf 65' lang='grc' dir='ltr'>τοὺς</span> <span class='ocrx_word' id='word_1_749' title='bbox 1940 4598 2205 4669; x_wconf 71' lang='grc' dir='ltr'>πονηροὺς</span> <span class='ocrx_word' id='word_1_750' title='bbox 2232 4596 2297 4647; x_wconf 76' lang='grc' dir='ltr'><strong>ἐκ</strong></span> <span class='ocrx_word' id='word_1_751' title='bbox 2341 4595 2507 4665; x_wconf 79' lang='grc' dir='ltr'>μέσου</span> <span class='ocrx_word' id='word_1_752' title='bbox 2539 4594 2648 4647; x_wconf 85' lang='grc' dir='ltr'><strong>τῶν</strong></span> <span class='ocrx_word' id='word_1_753' title='bbox 2692 4594 2936 4657; x_wconf 82' lang='grc' dir='ltr'>δικαίων,</span> <span class='ocrx_word' id='word_1_754' title='bbox 2968 4592 3062 4646; x_wconf 73' lang='grc' dir='ltr'>καὶ</span> <span class='ocrx_word' id='word_1_755' title='bbox 3092 4590 3345 4663; x_wconf 82' lang='grc' dir='ltr'>βαλοῦσιν</span> <span class='ocrx_word' id='word_1_756' title='bbox 3393 4590 3589 4648; x_wconf 73' lang='grc' dir='ltr'>αὐτοὺς</span> 
     </span>
    </p>
   </div>
   <div class='ocr_carea' id='block_1_96' title="bbox 318 4670 1183 4748">
    <p class='ocr_par' dir='ltr' id='par_1_96' title="bbox 318 4670 1183 4748">
     <span class='ocr_line' id='line_1_96' title="bbox 318 4670 1183 4748; baseline 0.01 -28"><span class='ocrx_word' id='word_1_757' title='bbox 318 4672 396 4734; x_wconf 81' lang='grc' dir='ltr'>εἰς</span> <span class='ocrx_word' id='word_1_758' title='bbox 426 4670 521 4742; x_wconf 83' lang='grc' dir='ltr'>τὴν</span> <span class='ocrx_word' id='word_1_759' title='bbox 552 4672 778 4743; x_wconf 83' lang='grc' dir='ltr'>κάμινον</span> <span class='ocrx_word' id='word_1_760' title='bbox 806 4674 896 4727; x_wconf 88' lang='grc' dir='ltr'><strong>τοῦ</strong></span> <span class='ocrx_word' id='word_1_761' title='bbox 930 4676 1120 4748; x_wconf 83' lang='grc' dir='ltr'>πυρός.</span> <span class='ocrx_word' id='word_1_762' title='bbox 1166 4698 1183 4728; x_wconf 74' lang='grc' dir='ltr'><strong>ι</strong></span> 
     </span>
    </p>
   </div>
   <div class='ocr_carea' id='block_1_97' title="bbox 390 4769 1893 4853">
    <p class='ocr_par' dir='ltr' id='par_1_97' title="bbox 390 4769 1893 4853">
     <span class='ocr_line' id='line_1_97' title="bbox 390 4769 1893 4853; baseline 0.011 -31"><span class='ocrx_word' id='word_1_763' title='bbox 390 4771 475 4823; x_wconf 82' lang='grc'><strong>15.</strong></span> <span class='ocrx_word' id='word_1_764' title='bbox 509 4769 602 4826; x_wconf 89' lang='lat' dir='ltr'><strong>llis</strong></span> <span class='ocrx_word' id='word_1_765' title='bbox 635 4781 817 4826; x_wconf 86' lang='lat' dir='ltr'><strong>autem</strong></span> <span class='ocrx_word' id='word_1_766' title='bbox 855 4779 1252 4832; x_wconf 80' lang='lat' dir='ltr'><strong>consectarium</strong></span> <span class='ocrx_word' id='word_1_767' title='bbox 1291 4781 1421 4834; x_wconf 89' lang='lat' dir='ltr'><strong>illud</strong></span> <span class='ocrx_word' id='word_1_768' title='bbox 1460 4799 1564 4837; x_wconf 86' lang='lat' dir='ltr'><strong>non</strong></span> <span class='ocrx_word' id='word_1_769' title='bbox 1599 4794 1703 4849; x_wconf 86' lang='lat' dir='ltr'><strong>est,</strong></span> <span class='ocrx_word' id='word_1_770' title='bbox 1750 4786 1893 4853; x_wconf 84' lang='lat' dir='ltr'><strong>quod</strong></span> 
     </span>
    </p>
   </div>
   <div class='ocr_carea' id='block_1_98' title="bbox 315 4860 1894 4946">
    <p class='ocr_par' dir='ltr' id='par_1_98' title="bbox 315 4860 1894 4946">
     <span class='ocr_line' id='line_1_98' title="bbox 315 4860 1894 4946; baseline 0.008 -28"><span class='ocrx_word' id='word_1_771' title='bbox 315 4860 634 4921; x_wconf 74' lang='lat' dir='ltr'><strong>existimant</strong></span> <span class='ocrx_word' id='word_1_772' title='bbox 690 4870 964 4937; x_wconf 84' lang='lat' dir='ltr'><strong>nonnulli,</strong></span> <span class='ocrx_word' id='word_1_773' title='bbox 1027 4870 1275 4928; x_wconf 88' lang='lat' dir='ltr'><strong>homines</strong></span> <span class='ocrx_word' id='word_1_774' title='bbox 1331 4874 1579 4930; x_wconf 78' lang='lat' dir='ltr'><strong>videlicet</strong></span> <span class='ocrx_word' id='word_1_775' title='bbox 1626 4877 1717 4946; x_wconf 87' lang='lat' dir='ltr'><strong>qui</strong></span> <span class='ocrx_word' id='word_1_776' title='bbox 1761 4879 1894 4932; x_wconf 75' lang='lat' dir='ltr'><strong>salvi</strong></span> 
     </span>
    </p>
   </div>
   <div class='ocr_carea' id='block_1_99' title="bbox 315 4957 1893 5051">
    <p class='ocr_par' dir='ltr' id='par_1_99' title="bbox 315 4957 1893 5051">
     <span class='ocr_line' id='line_1_99' title="bbox 315 4957 1893 5051; baseline 0.01 -43"><span class='ocrx_word' id='word_1_777' title='bbox 315 4957 453 5012; x_wconf 82' lang='lat' dir='ltr'><strong>tinut</strong></span> <span class='ocrx_word' id='word_1_778' title='bbox 478 4960 535 5051; x_wconf 69' lang='lat' dir='ltr'><strong>in</strong></span> <span class='ocrx_word' id='word_1_779' title='bbox 577 4960 830 5028; x_wconf 88' lang='lat' dir='ltr'><strong>Christo,</strong></span> <span class='ocrx_word' id='word_1_780' title='bbox 877 4965 1192 5034; x_wconf 87' lang='lat' dir='ltr'><strong>superiores</strong></span> <span class='ocrx_word' id='word_1_781' title='bbox 1229 4982 1350 5020; x_wconf 89' lang='lat' dir='ltr'><strong>esse</strong></span> <span class='ocrx_word' id='word_1_782' title='bbox 1394 4971 1600 5022; x_wconf 76' lang='lat' dir='ltr'><strong>sanctis</strong></span> <span class='ocrx_word' id='word_1_783' title='bbox 1630 4971 1839 5039; x_wconf 82' lang='lat' dir='ltr'><strong>angelis</strong></span> <span class='ocrx_word' id='word_1_784' title='bbox 1879 4989 1893 5025; x_wconf 89' lang='lat'><strong>:</strong></span> 
     </span>
    </p>
   </div>
   <div class='ocr_carea' id='block_1_100' title="bbox 384 5121 1450 5197">
    <p class='ocr_par' dir='ltr' id='par_1_100' title="bbox 384 5121 1450 5197">
     <span class='ocr_line' id='line_1_100' title="bbox 384 5121 1450 5197; baseline 0.005 -22"><span class='ocrx_word' id='word_1_785' title='bbox 384 5121 430 5153; x_wconf 85' lang='grc'><strong>⁸³</strong></span> <span class='ocrx_word' id='word_1_786' title='bbox 465 5121 653 5178; x_wconf 84' lang='lat' dir='ltr'><strong>Matth.</strong></span> <span class='ocrx_word' id='word_1_787' title='bbox 695 5141 745 5187; x_wconf 71' lang='grc' dir='ltr'>ι’,</span> <span class='ocrx_word' id='word_1_788' title='bbox 780 5123 865 5177; x_wconf 79' lang='lat' dir='ltr'><strong>l7.</strong></span> <span class='ocrx_word' id='word_1_789' title='bbox 939 5125 1201 5197; x_wconf 51' lang='lat' dir='ltr'><strong>“Jlattlt.</strong></span> <span class='ocrx_word' id='word_1_790' title='bbox 1239 5143 1327 5193; x_wconf 84' lang='lat' dir='ltr'><strong>tv,</strong></span> <span class='ocrx_word' id='word_1_791' title='bbox 1370 5127 1450 5180; x_wconf 91' lang='lat' dir='ltr'><strong>ll.</strong></span> 
     </span>
    </p>
   </div>
   <div class='ocr_carea' id='block_1_101' title="bbox 408 5285 1882 5359">
    <p class='ocr_par' dir='ltr' id='par_1_101' title="bbox 408 5285 1882 5359">
     <span class='ocr_line' id='line_1_101' title="bbox 408 5285 1882 5359; baseline 0.001 -19"><span class='ocrx_word' id='word_1_792' title='bbox 408 5287 499 5359; x_wconf 60' lang='grc' dir='ltr'>δῖ)</span> <span class='ocrx_word' id='word_1_793' title='bbox 525 5285 697 5359; x_wconf 72' lang='lat' dir='ltr'><strong>Codd.</strong></span> <span class='ocrx_word' id='word_1_794' title='bbox 738 5285 939 5359; x_wconf 80' lang='lat' dir='ltr'><strong>Regius</strong></span> <span class='ocrx_word' id='word_1_795' title='bbox 968 5295 1022 5341; x_wconf 85' lang='lat' dir='ltr'><strong>et</strong></span> <span class='ocrx_word' id='word_1_796' title='bbox 1048 5285 1591 5359; x_wconf 63' lang='lat' dir='ltr'><strong>Vaticautts,_‘lqaov.‘i</strong></span> <span class='ocrx_word' id='word_1_797' title='bbox 1627 5290 1882 5359; x_wconf 79' lang='grc' dir='ltr'>Χριστοῦ.</span> 
     </span>
    </p>
   </div>
   <div class='ocr_carea' id='block_1_102' title="bbox 314 5425 1887 5497">
    <p class='ocr_par' dir='ltr' id='par_1_102' title="bbox 314 5425 1887 5497">
     <span class='ocr_line' id='line_1_102' title="bbox 314 5425 1887 5497; baseline 0.003 -17"><span class='ocrx_word' id='word_1_798' title='bbox 314 5425 567 5497; x_wconf 68' lang='lat' dir='ltr'><strong>Origenis</strong></span> <span class='ocrx_word' id='word_1_799' title='bbox 588 5427 641 5479; x_wconf 92' lang='lat' dir='ltr'><strong>iu</strong></span> <span class='ocrx_word' id='word_1_800' title='bbox 671 5426 846 5482; x_wconf 84' lang='lat' dir='ltr'><strong>Levit.</strong></span> <span class='ocrx_word' id='word_1_801' title='bbox 877 5431 1022 5481; x_wconf 90' lang='lat' dir='ltr'><strong>circa</strong></span> <span class='ocrx_word' id='word_1_802' title='bbox 1048 5428 1233 5490; x_wconf 79' lang='lat' dir='ltr'><strong>tinent,</strong></span> <span class='ocrx_word' id='word_1_803' title='bbox 1275 5428 1365 5481; x_wconf 90' lang='lat' dir='ltr'><strong>ubi</strong></span> <span class='ocrx_word' id='word_1_804' title='bbox 1399 5444 1548 5482; x_wconf 86' lang='lat' dir='ltr'><strong>mare</strong></span> <span class='ocrx_word' id='word_1_805' title='bbox 1577 5431 1699 5484; x_wconf 70' lang='lat' dir='ltr'><strong>vitae</strong></span> <span class='ocrx_word' id='word_1_806' title='bbox 1740 5430 1887 5491; x_wconf 79' lang='lat' dir='ltr'><strong>huic,</strong></span> 
     </span>
    </p>
   </div>
   <div class='ocr_carea' id='block_1_103' title="bbox 319 5497 1606 5566">
    <p class='ocr_par' dir='ltr' id='par_1_103' title="bbox 319 5497 1606 5566">
     <span class='ocr_line' id='line_1_103' title="bbox 319 5497 1606 5566; baseline 0.004 -18"><span class='ocrx_word' id='word_1_807' title='bbox 319 5500 490 5566; x_wconf 75' lang='lat' dir='ltr'><strong>pisces</strong></span> <span class='ocrx_word' id='word_1_808' title='bbox 513 5497 853 5562; x_wconf 82' lang='lat' dir='ltr'><strong>hominibus,</strong></span> <span class='ocrx_word' id='word_1_809' title='bbox 886 5498 1022 5551; x_wconf 87' lang='lat' dir='ltr'><strong>retia</strong></span> <span class='ocrx_word' id='word_1_810' title='bbox 1046 5498 1164 5552; x_wconf 80' lang='lat' dir='ltr'><strong>ﬁdei</strong></span> <span class='ocrx_word' id='word_1_811' title='bbox 1201 5508 1606 5566; x_wconf 79' lang='lat' dir='ltr'><strong>comparantur.</strong></span> 
     </span>
    </p>
   </div>
   <div class='ocr_carea' id='block_1_104' title="bbox 387 5565 1628 5638">
    <p class='ocr_par' dir='ltr' id='par_1_104' title="bbox 387 5565 1628 5638">
     <span class='ocr_line' id='line_1_104' title="bbox 387 5565 1628 5638; baseline 0.001 -19"><span class='ocrx_word' id='word_1_812' title='bbox 387 5565 499 5635; x_wconf 72' lang='lat'><strong>(89)</strong></span> <span class='ocrx_word' id='word_1_813' title='bbox 529 5567 707 5638; x_wconf 50' lang='lat' dir='ltr'><strong>Clyde;</strong></span> <span class='ocrx_word' id='word_1_814' title='bbox 737 5567 890 5637; x_wconf 65' lang='lat' dir='ltr'><strong>Heg,</strong></span> <span class='ocrx_word' id='word_1_815' title='bbox 920 5567 1042 5621; x_wconf 83' lang='grc' dir='ltr'>ὃθεν</span> <span class='ocrx_word' id='word_1_816' title='bbox 1070 5568 1126 5620; x_wconf 81' lang='grc' dir='ltr'><strong>δὲ</strong></span> <span class='ocrx_word' id='word_1_817' title='bbox 1153 5565 1628 5638; x_wconf 85' lang='grc' dir='ltr'>διακονησάμενοι.</span> 
     </span>
    </p>
   </div>
   <div class='ocr_carea' id='block_1_105' title="bbox 386 5637 1889 5706">
    <p class='ocr_par' dir='ltr' id='par_1_105' title="bbox 386 5637 1889 5706">
     <span class='ocr_line' id='line_1_105' title="bbox 386 5637 1889 5706; baseline 0.004 -19"><span class='ocrx_word' id='word_1_818' title='bbox 386 5638 498 5699; x_wconf 75' lang='lat'><strong>(90;</strong></span> <span class='ocrx_word' id='word_1_819' title='bbox 534 5637 609 5687; x_wconf 83' lang='grc' dir='ltr'><em>Τὰ</em></span> <span class='ocrx_word' id='word_1_820' title='bbox 635 5637 751 5698; x_wconf 71' lang='grc' dir='ltr'><strong>ἐξω</strong></span> <span class='ocrx_word' id='word_1_821' title='bbox 788 5639 893 5690; x_wconf 71' lang='grc' dir='ltr'><strong>τοῦ</strong></span> <span class='ocrx_word' id='word_1_822' title='bbox 918 5639 1064 5700; x_wconf 81' lang='grc' dir='ltr'>,ϐίου</span> <span class='ocrx_word' id='word_1_823' title='bbox 1094 5637 1424 5706; x_wconf 61' lang='grc' dir='ltr'>πράγματα.</span> <span class='ocrx_word' id='word_1_824' title='bbox 1451 5637 1586 5692; x_wconf 81' lang='lat' dir='ltr'><strong>Male</strong></span> <span class='ocrx_word' id='word_1_825' title='bbox 1610 5638 1889 5702; x_wconf 77' lang='lat' dir='ltr'><strong>Erasmus,</strong></span> 
     </span>
    </p>
   </div>
   <div class='ocr_carea' id='block_1_106' title="bbox 323 5707 1891 5771">
    <p class='ocr_par' dir='ltr' id='par_1_106' title="bbox 323 5707 1891 5771">
     <span class='ocr_line' id='line_1_106' title="bbox 323 5707 1891 5771; baseline 0.006 -19"><span class='ocrx_word' id='word_1_826' title='bbox 323 5723 337 5752; x_wconf 76' lang='grc' dir='ltr'><strong>ι</strong></span> <span class='ocrx_word' id='word_1_827' title='bbox 383 5713 532 5757; x_wconf 65' lang='lat' dir='ltr'><strong>extra</strong></span> <span class='ocrx_word' id='word_1_828' title='bbox 585 5707 708 5759; x_wconf 74' lang='lat' dir='ltr'><strong>vita:</strong></span> <span class='ocrx_word' id='word_1_829' title='bbox 746 5709 960 5769; x_wconf 61' lang='lat' dir='ltr'><strong>negotia</strong></span> <span class='ocrx_word' id='word_1_830' title='bbox 1001 5726 1012 5760; x_wconf 91' lang='lat'>:</span> <span class='ocrx_word' id='word_1_831' title='bbox 1062 5728 1078 5757; x_wconf 71' lang='grc' dir='ltr'><strong>ι</strong></span> <span class='ocrx_word' id='word_1_832' title='bbox 1124 5710 1173 5762; x_wconf 87' lang='lat' dir='ltr'><strong>id</strong></span> <span class='ocrx_word' id='word_1_833' title='bbox 1208 5708 1350 5763; x_wconf 86' lang='lat' dir='ltr'><strong>enim</strong></span> <span class='ocrx_word' id='word_1_834' title='bbox 1396 5720 1586 5763; x_wconf 82' lang='lat' dir='ltr'><strong>esset:</strong></span> <span class='ocrx_word' id='word_1_835' title='bbox 1634 5708 1738 5771; x_wconf 78' lang='grc' dir='ltr'><strong>ἔξω</strong></span> <span class='ocrx_word' id='word_1_836' title='bbox 1783 5709 1891 5762; x_wconf 82' lang='grc' dir='ltr'><strong>τῶν</strong></span> 
     </span>
    </p>
   </div>
   <div class='ocr_carea' id='block_1_107' title="bbox 324 5773 1892 5849">
    <p class='ocr_par' dir='ltr' id='par_1_107' title="bbox 324 5773 1892 5849">
     <span class='ocr_line' id='line_1_107' title="bbox 324 5773 1892 5849; baseline 0.006 -26"><span class='ocrx_word' id='word_1_837' title='bbox 324 5773 414 5825; x_wconf 71' lang='grc' dir='ltr'><strong>τοῦ</strong></span> <span class='ocrx_word' id='word_1_838' title='bbox 454 5774 566 5840; x_wconf 68' lang='grc' dir='ltr'>βίου</span> <span class='ocrx_word' id='word_1_839' title='bbox 608 5777 965 5842; x_wconf 67' lang='grc' dir='ltr'>πραγμάτων.</span> <span class='ocrx_word' id='word_1_840' title='bbox 987 5778 1121 5832; x_wconf 86' lang='lat' dir='ltr'><strong>lilud</strong></span> <span class='ocrx_word' id='word_1_841' title='bbox 1146 5787 1321 5831; x_wconf 84' lang='lat' dir='ltr'><strong>autem</strong></span> <span class='ocrx_word' id='word_1_842' title='bbox 1354 5787 1434 5833; x_wconf 82' lang='lat' dir='ltr'><strong>est</strong></span> <span class='ocrx_word' id='word_1_843' title='bbox 1460 5796 1471 5831; x_wconf 90' lang='lat'><strong>:</strong></span> <span class='ocrx_word' id='word_1_844' title='bbox 1497 5778 1562 5831; x_wconf 72' lang='grc' dir='ltr'><strong>τὰ</strong></span> <span class='ocrx_word' id='word_1_845' title='bbox 1595 5780 1892 5849; x_wconf 63' lang='grc' dir='ltr'>πράγματα</span> 
     </span>
    </p>
   </div>
   <div class='ocr_carea' id='block_1_108' title="bbox 1985 5288 2742 5359">
    <p class='ocr_par' dir='ltr' id='par_1_108' title="bbox 1985 5288 2742 5359">
     <span class='ocr_line' id='line_1_108' title="bbox 1985 5288 2742 5359; baseline 0.004 -19"><span class='ocrx_word' id='word_1_846' title='bbox 1985 5289 2090 5352; x_wconf 73' lang='grc' dir='ltr'>ἔξω</span> <span class='ocrx_word' id='word_1_847' title='bbox 2116 5289 2223 5359; x_wconf 77' lang='grc' dir='ltr'><strong>τοῦ</strong></span> <span class='ocrx_word' id='word_1_848' title='bbox 2263 5288 2405 5356; x_wconf 78' lang='grc' dir='ltr'>βίου,</span> <span class='ocrx_word' id='word_1_849' title='bbox 2449 5307 2495 5359; x_wconf 42' lang='grc' dir='ltr'>ι-</span> <span class='ocrx_word' id='word_1_850' title='bbox 2530 5290 2742 5359; x_wconf 85' lang='lat' dir='ltr'><strong>negotia</strong></span> 
     </span>
    </p>
   </div>
   <div class='ocr_carea' id='block_1_109' title="bbox 407 5356 2183 5438">
    <p class='ocr_par' dir='ltr' id='par_1_109' title="bbox 407 5356 2183 5438">
     <span class='ocr_line' id='line_1_109' title="bbox 407 5356 2183 5438; baseline 0.001 -29"><span class='ocrx_word' id='word_1_851' title='bbox 407 5356 798 5438; x_wconf 46' lang='lat' dir='ltr'><strong>88).Atirqtat</strong></span> <span class='ocrx_word' id='word_1_852' title='bbox 838 5357 922 5438; x_wconf 40' lang='grc' dir='ltr'><strong>δὲ.</strong></span> <span class='ocrx_word' id='word_1_853' title='bbox 950 5358 1159 5438; x_wconf 60' lang='grc' dir='ltr'>χωρίς,</span> <span class='ocrx_word' id='word_1_854' title='bbox 1206 5368 1326 5438; x_wconf 78' lang='lat' dir='ltr'><strong>etc._</strong></span> <span class='ocrx_word' id='word_1_855' title='bbox 1353 5356 1488 5438; x_wconf 53' lang='lat' dir='ltr'><strong>)‘iile</strong></span> <span class='ocrx_word' id='word_1_856' title='bbox 1539 5356 1815 5438; x_wconf 76' lang='lat' dir='ltr'><strong>ltoutiliam</strong></span> <span class='ocrx_word' id='word_1_857' title='bbox 1858 5362 1885 5410; x_wconf 81' lang='lat'><strong>7</strong></span> <span class='ocrx_word' id='word_1_858' title='bbox 1987 5362 2064 5413; x_wconf 87' lang='lat' dir='ltr'><strong>lta</strong></span> <span class='ocrx_word' id='word_1_859' title='bbox 2092 5358 2183 5438; x_wconf 75' lang='grc' dir='ltr'>ριή</span> 
     </span>
    </p>
   </div>
   <div class='ocr_carea' id='block_1_110' title="bbox 2070 4774 3581 4861">
    <p class='ocr_par' dir='ltr' id='par_1_110' title="bbox 2070 4774 3581 4861">
     <span class='ocr_line' id='line_1_110' title="bbox 2070 4774 3581 4861; baseline -0.007 -25"><span class='ocrx_word' id='word_1_860' title='bbox 2070 4783 2293 4846; x_wconf 72' lang='grc' dir='ltr'>Τούτοις</span> <span class='ocrx_word' id='word_1_861' title='bbox 2324 4782 2381 4835; x_wconf 73' lang='grc' dir='ltr'>δὲ</span> <span class='ocrx_word' id='word_1_862' title='bbox 2408 4784 2511 4837; x_wconf 76' lang='grc' dir='ltr'><strong>οὐκ</strong></span> <span class='ocrx_word' id='word_1_863' title='bbox 2538 4780 2854 4843; x_wconf 75' lang='grc' dir='ltr'>ἀκολουθεῖ,</span> <span class='ocrx_word' id='word_1_864' title='bbox 2889 4782 3027 4861; x_wconf 66' lang='grc' dir='ltr'>ὅπερ</span> <span class='ocrx_word' id='word_1_865' title='bbox 3065 4775 3264 4832; x_wconf 75' lang='grc' dir='ltr'>οἴονταί</span> <span class='ocrx_word' id='word_1_866' title='bbox 3288 4791 3430 4837; x_wconf 86' lang='grc' dir='ltr'>τινες</span> <span class='ocrx_word' id='word_1_867' title='bbox 3445 4774 3581 4844; x_wconf 75' lang='grc'>(95),</span> 
     </span>
    </p>
   </div>
   <div class='ocr_carea' id='block_1_111' title="bbox 1996 4862 3583 4943">
    <p class='ocr_par' dir='ltr' id='par_1_111' title="bbox 1996 4862 3583 4943">
     <span class='ocr_line' id='line_1_111' title="bbox 1996 4862 3583 4943; baseline -0.006 -15"><span class='ocrx_word' id='word_1_868' title='bbox 1996 4877 2077 4928; x_wconf 84' lang='grc' dir='ltr'><strong>ὅτι</strong></span> <span class='ocrx_word' id='word_1_869' title='bbox 2122 4875 2216 4929; x_wconf 76' lang='grc' dir='ltr'><strong>καὶ</strong></span> <span class='ocrx_word' id='word_1_870' title='bbox 2268 4876 2376 4928; x_wconf 86' lang='grc' dir='ltr'><strong>τῶν</strong></span> <span class='ocrx_word' id='word_1_871' title='bbox 2435 4875 2608 4943; x_wconf 85' lang='grc' dir='ltr'>ἀγίων</span> <span class='ocrx_word' id='word_1_872' title='bbox 2655 4873 2902 4943; x_wconf 85' lang='grc' dir='ltr'>ἀγγέλων</span> <span class='ocrx_word' id='word_1_873' title='bbox 2930 4862 3051 4924; x_wconf 28' lang='grc' dir='ltr'>Χείσὶ</span> <span class='ocrx_word' id='word_1_874' title='bbox 3097 4871 3376 4941; x_wconf 82' lang='grc' dir='ltr'>κρείττους</span> <span class='ocrx_word' id='word_1_875' title='bbox 3412 4868 3462 4921; x_wconf 86' lang='grc' dir='ltr'>οἱ</span> <span class='ocrx_word' id='word_1_876' title='bbox 3501 4867 3583 4920; x_wconf 61' lang='grc' dir='ltr'><strong>ἄδι</strong></span> 
     </span>
    </p>
   </div>
   <div class='ocr_carea' id='block_1_112' title="bbox 1998 4959 3581 5039">
    <p class='ocr_par' dir='ltr' id='par_1_112' title="bbox 1998 4959 3581 5039">
     <span class='ocr_line' id='line_1_112' title="bbox 1998 4959 3581 5039; baseline -0.006 -18"><span class='ocrx_word' id='word_1_877' title='bbox 1998 4969 2207 5039; x_wconf 85' lang='grc' dir='ltr'>Ορωποι</span> <span class='ocrx_word' id='word_1_878' title='bbox 2249 4968 2298 5020; x_wconf 88' lang='lat' dir='ltr'><strong>ol</strong></span> <span class='ocrx_word' id='word_1_879' title='bbox 2333 4968 2392 5020; x_wconf 81' lang='grc' dir='ltr'><strong>ἐν</strong></span> <span class='ocrx_word' id='word_1_880' title='bbox 2420 4966 2647 5038; x_wconf 83' lang='grc' dir='ltr'>Χριστῷ</span> <span class='ocrx_word' id='word_1_881' title='bbox 2682 4965 3005 5036; x_wconf 75' lang='grc' dir='ltr'>σωζόμενοι·</span> <span class='ocrx_word' id='word_1_882' title='bbox 3046 4961 3159 5026; x_wconf 84' lang='grc' dir='ltr'><strong>πῶς</strong></span> <span class='ocrx_word' id='word_1_883' title='bbox 3196 4961 3302 5033; x_wconf 82' lang='grc' dir='ltr'>γὰρ</span> <span class='ocrx_word' id='word_1_884' title='bbox 3334 4959 3581 5016; x_wconf 77' lang='grc' dir='ltr'>δύνανται</span> 
     </span>
    </p>
   </div>
   <div class='ocr_carea' id='block_1_113' title="bbox 1530 5122 3273 5193">
    <p class='ocr_par' dir='ltr' id='par_1_113' title="bbox 1530 5122 3273 5193">
     <span class='ocr_line' id='line_1_113' title="bbox 1530 5122 3273 5193; baseline -0.003 -13"><span class='ocrx_word' id='word_1_885' title='bbox 1530 5128 1575 5159; x_wconf 82' lang='grc'>⁸⁸</span> <span class='ocrx_word' id='word_1_886' title='bbox 1611 5126 1802 5183; x_wconf 82' lang='lat' dir='ltr'><strong>Matth.</strong></span> <span class='ocrx_word' id='word_1_887' title='bbox 1840 5144 1960 5193; x_wconf 80' lang='lat' dir='ltr'><strong>xm,</strong></span> <span class='ocrx_word' id='word_1_888' title='bbox 1992 5129 2082 5191; x_wconf 71' lang='grc'><strong>49,</strong></span> <span class='ocrx_word' id='word_1_889' title='bbox 2108 5128 2196 5183; x_wconf 80' lang='lat'><strong>50.</strong></span> <span class='ocrx_word' id='word_1_890' title='bbox 2277 5127 2323 5159; x_wconf 69' lang='grc'><strong>⁵⁸</strong></span> <span class='ocrx_word' id='word_1_891' title='bbox 2354 5126 2489 5183; x_wconf 83' lang='lat' dir='ltr'><strong>ibld.</strong></span> <span class='ocrx_word' id='word_1_892' title='bbox 2526 5127 2616 5191; x_wconf 74' lang='grc' dir='ltr'><strong>ιι,</strong></span> <span class='ocrx_word' id='word_1_893' title='bbox 2661 5128 2752 5182; x_wconf 67' lang='grc'><strong>42.</strong></span> <span class='ocrx_word' id='word_1_894' title='bbox 2829 5129 2874 5159; x_wconf 82' lang='grc'><strong>⁸⁷</strong></span> <span class='ocrx_word' id='word_1_895' title='bbox 2908 5124 3039 5180; x_wconf 87' lang='lat' dir='ltr'><strong>ibid.</strong></span> <span class='ocrx_word' id='word_1_896' title='bbox 3073 5122 3273 5187; x_wconf 53' lang='grc' dir='ltr'>πλεο.</span> 
     </span>
    </p>
   </div>
   <div class='ocr_carea' id='block_1_114' title="bbox 2817 5290 3578 5342">
    <p class='ocr_par' dir='ltr' id='par_1_114' title="bbox 2817 5290 3578 5342">
     <span class='ocr_line' id='line_1_114' title="bbox 2817 5290 3578 5342; baseline 0.001 -2"><span class='ocrx_word' id='word_1_897' title='bbox 2817 5304 2899 5341; x_wconf 75' lang='lat' dir='ltr'><strong>ua:</strong></span> <span class='ocrx_word' id='word_1_898' title='bbox 2941 5294 3071 5342; x_wconf 91' lang='lat' dir='ltr'><strong>sunt</strong></span> <span class='ocrx_word' id='word_1_899' title='bbox 3117 5295 3268 5339; x_wconf 74' lang='lat' dir='ltr'><strong>extra</strong></span> <span class='ocrx_word' id='word_1_900' title='bbox 3307 5290 3494 5342; x_wconf 82' lang='lat' dir='ltr'><strong>vitam.</strong></span> <span class='ocrx_word' id='word_1_901' title='bbox 3559 5308 3578 5335; x_wconf 74' lang='grc' dir='ltr'><strong>ι</strong></span> 
     </span>
    </p>
   </div>
   <div class='ocr_carea' id='block_1_115' title="bbox 2224 5354 3579 5424">
    <p class='ocr_par' dir='ltr' id='par_1_115' title="bbox 2224 5354 3579 5424">
     <span class='ocr_line' id='line_1_115' title="bbox 2224 5354 3579 5424; baseline 0.002 -13"><span class='ocrx_word' id='word_1_902' title='bbox 2224 5354 2355 5413; x_wconf 81' lang='lat' dir='ltr'><strong>cnes</strong></span> <span class='ocrx_word' id='word_1_903' title='bbox 2384 5361 2442 5411; x_wconf 80' lang='lat' dir='ltr'><strong>in</strong></span> <span class='ocrx_word' id='word_1_904' title='bbox 2468 5354 2632 5413; x_wconf 53' lang='lat' dir='ltr'><strong>Joan&#39;.</strong></span> <span class='ocrx_word' id='word_1_905' title='bbox 2668 5376 2741 5424; x_wconf 78' lang='lat' dir='ltr'><strong>xl,</strong></span> <span class='ocrx_word' id='word_1_906' title='bbox 2765 5354 2855 5420; x_wconf 70' lang='lat'><strong>43,</strong></span> <span class='ocrx_word' id='word_1_907' title='bbox 2875 5359 2944 5411; x_wconf 68' lang='grc'>44</span> <span class='ocrx_word' id='word_1_908' title='bbox 2971 5375 2985 5412; x_wconf 90' lang='lat'><strong>:</strong></span> <span class='ocrx_word' id='word_1_909' title='bbox 3011 5355 3093 5408; x_wconf 73' lang='grc' dir='ltr'><strong><em>Τὰ</em></strong></span> <span class='ocrx_word' id='word_1_910' title='bbox 3119 5354 3223 5419; x_wconf 80' lang='grc' dir='ltr'><strong>ἔξω</strong></span> <span class='ocrx_word' id='word_1_911' title='bbox 3250 5357 3341 5411; x_wconf 84' lang='grc' dir='ltr'><strong>τοῦ</strong></span> <span class='ocrx_word' id='word_1_912' title='bbox 3368 5358 3474 5413; x_wconf 82' lang='grc' dir='ltr'><strong>τῶν</strong></span> <span class='ocrx_word' id='word_1_913' title='bbox 3497 5357 3579 5413; x_wconf 64' lang='lat'><strong>£8-</strong></span> 
     </span>
    </p>
   </div>
   <div class='ocr_carea' id='block_1_116' title="bbox 1990 5375 2649 5499">
    <p class='ocr_par' dir='ltr' id='par_1_116' title="bbox 1990 5375 2649 5499">
     <span class='ocr_line' id='line_1_116' title="bbox 1990 5375 2632 5413; baseline 0.003 -2"><span class='ocrx_word' id='word_1_914' title='bbox 1990 5375 2064 5413; x_wconf 88' lang='lat' dir='ltr'><strong>tta</strong></span> <span class='ocrx_word' id='word_1_915' title='bbox 2094 5375 2183 5412; x_wconf 91' lang='lat' dir='ltr'><strong>Ut&#39;l</strong></span> <span class='ocrx_word' id='word_1_916' title='bbox 2224 5375 2355 5413; x_wconf 80' lang='lat' dir='ltr'><strong>cnes</strong></span> <span class='ocrx_word' id='word_1_917' title='bbox 2390 5375 2442 5411; x_wconf 74' lang='grc' dir='ltr'><strong>ιιι</strong></span> <span class='ocrx_word' id='word_1_918' title='bbox 2468 5375 2632 5413; x_wconf 78' lang='lat' dir='ltr'><strong>Joan.</strong></span> 
     </span>
     <span class='ocr_line' id='line_1_117' title="bbox 1990 5375 2649 5499; baseline 0.005 -19"><span class='ocrx_word' id='word_1_919' title='bbox 1990 5430 2158 5482; x_wconf 83' lang='grc' dir='ltr'>νικῶν</span> <span class='ocrx_word' id='word_1_920' title='bbox 2190 5375 2332 5499; x_wconf 47' lang='grc' dir='ltr'>βίου.</span> <span class='ocrx_word' id='word_1_921' title='bbox 2386 5429 2649 5499; x_wconf 68' lang='lat' dir='ltr'><strong>Hunnus.</strong></span> 
     </span>
    </p>
   </div>
   <div class='ocr_carea' id='block_1_117' title="bbox 2057 5498 3232 5571">
    <p class='ocr_par' dir='ltr' id='par_1_117' title="bbox 2057 5498 3232 5571">
     <span class='ocr_line' id='line_1_118' title="bbox 2057 5498 3232 5571; baseline 0.002 -19"><span class='ocrx_word' id='word_1_922' title='bbox 2057 5501 2168 5571; x_wconf 65' lang='grc' dir='ltr'>(ιιι)</span> <span class='ocrx_word' id='word_1_923' title='bbox 2198 5498 2382 5571; x_wconf 70' lang='lat' dir='ltr'><strong>Codd.</strong></span> <span class='ocrx_word' id='word_1_924' title='bbox 2419 5498 2629 5571; x_wconf 70' lang='lat' dir='ltr'><strong>llegius</strong></span> <span class='ocrx_word' id='word_1_925' title='bbox 2651 5507 2704 5553; x_wconf 92' lang='lat' dir='ltr'><strong>et</strong></span> <span class='ocrx_word' id='word_1_926' title='bbox 2728 5498 3044 5571; x_wconf 62' lang='lat' dir='ltr'><strong>Vaticanus,</strong></span> <span class='ocrx_word' id='word_1_927' title='bbox 3081 5499 3232 5571; x_wconf 75' lang='grc' dir='ltr'>ἔλθῃ.</span> 
     </span>
    </p>
   </div>
   <div class='ocr_carea' id='block_1_118' title="bbox 2061 5568 2892 5639">
    <p class='ocr_par' dir='ltr' id='par_1_118' title="bbox 2061 5568 2892 5639">
     <span class='ocr_line' id='line_1_119' title="bbox 2061 5568 2892 5639; baseline -0.001 -17"><span class='ocrx_word' id='word_1_928' title='bbox 2061 5569 2174 5639; x_wconf 69' lang='grc'>(92)</span> <span class='ocrx_word' id='word_1_929' title='bbox 2204 5570 2391 5623; x_wconf 68' lang='lat' dir='ltr'><strong>Codex</strong></span> <span class='ocrx_word' id='word_1_930' title='bbox 2419 5568 2622 5639; x_wconf 79' lang='lat' dir='ltr'><strong>Regius</strong></span> <span class='ocrx_word' id='word_1_931' title='bbox 2642 5610 2656 5633; x_wconf 94' lang='lat'><strong>,</strong></span> <span class='ocrx_word' id='word_1_932' title='bbox 2691 5568 2892 5639; x_wconf 85' lang='grc' dir='ltr'>μέσων.</span> 
     </span>
    </p>
   </div>
   <div class='ocr_carea' id='block_1_119' title="bbox 2074 5639 3582 5709">
    <p class='ocr_par' dir='ltr' id='par_1_119' title="bbox 2074 5639 3582 5709">
     <span class='ocr_line' id='line_1_120' title="bbox 2074 5639 3582 5709; baseline 0.003 -19"><span class='ocrx_word' id='word_1_933' title='bbox 2074 5640 2186 5709; x_wconf 78' lang='grc'>(95)</span> <span class='ocrx_word' id='word_1_934' title='bbox 2240 5641 2422 5706; x_wconf 61' lang='grc' dir='ltr'>Ὂπάγ)</span> <span class='ocrx_word' id='word_1_935' title='bbox 2464 5641 2692 5692; x_wconf 71' lang='grc' dir='ltr'>οἴονταί</span> <span class='ocrx_word' id='word_1_936' title='bbox 2747 5656 2926 5706; x_wconf 74' lang='grc' dir='ltr'>τινες,</span> <span class='ocrx_word' id='word_1_937' title='bbox 2983 5652 3086 5694; x_wconf 82' lang='lat' dir='ltr'><strong>etc.</strong></span> <span class='ocrx_word' id='word_1_938' title='bbox 3139 5640 3269 5693; x_wconf 74' lang='lat' dir='ltr'><strong>Vide</strong></span> <span class='ocrx_word' id='word_1_939' title='bbox 3316 5639 3582 5696; x_wconf 81' lang='lat' dir='ltr'><strong>Thomam</strong></span> 
     </span>
    </p>
   </div>
   <div class='ocr_carea' id='block_1_120' title="bbox 2000 5709 3575 5834">
    <p class='ocr_par' dir='ltr' id='par_1_120' title="bbox 2000 5709 3575 5834">
     <span class='ocr_line' id='line_1_121' title="bbox 2000 5709 3575 5834; baseline 0.004 -74"><span class='ocrx_word' id='word_1_940' title='bbox 2000 5709 2205 5834; x_wconf 47' lang='grc' dir='ltr'><strong>ἴιυίιὲ</strong></span> <span class='ocrx_word' id='word_1_941' title='bbox 2242 5725 2294 5779; x_wconf 90' lang='lat' dir='ltr'><strong>p.</strong></span> <span class='ocrx_word' id='word_1_942' title='bbox 2331 5727 2373 5775; x_wconf 74' lang='grc' dir='ltr'><strong>ι,</strong></span> <span class='ocrx_word' id='word_1_943' title='bbox 2413 5726 2465 5779; x_wconf 85' lang='lat' dir='ltr'><strong>q.</strong></span> <span class='ocrx_word' id='word_1_944' title='bbox 2509 5709 2630 5774; x_wconf 79' lang='lat'><strong>108,</strong></span> <span class='ocrx_word' id='word_1_945' title='bbox 2654 5725 2705 5764; x_wconf 87' lang='lat' dir='ltr'><strong>a.</strong></span> <span class='ocrx_word' id='word_1_946' title='bbox 2732 5710 2784 5775; x_wconf 89' lang='lat'><strong>8,</strong></span> <span class='ocrx_word' id='word_1_947' title='bbox 2816 5720 2945 5781; x_wconf 71' lang='grc' dir='ltr'>οισι.</span> <span class='ocrx_word' id='word_1_948' title='bbox 2980 5713 3069 5778; x_wconf 73' lang='grc'>65,</span> <span class='ocrx_word' id='word_1_949' title='bbox 3100 5727 3150 5767; x_wconf 72' lang='grc' dir='ltr'><strong>ει.</strong></span> <span class='ocrx_word' id='word_1_950' title='bbox 3184 5713 3238 5776; x_wconf 85' lang='lat'><strong>9,</strong></span> <span class='ocrx_word' id='word_1_951' title='bbox 3266 5723 3316 5765; x_wconf 86' lang='lat' dir='ltr'><strong>et</strong></span> <span class='ocrx_word' id='word_1_952' title='bbox 3364 5730 3399 5775; x_wconf 86' lang='lat' dir='ltr'><strong>t,</strong></span> <span class='ocrx_word' id='word_1_953' title='bbox 3440 5711 3493 5778; x_wconf 69' lang='lat'><strong>:2,</strong></span> <span class='ocrx_word' id='word_1_954' title='bbox 3525 5728 3575 5780; x_wconf 64' lang='grc' dir='ltr'><strong>ιι.</strong></span> 
     </span>
     <span class='ocr_line' id='line_1_122' title="bbox 2041 5796 2225 5834; baseline 0 0"><span class='ocrx_word' id='word_1_955' title='bbox 2041 5818 2054 5834; x_wconf 85' lang='grc'><strong>.</strong></span> <span class='ocrx_word' id='word_1_956' title='bbox 2089 5796 2139 5831; x_wconf 81' lang='lat' dir='ltr'><strong>a.</strong></span> <span class='ocrx_word' id='word_1_957' title='bbox 2210 5817 2225 5834; x_wconf 92' lang='lat'><strong>.</strong></span> 
     </span>
    </p>
   </div>
   <div class='ocr_carea' id='block_1_121' title="bbox 2039 5796 2225 5846">
    <p class='ocr_par' dir='ltr' id='par_1_121' title="bbox 2039 5796 2225 5846">
     <span class='ocr_line' id='line_1_123' title="bbox 2039 5796 2225 5846; baseline 0.022 -15"><span class='ocrx_word' id='word_1_958' title='bbox 2039 5796 2225 5846; x_wconf 79' lang='lat' dir='ltr'><strong>,a.o.</strong></span> 
     </span>
    </p>
   </div>
  </div>
