4128 6432
523 305 632 362 865

1519 299 1872 356 COMMENT.
1916 297 1982 354 IN
2022 294 2438 352 MATTIUEUM
2474 296 2714 351 TOMUS
2754 296 2819 349 Χ.

3684 305 3785 362 806

519 423 569 475 οί
595 418 702 473 ὑπὸ
720 420 827 473 τῶν
861 425 1104 493 ἀγγέλων
1134 426 1213 487 είς
1241 423 1382 493 ἄγγη
1411 422 1723 492 βαλλόμενοι
1746 424 1856 485 τοῖς
1886 421 2103 490 βάλλου-

2213 418 2480 487 quomodo
2510 417 2655 471 enim
2700 427 2929 487 possunt
2966 418 3017 471 hi
3054 421 3149 489 qui
3191 437 3221 474 a
3267 423 3470 478 sanctis
3498 424 3701 491 angelis
3732 427 3783 478 in

520 524 605 562 σιν
648 511 728 575 είς
776 515 841 563 τᾶ
886 505 1029 587 ἁγγη
1071 514 1542 586 παραϐάλλεσθαι,
1596 513 1700 565 ὑπὸ
1744 513 1842 583 τὴν
1879 513 2101 566 ἐκείνων

515 603 838 672 τεταγμένοι
868 608 1114 672 ἐξουσίαν
1134 625 1147 672 ;
1179 606 1363 659 Ταῦτα
1383 607 1439 658 δέ
1454 623 1634 676 φαμεν
1648 606 1747 658 οὑκ
1762 605 2100 673 ἀγνοοῦντες,

513 692 677 746 τινῶν
733 701 998 769 ἀγγέλων,
1046 700 1153 754 τῶν
1195 701 1269 770 μὴ
1315 698 1570 768 τοιαύτην
1600 697 1911 767 οἰκονομίαν
1954 698 2103 763 ἐγκε-

526 790 908 862 χειρισμένων,
967 789 1081 843 ἀλλ’
1135 788 1256 841 οὐδὲ
1302 788 1505 840 τούτων
1545 787 1781 849 πάντων,
1832 786 2103 856 διαφέρειν

526 883 653 944 τοὺς
690 883 749 932 ἐν
782 878 1003 951 Χριστῷ
1039 878 1454 948 σωθησομένους
1478 874 1797 946 ἀνθρώπους
1821 892 1834 905 ο
1870 876 2105 943 ἀνέγνω-

532 989 628 1041 μεν
657 972 764 1043 γάρ
794 971 889 1024 καὶ
917 972 978 1022 τό
1000 988 1014 1000 ·
1056 989 1074 1021 ι
1112 972 1205 1032 El;
1237 970 1271 1022 ἃ
1292 968 1645 1038 ἐπιθυμοῦσιν
1679 967 1897 1035 ἄγγελοι
1930 983 2105 1038 παρα-

526 1064 728 1134 κύψαν
775 1083 793 1116 ι
833 1063 961 1116 ἔνθα
991 1065 1089 1116 οὐκ
1127 1065 1359 1134 εἴρηται,
1394 1082 1411 1113 ι
1452 1063 1655 1124 πάντες
1686 1061 1926 1129 ἄγγελοι.
1959 1079 1978 1113 ι
2012 1061 2105 1114 Οἴ-

527 1157 698 1229 δαμεν
718 1157 814 1210 καὶ
832 1156 892 1209 τό
912 1173 925 1187 ο
963 1176 980 1207 ι
1028 1156 1314 1226 Ἀγγέλους
1335 1156 1646 1227 κρινοῦμεν,
1682 1172 1700 1204 ι
1714 1154 1855 1207 ’ὅπου
1876 1153 1949 1225 μὴ
1970 1153 2107 1206 λέλε-

529 1266 657 1303 κται
691 1249 799 1319 (94)
823 1288 837 1313 ,
893 1268 912 1300 ι
961 1249 1168 1311 πάντας
1203 1247 1489 1316 ἀγγέλους.
1523 1267 1541 1300 ι
1575 1247 1791 1300 Τούτων
1824 1246 1881 1299 δὲ
1912 1247 2107 1313 ἀναγε-

528 1342 865 1413 γραμμένων
908 1340 1157 1411 περὶτῆς
1193 1342 1450 1411 σαγήνης,
1489 1340 1583 1393 καὶ
1614 1339 1722 1391 τῶν
1757 1338 1862 1392 ὑπὸ
1889 1338 1988 1409 τὴν
2015 1354 2110 1391 σα-

528 1435 726 1505 γήνην,
741 1435 769 1485 ὁ
787 1433 1105 1504 βουλόμενος
1120 1433 1225 1503 πρὸ
1237 1433 1334 1502 τῆς
1352 1431 1655 1494 συντελείας
1675 1431 1767 1483 τοῦ
1782 1430 1995 1493 αἰῶνος,
2014 1431 2109 1482 καὶ

529 1525 639 1597 πρὸ
671 1524 764 1577 τοῦ
795 1523 1109 1588 ἐξελθόντας
1137 1524 1263 1586 τοὺς
1288 1523 1552 1591 ἀγγέλους
1574 1521 1829 1591 ἀφορίσαι
1854 1522 1980 1584 τοὺς
2013 1539 2110 1575 πο-

529 1632 594 1687 νη
605 1618 728 1688 ροὺς
741 1618 804 1669 ὲκ
819 1616 982 1685 μέσου
999 1614 1109 1686 (95)
1125 1614 1232 1667 τῶν
1247 1614 1488 1677 δικαίων,
1499 1615 1571 1686 μὴ
1586 1611 1723 1667 εἶναι
1736 1614 1826 1665 καὶ
1839 1616 2110 1685 πονηροὺς

533 1708 635 1761 ὑπὸ
659 1707 758 1778 τὴν
791 1709 1030 1779 σαγήνην
1064 1709 1128 1759 ἐκ
1151 1707 1350 1770 παντὸς
1370 1707 1558 1775 γένους
1589 1746 1602 1770 ,
1650 1705 1792 1759 ἔοικε
1846 1708 1980 1777 μήτε
2015 1706 2110 1778 τὴν

2210 526 2341 564 vasa
2372 509 2679 575 mittuntur,
2715 523 2838 562 eum
2871 510 2936 563 iis
2963 513 3268 581 comparari
3298 528 3327 567 ο
3350 515 3550 583 quibus
3577 516 3630 568 in
3661 530 3787 570 vasa

2211 598 2521 663 mittuntur,
2574 612 2762 653 eorum
2815 600 3045 668 subjecti
3103 605 3391 671 potestati?
3441 603 3565 660 Haec
3605 616 3785 661 autem

2211 692 2466 755 dicimus,
2513 704 2620 744 non
2648 690 2823 761 ignari
2858 692 3188 759 quibusdam
3221 695 3451 764 angelis,
3486 697 3553 751 iis
3582 698 3790 753 scilicet

2211 785 2412 853 quibus
2447 784 2562 837 hcec
2592 784 3000 838 administratio
3046 785 3243 839 tradita
3285 803 3391 840 non
3422 796 3526 855 est,
3558 791 3650 843 sed
3679 804 3787 844 neu

2212 877 2489 942 omnibus,
2514 885 2775 946 pra'stare
2804 878 3054 931 homines
3076 878 3168 945 qui
3198 878 3251 931 in
3272 878 3490 934 Christo
3518 882 3652 935 salvi
3672 882 3790 937 ﬂeri

2212 968 2441 1022 debent:
2462 984 2587 1022 nam
2615 976 2670 1024 et
2698 969 2751 1022 id
2782 968 3012 1038 legimus
3033 970 3079 1001 ⁵⁸
3114 985 3127 1022 :
3159 986 3178 1019 ι
3215 969 3271 1022 In
3314 986 3437 1039 quae
3480 971 3793 1029 desiderant

2213 1060 2389 1130 angeli
2433 1061 2781 1130 prospicere;
2840 1079 2860 1111 ν
2908 1058 2979 1114 ibi
3021 1076 3130 1114 non
3155 1062 3359 1116 dictum
3394 1072 3498 1130 est,
3539 1082 3558 1113 ι
3602 1078 3793 1121 omnes

2215 1152 2414 1221 angeli.
2459 1172 2477 1204 ι
2515 1151 2732 1207 Scimus
2760 1153 2811 1206 id
2844 1166 3064 1221 quoque
3091 1153 3135 1185 ⁸⁸
3164 1170 3177 1205 :
3207 1171 3224 1202 ι
3259 1154 3492 1224 Angelos
3522 1154 3793 1224 judicabi-

2215 1256 2360 1305 mus,
2398 1259 2416 1293 ι
2451 1242 2542 1297 ubi
2573 1244 2777 1298 dictum
2811 1259 2917 1297 non
2948 1251 3050 1309 est,
3086 1260 3104 1294 ι
3142 1256 3332 1299 omnes
3353 1245 3597 1315 angelos.
3640 1263 3659 1297 ι
3696 1243 3793 1300 llis

2217 1342 2394 1386 autem
2420 1334 2486 1387 de
2507 1348 2705 1403 sagena
2740 1332 2960 1403 scriptis
2979 1374 2993 1399 ,
3029 1344 3083 1389 et
3103 1336 3169 1389 de
3193 1335 3260 1390 iis
3284 1350 3407 1406 quae
3431 1336 3533 1390 sub
3566 1350 3628 1390 ea
3655 1348 3793 1391 ceu-

2217 1435 2534 1495 gregantur,
2578 1428 2623 1482 is
2669 1428 2762 1496 qui
2794 1429 3077 1483 contendit
3111 1439 3235 1483 ante
3260 1429 3789 1485 consummationem

2218 1516 2423 1580 saeculi,
2477 1528 2529 1571 et
2576 1526 2868 1587 antequam
2922 1518 3269 1575 advenientes
3321 1521 3495 1591 angeli
3542 1530 3795 1590 separent

2218 1609 2393 1663 malos
2435 1608 2501 1662 de
2538 1610 2718 1663 medio
2755 1610 3056 1679 justorum,
3100 1613 3275 1667 malos
3313 1627 3379 1667 ex
3411 1614 3560 1668 omni
3596 1628 3795 1683 genere

2217 1698 2378 1771 457
2413 1700 2514 1753 sub
2539 1714 2734 1771 sagena
2759 1717 2868 1756 non
2897 1703 3278 1772 comprehendi
3308 1742 3323 1768 ,
3365 1704 3579 1759 videtur
3618 1719 3794 1776 neque

531 1796 753 1866 Γραφὴν
784 1796 1115 1865 νενοηκέναι,
1146 1795 1243 1848 καὶ
1271 1794 1528 1847 ἀδύνατον
1561 1795 1866 1865 ἐπιθυμεῖν.
1905 1798 1996 1849 Διὸ
2036 1798 2108 1869 μὴ

2216 1791 2508 1860 Scriptum
2552 1806 2769 1845 sensum
2820 1801 3123 1857 assecutus,
3168 1803 3226 1847 et
3264 1794 3615 1863 impossibile
3660 1799 3793 1862 quid

535 1884 888 1956 ξενιζώμεθα,
929 1887 1023 1939 ἐάν
1052 1887 1158 1957 πρὸ
1185 1886 1279 1939 τοῦ
1305 1887 1663 1958 ἀφορισθῆναι
1685 1890 1813 1951 τοὺς
1844 1891 2109 1960 πονηροὺς

533 1981 596 2030 ὲκ
629 1978 792 2047 μέσου
827 1977 936 2031 τῶν
961 1978 1185 2031 δικαίων
1212 1980 1316 2031 ὑπὸ
1342 1977 1450 2031 τῶν
1480 1979 1570 2031 ἐπὶ
1604 1978 1763 2033 τοῦτο
1792 1980 2113 2044 ἐξαποστελ-

532 2067 772 2138 λομένων
796 2067 906 2139 (96)
942 2069 1209 2138 ἀγγέλων,
1240 2070 1457 2142 ὁρῶμεν
1489 2070 1645 2141 ήμῶν
1676 2071 1743 2125 τὰ
1772 2070 2113 2144 ἀθροίσματα

534 2157 937 2228 πεπληρωμένα
983 2160 1076 2212 καὶ
1123 2159 1393 2231 πονηρῶν.
1458 2160 1589 2213 Ἀλλ’
1626 2160 1738 2215 εἴθε
1783 2162 1857 2234 μὴ
1894 2163 2112 2230 πλείους

532 2240 675 2302 οὗτοι
705 2250 1019 2319 τυγχάνοιεν
1053 2249 1203 2313 ὄντες
1229 2251 1335 2304 τῶν
1365 2251 1608 2315 δικαίων,
1638 2254 1688 2306 οἱ
1721 2253 2112 2327 βληθησόμενοι

532 2341 612 2402 είς
650 2341 749 2411 τὴν
792 2341 1018 2410 κάμινον
1068 2340 1161 2394 τοῦ
1193 2345 1402 2414 πυρόςί
1459 2345 1610 2398 Ἐπεὶ⁵
1652 2345 1709 2398 δὲ
1749 2346 2008 2417 ἐλέγομεν
2056 2352 2112 2403 ἐν

531 2430 713 2501 ἀρχῇ,
764 2432 845 2485 ὅτι
887 2435 944 2485 αἱ
992 2434 1301 2505 ’τι-αροιὸολαὶ⁵
1334 2437 1429 2490 καὶ
1463 2440 1517 2490 αἱ
1569 2437 1858 2507 ὁμοιώσεις
1882 2442 1981 2493 οὐκ
2033 2443 2114 2505 εἰς

532 2522 710 2576 πάντα
751 2521 832 2588 οἷς
872 2525 1304 2595 παραδάλλονται
1353 2529 1385 2599 ἢ
1428 2528 1739 2599 όμοιοῦνται
1764 2570 1778 2595 ,
1818 2532 2111 2603 παραλαμ-

532 2615 822 2681 ϐάνονται,
867 2618 981 2670 ἀλλ’
1016 2618 1097 2683 εἷς
1141 2637 1284 2683 τινα,
1326 2620 1404 2674 ἐτι
1452 2622 1614 2675 τοῦτο
1642 2625 2112 2678 κατασκευαστέον

529 2708 625 2761 καὶ
658 2710 721 2762 ἐκ
748 2709 856 2764 τῶν
887 2710 1318 2782 λεχθησομὲνων,
1356 2714 1435 2766 ὅτι
1467 2715 1559 2766 ἐπὶ
1611 2714 1711 2785 μὲν
1748 2715 1857 2768 τῶν
1893 2715 2109 2786 ἰχθύων,

529 2798 608 2863 ὡς
634 2801 771 2872 πρὸς
797 2801 894 2874 τὴν
923 2802 1068 2873 ζωὴν
1097 2805 1297 2869 αὐτῶν,
1340 2806 1542 2873 φαῦλόν
1568 2804 1621 2859 τι
1662 2808 1844 2872 αὐτοῖς
1877 2810 2109 2880 συμϐαί-

529 2904 632 2953 νει,
663 2890 726 2943 τὸ
766 2892 871 2945 ὑπὸ
895 2894 997 2963 τὴν
1030 2896 1274 2967 σαγήνην
1310 2897 1596 2968 εὑρεθῆναι
1616 2916 1630 2929 ·
1684 2900 1784 2970 τῆς
1817 2901 1925 2972 γὰρ
1970 2901 2113 2955 κατά

531 2981 693 3051 φύσιν
729 2984 911 3048 αὐτοῖς
949 2985 1093 3057 ζωῆς
1137 2989 1533 3059 στερίσκονται,
1582 2993 1674 3045 καὶ
1705 2992 1827 3045 οὔτε
1862 2996 1941 3057 είς
1966 2994 2111 3064 ἄγγη

534 3071 873 3143 βαλλόμενοι,
901 3074 1028 3129 οὒτε
1058 3077 1162 3143 ἔξω
1191 3080 1507 3150 ῥιπτόμενοι
1540 3081 1722 3136 πλεῖόν
1743 3101 1795 3137 τι
1841 3086 2112 3156 πάσχουσι

530 3163 628 3219 ωὖ
651 3166 911 3221 ἀπολέσαι
939 3169 1040 3240 τὴν
1063 3170 1138 3233 ώς
1165 3173 1223 3224 ἐν
1250 3171 1428 3243 ίχθύσι
1455 3173 1600 3245 ζωήν
1618 3191 1633 3205 ο
1673 3177 1765 3229 ἐπὶ
1790 3176 1847 3229 δέ
1874 3178 1982 3233 τῶν
2000 3219 2015 3243 ,
2042 3179 2109 3233 δι’

528 3251 567 3308 ἃ
595 3253 930 3325 λαμϐάνεται
957 3261 990 3327 ἡ
1025 3260 1328 3332 παραϐολὴ,
1361 3262 1561 3332 φαῦλον
1596 3264 1695 3336 μὲν
1721 3265 1835 3320 ἔστι
1863 3267 1924 3320 τὸ
1971 3266 2110 3324 εἶναι

528 3344 590 3397 ἐν
616 3344 880 3420 θαλάσσῃ,
906 3350 1000 3402 καὶ
1024 3351 1098 3421 μὴ
1125 3352 1230 3405 ὑπὸ
1249 3354 1349 3423 τὴν
1383 3357 1627 3428 σαγήνην
1665 3358 1860 3421 ἐλθεῖν,
1902 3362 1994 3414 ἐπὶ
2033 3361 2111 3433 τῷ

528 3437 611 3500 τίς
639 3435 785 3508 ἄγγη
811 3438 948 3509 μετά
972 3441 1081 3495 τῶν
1108 3442 1289 3497 καλῶν
1333 3445 1615 3517 βληθῆναι.
1665 3450 1820 3503 Οὕτω
1861 3453 1917 3505 δέ
1960 3453 2111 3524 ἰχθῦς

532 3526 634 3596 μὲν
666 3528 859 3598 φαῦλοι
886 3528 990 3596 ἔξω
1020 3533 1297 3603 βάλλονται
1322 3539 1419 3591 καὶ
1450 3541 1765 3610 ριπτοῦνται
1784 3560 1797 3573 ·
1830 3545 1947 3599 οἱδέ
1972 3546 2113 3601 κατὰ

529 3616 628 3690 τὴν
653 3621 1023 3694 προκειμένην
1051 3625 1312 3696 ὁμοίωσιν
1342 3630 1534 3697 φαῦλοι
1579 3633 1863 3703 βάλλονται
1902 3639 1982 3700 είς
2013 3638 2111 3709 τὴν

531 3711 759 3781 κάμινον
792 3714 885 3767 τοῦ
918 3717 1111 3786 πυρὸς,
1143 3719 1228 3772 ἵνα
1255 3720 1327 3773 τὰ
1352 3723 1413 3775 ἐν
1436 3722 1513 3793 τῷ
1567 3723 1825 3797 Ἰεξεκιὴλ
1856 3729 1982 3799 περὶ
2013 3729 2112 3798 τῆς

531 3802 763 3872 καμίνου
791 3807 1054 3877 είρημὲνα
1085 3812 1179 3864 καὶ
1192 3812 1285 3864 ἐπὶ
1310 3812 1530 3877 τούτους
1556 3814 1733 3887 φθάσῃ
1756 3835 1768 3847 ·
1800 3837 1816 3868 ι
1848 3820 1956 3871 Καὶ
1994 3820 2113 3886 ἐγέ-

530 3906 652 3945 νετο
682 3893 839 3963 λόγος
872 3898 1075 3968 Κυρίου
1100 3900 1238 3970 πρός
1284 3919 1352 3972 με
1402 3903 1577 3972 λέγων
1597 3921 1611 3934 ·
1655 3906 1749 3958 Υἱὲ
1784 3906 2073 3980 ἀνθρώπου
2093 3948 2109 3974 ,

534 3981 645 4037 “ob
690 3986 947 4055 γεγόνασί
994 4005 1084 4060 μοι
1130 3994 1160 4044 ὁ
1203 3986 1351 4057 οἶκος
1418 3995 1633 4066 Ἰσραὴλ
1677 3997 2112 4070 ἀναμεμιγμένοι

532 4074 733 4139 πάντες
764 4077 951 4149 χαλκῷ
984 4083 1077 4135 καὶ
1110 4083 1315 4156 σιδήρῳ
1336 4124 1352 4147 ,
1389 4103 1407 4137 ι
1443 4087 1536 4139 καὶ
1573 4088 1641 4142 τὰ
1678 4087 1805 4158 ἑξῆς
1845 4089 1950 4153 ἕως
1984 4091 2108 4144 τοῦ·

536 4183 558 4218 ι
598 4169 708 4222 Καὶ
727 4171 1116 4239 ἐπιγνώσεσθε,
1144 4174 1277 4228 διότι
1314 4177 1423 4247 (97)
1445 4174 1555 4246 ἐγὼ
1582 4178 1784 4250 Κύριος
1812 4180 2001 4252 ἐξέχεα
2021 4182 2114 4236 τὸν

530 4258 704 4331 θυμόν
734 4279 835 4333 μου
862 4265 946 4331 ἐφ’
981 4265 1144 4335 ὑμᾶς.
1182 4285 1201 4317 ι

606 4370 625 4404 ι
658 4354 934 4425 Συνήκατε
958 4356 1132 4410 ταῦτα
1169 4358 1379 4426 πάντα;
1419 4358 1681 4429 Λέγουσι,
1714 4360 1841 4417 Ναί.
1883 4380 1901 4413 ι
1943 4363 2001 4417 '0
2026 4380 2111 4433 γι-

2212 1883 2367 1936 velle.
2395 1882 2665 1948 Quocirca
2706 1898 2773 1939 ne
2816 1884 3017 1938 mirum
3055 1884 3211 1939 nobis
3266 1886 3502 1952 accidat,
3555 1890 3603 1942 si
3639 1900 3794 1947 aute-

2212 1987 2376 2041 quam
2401 1974 2526 2028 mali
2568 1974 2634 2028 de
2662 1975 2843 2029 medio
2867 1974 3142 2044 justorum
3167 1986 3491 2046 separentur
3526 1979 3595 2032 ab
3622 1994 3791 2051 ange-

2212 2064 2282 2120 lis
2316 2067 2382 2120 ad
2414 2066 2465 2120 id
2495 2066 2703 2131 missis,
2741 2067 3024 2123 videamus
3054 2077 3272 2124 nostros
3310 2077 3484 2125 cmtus
3520 2071 3680 2127 malis
3705 2086 3794 2126 re-

2210 2157 2405 2227 pletos.
2440 2157 2618 2226 Atque
2662 2158 2869 2212 utinam
2899 2160 2993 2229 qui
3039 2161 3094 2213 in
3127 2161 3402 2215 caminum
3434 2161 3575 2232 ignis
3617 2163 3791 2233 proji-

2212 2242 2392 2297 ciendi
2415 2253 2544 2298 sunt
2580 2245 2764 2314 plures
2803 2259 2913 2302 non
2959 2248 3064 2302 sint
3113 2264 3279 2320 quam
3317 2249 3472 2320 justi.
3515 2250 3789 2318 Quoniam

2213 2342 2393 2388 autem
2440 2334 2598 2390 initio
2651 2336 2891 2410 diximus
2944 2340 3233 2408 parabolas
3292 2350 3347 2396 et
3403 2342 3790 2399 similitudines

2212 2441 2320 2481 non
2346 2428 2411 2481 ad
2443 2430 2629 2483 omnia
2657 2431 2864 2484 assumi
2893 2446 3011 2499 qua
3064 2432 3132 2487 iis
3164 2433 3384 2499 insunt,
3421 2435 3622 2504 quibus
3659 2450 3791 2491 eon-

2212 2517 2462 2574 feruntur
2487 2521 2572 2576 vel
2613 2522 3008 2588 assimilantur,
3054 2523 3147 2577 sed
3196 2525 3262 2578 ad
3310 2526 3603 2594 nonnulla;
3659 2526 3790 2581 illud

2213 2611 2435 2682 insuper
2465 2628 2530 2669 ex
2567 2613 2634 2669 iis
2667 2629 2787 2684 quae
2812 2614 3044 2670 dicenda
3071 2624 3194 2669 sunt
3230 2615 3606 2672 demonstrare
3629 2631 3791 2686 opor-

2213 2715 2327 2770 tet,
2369 2704 2613 2773 piscibus
2666 2721 2880 2775 nempe,
2924 2716 3188 2775 quantum
3237 2705 3307 2760 ad
3357 2706 3575 2761 illorum
3621 2708 3787 2763 vitam

2212 2798 2463 2866 pertinet,
2500 2797 2628 2850 mali
2663 2797 2869 2866 aliquid
2898 2797 3245 2867 contingere,
3289 2813 3417 2852 eum
3455 2798 3559 2853 sub
3589 2813 3789 2868 sageua

2212 2887 2728 2957 deprehenduntur:
2758 2889 3043 2958 privantur
3065 2890 3210 2946 enim
3246 2890 3354 2944 vita
3380 2905 3489 2960 qua
3511 2890 3667 2960 juxta
3694 2905 3792 2944 na-

2213 2990 2391 3036 turam
2424 2996 2577 3036 suam
2613 2979 2913 3047 fruuntur;
2960 2989 3015 3035 et
3046 2981 3160 3035 sive
3193 2981 3247 3035 in
3304 2997 3436 3041 vasa
3469 2982 3752 3038 mittantur
3773 3023 3790 3050 ,

2216 3070 2332 3125 sive
2366 3068 2515 3123 foras
2538 3068 2919 3138 proiiciantur,
2952 3070 3185 3139 amplius
3218 3070 3515 3141 quidquam
3556 3087 3665 3128 non
3695 3088 3794 3144 pa-

2217 3161 2447 3227 tiuntur,
2482 3176 2645 3230 quam
2676 3160 2818 3227 vitae,
2850 3162 3028 3231 qualis
3053 3162 3298 3232 piscibus
3332 3163 3495 3229 inest,
3539 3164 3793 3220 amissio-

2212 3267 2335 3308 nem
2363 3270 2379 3319 ;
2413 3252 2468 3306 in
2507 3252 2592 3307 his
2624 3261 2806 3307 autem
2855 3261 3079 3322 propter
3110 3268 3235 3324 quae
3269 3253 3528 3324 parabola
3556 3256 3796 3311 assumi-

2212 3351 2321 3411 tur,
2351 3343 2553 3399 malum
2575 3352 2660 3399 est
2693 3345 2749 3398 in
2783 3344 2919 3399 mari
2961 3359 3110 3409 esse,
3145 3354 3200 3400 et
3239 3361 3349 3401 non
3385 3348 3489 3403 sub
3533 3364 3793 3420 sagenam

2210 3436 2418 3504 venire,
2444 3445 2504 3491 ut
2537 3437 2591 3491 in
2614 3452 2743 3492 vasa
2771 3438 3058 3492 mittantur
3097 3453 3223 3492 cum
3267 3439 3445 3497 bonis.
3481 3438 3574 3497 Sic
3610 3451 3791 3498 autem

2212 3528 2390 3597 pisces
2421 3528 2549 3582 mali
2587 3527 2735 3583 foras
2766 3529 3054 3583 mittuntur
3082 3538 3137 3584 et
3168 3532 3567 3600 projiciuntur;
3611 3534 3648 3587 ii
3690 3550 3794 3589 au-

2212 3628 2320 3673 tem
2346 3620 2438 3688 qui
2476 3619 2632 3688 juxta
2658 3626 2982 3689 praesentem
3019 3620 3436 3678 similitudinem
3476 3624 3607 3677 mali
3642 3636 3791 3691 sunt,

2213 3702 2582 3766 mittuntur'in
2611 3711 2885 3767 caminum
2916 3712 3077 3781 ignis,
3103 3720 3160 3765 ut
3182 3728 3304 3783 qua:
3336 3715 3393 3769 in
3422 3714 3704 3772 Ezechiele
3726 3718 3794 3774 de

2211 3807 2428 3859 camino
2473 3805 2616 3860 dicta
2652 3814 2800 3871 sunt,
2832 3805 2940 3860 illis
2989 3822 3209 3878 quoque
3257 3811 3624 3882 contingant:
3668 3832 3687 3865 ι
3729 3814 3795 3871 Et

2213 3895 2416 3953 factum
2449 3906 2532 3953 est
2574 3898 2799 3952 verbum
2843 3898 3056 3954 Domini
3102 3901 3338 3957 dicens:
3383 3902 3485 3957 Fili
3530 3905 3792 3969 hominis,

2212 3984 2356 4040 facta
2387 3993 2472 4040 est
2511 3985 2646 4043 mihi
2690 3986 2887 4042 domus
2932 3987 3099 4045 Israel
3123 3989 3340 4047 admisti
3380 4007 3574 4050 omnes
3603 4009 3710 4050 aere
3739 4003 3794 4052 et

2213 4074 2360 4130 ferro
2391 4077 2459 4142 °°,
2498 4096 2517 4128 ι
2556 4086 2609 4131 et
2642 4093 2763 4148 quae
2792 4089 3095 4149 sequuntur
3130 4096 3305 4151 usque
3345 4083 3412 4137 ad
3446 4085 3499 4139 id
3522 4086 3565 4117 ⁶¹
3602 4101 3617 4137 :
3668 4105 3687 4140 ι
3727 4085 3795 4144 Et

2214 4171 2398 4225 scietis
2430 4170 2558 4240 quia
2583 4186 2685 4241 ego
2727 4170 3014 4240 Dominus,
3060 4189 3185 4230 eum
3221 4174 3505 4232 eﬂ‘uderim
3543 4177 3794 4251 indigna-

2215 4262 2416 4316 tionem
2452 4277 2628 4317 meam
2653 4278 2818 4332 super
2855 4279 2972 4318 vos.
3003 4282 3023 4316 ι

2285 4353 2370 4409 14.
2407 4372 2426 4406 ι
2456 4352 2802 4411 lntellexistis
2832 4356 2947 4411 haec
2967 4357 3186 4412 omnia?
3214 4358 3434 4428 Dicunt,
3463 4359 3641 4416 Etiam
3668 4362 3733 4419 ⁶².
3762 4383 3784 4416 ι

530 4444 753 4499 νώσκων
786 4447 853 4501 τὰ
879 4449 939 4503 ἐν
964 4452 1084 4513 ταῖς
1108 4450 1353 4521 καρδίαις
1388 4451 1499 4504 τῶν
1533 4450 1835 4522 ἀνθρώπιον
1877 4453 2108 4524 Χριστὸς

2213 4443 2564 4516 Cognoscens
2592 4462 2713 4516 qua:
2747 4447 2799 4501 in
2831 4448 3090 4503 cordibus
3132 4450 3421 4507 hominum
3460 4461 3590 4508 sunt
3631 4453 3789 4509 Chri-

543 4536 769 4607 Ἰησοῦς,
802 4536 879 4601 ὡς
900 4540 993 4593 καὶ
1023 4540 1150 4612 περὶ
1176 4541 1366 4595 τούτου
1391 4541 1628 4608 ἐδίδαξεν
1656 4545 1715 4595 ἐν
1748 4544 1827 4614 τῷ
1862 4544 2108 4613 Εὐάγγε-

531 4625 677 4696 nos
713 4629 984 4699 Ἰωάννης,
1024 4632 1127 4684 οὐκ
1155 4632 1362 4700 ἀγνοῶν
1385 4633 1583 4704 ἐρωτᾷ,
1635 4633 1748 4687 ἀλλ’
1783 4634 1931 4699 ἅπαξ
1975 4636 2107 4688 ἀνα-

530 4716 712 4772 λαϐὼν
736 4719 1040 4793 ἄνθρωπον,
1076 4724 1276 4796 χρῆται
1304 4725 1401 4778 καὶ
1442 4728 1554 4790 τοῖς
1596 4726 1759 4780 αὑτοῦ
1792 4727 1977 4792 πᾶσιν,
2032 4722 2107 4781 ὧν

529 4812 591 4867 ἓν
612 4815 708 4868 καὶ
731 4818 794 4869 τὸ
814 4818 1024 4889 ἐρωτᾷν
1038 4834 1051 4850 ο
1083 4819 1179 4872 καὶ
1204 4818 1265 4872 οὐ
1287 4817 1599 4890 θαυμαστὸν
1619 4820 1666 4872 si
1683 4820 1713 4873 ὁ
1741 4819 1932 4891 Σωτὴρ
1952 4818 2108 4873 τοῦτο

533 4913 693 4975 ποιεῖ,
722 4911 854 4964 ὅπου
883 4928 945 4979 γε
966 4911 1061 4966 καὶ
1084 4914 1112 4965 ό
1138 4912 1246 4967 τῶν
1273 4912 1408 4967 ὅλων
1442 4910 1549 4983 (98)
1590 4912 1722 4976 Θεὸς
1758 4912 2108 4985 τροποφορῶν

531 5005 656 5065 τοὺς
707 5003 1045 5075 ἀνθρώπους,
1082 5005 1156 5068 ώς
1180 5006 1233 5059 εἴ
1264 5021 1347 5067 τις
1370 5005 1772 5076 τροποφορήσαι
1822 5004 2109 5075 ἄνθρωπος

531 5094 620 5147 τὸν
650 5094 762 5146 υἱὸν
795 5094 980 5158 αὑτοῦ,
1010 5095 1355 5158 πυνθάνεται,
1391 5096 1465 5160 ώς
1490 5097 1548 5148 ἐν
1575 5093 1677 5164 τῷ·
1715 5113 1732 5145 ι
1787 5094 1975 5165 Ἀδὰμ,
2001 5094 2104 5147 ποῦ

532 5180 610 5250 εἷς
650 5205 669 5237 ι
696 5186 815 5239 καί·
859 5207 877 5238 ι
908 5185 1018 5240 Ποῦ
1052 5187 1199 5239 ἐστιν
1239 5184 1403 5238 Ἅϐελ
1436 5185 1463 5237 ὁ
1498 5183 1724 5253 ἀδελφός
1749 5200 1880 5249 σου;
1920 5204 1936 5233 ι
1978 5182 2106 5235 Βια-

604 5320 695 5374 ⁸³Ι
725 5320 873 5377 Petr.
903 5339 941 5387 ι,
965 5321 1047 5375 19..
1124 5322 1167 5355 ⁵³
1194 5319 1215 5373 l
1241 5319 1366 5377 Cor.
1400 5337 1478 5385 vi,
1506 5321 1559 5375 3.
1641 5319 1685 5350 °‘
1718 5318 1911 5374 Ezech.
1950 5333 2086 5382 xxn,

2239 5315 2325 5371 18.
2398 5319 2439 5350 ⁸⁸
2473 5318 2628 5381 ibist,
2660 5316 2752 5372 22.

531 5391 621 5445 25.
700 5390 745 5438 θξ
777 5393 911 5447 Gen.
954 5408 1036 5457 ιιι,
1062 5391 1115 5448 9.
1196 5390 1241 5422 “‘
1271 5391 1404 5446 Gen.
1435 5408 1506 5456 Iv,
1534 5388 1589 5445 9.

606 5514 717 5587 (94)
744 5512 927 5587 (index
958 5513 1177 5587 Regius,
1218 5511 1343 5566 ἔνθα
1378 5512 1455 5583 μὴ
1482 5510 1749 5564 λέλεκται.

606 5583 717 5651 (⁷95)
749 5584 915 5653 idem,
944 5583 1123 5653 μέσον.

758 5646 910 5707 Ἐπί
931 5646 1104 5707 ἰοῦτο
1150 5649 1775 5725 ἑξακοστελλομένων.
1818 5646 1892 5725 lt_:_i
1935 5648 2097 5725 habe-

533 5717 624 5782 bat
676 5717 869 5784 unuse
922 5724 1199 5779 codicibus
1238 5736 1375 5791 quos
1430 5717 1781 5776 consuluerat
1838 5717 2093 5783 Tarinus,

2212 4546 2330 4593 stus
2358 4535 2539 4605 Jesus,
2567 4539 3025 4607 quemadmodum
3056 4541 3123 4596 de
3150 4542 3242 4597 illo
3276 4543 3330 4596 in
3367 4541 3661 4615 Evangelia
3691 4546 3793 4602 do-

2212 4630 2321 4684 cuit
2343 4627 2584 4684 Joannes
2603 4630 2668 4696 ⁸³,
2687 4645 2796 4684 non
2815 4631 3038 4701 ignarus
3054 4632 3375 4705 interrogat,
3393 4636 3485 4691 sed
3502 4646 3791 4709 postquam

2212 4719 2383 4774 semel
2404 4719 2680 4775 hominem
2704 4722 3023 4792 assumpsit,
3043 4724 3300 4780 omnibus
3320 4741 3442 4795 qua:
3469 4725 3618 4782 illius
3640 4738 3790 4794 sunt,

2214 4812 2420 4877 utitur;
2455 4827 2693 4880 quorum
2722 4822 2773 4867 et
2797 4829 2966 4868 unum
3001 4814 3107 4870 hoc
3132 4825 3237 4883 est,
3266 4815 3607 4888 interrogare
3635 4836 3650 4871 :
3692 4833 3791 4873 ne-

2217 4917 2325 4972 que
2358 4903 2663 4958 mirandum
2701 4914 2782 4959 est
2816 4905 2860 4960 si
2893 4913 2948 4960 et
2984 4906 3035 4959 id
3068 4904 3326 4962 Servator
3353 4904 3519 4975 facit,
3545 4909 3795 4979 quando—

2216 4993 2435 5060 quidem
2464 5009 2646 5048 rerum
2682 4995 2926 5049 omnium
2955 4994 3115 5060 Deus,
3151 4986 3435 5053 heminam
3483 5013 3665 5055 mores
3712 4998 3793 5055 fe-

2215 5099 2364 5148 rens,
2416 5086 2573 5156 quasi
2608 5087 2730 5155 quis
2773 5088 2937 5142 homo
2976 5089 3069 5141 lilii
3105 5090 3191 5143 sui
3221 5102 3400 5143 mores
3432 5089 3590 5158 ferat,
3621 5092 3791 5145 inter-

2212 5182 2388 5246 rogat,
2414 5176 2559 5231 velut
2586 5177 2639 5230 in
2671 5177 2756 5233 his
2781 5179 3051 5233 verbis“:
3081 5198 3101 5231 ι
3123 5180 3315 5247 Adam,
3338 5177 3429 5236 ubi
3453 5183 3551 5237 es?
3578 5199 3597 5235 ι
3626 5190 3681 5237 et
3699 5182 3745 5215 “
3771 5200 3784 5236 :

2850 5321 2892 5349 δ’
2920 5315 3110 5371 Matth.
3154 5332 3274 5386 xm,
3299 5318 3387 5371 5|.
3466 5319 3515 5352 ⁸⁸
3539 5315 3695 5374 Joan.
3721 5336 3786 5386 ll,

2212 5508 2406 5565 melius
2435 5522 2597 5578 qnam
2634 5506 2802 5563 editio
2853 5505 3055 5572 liuetii,
3090 5505 3180 5559 ἐπὶ
3210 5505 3381 5575 τούτῳ
3408 5504 3782 5576 ὲξαποσταλῃ-

2206 5579 2447 5649 σομένωγ

2276 5619 2597 5724 {argolica
2630 5646 2853 5724 R_e_gius,
2878 5648 2979 5724 ὅτι.
3028 5714 3064 5724 _
3223 5717 3234 5724 _
3335 5712 3364 5724 ﬂ

2278 5714 2388 5786 (98)
2418 5720 2624 5772 "alter.
2661 5714 2805 5773 idem
2835 5720 3000 5772 codex
3028 5714 3182 5775 ηυξ..
3211 5714 3477 5786 ἀγγέλων.
