4128 6424
364 288 469 344 ϐῐὲῖ

1857 281 2180 338 ORIGENIS

3522 287 3630 342 808

367 432 387 464 ι
416 409 513 468 Ubi
533 410 757 466 cstAbel
778 409 944 465 frater
964 409 1125 464 tuus?
1147 430 1165 460 ι
1198 406 1255 461 Vi
1277 417 1455 463 autem
1479 408 1563 461 his
1592 406 1770 462 verbis
1802 405 1937 460 illata

2052 406 2285 476 σάμενος
2311 404 2365 456 δέ
2396 420 2478 468 τις
2509 402 2741 458 ἐνταῦθα
2765 404 2927 475 φήσει
2965 403 3065 458 οὐκ
3091 403 3520 477 ὲρωτηματικῶς
3553 410 3631 461 ει-

361 502 505 556 dicet
536 501 753 571 aliquis,
787 516 892 554 non
937 498 1337 568 interrogative,
1370 499 1463 552 sed
1500 496 1834 552 enuntiative
1861 497 1946 550 di-

362 603 512 649 ctum
538 610 657 648 esse
680 594 833 656 illud,
864 612 880 643 ι
909 591 1270 646 intellexistis.
1289 610 1304 639 ι
1324 590 1473 645 Dicet
1500 599 1680 644 autem
1706 601 1759 645 ct
1788 591 1947 645 disci-

365 687 523 756 pulos
542 685 896 739 cnnntiationi
925 685 1067 737 illius
1096 684 1481 747 assentientes,
1529 684 1656 736 huic
1692 683 1822 737 illud
1862 683 1946 737 di-

364 776 547 830 xisse:
580 792 599 826 ι
625 775 818 828 Etiam.
857 793 876 825 ι
911 771 1293 826 Verumtamen
1329 777 1442 827 sive
1482 772 1801 842 interrogat,
1829 773 1944 827 sive

363 865 680 936 pronuntiat
706 906 721 930 ,
747 864 1059 919 necessario
1083 864 1316 929 dicitur,
1360 878 1467 917 non
1502 881 1521 914 ι
1552 863 1665 917 haec
1700 882 1719 914 ι
1741 864 1941 930 solum,

361 957 506 1027 quod
538 956 1024 1010 demonstrativum
1051 963 1156 1019 est,
1187 969 1363 1025 neque
1407 954 1559 1018 illud,
1600 973 1620 1006 ι
1653 955 1836 1010 omnia
1863 997 1877 1021 ,
1917 976 1936 1008 ι

363 1048 456 1103 sed
491 1048 647 1111 illud,
705 1065 725 1097 ι
764 1049 878 1101 hzec
927 1048 1109 1101 omnia
1135 1046 1201 1099 “.
1242 1064 1263 1098 ι
1304 1046 1529 1100 Videtur
1572 1055 1756 1100 autem
1797 1063 1943 1102 nunc

363 1137 669 1207 signitlcare
693 1136 993 1206 discipulos
1020 1144 1146 1189 ante
1178 1151 1403 1207 regnum
1433 1136 1693 1190 caelorum
1731 1137 1940 1191 scribas

361 1231 563 1297 fuisse,
596 1231 689 1286 sed
722 1229 851 1284 huic
890 1228 1212 1299 repugnabit
1259 1227 1312 1281 id
1348 1228 1494 1298 quod
1535 1228 1589 1282 in
1621 1228 1666 1280 Α
1703 1230 1771 1283 tis
1808 1245 1939 1297 apo-

2050 497 2268 568 ρῆσθαι,
2295 496 2428 551 ἀλλὰ
2456 496 2860 565 ἀποφαντικῶς,
2890 497 2981 550 τό·
3033 516 3051 547 ι
3089 498 3378 569 συνήκατε.
3415 517 3433 550 ι
3487 500 3632 570 Ἐρεῖ

2045 588 2090 640 δ’
2123 589 2205 641 ὅτι
2241 588 2335 641 καὶ
2365 590 2412 642 οἱ
2448 587 2685 659 μαθηταὶ
2722 588 3127 659 μαρτυροῦντες
3180 588 3345 642 αὐτοῦ
3382 592 3449 661 τῇ
3497 592 3632 645 ἀπο-

2048 679 2208 746 φάσει
2260 680 2369 750 (99)
2407 679 2655 747 λέγουσιν
2707 678 2854 749 αὑτῷ
2897 680 2992 733 τό’
3049 698 3067 729 ι
3110 680 3237 732 Ναί.
3276 699 3294 731 ι
3344 681 3491 753 Πλὴν
3520 683 3632 736 εἴτε

2045 770 2245 839 ἐρωτᾷ,
2281 769 2388 821 εἴτε
2415 768 2794 836 ἀποφαίνεται,
2822 768 3136 836 ἀναγκαίως
3160 769 3400 838 λέγεται,
3439 773 3500 825 ὀὺ
3532 773 3595 826 τὸ
3618 812 3632 838 ,

2050 880 2069 912 ι
2096 862 2269 916 ταῦτα
2287 902 2301 926 ,
2338 881 2356 914 ι
2395 862 2557 933 μόνον
2579 902 2594 927 ,
2637 862 2905 917 δεικτικὸν
2927 863 2986 916 δν
3005 903 3019 928 ,
3044 864 3165 917 οὐδὲ
3185 864 3266 928 τὸ,
3298 882 3318 915 ι
3361 866 3567 932 πάντα,
3611 887 3629 919 ι

2047 954 2226 1025 μόνον,
2261 955 2396 1008 ἀλλὰ
2424 956 2507 1018 τὸ,
2543 974 2562 1006 ι
2600 954 2773 1008 ταῦτα
2803 956 2999 1009 πάντα.
3035 975 3054 1006 ι
3097 957 3280 1010 Ἔοικε
3298 957 3356 1010 δὲ
3381 957 3476 1012 νῦν
3503 959 3631 1022 τοὺς

2047 1048 2293 1121 μαθητὰς
2319 1046 2642 1119 παριστάναι
2664 1046 2770 1118 πρὸ
2796 1047 2896 1116 τῆς
2926 1046 3035 1099 τῶν
3073 1048 3317 1119 οὐρανῶν
3354 1047 3629 1119 βασιλείας

2042 1143 2388 1214 γραμματεῖς
2411 1140 2730 1208 γεγονέναι·
2777 1137 2913 1191 ἀλλὰ
2944 1137 3116 1209 τούτῳ
3145 1138 3523 1195 ἐναντιώσεται
3560 1140 3625 1193 τὸ

2043 1238 2102 1289 ἐν
2130 1238 2251 1298 ταῖς
2290 1232 2530 1305 Πράξεσῑ
2582 1232 2690 1286 τῶν
2744 1233 3054 1286 ἀποστόλων
3108 1231 3292 1284 τοῦτον
3336 1230 3622 1303 ετρημένον

360 1321 626 1376 stolorum
677 1334 745 1375 co
801 1318 964 1374 modo
1005 1318 1207 1373 dicitur
1236 1318 1322 1371 ’τε
1381 1336 1400 1368 ι
1447 1316 1702 1373 Videntes
1757 1328 1937 1374 autem

2039 1326 2129 1379 τὸν
2166 1326 2384 1397 τρόπον·
2425 1342 2443 1375 ι
2475 1323 2816 1394 Θεωροῦντες
2840 1324 2897 1376 δὲ
2932 1323 3031 1393 τὴν
3064 1322 3269 1393 Πέτρου
3314 1323 3622 1395 παρρησίαν

358 1414 527 1487 458
554 1412 695 1467 Petri
729 1410 1100 1467 constantiam
1153 1418 1208 1463 et
1238 1407 1499 1474 Joannis,
1552 1418 1937 1480 compertoque

2042 1419 2135 1472 καὶ
2167 1417 2434 1481 Ἰωάννου,
2456 1415 2549 1470 καὶ
2566 1414 2983 1479 καταλαϐόντες,
3006 1415 3087 1468 ὅτι
3110 1414 3386 1487 ἄνθρωποι
3407 1415 3625 1486 ἀγράμ-

359 1504 508 1576 quod
541 1503 789 1557 homines
816 1510 999 1556 essent
1025 1501 1143 1555 sine
1170 1500 1369 1554 litteris
1394 1508 1448 1554 ct
1479 1500 1679 1565 idiota‘,
1707 1500 1937 1554 admira-

2044 1509 2202 1580 ματοί
2241 1510 2347 1562 εἱσι
2396 1507 2491 1560 καὶ
2517 1506 2743 1569 ἰδιῶται,
2778 1505 3121 1577 ἐθαύμαζον,
3157 1507 3529 1575 ἐπεγίνωσκόν
3562 1522 3625 1558 τε

360 1598 581 1661 bantur,
622 1605 677 1651 et
728 1593 1129 1664 cognoscebant
1160 1607 1276 1658 eos,
1322 1592 1582 1661 quoniam
1632 1607 1758 1646 cum
1807 1590 1936 1647 Jesu

2040 1600 2258 1664 αὐτοὺς,
2290 1601 2372 1653 δτι
2409 1601 2504 1654 σὺν
2534 1597 2613 1669 τῷ
2650 1596 2824 1669 Ἰησοῦ
2847 1593 3007 1669 ἦσαν.
3049 1618 3069 1649 ι
3135 1596 3494 1669 Ἐπιζητήσαι
3541 1614 3626 1661 τις

359 1688 595 1743 fuerant.
649 1707 667 1738 ι
724 1686 804 1739 Ad
853 1686 967 1739 haec
1019 1684 1183 1752 igitur
1240 1682 1550 1753 quaesiverit
1599 1683 1844 1753 aliquis:
1878 1682 1934 1737 Si

2049 1686 2143 1744 οὖν
2157 1691 2291 1761 πρὸς
2309 1689 2501 1743 ταῦτα’
2529 1690 2593 1741 Ei
2618 1688 2715 1759 μὲν
2737 1684 3255 1760 γραμμτεῖςῆσαν,
3281 1688 3399 1753 πῶς
3418 1688 3623 1759 ἀγράμ-

360 1779 552 1835 scribae
595 1787 770 1845 erant,
820 1777 1096 1846 quomodo
1151 1777 1272 1832 sine
1319 1776 1513 1832 litteris
1543 1786 1599 1832 et
1649 1778 1832 1834 idiota:
1880 1779 1935 1833 in

358 1869 510 1926 Actis
558 1868 946 1938 appellantur?
983 1867 1030 1923 si
1084 1882 1212 1923 vero
1260 1867 1379 1922 sine
1430 1868 1624 1924 litteris
1676 1878 1835 1924 erant
1885 1880 1940 1925 et

361 1959 562 2026 idiotce,
605 1959 883 2030 quomodo
927 1958 1122 2013 scriba:
1174 1974 1206 2012 a
1257 1957 1552 2015 Servatore
1597 1962 1939 2030 apertissime

358 2050 787 2121 nuncupantur?
811 2049 892 2104 Ad
920 2050 1147 2121 quaesita
1181 2052 1575 2121 respondeatur
1604 2066 1712 2106 non
1749 2067 1939 2107 omnes

358 2155 526 2207 certe,
550 2142 644 2199 sed
680 2142 902 2198 Petrum
933 2153 986 2198 et
1005 2141 1271 2198 Joannem
1304 2144 1424 2199 sine
1442 2144 1640 2200 litteris
1662 2154 1716 2201 et
1745 2146 1939 2201 idiotas

361 2237 416 2291 in
447 2237 598 2292 Actis
621 2252 744 2291 esse
772 2235 978 2303 dictos;
1004 2236 1186 2307 plures
1215 2244 1398 2292 autem
1422 2236 1591 2293 fuisse
1619 2238 1936 2307 discipulos,

357 2329 428 2383 de
471 2328 673 2398 quibus
718 2326 901 2381 omnia
946 2326 1369 2398 intelligentihus
1394 2328 1446 2383 id
1488 2328 1693 2383 dictum
1716 2339 1806 2385 est
1838 2330 1883 2361 "
1922 2349 1936 2385 :

363 2434 384 2471 ι
427 2418 620 2475 Omnis
658 2421 856 2487 scriba,
901 2439 921 2472 ι
960 2428 1014 2474 et
1042 2436 1164 2491 quae
1198 2429 1545 2491 sequuntur;
1577 2421 1661 2476 vel
1703 2422 1940 2478 scribam

358 2535 642 2606 appellari,
695 2537 1008 2607 quicunque
1041 2536 1290 2590 doctrina
1334 2534 1489 2605 juxta
1528 2535 1663 2607 legis
1706 2535 1940 2591 litteram

359 2625 667 2681 instructus
697 2634 804 2693 est,
833 2626 905 2679 ita
938 2634 995 2680 ut
1024 2625 1117 2695 qui
1146 2625 1265 2678 sine
1288 2624 1484 2678 litteris
1506 2633 1558 2679 et
1587 2624 1766 2679 idiota:
1792 2634 1941 2693 sunt,

356 2717 451 2772 sed
494 2718 597 2773 sub
632 2718 811 2773 littera
856 2718 992 2786 legis
1021 2717 1332 2778 ducuntur,
1368 2716 1560 2773 scriba:
1604 2719 1945 2787 appellentur

358 2811 659 2864 secundum
682 2811 920 2879 aliquam
955 2808 1431 2879 signiﬁcationem.
1459 2806 1524 2861 Et
1550 2810 1786 2865 maxime
1813 2826 1945 2868 sane

365 2900 658 2956 idiotarum
673 2911 777 2962 est,
801 2902 895 2972 qui
916 2900 1229 2970 Scripturas
1248 2900 1581 2970 tropologice
1600 2898 1944 2971 interpretari

356 2992 629 3056 nesciunt,
658 3006 886 3060 qua-que
911 2990 978 3044 ad
1001 3004 1190 3044 carum
1221 3002 1499 3059 anagogcn
1533 2997 1801 3057 spectant,
1835 3005 1945 3045 non

2054 1797 2215 1852 ματοι
2256 1782 2315 1834 ἐν
2357 1781 2479 1843 ταῖς
2515 1778 2751 1850 ῐίράξεσι
2792 1779 3039 1847 λέγονται
3077 1778 3172 1832 καὶ
3223 1776 3460 1842 ἰδιιῖιται;
3504 1778 3551 1829 si
3577 1776 3621 1829 δ’

2037 1870 2178 1943 ἦσαν
2208 1872 2562 1944 ἀγράμματοι
2587 1873 2678 1924 καὶ
2702 1871 2930 1937 ἰδιῶται,
2961 1870 3081 1934 πῶς
3104 1869 3413 1938 σαφέστατα
3440 1885 3621 1940 γραμ-

2043 1968 2233 2035 ματεῖς
2261 1965 2367 2018 ὑπὸ
2391 1964 2488 2019 τοῦ
2513 1965 2766 2037 Σωτῆρος
2789 1961 3147 2034 ὀνομάζονται
3172 1981 3187 2029 ;
3222 1961 3436 2033 λεχθείη
3480 1962 3525 2014 δ’
3557 1962 3624 2015 ἂν

2039 2058 2119 2121 είς
2143 2056 2210 2110 τὰ
2238 2056 2570 2129 ὲζητημένα,
2602 2058 2685 2110 ὅτι
2711 2057 2833 2128 ἦτοι
2865 2057 2928 2108 οὐ
2964 2055 3199 2119 παντες,
3238 2054 3376 2109 ἀλλὰ
3421 2055 3626 2124 Πέτρος

2041 2150 2136 2204 καὶ
2180 2150 2434 2221 Ἰωάννης
2457 2150 2810 2221 ἀγράμματοι
2857 2150 2952 2201 καὶ
2983 2147 3189 2201 ἰδιῶται
3222 2149 3280 2200 ἐν
3324 2149 3446 2211 ταῖς
3474 2148 3618 2218 Πρά·

2041 2241 2185 2307 ξεσιν
2228 2241 2502 2312 εἴρηνται,
2535 2239 2776 2301 πλείονες
2807 2238 2850 2291 δ’
2879 2236 3018 2310 ἦσαν
3046 2241 3096 2292 οἱ
3126 2237 3400 2309 μαθηταὶ,
3428 2239 3513 2306 ἐφ’
3542 2233 3625 2301 οἷς

2043 2335 2267 2387 συνιεῖσι
2310 2332 2488 2386 πάντα
2532 2330 2776 2385 λέλεκται
2803 2331 2891 2383 τό·
2948 2349 2968 2382 ι
3025 2331 3141 2394 Πᾶς
3175 2332 3554 2402 γραμματεὺς,
3599 2348 3616 2380 ι

2043 2424 2225 2479 καὶτὰ
2253 2424 2412 2494 ἑξῆς·
2463 2422 2883 2496 ῆγραμματείις
2921 2425 3027 2486 πᾶς
3068 2424 3097 2476 ὁ
3141 2422 3621 2494 μεμαθητευμένος

2042 2521 2108 2589 τῇ
2141 2517 2282 2573 κατὰ
2326 2517 2387 2570 τὸ
2412 2517 2645 2589 γράμμα
2671 2515 2765 2569 τοῦ
2810 2516 2976 2588 νόμου
3012 2516 3330 2587 διδασκαλίᾳ
3363 2513 3622 2587 ὀνομάζε-

2043 2627 2154 2675 ται,
2179 2609 2256 2674 ὼς
2285 2608 2381 2663 καὶ
2404 2610 2529 2672 τοὺς
2557 2606 2954 2679 ἀγραμμάτους
2984 2606 3082 2677 μὲν
3116 2607 3210 2661 καὶ
3240 2605 3478 2673 ἰδιώτας,
3494 2608 3624 2675 ἀγο-

2049 2702 2243 2772 μένους
2282 2700 2339 2754 δὲ
2376 2700 2482 2754 ὑπὸ
2514 2699 2592 2770 τῷ
2625 2698 2720 2753 τοῦ
2743 2699 2909 2770 νόμου
2928 2699 3216 2772 γράμματι
3249 2701 3323 2772 (1)
3358 2717 3622 2773 γραμμα-

2045 2796 2157 2858 τεῖς
2185 2792 2441 2863 λέγεσθαι
2467 2792 2612 2847 κατά
2641 2809 2693 2846 τι
2721 2792 3139 2863 σημαινόμενον.
3169 2793 3280 2847 Καὶ
3309 2792 3531 2848 ἰδιωτῶν
3558 2810 3622 2862 γε

2049 2884 2285 2957 μάλιστά
2309 2886 2446 2949 ἐστι,
2482 2885 2556 2955 μὴ
2585 2883 2802 2937 εἰδότων
2833 2884 3204 2956 τροπολογεῖν,
3242 2883 3376 2955 μηδὲ
3416 2885 3622 2939 συνιέν-

2047 2995 2154 3031 των
2176 2977 2245 3030 τὰ
2273 2977 2373 3047 τῆς
2396 2977 2687 3049 ἀναγωγῆς
2717 2976 2827 3030 τῶν
2856 2976 3088 3048 Γραφῶν
3107 3016 3122 3040 ,
3160 2977 3294 3032 ἀλλὰ
3326 2975 3405 3047 τῷ
3442 2978 3623 3051 γράμ-

356 3085 601 3155 capiunt,
623 3085 716 3137 sed
738 3084 897 3138 nudae
937 3083 1130 3137 littera:
1162 3082 1412 3148 credunt,
1449 3096 1677 3151 eamque
1698 3091 1937 3148 tuentur,

2050 3088 2180 3142 ματι
2217 3068 2357 3140 ψιλῷ
2396 3068 2778 3133 πιστευόντων,
2823 3070 2914 3122 καὶ
2950 3069 3109 3124 τοῦτο
3140 3069 3525 3136 ἐκδικούντων,
3566 3071 3626 3125 τὸ

354 3179 565 3234 scribas
596 3175 874 3246 appellari.
913 3172 1003 3230 Sic
1025 3185 1205 3229 autem
1229 3174 1427 3244 aliquis
1461 3174 1753 3244 explicabit
1785 3183 1839 3230 et
1869 3175 1937 3229 il--

354 3268 541 3323 Iud“:
566 3286 585 3321 ι
613 3265 701 3321 Vm
725 3268 899 3333 vobis,
922 3264 1126 3320 Scriba
1161 3274 1215 3319 et
1249 3263 1510 3319 Pharismi
1547 3265 1876 3335 hypocrita,
1912 3284 1930 3317 ι

353 3361 819 3432 quasiunicuique
838 3360 1043 3414 dictum
1090 3359 1163 3412 sit
1203 3358 1295 3429 qui
1323 3366 1514 3428 prmter
1542 3358 1776 3413 litteram
1803 3358 1938 3413 nihil

354 3456 478 3509 scit.
498 3452 597 3509 llic
612 3467 822 3523 quaeres
843 3452 887 3507 si
910 3450 1370 3522 quemadmodum
1394 3450 1573 3505 scriba
1589 3450 1743 3519 legis,
1765 3449 1835 3502 ita
1853 3458 1939 3504 est

352 3557 408 3603 ct
430 3547 804 3617 evangelicns;
838 3556 890 3599 et
914 3545 959 3599 si
978 3545 1051 3598 ita
1069 3544 1258 3613 estqui
1281 3541 1655 3613 Evangelium,
1680 3542 1939 3611 quemad-

354 3640 572 3695 modum
612 3638 704 3709 qni
725 3637 895 3708 legem
913 3636 1134 3702 evolvit,
1166 3645 1221 3690 et
1240 3635 1507 3699 intelligit,
1534 3647 1587 3690 et
1610 3654 1627 3685 ι
1660 3650 1781 3705 qua:
1808 3645 1937 3691 sunt

352 3746 448 3801 per
474 3730 789 3800 allegorian:
808 3728 954 3782 dicza
978 3746 996 3779 ι
1018 3727 1303 3797 οκριιιιίιτο
1323 3744 1338 3793 ;
1360 3734 1437 3791 ut,
1466 3735 1680 3781 servata
1708 3727 1934 3781 historia

347 3822 503 3890 juxta
554 3836 735 3875 rerum
782 3828 1057 3890 gestarum
1108 3818 1436 3883 veritatem,
1463 3816 1741 3887 quomodo
1788 3827 1935 3871 certa

353 3913 417 3967 ad
447 3911 749 3983 spiritualia
781 3924 1022 3979 anagoge
1065 3909 1275 3964 institui
1320 3908 1495 3979 possit
1542 3909 1934 3979 intelligamus,

350 4014 406 4060 ct
442 4020 552 4059 non
580 4005 691 4058 sint
723 4003 1046 4063 documenta
1081 4020 1099 4050 ι
1139 4000 1448 4070 spiritualia
1491 4000 1749 4069 nequitia:
1780 4000 1823 4031 ⁷³
1859 4017 1873 4065 ;
1910 4017 1928 4051 ι

351 4099 446 4155 sed
473 4095 747 4153 contrario
773 4095 933 4149 modo
955 4109 1012 4148 sc
1043 4094 1298 4149 habentia
1332 4092 1709 4162 spiritualibus
1736 4093 1931 4162 nequi-

352 4191 462 4259 tia,
508 4189 810 4261 spiritualia
864 4188 1149 4243 bonitatis.
1181 4180 1493 4240 lnstituitur
1518 4194 1698 4239 autem
1733 4184 1798 4238 ad
1845 4199 1934 4238 re-

354 4297 520 4352 gnum
546 4281 808 4336 cwlorum
841 4278 1040 4343 scriba,
1060 4277 1216 4346 juxta
1240 4276 1542 4345 simplicem
1568 4274 1788 4345 quidem
1807 4287 1933 4327 sen-

353 4390 499 4437 sum,
530 4373 770 4443 quando,
814 4371 1000 4426 relicto
1023 4368 1330 4435 Juzlaismo,
1363 4367 1491 4424 Jesu
1526 4366 1730 4423 Christi
1760 4367 1935 4421 cccle-

2040 3161 2398 3235 χρηματίζειν
2418 3161 2612 3224 αὐτοὺς
2635 3163 3002 3231 γραμματεῖς.
3038 3161 3222 3225 Οὕτως
3246 3161 3302 3214 δέ
3335 3179 3416 3225 τις
3436 3161 3627 3235 διηγή-

2042 3271 2194 3307 σεται
2222 3255 2316 3307 καὶ
2342 3253 2430 3306 τό·
2462 3272 2479 3303 ι
2510 3253 2643 3305 Οὐαὶ
2677 3253 2827 3323 ὑμῖν,
2858 3256 3208 3323 γραμματεῖς
3226 3253 3319 3308 καὶ
3343 3258 3623 3326 φαρισαῖοι

2040 3345 2352 3418 ὑποκριταί,
2401 3363 2420 3396 ι
2455 3343 2532 3407 ὼς
2563 3344 2724 3397 παντὶ
2750 3342 3040 3415 εἰρημένον
3070 3342 3147 3414 τῷ
3171 3343 3309 3416 πλὴν
3329 3343 3422 3397 τοῦ
3443 3346 3622 3416 γράμ-

2043 3454 2212 3509 ματος
2242 3436 2408 3508 μηδὲν
2433 3433 2801 3504 ἐπισταμένῳ.
2840 3433 3009 3486 Ἔνθα
3051 3433 3306 3505 ζητήσεις
3348 3436 3396 3486 εί
3433 3434 3619 3508 ὥσπερ

2039 3527 2263 3599 νομικὸς
2295 3526 2689 3597 γραμματεὺς,
2723 3522 2893 3588 οὕτως
2948 3525 3066 3578 ἐστὶ
3106 3526 3202 3577 καὶ
3244 3525 3615 3594 εὐαγγελικὸς,

2040 3622 2134 3675 καὶ
2162 3618 2348 3691 ὥσπερ
2378 3618 2468 3670 τὸν
2495 3616 2658 3687 νόμον
2702 3614 3090 3684 ἀναγινώσκων
3121 3615 3218 3687 (2),
3247 3617 3342 3670 καὶ
3382 3617 3616 3682 ἀκούων,

1992 3752 1995 3753 ν
2039 3713 2133 3766 καὶ
2151 3711 2323 3779 λέγων
2358 3728 2376 3760 ι
2410 3708 2570 3762 ἅτινά
2600 3711 2746 3762 ὲστιν
2771 3706 3240 3780 ἀλληγορούμενα,
3275 3727 3294 3760 ι
3346 3707 3489 3763 οὕτω
3527 3711 3620 3763 καὶ

2036 3804 2099 3857 τὸ
2127 3802 2458 3871 Εὑαγγέλιον
2478 3819 2491 3832 ·
2526 3801 2603 3864 ὡς
2636 3799 2856 3864 εἰδέναι,
2887 3800 3232 3873 τηρουμένης
3252 3800 3352 3871 τῆς
3381 3799 3526 3855 κατὰ
3552 3801 3622 3855 τὰ

2037 3894 2304 3965 γενόμενα
2338 3893 2598 3965 ἱστορίας,
2627 3892 2725 3963 τὴν
2748 3892 2841 3945 ἐπὶ
2865 3892 2933 3944 τὰ
2959 3890 3307 3963 πνευματικὰ
3324 3891 3620 3946 ἄπταιστον

2036 3987 2347 4057 ἀναγωγὴν,
2375 3987 2461 4039 ἵνα
2480 3986 2556 4056 μὴ
2645 3983 2944 4055 μαθήματα
2984 4003 3003 4035 ι
3055 3984 3401 4055 πνευματικὰ
3458 4001 3623 4055 πονη-

2037 4081 2178 4152 ρίας,
2211 4099 2228 4130 ι
2259 4078 2374 4133 ἀλλ’
2402 4077 2658 4140 ἐναντίως
2701 4076 2893 4148 ἔχοντα
2919 4078 3307 4146 πνευματικοῖς
3336 4077 3619 4149 πονηρίας,

2036 4171 2379 4243 πνευματικὰ
2406 4169 2759 4240 ἁγαθότητος.
2794 4168 3174 4241 Μαθητεύεται
3196 4169 3253 4223 δὲ
3273 4173 3339 4240 τῇ
3374 4169 3624 4243 βασιλείᾳ

2034 4264 2143 4317 τῶν
2175 4261 2420 4335 οὐρανῶν
2444 4261 2828 4332 γραμματεὺς.
2853 4259 2995 4313 κατὰ
3025 4261 3123 4331 μὲν
3148 4259 3207 4314 τὺ
3230 4260 3619 4333 ἁπλούστερον,

2033 4356 2122 4409 ὅτε
2157 4354 2264 4409 ἀπὸ
2289 4352 2624 4423 ἰουδαῖσμοῦ
2645 4350 3016 4422 ἀναλαμϐάνει
3040 4368 3124 4415 τις
3151 4350 3248 4422 τὴν
3289 4351 3463 4423 Ἰησοῦ
3482 4354 3620 4424 Χρι-

352 4434 630 4522 siasticam
671 4434 1011 4533 disciplinam
1044 4463 1273 4532 suscipit
1322 4461 1562 4531 aliquis:
1590 4460 1747 4529 juxta
1797 4473 1929 4514 vero

2039 4446 2163 4500 στοῦ
2192 4443 2653 4517 ἐκκλησιαστικὴν
2684 4443 3032 4498 διδασκαλίαν
3051 4459 3065 4473 ⁸
3093 4443 3235 4497 κατὰ
3254 4442 3312 4498 δὲ
3352 4444 3413 4497 τδ
3453 4442 3620 4513 βαθύ-

347 4556 790 4619 reconditiorem,
837 4554 1053 4622 quando
1086 4554 1209 4623 quis
1239 4553 1471 4623 primam
1520 4552 1574 4606 in
1623 4550 1933 4622 Scriptura-

351 4665 475 4706 rum
506 4649 681 4704 littera
717 4647 1115 4703 institutionem
1141 4645 1246 4700 sibi
1281 4659 1643 4715 comparans,
1685 4644 1932 4698 ascendit

351 4743 421 4799 ad
444 4741 900 4814 spiritualia,qu:e
930 4754 1157 4810 regnum
1183 4738 1448 4792 calorum
1473 4736 1836 4806 appellantur.
1865 4734 1933 4790 Et

348 4831 505 4905 juxta
534 4846 975 4904 unamquamque
1024 4828 1351 4886 sententiam
1397 4841 1519 4899 quae
1569 4826 1833 4892 occurrit,
1877 4833 1933 4880 et

421 4980 467 5011 “
496 4976 686 5034 Matth.
711 4994 829 5044 xm,
862 4977 949 5037 52.
1029 4976 1073 5008 ⁸⁷
1089 4975 1211 5030 Act.
1244 4990 1318 5038 tv,
1351 4974 1436 5029 15.

349 5052 441 5109 24.
518 5050 561 5083 ’ί
599 5049 797 5120 Ephes.
837 5064 912 5115 vt,
954 5048 1039 5102 ιιι.

421 5165 533 5240 (99)
567 5164 647 5240 Τῇ
674 5163 997 5240 (momina.
1035 5161 1191 5240 linus
1223 5176 1254 5216 e
1293 5161 1577 5218 codicibus
1601 5174 1741 5231 quos
1772 5157 1929 5214 Tari-

350 5234 457 5297 nus
498 5234 654 5301 vidit,
677 5234 910 5291 habebat
938 5235 1036 5305 τὴν
1070 5234 1368 5305 ᾁπόςρασιν.

422 5310 500 5402 t2).
524 5308 901 5402 (Ξειεξηὲειξρ
930 5302 1298 5402 ῖδέξοδὲέιξξξξ
1327 5302 1700 5402 me}.--
1716 5385 1766 5402 ...

535 5376 647 5434 Kal
696 5374 898 5456 ὥσπερ
943 5374 1048 5429 τὸν
1108 5374 1297 5442 νόμον
1341 5374 1784 5455 ἀναγινώσκων,
1825 5378 1929 5450 etc.

304 5472 311 5479 ·
356 5449 521 5505 Vides
551 5450 641 5503 hic
671 5448 1021 5525 alleget-Icum
1059 5459 1278 5525 sensum
1313 5451 1480 5498 veteri
1508 5443 1646 5525 legi,
1670 5456 1929 5525 anagogtf

353 5535 479 5575 cum
514 5533 670 5574 novas
710 5512 792 5571 ab'
818 5516 1053 5587 Origene
1078 5512 1242 5568 tribui
1274 5528 1287 5563 :
1324 5527 1487 5583 quam
1523 5512 1929 5566 distinctionem

355 5588 642 5635 nmnlmms
670 5597 754 5635 est
786 5585 1027 5635 Thomas
1059 5601 1112 5635 η.
1158 5601 1194 5635 ι.
1238 5597 1293 5635 (ι.
1327 5586 1378 5635 1.
1412 5598 1462 5635 a.
1510 5582 1599 5635 I‘J.
1634 5597 1760 5635 cum
1812 5595 1931 5635 mv—

355 5588 642 5658 amplexus
670 5597 754 5643 est
786 5582 1027 5643 Thomas
1059 5601 1112 5657 p.
1158 5601 1194 5651 ι,
1238 5597 1293 5653 q.
1327 5582 1379 5649 l7,
1412 5598 1462 5636 a.
1510 5582 1599 5646 ω,
1634 5597 1760 5635 cum
1812 5595 1931 5649 my—

356 5658 554 5734 sticum
594 5672 813 5734 sensum
864 5656 1126 5711 trifariam
1162 5654 1329 5734 dividi
1368 5654 1548 5711 docet.
1593 5653 1646 5705 in
1684 5651 1934 5729 allegori—

354 5738 502 5793 cu'tn,
532 5727 949 5798 tropologicum,
979 5735 1032 5781 et
1075 5727 1467 5795 anagogicum;
1516 5736 1751 5792 quorum
1785 5727 1934 5789 pt'lzir

1539 4972 1584 5006 ⁸⁸
1606 4972 1796 5028 Matth.
1823 4987 1942 5039 xm,
1972 4969 2061 5026 52.

2028 4557 2207 4612 τερον,
2241 4540 2350 4604 ὅτε,
2375 4535 2473 4600 τὰς
2510 4535 2598 4589 διὰ
2630 4533 2721 4588 τοῦ
2751 4536 3081 4606 γράμματος
3120 4534 3229 4589 τῶν
3247 4534 3479 4607 Γραφῶν
3504 4538 3620 4590 εἱσ-

2030 4633 2256 4704 αγωγὰς
2309 4625 2645 4701 παραλαϐών
2680 4642 2786 4689 τις,
2815 4625 3099 4681 ἀναϐαίνει
3127 4625 3221 4681 ἐπὶ
3260 4626 3330 4680 τὰ
3374 4640 3619 4695 πνευμα-

2030 4727 2179 4789 τικὰ,
2212 4722 2588 4795 ὀνομαζόμενα
2624 4720 2900 4792 βασιλείαν
2921 4719 3030 4774 τῶν
3060 4718 3323 4791 οὐρανῶν.
3357 4716 3468 4770 Καὶ
3493 4715 3616 4770 καθ’

2032 4817 2262 4873 ἕκαστόν
2284 4833 2348 4885 γε
2377 4814 2642 4886 διανόημα
2670 4812 3183 4884 ἐπιτυγχανόμενον,
3224 4809 3317 4863 καὶ
3346 4806 3583 4862 ὲπαναϐε
3612 4834 3633 4845 -

2173 4965 2216 4997 ⁸⁸
2252 4961 2447 5017 Matth.
2501 4975 2659 5027 xxttt,
2695 4959 2797 5025 l5;
2831 4954 2961 5011 Luc.
3006 4968 3086 5019 XI,
3111 4950 3198 5006 44.
3293 4948 3339 4981 ⁷⁸
3371 4944 3489 5002 Gal.
3558 4964 3633 5010 Iv,

2033 5154 2099 5209 ad
2121 5168 2215 5208 eas
2239 5149 2434 5206 veteris
2465 5147 2600 5218 legis
2625 5153 2808 5217 partes
2832 5141 3122 5213 pertineat,
3150 5135 3351 5218 quibus
3392 5149 3455 5190 ea
3484 5150 3619 5218 qua:

2035 5206 2163 5281 sunt
2187 5206 2340 5277 nova:
2370 5206 2938 5291 legis'sigi'iiticent'nr;
2977 5206 3259 5291 secundus
3293 5220 3465 5291 ιιᾼονωΔ
3484 5206 3617 5291 legis

2038 5276 2321 5350 historiam
2363 5276 2635 5345 advmore's
2682 5276 3058 5341 informandus
3092 5276 3383 5350 conferat;
3415 5284 3471 5331 et
3511 5286 3620 5330 ter-

2037 5348 2147 5419 tius
2176 5364 2395 5417 demum
2430 5360 2627 5413 futura!
2679 5358 2803 5409 vita:
2848 5348 3320 5419 adumbrationcm
3372 5348 3426 5402 in
3465 5360 3621 5401 novas

2038 5418 2173 5506 legis
2218 5430 2518 5488 involucris
2543 5428 2809 5506 occultam
2836 5418 3465 5506 r‘evclet..Cq:tst't'lendus
3499 5432 3619 5506 om-

2042 5488 2172 5560 ιιὶῗιο
2200 5519 2364 5573 super
2413 5515 2476 5556 ca
2522 5513 2581 5553 rc
2634 5496 2829 5573 δικ-ηιξ
2850 5488 3388 5573 Senensisliiblioth.
3420 5496 3616 5573 sonet“

2042 5577 2136 5629 lib.
2161 5591 2242 5631 ιιι.
2271 5560 2439 5628 ἸΙιιιιο
2460 5581 2643 5625 tamen
2690 5568 2760 5621 ah
2790 5564 3034 5635 Origene
3068 5560 3476 5616 distinctionem
3519 5571 3616 5611 ne-

2042 5646 2168 5717 gligi
2201 5642 2495 5715 aliquando
2528 5632 2962 5693 observavimus.
2993 5632 3262 5689 Hunnus.
