4128 6440
472 321 578 376 869

1471 309 1824 365 (ῚΟΜΜΕΝΤ.
1872 310 1936 364 ιχ
1976 308 2392 363 .‘iA'fTiL-EI'M
2432 297 2670 365 T-OMUS
2715 309 2777 364 Χ.

3634 321 3746 375 κῖο

470 439 718 511 εηκότως
755 436 972 508 νοηθὲν,
1018 436 1108 488 καὶ
1148 430 1540 504 παραδειχῦὲν,
1578 432 1672 485 καὶ
1718 431 2033 502 ἀποδειχθὲν

2162 429 2438 482 eradenda
2473 428 2538 482 ad
2565 428 2759 484 altiora
2791 433 3152 503 excogitatur.
3183 443 3237 490 et
3276 452 3403 492 cum
3458 439 3583 494 aliis
3612 455 3746 494 cou-

471 533 586 587 ἔστι
610 531 803 602 νοῆσαι
834 527 1108 599 βασιλείαν
1136 526 1385 599 οὐρανοῦ,
1419 525 1494 588 ὡς
1529 527 1621 579 τὸν
1663 525 2056 599 περισσεύοντα

470 629 537 698 τῇ
567 623 790 694 ἀψευδεῖ
809 619 1028 691 γνώσει,
1058 622 1117 672 ὲν
1140 622 1206 690 τῇ
1245 618 1492 689 βασιλείᾳ
1511 617 1756 686 γίνεσθαι
1790 617 1884 671 τοῦ
1922 617 2058 688 πλή-

473 716 598 779 Οους
627 713 734 768 τῶν
759 712 932 775 οὕτως
958 710 1365 780 ἀποδεδομένων
1393 708 1653 780 οὐρανῶν.
1687 708 1844 763 Οὐτω
1873 708 1929 761 δὲ
1963 708 2057 761 καὶ

469 804 889 876 τροπολογήσεις
914 803 1004 854 τό·
1040 821 1058 852 ι
1088 802 1415 855 Μετανοεῖτε
1433 816 1446 830 ·
1478 800 1674 870 ἣγγικε
1698 799 1808 870 γὰρ
1835 801 1867 870 ὴ
1904 798 2056 869 βασι-

469 898 588 951 λεία
611 896 720 952 τῶν
746 894 1014 968 οὐρανῶν,
1047 914 1064 945 ι
1100 894 1165 947 ἶν’
1198 894 1247 945 οἱ
1281 893 1661 963 γραμματεῖς,
1703 890 1979 944 τουτέστιν
2005 890 2054 942 oi

466 987 543 1058 τῷ
564 987 851 1059 γράμματι
877 983 1020 1055 ψιλῷ
1048 981 1612 1052 προσαναπαυόμενοι,
1668 979 2055 1049 μετανοοῦντες

467 1080 574 1134 ἀπὸ
598 1080 697 1151 τῆς
722 1077 981 1147 τοιαύτης
1010 1074 1258 1145 ἐκδοχῆς,
1294 1072 1708 1144 μαθητεύωνται
1730 1074 1794 1141 τῇ
1825 1071 1913 1124 διὰ
1949 1073 2054 1141 Ἰη-

430 1238 431 1241 η
469 1169 562 1227 σοῦ
591 1170 825 1242 Χριστοῦ
848 1169 943 1223 τοῦ
967 1168 1212 1240 ἐμψύχου
1238 1166 1411 1235 Λόγου
1434 1168 1776 1235 πνευματικῇ
1799 1164 2054 1218 διδασκα-

467 1266 574 1337 Αίᾳ,
597 1262 911 1334 καλουμένῃ
941 1259 1189 1333 βασιλείᾳ
1214 1257 1477 1330 οὐρανῶν.
1503 1258 1602 1310 Διὰ
1633 1255 1791 1310 τοῦτο
1816 1257 1906 1309 καὶ
1929 1258 2052 1309 ὅσον

469 1356 565 1425 μὲν
610 1352 818 1425 Ἰησοῦς
843 1350 1098 1421 Χριστὸς,
1124 1352 1152 1403 ό
1180 1353 1235 1402 ὲν
1266 1350 1407 1419 ἀρχῇ
1441 1347 1578 1420 πρὸς
1612 1348 1703 1402 τὸν
1746 1347 1879 1399 Θεὸν
1920 1346 2051 1410 Θεὸς

464 1448 655 1516 Λόγος,
690 1446 792 1499 οὐκ
836 1443 1097 1515 ἐπιδημεῖ
1137 1441 1281 1513 ψυχῇ
1306 1480 1320 1504 ,
1366 1442 1466 1494 οὐκ
1520 1440 1665 1494 ἔστιν
1698 1441 1756 1492 ἐν
1799 1438 1983 1509 ἐκείνῃ
2016 1441 2049 1509 ἡ

464 1536 708 1609 βασιλεία
751 1536 857 1589 τῶν
895 1533 1176 1606 οὐρανῶνο
1212 1535 1341 1586 ὅταν
1374 1532 1432 1585 δὲ
1480 1533 1647 1601 ἐγγὺς
1691 1530 1917 1601 γένηται
1955 1529 2049 1583 τοῦ

464 1630 711 1701 χωρῆσαι
764 1628 854 1680 τὸν
900 1625 1092 1694 Λόγον,
1142 1623 1316 1693 τούτῳ
1363 1622 1571 1691 ἐγγίζει
1615 1621 1922 1693 ἠβασιλεία
1942 1619 2050 1674 τῶν

460 1722 729 1794 οὐρανῶν.
756 1721 819 1772 Ei
850 1718 908 1771 δὲ
938 1716 1134 1770 ταυτόν
1183 1717 1331 1769 ἐστιν
1382 1713 1699 1777 ὑποστάσει,
1745 1715 1793 1765 εί
1826 1714 1921 1766 καὶ
1972 1712 2046 1785 μὴ

2162 518 2381 573 ferenda
2408 523 2822 590 proponitur,et
2838 523 3265 593 demonstratur,
3296 528 3599 602 intelligere
3621 532 3746 587 licet

2160 626 2386 680 regnum
2414 612 2701 677 omini-uin,
2731 616 2907 684 utqui
2943 631 3067 669 vera
3103 618 3345 674 abundat
3390 624 3644 686 scientia,
3687 624 3743 677 in

2160 717 2326 768 regno
2375 701 2637 756 eﬂiciatttr
2685 719 2828 759 unus
2869 723 2934 759 ex
2967 707 3314 764 multitudine
3363 712 3628 766 ccelorutn
3677 713 3745 768 ad

2158 806 2282 845 eum
2335 795 2556 847 modum
2607 804 2973 865 acceptorum.
3032 799 3122 854 Sic
3178 812 3359 856 autem
3408 818 3647 872 expones
3693 815 3747 859 et

2157 885 2287 938 illud
2335 886 2669 955 tropologirc
2697 888 2778 939 ἠε
2824 907 2843 940 ι
2880 889 3264 947 Paenitentiam
3317 894 3496 963 agite,
3546 911 3744 965 appro-

2155 977 2438 1047 pinquavit
2482 979 2627 1032 enim
2661 996 2886 1050 regnum
2928 985 3216 1045 caelorum,
3250 1005 3268 1037 ι
3301 996 3358 1041 ιιι
3399 989 3612 1053 scribta,
3640 989 3744 1044 hoc

2154 1078 2257 1127 est.
2290 1069 2325 1122 ii
2361 1070 2451 1138 qui
2482 1071 2532 1124 in
2568 1074 2712 1127 nuda
2740 1074 2914 1127 littera
2943 1077 3323 1145 acqttieseunt,
3349 1095 3473 1133 cum
3499 1096 3592 1133 eos
3616 1083 3744 1137 talis

2153 1159 2485 1227 acceptionis
2516 1165 2862 1231 paenituerit,
2905 1165 3245 1222 instruantur
3277 1168 3444 1241 459
3490 1172 3742 1227 doctrina

2154 1252 2444 1320 spirituali,
2475 1271 2596 1323 quae
2627 1267 2711 1311 est
2759 1273 2856 1326 per
2893 1256 3079 1313 Jesum
3117 1260 3394 1315 Christum
3439 1262 3738 1317 animatum

2154 1340 2414 1407 Verbum,
2447 1360 2677 1415 qua:th
2709 1364 2931 1419 regnum
2960 1351 3225 1405 cwlorttm
3261 1353 3586 1421 appellatur.
3614 1351 3744 1407 Pro-

2153 1441 2338 1501 pterea
2368 1435 2552 1497 etiam,
2591 1448 2859 1504 quatenus
2891 1438 3052 1495 Jesus
3080 1440 3336 1498 Christus
3360 1483 3375 1506 ,
3407 1444 3501 1513 qui
3540 1454 3659 1498 erat
3686 1445 3740 1499 in

2153 1521 2420 1591 principio
2449 1526 2591 1592 apud
2615 1523 2784 1578 Deum
2814 1525 2954 1581 Dens
2987 1527 3244 1595 Verbum,
3279 1533 3332 1586 in
3366 1535 3604 1587 animam
3630 1549 3739 1588 non

2153 1612 2394 1677 advenit,
2420 1613 2472 1666 itt
2502 1614 2591 1667 illa
2625 1629 2849 1682 regnum
2878 1618 3145 1672 cmlorum
3191 1637 3297 1675 non
3339 1633 3426 1679 est
3457 1640 3472 1678 :
3517 1625 3741 1691 quando

2153 1709 2334 1755 autem
2369 1714 2538 1771 prope
2571 1711 2657 1755 est
2714 1703 2913 1773 aliquis
2949 1714 3008 1759 ut
3038 1705 3273 1762 Verbum
3309 1712 3506 1779 capiat,
3537 1730 3739 1783 appro-

461 1792 676 1883 ἐπινοίᾳ.
710 1812 807 1881 (5),
842 1806 1087 1878 βασιλεία
1115 1805 1362 1876 οὐρανῶν
1383 1806 1477 1858 καὶ
1496 1804 1741 1875 βασιλεία
1772 1804 1929 1869 Θεού,
1956 1804 2041 1875 δη-

2154 1792 2378 1862 pinquat
2401 1794 2478 1847 illi
2528 1811 2751 1877 regnum
2794 1796 3082 1850 rmlorum.
3118 1797 3273 1864 Quod
3317 1803 3362 1856 si
3393 1803 3533 1857 idem
3573 1816 3656 1860 est
3683 1821 3742 1860 re

461 1905 635 1958 λενότι
667 1903 803 1972 πρὸς
830 1899 922 1963 οὓς
948 1899 1196 1967 λέγεται·
1234 1916 1252 1948 ι
1301 1898 1362 1950 Ἡ
1386 1895 1631 1967 βασιλεία
1665 1896 1760 1950 τοῦ
1798 1896 1936 1950 Θεοῦ
1966 1899 2052 1950 ὲν-

462 1994 553 2056 τὸς
593 1991 746 2062 ὐμῶν
776 1994 927 2055 εστι,
969 2007 990 2042 ι
1040 1990 1177 2061 πρὸς
1215 1988 1436 2054 τούτους
1482 1991 1546 2043 ἂν
1580 1989 1790 2057 λέγοιτο
1833 1988 1928 2042 καὶ
1954 1989 2045 2043 τό·

475 2085 541 2138 Ἦ
569 2084 816 2155 βασιλεία
860 2083 968 2137 τῶν
995 2082 1237 2156 οὐρανῶν
1271 2083 1418 2147 ὲντὺς
1446 2082 1599 2153 ὐμῶν
1619 2085 1735 2137 ἐστι
1754 2123 1768 2147 ,
1818 2082 1911 2135 καὶ
1948 2081 2052 2154 μά-

462 2176 618 2234 λιστα
640 2179 728 2233 διὰ
756 2177 852 2249 τὴν
884 2178 992 2231 ἀπὸ
1023 2176 1117 2230 τοῦ
1144 2176 1472 2248 γράμματος
1504 2177 1598 2229 ἐπὶ
1623 2176 1685 2229 τὸ
1717 2175 1934 2247 πνεῦμα
1954 2194 2050 2248 με·

461 2270 678 2324 τάνοιαν
696 2289 707 2300 ·
750 2287 769 2319 ι
812 2270 939 2323 Ὅτε
956 2268 1032 2340 (4)
1061 2268 1221 2340 ἡνίκα
1250 2267 1315 2320 ἂν
1343 2267 1646 2341 ἐπιστρέψῃ
1668 2286 1750 2331 τις
1775 2267 1913 2339 πρὸς
1936 2267 2048 2323 Κύ-

460 2379 595 2432 ριον,
628 2364 992 2434 περιαιρεῖται
1021 2361 1081 2414 τὸ
1118 2360 1217 2414 ἐπὶ
1249 2359 1333 2426 τῷ
1364 2360 1655 2431 γράμματι
1694 2360 1960 2432 κάλυμμα
1979 2379 1993 2392 ο
2021 2380 2040 2413 ι

460 2472 482 2504 ι
512 2456 540 2507 ὁ
568 2453 625 2506 δὲ
651 2452 852 2524 Κύριος
876 2453 937 2506 τὸ
968 2452 1188 2524 πνεῦμά
1218 2454 1387 2507 ἐστιν.
1420 2472 1439 2503 ι
1484 2453 1542 2506 '0
1567 2452 1625 2505 δὲ
1656 2452 1872 2524 ἀληθῶς
1897 2454 2043 2506 οἰκο-

453 2546 719 2617 δεσπότης
741 2547 835 2600 καὶ
858 2545 1142 2617 ἐλεύθερός
1166 2546 1303 2609 ἐστι,
1331 2544 1423 2597 καὶ
1463 2543 1717 2607 πλούσιος
1740 2562 1749 2571 ·
1801 2542 2045 2598 πλουτῶν

454 2636 544 2690 διὰ
570 2636 632 2690 τὸ
656 2636 767 2690 ἀπὸ
788 2635 1173 2708 γραμματείας
1205 2632 1653 2705 μεμαθητεῦσθαι
1689 2633 1764 2704 (5)
1799 2637 1864 2705 τῇ
1892 2633 2045 2705 βασι-

456 2729 576 2802 λείᾳ
596 2731 704 2783 τῶν
728 2727 992 2799 οὐρανῶν,
1017 2730 1075 2781 ὲν
1104 2727 1266 2781 παντὶ
1298 2714 1440 2797 λόγῳ
1486 2725 1564 2796 τῷ
1609 2727 1759 2799 παρὰ
1796 2726 1895 2799 τῆς
1928 2728 2042 2781 Πα-

456 2820 616 2885 λαιᾶς
652 2819 960 2891 Διαθήκης,
1004 2819 1099 2872 καλ⁵
1131 2820 1189 2871 ὲν
1231 2818 1380 2892 πάσῃ
1417 2816 1617 2887 γνώσει
1665 2821 1731 2889 τῇ
1773 2820 1903 2890 περὶ
1940 2819 2044 2892 τῆς

456 2913 650 2984 καινῆς
677 2910 911 2985 Χριστοῦ
962 2910 1133 2982 Ἰησού
1168 2909 1539 2975 διδασκαλίας,
1567 2911 1662 2966 καὶ
1692 2911 1783 2965 τὸν
1810 2911 2042 2965 πλοῦτον

454 3003 640 3057 τοῦτον
665 3001 802 3072 ἔχων
835 3000 1196 3072 ἀποκείμενον
1243 3003 1300 3054 ὲν
1336 3000 1413 3072 τῷ
1449 3000 1612 3055 αὐτοῦ
1667 3000 1926 3073 θησαυρῷ
1948 3042 1963 3066 ,
1996 2995 2042 3072 ᾧ

451 3093 794 3165 θησαυρίζει,
818 3092 893 3156 ὡς
916 3090 1164 3163 βασιλείᾳ
1189 3089 1623 3162 μεμαθητευθεὶς
1640 3089 1749 3142 τῶν
1770 3088 2036 3161 οὐρανῶν,

2154 1886 2293 1955 ipsa,
2323 1888 2426 1942 etsi
2454 1903 2560 1942 non
2590 1888 2920 1958 cogitatione
2943 1928 2958 1955 ,
2987 1905 3213 1959 regnum
3251 1893 3515 1948 etelorum
3558 1906 3613 1949 et
3650 1913 3741 1951 rc-

2151 1989 2316 2042 gnum
2343 1972 2456 2040 Dei,
2491 1991 2686 2045 nempe
2714 1976 2916 2046 quibus
2950 1977 3150 2031 dicitur
3189 1979 3234 2010 ⁷³
3265 1996 3279 2033 :
3315 1999 3333 2033 ι
3371 1980 3619 2051 Regnum
3645 1984 3739 2042 Dei

2151 2063 2295 2119 intra
2324 2080 2422 2122 vos
2449 2075 2549 2127 est,
2601 2086 2620 2118 ι
2660 2067 2744 2121 his
2778 2068 2993 2123 dicatur
3023 2078 3077 2123 et
3111 2070 3241 2125 illud
3269 2089 3281 2124 :
3339 2070 3584 2143 Regnum
3619 2090 3736 2132 caa-

2148 2156 2326 2212 lorum
2368 2159 2509 2213 intra
2533 2175 2631 2216 vos
2660 2169 2762 2225 est,
2791 2162 3137 2231 maximeque
3162 2174 3382 2234 propter
3409 2166 3739 2235 resipisceno

2144 2246 2279 2301 tiam
2304 2264 2334 2303 a
2366 2249 2544 2304 littera
2576 2249 2642 2304 ad
2681 2253 2957 2322 spiritum.
2999 2272 3018 2304 ι
3046 2253 3184 2308 Cum
3209 2256 3353 2310 enim
3382 2257 3582 2326 aliquis
3606 2275 3739 2315 con-

2149 2354 2339 2396 versus
2368 2340 2531 2395 fuerit
2575 2342 2642 2395 ad
2672 2341 2990 2412 Dominum,
3023 2346 3305 2401 auferetur
3350 2350 3596 2403 velamen
3634 2349 3681 2385 7"
3710 2368 3733 2403 ι

2147 2432 2294 2502 quod
2323 2448 2488 2503 supra
2519 2434 2753 2487 litteram
2787 2444 2904 2502 est;
2945 2456 2963 2488 ι
3009 2436 3274 2492 Dominus
3294 2448 3476 2493 autem
3508 2441 3738 2510 spiritus

2146 2533 2229 2579 est
2261 2524 2324 2577 ⁷⁸.
2364 2544 2383 2576 ι
2412 2525 2516 2590 Qui
2545 2536 2726 2579 autem
2753 2542 2941 2581 revera
2975 2528 3368 2596 paterfamilias
3392 2538 3498 2596 est,
3523 2542 3576 2584 et
3596 2531 3737 2587 liber

2146 2621 2231 2669 est
2282 2623 2340 2670 et
2386 2616 2573 2678 dives;
2630 2627 2917 2687 propterea
2966 2621 3139 2687 dives,
3164 2622 3312 2691 quod
3350 2624 3735 2679 atractatione

2145 2706 2337 2762 litterae
2372 2710 2599 2763 edoctus
2648 2710 2720 2764 sit
2751 2709 2817 2764 ad
2867 2726 3096 2781 regnum
3154 2713 3444 2781 cmlorum,
3492 2715 3546 2767 in
3582 2716 3734 2770 omni

2145 2824 2517 2892 sermone'qtti
2554 2831 2639 2877 est
2675 2824 2728 2876 in
2765 2821 2948 2877 Veteri
2983 2823 3366 2891 Testamento,
3406 2827 3539 2882 etin
3577 2831 3733 2886 omni

2143 2912 2372 2966 scientia
2397 2928 2519 2982 quae
2548 2914 2692 2967 circa
2738 2929 2934 2968 novam
2977 2914 3185 2969 Christi
3219 2914 3246 2970 J
3268 2933 3348 2971 :su
3382 2917 3734 2987 disciplinam

2140 3012 2411 3070 versatur,
2453 3013 2506 3059 et
2543 3003 2763 3059 divitias
2815 3005 2936 3060 illas
2989 3008 3258 3076 repositas
3285 3007 3493 3063 habens
3533 3009 3587 3062 in
3630 3024 3734 3064 suo

2144 3094 2436 3163 thesauro,
2463 3110 2623 3165 quem
2644 3136 2658 3160 ,
2695 3104 2882 3165 utpote
2927 3097 3155 3154 edoctus
3189 3099 3255 3152 ad
3296 3114 3524 3167 regnum
3559 3100 3731 3156 cielo-

454 3189 514 3240 ὲν
545 3187 787 3258 οὐρανῷ,
839 3205 858 3238 ι
897 3186 1032 3239 ὅπου
1058 3184 1189 3253 ⁴οίίτε
1217 3185 1314 3257 σὴς
1340 3184 1608 3254 ἀφανίζει,
1643 3183 1765 3238 οὒτε
1807 3185 2038 3239 κλέπται

2143 3205 2286 3254 rum,
2313 3188 2368 3242 in
2398 3191 2538 3244 coelo
2567 3189 2830 3251 recondit,
2866 3208 2885 3240 ι
2925 3190 3016 3244 ubi
3045 3206 3219 3260 neque
3249 3191 3392 3245 tinea
3415 3192 3728 3260 demolitur,

449 3277 814 3350 διορύσσουσι.
859 3297 878 3329 ι
915 3278 1025 3330 Καὶ
1066 3276 1179 3330 ἔστι
1215 3293 1278 3344 γε
1325 3276 1542 3347 ἀληθῶς
1581 3275 1869 3346 ὁρίσασθαι
1910 3277 2038 3349 περὶ

449 3370 567 3434 τοῦ,
601 3371 677 3435 ὼς
704 3368 1159 3441 ἀποδεδώκαμεν,
1198 3370 1257 3421 ὲν
1286 3369 1535 3441 οὐρανοῖς
1578 3367 2000 3440 θησαυρίζοντος
2020 3408 2033 3434 ,

448 3461 531 3515 ὄτι
555 3461 676 3515 οὐδὲ
697 3455 777 3524 εἷς
799 3460 899 3532 σὴς
929 3458 1040 3513 τῶν
1070 3458 1259 3513 παθῶν
1276 3458 1515 3528 ἅψασθαι
1545 3457 1713 3513 αὐτοῦ
1744 3458 1853 3512 τῶν
1878 3476 2039 3512 πνευ-

451 3552 696 3623 ματικῶν
744 3550 838 3605 καὶ
880 3551 1149 3624 οὐρανίων
1179 3550 1403 3605 δύναται
1449 3547 1770 3622 χρημάτων.
1816 3550 1941 3618 Σὴς
1978 3551 2035 3604 δὲ

445 3644 568 3701 τῶν
593 3642 801 3698 παθῶν
834 3639 987 3697 εἷπον
1005 3684 1019 3708 ,
1051 3639 1231 3697 λαϐὼν
1262 3642 1516 3713 ἀφορμὴν
1544 3642 1651 3695 ἀπὸ
1694 3641 1802 3696 τῶν
1832 3643 2033 3712 Παροι-

451 3736 611 3808 μιῶν,
643 3738 700 3789 ὲν
734 3730 823 3798 αἶς
852 3734 1192 3806 γέγραπται·
1222 3752 1241 3785 ι
1290 3734 1501 3806 Ὠσπερ
1535 3734 1592 3787 ἐν
1627 3731 1769 3804 ξύλῳ
1793 3732 2032 3803 σκώληξ,

447 3827 617 3882 οὕτως
644 3827 790 3897 λύπη
819 3825 1012 3897 ἀνδρὸς
1047 3824 1271 3895 βλάπτει
1311 3823 1569 3896 καρδίαν·
1604 3843 1621 3875 ι
1677 3823 1894 3894 σκώληξ
1925 3824 2034 3894 γὰρ

446 3922 541 3975 καὶ
572 3923 670 3993 σής
701 3922 850 3973 ἐστιν
875 3920 908 3990 ἡ
937 3917 1102 3988 λύπη,
1135 3916 1447 3986 βλάπτουσα
1471 3916 1720 3987 καρδίαν,
1750 3915 1850 3988 τὴν
1875 3914 1949 3987 μὴ
1976 3917 2032 3968 ὲν

446 4015 692 4086 οὐρανοῖς
728 4012 821 4066 καὶ
850 4013 963 4075 τοῖς
989 4012 1378 4082 πνευματικοῖς
1420 4008 1799 4080 ἔχουσανιτοὺς
1827 4009 2032 4081 θησαυ-

449 4105 598 4177 ροὺς,
628 4106 687 4159 ὲν
732 4099 812 4168 οἷς
834 4104 930 4158 ὲὰν
957 4120 1041 4167 τις
1069 4100 1375 4175 θησαυρίζῃ
1403 4140 1418 4165 ,
1459 4101 1581 4154 ἐπεὶ
1621 4120 1639 4152 ι
1690 4102 1819 4156 ὅπου
1863 4103 1892 4154 ὁ
1936 4102 2034 4171 οη-

450 4198 666 4270 ⁸ιαυρὺςς,
709 4199 827 4251 ἐκεῖ
855 4197 947 4251 καὶ
994 4196 1027 4268 ἡ
1066 4194 1282 4267 καρδία,
1327 4213 1345 4245 ι
1378 4196 1436 4248 ὲν
1488 4195 1741 4266 οὐρανοῖς
1777 4194 1888 4264 ἔχει
1933 4194 2030 4267 τὴν

447 4290 693 4363 καρδίαν,
732 4289 827 4342 καὶ
857 4288 923 4342 δι’
959 4287 1128 4359 αὐτὴν
1177 4286 1358 4355 λέγει·
1411 4304 1432 4338 ι
1487 4285 1611 4340 Ἐὰν
1651 4286 2032 4359 παρατάξηται

447 4381 533 4434 ἐπ’
572 4380 672 4452 ἐμὲ
702 4378 1039 4451 παρεμϐολὴ,
1071 4379 1132 4432 οὐ
1160 4377 1525 4451 φοϐηθήσεται
1551 4379 1585 4450 ὴ
1616 4378 1811 4450 καρδία
1847 4395 1967 4450 μου.
2005 4399 2025 4431 ι

2139 3289 2193 3334 et
2222 3281 2315 3335 tibi
2344 3279 2493 3338 fures
2534 3298 2642 3336 non
2682 3281 2945 3335 elTodiunt
2970 3281 3037 3336 ".
3071 3301 3089 3333 ι
3136 3280 3202 3335 Εῑ
3241 3297 3367 3337 vere
3407 3283 3725 3340 existimare

2137 3370 2285 3439 licet,
2316 3380 2377 3426 ut
2414 3374 2757 3435 tradidimus,
2796 3373 2863 3426 de
2894 3372 2986 3427 illo
3020 3374 3112 3444 qui
3132 3375 3451 3429 thesaurum
3483 3377 3730 3433 recondit

2136 3463 2193 3517 in
2225 3465 2385 3531 caelo,
2412 3476 2481 3519 ne
2509 3480 2673 3519 unam
2714 3467 2935 3537 quidem
2978 3466 3325 3520 auectionum‘
3352 3466 3553 3522 tineam
3583 3468 3728 3523 divi-

2135 3553 2242 3609 tias
2289 3554 2436 3610 illius
2471 3555 2783 3624 spirituales
2833 3565 2888 3611 et
2932 3556 3184 3611 caelestes
3240 3571 3407 3626 posse
3436 3558 3723 3627 attingere.

2137 3645 2256 3700 Dixi
2275 3647 2474 3702 tineam
2500 3637 2874 3713 aﬂectionum,
2893 3644 3239 3701 occasionem
3273 3662 3498 3703 sumens
3523 3664 3554 3702 a
3579 3646 3723 3703 Pro-

2133 3741 2337 3796 verbiis
2375 3742 2428 3795 in
2464 3742 2667 3811 quibus
2695 3742 2961 3810 scriptum
2998 3747 3083 3795 est
3109 3739 3156 3770 ⁷⁷
3192 3756 3206 3792 :
3262 3758 3280 3790 ι
3319 3739 3476 3794 Sicut
3519 3742 3723 3798 vermis

2133 3835 2304 3906 ligno,
2335 3836 2411 3890 ita
2439 3833 2661 3888 tristitia
2692 3834 2795 3887 viri
2831 3840 2992 3887 nocet
3036 3832 3222 3898 cordi;
3263 3850 3282 3883 ι
3335 3832 3539 3888 vermis
3574 3834 3722 3889 enim

2132 3937 2188 3984 et
2223 3928 2367 3982 tinea
2402 3926 2621 3981 tristitia
2649 3934 2737 3981 est
2763 3940 2860 3981 cor
2886 3925 3107 3991 laedens,
3135 3927 3280 3996 quod
3324 3924 3377 3979 in
3421 3924 3728 4009 spirituaii;

2133 4021 2236 4076 bus
2263 4028 2317 4074 et
2358 4016 2674 4073 coelestibus
2708 4016 3033 4072 thesaurum
3070 4031 3177 4070 non
3212 4015 3392 4083 habet,
3428 4014 3482 4069 in
3518 4015 3721 4086 quibus

2131 4113 2175 4167 si
2202 4113 2326 4182 quis
2365 4112 2682 4166 thesaurum
2708 4109 2990 4172 recondat,
3021 4110 3282 4178 quoniam
3322 4127 3342 4160 ι
3380 4109 3473 4163 ubi
3496 4109 3720 4164 thesau-

2131 4220 2249 4269 rus,
2283 4203 2357 4258 ibi
2383 4212 2437 4258 et
2460 4218 2557 4259 cor
2586 4202 2654 4268 ⁷⁸,
2690 4221 2709 4253 ι
2737 4201 2791 4255 in
2817 4201 2959 4256 coelo
2981 4215 3076 4255 cor
3115 4200 3297 4265 habet,
3321 4209 3718 4271 proptereaque
3771 4233 3773 4235 ι

2131 4297 2209 4351 ait
2238 4296 2284 4329 τ’
2316 4311 2333 4350 :
2382 4313 2400 4348 ι
2436 4295 2494 4351 Si
2532 4293 2841 4351 consistant
2868 4293 3156 4348 adversum
3200 4307 3285 4347 me
3330 4303 3511 4348 castra
3539 4333 3555 4356 ,
3602 4308 3713 4349 non

2128 4387 2343 4443 timebit
2384 4401 2479 4442 cor
2511 4401 2714 4441 meum.
2757 4404 2779 4438 ι
2814 4384 2905 4440 Sic
2951 4393 3133 4439 autem
3176 4398 3353 4453 neque
3400 4381 3590 4450 fures,
3648 4384 3718 4440 de

447 4472 604 4528 Οὕτω
629 4474 687 4527 δὲ
713 4473 834 4527 οὐδὲ
860 4472 1110 4538 κλέπται,
1146 4474 1275 4544 περὶ
1306 4466 1381 4527 ὧν
1410 4467 1563 4526 εἶπεν
1608 4475 1636 4526 ὁ
1661 4472 1873 4545 Σωτὴρ,
1914 4473 2025 4542 ὅτι,

2143 4479 2333 4551 quibus
2379 4478 2519 4533 dixit
2556 4476 2812 4533 Servator
2841 4475 2932 4529 '°:
2991 4495 3010 4529 ι
3047 4475 3251 4532 Omnes
3292 4483 3564 4546 quotquot
3591 4485 3720 4533 ante

453 4588 472 4619 ι
511 4568 719 4631 Πάντες
744 4567 858 4620 ὅσοι
884 4562 1047 4638 ἦλθον
1076 4565 1185 4637 πρὸ
1205 4565 1340 4637 ἐμοῦ
1376 4566 1603 4621 κλέπται
1641 4566 1750 4620 είσὶ
1796 4568 1891 4620 καὶ
1930 4567 2032 4642 λῃ-

447 4662 589 4728 cmi,
631 4681 651 4714 ι
684 4660 986 4734 διορύσσειν
1009 4658 1265 4714 δύνανται
1301 4659 1368 4714 τὰ
1397 4662 1453 4714 ὲν
1479 4661 1730 4733 οὐρανοῖς
1766 4659 2032 4732 τεθησαυ-

447 4757 700 4830 ρισμένα,
738 4756 831 4810 καὶ
869 4755 969 4828 τὴν
1016 4753 1297 4827 παροῦσαν
1333 4755 1516 4817 αὐτοῖς
1537 4753 1787 4827 καρδίαν,
1815 4755 1909 4808 καὶ
1940 4753 2030 4807 διὰ

515 4959 559 4991 ⁷³
591 4956 778 5014 Matth.
822 4974 905 5024 lli,
946 4959 1001 5025 2,
1028 4967 1081 5013 et
1112 4974 1186 5020 Iv,
1219 4957 1283 5012 17
1308 4976 1325 5025 ;
1353 4956 1485 5013 Luc.
1512 4975 1565 5016 ιο
1593 4958 1678 5012 “-

446 5029 638 5092 v.20.
747 5029 791 5060 ⁷⁷
820 5028 979 5083 Prov.
1036 5045 1096 5092 ιι,
1145 5029 1197 5094 ὅ,
1256 5029 1346 5083 20.

444 5101 487 5132 ³⁸
520 5099 715 5170 Ephes.
755 5116 814 5163 tt,
850 5099 915 5167 6;
952 5099 1185 5170 Philipp.
1211 5114 1293 5163 ιιι,
1325 5099 1414 5153 20.

520 5278 597 5347 (3)
629 5279 697 5331 El
723 5276 827 5331 καὶ
849 5277 935 5346 μὴ
970 5278 1228 5345 ἐπινοίᾳ.
1262 5274 1501 5342 Erasm.,
1535 5295 1554 5328 ι
1595 5278 1740 5347 quod
1787 5278 1830 5332 si
1875 5278 1927 5332 in
1965 5294 2023 5333 re

442 5349 656 5402 nullum
687 5357 768 5404 est
801 5348 1119 5413 discrimen,
1149 5358 1314 5419 atque
1341 5349 1504 5401 etiam
1550 5363 1714 5404 sensu
1746 5366 1761 5416 ;
1796 5368 1814 5400 ι
1871 5349 2023 5404 vitle-

444 5430 533 5491 tur
560 5419 779 5491 legisse,
802 5420 854 5491 ᾳ
875 5418 968 5474 καὶ
996 5415 1245 5491 ἐπινοίᾳξ
1263 5415 1528 5491 "uerius.

517 5490 594 5546 (4)
622 5487 777 5542 Ὅτε.
813 5487 974 5543 Forte
998 5487 1346 5544 scribendum
1386 5488 1488 5542 ὅτι.

516 5557 594 5629 (5)
628 5558 728 5612 Διὰ
778 5557 845 5611 τὸ
888 5557 1006 5629 ἀπὸ
1051 5559 1449 5629 γραμματείοις
1494 5558 1974 5628 μεμαθητεῦσθαι
2004 5600 2018 5624 ,

446 5627 550 5685 etc.
575 5627 942 5701 Γραμματεία
972 5630 1029 5684 iit
1052 5627 1082 5684 ἐι
1103 5627 1484 5701 γραμματεύς.
1508 5627 1873 5701 Γραμματεύς
1918 5647 2019 5684 au-

448 5709 557 5783 tem
581 5699 1060 5783 etsi‘reddidimus,
1084 5719 1113 5782 ,ι
1145 5699 1365 5766 Scriba,
1401 5719 1419 5751 ι
1447 5708 1507 5755 ut
1536 5699 2024 5783 vulgatamnetupe

448 5768 951 5841 interpretationem
998 5770 1385 5838 retineretnus;
1417 5787 1542 5826 eum
1587 5768 1770 5828 tamen
1811 5772 1898 5827 hic
1938 5768 2023 5825 iu-

1761 4957 1804 4989 ’³
1831 4956 1964 5013 Luc.
1995 4974 2131 5023 xvu,
2152 4959 2207 5013 2.
2287 4959 2333 4991 ⁷³
2363 4958 2402 5012 ll
2435 4958 2565 5014 Cor.
2595 4973 2677 5021 ιιι,
2710 4957 2798 5012 16.

1476 5030 1522 5061 ⁷⁸
1555 5027 1746 5084 Matth.
1784 5044 1860 5094 rt,
1901 5030 2005 5097 2|;
2047 5029 2182 5085 Luc.
2230 5046 2331 5120 xu,
2376 5030 2467 5085 54.

2138 4587 2225 4627 me
2250 4580 2535 4637 venerunt,
2561 4571 2709 4625 fures
2743 4578 2872 4624 sunt
2893 4577 2947 4625 et
2978 4569 3239 4633 latrones,
3282 4587 3302 4620 ι
3327 4567 3562 4624 eil‘odere
3591 4583 3716 4638 pos-

2138 4672 2268 4720 sunt
2295 4664 2583 4718 thesauros
2616 4663 2670 4718 in
2698 4663 2838 4719 cmlo
2869 4662 3201 4725 reconditos,
3233 4669 3290 4716 et
3316 4674 3412 4715 cor
3440 4660 3584 4729 quod
3612 4660 3718 4716 illis

2135 4756 2342 4812 assistit
2367 4771 2380 4807 :
2410 4764 2805 4826 proptereaque
2836 4752 2893 4809 id
2920 4753 3054 4810 dicit
3077 4753 3122 4785 “
3155 4770 3169 4807 :
3210 4771 3229 4804 ι
3249 4751 3718 4809 Conresuscitavit

2889 4959 2934 4991 ⁷⁸
2965 4957 2983 5011 1
3010 4958 3138 5016 Cor.
3171 4973 3254 5021 ιιι,
3290 4956 3375 5011 i7.
3453 4956 3499 4987 ⁷⁸
3522 4954 3714 5012 Matth.

2578 5032 2626 5067 7°
2658 5029 2859 5085 Psalm.
2917 5045 3063 5095 XX",
3114 5029 3164 5084 ὅ.
3276 5027 3324 5059 ⁸⁸
3351 5025 3512 5082 Joan.
3555 5044 3610 5094 ι,
3658 5026 3713 5081 8.

2132 5276 2428 5348 telligitntts
2469 5292 2593 5333 cum
2646 5275 2901 5347 Origene,
2946 5274 3041 5347 qui
3084 5274 3362 5348 interioris
3417 5287 3615 5348 sensus
3654 5279 3711 5325 et

2130 5342 2432 5418 spiritualis
2463 5349 2546 5401 vel
2582 5342 2822 5418 nondum
2848 5342 3052 5418 capax,
3067 5346 3150 5418 vel
3185 5345 3496 5418 negligens,
3522 5342 3717 5418 litterae

2129 5412 2395 5472 duntaxat
2423 5417 2682 5471 adhaeret.
2729 5412 3093 5488 Γραμματεία
3128 5412 3291 5485 igitur
3323 5412 3429 5488 erit
3468 5412 3715 5469 adhaesio

2129 5488 2220 5543 illa
2263 5489 2475 5554 litterze,
2504 5502 2599 5541 seu
2632 5485 3115 5551 tt'actatiolttterzc,
3153 5494 3211 5541 ut
3241 5485 3446 5555 optime
3477 5496 3712 5555 conver-

2132 5560 2196 5613 tit
2228 5553 2510 5623 Erasmus,
2536 5572 2697 5627 quem
2727 5572 2825 5612 nos
2847 5557 3016 5612 secuti
3040 5553 3349 5627 Δειιιιιιιιιζᾼ
3388 5553 3712 5627 tractatione

2129 5638 2313 5684 autem
2345 5628 2537 5682 littera:
2553 5624 2836 5697 auspicari
2857 5626 3016 5681 debet
3037 5624 3084 5680 is
3115 5625 3208 5696 qui
3237 5624 3710 5697 _ad__reconditio~

2130 5714 2242 5755 rein
2270 5697 2566 5769 Scriptura:
2589 5692 2815 5754 sensum
2847 5692 3151 5771 penetrare'
3165 5694 3296 5752 vult.
3334 5692 3596 5752 Hunnus.
