4128 6446
431 321 529 375 871

1917 301 2244 362 ORIGENIS

3591 314 3692 369 872’

430 441 488 488 et
515 431 810 486 consedere
851 430 977 483 fecit
1017 443 1116 481 nos
1165 426 1219 479 in
1254 423 1732 494 supercu-lvstihus
1763 424 1813 476 in
1852 423 1992 476 Chri-

2104 424 2261 476 τοῦτο
2290 424 2549 490 λέγουσιν
2571 440 2583 453 ·
2617 443 2634 474 ι
2669 425 2989 496 Συνήγειρε,
3038 428 3133 480 καὶ
3168 431 3519 485 συνεκάθισεν
3550 434 3700 506 ἡμᾶς

432 532 518 578 sto
553 542 565 576 :
599 531 780 576 nostra
809 520 951 574 enim
982 516 1320 571 conversatio
1354 516 1406 568 in
1438 514 1590 567 caelis
1618 523 1719 567 est.
1761 535 1776 564 ι

493 699 759 765 Quoniam
800 708 980 754 autem
1015 720 1034 751 ι
1073 701 1252 755 omnis
1289 702 1469 756 scriba
1529 702 1759 759 edoctus
1796 703 1863 758 ad
1912 721 1999 760 re-

424 805 590 859 gnum
635 790 928 855 cmlorum,
970 790 1164 846 similis
1222 800 1306 846 est
1338 792 1548 847 homini
1598 793 1998 862 patrifamilias,

420 884 513 950 qui
566 881 772 951 profert
814 887 881 937 de
924 883 1183 938 thesauro
1209 900 1310 939 suo
1357 899 1498 937 nova
1548 895 1602 938 et
1650 897 1831 940 vetera
1861 887 1942 953 ⁸¹;
1976 907 1994 937 9

418 972 582 1043 460
610 975 955 1043 perspicuum
997 983 1051 1029 et
1089 973 1216 1029 illud
1253 984 1371 1042 est,
1404 976 1559 1045 juxta
1610 979 1999 1047 propositionis

419 1067 828 1135 antistrophen,
864 1069 1325 1137 quemadmodum
1373 1071 1708 1139 appellatur,
1751 1073 1999 1141 quisquis

418 1171 527 1212 non
560 1159 763 1228 profert
809 1161 876 1214 de
925 1161 1183 1215 thesauro
1232 1175 1335 1215 suo
1380 1175 1521 1215 nova
1544 1170 1599 1216 et
1631 1170 1833 1227 vetera,
1890 1178 1997 1216 non

416 1266 539 1305 esse
590 1252 822 1306 scribam
870 1251 1122 1306 edoctum
1154 1252 1220 1305 ad
1249 1267 1472 1322 regnum
1520 1255 1803 1307 cmlorum.
1838 1255 1997 1307 Omni

419 1341 582 1412 igitur
610 1342 817 1395 ratione
845 1341 1151 1395 conandum
1185 1349 1269 1395 est
1305 1342 1359 1394 in
1395 1351 1584 1395 nostro
1631 1342 1796 1396 corde
1839 1340 1996 1396 colli-

419 1448 562 1502 gere,
598 1433 1076 1486 animadvertendo
1105 1433 1170 1485 ad
1209 1433 1494 1487 lectionem
1516 1472 1530 1495 ,
1567 1434 1993 1500 invocationem,

415 1533 469 1577 ct
497 1524 798 1579 doctrinam
825 1565 838 1589 ,
871 1533 923 1579 et
962 1542 980 1573 ι
1016 1524 1069 1577 in
1093 1523 1209 1593 lege
1231 1523 1445 1577 Domini
1474 1526 1785 1580 meditando
1812 1528 1900 1581 die
1930 1543 1993 1583 ac

415 1625 573 1670 nocte
594 1616 671 1681 ⁸³,
714 1634 733 1666 ι
768 1631 873 1669 non
908 1615 1085 1669 solum
1123 1629 1260 1669 nova
1294 1614 1738 1685 Evangeliorum,
1768 1629 1992 1688 aposto-

413 1706 593 1760 lorum
626 1718 887 1764 eteorum
915 1707 1319 1777 Apocalypseos
1353 1709 1575 1762 oracula
1603 1724 1618 1774 ;
1657 1708 1752 1763 scd
1774 1718 1827 1764 et
1853 1712 1993 1765 nnti-

2106 518 2163 568 ἐν
2190 519 2300 578 τοῖς
2336 516 2677 585 ἐπουρανίοις
2713 518 2770 567 ἐν
2800 517 3083 587 Χριστῷ-ι
3121 521 3237 573 καῖ’
3264 542 3281 571 ι
3336 522 3523 594 Ἦμῶν
3552 526 3609 579 δὲ
3641 527 3702 579 τὸ

2105 604 2401 675 πολίτευμα
2433 608 2488 658 ἐν
2510 606 2757 677 οὐρανοῖς
2779 608 3033 678 ὑπάρχει.
3075 628 3095 660 ι

2187 696 2339 747 Ἐπεὶ
2365 696 2420 748 δὲ
2450 715 2465 745 ι
2504 697 2610 759 πᾶς
2636 699 3016 766 γραμματεὺς,
3046 699 3409 769 μαθητευθεὶς
3446 707 3513 777 τῇ
3540 706 3696 777 βασι-

2101 786 2220 855 λεία
2268 785 2376 837 τῶν
2426 787 2705 859 οὐρανῶν,
2762 790 2949 859 ὅμοιός
2982 792 3129 846 ἐστιν
3162 792 3438 867 ἀνθρώπῳ
3488 800 3695 854 οἰκοδε-

2103 877 2295 949 σπότῃ,
2323 896 2340 928 ι
2365 877 2749 948 δηλονότιοκαὶ,
2779 881 2918 933 κατὰ
2941 882 3040 953 τὴν
3069 883 3409 960 καλουμένην
3441 891 3541 962 τῆς
3572 908 3698 965 προ-

2097 971 2307 1036 τάσεως
2332 973 2713 1045 ἀντιστροφὴν,
2741 976 2848 1037 πᾶς
2863 975 3012 1037 ὅστις
3027 976 3087 1028 οὐ
3112 979 3376 1050 προφέρει
3397 983 3461 1035 ἐκ
3481 981 3576 1036 τοῦ
3600 984 3699 1054 θη-

2100 1066 2304 1135 σαυροῦ
2330 1064 2494 1118 αὐτοῦ
2518 1064 2683 1119 καινά
2704 1065 2797 1117 καὶ
2823 1065 3047 1131 παλαιὰ,
3070 1068 3170 1121 οὐκ
3189 1068 3305 1123 ἐστι
3329 1077 3694 1144 γραμματεὺς

2101 1155 2458 1226 μαθητευθεὶς
2483 1159 2549 1228 τῇ
2588 1156 2836 1227 βασιλείᾳ
2865 1157 2973 1211 τῶν
2997 1159 3263 1230 οὐρανῶν.
3293 1164 3556 1233 Συνάγειν
3597 1163 3693 1221 οὖν

2098 1248 2263 1300 παντὶ
2304 1247 2491 1318 τρόπῳ
2536 1248 2824 1319 πειρατέον
2866 1251 2924 1302 ὲν
2966 1251 3031 1320 τῇ
3064 1252 3263 1324 καρδίᾳ
3302 1254 3460 1325 ἡμῶν
3482 1257 3570 1312 διὰ
3593 1259 3689 1313 τοῦ

2097 1338 2388 1409 προσέχειν
2423 1343 2486 1410 τῇ
2513 1340 2837 1405 ἀναγνώσει,
2863 1344 2931 1412 τῇ
2964 1344 3327 1415 παρακλήσει,
3349 1350 3416 1418 τῇ
3438 1344 3691 1406 διδασκα-

2096 1429 2206 1499 λία,
2243 1431 2337 1483 καὶ
2375 1450 2392 1482 ι
2426 1433 2484 1483 ὲν
2512 1431 2591 1501 τῷ
2629 1432 2779 1502 νόμῳ
2814 1434 3019 1505 Κυρίου
3065 1433 3296 1507 μελετᾷν
3342 1437 3553 1511 ἡμέρας
3594 1445 3690 1496 καὶ

2095 1522 2310 1587 νυκτὸς,
2349 1543 2367 1573 ι
2410 1523 2470 1575 οὐ
2514 1523 2673 1593 μόνον
2719 1523 2787 1576 τὰ
2834 1524 2997 1576 καινά
3043 1525 3152 1577 τῶν
3196 1526 3543 1596 Εὐαγγελίων
3590 1532 3691 1603 (6),

2094 1613 2311 1668 καὶτῶν
2341 1614 2678 1679 ἀποστόλων,
2709 1617 2804 1668 καὶ
2831 1615 2933 1685 τῆς
2972 1615 3390 1687 ’.ἀποκαλύψεως
3413 1622 3689 1696 adﬁnia)

2092 1703 2270 1773 λόγια,
2299 1705 2436 1759 ἀλλά
2481 1707 2575 1760 καὶ
2604 1705 2811 1760 παλαιὰ
2832 1706 2928 1759 τοῦ
2974 1708 3133 1763 σκιὰν
3162 1708 3379 1780 ἔχοντος
3411 1712 3521 1766 τῶν
3565 1716 3690 1785 μελε-

411 1812 518 1865 qna
549 1797 703 1866 legis,
728 1797 1035 1853 futurorum
1062 1797 1327 1852 bonorum
1358 1800 1608 1853 umbram
1638 1802 1992 1868 continentis,

2098 1795 2298 1849 λόντων
2348 1798 2565 1866 ἀγαθῶν
2615 1798 2781 1868 νόμου
2803 1838 2817 1861 ,
2861 1798 2956 1852 καὶ
3008 1798 3116 1853 τῶν
3157 1801 3465 1867 ἀκολούθως
3508 1784 3689 1873 αὐτοῖς

412 1889 906 1959 prephetarumque
927 1891 1018 1960 qui
1058 1901 1184 1960 post
1214 1893 1329 1946 haec
1378 1889 1564 1946 futura
1596 1892 1989 1961 prmdixerunt.

411 1980 539 2036 Haec
584 1991 764 2037 autem
796 1980 1138 2053 colligentur,
1186 1992 1475 2054 postquam
1510 1985 1805 2053 legerimus
1841 2000 1905 2040 ea
1943 1996 1996 2040 et

410 2075 863 2140 intellexerimus,
891 2076 1199 2144 horumque
1233 2088 1503 2131 memores
1547 2076 1851 2146 spiritualla
1876 2078 1990 2146 spi—

411 2165 702 2220 ritualibus
746 2174 1050 2235 Opportune
1109 2167 1579 2234 contenderimus,
1631 2182 1739 2221 non
1783 2181 1847 2223 ea
1875 2183 1996 2237 quae

411 2257 870 2326 comparationem
901 2272 1009 2311 non
1036 2258 1331 2313 admittunt
1364 2259 1593 2314 invicem
1618 2258 1993 2330 coulligentes,

412 2348 507 2401 sed
553 2364 616 2401 ea
651 2362 772 2417 quae
821 2348 1129 2418 comparari
1171 2360 1421 2419 possunt,
1474 2357 1528 2404 et
1575 2349 1992 2405 similitudinem

410 2439 701 2507 quamdam
752 2439 953 2495 habent
999 2440 1255 2495 dictionis
1313 2440 1455 2495 idem
1511 2441 1891 2513 signiﬁcantis,
1940 2451 1998 2499 et

410 2547 692 2597 sensuum,
747 2542 802 2587 et
833 2533 1170 2603 dogmatum,
1230 2541 1292 2587 ut
1348 2534 1402 2587 in
1461 2548 1556 2588 ore
1612 2534 1848 2589 duorum
1910 2533 1997 2589 vel

410 2622 598 2686 trium,
632 2622 715 2676 vel
755 2622 919 2677 etiam
965 2622 1203 2692 plurium
1229 2637 1261 2678 e
1302 2622 1584 2692 Scriptura
1633 2624 1853 2679 testium
1883 2633 1998 2679 sta-

410 2721 630 2768 tuamus
653 2721 706 2768 et
734 2713 1075 2769 stabiliamus
1100 2728 1264 2769 omne
1297 2713 1524 2768 verbum
1559 2712 1676 2768 Dei.
1710 2714 1775 2769 Et
1798 2714 1991 2769 horum

409 2818 511 2873 ope
532 2804 889 2860 convincendi
928 2813 1057 2860 sunt
1086 2804 1122 2858 ii
1146 2804 1263 2875 qui,
1295 2812 1561 2873 quantum
1593 2805 1648 2858 in
1702 2805 1838 2874 ipsis
1885 2814 1990 2870 est,

406 2893 744 2949 divinitatem
775 2895 1047 2961 dividunt,
1078 2904 1133 2950 et
1153 2910 1294 2951 nova
1328 2896 1396 2949 ab
1425 2896 1669 2966 antiquis
1693 2896 1992 2965 dissecant,

408 2994 470 3040 ut
496 2988 589 3057 qui
623 2988 811 3058 procul
840 2987 1031 3043 remoti
1066 2988 1176 3044 sint
1201 3003 1232 3043 a
1263 2988 1624 3043 similitudine
1661 3003 1786 3043 cum
1814 2997 1992 3058 patre-

408 3074 646 3131 familias
688 3092 719 3131 e
764 3093 867 3134 suo
903 3079 1164 3133 thesauro
1200 3094 1337 3134 nova
1364 3087 1419 3133 et
1446 3088 1628 3134 vetera
1660 3077 1987 3149 proferente.
2016 3115 2059 3173 ο

411 3166 859 3240 Quandoquidem
881 3180 1061 3226 autem
1085 3173 1133 3227 is
1155 3172 1246 3243 qui
1276 3172 1612 3227 assimilatur
1631 3172 1815 3239 alicui,
1847 3171 1987 3226 aILus

409 3269 497 3317 est
514 3277 580 3318 ac.
605 3258 693 3317 ille
707 3263 797 3317 cui
820 3264 1178 3330 assimilatur,
1201 3264 1381 3320 scriba
1404 3266 1631 3322 edoctus
1660 3266 1726 3320 ad
1757 3280 1984 3335 regnum

407 3353 675 3410 ratorum
695 3354 799 3409 erit
820 3354 868 3411 is
892 3355 984 3425 qui
1010 3357 1380 3424 assimilatur;
1413 3358 1556 3413 alius
1588 3364 1771 3412 autem
1801 3357 1870 3411 ab
1895 3356 1988 3411 illo

409 3444 514 3498 erit
555 3441 947 3514 paterfamilias
993 3445 1089 3515 qui
1121 3444 1328 3515 profert
1369 3445 1437 3502 de
1470 3447 1729 3505 thesauro
1768 3462 1871 3503 suo
1896 3463 1989 3502 ve-

409 3549 520 3591 tera
552 3546 608 3592 et
638 3551 798 3590 nova.
827 3534 931 3603 Qui
958 3546 1139 3591 autem
1167 3537 1503 3594 assitnilawr
1526 3540 1641 3609 illi,
1676 3540 1825 3595 velut
1859 3556 1985 3595 eum

406 3630 665 3696 imitans,
707 3644 830 3699 quae
858 3629 1061 3685 similia
1093 3630 1203 3685 sint
1236 3629 1414 3686 facere
1447 3631 1585 3686 vult.
1626 3630 1761 3686 Vide
1804 3632 1988 3702 itaque

409 3737 540 3777 num
576 3720 719 3777 forte
740 3720 905 3775 homo
936 3719 1352 3791 paterfamilias,
1388 3721 1505 3791 ipse
1536 3723 1609 3778 sit
1648 3720 1832 3790 Iesus,
1865 3738 1989 3793 pro-

407 3811 587 3868 ferens
618 3812 686 3867 de
717 3812 975 3867 thesauro
1008 3827 1130 3879 suo,
1165 3813 1464 3867 secundum
1506 3813 1806 3883 disciplinae
1853 3822 1989 3869 tem-

407 3905 808 3977 pestivitatem,
853 3918 989 3959 nova
1026 3904 1268 3974 quidem,
1307 3905 1639 3974 spiritualia,
1684 3915 1742 3960 et
1775 3921 1989 3975 semper

411 3998 478 4053 ab
507 3997 600 4051 illo
628 4004 884 4052 renovata
909 3996 962 4049 in
992 3998 1232 4063 homine,
1263 3997 1359 4067 qui
1393 3997 1536 4052 intra
1575 3997 1851 4067 iustorum
1889 4012 1992 4051 nu-

411 4105 621 4146 merum
654 4089 931 4153 consistit,
965 4090 1059 4160 qui
1091 4098 1146 4145 et
1167 4090 1273 4161 ipsi
1308 4108 1327 4142 ι
1365 4100 1702 4147 renovantur
1723 4090 1792 4146 de
1816 4091 1903 4146 die
1934 4091 1989 4144 in

408 4180 552 4237 diem
575 4180 653 4247 ἰς
687 4199 707 4232 ι
740 4189 921 4236 vetera
955 4190 1139 4236 autem
1170 4196 1267 4251 per
1305 4181 1514 4237 litteras
1556 4183 1824 4253 impressa
1854 4181 1992 4251 lapi-

405 4274 589 4339 dibus,
609 4275 694 4329 vel
718 4274 945 4344 lapideis
966 4274 1225 4330 cordibus
1250 4276 1447 4331 veteris
1477 4275 1738 4341 hominis,
1770 4283 1830 4329 ut
1847 4289 1992 4330 com-

410 4368 693 4437 paratione
718 4367 932 4432 litterte,
948 4376 1000 4421 et
1023 4366 1313 4422 collatione
1332 4367 1559 4436 spiritus
1592 4366 1728 4421 ditet
1752 4364 1987 4422 scribam

2100 1890 2596 1959 προφητευσόωτων
2622 1891 2939 1961 προφητῶν.
2966 1891 3370 1963 Συναχθήσεται
3406 1896 3473 1959 δὲ,
3494 1897 3689 1962 ταῦτα,

2099 1978 2238 2033 ἐπὰν
2268 1982 2365 2035 καὶ
2406 1980 2871 2052 ἀναγινώσκωμεν
2917 1983 3012 2036 καὶ
3038 1982 3400 2056 γινώσκωμεν
3419 2024 3434 2050 ,
3461 1988 3558 2041 καὶ
3590 2006 3690 2060 μει-

2103 2072 2365 2143 μνημένοι
2389 2072 2468 2143 (8)
2489 2072 2691 2126 τούτων
2721 2073 3069 2145 πνευματικά
3097 2080 3487 2147 πνευματικοῖς
3508 2080 3687 2133 εὐκαί-

2102 2178 2210 2232 ρως
2256 2162 2658 2233 συγκρίνωμεν,
2716 2164 2779 2216 οὐ
2832 2163 2901 2216 τὰ
2954 2164 3260 2236 ἀσύγκριτα
3291 2168 3427 2238 πρὸς
3482 2168 3687 2239 ἄλληλα

2100 2252 2483 2322 συγκρίνοντες
2509 2293 2524 2318 ,
2570 2252 2707 2307 ἀλλά
2753 2254 3041 2325 συγκριτά,
3094 2257 3191 2309 καὶ
3228 2257 3526 2331 ὁμοιότητά
3563 2272 3687 2315 τινα

2099 2342 2289 2414 ἔχοντα
2320 2344 2517 2411 λέξεως
2567 2345 2764 2399 ταυτὸν
2818 2346 3211 2418 σημαινούσης,
3242 2349 3335 2402 καὶ
3377 2354 3682 2421 νοημάτων,

2098 2436 2193 2489 καὶ
2219 2436 2529 2507 δογμάτων,
2570 2437 2637 2491 ἵν’
2669 2437 2762 2489 ἐπὶ
2795 2437 3061 2507 στόματος
3088 2438 3205 2503 δύο,
3238 2439 3271 2510 ἦ
3301 2440 3487 2512 τριῶν,
3520 2442 3553 2512 ἢ
3588 2443 3682 2495 καὶ

2098 2527 2359 2582 πλειόνων
2403 2527 2695 2600 μαρτύρων
2738 2527 2847 2581 τῶν
2879 2528 2987 2581 ἀπὸ
3011 2530 3109 2598 τῆς
3134 2530 3351 2601 Γραφῆς
3374 2532 3680 2603 στήσωμεν,

2098 2621 2193 2674 καὶ
2224 2619 2612 2691 βεϐαιώσωμεν
2642 2621 2752 2674 πᾶν
2781 2620 2932 2691 ῥῆμα
2969 2620 3066 2673 τοῦ
3095 2620 3254 2676 Θεοῦ.
3301 2623 3412 2676 Καὶ
3442 2622 3531 2676 διὰ
3558 2623 3682 2677 toti-

2095 2728 2203 2764 των
2232 2711 2288 2765 δὲ
2319 2711 2664 2783 δυσωπητέον
2684 2713 2810 2775 τούς
2843 2713 2968 2766 ὅσον
2992 2713 3077 2781 ἐφ’
3101 2714 3315 2778 ἑαυτοῖς
3334 2714 3434 2785 τὴν
3456 2714 3685 2786 θεόσητα

2095 2803 2435 2875 διαιροῦντας
2457 2804 2556 2875 (9),
2589 2806 2684 2858 καὶ
2721 2805 3112 2871 διακόπτοντας
3147 2807 3255 2860 ἀπὸ
3285 2806 3403 2876 ,τῶν
3444 2808 3685 2865 παλαιῶν

2094 2894 2162 2948 τὰ
2188 2894 2371 2960 καινὰ,
2405 2895 2483 2958 ὡς
2519 2896 2734 2969 μακρὰν
2758 2898 3125 2967 τυγχάνοντας
3144 2898 3238 2971 τῆς
3264 2899 3401 2972 πρὸς
3432 2901 3523 2956 τὸν
3544 2903 3687 2957 obto-

2093 2986 2358 3058 ὃεσπὸτην
2400 2987 2715 3058 ὁμοιώσεως
2735 3030 2749 3054 ,
2791 2991 3135 3063 προφέροντα
3172 2992 3240 3046 ὲκ
3276 2991 3371 3046 τοῦ
3406 2993 3682 3066 θησαυροῦ

2095 3079 2260 3133 αὐτοῦ
2302 3079 2464 3134 καινά
2490 3080 2586 3134 καὶ
2614 3082 2837 3136 παλαιά.
2881 3082 3035 3136 Ἐπεὶ
3068 3082 3127 3135 δὲ
3164 3083 3520 3154 ὁμοιούμενός
3556 3100 3684 3138 τινι.

2091 3169 2278 3242 ἕτερός
2309 3173 2425 3225 ἐστι
2459 3174 2588 3243 παρ’
2629 3174 2835 3226 ἐκεῖνον
2871 3166 2918 3241 ᾧ
2962 3173 3277 3245 ὁμοιοῦται,
3326 3173 3478 3228 ἔσται
3520 3176 3550 3228 ὁ
3585 3175 3685 3245 μὲν

2093 3263 2455 3335 μαθητευθεὶς
2493 3266 2558 3335 τῇ
2596 3264 2842 3335 βασιλείᾳ
2876 3265 2986 3318 τῶν
3031 3265 3275 3337 οὐρανῶν
3322 3267 3684 3336 γραμματεὺς

2089 3356 2118 3407 ὁ
2149 3355 2521 3425 ὁμοιούμενος·
2546 3354 2732 3424 ἕτερος
2754 3354 2811 3407 δὲ
2840 3355 2992 3426 παρὰ
3006 3353 3196 3407 τοῦτον
3223 3358 3251 3407 ὁ
3273 3350 3677 3425 οἰκοδεσπότης.

2088 3444 2149 3509 ὃς
2179 3443 2442 3516 προφέρει
2489 3446 2553 3496 ἐκ
2586 3443 2682 3496 τοῦ
2722 3443 2997 3515 θησαυροῦ
3039 3443 3206 3497 αὐτοῦ
3245 3443 3408 3499 καινά
3439 3444 3534 3497 καὶ
3568 3459 3679 3496 πα-

2090 3536 2233 3590 λαιά.
2273 3535 2330 3587 '0
2367 3534 2424 3587 δὲ
2464 3534 2819 3605 ὁμοιούμενος
2851 3534 3035 3605 αὐτῷ,
3066 3534 3140 3597 ὡς
3179 3533 3367 3587 τοῦτον
3407 3532 3679 3605 μιμούμε-

2091 3645 2200 3693 νος,
2236 3627 2297 3681 τὸ
2329 3625 2708 3697 παραπλήσιον
2752 3629 2924 3680 ποιεῖν
2967 3625 3231 3697 βούλεται.
3276 3626 3503 3696 Μήποτε
3527 3620 3620 3679 οῦν
3650 3626 3679 3677 ὁ

2096 3720 2197 3791 μὲν
2220 3717 2607 3788 οἰκοδεσπότης
2635 3717 2945 3790 ἄνθρωπος,
2973 3716 3138 3781 αὐτός
3181 3719 3327 3771 ἐστιν
3378 3716 3407 3769 ὁ
3448 3715 3677 3787 Ἰησοῦς,

2094 3810 2384 3884 προφέρων
2418 3811 2483 3863 ὲκ
2503 3808 2599 3862 τοῦ
2625 3809 2901 3881 θησαυροῦ
2931 3809 3122 3873 αὐτοῦ,
3172 3809 3315 3864 κατά
3357 3809 3450 3863 τόν
3489 3808 3678 3879 καιρὸν

2092 3905 2191 3974 τῆς
2214 3900 2581 3965 διδασκαλίας.
2611 3899 2777 3955 καινά
2800 3902 2899 3972 μὲν
2942 3901 3010 3955 τὰ
3036 3900 3404 3972 πνευματικὰ,
3451 3899 3547 3955 καὶ
3593 3896 3681 3953 ἀεὶ

2093 3994 2529 4066 ἀνακαινούμενα
2558 3994 2650 4046 ὑπ’
2678 3993 2843 4046 αὐτοῦ
2868 3995 2926 4047 ὲν
2944 3992 3023 4064 τῷ
3058 3992 3167 4047 ἔσω
3199 3992 3309 4047 τῶν
3347 3991 3574 4047 δικαίων
3595 3993 3683 4046 ἀν·

2095 4086 2318 4159 θρὼπῳ,
2340 4087 2433 4141 καὶ
2463 4105 2481 4138 ι
2515 4085 2991 4155 ἀνακαινουμένων
3013 4084 3102 4138 ἀεὶ
3124 4085 3307 4156 ἡμέρᾳ
3325 4084 3419 4137 καὶ
3439 4081 3639 4155 ἡμέρᾳ·
3655 4100 3675 4133 s

2095 4178 2302 4232 παλαιά
2323 4179 2380 4231 δὲ
2405 4178 2474 4232 τά
2497 4180 2554 4232 ὲν
2582 4177 2904 4249 γράμμασιν
2936 4177 3356 4248 ἐντετυπωμένα
3384 4175 3551 4239 λίθοις
3589 4175 3684 4230 καὶ

2093 4269 2321 4334 λιθίναις
2371 4270 2622 4341 καρδίαις
2670 4269 2762 4323 τοῦ
2820 4269 3053 4323 παλαιοῦ
3106 4268 3413 4342 ἀνθρώπου,
3477 4269 3564 4322 ἵνα
3616 4270 3680 4339 τῇ

2099 4363 2384 4435 συγκρίσει
2425 4361 2522 4415 τοῦ
2564 4362 2891 4433 γράμματος
2934 4361 3028 4415 καὶ
3073 4364 3140 4431 τῇ
3183 4360 3527 4433 παραστάσει
3586 4359 3681 4413 τοῦ

417 4460 486 4514 ad
524 4475 751 4529 regnum
781 4458 1047 4514 caelorum
1067 4458 1344 4523 edoctum,
1377 4460 1593 4530 sibique
1624 4458 1858 4514 similem
1880 4455 1991 4511 eili-

2099 4453 2408 4525 πνεύματος
2451 4453 2710 4525 πλουτίσῃ
2746 4455 2839 4507 τὸν
2875 4453 3285 4525 μθητευθέντα
3321 4456 3386 4524 τῇ
3438 4452 3683 4523 βασιλείῃ

412 4550 543 4616 ciat,
583 4548 757 4603 donec
800 4547 1104 4618 discipulus
1146 4548 1218 4604 sit
1243 4557 1303 4603 ut
1332 4549 1591 4619 magister
1625 4547 1850 4603 imitans
1878 4546 1988 4616 pri-

413 4656 562 4697 mum
624 4640 952 4695 imitatorem
1004 4639 1226 4706 Christi,
1278 4640 1476 4695 deinde
1515 4656 1644 4696 vero
1701 4648 1757 4694 et
1807 4640 1988 4710 ipsum

412 4732 692 4789 Christum
717 4772 732 4799 ,
777 4729 937 4801 juxta
975 4730 1028 4785 id
1079 4732 1223 4801 quod
1253 4747 1285 4786 a
1323 4730 1496 4787 Paulo
1544 4732 1749 4787 dictum
1779 4742 1864 4785 est
1892 4732 1938 4763 ⁸⁵
1974 4748 1986 4783 :

417 4844 436 4877 ι
477 4824 785 4880 lmitatores
818 4823 923 4879 mei
967 4831 1179 4890 estote,
1219 4824 1679 4893 quemadmodum
1722 4822 1885 4895 461
1938 4830 1993 4876 et

412 4933 513 4989 ego
545 4917 773 4972 Christi.
820 4936 839 4970 ι
871 4915 1057 4972 Pelest
1077 4927 1258 4972 autem
1289 4926 1344 4972 et
1375 4916 1679 4987 simplicius
1700 4914 1863 4971 Iesus
1896 4930 1990 4985 pa-

414 5011 734 5066 terfamilias
777 5008 1021 5081 proferre
1046 5011 1114 5065 de
1142 5026 1243 5066 suo
1288 5010 1549 5064 thesauro
1578 5025 1717 5063 nova
1742 5008 1986 5079 quidem,

2097 4546 2206 4600 τῶν
2240 4546 2483 4618 οὐρανῶν
2524 4545 2857 4617 γραμματέα
2882 4586 2897 4611 ,
2931 4547 3025 4599 καὶ
3053 4547 3254 4618 ποιήσῃ
3278 4544 3453 4616 ἐαυτῷ
3475 4545 3680 4615 ὅμοιον,

2097 4637 2203 4704 ἕως
2233 4640 2264 4692 ὁ
2285 4638 2529 4710 μαθητὴς
2568 4637 2792 4709 γένηται
2820 4638 2894 4703 ὼς
2918 4639 2947 4692 ὁ
2986 4636 3323 4699 διδάσκαλος,
3349 4632 3680 4706 μιμούμενος

2098 4722 2313 4797 πρῶτον
2343 4726 2436 4779 τὸν
2466 4726 2706 4798 μιμητὴν
2731 4724 2825 4780 τοῦ
2847 4726 3108 4799 Χριστοῦ,
3130 4726 3265 4797 μετά
3291 4720 3346 4776 δὲ
3376 4721 3560 4775 τοῦτον
3584 4718 3678 4771 καὶ
3702 4790 3709 4799 l

2098 4819 2259 4872 αὐτὸν
2299 4818 2390 4871 τὸν
2419 4819 2673 4891 Χριστὸν,
2704 4817 2848 4872 κατὰ
2875 4819 2936 4872 τὸ
2968 4818 3254 4891 εἰρημένον
3279 4812 3382 4866 ὑπὸ
3409 4809 3502 4865 τοῦ
3532 4802 3705 4893 Had-‘-

2097 4909 2191 4964 λου
2210 4928 2223 4941 ο
2255 4930 2272 4963 ι
2314 4911 2567 4981 Μιμηταί
2592 4928 2693 4981 μου
2721 4910 2959 4980 γίνεσθε,
2984 4907 3163 4972 καθὼς
3196 4903 3351 4973 κάγὼ
3374 4901 3632 4975 Χριστοῦ.

2098 5001 2331 5056 Δύναται
2365 5002 2422 5056 δὲ
2452 5003 2544 5057 καὶ
2573 5000 2935 5075 ἁπλούστερον
2980 4997 3188 5071 Ἰησοῦς
3231 4999 3259 5051 ὁ
3294 4990 3681 5063 οἰκοδεσπότης

486 5150 530 5180 θ’
564 5146 753 5201 Matth.
805 5163 925 5213 xm,
965 5146 1056 5201 52.
1133 5146 1179 5177 ⁸³
1205 5145 1350 5200 Psal.
1385 5161 1422 5209 ι,
1448 5144 1502 5198 2.
1576 5143 1625 5175 ⁸³
1660 5142 1704 5196 11
1749 5142 1877 5199 Cor.
1912 5158 1986 5208 Iv,

2096 5140 2122 5193 ἰ.
2198 5139 2244 5170 ⁸⁸
2280 5137 2446 5193 lCor.
2495 5153 2587 5201 xi,
2619 5139 2667 5192 l.

486 5308 565 5379 (6)
599 5308 680 5363 Οὐ
702 5311 894 5379 μόνον
917 5308 989 5361 τὰ
1022 5307 1197 5379 καθ’ρι
1230 5306 1630 5379 Ecurria/Ilium
1663 5312 1766 5360 etc.
1795 5299 1990 5379 llic‘ro-

415 5372 613 5452 nyinus
648 5372 720 5433 in'
748 5383 893 5435 hunc
934 5379 1119 5433 Matth.
1155 5372 1377 5443 locum,
1403 5372 1842 5457 'Chrysostomns
1891 5374 1990 5427 ho-

418 5452 531 5506 mil.
584 5450 651 5504 47
687 5453 738 5505 in
787 5448 1001 5514 Matth.,
1053 5449 1391 5516 Augustinus
1434 5454 1626 5516 quiest.
1673 5458 1725 5499 in
1774 5440 1988 5516 Matth”

418 5462 531 5506 mll.
584 5462 649 5504 Π
687 5462 738 5505 ιιι
787 5462 1001 5514 Mattn.,
1053 5462 1391 5519 Augusunus
1434 5462 1626 5516 quam.
1673 5462 1725 5499 In
1774 5462 1988 5505 meum,

414 5518 650 5585 Cyrillus
680 5522 775 5577 ιιι).
803 5532 899 5577 vni
928 5519 1000 5573 De
1032 5520 1240 5573 adorat.
1272 5518 1329 5585 in,
1351 5518 1527 5585 spirit.
1547 5527 1593 5570 et
1620 5518 1791 5579 verit,
1811 5510 1991 5566 Theo-

419 5538 456 5574 ιλ
500 5538 650 5576 t‘llllls
682 5538 775 5577 Ill).
803 5538 898 5577 νιιι
928 5538 1000 5573 υϐ
1032 5538 1240 5573 ααοναι.
1272 5538 1324 5569 ιη
1351 5538 1573 5585 sptru.e

419 5538 701 5665 pgylactns
729 5590 1004 5665 in_Matth.
1036 5604 1167 5665 χιιι,
1187 5587 1275 5665 52.
1312 5584 1576 5665 "uarios.

514 5656 565 5729 7)
597 5661 861 5730 Kattﬁc
913 5652 1375 5729 Ἀποκαλύψεως
1420 5652 1991 5730 αὐτῶνη-Ειιιιιιι-οιιιι

419 5723 661 5801 Singulas
690 5723 1189 5786 Nm-i'Testamenti
1216 5723 1413 5800 partes,
1440 5724 1726 5797 Evangelia
1760 5723 1986 5785 scilicet,

2093 5299 2465 5371 apostolorum
2495 5302 2649 5366 Acta,
2670 5306 2732 5371 et
2751 5295 3047 5371 Epistolas,
3082 5288 3677 5371 eoruntquc._Joannis

2097 5362 2325 5434 scilicet,
2355 5362 2738 5441 Apocalypsin.
2778 5362 2923 5441 Male
2947 5378 3076 5437 ergo
3106 5362 3368 5441 Erasmus
3417 5363 3564 5441 hunc
3598 5362 3679 5441 Ιοτ

2095 5458 2223 5495 cum
2255 5431 2327 5494 ita
2360 5431 2522 5494 vertit
2546 5431 2633 5491 ε”ι
2686 5435 2834 5493 Nova
2888 5431 3306 5507 Evarigeliorum
3342 5431 3591 5507 oracula,
3623 5438 3678 5486 et

2095 5512 2489 5580 apostolorum,
2523 5517 2577 5580 et
2607 5511 2801 5563 horum
2827 5500 3255 5580 explanationes.
3290 5523 3308 5555 ι
3342 5500 3607 5580 Ηοετιυε.

2170 5578 2249 5647 (8)
2279 5572 2671 5649 Mem-viperei.
2706 5572 3620 5649 (inde!'ﬂegitts,_gtp\mcndpev0t.

2171 5645 2244 5720 (9)
2286 5645 2404 5718 rm»
2435 5645 2682 5717 Θέότητα
2715 5645 3115 5719 διαιροῦντας.
3154 5645 3524 5699 Marcionitas.
