4128 6438
441 360 511 415 73

1384 344 1743 403 COMMENT.
1786 343 1853 398 IN
1894 344 2316 403 ΜΑΤΤΗᾹΞΙῙΜ
2354 347 2592 405 TOMUS
2631 348 2698 404 Χ.

3564 342 3669 398 8ῗ4

409 473 705 549 προφέρειν
758 472 824 526 ὲκ
874 469 969 524 τοῦ
1027 466 1301 540 θησαυροῦ
1350 466 1513 521 αὐτοῦ
1547 464 1709 519 καινὰ
1764 464 1861 535 μὲν
1894 464 1992 535 τὴν

2107 464 2462 533 evangelicam
2487 464 2694 519 scilicet
2721 462 3259 530 doctrinam;vctera
3290 472 3492 528 autem,
3525 479 3678 520 cem-

409 563 765 636 εὐαγγελικὴν
808 559 1197 621 διδασκαλίαν,
1238 557 1444 611 παλαιὰ
1471 557 1529 610 δὲ
1564 556 1664 627 τὴν
1708 554 1994 626 σύγκρισιν

410 659 516 712 τῶν
541 655 650 710 ἀπὸ
671 655 839 725 νόμου
867 653 962 706 καὶ
988 649 1283 722 προφητῶν
1310 644 1885 719 παραλαμϐανομένων
1908 649 1998 718 ρη-

413 750 541 813 τῶν,
569 742 645 801 ὧν
679 745 1092 818 παραδείγματα
1129 741 1275 795 ἔστιν
1306 742 1363 794 ὲν
1391 742 1502 803 τοῖς
1526 737 1876 807 Εὑαγγελίοις
1906 738 1997 790 εὐ-

416 843 547 913 ρεῖν.
587 840 724 911 Περὶ
749 839 807 891 δὲ
838 835 1042 889 τούτων
1065 834 1176 888 τῶν
1205 831 1451 895 παλαιῶν
1476 830 1570 884 καὶ
1597 829 1799 883 καινῶν
1835 830 1997 882 ἀκου-

417 931 568 986 στέον
597 929 813 986 καὶτοῦ
843 925 1216 998 πνευματικοῦ
1248 925 1415 996 νόμου
1456 921 1708 991 λέγοντος
1743 923 1801 974 ὲν
1840 921 1999 972 Λευῖ-

395 1021 548 1093 τικῷ
568 1040 582 1054 ο
619 1040 638 1073 ι
675 1022 787 1075 Καὶ
813 1018 1056 1090 φάγεσθε
1091 1017 1316 1081 παλαιὰ,
1341 1017 1437 1070 καὶ
1468 1012 1674 1068 παλαιὰ
1718 1011 1993 1066 παλαιῶνο

415 1116 507 1169 καὶ
550 1113 753 1167 παλαιὰ
797 1113 863 1167 ὲκ
909 1108 1201 1182 προσώπου
1244 1109 1380 1163 νέων
1421 1107 1681 1175 ἐξοίσετε,
1722 1105 1817 1158 καὶ
1848 1105 2000 1176 θήσω

412 1204 509 1276 τὴν
542 1206 744 1275 σκηνήν
773 1220 876 1275 μου
913 1204 971 1255 ὲν
996 1201 1147 1273 ὑμῖν.
1186 1220 1205 1253 ›
1255 1199 1537 1270 Ἐσθίομεν
1565 1198 1674 1270 γὰρ
1702 1199 1759 1250 ὲν
1783 1196 2001 1268 εὐλογίᾳ

413 1298 480 1351 τὰ
513 1294 718 1349 παλαιὰ
749 1294 859 1365 (ιο)
885 1333 900 1358 ,
943 1293 1070 1358 τοὺς
1113 1292 1485 1364 προφητικοὺς
1504 1290 1715 1358 λόγους,
1752 1290 1847 1342 καὶ
1877 1288 2002 1341 τού-

412 1407 519 1443 των
554 1387 798 1442 παλαιῶν
829 1385 900 1439 τὰ
933 1383 1161 1453 παλαιὰ,
1191 1384 1319 1448 τοὺς
1364 1384 1623 1455 νομικοὺς
1645 1422 1660 1446 ,
1690 1382 1788 1437 καὶ
1818 1380 2000 1435 ὲλθόν-

411 1499 519 1534 των
580 1480 690 1533 τῶν
736 1479 873 1535 νέων
922 1478 1017 1531 καὶ⁸
1059 1476 1464 1546 εὐαγγελικῶν,
1502 1474 1743 1546 βιοῦντες
1780 1473 1922 1527 κατὰ
1941 1472 2002 1526 τὸ

412 1573 761 1643 Εὐαγγέλιον,
800 1570 870 1625 τὰ
900 1569 1106 1624 παλαιὰ
1139 1568 1230 1622 τοῦ
1266 1567 1594 1639 γράμματος
1618 1569 1682 1620 ὲκ
1708 1564 2001 1638 προσώπου

413 1665 545 1719 νέων
593 1664 930 1734 ἐκφέρομεν,
972 1662 1069 1714 καὶ
1095 1660 1278 1730 τίθησι
1322 1658 1423 1730 τὴν
1472 1656 1666 1711 ἑαυτοῦ
1709 1657 1913 1734 σκηνὴν
1943 1658 2001 1709 ὲν

415 1759 564 1828 ἡμῖν,
607 1754 831 1826 πληρῶν
877 1753 944 1824 ἥν
989 1748 1144 1805 εἶπεν
1184 1750 1549 1820 ἐπαγγελίαν
1610 1769 1629 1801 ι
1683 1750 1999 1822 Ἐνοικήσω,

415 1851 508 1903 καὶ
537 1846 973 1920 ὲμπεριπατήσω
1006 1845 1064 1897 ὲν
1099 1843 1304 1907 αὐτοῖς.
1350 1862 1368 1895 ι

489 1957 509 1990 ι
544 1938 654 1991 Καὶ
681 1934 912 2004 ἐγένετο,
945 1933 1033 1984 ὅτε
1061 1931 1304 1985 ἐτέλεσεν
1335 1932 1364 1983 ὁ
1399 1928 1608 2001 Ἰησοῦς
1635 1928 1735 1992 τὰς
1761 1928 2004 2001 παραϐο-

413 2029 514 2093 λὰς
544 2027 770 2092 ταύτας,
798 2028 1036 2099 μετῆρεν
1070 2025 1303 2089 ἐκεῖθεν,
1340 2022 1435 2077 καὶ
1462 2019 1632 2075 ἐλθὼν
1664 2022 1745 2084 είς
1773 2018 1872 2091 τὴν
1900 2038 2005 2074 πα-

415 2122 572 2196 τρίδα
616 2118 806 2174 αὐτοῦ.
845 2139 865 2171 ι
917 2119 1068 2173 Ἐπεὶ
1108 2119 1166 2171 ἐν
1209 2119 1321 2180 τοῖς
1367 2113 1624 2186 ἀνωτέρω
1659 2112 2002 2185 ὲξητάσαμεν

419 2213 631 2285 μήποτε
675 2211 744 2266 τὰ
787 2210 884 2282 μὲν
932 2212 1043 2273 τοῖς
1084 2208 1263 2278 ὄχλοις
1305 2204 1650 2276 λελαλημένα
1694 2204 2003 2275 παραϐολαὶ

412 2300 577 2371 ἦσαν,
607 2303 677 2357 τὰ
705 2301 762 2356 δὲ
799 2302 915 2364 τοῖς
946 2300 1216 2372 μαθηταῖς
1261 2297 1601 2370 ὁμοιότητες,
1644 2296 1741 2350 καὶ
1786 2297 1884 2362 τὰς
1923 2300 2004 2362 είς

410 2393 574 2449 τοῦτο
600 2392 984 2458 ὐποπεσούσας
1025 2392 1437 2464 παρατηρήσεις
1469 2388 1787 2461 ὲξεθέμεθα,
1827 2390 1898 2453 ὡς
1926 2385 2004 2443 οἶ-

415 2503 535 2558 μαι,
564 2485 664 2540 οὐκ
679 2486 1193 2558 εὐκαταφρονήτους
1215 2481 1590 2552 τυγχανούσας
1609 2498 1622 2512 ·
1648 2481 1754 2552 χρὴ
1779 2479 1998 2547 εἰδέναι,

410 2580 496 2634 ὅτι
541 2579 682 2644 δόξει
731 2580 961 2643 ἐκείνοις
1010 2578 1178 2631 πᾶσιν
1224 2572 1598 2629 ἐναντιοῦσθαι
1645 2575 1707 2625 τὸ
1757 2570 2005 2640 ἐπιλέγε-

416 2672 540 2725 σθαι
565 2658 666 2725 οὐκ
706 2672 801 2725 ἐπὶ
833 2674 953 2734 ταῖς
986 2667 1325 2740 παραϐολαῖς
1369 2666 1549 2738 μόνον,
1583 2664 1720 2719 ἀλλὰ
1768 2665 1864 2718 καὶ
1898 2663 1992 2716 ἐπὶ

416 2775 553 2829 ταῖς,
595 2763 672 2826 ὡς
696 2762 1062 2833 ὲξεδώκαμεν,
1108 2760 1413 2832 ὁμοιότησι,
1436 2760 1516 2813 ":6-
1556 2778 1575 2810 ι
1612 2758 1722 2810 Καὶ
1756 2756 1999 2825 ἐγένετο,

417 2854 506 2906 ὅτε
532 2852 778 2906 ἐτέλεσεν
800 2854 829 2904 ὁ
866 2848 1077 2922 Ἰησοῦς
1108 2848 1208 2914 τὰς
1232 2847 1548 2920 παραϐολὰς
1569 2846 1792 2912 ταύτας,
1837 2847 2005 2921 μετεὸ-

420 2962 513 3016 ρεν
553 2943 785 2998 ἐκεῖθεν.
822 2961 842 2995 ι
887 2942 1060 3014 Ζητοῦ
1071 2959 1169 3013 μεν
1202 2936 1294 2995 οὖν
1336 2942 1563 3013 πότερον
1609 2943 1793 2996 ἐκεῖνα
1824 2945 2004 2999 πάντα

418 3035 792 3106 ἀθετητέον,ῆ
834 3034 929 3089 δύο
958 3034 1093 3104 γένη
1137 3033 1465 3106 παραϐολῶν
1509 3032 1751 3096 λεκτέον,
1798 3033 1906 3089 τῶν
1944 3052 2003 3089 τε

417 3130 531 3191 τοῖς
554 3127 732 3198 ὄχλοις
757 3126 1125 3198 λαλουμένων,
1155 3126 1249 3179 καί
1274 3125 1381 3179 τῶν
1403 3128 1514 3189 τοῖς
1546 3124 1810 3196 μαθηταῖς
1830 3127 2003 3195 ἐπαγ-

420 3219 760 3292 γελλομένων
779 3236 794 3251 ο
829 3221 863 3292 ἢ
891 3220 986 3273 καὶ
1003 3218 1291 3290 ὁμώνυμον
1315 3218 1374 3271 τὸ
1397 3217 1498 3288 τῆς
1530 3218 1844 3290 παραϐολῆς
1881 3218 2000 3272 ὅνο-

423 3328 498 3382 μα
514 3310 813 3380 νομιστέον·
843 3307 975 3379 ἢτό·
1000 3325 1018 3358 ι
1062 3309 1331 3376 Ἐγένετο,
1355 3308 1443 3360 ὅτε
1468 3308 1713 3361 ἐτέλεσεν
1736 3310 1764 3361 ὁ
1792 3307 2001 3379 Ἰησοῦς

416 3400 516 3465 τὰς
535 3398 849 3471 παραϐολὰς
872 3398 1096 3463 ταύτας,
1126 3419 1145 3450 I
1175 3400 1268 3452 ἐπὶ
1292 3398 1389 3463 τὰς
1412 3399 1668 3471 ἀνωτέρω
1684 3398 2000 3471 παραϐολὰς

420 3490 585 3562 μόνας
601 3490 697 3555 τὰς
725 3490 831 3562 πρὸ
853 3489 960 3542 τῶν
976 3487 1290 3559 ὀμοιώσεων
1306 3488 1643 3547 ὰνενεκτέον.
1671 3488 1772 3543 Διὰ
1789 3488 1899 3561 γὰρ
1915 3489 1998 3542 τό’

425 3601 445 3634 I
488 3582 648 3652 Ὑμῖν
668 3581 872 3634 δέδοται
895 3578 1101 3650 γνῶναι
1115 3578 1182 3632 τὰ
1198 3581 1472 3652 μυστήρια
1486 3578 1585 3650 τῆς
1602 3579 1879 3650 βασιλείας
1894 3579 2003 3633 τῶν

418 3672 681 3745 οὐρανῶν,
695 3675 806 3736 τοῖς
822 3672 879 3725 δὲ
894 3672 1102 3735 λοιποῖς
1122 3674 1178 3727 ὲν
1198 3671 1549 3743 παραϐολαῖς,
1576 3689 1595 3723 I
1622 3671 1719 3742 οὐχ
1728 3666 1836 3724 οἷόν
1851 3689 1911 3723 τε
1927 3670 2006 3724 λέ-

417 3782 535 3834 γειν
546 3768 660 3829 τοῖς
681 3764 968 3836 μαθηταῖς,
986 3763 1081 3817 ἆτε
1096 3764 1195 3816 οὐκ
1207 3759 1325 3816 οὖσι
1338 3762 1445 3815 τῶν
1461 3761 1649 3828 έξω,ὲν
1666 3762 2005 3832 παραϐολαῖς

419 3857 647 3921 ἐκείνοις
660 3857 750 3910 τὸν
777 3857 1008 3927 Σωτῆρα
1027 3854 1399 3927 λελαληκέναι.
1422 3853 1609 3924 Τούτῳ
1631 3853 1688 3905 δὲ
1719 3853 2006 3907 ἀκολουθεῖ

419 3944 537 4014 ἦτοι
548 3943 626 3997 τό⁹
639 3964 656 3996 ι
681 3942 947 4013 Ἐγένετο,
960 3944 1047 3996 ὅτε
1062 3943 1305 3997 ἐτέλεσεν
1318 3945 1346 3995 ὁ
1361 3942 1433 4014 Ἰη
1441 3939 1565 4004 σοῦς
1577 3940 1676 4005 τὰς
1688 3941 2004 4013 παραϐολὰς

418 4039 643 4102 ταύτας,
673 4038 906 4109 μετῆρεν
933 4036 1163 4101 ἐκεῖθεν,
1193 4055 1211 4087 ι
1239 4033 1607 4106 ἀναφέρεσθαι
1631 4036 1726 4089 ἐπὶ
1753 4036 1854 4099 τὰς
1871 4037 2007 4090 ἁνω-

418 4131 563 4183 τὰτω
601 4128 901 4202 εἰρημένας
948 4125 1285 4199 παραϐολὰς,
1335 4127 1368 4200 ἢ
1404 4125 1697 4198 ὁμώνυμον
1742 4122 1882 4179 εῖναι
1943 4125 2005 4179 τὸ

421 4223 524 4294 τῆς
560 4219 875 4293 παραϐολῆς
900 4219 1089 4291 ὄνομα,
1126 4221 1159 4292 ἢ
1193 4220 1285 4275 δύο
1314 4220 1448 4291 γένη
1486 4216 1627 4275 εἶναι
1657 4218 2004 4292 παραϐολῶν,

422 4317 456 4389 ἢ
493 4318 611 4389 μηδ’
642 4316 779 4379 ὅλως
800 4309 942 4368 εἶναι
974 4313 1311 4386 παραϐολὰς,
1335 4319 1373 4371 ἆ
1398 4314 1770 4386 ὠνομάσαμεν
1802 4312 2006 4386 ὁμοιώ-

424 4424 556 4472 σεις.
592 4407 835 4480 Πρόσχες
865 4406 941 4473 δὲ,
976 4408 1057 4461 ὅτι
1091 4406 1196 4473 ἔξω
1224 4407 1326 4479 τῆς
1354 4407 1611 4480 πατρίδος
1639 4406 1833 4460 ἑαυτοῦ
1854 4406 2005 4476 λέγει

2099 556 2434 625 parationem
2468 569 2661 624 nempe
2688 554 2960 608 dictorum
2995 570 3116 624 quze
3149 570 3178 609 a
3204 556 3317 625 lege
3346 567 3398 609 et
3439 556 3677 626 prophe-

2098 650 2168 703 tis
2206 658 2601 714 assumuntur,
2634 664 2869 717 quorum
2901 648 3146 717 exempla
3181 649 3417 718 reperire
3447 651 3577 705 licet
3623 651 3677 704 in

2098 739 2426 811 Evangeliis.
2450 740 2524 795 De
2547 740 2632 795 his
2656 749 2837 794 autem
2862 740 3134 794 veteribus
3156 748 3209 794 et
3224 740 3381 796 novis
3408 742 3676 797 audienda

2097 838 2182 884 est
2207 836 2260 883 et
2294 830 2598 899 spiritualis
2637 830 2721 886 lex
2746 831 2934 885 dicens
2961 830 3016 883 i'n
3042 828 3285 885 Levitico
3315 831 3362 863 ⁸⁸
3389 847 3401 882 :
3434 850 3454 883 ι
3484 830 3676 886 Come.

2098 921 2239 976 detis
2273 931 2486 988 vetera,
2534 935 2590 977 et
2633 930 2816 977 vetera
2848 930 3130 990 veterum;
3159 930 3214 975 et
3248 931 3428 976 vetera
3474 938 3506 977 a
3546 937 3682 977 con-

2101 1020 2287 1081 spectu
2316 1029 2583 1069 novorum
2611 1013 2918 1083 ejicientur,
2954 1022 3007 1067 et
3036 1027 3235 1083 ponam
3264 1014 3676 1069 tabernaculum

2101 1119 2284 1158 meum
2311 1106 2365 1159 in
2400 1105 2579 1160 vobis.
2613 1124 2633 1157 ι
2665 1106 3018 1161 Comedimus
3046 1106 3190 1162 enim
3221 1106 3274 1160 in
3304 1106 3681 1163 benedictione

2103 1206 2285 1252 vetera
2307 1239 2323 1264 ,
2348 1200 2697 1269 propheticos
2739 1201 2990 1256 videlicet
3038 1215 3342 1265 sermones,
3392 1208 3447 1256 et
3481 1200 3677 1256 horum

2105 1298 2350 1344 veterum
2376 1303 2576 1357 vetera,
2601 1292 2810 1349 scilicet
2846 1295 2981 1364 legis
3027 1308 3310 1349 sermones
3345 1310 3358 1347 :
3397 1303 3450 1348 et
3484 1302 3681 1363 super~

2102 1381 2449 1437 venientibus
2475 1384 2633 1439 novis
2675 1396 2729 1441 et
2751 1385 3101 1457 evangelicis,
3127 1386 3283 1457 juxta
3329 1382 3679 1458 Evangelium

2105 1474 2370 1541 viventes,
2404 1482 2586 1530 vetera
2616 1477 2811 1533 litterae
2852 1494 2883 1532 e
2919 1493 3188 1532 novorum
3219 1478 3505 1548 prtesentia
3546 1479 3682 1536 εεεο

2076 1562 2077 1565 “
2105 1567 2303 1632 rimus,
2337 1576 2392 1622 et
2424 1568 2577 1639 ponit
2606 1569 3017 1623 tabernaculum
3050 1585 3211 1625 suum
3252 1571 3306 1624 in
3334 1572 3523 1639 nobis;
3555 1585 3685 1641 pre-

2106 1660 2361 1726 missum,
2392 1660 2536 1730 quod
2558 1661 2716 1727 dixit,
2746 1660 3035 1731 perliciens
3068 1662 3114 1693 ⁸⁷
3148 1680 3162 1715 :
3195 1680 3215 1713 ι
3256 1661 3577 1718 Ιηιιίὼιεοὺο
3627 1664 3684 1720 in

2107 1751 2216 1806 illis
2247 1760 2301 1806 et
2324 1751 2694 1806 inambulabo.
2729 1770 2749 1804 ι

2038 1830 2082 1889 Β

2178 1931 2266 1987 16.
2307 1952 2326 1984 ι
2365 1932 2432 1987 Ει
2466 1930 2667 1988 factum
2702 1941 2807 2001 est,
2839 1948 2963 1988 cum
2994 1945 3436 1991 consummasset
3459 1934 3685 1993 Iesus”

2104 2024 2395 2095 parabolas
2423 2024 2583 2092 istas,
2614 2025 2831 2079 transiit
2863 2024 3008 2089 inde,
3037 2032 3092 2080 et
3117 2025 3342 2082 veniens
3370 2027 3424 2081 in
3452 2029 3683 2098 patriam

2104 2133 2260 2175 suam
2299 2118 2365 2172 ⁸⁸.
2400 2137 2421 2171 ι
2471 2118 2923 2188 Quandoquidem
2982 2117 3036 2171 in
3091 2118 3161 2173 iis
3206 2134 3328 2189 quae
3374 2121 3687 2190 praecedunt

2103 2212 2459 2282 quasivimus
2488 2226 2557 2265 an
2585 2226 2649 2265 ea
2679 2225 2802 2280 qua:
2844 2210 3018 2265 turbis
3053 2210 3199 2265 dicta
3233 2221 3380 2279 sunt,
3415 2213 3687 2282 parabolae

2103 2312 2288 2371 erant;
2320 2319 2442 2374 quae
2472 2318 2604 2357 vero
2634 2304 2940 2373 discipulis,
2976 2304 3398 2373 similitudines;
3438 2307 3687 2363 inciden-

2105 2401 2294 2463 tesque
2322 2394 2376 2448 in
2406 2394 2458 2449 id
2490 2395 2921 2459 observationes,
2961 2395 3405 2467 haudquaquam,
3453 2399 3682 2469 opinor,

2103 2486 2476 2554 aspernandas
2520 2486 2941 2554 proposuimus;
2987 2488 3268 2543 sciendum
3308 2498 3393 2544 est
3437 2488 3683 2545 futurum

2108 2586 2167 2632 ut
2197 2577 2284 2632 his
2331 2578 2588 2633 omnibus
2628 2593 2931 2649 repugnare
2971 2580 3243 2643 videatur,
3281 2582 3426 2651 quod
3460 2598 3569 2636 non
3616 2584 3684 2638 ad

2104 2668 2397 2739 parabolas
2448 2669 2655 2735 solum,
2704 2668 2799 2723 sed
2841 2677 2896 2722 et
2922 2668 2987 2721 ad
3023 2669 3188 2738 ipsas,
3224 2681 3284 2723 ut
3319 2670 3642 2727 tradidimus
3668 2712 3684 2735 ,

2106 2760 2493 2816 similitudines
2523 2760 2794 2830 adjectum
2825 2770 2910 2816 est
2954 2761 3088 2816 illud
3116 2779 3130 2816 ε
3170 2780 3190 2813 ι
3226 2760 3293 2815 Et
3339 2761 3545 2818 factum
3575 2771 3684 2831 cst,

2107 2866 2232 2906 cum
2273 2860 2710 2907 consummasset
2741 2849 2902 2906 Jesus
2943 2853 3235 2922 parabolas
3268 2854 3422 2920 istas,
3465 2853 3685 2908 transiit

2106 2939 2256 2997 inde.
2293 2959 2313 2993 ι
2367 2939 2676 3007 Quaerimus
2733 2940 2897 3010 igitur
2931 2951 3110 2994 utrum
3163 2941 3277 2994 hcce
3323 2940 3509 2995 omnia
3555 2940 3688 3009 reji-

2109 3032 2302 3091 cienda
2350 3032 2479 3099 sint,
2530 3048 2599 3086 an
2649 3032 2937 3088 dicendum
2986 3034 3095 3087 duo
3137 3047 3262 3087 esse
3300 3031 3686 3101 paI-abolarum

2110 3138 2331 3195 genera,
2369 3137 2557 3178 earum
2589 3123 2797 3178 scilicet
2824 3139 2946 3193 quae
2974 3123 3151 3178 turbis
3181 3122 3459 3188 dicuntur,
3504 3132 3559 3177 et
3594 3139 3689 3178 ea—

2113 3233 2232 3271 rum
2263 3231 2385 3286 quae
2416 3216 2700 3285 discipulis
2727 3216 3186 3287 pronuntiantur;
3239 3216 3324 3269 vel
3375 3230 3444 3270 an
3494 3215 3689 3271 existi-

2110 3308 2373 3363 mandum
2425 3307 2819 3378 homonymum
2862 3323 2984 3363 esse
3015 3308 3289 3377 parabolae
3321 3323 3556 3376 nomen;
3604 3310 3689 3363 vel

2109 3409 2295 3455 utrum
2331 3399 2462 3455 illud
2506 3418 2521 3455 :
2564 3417 2583 3451 I
2614 3398 2682 3453 Et
2715 3399 2916 3455 factum
2944 3410 3049 3465 est,
3083 3416 3208 3455 eum
3252 3410 3692 3456 consummasset

2108 3490 2270 3547 Jesus
2300 3491 2591 3562 parabolas
2613 3492 2773 3556 istas,
2809 3510 2828 3545 ›
2859 3491 3203 3547 referendum
3234 3492 3305 3546 sit
3330 3493 3397 3546 ad
3428 3495 3576 3546 solas
3598 3509 3692 3546 su-

2107 3585 2350 3651 periorcs
2395 3584 2689 3654 parabolas
2735 3600 2856 3654 qua:
2912 3585 3299 3639 similitudines
3350 3584 3685 3653 praecedunt.

2110 3671 2336 3742 Propter
2381 3674 2512 3729 illud
2560 3673 2706 3731 enim
2747 3674 2836 3725 8°:
2893 3693 2913 3726 ι
2964 3672 3131 3729 Vobis
3173 3675 3360 3729 datum
3394 3682 3481 3729 est
3526 3688 3691 3729 nosse

2111 3762 2367 3832 mysteria
2402 3762 2557 3832 regni
2594 3764 2882 3831 emlornm,
2914 3764 3126 3818 caeteris
3157 3772 3337 3817 autem
3371 3763 3427 3817 in
3450 3764 3689 3832 parabo-

2110 3853 2210 3921 lis;
2254 3871 2273 3905 ›
2319 3853 2427 3908 dici
2453 3870 2561 3909 non
2592 3863 2773 3924 potest
2799 3854 3102 3925 discipulis,
3132 3854 3313 3924 utqui
3350 3854 3417 3909 de
3458 3869 3690 3908 numero

2112 3952 2425 4000 exterorum
2454 3961 2563 4000 non
2595 3955 2804 4014 essent,
2832 3962 2928 4016 per
2967 3948 3260 4017 parabolas
3290 3947 3399 4003 illis
3434 3946 3693 4004 Servato—

2110 4052 2229 4093 rem
2277 4038 2449 4093 fuisse
2480 4038 2744 4093 locutum.
2786 4038 2883 4095 His
2909 4049 3090 4095 autem
3133 4041 3535 4096 consectarium
3564 4050 3648 4096 est
3672 4082 3690 4106 ,

2110 4132 2196 4186 vel
2222 4131 2397 4186 illud:
2440 4150 2459 4183 ι
2491 4130 2718 4187 Factum
2755 4140 2860 4201 est,
2902 4147 3025 4188 cum
3067 4139 3505 4188 consummasset
3532 4129 3692 4187 Iesus

2113 4224 2403 4294 parabolas
2442 4224 2598 4289 istas,
2631 4226 2852 4281 transiit
2881 4225 3028 4290 inde,
3062 4245 3083 4278 ι
3122 4222 3313 4281 referri
3336 4224 3404 4279 ad
3442 4225 3693 4294 supradi—

2113 4325 2232 4370 ctas
2272 4314 2583 4385 parabolas,
2615 4315 2703 4369 vel
2743 4315 3084 4393 aequitocum
3123 4328 3246 4370 esse
3276 4314 3549 4383 parabolae
3588 4328 3692 4367 no-

2113 4421 2263 4474 men,
2295 4406 2382 4460 vel
2410 4405 2521 4461 duo
2553 4420 2676 4461 esse
2704 4406 3088 4476 parabolarum
3113 4419 3333 4476 genera,
3356 4403 3442 4459 vel
3466 4402 3695 4457 omnino

421 4500 521 4566 τὰς
555 4500 890 4573 παραϐολὰς,
926 4499 993 4564 ἃς
1031 4519 1051 4553 ι
1083 4500 1173 4554 ὅτε
1224 4498 1438 4553 ἐτέλεσε
1471 4499 1708 4571 μετῆρεν
1755 4498 1967 4552 ἐκεῖθεν
1987 4538 2002 4563 ,

2114 4500 2407 4572 parabolas
2448 4514 2559 4554 non
2602 4514 2745 4567 esse,
2779 4514 2918 4569 quas
2965 4497 3355 4553 similitudines
3398 4496 3694 4567 appellavi-

420 4593 518 4646 καί
551 4592 725 4647 ἐλθὼν
757 4595 837 4657 εἰς
869 4593 971 4664 τὴν
996 4592 1234 4663 πατρίδα
1266 4591 1455 4656 αὐτοῦ,
1500 4590 1779 4644 ἐδίδασκεν
1812 4590 2009 4654 αὐτοὺς

423 4687 480 4740 ὲν
504 4689 571 4759 τῇ
610 4688 901 4758 συναγωγῇ
943 4684 1157 4740 αὐτῶν·
1197 4703 1216 4736 ι
1262 4684 1358 4738 καὶ
1399 4685 1427 4737 ὁ
1467 4682 1696 4755 Μάρκος
1740 4681 1798 4735 δέ
1842 4699 2008 4756 φησι*

350 4762 351 4765 η
429 4794 449 4828 I
478 4779 589 4833 Καὶ
615 4773 779 4850 ἦλθεν
806 4779 886 4841 εἰς
905 4775 1004 4849 τὴν
1033 4775 1272 4850 πατρίδα
1298 4772 1488 4842 αὐτοῦ,
1507 4775 1602 4828 καὶ
1627 4773 2010 4828 ἀκολουθοῦσιν

424 4869 575 4943 αὐτῷ
604 4873 654 4924 οἱ
683 4869 924 4943 μαθηταὶ
946 4869 1136 4924 αὐτοῦ.
1170 4888 1189 4921 ›
1215 4870 1485 4941 Ζητητέον
1505 4860 1599 4922 οὖν
1624 4866 1719 4920 καὶ
1748 4865 1892 4921 κατὰ
1914 4866 2014 4939 τὴν

422 4963 586 5033 λέξιν,
614 4964 837 5037 πότερον
869 4963 1099 5035 Ναζαρα
1143 4962 1294 5032 λέγει
1336 4960 1434 5033 τὴν
1465 4960 1699 5031 πατρίδα
1742 4959 1911 5013 αὑτοῦ
1930 5001 1946 5024 ,
1975 4960 2010 5033 ἢ

423 5056 672 5130 Βηθλεέμ
692 5072 708 5087 ο
732 5055 964 5127 Ναζαρὰ
993 5055 1111 5126 μὲν,
1144 5054 1233 5108 διὰ
1252 5053 1346 5106 τό·
1381 5070 1399 5104 ι
1444 5049 1768 5124 Ναζωραῖος
1806 5051 2012 5124 κληθή-

427 5165 581 5203 σεται
604 5165 619 5180 ν
652 5167 673 5200 ι
702 5146 948 5220 Βηθλεὲμ
973 5146 1051 5211 δὲ,
1075 5146 1199 5200 ἐπεὶ
1221 5146 1281 5200 ἐν
1306 5144 1445 5215 αὐτῇ
1467 5141 1783 5214 γεγένηται.
1813 5144 1933 5196 Ἔτι
1958 5143 2014 5197 δὲ

426 5243 688 5315 ὲφίστημι
725 5244 934 5315 μήποτε
965 5239 1256 5312 δυνάμενοι
1290 5240 1341 5293 οἱ
1390 5236 1774 5305 εὐαγγελισταὶ
1819 5237 2013 5301 εἰπεῖν,

425 5334 619 5391 ἐλθὼν
634 5333 1018 5404 ειςΒηθλεὲμ,
1043 5332 1076 5406 ἢ
1112 5328 1306 5389 ἐλθὼν
1331 5332 1419 5396 εὶς
1448 5328 1700 5397 Νάζαρα,
1729 5326 1888 5381 τοῦτο
1918 5328 2015 5398 μὲν

423 5429 483 5482 οὐ
522 5426 877 5499 πεποιήκασι,
905 5425 1134 5497 πατρίδα
1158 5424 1215 5478 δὲ
1240 5423 1563 5493 ὼνομάκασι
1594 5418 1688 5473 διά
1706 5437 1771 5473 .τι
1818 5437 2013 5491 μυστι-

426 5519 537 5584 κῶς
563 5520 621 5572 tv
645 5517 724 5589 τῷ
754 5518 906 5590 τόπῳ
940 5516 1068 5589 περὶ
1114 5517 1215 5587 τῆς
1243 5514 1501 5588 πατρίδος
1542 5512 1711 5569 αὐτοῦ
1751 5511 2014 5585 δηλούμε-

2118 4609 2262 4650 mus.
2296 4593 2535 4649 Adverte
2562 4603 2745 4649 autem
2768 4604 2921 4649 extra
2939 4593 3170 4663 patriam
3189 4606 3346 4648 suam
3365 4591 3570 4646 dixisse
3592 4607 3695 4661 pa-

2115 4684 2355 4748 rabolas,
2387 4700 2524 4755 quas
2562 4703 2582 4737 (
2620 4700 2746 4740 cum
2782 4691 3241 4748 consummasset,
3282 4682 3503 4738 transiit
3531 4682 3693 4748 inde,

2115 4785 2170 4830 et
2198 4776 2423 4829 veniens
2451 4775 2506 4828 in
2540 4775 2771 4845 patriam
2801 4788 2957 4829 suam
2993 4773 3226 4829 docebat
3254 4787 3350 4828 eos
3377 4772 3433 4827 in
3463 4787 3698 4845 synago-

2116 4865 2198 4935 gis
2222 4879 2448 4931 eorum;
2473 4885 2490 4916 ι
2514 4862 2730 4921 Marcus
2758 4871 2939 4918 autem
2967 4862 3103 4917 ait"o
3132 4880 3145 4916 :
3174 4880 3193 4913 ι
3220 4861 3440 4916 Abiitin
3461 4861 3695 4932 patriam

2116 4971 2295 5022 suam,
2345 4964 2398 5010 et
2447 4957 2819 5027 sequebantur
2868 4970 2992 5009 eum
3035 4954 3288 5024 discipuli
3345 4953 3451 5008 sui.
3484 4971 3505 5005 ι
3536 4951 3699 5020 Qua!-

2113 5049 2342 5104 rendum
2388 5046 2553 5120 5.62
2612 5049 2780 5118 igitur
2827 5056 2882 5104 et
2933 5047 3090 5117 juxta
3141 5052 3431 5109 contextus
3482 5046 3646 5100 verba
3677 5085 3691 5105 .

2114 5151 2297 5196 utrum
2333 5139 2605 5197 Nazaretlt
2636 5142 2782 5197 dicat
2809 5141 3043 5211 patriam
3078 5154 3259 5199 suam.
3289 5153 3357 5193 an
3382 5137 3694 5193 Bethleem:

2113 5231 2381 5287 Nazareth
2414 5232 2659 5303 quidem,
2702 5241 2924 5303 propter
2953 5232 3005 5286 id
3041 5233 3123 5286 ιιι
3165 5248 3185 5283 ι
3207 5228 3499 5285 Νειενωυε
3531 5239 3699 5282 voca-

2118 5327 2295 5393 bitur;
2329 5344 2348 5377 I
2396 5325 2673 5380 Bethleem
2718 5335 2925 5390 autem,
2977 5323 3109 5394 quia
3157 5322 3214 5377 in
3249 5337 3334 5377 .ea
3386 5333 3548 5374 natus
3584 5326 3693 5373 est.

2118 5417 2388 5474 Praeterea
2432 5417 2679 5472 animum
2730 5417 2953 5472 adverto
2982 5431 3115 5470 num
3167 5413 3310 5469 forte
3353 5409 3700 5481 evangelista:

2120 5518 2344 5581 possent
2369 5510 2571 5576 dicere,
2606 5508 2812 5564 ueniens
2837 5508 2896 5562 in
2927 5507 3216 5574 Bethleem,
3259 5506 3345 5560 vel
3392 5503 3599 5559 ueniens
3641 5501 3701 5555 I'II

496 5633 543 5666 ⁸⁸
567 5631 741 5689 Levit.
764 5630 1030 5693 xxvr,10.
1107 5630 1151 5664 ⁸⁷
1200 5630 1332 5686 ibid.
1368 5628 1470 5692 12;
1500 5626 1546 5682 ll
1584 5626 1712 5685 Cor.
1759 5641 1835 5693 τι,
1872 5625 1954 5683 ιθ.

2107 5624 2291 5681 Matth.
2339 5640 2458 5694 XIII,
2485 5624 2576 5688 55,
2622 5622 2712 5678 54.
2814 5621 2860 5655 ⁸’
2886 5621 3017 5677 ibid.
3056 5620 3144 5675 ιι.
3237 5619 3284 5693 ’_'
3320 5616 3488 5673 Marc.
3527 5629 3603 5681 γι,
3640 5614 3693 5668 ι.

423 5705 466 5737 ⁹¹
507 5704 697 5759 Matth.
742 5720 812 5768 II,
847 5703 938 5757 25.

502 5796 613 5868 (ιθ)
656 5792 910 5849 Halani.
941 5789 1125 5846 Codex
1160 5790 1385 5863 Regius,
1414 5791 1788 5864 πνευματικὰ.

744 5893 1019 5955 Puncta
1065 5891 1182 5953 Gn.
1223 5891 1418 5953 λιιι.

3164 5895 3240 5951 ‘28
