4128 6466
358 436 463 494 871

1324 426 1678 486 COMMENT.
1720 429 1786 485 lN
1829 428 1960 484 MA}
1978 426 2248 484 TllA‘lUM
2291 424 2529 484 TOMUS
2573 424 2639 480 Χ.

3522 428 3626 482 878

360 556 564 624 κιὶιϐου,
614 558 765 623 υἰοῦς
824 555 1021 627 Ἰωσὴφ
1053 555 1115 607 ὲκ
1163 555 1432 625 προτέρας
1483 555 1761 621 γυναικὸς,
1817 570 1941 604 συν-

2055 552 2193 604 ducti
2236 552 2526 605 traditione
2570 550 2844 622 Evangelii
2884 551 3028 620 quod
3078 551 3378 606 secundum
3406 549 3627 606 Petrum

360 649 644 722 ῳκηκυίας
672 648 821 718 αύτῷ
847 648 953 720 πρὸ
980 648 1076 718 τῆς
1107 648 1342 717 Μαρίας.
1388 648 1449 699 ΟΞ
1481 647 1537 699 δὲ
1564 646 1734 699 ταῦτα
1761 644 1945 712 λέγον-

359 758 452 804 τες
478 741 539 793 τὸ
559 739 779 810 ἀξίωμα
806 738 907 808 τῆς
936 738 1153 809 Μαρίας
1183 738 1241 790 ἐν
1271 735 1533 807 παρθενίᾳ
1568 738 1753 807 τηρεῖν
1788 732 1947 806 μέχρι

361 833 547 895 τέλους
578 831 878 903 βούλονται,
913 832 1001 885 ἵνα
1033 830 1107 902 μὴ
1146 829 1212 883 τὺ
1235 830 1418 901 κριθὲν
1444 832 1619 882 ἐκεῖνο
1645 828 1805 899 σῶμα
1837 828 1947 880 διιιι⁴

364 921 695 995 κονήσασθαι
723 921 803 993 τῷ
836 921 1043 975 εἰπόντι
1075 921 1264 991 Λόγῳ·
1303 939 1320 972 ι
1353 920 1578 992 Πνεῦμα
1625 921 1779 989 ἆγιον
1818 921 1949 972 ἐπε-

361 1015 611 1069 λεύσεται
650 1016 744 1068 ἐπὶ
772 1014 854 1079 σὲ,
895 1014 989 1067 καὶ
1044 1012 1269 1084 δύναμις
1322 1012 1576 1080 Ὑψίστου
1637 1011 1947 1064 ἐπισκιάσει

368 1125 471 1173 σοι,
499 1127 517 1160 ι
563 1106 679 1177 γνῷ
716 1106 907 1178 κοίτην
931 1105 1126 1177 ἀνδρὸς
1157 1104 1295 1176 μετὰ
1324 1104 1385 1156 τὸ
1419 1103 1668 1157 ἐπελθεῖν
1700 1105 1759 1157 ὲν
1806 1104 1945 1176 αὐτῇ

365 1198 593 1269 Πνεῦμα
616 1197 791 1266 ἅγιον,
850 1198 945 1250 καὶ
976 1196 1075 1268 τὴν
1105 1198 1499 1249 ὲπεσκιακυῖαν
1540 1194 1680 1265 αὐτῇ
1721 1192 1948 1264 δύναμιν

363 1290 425 1357 ἐξ
457 1289 646 1360 ὕψους.
681 1288 791 1342 Καὶ
822 1284 978 1359 οἶμαι
1004 1288 1163 1357 λόγον
1206 1286 1371 1357 ἔχειν,
1406 1284 1616 1357 ἀνδρῶν
1650 1284 1749 1355 μὲν
1778 1283 1950 1338 καθα-

363 1379 590 1452 ρότητος
616 1379 720 1449 τῆς
761 1380 821 1432 ὲν
865 1378 1059 1448 ἁγνείᾳ
1089 1374 1345 1448 ἀπαρχὴν
1392 1374 1673 1444 γεγονέναι
1714 1375 1806 1427 τὸν
1845 1374 1950 1445 Ἰη-

364 1470 515 1535 σοῦν,
544 1468 818 1539 γυναικῶν
839 1469 895 1522 δὲ
924 1469 1022 1539 τὴν
1043 1468 1295 1541 Μαριάμ.
1322 1467 1396 1519 Οὐ
1421 1466 1530 1538 γὰρ
1554 1464 1821 1537 εὔφημον,
1855 1463 1949 1519 ἄλ-

360 1560 464 1633 λην
497 1561 610 1632 (-15)
641 1561 771 1632 παρ’
808 1561 1025 1631 ὲκείνην
1076 1558 1173 1630 τὴν
1203 1558 1458 1630 ἀπαρχὴν
1494 1557 1596 1628 τῆς
1649 1554 1950 1627 παρθενίας

362 1654 797 1726 ὲπιγράψασθαι.
864 1653 1121 1717 Ἰάκωϐος
1160 1653 1220 1706 δέ
1270 1653 1419 1705 ἐστιν
1455 1644 1631 1714 οὗτος,
1684 1649 1746 1704 ὃν
1797 1649 1948 1718 λέγει

365 1748 576 1813 Παῦλος
610 1750 738 1803 ἰδεῖν
774 1752 833 1803 ὲν
868 1752 934 1819 τῇ
965 1749 1102 1818 πρὸς
1147 1746 1394 1807 Γαλάτας
1438 1743 1724 1814 Ἐπιστολῇ
1756 1741 1944 1796 εἰπών·

368 1860 390 1894 ‹
421 1842 647 1912 Ἕτερον
672 1840 730 1894 δὲ
753 1840 863 1894 τῶν
889 1837 1201 1893 ἀποστόλων
1226 1837 1327 1891 ούκ
1349 1834 1488 1890 εἶδον
1514 1839 1563 1889 εἰ
1586 1835 1661 1907 μὴ
1695 1834 1949 1889 Ἰάκωϐον

365 1929 458 1984 τὸν
488 1930 717 1999 ἀδελφὸν
734 1927 831 1982 τοῦ
853 1928 1082 1999 Κυρίου.
1106 1949 1126 1981 ι
1162 1929 1284 1982 Ἐπὶ
1310 1928 1564 1982 τοσοῦτον
1576 1928 1634 1981 δὲ
1658 1927 1948 1999 διέλαμψεν

358 2016 521 2085 οῦτος
549 2024 579 2075 ὁ
637 2021 894 2084 Ἰάκωϐος
951 2022 1010 2074 ἑν
1064 2020 1144 2091 τῷ
1192 2020 1307 2092 λαῷ
1346 2022 1441 2074 ἐπὶ
1489 2020 1827 2091 δικαιοσύνῃ,
1874 2019 1951 2084 ὠς

366 2114 594 2169 Φλάϐιον
635 2112 919 2183 Ἰώσηπον,
966 2112 1362 2184 ἀναγράψαντα
1409 2113 1473 2164 tv
1527 2113 1702 2166 εἰκοσι
1727 2112 1952 2183 βιϐλίοις

367 2206 468 2276 τὴν
513 2201 809 2273 Ἰουδαῖκὴν
831 2201 1234 2272 ἀρχαιολογίαν,
1263 2202 1365 2273 τὴν
1389 2201 1569 2254 αἰτίαν
1600 2203 1951 2275 παραστῆσαι

371 2294 693 2365 βουλόμενον
731 2293 826 2347 τοῦ
852 2294 919 2346 τὸ.
938 2294 1178 2348 τοσαῦτα
1215 2292 1542 2348 πεπονθέναι
1573 2294 1665 2347 τὸν
1688 2294 1836 2358 λαὸν,
1876 2295 1953 2359 ὡς

368 2387 464 2440 καὶ
501 2386 592 2440 τὸν
613 2386 739 2441 ναὸν
789 2387 1226 2458 κατασκαφῆναι,
1269 2387 1550 2459 εἰρηκέναι
1594 2387 1738 2442 κατά
1792 2388 1953 2459 μῆνιν

365 2478 504 2532 Θεοῦ
541 2478 716 2532 ταῦτα
743 2478 927 2542 αὐτοῖς
956 2479 1355 2550 ἀπηντηκέναι,
1397 2479 1486 2534 διὰ
1540 2480 1609 2534 τὰ
1636 2482 1720 2543 εἰς
1760 2480 1949 2534 Ἰάκω-

369 2570 461 2624 ϐον
490 2570 600 2641 (16)
633 2570 724 2624 τὸν
748 2569 974 2640 ἀδελφὸν
1024 2570 1205 2641 Ἰησοῦ
1247 2570 1341 2625 τοῦ
1369 2570 1663 2642 λεγομένου
1714 2571 1950 2642 Χριστοῦ

369 2663 461 2717 ὑπ’
491 2662 669 2717 αὐτῶν
695 2662 1090 2734 τετολμημένα.
1133 2664 1244 2717 Καὶ
1294 2664 1356 2717 τὸ
1409 2664 1721 2735 θαυμαστόν
1770 2667 1949 2731 ἐστιν,

366 2756 472 2819 ὅτι,
502 2754 592 2807 τὸν
635 2754 844 2824 Ἰησοῦν
868 2754 1029 2824 ήμῶν
1067 2754 1131 2806 ού
1188 2754 1625 2826 καταδεξάμενος
1669 2755 1779 2827 (17)
1816 2750 1953 2812 εἶναι

370 2845 626 2917 Χριστὸν,
658 2844 810 2899 οὐδὲν
843 2839 1006 2915 ἦττον
1055 2843 1298 2916 Ἰακώϐῳ
1342 2845 1687 2919 δικαιοσύνην
1715 2848 1954 2921 ἐμαρτύ-

369 2956 510 3010 ρησε
538 2936 825 3008 τοσαύτην.
872 2936 1035 3006 Λέγει
1059 2936 1138 3002 δὲ,
1169 2938 1252 2991 ὅτι
1294 2938 1389 2991 καὶ
1435 2940 1466 2992 ὁ
1494 2938 1621 3004 λαὸς
1642 2940 1816 2995 ταῦτα
1840 2941 1955 2995 ὲνό-

372 3028 501 3101 μιζε
535 3028 624 3081 διὰ
650 3027 742 3081 τὸν
786 3026 1040 3082 Ἰάκωϐον
1062 3028 1410 3084 πεπονθέναι.
1436 3030 1547 3084 Καὶ
1578 3030 1782 3096 Ἰούδας
1797 3032 1956 3105 ἔγρα-

366 3122 472 3192 ψεν
517 3121 834 3193 Ἐπιστολὴν
859 3120 1192 3192 ὀλιγόστιχον
1238 3122 1367 3193 μὲν,
1413 3124 1850 3198 πεπληρωμένην
1896 3125 1955 3180 δὲ

2053 645 2503 709 ἱιι;ηρι·ἱ[›ἱιυι’,νυι
2558 643 2680 697 libri
2732 642 2939 698 Jacobi.
2995 644 3101 710 Qui
3134 659 3261 698 vero
3313 644 3365 698 id
3414 644 3629 709 dicunt,

2050 736 2235 789 Mariae
2264 737 2580 805 dignitatem
2614 736 2665 789 in
2694 736 3001 804 virginitate
3028 737 3095 791 ad
3128 737 3291 791 linem
3324 752 3498 807 usque
3533 754 3628 790 vo-

2051 830 2169 882 lunt
2203 844 2550 890 conservare,
2581 843 2647 882 ne
2699 843 2900 897 corpus
2928 829 3058 883 illud
3102 830 3332 885 electum
3367 830 3433 883 ad
3467 830 3632 883 mini-

2054 923 2338 976 strandum
2375 920 2549 974 Verbo
2578 922 2777 976 dicenti
2805 922 2850 954 9°
2885 940 2900 975 :
2944 940 2963 974 ¢
2994 921 3231 992 Spiritus
3272 932 3496 978 sanctus
3535 939 3631 977 su-

2056 1013 2331 1081 perveniet
2353 1012 2405 1065 in
2430 1021 2502 1075 te,
2530 1019 2585 1066 et
2607 1012 2779 1066 virtus
2806 1011 3070 1067 Altissimi
3100 1015 3446 1070 obumbrabit
3473 1016 3626 1076 tibi,r

2053 1104 2156 1158 viri
2198 1103 2550 1159 concubitum
2609 1112 2982 1172 cognosceret,
3046 1115 3335 1174 postquam
3390 1105 3445 1158 in
3483 1106 3632 1159 illam

2052 1206 2441 1264 supervenerat
2473 1192 2710 1263 Spiritus
2757 1202 3000 1256 sanctus,
3028 1203 3083 1249 et
3138 1197 3311 1250 virtus
3363 1194 3632 1252 Altissimi

2051 1287 2129 1341 illi
2155 1287 2516 1343 obumbrans.
2551 1288 2628 1342 Ac
2654 1286 2914 1341 existimo
2963 1286 3159 1341 rationi
3200 1296 3631 1344 consentaneum

2049 1397 2194 1447 esse,
2228 1382 2472 1436 virorum
2521 1380 2741 1450 quidem
2783 1378 3063 1434 munditici
3112 1395 3235 1449 qum
3268 1380 3321 1433 in
3381 1381 3635 1435 castitate

2051 1483 2153 1539 cst,
2184 1472 2453 1543 primitias
2479 1470 2650 1526 fuisse
2679 1468 2901 1537 Iesum;
2948 1470 3238 1525 mulierum
3263 1481 3471 1539 autem,
3508 1472 3628 1527 Ma-

2051 1566 2209 1619 riam.
2246 1564 2478 1633 lmpium
2512 1562 2655 1617 enim
2687 1573 2771 1616 est
2800 1562 2892 1616 alii
2937 1577 3003 1616 ac
3055 1563 3128 1616 illi
3160 1564 3429 1632 primitias
3461 1564 3632 1637 virgi-

2053 1656 2239 1711 nitatis
2268 1656 2584 1709 atlribuere.
2619 1652 2856 1708 Iacobus
2911 1663 3092 1707 autem
3145 1654 3191 1709 is
3234 1665 3337 1720 est,
3387 1673 3549 1727 quem
3574 1673 3634 1712 se

2054 1748 2254 1801 vidisse
2284 1744 2487 1801 Paulus
2515 1744 2796 1817 proﬁtetur
2828 1745 2882 1797 in
2933 1742 3175 1814 Epistula
3200 1747 3267 1801 ad
3297 1747 3517 1803 Galatas
3543 1750 3595 1804 di
3618 1780 3634 1793 -

2051 1856 2181 1895 cens
2210 1841 2225 1872 ¹
2250 1859 2262 1893 :
2301 1857 2320 1890 ι
2351 1839 2530 1893 Alium
2558 1846 2737 1893 autem
2765 1838 3138 1907 apostolorum
3196 1840 3306 1893 vidi
3334 1842 3630 1907 neminem,

2053 1928 2158 1985 nisi
2185 1926 2450 1983 Iacobum
2479 1925 2700 1983 fratrem
2735 1926 3005 1981 Domini.»
3065 1927 3248 1999 Usque
3285 1929 3420 1984 adeo
3448 1940 3633 1986 autem

2051 2019 2289 2076 Iacobus
2316 2021 2408 2075 hic
2435 2020 2649 2091 justitia
2679 2036 2777 2075 sua
2804 2021 2947 2092 apud
2976 2021 3237 2091 populum
3265 2023 3478 2077 celeber
3506 2022 3631 2090 fuit,

2053 2125 2113 2170 ut
2141 2113 2362 2168 Flavius
2390 2112 2662 2183 Iosephus
2688 2115 2730 2175 '.
2771 2113 2864 2183 qui
2909 2112 3101 2182 viginti
3149 2112 3302 2169 libris
3346 2113 3632 2171 Iudaicam

2053 2204 2433 2273 antiquitatem
2474 2202 2823 2272 conscripsit,
2864 2202 3125 2258 rationem
3160 2202 3387 2258 reddere
3419 2204 3632 2270 volens,

2053 2311 2224 2365 quare
2283 2295 2409 2349 talia
2459 2308 2751 2364 perpessus
2805 2293 2968 2353 fuerit
2996 2295 3248 2365 populus,
3286 2304 3348 2350 ut
3373 2297 3633 2367 templum

2053 2388 2218 2441 etiam
2252 2386 2495 2439 dirutum
2521 2384 2708 2452 fuerit,
2736 2384 2884 2440 dicat
2938 2389 3054 2441 haec
3106 2386 3212 2441 illis
3265 2386 3347 2442 ira
3379 2386 3473 2443 Dei
3504 2404 3637 2444 con-

2054 2478 2261 2548 tigisse,
2294 2486 2516 2547 propter
2564 2491 2629 2532 ea
2658 2491 2783 2546 quae
2815 2476 3078 2532 adversus
3109 2476 3374 2533 Iacobum
3407 2478 3633 2535 fratrem

2052 2568 2202 2633 Iesu,
2240 2570 2333 2640 qui
2358 2568 2615 2624 Christus
2664 2569 2887 2631 dicitur,
2921 2576 3391 2638 perpetraverunt.
3422 2570 3501 2627 Ac
3531 2573 3635 2626 mi-

2058 2663 2229 2717 rabile
2264 2663 2482 2732 quidem
2513 2661 2641 2716 illud
2664 2670 2768 2725 est,
2821 2676 2945 2716 cum
2993 2659 3179 2715 Iesum
3232 2671 3479 2717 nostrum
3513 2679 3636 2719 esse

2052 2753 2335 2808 Christum
2398 2767 2510 2806 non
2547 2750 2858 2816 crediderit,
2892 2766 3016 2805 eum
3072 2759 3253 2806 tamen
3312 2762 3514 2808 tantam
3544 2754 3637 2809 Ia-

2056 2845 2194 2901 cobo
2217 2844 2484 2914 justitiam
2511 2843 2823 2898 testimonio
2844 2857 2945 2897 suo
2975 2843 3251 2898 tribuisse.
3284 2844 3425 2900 Dicit
3449 2857 3632 2902 autem

2055 2937 2406 2993 existimasse
2458 2935 2620 2987 etiam
2674 2934 2935 3003 populum
2973 2948 3033 2990 se
3080 2937 3193 2990 hrec
3241 2934 3430 2991 Jacobi
3463 2954 3631 2994 causa

2057 3029 2404 3086 sustinuisse.
2436 3028 2504 3081 Et
2529 3024 2697 3081 Iudas
2719 3025 3017 3096 Epistulam
3068 3028 3285 3097 scripsit
3336 3045 3632 3099 paucorum

2058 3120 2279 3191 quidem
2309 3134 2588 3184 versuum,
2647 3117 2862 3188 plenam
2912 3133 3043 3173 vero
3104 3119 3413 3177 eﬂicacibus
3457 3123 3636 3177 verbis

370 3213 479 3268 τῶν
501 3215 603 3286 τῆς
621 3214 871 3286 οὐρανίου
915 3215 1136 3287 χάριτος
1190 3216 1534 3288 ἐρρωμένων
1566 3216 1761 3287 λόγων,
1800 3219 1949 3284 ὅστις

2056 3215 2243 3285 gratia:
2264 3214 2525 3277 cmlestis,
2554 3212 2647 3282 qui
2678 3211 2815 3266 dixit
2843 3211 3035 3265 initio:
3070 3230 3087 3262 ι
3121 3210 3291 3268 Iudas
3317 3212 3444 3269 Iesu
3474 3214 3635 3271 Chri-

371 3308 431 3361 ιν
461 3307 538 3378 τῷ
562 3307 833 3377 προοιμίῳ
868 3307 1108 3378 εἴρηκεν⁹
1174 3325 1193 3358 ι
1242 3308 1441 3372 Ἰούδας
1504 3309 1679 3381 Ἰησοῦ
1711 3311 1949 3383 Χριστοῦ

364 3396 574 3461 δοῦλος,
608 3396 835 3467 ἀδελφὸς
866 3397 924 3451 δὲ
969 3397 1248 3452 Ἰακώϐου.
1297 3418 1316 3451 ι
1354 3399 1492 3471 Περί
1529 3400 1586 3454 δὲ
1637 3402 1834 3475 Ἰωσὴφ
1857 3406 1952 3459 καὶ

370 3484 608 3556 Σίμωνος
631 3486 785 3540 οὐδὲν
811 3488 1195 3559 ἱστορήσαμενο
1221 3490 1282 3544 τὸ
1309 3490 1397 3543 δέ·
1431 3511 1450 3543 ι
1485 3493 1596 3546 Καὶ
1626 3494 1683 3547 αἰ
1721 3494 1950 3566 ἀδελφαὶ

367 3577 537 3632 αὐτοῦ
566 3578 689 3649 οὐχὶ
723 3581 894 3634 πᾶσαι
929 3581 1063 3653 πρὸς
1089 3584 1238 3654 ἡμᾶς
1270 3585 1374 3636 εἰσι
1397 3599 1413 3649 ;
1440 3603 1458 3636 ι
1488 3585 1637 3640 δοκεῖ
1668 3603 1758 3657 μοι
1782 3588 1954 3641 τοιοῦ-

370 3670 462 3725 τόν
493 3688 546 3725 τι
576 3671 878 3742 σημαίνειν·
913 3674 993 3728 Τὰ
1028 3674 1272 3748 ἡμέτερα
1312 3677 1599 3748 φρονοῦσιν
1618 3717 1633 3743 ,
1671 3679 1733 3732 ού
1762 3679 1830 3735 τὰ
1858 3680 1952 3734 τοῦ

384 3760 580 3830 Ἰησοῦ,
608 3762 702 3815 καὶ
726 3763 879 3816 οὐδὲν
909 3762 1056 3828 ξένον
1082 3763 1298 3835 ἔχουσιν
1333 3763 1613 3838 έξαιρέτου
1661 3766 1949 3832 συνέσεως.

369 3854 448 3918 ὡς
466 3856 495 3907 ὁ
527 3854 752 3926 Ἰησοῦς.
775 3857 1002 3927 Μήποτε
1029 3856 1087 3909 δὲ
1119 3856 1442 3928 ἐμφαίνεται
1474 3857 1563 3911 διὰ
1588 3858 1796 3913 τούτων
1822 3861 1954 3914 ὲπα-

375 3947 610 4018 πὸρησις
654 3947 784 4021 περὶ
827 3947 922 4001 τοῦ
978 3947 1114 4019 μηδὲ
1172 3948 1462 4020 ἄνθρωπον
1516 3945 1682 4018 εἶναι,
1731 3950 1868 4005 ἀλλά
1897 3968 1953 4006 τι

374 4037 644 4109 θειότερον
685 4038 779 4091 τὸν
820 4038 1047 4110 Ἰησοῦν,
1085 4038 1200 4093 υἱὸν
1233 4039 1334 4111 μὲν
1386 4040 1537 4105 ὄντα,
1588 4041 1667 4106 ὼς
1706 4041 1952 4113 ὑπελάμ-

371 4131 555 4194 ϐανον,
593 4129 789 4203 Ἰωσὴφ
817 4132 911 4186 καὶ
933 4132 1170 4204 Μαρίας,
1194 4131 1423 4202 ἀδελφὸν
1447 4132 1506 4186 δὲ
1531 4133 1833 4205 τεσσάρων,
1864 4136 1954 4188 ού-

369 4224 459 4278 δὲν
491 4224 535 4277 δ’
571 4221 736 4297 ἦττον
758 4223 856 4279 καὶ
877 4223 1082 4297 ἐτέρων
1105 4221 1357 4293 θηλειῶν,
1392 4223 1487 4277 καὶ
1536 4224 1705 4296 μηδὲν
1764 4225 1956 4297 ἔχοντά

371 4333 478 4370 τινι
503 4316 613 4370 τῶν
642 4318 707 4371 ἐκ
734 4316 923 4386 γένους
949 4316 1349 4387 παραπλήσιον,
1378 4315 1505 4387 μηδ’
1531 4317 1597 4370 ὲκ
1622 4317 1954 4385 παιδεύσεως

372 4408 464 4462 καὶ
514 4407 881 4474 διδασκαλίας,
914 4408 1009 4461 ἐπὶ
1045 4407 1295 4462 τοσοῦτον
1324 4406 1519 4477 σοφίας
1541 4408 1639 4463 καὶ
1672 4409 1953 4481 δυνάμεως

373 4500 694 4571 ὲληλακότα.
738 4499 849 4554 Καὶ
874 4498 982 4571 γὰρ
1016 4498 1249 4571 ἀλλαχοῦ
1294 4499 1534 4569 λέγουσι’
1585 4518 1604 4552 ‹
1640 4501 1766 4565 Πῶς
1799 4496 1954 4567 οὗτος

2058 3308 2125 3363 sti
2154 3321 2366 3372 servus,
2396 3305 2563 3359 frater
2611 3313 2791 3359 autem
2827 3302 3071 3359 Jacobi.»
3109 3303 3181 3359 De
3224 3304 3419 3377 Ioseph
3453 3318 3635 3364 autem

2058 3408 2113 3452 et
2140 3396 2366 3451 Simone
2398 3395 2533 3450 nihil
2562 3395 2828 3451 habemus
2859 3405 3221 3466 compertum.
3274 3395 3389 3454 lloc
3413 3415 3543 3455 vero
3572 3401 3593 3432 ³
3619 3420 3631 3452 :

2065 3507 2084 3540 ι
2116 3488 2181 3543 Et
2216 3502 2436 3543 sorores
2473 3487 2595 3558 ejus
2628 3501 2811 3542 nonne
2841 3501 3037 3542 omnes
3094 3489 3236 3557 apud
3289 3503 3388 3545 nos
3417 3493 3578 3546 sunt?
3613 3514 3630 3543 ι

2056 3580 2271 3635 videtur
2302 3578 2437 3633 mihi
2464 3579 2573 3633 tale
2604 3578 2883 3649 quidpiam
2943 3580 3283 3648 signiﬁcare:
3317 3582 3514 3639 Nostra
3545 3600 3636 3639 sa-

2057 3674 2237 3742 piunt,
2268 3688 2379 3726 non
2402 3687 2466 3726 ea
2498 3688 2621 3742 qua:
2642 3680 2768 3726 sunt
2800 3670 2951 3738 Iesu,
2978 3687 3155 3741 neque
3183 3674 3476 3744 quidquam
3505 3676 3632 3731 inu-

2058 3765 2280 3820 sitatum
2304 3772 2359 3818 et
2380 3778 2581 3817 novum
2596 3763 3026 3818 habenteximiaa
3048 3764 3432 3836 intelligentia,
3452 3783 3638 3838 quem-

2059 3856 2354 3912 admodum
2421 3855 2586 3910 habet
2639 3852 2823 3910 Iesus.
2893 3853 3198 3911 Videndum
3266 3866 3447 3913 autem
3502 3874 3635 3914 num

2058 3947 2201 4005 forte
2225 3949 2451 4004 dubium
2481 3947 2607 4004 inde
2627 3947 2849 4018 aliquod
2874 3947 3105 4015 oriatur,
3133 3947 3318 4005 Iesum
3354 3950 3633 4007 hominem

2059 4039 2382 4104 nonfuissc,
2415 4039 2509 4095 sed
2544 4039 2750 4109 aliquid
2787 4039 3047 4103 divinius,
3097 4049 3156 4095 ut
3199 4041 3293 4111 qui
3345 4044 3638 4113 essetqui-

2058 4133 2183 4188 dem
2226 4131 2394 4196 ﬁlius,
2423 4131 2502 4185 uti
2534 4129 2946 4196 existimabant,
2983 4129 3184 4201 Ioseph
3208 4140 3261 4187 et
3301 4131 3499 4197 Mariae,
3527 4135 3638 4189 tra-

2061 4232 2141 4277 ter
2168 4237 2300 4277 vero
2320 4229 2578 4292 quatuor,
2631 4219 2976 4292 aliarumque
3021 4220 3205 4276 itidem
3262 4220 3636 4291 feminarum;

2057 4316 2193 4371 nihil
2232 4329 2362 4371 vero
2412 4318 2668 4386 cuiquam
2734 4323 3093 4383 cognatorum
3145 4314 3325 4371 simile
3383 4315 3633 4383 haberet,

2059 4424 2238 4479 neque
2271 4408 2614 4463 institutione
2638 4416 2693 4462 et
2724 4407 3033 4477 disciplina,
3083 4406 3152 4461 ad
3198 4407 3305 4463 tale
3355 4408 3640 4478 sapientia)

2054 4509 2112 4557 et
2132 4500 2351 4556 virtutis
2380 4499 2656 4570 fastigium
2677 4498 2963 4554 evasisset.
2984 4498 3196 4553 Etenim
3226 4499 3355 4554 alibi
3380 4500 3571 4556 dicunt
3590 4500 3635 4558 δι

372 4592 677 4665 γράμματα
698 4588 807 4645 οἶδε
837 4592 911 4663 μὴ
938 4591 1305 4663 μεμαθηκώς;
1347 4611 1366 4644 ι
1422 4585 1527 4645 Ὧν
1569 4594 1950 4666 παραπλήσιόν

2064 4613 2082 4646 ι
2108 4592 2397 4659 Quomodo
2426 4593 2517 4647 hic
2578 4592 2790 4647 litteras
2822 4592 2945 4656 scit,
2980 4605 3107 4645 cum
3144 4606 3253 4646 non
3287 4591 3579 4648 didicerit?
3610 4613 3631 4647 ι

372 4686 489 4739 ἐστι
520 4685 616 4740 καὶ
652 4684 713 4738 τὸ
763 4683 994 4739 ἐνταῦθα
1047 4683 1355 4756 λεγόμενον,
1409 4684 1556 4757 Πλὴν
1600 4687 1651 4739 οἰ
1706 4686 1954 4756 λέγοντες

369 4778 564 4843 ταῦτα,
596 4778 691 4831 καὶ
729 4778 822 4830 επὶ
852 4775 1103 4831 τοσοῦτον
1138 4776 1563 4849 ἐπαποροῦντες,
1592 4778 1689 4832 καὶ
1714 4779 1954 4852 ὲκπλησ-

373 4870 613 4942 σόμενοι,
648 4870 750 4923 οὐκ
782 4869 1067 4923 ἐπίστευον
1121 4868 1240 4939 μὲν,
1291 4887 1311 4920 ι
1333 4868 1781 4934 ἐσκανδαλίζοντο
1808 4871 1867 4925 δὲ
1894 4874 1953 4929 ἐν

371 4963 576 5035 αὐτῷ,›
608 4964 741 5018 ὡσεὶ
765 4964 891 5026 τοὺς
913 4960 1222 5033 ὀφθαλμοὺς
1248 4961 1347 5033 τῆς
1377 4961 1613 5027 διανοίας
1642 4964 1951 5036 κρατούμε-

2061 4685 2274 4752 Quibus
2300 4693 2566 4740 consonat
2590 4684 2737 4755 quod
2762 4685 2852 4739 hic
2875 4684 3095 4739 dicitur.
3127 4682 3517 4741 Verumtamen
3541 4691 3636 4757 qui

2061 4790 2127 4831 ea
2160 4776 2437 4842 dicebant,
2486 4784 2542 4831 et
2594 4776 2731 4831 adeo
2787 4776 2982 4831 incerti
3043 4785 3098 4831 et
3147 4775 3314 4849 464
3347 4777 3636 4848 stupefacti

2059 4876 2233 4931 erant,
2265 4884 2372 4922 non
2402 4867 2697 4924 credebant
2727 4867 2969 4939 quidem,
3016 4887 3035 4919 ι
3066 4869 3159 4924 sed
3185 4870 3640 4927 scandalizaban-

2061 4973 2150 5019 tur
2175 4965 2229 5019 in
2260 4978 2326 5019 eo
2347 4964 2420 5031 ’,ι
2451 4972 2639 5035 utpote
2670 4979 2903 5034 quorum
2931 4964 3130 5019 mentis
3158 4963 3349 5020 oculos
3382 4974 3641 5037 urgerent

441 5086 487 5158 ξ’
513 5084 647 5140 Luc.
680 5100 720 5148 ι,
747 5084 935 5158 55.“)
967 5084 1141 5139 Calat.
1193 5099 1234 5149 ι,
1272 5083 1357 5139 l9.
1433 5086 1455 5116 ²
1508 5086 1545 5141 l.
1598 5102 1690 5154 xx,
1723 5085 2174 5158 Autiq.Iudaic.,
2228 5101 2350 5157 cap.
2383 5084 2437 5141 8.
2515 5086 2537 5118 ³
2574 5084 2763 5141 Matth.
2807 5102 2933 5153 xm,
2981 5084 3069 5142 56.
3150 5085 3172 5115 ⁵
3204 5082 3361 5141 Ioan.
3414 5101 3511 5151 vti,
3544 5086 3636 5146 l5.

369 5158 396 5190 ³
423 5154 616 5211 Matth.
652 5172 783 5220 xm,
832 5154 924 5211 57.

372 5263 461 5325 pta
490 5261 639 5325 su_nt,
667 5260 800 5325 etc.,
834 5251 1054 5325 noveris
1078 5266 1199 5307 esse
1221 5250 1552 5325 damnanda.
1592 5269 1638 5325 ι⁸
1659 5250 1736 5307 De
1771 5252 1951 5325 Evan—

370 5320 510 5394 gelio
538 5322 681 5378 Petri
710 5323 908 5394 librum
941 5323 1239 5393 scripserat
1264 5320 1549 5394 Serapion,
1575 5322 1643 5378 ad
1676 5324 1854 5392 ipsum
1880 5324 1949 5379 de

371 5390 585 5462 piorum
644 5393 898 5463 manibus
937 5390 1345 5448 excutiendum.
1398 5390 1787 5463 Fragmentum
1827 5395 1948 5462 ejus

372 5461 605 5518 inseruit
644 5462 912 5518 Eusebius
972 5464 1026 5518 in
1079 5463 1279 5517 Histor.
1316 5461 1531 5533 eodem;
1583 5462 1680 5518 lib.
1714 5479 1791 5533 vi,
1823 5461 1945 5533 cap.

373 5533 464 5600 12,
497 5534 940 5605 ιιη-ᾀοίόίεςίηιιιε
984 5532 1153 5588 fetum
1190 5533 1362 5605 fuisse
1383 5531 1493 5605 τῷν
1518 5532 1773 5605 Δοκητῶν
1805 5531 1948 5605 istud

371 5618 534 5674 opus.
562 5602 706 5674 Vide
719 5604 846 5674 item
876 5603 1259 5674 Hieronymum
1291 5603 1385 5674 lib.
1423 5602 1494 5657 De
1522 5602 1709 5673 script.
1739 5603 1948 5668 coclea,

372 5670 431 5728 iri
466 5673 647 5736 Petro,
679 5672 882 5728 Iacobo
910 5686 966 5728 et
995 5670 1313 5742 Serapione.
1344 5670 1608 5729 Hunnus.

472 5744 559 5819 ἰᾷ)
592 5742 1039 5819 ’ξΑμλληνηΕοιίε
1073 5743 1615 5819 εοςίιιεηάιιηι-ᾅελλῃ.

473 5811 557 5883 16)
582 5813 686 5868 Διὰ
721 5815 794 5868 τὰ
823 5816 910 5880 εἰς
952 5811 1252 5876 Ἰάκωϐον,
1285 5822 1391 5869 etc.
1441 5811 1734 5883 Vidé'qure
1778 5812 1843 5867 ad
1871 5828 1948 5867 ξο-

377 5886 614 5942 tavimus
642 5887 706 5943 ad
727 5885 822 5941 lib.
851 5901 867 5940 t
902 5883 1102 5939 Contra
1126 5884 1359 5952 Celsum,
1381 5900 1534 5941 num.
1553 5885 1640 5939 47.
1669 5884 1809 5939 Infra
1839 5885 1949 5939 Καὶ

2055 5255 2490 5327 τδίθαυμαστόν.
2509 5252 2678 5310 Forte
2712 5252 3060 5327 scribendum
3095 5253 3274 5309 καίτοι
3303 5254 3636 5326 θαυμαστόν,

2057 5326 2141 5383 vel
2165 5325 2268 5380 xui.
2282 5325 2441 5383 τοῦτο
2470 5325 2802 5394 θαυμαστόν.

2131 5396 2245 5468 (17)
2280 5396 2391 5468 τὸν
2430 5392 2675 5468 Ἰησοῦν
2700 5392 2977 5468 ήμῶιτ-οὐ
3010 5392 3511 5468 κρταδεξᾴμενος,
3529 5401 3635 5468 etc.

2055 5463 2258 5522 Eadem
2301 5466 2416 5522 haec
2471 5465 2588 5531 ipse
2620 5465 2815 5531 repetit
2837 5465 2928 5519 lib.
2964 5480 2981 5518 ι
3028 5463 3230 5517 Contra
3273 5463 3437 5526 Cels.,
3495 5465 3640 5518 unde

2056 5480 2258 5522 nauem
2301 5480 2416 5522 meo
2471 5481 2485 5518 ι
2528 5480 2588 5520 se
2620 5480 2928 5531 repetitur).
2964 5480 2981 5518 ι
3028 5480 3230 5517 contra
3273 5480 3437 5526 ecta,
3495 5480 3639 5518 unue

2056 5537 2379 5606 repudiandi
2416 5480 2615 5589 noiiilis
2645 5534 2793 5589 illius
2828 5544 2881 5589 et
2908 5534 3175 5606 loculi-nti
3205 5533 3271 5586 de
3301 5531 3524 5606 Christo
3555 5542 3639 5587 te.

2057 5602 2321 5670 sti'monii,
2358 5605 2503 5675 quod
2564 5613 2744 5659 exstat
2806 5603 2950 5673 apud
2996 5602 3294 5669 Iosephum
3359 5602 3452 5659 lib.
3506 5617 3639 5675 xviii

2056 5678 2265 5747 Antiq.,
2293 5672 2416 5745 cap.
2446 5675 2501 5747 4,
2525 5683 2909 5747 argumentum
2962 5682 3322 5747 sumpserunt
3361 5672 3637 5747 nonnulli,

2056 5757 2112 5801 et
2138 5741 2268 5801 illuc
2295 5741 2380 5816 pia
2413 5741 2631 5816 quidem
2666 5743 2876 5816 fraude.
2904 5746 2998 5800 sed
3027 5741 3230 5816 l'i-a'ude
3255 5750 3436 5797 tamen
3466 5742 3638 5800 fuisse

2059 5812 2333 5875 intrusufn
2368 5812 2787 5872 contenderunt.
2823 5813 2898 5871 De
2931 5830 2996 5872 co
3030 5827 3130 5869 nos
3164 5812 3320 5868 alias.
