4128 6430
500 385 663 441 ρεξτε)
2047 365 2207 422 0ΊῖΠὲ
2217 364 2369 420 ΕΜΞ

3733 366 3835 420 880

572 520 615 561 :t
637 507 970 574 occuparent
1003 501 1316 569 potestates,
1374 490 1440 545 dc
1494 487 1696 560 quibus
1730 493 1971 555 tempore
2021 495 2143 551 pas-

2250 493 2330 530 νοι
2361 475 2468 530 ὑπὸ
2496 475 2803 548 δυνάμεων,
2835 474 2901 539 ἃς
2924 472 3149 545 ἔμελλεν
3193 474 3250 527 tv
3282 472 3362 544 τῷ
3394 473 3573 546 καιρῷ
3597 473 3693 529 τοῦ
3733 477 3837 532 πά-

567 596 736 655 sionis
757 611 870 652 sum
892 593 946 647 in
980 592 1126 660 ligno
1151 596 1270 642 erat
1302 582 1765 653 triumphaturus.

641 687 732 744 1-8.
775 706 794 739 ι
822 684 985 741 Jesus
1010 690 1192 736 autem
1233 675 1371 733 dixit
1400 673 1520 730 eis:
1577 670 1699 725 Non
1748 676 1833 724 est
1884 668 2145 737 propheta

562 786 683 840 sine
735 782 967 842 honore,
1015 774 1124 829 nisi
1176 771 1229 826 in
1284 766 1457 839 patria
1508 779 1609 819 sua
1668 763 1743 814 ⁸.»
1782 758 2143 825 Ωυαιιεοιιᾱυιη

566 887 748 933 utrum
782 874 836 930 id
860 869 1007 941 quod
1031 866 1253 929 dicitur,
1312 860 1567 916 universe
1598 855 1651 910 in
1698 851 1997 925 quemlibet
2018 863 2146 941 pro-

532 970 780 1036 Iphetam
808 940 1040 1019 relatum
1100 954 1347 1011 eamdem
1403 956 1727 1021 potestatem
1763 959 1828 1036 ac
1868 940 2147 1036 signiﬁca-

563 1032 765 1116 tionem
798 1054 1021 1113 habeat,
1058 1046 1217 1119 quasi
1244 1040 1625 1111 unusquisque
1653 1035 1916 1108 propheta
1946 1032 2001 1086 in
2045 1043 2142 1083 sua

561 1153 740 1207 solum
773 1146 948 1218 patria
990 1142 1061 1197 sit
1121 1138 1656 1197 inhonoratus,cum
1693 1143 1802 1182 non
1831 1122 2013 1180 omnis
2050 1119 2141 1218 qui

558 1253 644 1300 est
699 1212 1100 1298 inhonoratus,
1151 1231 1205 1285 in
1255 1226 1431 1299 patria
1486 1223 1849 1277 inhonoratus
1894 1217 2002 1282 sit;
2059 1212 2145 1267 vel

560 1346 747 1391 utrum
775 1333 844 1385 de
876 1343 987 1383 uno
1017 1325 1121 1380 hoc
1145 1322 1353 1377 dictum
1384 1319 1472 1383 sit,
1520 1329 1643 1370 cum
1673 1308 2027 1381 singulariter
2061 1306 2145 1361 di-

514 1460 523 1465 »
556 1436 738 1481 catur.
776 1421 835 1476 Si
863 1420 1029 1491 igitur
1062 1414 1130 1469 de
1163 1426 1271 1467 uno
1301 1410 1415 1465 haec
1464 1407 1745 1470 dicuntur,
1779 1399 2055 1458 sullieiunt
2078 1413 2143 1453 ea

562 1534 685 1589 qtne
713 1515 857 1570 dicta
906 1517 1055 1570 sunt,
1092 1520 1217 1560 cum
1273 1517 1375 1557 nos
1407 1500 1473 1554 ad
1533 1496 1879 1589 Servatorem
1907 1492 1960 1546 id
1997 1490 2143 1589 quod

514 1631 537 1643 κ
563 1581 832 1677 scriptum
867 1612 951 1658 est
995 1599 1340 1660 referamus;
1387 1592 1471 1649 sin
1519 1597 1703 1644 autem
1750 1584 2006 1640 universe
2059 1581 2146 1637 di~

524 1714 708 1757 vctum
733 1708 836 1764 est,
866 1712 932 1752 ex
970 1691 1200 1749 historia
1230 1689 1403 1759 liquet
1445 1697 1635 1739 verum
1697 1694 1806 1735 non
1844 1692 2002 1744 esse;
2033 1689 2142 1730 non

560 1792 707 1845 enim
744 1788 891 1843 Elias
916 1786 971 1839 in
1029 1780 1285 1838 'l'besbon
1340 1773 1548 1831 Galaad
1600 1770 1707 1826 fuit
1755 1769 2139 1832 inhonoratus,

2262 568 2387 632 θους
2421 566 2778 639 θριαμϐεύειν
2809 568 2866 619 tv
2896 565 2976 636 τῷ
3006 564 3167 636 ξύλῳ.

2292 667 2306 691 ’
2334 678 2352 711 ι
2396 661 2455 713 '0
2483 660 2539 713 δὲ
2579 659 2789 731 Ἰησοῦς
2818 654 2970 712 εἶπεν
2999 659 3205 722 αὐτοῖς·
3248 658 3365 711 Οὐκ
3397 657 3515 711 ἐστι
3552 658 3839 731 προφήτης

2247 753 2440 823 ἄτιμος
2468 753 2515 805 εἰ
2577 751 2652 823 μὴ
2701 752 2758 805 tv
2790 753 2858 823 τῇ
2921 750 3143 822 πατρίδι
3180 749 3403 805 αὐτοῦ.»
3447 751 3718 822 Ζητητέον
3745 753 3840 807 πό-

2247 856 2406 910 τερον
2442 839 2745 904 καθολικῶς
2793 839 2906 893 ἴσον
2945 839 3170 896 δύναται
3197 841 3292 893 ἐπὶ
3324 840 3506 897 πάντα
3553 844 3838 915 προφήτην

2247 930 2654 1003 ἀναφερόμενον
2685 930 2747 983 τὸ
2779 929 3095 1001 λεγόμενον,
3128 931 3205 995 ὼς
3233 932 3466 987 ἑκάστου
3499 930 3612 988 τῶν
3636 950 3841 1005 προφη-

2244 1019 2354 1075 τῶν
2395 1024 2455 1077 tv
2482 1025 2550 1094 τῇ
2586 1023 2690 1095 ἰδία
2714 1023 2931 1095 πατρίδι
2963 1025 3329 1097 ἀτιμωθέντος
3365 1029 3522 1100 μόνη,
3552 1030 3614 1083 οὐ
3638 1029 3840 1093 παντὸς
3875 1062 3879 1066 >

2226 1119 2341 1174 ⁴τοῦ
2382 1119 2751 1192 ἀτιμωθέντος
2783 1122 2841 1175 tv
2869 1124 2934 1192 τῇ
2985 1124 3203 1195 πατρίδι
3255 1124 3641 1195 ἀτιμωθέντος·
3683 1125 3718 1197 ἦ
3749 1124 3844 1179 διὰ

2214 1210 2306 1265 -.τὸ
2332 1211 2529 1274 ἑνικῶς
2568 1211 2843 1283 εἰρῆσθαι,
2896 1213 3025 1285 περὶ
3064 1215 3183 1278 ἐνὸς
3234 1213 3407 1269 ταῦτα
3443 1214 3713 1271 λέλεκται.
3772 1216 3842 1272 Et

2224 1301 2471 1376 ,μὲν-οὗν
2517 1305 2648 1378 περὶ
2694 1305 2814 1370 ἑνὸς
2851 1305 3026 1360 ταῦτα
3075 1306 3316 1377 λέγεται,
3371 1310 3532 1382 ἀρκεῖ
3568 1309 3639 1363 τὰ
3682 1311 3842 1383 είρη-

2249 1397 2408 1468 μένα,
2458 1397 2847 1470 ἀναφερόντων
2904 1398 3064 1471 ήμῶν
3115 1400 3176 1454 τὸ
3208 1403 3596 1474 γεγραμμένον
3626 1403 3706 1466 είς
3744 1402 3844 1459 τὸν

2246 1488 2498 1561 Σωτῆρα·
2528 1491 2577 1543 εἰ
2609 1490 2665 1544 δὲ
2704 1488 2994 1544 καθολικόν
3048 1493 3215 1557 ἐστιν,
3245 1493 3356 1547 ἀπὸ
3391 1495 3493 1564 μὲν
3535 1494 3637 1566 τῆς
3693 1495 3845 1549 ίστο-

2220 1581 2375 1653 ιρίας
2416 1581 2516 1635 οὐκ
2556 1580 2775 1653 ἀληθές·
2821 1579 2946 1635 οὔτε
2981 1582 3091 1655 γὰρ
3132 1584 3320 1648 Ἠλίας
3375 1585 3435 1639 tv
3490 1584 3710 1639 Θεσϐὼν
3739 1584 3847 1657 τῆς

2245 1673 2460 1728 Γαλαὰδ
2485 1673 2759 1746 ἠτιμώθη,
2796 1672 2922 1728 οὔτε
2959 1673 3269 1740 Ἐλισσαῖος
3317 1677 3376 1730 tv
3434 1674 3844 1747 Ἐὁαλμαουλά,

2247 1766 2371 1823 οὔτε
2403 1769 2431 1820 ὁ
2464 1767 2718 1839 Σαμουὴλ
2773 1769 2832 1821 tv
2899 1766 3238 1840 ’Δρμαθαῒμη
3297 1767 3410 1822 οὔθ’
3473 1768 3741 1840 Ἱερεμίας
3782 1770 3846 1821 tv

559 1833 1414 1938 neci-iliisieusminEbalmaula,
1451 1880 1630 1937 neque
1682 1861 1905 1916 Samuel
1951 1860 2006 1914 in
2038 1858 2143 1914 Ar-

2256 1859 2516 1916 ’Δναθώθ·
2547 1833 3077 1935 ’τρόπολογούμενον
3130 1833 3213 1927 δέ,
3277 1861 3372 1915 καὶ
3612 1833 3840 1932 άληθές.

518 1992 521 1995 ·
559 1971 849 2035 mathaim,
890 1982 1071 2039 neque
1095 1962 1362 2019 Jeremias
1407 1960 1463 2015 in
1491 1958 1793 2015 Anatboth.
1820 1954 1935 2011 .Per
1961 1961 2144 2023 tropo-

561 2060 760 2130 logiam
790 2065 971 2113 autem
1000 2053 1353 2123 explicatum,
1404 2048 1633 2103 omnino
1661 2061 1851 2102 verum
1882 2053 1967 2101 est
1994 2041 2142 2099 :-Ju-

561 2153 735 2205 danam
768 2147 913 2204 enim
948 2158 1141 2200 eorum
1172 2157 1293 2196 esse
1331 2139 1564 2210 patriam
1592 2137 1895 2208 putandum
1934 2143 2036 2202 est,
2089 2142 2145 2190 et

559 2247 824 2310 cognatos
864 2235 1124 2291 lsraelem
1181 2233 1348 2297 hunc,
1390 2231 1616 2285 domum
1660 2237 1847 2283 autem
1911 2226 2144 2283 fortasse

560 2346 796 2401 corpus;
847 2343 1041 2383 omnes
1089 2325 1234 2381 enim
1297 2323 1352 2377 in
1411 2320 1599 2377 Judaea
1639 2321 1907 2376 dedecore
1958 2319 2140 2375 affecti

534 2421 999 2481 suntablsraele
1022 2419 1325 2476 secundum
1374 2431 1620 2479 carnem,
1672 2429 1800 2469 eum
1835 2412 2018 2468 adhuc
2050 2428 2143 2469 cs—

561 2528 683 2572 sent
720 2515 772 2568 in
834 2527 1101 2583 corpore:
1159 2507 1619 2580 quemadmodum
1672 2506 1939 2576 scriptum
1970 2515 2054 2561 est
2086 2506 2141 2560 in

530 2608 710 2663 .Actis
763 2604 1156 2677 apostolorum,
1215 2601 1266 2656 id
1324 2600 1473 2670 quod
1535 2598 1723 2669 pepuli
1779 2596 2143 2667 redarguendi

560 2713 727 2754 causa
781 2696 1056 2752 dicitur":
1122 2712 1139 2744 ι
1171 2691 1344 2758 Quem
1399 2691 1788 2761 prephetarum
1849 2704 1957 2743 non
2015 2695 2145 2744 sunt

559 2785 832 2858 persecuti
861 2794 1046 2855 patres
1068 2781 1255 2844 vestri,
1301 2795 1397 2835 eos
1450 2779 1548 2848 qui
1594 2778 2036 2850 praenuntiabant
2077 2779 2144 2834 de

561 2878 797 2933 adventu
854 2874 1085 2930 Justi?»
1138 2872 1352 2927 Similia
1411 2871 1557 2927 dicta
1618 2880 1748 2925 sunt
1796 2886 1828 2925 a
1880 2869 2052 2926 Paulo
2086 2872 2143 2926 in

559 2970 734 3041 prima
766 2969 831 3022 ad
856 2965 1377 3021 Thessalonicenses
1410 2964 1431 2995 ⁸
1458 2981 1471 3017 :
1504 2982 1523 3014 ‹
1562 2961 1674 3018 Vos
1725 2971 1909 3018 autem
1957 2963 2142 3019 imita-

541 3073 709 3114 tores
745 3058 869 3112 facti
893 3057 1046 3120 estis,
1078 3054 1293 3120 fratres,
1326 3053 1694 3109 Ecclesiarum
1724 3053 1837 3121 Dei,
1868 3069 1990 3124 qua:
2016 3064 2145 3110 sunt

2243 1953 2366 2025 Χρὴ
2401 1953 2510 2024 γὰρ
2537 1953 2775 2025 πατρίδα
2806 1954 3051 2025 νομίζειν
3075 1952 3256 2008 αὐτῶν
3287 1953 3387 2024 τὴν
3433 1953 3714 2020 Ἰουδαίαν,
3745 1957 3840 2010 καὶ

2244 2048 2533 2115 συγγενεῖς
2574 2045 2665 2099 τὸν
2726 2047 2947 2118 Ἰσραὴλ
3000 2048 3231 2111 ἐκεῖνον,
3285 2047 3466 2100 οἰκίαν
3514 2046 3571 2100 δὲ
3608 2046 3749 2119 τάχα
3779 2047 3839 2102 τὸ

2245 2137 2425 2208 σῶμα·
2459 2136 2818 2209 ἠτιμώθησαν
2870 2138 2980 2210 γὰρ
3014 2138 3215 2202 πάντες
3264 2139 3324 2192 tv
3354 2140 3419 2211 τῇ
3478 2139 3706 2212 Ἰουδαίᾳ
3733 2138 3839 2196 ὑπὸ

2244 2230 2339 2286 τοῦ
2364 2230 2511 2285 κατὰ.
2535 2231 2717 2303 σάρκα
2770 2231 3009 2304 Ἰσραὴλ,
3070 2229 3152 2286 ἔτι
3191 2230 3345 2295 ὄντες
3376 2234 3434 2285 tv
3464 2231 3543 2303 τῷ
3598 2230 3837 2303 σώματι,

2244 2322 2321 2387 ὼς
2352 2324 2409 2377 ὲν
2454 2324 2574 2388 ταῖς
2619 2323 2727 2379 τῶν
2773 2323 3087 2378 ἀποστόλων
3143 2324 3382 2397 Πράξεσι
3428 2325 3738 2398 γέγραπται
3779 2327 3840 2381 tv

2228 2415 2467 2486 ,ὲλεγμῷ
2492 2415 2784 2487 λεγόμενον
2823 2415 2959 2489 πρὸς
3010 2416 3103 2471 τὸν
3154 2416 3302 2470 λαόν·
3364 2436 3384 2469 ι
3409 2418 3543 2471 Τίνα
3584 2418 3696 2492 γὰρ
3727 2418 3840 2474 τῶν

2230 2508 2544 2579 ’προφητῶν
2564 2508 2664 2561 οὐκ
2687 2508 2915 2574 ἐδίωξαν
2953 2508 3003 2561 οί
3036 2508 3271 2580 πατέρες
3306 2508 3483 2581 ὑμῶν,
3535 2512 3665 2575 τοὺς
3706 2527 3841 2583 προ-

2245 2599 2715 2669 καταγγείλαντας
2760 2600 2890 2671 περὶ
2940 2601 3038 2672 τῆς
3080 2601 3353 2666 ἐλεύσεως
3388 2601 3481 2655 τοῦ
3521 2602 3772 2669 Δικαίου;
3810 2621 3833 2658 ι

2245 2689 2409 2760 Παρὰ
2431 2689 2490 2743 δὲ
2518 2690 2597 2761 τῷ
2630 2689 2831 2761 Παύλῳ
2858 2690 2918 2743 tv
2958 2693 3024 2763 τῇ
3075 2692 3213 2763 πρὸς
3271 2691 3680 2758 Θεσσαλονικεῖς
3706 2710 3842 2766 προ-
3902 2682 3905 2683 ν

2244 2782 2382 2854 τέρᾳ
2411 2782 2480 2837 τὰ
2500 2784 2663 2854 ὅμοια
2689 2783 2961 2837 λέλεκται·
2998 2802 3017 2836 ι
3068 2784 3257 2856 Ὑμεῖς
3277 2784 3334 2837 δὲ
3369 2786 3606 2857 μιμηταὶ
3650 2787 3841 2858 ἐγενή-

2244 2872 2397 2946 θητε,
2423 2873 2662 2944 ἀδελφοὶ,
2694 2872 2804 2928 τῶν
2859 2874 3198 2947 Ἐκκλησιῶν
3231 2874 3324 2929 τοῦ
3362 2874 3497 2929 Θεοῦ
3528 2875 3635 2930 τῶν
3658 2877 3837 2932 οὐσῶν

2244 2968 2403 3040 ὲνντῇ
2441 2969 2692 3041 Ἰουδαίᾳ,
2722 2970 2781 3023 tv
2803 2968 3029 3040 Χριστῷ
3081 2969 3278 3042 Ἰησοῦ·
3315 2970 3397 3023 ὃτι
3423 2969 3491 3024 τὰ
3520 2970 3657 3025 αὐτὰ
3702 2971 3838 3025 ἐπά-

2243 3058 2369 3114 θετε
2393 3062 2489 3115 καὶ
2520 3061 2680 3134 ὑμεῖς
2736 3061 2844 3115 ὑπὸ
2892 3060 3002 3116 τῶν
3040 3060 3186 3116 ἰδίων
3247 3062 3624 3133 συμφυλετῶν,
3658 3060 3838 3126 καθὼς

561 3155 616 3208 in
651 3150 859 3216 Iudaea,
893 3150 945 3204 in
977 3148 1198 3203 Christo
1224 3144 1397 3202 Jesu:
1431 3146 1561 3216 quia
1594 3147 1785 3202 eadem
1822 3146 1970 3216 passi
2008 3147 2142 3202 estis

2245 3152 2343 3207 καὶ
2369 3154 2527 3208 αὐτοὶ
2559 3154 2665 3207 ὑπὸ
2692 3153 2804 3208 τῶν
2848 3153 3144 3219 Ἰουδαίων,
3207 3155 3315 3208 τῶν
3356 3154 3452 3208 καὶ
3492 3154 3584 3210 τὸν
3631 3156 3839 3229 Κύριον

536 3254 616 3299 et
649 3259 745 3298 vos
772 3259 802 3297 a
833 3239 1233 3298 contribulibus
1281 3238 1500 3304 vestris,
1533 3237 1675 3293 sicut
1725 3247 1780 3294 et
1834 3237 1949 3309 ipsi,
1978 3254 2009 3293 a
2046 3237 2144 3294 Ju-

559 3337 691 3393 drcis
717 3352 731 3389 ε
757 3335 849 3406 qui
885 3342 940 3390 et
964 3332 1253 3388 Dominum
1275 3330 1594 3386 occiderunt
1619 3328 1807 3386 Jesum
1835 3340 1890 3386 et
1913 3331 2145 3402 prophe-

571 3441 680 3497 tas,
712 3437 766 3484 et
814 3442 914 3484 nos
955 3425 1230 3496 persecuti
1255 3434 1403 3490 sunt,
1448 3432 1503 3481 et
1534 3423 1645 3479 Deo
1676 3438 1783 3479 non
1814 3423 2049 3494 placent,
2092 3431 2147 3478 et

528 3522 816 3578 omnibus
837 3519 1156 3576 hominibus
1199 3519 1616 3574 adversantur.»
1669 3514 1791 3571 Non
1836 3522 1924 3572 est
1975 3515 2145 3587 igitur

530 3615 822 3685 -.propheta
850 3613 1216 3667 inbonoratus
1259 3610 1399 3665 inter
1425 3618 1647 3680 gentes;
1701 3617 1795 3663 aut
1843 3607 1991 3665 enim
2020 3622 2142 3662 om-

560 3708 692 3762 nino
717 3721 844 3762 eum
885 3721 996 3760 non
1030 3711 1256 3769 norunt,
1306 3701 1393 3757 vel
1443 3712 1737 3772 postquam
1795 3707 2069 3756 noverunt
2088 3706 2145 3754 et

530 3808 915 3870 -susceperunt
952 3799 1296 3869 prophetam,
1339 3797 1544 3854 colunt.
1576 3795 1737 3852 Tales
1766 3802 1897 3851 sunt
1935 3802 2145 3859 autem,

559 3892 654 3963 qui
686 3901 816 3947 sunt
865 3905 933 3946 ex
991 3889 1259 3945 Ecclesia.
1318 3887 1725 3943 Dedecorantur
1786 3896 1971 3941 autem
2017 3898 2146 3955 pro-

533 3983 756 4050 phetae,
789 3980 1027 4050 primum
1060 3979 1280 4049 quidem
1331 3992 1480 4045 cum,
1511 3976 1669 4048 juxta
1710 3976 2023 4043 historiam,
2049 3990 2145 4031 eos

563 4079 864 4126 utsectatur
889 4068 1166 4141 populus;
1219 4068 1698 4133 secundoautem,
1748 4082 1873 4124 cum
1907 4066 2146 4137 prophe—

561 4161 649 4215 tiae
668 4158 1036 4216 eorumtidem
1063 4156 1297 4229 populus
1323 4172 1435 4211 non
1461 4156 1702 4212 adhibet.
1722 4154 1780 4212 Si
1800 4156 1947 4212 enim
1972 4155 2143 4226 Moysi

533 4262 614 4307 «et
638 4253 922 4324 prophetis
954 4251 1317 4307 credidissent
1340 4254 1385 4316 θ,
1415 4250 1775 4305 credidissent
1829 4256 1884 4303 et
1924 4248 2144 4302 Christo

558 4344 777 4400 ducenti
828 4343 1234 4400 consectarium
1284 4357 1406 4398 esse
1470 4341 1818 4396 credentibus
1882 4337 2052 4410 Moysi
2089 4347 2147 4394 et

562 4436 1107 4505 prophetis,crede're
1134 4445 1189 4490 et
1228 4434 1476 4501 Christo;
1532 4443 1588 4490 et
1635 4448 1744 4488 non
1794 4431 2143 4487 credentibus

2237 3245 2686 3300 ’ἀποκτεινάντων
2748 3245 2957 3318 Ἰησοῦν
3016 3247 3112 3300 καὶ
3165 3248 3294 3310 τοὺς
3355 3249 3641 3319 προφήτας
3663 3287 3679 3314 ,
3743 3248 3839 3303 καὶ

2246 3340 2394 3410 ἡμᾶς
2452 3338 2848 3406 ἐκδιωξάντων,
2903 3338 2999 3392 καὶ⁵
3045 3338 3164 3411 Θεῷ
3217 3339 3291 3411 μὴ
3346 3340 3708 3411 ἀρεσκόντων,
3740 3342 3839 3395 καὶ

2247 3434 2415 3486 πᾶσιν
2448 3430 2756 3503 ἀνθρώποις
2801 3431 3117 3487 ἐναντίων.»
3153 3433 3268 3486 Οὐκ
3301 3431 3447 3485 ἔστιν
3499 3427 3592 3487 οὖν
3623 3434 3837 3504 προφή-

2238 3541 2344 3595 της
2370 3525 2564 3595 άτιμος
2590 3524 2649 3576 tv
2689 3526 2804 3588 τοῖς
2839 3523 3080 3579 ἔθνεσιν·
3109 3525 3142 3596 ἢ
3178 3523 3289 3597 γὰρ
3318 3523 3426 3577 οὐδ’
3459 3523 3597 3588 ὅλως
3625 3523 3835 3586 οἴδασιν

2246 3617 2435 3684 αὐτὸν,
2458 3617 2492 3688 ἢ
2526 3615 2791 3687 μαθόντες
2818 3616 2914 3670 καὶ
2940 3616 3375 3690 παραδεξάμενοι
3430 3616 3593 3670 αὑτὸν
3618 3616 3835 3687 προφή-

2245 3724 2365 3777 την,
2399 3705 2621 3778 τιμῶσι.
2663 3705 2909 3760 Τοιοῦτοι
2939 3705 2998 3759 δὲ
3039 3707 3091 3762 οἱ
3143 3706 3252 3760 ἀπὸ
3290 3706 3637 3780 Ἐκκλησίας.
3689 3707 3834 3760 ’Δτι-

2256 3800 2519 3873 μάζονται
2560 3798 2694 3853 δὲοὶ
2740 3798 3039 3871 προφῆται,
3092 3798 3309 3871 πρῶτον
3364 3799 3466 3871 μὲν
3515 3797 3838 3869 διωχθέντες

2246 3894 2390 3949 κατὰ
2422 3893 2662 3966 ἱστορίαν
2695 3891 2800 3947 ὑπὸ
2819 3891 2913 3947 τοῦ
2937 3891 3087 3947 λαοῦ·
3111 3891 3361 3963 δεύτερον
3385 3892 3462 3957 δὲ,
3484 3892 3557 3963 μὴ
3578 3908 3840 3946 πιστευο-

2254 3988 2426 4060 μένης
2457 3986 2641 4041 αὐτῶν
2666 3985 2768 4056 τῆς
2801 3984 3141 4058 προφητείας
3174 3985 3279 4038 ὑπὸ
3316 3985 3411 4039 τοῦ
3451 3984 3603 4037 λαοῦ.
3639 3985 3703 4038 Ei
3729 3983 3839 4056 γὰρ

2246 4078 2530 4132 ἐπίστευον
2558 4078 2783 4132 Μωῦσεῖ
2803 4077 2899 4131 καὶ
2926 4078 3258 4150 προφήταις,
3299 4078 3581 4133 ἐπίστευον
3611 4076 3677 4131 ἂν
3703 4078 3841 4151 Χρι-

2247 4168 2382 4240 στῷ,
2410 4168 2491 4240 τῷ
2518 4169 3055 4240 παραστήσαντι,ὃτι
3078 4166 3365 4222 ἀκολουθεί
3389 4171 3505 4232 τοῖς
3526 4167 3837 4222 πιστεύουσι

2245 4262 2456 4333 Μωῦσῇ
2493 4262 2590 4314 καὶ
2620 4261 2934 4332 προφήταις
2982 4261 3265 4315 πιστεύειν
3293 4260 3546 4333 Χριστῷ,
3603 4261 3697 4314 καὶ
3726 4262 3837 4323 τοῖς

2249 4353 2325 4425 μὴ
2359 4352 2676 4409 πιστεύουσι
2703 4352 2924 4425 Χριστῷ
2947 4353 3007 4407 τὸ
3032 4354 3106 4426 μὴ
3133 4348 3410 4408 πιστεύειν
3433 4356 3679 4408 Μωῦσεῖ.
3715 4353 3838 4404 Ἔτι

2245 4443 2303 4497 δὲ
2325 4442 2517 4516 ὥσπερ
2565 4444 2654 4497 διὰ
2704 4443 2806 4513 τῆς
2845 4444 3213 4516 παραϐάσεως
3244 4445 3338 4498 τοῦ
3373 4445 3540 4516 νόμου
3584 4444 3674 4497 τὸν
3705 4441 3839 4496 Θεὸν

544 4525 805 4591 ο-ιὶιιιήειο,
835 4524 1009 4597 Moysi
1032 4539 1139 4579 non
1162 4525 1403 4579 credere.
1428 4522 1700 4579 Praterea
1731 4530 1936 4586 autem,
1956 4537 2143 4592 quem-

2252 4536 2541 4607 ἀτιμάζειν
2572 4538 2600 4590 ὁ
2630 4536 2961 4608 ἁμαρτάνων
3005 4535 3249 4606 λέγεται,
3302 4536 3447 4591 οὕτω
3489 4536 3578 4589 διὰ
3629 4533 3722 4586 τοῦ
3759 4531 3834 4603 μὴ

560 4618 853 4673 admodum
913 4633 1009 4690 per
1057 4618 1552 4688 transgressionem
1598 4616 1735 4688 legis
1777 4617 1872 4687 qui
1920 4629 2143 4687 peccat,

561 4716 673 4773 Deo
708 4716 911 4772 dicitur
933 4715 1173 4771 dedecus
1199 4714 1432 4782 inferre;
1475 4716 1550 4768 ita
1595 4730 1702 4771 non
1734 4714 2018 4771 credendo
2075 4713 2144 4769 iis

559 4826 682 4880 quae
713 4811 1104 4881 praedicuntur,
1174 4808 1472 4878 ignominia
1503 4798 2047 4876 atlicitur'prophcta
2076 4806 2146 4861 ab

557 4918 624 4957 eo
661 4903 757 4973 qui
785 4903 1087 4973 prophetiis
1142 4901 1305 4956 ﬁdem
1346 4915 1454 4955 non
1488 4899 1730 4955 adhibet.
1780 4896 1926 4954 Utile
1958 4905 2139 4955 autem

544 4990 893 5061 :fueritjuxta
918 4990 1203 5045 historiam
1235 4987 1441 5044 referre
1472 5004 1593 5059 quae
1620 4988 1675 5042 in
1706 4988 1909 5058 populo
1946 5003 2142 5058 passus

560 5090 644 5136 νει
668 5080 961 5147 Jeremias,
995 5082 1063 5137 de
1093 5082 1295 5152 quibus
1326 5080 1467 5135 dixit
1498 5080 1540 5112 ²⁰
1580 5097 1591 5133 :
1639 5097 1660 5131 ι
1692 5078 1757 5134 Ει
1815 5079 1947 5146 dixi,
1977 5070 2140 5151 ΜΞ

560 5173 677 5228 Non
730 5174 944 5242 loquar,
983 5189 1161 5244 neque
1214 5171 1516 5227 nominabo
1572 5186 1771 5225 nomen
1826 5169 2077 5236 Domini;
2117 5191 2136 5223 ι

558 5279 609 5321 ιιι
635 5282 828 5321 rursus
873 5266 1001 5320 alibi
1037 5283 1051 5318 :
1094 5284 1116 5315 ι
1143 5263 1413 5334 Perpetuo
1451 5263 1826 5331 subsannatus
1869 5278 1996 5318 sum
2036 5264 2134 5317 η.»

554 5354 910 5422 Quaecunque
931 5369 1058 5409 vero
1073 5352 1301 5424 iubente
1328 5368 1455 5421 rege
1484 5351 1700 5407 lsraelis
1725 5361 1854 5407 tunc
1878 5354 2140 5423 temporis

563 5454 819 5518 regnante
847 5460 1044 5515 passus
1065 5453 1168 5511 est,
1200 5444 1255 5498 in
1283 5443 1403 5514 ejus
1430 5442 1711 5514 prophetia
1750 5444 1952 5513 scripta
1989 5456 2138 5499 sunt.

559 5536 862 5594 Nonnullos
918 5537 1082 5593 etiam
1135 5552 1166 5593 e
1204 5536 1407 5607 populo
1456 5535 1523 5590 ad
1575 5534 1817 5607 Moysem
1871 5535 2143 5605 lapidibus

557 5632 899 5686 obruendum
935 5646 1078 5701 sape
1106 5630 1426 5695 accessisse,
1454 5630 1507 5685 id
1537 5629 1702 5684 etiam
1731 5629 1998 5698 scriptum
2034 5638 2141 5695 est;

2253 4628 2531 4683 πιστεύειν
2589 4627 2668 4699 τῷ
2715 4628 3181 4701 προφητευομένῳ
3224 4628 3546 4701 άτιμάζεται
3594 4623 3700 4678 ὑπὸ
3740 4621 3834 4674 τοῦ

2252 4720 2613 4784 ἀπιστοῦντος
2642 4723 2765 4785 ταῖς
2804 4721 3167 4793 προφητείαις
3194 4724 3224 4776 ὁ
3244 4722 3547 4793 προφήτηςο
3576 4716 3836 4786 Χρήσιμα

2251 4811 2310 4865 δὲ
2342 4812 2419 4876 ὡς
2461 4813 2600 4885 πρὸς
2636 4813 2737 4884 τὴν
2784 4814 3034 4885 ἱστορίαν
3082 4811 3442 4878 ἀναλέξασθαι
3491 4810 3526 4864 ἃ
3565 4805 3836 4862 πέπονθεν

2264 4905 2534 4978 Ἱερεμίας
2587 4907 2645 4960 tv
2690 4906 2768 4978 τῷ
2816 4907 2952 4977 λαῷ,
2985 4907 3070 4977 ἐφ’
3096 4900 3176 4969 οἷς
3216 4902 3355 4959 εἷπε·
3395 4921 3413 4953 ι
3441 4903 3552 4957 Καὶ
3575 4896 3724 4955 εἶπα·
3758 4899 3836 4953 Οὐ

2253 4997 2329 5070 μὴ
2353 4996 2596 5067 λαλήσω,
2652 4998 2775 5052 οὐδὲ
2817 5000 2891 5070 μὴ
2923 4998 3175 5068 ὀνομάσω
3219 4996 3280 5049 τὸ
3332 4994 3504 5065 ὄνομα
3554 4991 3782 5064 Κυρίου·
3810 5009 3834 5043 ι

2250 5084 2346 5138 καὶ
2384 5083 2547 5137 πάλιν
2597 5084 2852 5155 ἀλλαχοῦ·
2910 5104 2929 5138 ‹
2952 5084 3240 5139 Διετέλεσα
3307 5082 3832 5155 μυκτηριζόμενος.»

2252 5174 2393 5229 Ὅσα
2426 5173 2484 5228 δὲ
2512 5176 2605 5229 καὶ
2628 5176 2734 5230 ὑπὸ
2758 5174 2853 5231 τοῦ
2878 5176 3003 5230 τότε
3030 5175 3297 5246 βασιλέως
3329 5175 3426 5230 τοῦ
3486 5174 3705 5248 Ἰσραὴλ
3732 5174 3835 5229 πέ-

2250 5265 2466 5331 πονθεν,
2508 5269 2568 5320 tv
2594 5270 2661 5339 τῇ
2707 5268 3015 5340 προφητείᾳ
3044 5267 3210 5322 αὑτοῦ
3246 5269 3684 5341 ἀναγέγραπται.
3726 5266 3836 5321 Καὶ

2249 5359 2490 5414 Μωῡσὲα
2522 5359 2578 5413 δὲ
2600 5361 2682 5414 ὅτι
2724 5356 2886 5433 ἦλθον
2929 5360 3190 5426 πολλάκις
3222 5361 3569 5418 λιθόλευστον
3608 5359 3836 5431 ποιῆσαι

2249 5453 2298 5504 οἱ
2334 5452 2442 5506 ἀπὸ
2468 5450 2564 5505 τοῦ
2591 5450 2744 5517 λαοῦ,
2776 5453 2872 5506 καὶ
2898 5453 3058 5509 τοῦτο
3095 5455 3439 5528 γέγραπται·
3467 5456 3562 5509 καὶ
3590 5448 3659 5526 ἦν
3687 5452 3836 5522 αὑτῷ

2254 5544 2455 5615 πατρὶς
2483 5544 2584 5615 οὐχ
2617 5546 2667 5599 οι
2707 5544 2843 5599 λίθοι
2887 5546 3035 5612 τινὸς
3076 5547 3264 5613 τόπου,
3312 5547 3427 5602 ἀλλ’
3459 5549 3509 5601 οἱ
3539 5543 3838 5619 ἀκολουθήτ

2256 5652 2444 5699 σαντες
2470 5635 2623 5708 αὐτῷ
2646 5638 2674 5691 ό
2700 5635 2848 5703 λαὸς,
2918 5639 3049 5711 παρ’
3084 5633 3165 5705 οἷς
3211 5641 3306 5695 καὶ
3362 5639 3523 5704 αὐτὸς
3559 5635 3832 5709 ἠτιμώθη·

629 5812 650 5843 ⁸
679 5810 865 5867 Matth.
907 5814 1125 5884 1111,17.
1197 5815 1221 5850 ⁷
1251 5816 1373 5871 Act.
1430 5830 1524 5882 vn,
1562 5812 1652 5869 52.
1712 5814 1735 5848 ⁸
1761 5812 1783 5868 l
1811 5812 2060 5870 Thcssal.
2098 5832 2159 5879 ιι,
2190 5817 2279 5890 ii,
2318 5817 2401 5871 t5.
2479 5819 2500 5851 θ
2528 5817 2687 5875 Joan.
2728 5835 2783 5885 ν,
2808 5818 2899 5876 46.
2978 5820 3023 5852 ¹⁰
3054 5818 3255 5877 Jcrem.
3289 5834 3385 5899 xx,
3415 5818 3469 5873 9.
3546 5818 3588 5849 “
3620 5815 3757 5871 ibid.
3783 5813 3839 5875 Ἰ.
