4128 6432
558 434 662 489 885

2029 424 2351 483 OBlGENlS

3704 423 3807 480 884

562 558 677 604 tore
707 545 792 599 ":
841 562 862 596 ι
889 542 1197 599 Secundum
1226 540 1342 595 lucc
1367 540 1513 596 enim
1551 538 1825 595 faciebant
1849 539 2129 609 prophetis

2251 540 2461 601 ιισοῖτο,
2495 540 2589 592 καὶ
2619 535 3038 599 ἐπιϐουλεύοιτο,
3068 536 3144 598 ὡς
3171 534 3523 605 διωκόμενος,
3557 534 3653 589 καὶ
3674 536 3811 591 ὀνει-

559 652 744 713 patres
765 651 1007 695 θοι-ατη.»
1044 634 1145 701 Qui
1169 643 1349 688 autem
1380 632 1448 687 ad
1489 632 1606 688 haec
1631 632 1916 703 diligenter
1950 639 2128 685 atten-

561 736 672 799 det,
706 732 750 787 si
776 737 1056 800 propterea
1090 725 1235 796 quod
1264 724 1576 795 rigidiorem
1607 725 1774 777 vitam
1799 721 1970 789 ducit,
1999 736 2131 792 pec-

559 833 856 891 cantcsque
885 821 1148 888 increpat,
1182 817 1235 870 in
1272 816 1460 870 odium
1496 814 1748 878 incurrit,
1811 812 2135 881 insidiisque

561 915 782 986 petitur,
818 919 1007 980 utpote
1066 908 1160 978 qui
1221 905 1655 977 persecutionem
1711 911 1931 972 propter
1970 901 2133 970 justi-

562 1009 692 1062 tiam
723 1004 952 1077 patitur,
1002 1000 1329 1072 probrisque
1375 997 1703 1059 lacessitur,
1761 1009 1867 1048 non
1910 992 2131 1058 dolebit;

561 1098 693 1167 quin
723 1095 907 1165 potius
958 1090 1234 1164 gaudebit,
1289 1097 1346 1142 et
1398 1086 1712 1150 exsultabit,
1760 1084 1839 1139 sie
1889 1083 2133 1137 animum

561 1188 847 1253 inducens,
882 1196 1104 1256 propter
1128 1181 1244 1236 haec
1276 1177 1579 1233 mercedem
1612 1191 1672 1231 se
1706 1174 1930 1229 multam
1956 1172 2009 1226 in
2031 1187 2137 1227 ere.

563 1279 629 1333 iis
654 1277 723 1332 ab
745 1290 811 1332 eo
846 1285 1218 1344 recepturum,
1275 1284 1305 1323 a
1341 1283 1451 1338 quo
1484 1265 1767 1340 prophetis
1792 1262 1895 1316 fuit
1918 1261 2135 1318 assimi-

2236 629 2513 700 διζόμενος
2536 629 2718 684 ’ἐνεκεν
2750 628 3112 698 δικαιοσύνης,
3147 628 3208 680 οὐ
3262 627 3420 697 μόνον
3460 626 3523 681 οὗ
3575 626 3815 700 λυπηθή-

2242 738 2413 789 σεται,
2446 720 2582 774 ἀλλὰ
2614 723 2709 773 καὶ
2737 721 3056 792 χαρήσεται,
3084 719 3176 771 καὶ
3202 715 3608 786 ἀγαλλιάσεται,
3639 719 3815 774 πειθό-

2242 830 2403 883 μενος
2437 812 2524 866 διὰ
2549 812 2722 866 ταῦτα
2754 810 2942 883 μισθὸν
2964 810 3105 881 ἔχειν
3137 810 3304 864 πολὺν
3325 812 3382 863 ἐν
3424 813 3536 874 τοῖς
3565 812 3817 883 οὐρανοῖς

2239 904 2347 957 ἀπὸ
2375 904 2468 958 τοῦ
2492 903 2853 975 ὁμοιώσαντος
2889 902 3053 956 αὐτὸν
3094 904 3205 964 τοῖς
3250 903 3577 974 προφήταις,
3627 905 3690 955 ἐκ
3716 901 3815 956 τοῦ

2238 993 2412 1048 ταῦτα
2440 994 2784 1048 πεπονθέναι.
2824 993 3211 1063 ’Δτιμάζεσθαι
3238 993 3416 1047 τοίνυν
3437 995 3494 1047 ἐν
3521 993 3599 1065 τῷ
3623 994 3815 1066 κόσμῳ

2240 1085 2335 1138 καὶ
2363 1085 2513 1157 παρὰ
2533 1089 2646 1150 τοῖς
2662 1084 3036 1157 ἁμαρτάνουσι
3081 1083 3435 1157 βαρουμένοις
3466 1084 3546 1155 τῷ
3576 1084 3675 1157 βίῳ
3715 1084 3815 1138 τοῦ

2241 1176 2451 1231 δικαίου
2478 1180 2584 1248 χρὴ
2608 1178 2700 1232 τὸν
2732 1176 2999 1250 ζηλοῦντα
3043 1177 3157 1247 βίον
3190 1179 3546 1249 προφητικὸν,
3570 1176 3664 1231 καὶ
3706 1194 3817 1248 χω-

2246 1268 2559 1338 ρήσαντατδ
2587 1268 2646 1320 ἐν
2669 1269 2900 1333 ἐκείνοις
2930 1268 3175 1339 Πνεῦμα.

560 1375 731 1437 latus,
756 1366 901 1436 quod
933 1368 1046 1417 haec
1098 1375 1294 1429 passus
1350 1356 1531 1410 fuerit.
1580 1352 1900 1408 Dedecorari
1952 1351 2118 1421 igitur
2176 1364 2389 1423 oportet
2434 1357 2489 1412 in
2549 1358 2786 1423 mundo,
2844 1366 2899 1412 et
2941 1373 2972 1412 a
3020 1358 3400 1428 peccatoribus
3461 1359 3620 1413 vitam
3666 1357 3805 1428 justi

563 1459 798 1530 graviter
849 1453 1182 1515 ferentibus,
1235 1463 1359 1503 eum
1424 1445 1518 1516 qui
1571 1444 1735 1498 vitam
1793 1441 2165 1512 prophetieam
2220 1442 2493 1515 imitatur,
2553 1458 2608 1504 et
2653 1446 2911 1518 Spiritum
2971 1448 3064 1518 qui
3119 1449 3173 1503 in
3228 1450 3505 1521 prophetis
3551 1457 3670 1516 est,
3721 1465 3816 1505 ae-

567 1571 583 1606 .
753 1638 957 1696 Deinde
990 1635 1175 1690 videre
1231 1632 1357 1688 licet
1384 1628 1514 1684 illud
1539 1629 1624 1682 “:
1674 1647 1693 1678 ι
1722 1625 1841 1681 Non
1903 1624 2032 1680 fecit
2056 1624 2132 1680 ibi

561 1737 791 1790 virtutes
829 1730 1030 1785 multas
1079 1733 1299 1797 propter
1355 1720 1791 1777 incredulitatem
1841 1712 2137 1773 illoruma'

2321 1627 2476 1699 Ἑξῆς
2508 1626 2656 1681 ἔστιν
2693 1627 2935 1701 ίδεῖντό·
2993 1647 3011 1678 ι
3040 1628 3153 1681 Οὐκ
3186 1626 3437 1698 ἐποίησεν
3481 1628 3597 1681 ἐκεῖ
3648 1627 3819 1681 δυνά-

2244 1738 2365 1792 μεις
2392 1720 2591 1785 πολλὰς
2617 1720 2705 1775 διὰ
2734 1720 2834 1791 τὴν
2882 1719 3135 1775 ἀπιστίαν
3185 1714 3417 1774 αὐτῶν.»
3472 1718 3573 1771 Διὰ
3603 1717 3818 1773 τούτων

563 1831 666 1887 Per
696 1829 788 1883 illa
818 1833 997 1880 autem
1025 1793 1288 1876 docemur
1315 1817 1547 1871 virtutes
1578 1815 1633 1869 in
1667 1813 2014 1869 credentibus
2055 1808 2140 1865 fa-

2251 1808 2299 1862 δὲ
2330 1808 2711 1880 διδασκόμεθα,
2743 1809 2824 1862 ὅτι
2851 1810 2905 1864 αἱ
2939 1809 3196 1881 δυνάμεις
3220 1809 3277 1861 ἐν
3314 1811 3427 1873 τοῖς
3464 1807 3820 1863 πιστεύουσιν

562 1932 678 1977 etas
706 1919 897 1981 fuisse,
927 1910 1370 1985 quandoquidem
1408 1926 1427 1959 ι
1459 1908 1608 1963 omni
1638 1906 1734 1977 qui
1765 1905 1952 1969 habet,
1981 1902 2142 1959 dabi-

564 2026 677 2079 tur,
712 2021 767 2066 et
798 2005 1100 2063 abundabit
1145 2004 1230 2067 ¹²;
1261 2020 1281 2054 ι
1340 2001 1393 2055 in
1445 1997 1741 2053 incredulis
1797 2004 1981 2052 autem
2032 2009 2144 2050 non

563 2102 729 2160 modo
752 2115 862 2155 non
895 2098 1074 2170 egisse
1093 2094 1325 2148 virtutes
1346 2134 1360 2159 ,
1388 2090 1481 2146 sed
1514 2088 1979 2159 quemadmodum
2005 2085 2143 2141 scri—

565 2193 675 2265 psit
705 2190 944 2255 Marcus,
978 2201 1082 2242 nee
1134 2183 1382 2255 potuisse
1439 2195 1619 2250 agere.
1679 2180 1937 2233 Animum
1997 2177 2143 2233 enim

567 2286 793 2342 adverte
821 2282 888 2337 ad
914 2279 1046 2335 illud
1080 2278 1167 2332 ¹³ι
1232 2294 1252 2327 ι
1292 2274 1360 2328 Ει
1384 2288 1491 2328 nou
1525 2279 1740 2342 poterat
1769 2270 1843 2325 ibi
1891 2271 2145 2324 virtutem

566 2380 735 2435 ullam
762 2376 1034 2443 facere“
1088 2387 1198 2428 non
1256 2369 1400 2426 enim
1452 2368 1613 2430 dixit,
1666 2386 1684 2418 ι
1719 2363 2145 2443 nolebat,i_sed,

572 2493 595 2526 ι
618 2488 726 2529 non
753 2440 1018 2541 poterat,»
1048 2474 1308 2535 tanquam
1367 2461 1421 2516 in
1465 2459 1719 2513 virtutem
1767 2440 2014 2528 agentem
2043 2456 2144 2510 ad-

566 2564 779 2620 veniret
823 2557 1197 2628 adjumentum
1233 2570 1299 2609 ex
1360 2552 1513 2607 illius
1545 2551 1649 2605 title
1687 2550 1740 2604 in
1788 2564 1949 2619 quem
1973 2549 2147 2603 virtus

566 2654 800 2727 agebat;
842 2649 1197 2722 impediretur
1249 2654 1429 2701 autem
1484 2642 1554 2697 ab
1587 2641 1985 2705 incredulitate,
2017 2654 2150 2709 quo-

566 2749 751 2803 minus
795 2751 998 2814 agerct.
1042 2738 1180 2795 Nota
1231 2748 1411 2793 autem
1467 2734 1877 2805 quaerentibus:
1918 2752 1936 2784 ι
1969 2731 2148 2798 Quare

568 2852 677 2895 non
713 2834 991 2906 potuimus
1023 2830 1222 2901 ejicere
1249 2829 1381 2883 illud
1402 2828 1429 2880 Ὺ
1450 2846 1467 2879 ι
1497 2827 1699 2882 dixisse
1734 2825 1887 2879 illum
1923 2843 1936 2878 :
1968 2843 1985 2874 ι
2015 2821 2152 2877 Pro-

570 2937 694 2999 pter
727 2924 1165 2981 incredulitatem
1193 2932 1430 2976 vestram
1451 2920 1535 2986 ἰς
1567 2938 1587 2971 ι
1622 2927 1677 2974 et
1727 2918 1891 2973 Petro
1915 2915 2144 2987 jamjam

572 3017 745 3083 mergi
780 3024 959 3085 empto
1009 3014 1214 3068 dictum
1261 3025 1424 3066 esse:
1488 3008 1756 3071 «Modica:
1786 3006 1931 3069 ﬁdei,
1976 3021 2148 3076 quare

575 3109 834 3167 dubitasti
852 3109 897 3140 ”
911 3108 963 3161 ἲ»
983 3104 1088 3160 Sed
1115 3113 1170 3159 et
1190 3118 1313 3174 qua:
1340 3100 1622 3171 sanguinis
1640 3098 1907 3169 proﬂuvio
1927 3098 2145 3152 labora—

582 3203 694 3265 bat,
729 3215 834 3254 non
865 3197 1047 3254 sanari
1085 3194 1384 3266 postulans,
1427 3192 1521 3247 sed
1556 3201 1766 3246 tantum
1803 3193 2069 3260 cogitans,
2101 3191 2146 3246 si

579 3299 823 3360 tangeret
855 3287 1121 3342 ﬁmbriam
1154 3282 1462 3339 vestimenti
1487 3282 1654 3348 illius,
1705 3280 1945 3336 futurum
1976 3289 2035 3335 ut
2062 3296 2153 3336 sa-

576 3393 830 3445 narctur;
891 3378 1075 3435 statim
1130 3385 1321 3432 sanata
1377 3383 1480 3440 est,
1546 3382 1600 3429 et
1644 3372 1948 3428 sanationis
2012 3371 2151 3426 hanc

576 3476 748 3532 fuisse
776 3473 1042 3529 rationem
1104 3471 1222 3540 ipse
1265 3467 1521 3523 Servatur
1552 3466 1801 3539 agnoscit
1832 3464 2020 3521 dicens
2057 3465 2103 3496 "
2134 3484 2146 3519 :

581 3587 600 3618 ι
630 3568 765 3634 Quis
794 3580 880 3620 me
914 3561 1127 3632 tetigit?
1186 3575 1310 3613 nam
1363 3571 1464 3628 ego
1520 3556 1646 3611 novi
1677 3556 1931 3610 virtutem
1970 3555 2037 3609 de
2065 3568 2151 3608 me

575 3656 907 3715 cxi'sse.»Et
939 3653 1168 3710 forsitan
1199 3648 1660 3722 quemadmodum
1718 3648 1773 3703 in
1828 3647 2152 3717 corporibus

577 3755 718 3808 inest
744 3750 1071 3822 quibusdam
1135 3746 1200 3800 ad
1244 3744 1489 3815 quaedam
1548 3740 1813 3797 naturalis
1866 3738 2147 3804 attractiu,

576 3839 1036 3916 quemadmodum
1053 3838 1219 3909 lapidi
1239 3834 1518 3905 magnesio
1535 3835 1600 3889 ad
1620 3832 1846 3899 ferrum,
1867 3833 1983 3887 etei
2004 3831 2151 3901 quod

578 3936 817 4005 naphtha
851 3932 1152 4003 appellatur
1190 3931 1256 3985 ad
1279 3929 1481 4001 ignem,
1509 3928 1583 3982 ita
1619 3927 1711 3982 tali
1736 3926 1857 3980 ﬁdei
1898 3925 1964 3979 ad
2005 3924 2150 3979 divi-

579 4043 704 4081 nam
724 4028 973 4081 virtutem
999 4042 1013 4079 :
1035 4024 1187 4095 juxta
1205 4022 1346 4093 quod
1362 4030 1415 4076 et
1431 4020 1562 4075 illud
1594 4020 1797 4074 dictum
1817 4018 1960 4073 est"
1990 4036 2003 4071 :
2036 4036 2054 4068 ι
2094 4018 2152 4072 Si

578 4117 879 4173 habueritis
905 4117 1065 4172 tidem
1097 4117 1239 4171 sicut
1259 4127 1488 4184 granum
1515 4110 1743 4180 sinapis,
1767 4110 1959 4165 diCt'liS
1983 4109 2149 4163 mooti

579 4212 709 4267 huic
742 4229 756 4265 :
798 4209 996 4265 Transi
1023 4208 1152 4264 hinc
1180 4207 1332 4272 illuc,
1358 4213 1413 4260 et
1445 4205 1751 4261 transibit.»
1780 4200 1997 4272 Optime
2022 4217 2153 4258 vero

577 4305 828 4361 videntur
857 4302 991 4359 mihi
1011 4301 1299 4356 Matthaaus
1317 4309 1371 4356 et
1394 4299 1632 4364 Marcus,
1662 4294 2039 4351 excellentimn
2068 4295 2144 4347 di-

578 4400 718 4453 vinae
745 4398 960 4454 virtutis
991 4410 1263 4466 exponere
1282 4394 1542 4460 volentes,
1564 4406 1687 4462 quae
1704 4398 1758 4443 et
1780 4389 1834 4443 in
1858 4387 2152 4442 increduli-

585 4501 695 4546 tate
716 4490 934 4558 quidem
958 4489 1124 4555 valet,
1143 4488 1233 4544 sed
1256 4503 1368 4543 non
1403 4495 1610 4541 tantum
1632 4483 1773 4538 valet
1795 4488 2059 4552 quantum
2098 4478 2150 4531 in
2187 4490 2228 4545 ι)

584 4584 687 4638 ﬁde
712 4564 900 4638 eorum
939 4580 1035 4652 qui
1069 4578 1348 4634 beneﬁciis
1410 4577 1743 4639 adiciuntur,
1781 4572 2008 4636 dixisse,
2044 4584 2154 4624 non

581 4675 730 4727 hunc
763 4671 994 4726 virtutes
1017 4685 1128 4724 non
1163 4668 1380 4731 fecisse,
1413 4676 1636 4738 propter
1668 4677 1858 4719 eorum
1896 4660 2152 4716 incredu-

579 4766 805 4831 litatem,
824 4763 916 4819 sed
937 4778 1044 4817 non
1072 4759 1266 4816 fecisse
1282 4760 1354 4815 ibi
1376 4760 1603 4813 virtutes
1620 4755 1839 4810 multas.
1860 4752 2152 4807 EtMareus

580 4874 689 4912 non
721 4857 858 4911 dixit
880 4872 989 4911 non
1016 4853 1258 4925 potuisse
1280 4852 1354 4906 ibi
1396 4852 1563 4907 ullam
1593 4848 1772 4905 facere
1792 4847 2070 4905 virtutem.
2098 4853 2154 4900 et

579 4948 741 5020 46³1
786 4947 860 5002 ibi
906 4945 1174 5013 substitit,
1213 4944 1307 5001 sed
1353 4943 1553 5012 adjecit
1585 4942 1670 4993 '3:
1726 4959 1744 4991 ι
1787 4938 1902 4994 Nisi
1953 4953 2156 5008 paucos

579 5042 828 5096 inﬁrmos
856 5039 1126 5111 impositis
1160 5038 1416 5093 manibus
1457 5037 1688 5099 curavit,
1718 5052 1739 5087 ο
1772 5033 1990 5098 virtute,
2036 5046 2158 5102 quae

578 5135 633 5188 in
670 5133 764 5187 illo
790 5142 930 5200 erat,
963 5131 1402 5187 incredulitatem
1434 5134 1745 5197 superante.
1794 5123 2022 5179 Videtur
2052 5138 2155 5177 au-

581 5236 686 5278 tem
720 5222 853 5277 mibi
880 5222 1026 5293 quod
1055 5221 1198 5277 sicut
1231 5218 1287 5273 in
1329 5217 1492 5272 rebus
1525 5212 1803 5285 corporeis
1838 5226 2011 5283 neque
2042 5207 2159 5267 sul‘o

579 5314 693 5370 licit
726 5313 1057 5384 agricultura
1086 5310 1152 5366 ad
1181 5309 1457 5364 fructuum
1483 5305 1876 5368 collectionem,
1906 5303 2010 5359 nisi
2046 5303 2155 5357 cir-

579 5406 867 5461 cumfusus
915 5420 1006 5459 aer
1052 5402 1120 5457 ad
1168 5401 1223 5456 id
1271 5399 1545 5466 conferat,
1596 5397 1680 5451 vel
1734 5396 1914 5467 potius
1961 5395 2009 5451 is
2063 5392 2153 5464 qui

581 5514 761 5553 aerem
794 5508 945 5552 certa
977 5495 1237 5565 qualitate
1269 5493 1510 5558 instruit,
1545 5505 1775 5559 eamque
1795 5488 2007 5559 qualem
2044 5487 2158 5540 vult

654 5660 698 5691 ’⁸
728 5657 859 5773 131ρὶ
894 5673 968 5723 vt,
996 5656 1088 5711 35.
1135 5654 1405 5773 ’ὶέίεὲἓκ
1429 5646 2060 5773 x:l1t,;8£lh“xivb‘i'd.igi.
2117 5645 2386 5768 :Lillare.
2420 5647 2597 5771 τι

662 5772 667 5773 ,
867 5744 969 5773 .uc-
1017 5742 1129 5773 Vill-
1202 5760 1256 5773 .-
1366 5762 1382 5773 .
1595 5737 1624 5773 a
1715 5760 1728 5773 .
1885 5758 1900 5773 .
2010 5755 2025 5770 .
2246 5733 2357 5773 arc.
2391 5734 2478 5773 \‘l.
2550 5756 2564 5772 .

855 5837 1305 5907 Περιεχόμενον.
1354 5830 1712 5889 Scribendum
1773 5827 1930 5895 forte,
1994 5824 2265 5897 περιέχον.

585 5729 671 5783 3t.
749 5732 793 5761 "
838 5716 969 5782 Luc;
1017 5742 1129 5792 vni,
1166 5726 1257 5789 65,
1292 5724 1382 5779 46.
1460 5724 1503 5753 ’⁷
1540 5721 1728 5775 Matth.
1773 5734 1900 5782 xvn,
1938 5716 2025 5770 l9.

661 5839 770 5913 (θ)

2244 1900 2502 1969 ἐγίνοντο,
2553 1901 2675 1954 ἐπεὶ
2729 1920 2748 1953 ι
2789 1902 2951 1956 παντὶ
2999 1901 3079 1973 τῷ
3122 1901 3298 1972 ἔχοντι
3352 1900 3666 1973 δοθήσεται,
3719 1901 3817 1955 καὶ

2245 1991 2780 2063 περισσευθήσεταιη
2811 1993 2869 2044 ἐν
2898 1992 3146 2056 ἀπίστοις
3174 1992 3230 2044 δὲ
3259 1991 3318 2045 οὐ
3356 1992 3514 2062 μόνον
3534 1992 3634 2045 οὐκ
3663 1994 3817 2064 ἐνήρ-

2244 2095 2375 2148 γουν
2400 2081 2456 2133 αἱ
2477 2079 2754 2151 δυνάμεις,
2777 2079 2891 2133 ἀλλ’
2923 2080 2999 2144 ὡς
3025 2083 3054 2134 6
3083 2081 3307 2152 Μάρκος
3349 2080 3672 2152 ἀνέγραψεν,
3694 2081 3817 2136 οὐδὲ

2246 2168 2498 2224 ἐδύναντο
2528 2172 2786 2242 ἐνεργεῖν.
2824 2171 3067 2242 Πρόσχες
3125 2171 3232 2242 γὰρ
3264 2170 3364 2241 τῷν
3403 2190 3421 2222 ι
3450 2172 3563 2225 Οὐκ
3587 2172 3821 2243 ἠδύνατο

2247 2264 2362 2316 ἐκεῖ
2392 2263 2646 2334 οὐδεμίαν
2679 2263 2899 2333 ποιῆσαι
2923 2262 3203 2333 δύναμιν·›
3234 2263 3295 2316 οὐ
3326 2262 3436 2335 γὰρ
3457 2259 3629 2326 εἷπεν,
3671 2283 3689 2315 ι
3720 2265 3821 2319 οὐκ

2246 2352 2491 2424 ἦθελεν,ι
2529 2354 2666 2419 ἀλλ’,
2724 2373 2743 2406 ι
2778 2355 2879 2408 οὐκ
2934 2353 3176 2420 ἐδύνατο,
3218 2373 3236 2406 ι
3274 2355 3350 2419 ὡς
3391 2356 3690 2427 ἐρχομένης
3721 2356 3818 2428 μὲν

2248 2446 2341 2499 ἐπὶ
2391 2446 2490 2519 τὴν
2529 2445 2856 2519 ἐνεργοῦσαν
2908 2444 3135 2518 δύναμιν
3190 2447 3553 2519 συμπράξεως
3585 2449 3690 2501 ὑπὸ
3734 2449 3796 2502 πί
3811 2477 3823 2486 -

2249 2556 2420 2603 στεως
2443 2539 2653 2593 ἐκείνου
2684 2541 2763 2604 εἰς
2790 2539 2847 2592 ὃν
2871 2540 3088 2610 ἐνήργει
3123 2541 3157 2610 ἠ
3183 2539 3432 2610 δύναμις,
3473 2540 3822 2612 κωλυομένης

2247 2632 2305 2686 δὲ
2349 2635 2587 2705 ἐνεργεῖν
2630 2632 2735 2686 ὑπὸ
2776 2633 2874 2704 τῆς
2917 2631 3197 2696 ἀπιστίας.
3252 2634 3393 2704 Ὅρα
3432 2628 3545 2697 οὖν,
3574 2634 3655 2687 ὅτι
3686 2634 3823 2706 πρὸς

2247 2728 2371 2790 τοὺς
2395 2726 2661 2790 εἰπόντας·
2701 2743 2719 2776 ι
2747 2725 2843 2779 Διὰ
2863 2725 2915 2778 τί
2941 2725 3041 2778 οῦκ
3074 2724 3418 2796 ἠδυνήθημεν
3441 2724 3691 2778 ἐκϐαλεῖν
3720 2725 3821 2779 αὐ-

2247 2813 2772 2888 τόςιεῖπεοιΔιὰτὴν
2810 2816 3181 2887 ὀλιγοπιστίαν
3213 2816 3418 2887 ὑμῶν’»
3448 2817 3542 2870 καὶ
3569 2816 3703 2886 πρὸς
3730 2815 3823 2868 τὸν

2247 2908 2552 2984 ἀρξάμενον
2572 2908 3060 2975 καταποντίζεσθαι
3093 2909 3300 2981 Πέτρον
3333 2907 3604 2962 λέλεκται·
3631 2926 3649 2959 ι
3687 2907 3825 2960 Ὀλι-

2247 3004 2493 3074 γόπιστε,
2515 3003 2595 3066 είς
2621 3000 2670 3055 τί
2698 3000 2983 3064 ἐδίστασας
3001 3018 3016 3068 ;
3037 3021 3056 3054 ι
3077 3000 3236 3055 Ἀλλὰ
3257 3001 3399 3071 καὶὴ
3430 3001 3484 3053 αἱ
3494 2999 3822 3071 μορροοῦσα,

2253 3094 2328 3167 μὴ
2352 3092 2630 3161 ἀξιώσασα
2667 3093 2797 3164 περὶ
2837 3092 2939 3161 τῆς
2967 3090 3282 3162 θεραπείας,
3310 3090 3445 3143 ἀλλὰ
3488 3091 3646 3161 μόνον
3677 3090 3825 3158 λογι-

2254 3185 2464 3257 σαμένη
2488 3185 2536 3237 εἰ
2578 3182 2773 3252 ἅψαιτο
2793 3180 2887 3234 τοῦ
2916 3181 3221 3251 κρασπέδου
3254 3180 3349 3234 τοῦ
3390 3180 3604 3251 ἱματίου
3638 3178 3825 3243 αὐτοῦ,

2250 3279 2333 3331 δτι
2362 3275 2663 3346 ἰαθήσεται,
2710 3272 2833 3342 ἰάθη
2896 3271 3259 3344 παραχρῆμα,
3313 3272 3406 3324 καὶ
3460 3270 3710 3341 ὁμολογεῖ
3749 3267 3827 3339 τῷ

2251 3365 2438 3437 τρόπῳ
2472 3362 2570 3433 τῆς
2597 3361 2793 3424 ἰάσεως
2813 3362 2841 3412 6
2871 3359 3062 3431 Σωτὴρ
3091 3359 3284 3427 λέγων’
3312 3377 3331 3409 ι
3362 3359 3456 3421 Τίς
3492 3375 3592 3428 μου
3618 3358 3823 3426 ἥψατος

2253 3453 2365 3523 ἐγὼ
2394 3452 2504 3523 γὰρ
2538 3451 2709 3519 ἔγνων
2732 3449 2961 3520 δύναμιν
2993 3448 3312 3512 ἐξελθοῦσαν
3360 3448 3453 3500 ἀπ’
3493 3446 3678 3516 ἐμοῦ.»
3716 3446 3826 3499 Καὶ

2250 3544 2391 3613 τάχα
2419 3541 2608 3612 ὥσπερ
2632 3541 2724 3593 ἐπὶ
2763 3540 2870 3593 τῶν
2905 3538 3173 3609 σωμάτων
3210 3538 3324 3590 ἐστί
3346 3554 3455 3589 τισι
3513 3534 3648 3607 πρός
3703 3552 3825 3587 τινα

2251 3634 2455 3706 φυσικὴ
2486 3633 2639 3704 ὁλκὴ,
2667 3632 2743 3696 ὡς
2763 3635 2829 3704 τῇ
2858 3630 3131 3702 μαγνησίᾳ
3149 3628 3280 3699 λίθῳ
3302 3627 3438 3700 πρὸς
3474 3627 3591 3698 σίδη
3601 3643 3710 3697 ρον,
3732 3626 3827 3678 καὶ

2251 3726 2328 3797 τῷ
2355 3725 2675 3796 καλουμένῳ
2714 3724 2894 3794 νάφθα
2952 3723 3090 3795 πρὸς
3139 3722 3272 3795 πῦρ,
3317 3721 3491 3785 οὕτως
3537 3724 3604 3793 τῇ
3650 3719 3828 3790 τοιᾷδε

2254 3817 2434 3873 πίστει
2492 3815 2630 3888 πρὸς
2676 3815 2827 3869 θείαν
2872 3813 3118 3885 δύναμιν·
3167 3812 3303 3868 καθῦ
3358 3809 3565 3885 εἴρηται
3604 3811 3697 3864 καὶ
3747 3811 3826 3862 τό·

2257 3931 2278 3962 ‹
2314 3910 2441 3965 Ἐὰν
2481 3909 2640 3980 ἔχητε
2669 3908 2851 3961 πίστιν
2874 3907 2949 3970 ὡς
2977 3906 3176 3960 κόκκον
3218 3906 3507 3968 σινάπεως,
3543 3905 3716 3975 ἐρεῖτε
3751 3902 3832 3974 τῷ

2253 4002 2369 4073 ὄρει
2390 4001 2580 4071 τούτῳ·
2610 3995 2894 4069 Μετάϐηθι
2921 3995 3072 4050 ἔνθεν
3095 3998 3230 4059 ἐκεῖ,
3261 3997 3354 4049 καὶ
3391 3994 3773 4066 μεταϐήσεται.
3807 4012 3827 4045 ι

2267 4092 2534 4165 Ἀκριϐὦς
2556 4092 2611 4145 δὲ
2632 4089 2848 4144 δοκοῦσί
2875 4107 2964 4162 μοι
2989 4091 3018 4142 6
3064 4088 3341 4151 Ματθαῖος
3375 4089 3469 4142 καὶ
3508 4090 3536 4141 6
3583 4087 3830 4157 Μάρκος,

2253 4185 2315 4238 τὸ
2343 4184 2610 4255 ὑπερέχον
2633 4184 2733 4255 τῆς
2762 4182 2909 4245 θείας
2954 4180 3235 4252 δυνάμεως
3276 4178 3627 4251 παραστῆσαι
3654 4178 3835 4249 βουλό-

2258 4294 2430 4347 μενοι,
2452 4277 2533 4330 ὅτι
2562 4274 2655 4328 καὶ
2680 4277 2738 4327 ἐν
2768 4273 2995 4345 ἀπιστίᾳ
3015 4274 3257 4335 δύναται,
3280 4271 3392 4325 ἀλλ’
3416 4272 3515 4324 οὐκ
3537 4272 3629 4323 ἐπὶ
3652 4269 3834 4322 πλεῖον

2255 4366 2498 4430 δύναται,
2526 4366 2647 4419 ὅσον
2669 4365 2890 4418 δύναται
2912 4366 2970 4417 ἐν
3005 4365 3186 4418 πίστει
3217 4366 3282 4434 τῇ
3315 4361 3425 4415 τῶν
3450 4360 3834 4433 εὐεργετουμέ-

2256 4474 2383 4523 νων,
2415 4455 2717 4529 εἰρηκέναι,
2741 4457 2841 4527 οὐχ
2864 4457 2946 4509 ὅτι
2969 4456 3071 4509 οὐκ
3097 4455 3321 4524 ἐποίησε
3345 4454 3601 4524 δυνάμεις
3625 4452 3712 4504 διὰ
3732 4451 3831 4521 τὴν

2256 4547 2513 4602 ἀπιστίαν
2537 4547 2735 4612 αὐτῶν,
2774 4546 2888 4600 ἀλλ’
2941 4548 3042 4601 οὐκ
3099 4546 3354 4616 ἐποίησεν
3413 4548 3526 4598 ἐκεῖ
3583 4543 3832 4611 δυνάμιες

2257 4638 2479 4702 πολλάς.
2510 4638 2620 4692 Καὶ
2644 4639 2673 4691 6
2703 4637 2929 4709 Μάρκος
2961 4637 3019 4691 δὲ
3044 4637 3145 4691 οὐκ
3178 4632 3351 4700 εἶπεν,
3385 4636 3466 4688 ὅτι
3487 4634 3585 4685 οὐκ
3613 4631 3832 4683 ἐδύνατο

2258 4734 2375 4786 ἐκεῖ
2397 4730 2650 4801 οὐδεμίαν
2672 4730 2897 4800 ποιῆσαι
2947 4729 3195 4798 δύναμιν,
3224 4727 3316 4780 καὶ
3367 4724 3496 4792 ἔστη
3523 4722 3613 4773 ἐπὶ
3634 4720 3828 4789 τούτῳ,

2259 4822 2396 4876 ἀλλὰ
2422 4819 2779 4895 προσέθηκεν·
2813 4840 2830 4871 ι
2853 4820 2915 4873 Εἰ
2946 4820 3019 4891 μὴ
3050 4819 3250 4887 ὀλίγοις
3299 4813 3599 4887 ἀρρώστοις
3625 4810 3833 4876 ἐπιθεὶς

2263 4914 2360 4980 τάς
2391 4916 2579 4985 χεῖρας
2608 4911 2998 4984 ὲθεράπευσε,›
3024 4907 3260 4978 νικώσης
3298 4907 3397 4976 τῆς
3423 4907 3478 4958 ἐν
3506 4904 3653 4974 αὐτῷ
3677 4903 3837 4957 δυνά-

2266 5021 2414 5076 μεως
2462 5005 2559 5058 καὶ
2595 5002 2771 5068 οὕτως
2821 5002 2919 5074 τὴν
2965 4999 3242 5053 ἀπιστίαν.
3291 4998 3452 5050 Δοκεῖ
3498 4995 3555 5049 δέ
3606 5013 3716 5065 μοι,
3754 4995 3836 5047 ὅτι

2262 5097 2453 5169 ὥσπερ
2475 5096 2567 5149 ἐπὶ
2590 5095 2701 5151 τῶν
2724 5093 3067 5167 σωματικῶν,
3115 5089 3238 5145 οὔτε
3296 5089 3575 5162 αὐτάρκης
3597 5087 3838 5158 γεωργία

2264 5202 2401 5275 πρὸς
2435 5201 2767 5273 συγκομιδὴν
2814 5198 3073 5272 καρπῶν,
3131 5196 3226 5250 ἐὰν
3287 5195 3360 5268 μὴ
3406 5194 3467 5247 τὸ
3515 5193 3837 5266 περιεχόμε-

2261 5323 2351 5360 νον
2378 5306 2490 5375 (22)
2536 5308 2614 5372 είς
2655 5304 2809 5359 τοῦτο
2839 5304 3096 5374 συνεργῇ,
3152 5299 3351 5371 μᾶλλον
3385 5299 3441 5352 δὲ
3473 5298 3535 5352 τὸ
3588 5298 3839 5371 περιέχον

2264 5397 2506 5468 ποιότητι
2529 5396 2688 5469 ὁποίᾳ
2722 5395 2969 5468 βούλεται
3003 5397 3031 5448 6
3083 5392 3323 5464 κοσμῶν,
3371 5391 3467 5445 καὶ
3501 5389 3672 5444 ποιῶν
3710 5386 3840 5443 αὐτὸ

2262 5491 2446 5545 ὁποῖον
2469 5488 2629 5545 θέλει·
2666 5487 2791 5541 οὔτε
2817 5487 2879 5541 τὸ
2901 5487 3151 5559 περιέχον
3177 5485 3349 5558 χωρὶς
3382 5482 3675 5556 γεωργίας,
3702 5477 3839 5550 μᾶλ-

2673 5647 2719 5678 “
2742 5644 2930 5701 Matth.
2957 5662 3087 5714 xv",
3144 5643 3233 5712 18,
3269 5642 3353 5698 l9.
3430 5642 3476 5675 ¹⁸
3506 5637 3695 5693 Matth.
3728 5649 3837 5701 xw,
