4128 6472
471 445 577 502 885

1456 445 1807 504 COMMENT.
1850 443 1927 499 IN
1955 441 2369 500 ΜᾹΤἹἮᾸΞΕΜ
2410 444 2646 501 ΤΟΜΠΒ
2684 445 2754 500 Χ.

3635 444 3741 500 836

471 569 563 623 λον
588 567 647 623 δέ
672 565 978 640 δ’προνοῶν
1022 567 1097 622 οὗ
1123 567 1345 640 ποιήσαι
1382 566 1448 621 ἂν
1502 566 1779 621 ἀνατεῖλαι
1822 567 1929 621 ἀπὸ
1952 567 2033 637 τῆς

2155 563 2278 617 facit
2306 583 2318 618 :
2342 579 2514 633 neque
2546 563 2786 617 aer'sine
2833 561 3188 633 agricultura,
3223 560 3305 615 vel
3329 558 3523 632 'potius
3554 559 3602 616 is
3642 563 3738 631 qui

471 660 576 732 τῆς
596 659 666 714 τὰ
686 658 795 714 ἀπ’)
839 660 938 730 τῆς
982 659 1087 730 γῆς
1135 658 1492 714 ἀνατέλλοντα
1535 660 1705 732 χωρὶς
1756 659 2051 731 γεωργίας.

467 749 619 817 ἅπαξ
646 748 757 821 γάρ
782 748 938 803 τοῦτο
989 751 1288 822 πεποίηκεν
1313 752 1372 805 ἐν
1418 749 1515 821 τῷ·
1577 769 1594 801 ι
1627 750 1991 820 Βλαστησάτω
2017 753 2050 822 ή

468 840 541 911 γῆ
596 834 827 911 βοτάνην
861 839 1054 910 χόρτου
1085 842 1305 911 σπεῖρον
1338 839 1562 911 σπέρμα
1595 840 1736 894 κατὰ
1773 840 1927 909 γένος
1960 842 2053 895 καὶ

468 928 591 982 καθ’
626 929 974 1001 ὁμοιότηταί
1025 928 1168 981 οὕτω
1200 929 1256 982 δέ
1289 927 1414 983 οὔτε
1447 931 1516 983 τὰ
1572 931 1922 1002 ἐνεργήματα
1944 930 2052 984 τῶν

461 1015 750 1086 δυνάμεων
792 1018 963 1087 χωρὶς
990 1018 1225 1081 πίστεως
1250 1018 1347 1089 τῆς
1381 1018 1489 1071 τῶν
1512 1018 1967 1090 θεραπευομένων
1991 1021 2052 1073 τὸ

461 1107 752 1171 αὐτοτελὲς
783 1107 942 1179 ἔργον
980 1109 1347 1164 ἐπιδείκνυται
1392 1113 1528 1183 πρὸς
1567 1113 1730 1176 ἴασιν,
1764 1111 1875 1165 οὗθ’
1906 1116 1938 1184 ἡ
1964 1115 2052 1167 πί-

463 1213 602 1263 στις,
636 1200 799 1254 ὁποία
834 1201 956 1254 ποτ’
1001 1200 1070 1254 ἂν
1096 1197 1154 1272 ᾖ,
1190 1203 1360 1274 χωρὶς
1405 1203 1523 1274 τῆς
1566 1204 1715 1268 θείας
1747 1204 2047 1276 δυνάμεως.

463 1290 575 1343 Καὶ
607 1290 669 1344 τὺ
690 1294 1077 1365 γεγραμμένον
1109 1294 1166 1349 δὲ
1202 1295 1331 1368 περ)⁹
1358 1298 1551 1367 σοφίας
1581 1299 1909 1370 ἐφαρμόσεις
1956 1299 2049 1352 καὶ

461 1382 527 1451 τῇ
566 1381 747 1435 πίστει
782 1385 877 1437 καὶ
909 1388 1030 1448 ταῖς
1054 1386 1273 1458 ἀρεταῖς
1307 1389 1429 1441 κατ’
1446 1384 1604 1454 εἶδος,
1635 1387 1775 1442 ῶστε
1808 1391 2048 1446 τοιοῦτον

463 1472 688 1544 ποιῆσαι
720 1474 900 1544 λόγον·
937 1497 953 1527 ι
977 1477 1098 1532 Κᾶν
1143 1477 1253 1551 γάρ
1278 1476 1418 1552 τις
1444 1480 1647 1546 τέλειος
1691 1484 1749 1535 ἐν
1776 1482 1953 1536 πίστει
1989 1486 2046 1538 ἐν

461 1564 599 1628 υἱοῖς
622 1565 945 1639 ἀνθρώπων,
978 1570 1079 1640 τῆς
1103 1570 1211 1623 ἀπὸ
1239 1571 1332 1624 σοῦ
1363 1573 1646 1644 δυνάμεως
1671 1575 1936 1647 ἀπούσης,
1966 1580 2046 1643 είς

459 1654 613 1710 οὐδὲν
645 1656 1079 1733 λογισθήσεταιοι
1124 1664 1156 1735 ἦ
1187 1663 1391 1729 τέλειος
1421 1667 1487 1737 τῇ
1518 1668 1858 1741 σωφροσύνῃ,
1890 1670 1965 1733 ὡς
1988 1673 2045 1725 ἐν

459 1750 596 1813 υίοῖς
621 1750 945 1823 ἀνθρώπων,
1000 1754 1101 1824 τῆς
1133 1755 1242 1809 ἀπὸ
1269 1755 1361 1809 σοῦ
1399 1758 1750 1829 σωφροσύνης
1776 1761 2040 1833 ἀπούσης.

459 1838 540 1901 εἰς
564 1839 715 1893 οὐδὲν
735 1842 1155 1914 λογισθήσεταιή
1187 1844 1220 1916 ἢ
1254 1845 1459 1911 τέλειος
1510 1850 1567 1900 ἐν
1600 1849 1913 1925 δικαιοσύνῃ
1948 1854 2041 1906 καὶ

2160 656 2423 725 providet,
2454 672 2557 709 non
2589 657 2717 708 facit
2750 664 2808 709 ut
2840 671 2904 710 ea
2940 670 3062 724 quae
3092 654 3343 709 oriuntur
3366 668 3397 707 e
3427 661 3592 720 terra,
3617 652 3739 708 sine

2158 747 2490 816 agricultura
2526 747 2810 800 oriantur:
2842 746 2896 800 id
2943 747 3088 801 enim
3132 746 3298 801 semel
3336 743 3465 799 fecit
3497 744 3584 799 his
3612 759 3736 798 ver-

2158 839 2240 891 his
2267 839 2343 889 ηε
2370 856 2388 888 ι
2413 836 2691 892 Germinet
2720 847 2860 891 terra
2890 839 3109 893 herbam
3140 838 3424 903 virentem,
3454 845 3507 891 et
3534 834 3707 890 facien

2155 940 2261 984 tem
2313 945 2498 985 semen
2539 928 2696 999 juxta
2731 944 2901 1000 genus
2941 944 3100 984 suum
3134 938 3187 985 et
3225 929 3673 993 similitudinem;
3698 944 3731 981 ι

2153 1024 2225 1076 ita
2255 1039 2431 1092 neque
2459 1026 2806 1093 onerationes
2839 1024 3125 1085 virtutum,
3169 1022 3377 1091 absque
3412 1035 3602 1074 eorum
3637 1018 3733 1089 qui

2153 1125 2417 1169 sanantur
2453 1117 2576 1175 fide.
2612 1117 2923 1170 absolutum
2952 1130 3088 1184 opus
3122 1113 3188 1168 ad
3227 1114 3512 1167 sanitatem
3547 1112 3735 1167 confe-
3804 1110 3813 1118 ”

2149 1208 2372 1262 rendam
2424 1207 2628 1274 edunt;
2675 1222 2850 1278 neque
2883 1207 3036 1271 fides,
3087 1207 3484 1276 qualiscunque
3512 1204 3728 1259 tandem

2150 1295 2238 1349 illa
2270 1297 2360 1362 sit,
2392 1282 2722 1351 sine‘divina
2760 1296 2983 1351 virtute.
3019 1295 3097 1349 Ac
3143 1295 3194 1347 id
3233 1294 3448 1363 quidem
3486 1294 3629 1364 quod
3664 1294 3731 1347 de

2149 1385 2438 1454 sapientia
2468 1388 2733 1457 scriptum
2775 1394 2890 1452 est,
2939 1383 3380 1440 accomtnodabis
3413 1392 3466 1438 et
3508 1384 3628 1438 tidci
3678 1392 3732 1437 et

2148 1477 2442 1532 virtutibus
2470 1479 2752 1547 speciatim
2784 1478 3041 1549 sumptis,
3088 1477 3161 1530 ita
3196 1485 3254 1529 ut
3301 1475 3424 1530 talia
3459 1475 3610 1529 dicas
3636 1473 3679 1504 ³⁸
3714 1492 3727 1528 :

2153 1585 2171 1619 ι
2200 1565 2334 1621 Nam
2365 1575 2418 1621 et
2447 1568 2494 1620 si
2529 1567 2653 1637 quis
2677 1567 2783 1622 erit
2810 1575 3227 1623 consummatus
3263 1565 3316 1620 in
3358 1564 3461 1619 fide
3492 1564 3633 1618 inter
3660 1562 3721 1616 li-

2145 1661 2269 1714 lios-
2290 1660 2598 1725 hominum,
2635 1660 2682 1714 si
2719 1660 2787 1714 ab
2822 1660 2914 1713 illo
2945 1658 3176 1714 abfuerit
3204 1658 3380 1712 virtus
3413 1665 3528 1718 tua,
3568 1656 3622 1709 in
3652 1641 3744 1709 ni:

2145 1753 2314 1807 hilum
2351 1752 2791 1821 computabitur;
2829 1772 2848 1804 ι
2878 1761 2967 1805 aut
2993 1761 3404 1806 coiisnmmatus
3442 1751 3491 1802 in
3518 1759 3724 1816 tempe-

2144 1845 2359 1909 rantia,
2393 1853 2658 1914 quantum
2712 1842 2835 1913 quis
2890 1842 3032 1897 inter
3084 1843 3222 1895 ﬁlios
3273 1839 3555 1893 hominum
3604 1855 3727 1893 esse

455 1931 580 1991 ταῖς
612 1929 827 1994 λοιπαῖς
858 1933 1102 2003 ἀρεταῖς,
1126 1935 1226 2005 τῆς
1252 1935 1360 1988 ἀπὸ
1397 1935 1492 1990 σοῦ
1544 1937 1890 2012 δικαιοσύνης
1932 1941 2033 2015 (25]

2148 1945 2344 2004 potest,
2369 1936 2416 1991 si
2448 1934 2683 1990 abfuerit
2706 1934 3058 2004 temperantia
3095 1943 3207 1999 tua,
3231 1932 3285 1986 in
3319 1931 3547 1985 nihilum
3573 1946 3724 1987 eom-

456 2016 554 2069 καὶ
580 2016 687 2070 τῶν
716 2018 825 2072 ἀπὸ
870 2020 965 2073 σού
994 2021 1196 2076 λοιπῶν
1228 2024 1458 2096 ἀρετῶν,
1495 2028 1576 2091 είς
1614 2028 1765 2083 οὐδὲν
1791 2029 2042 2105 λογισθή-

458 2122 628 2161 σεται.
665 2108 851 2162 ’Όθενδ
877 2129 894 2162 ι
919 2111 1010 2184 Μὴ
1059 2115 1353 2184 καυχάσθω
1389 2121 1417 2171 ὁ
1468 2119 1633 2188 σοφὸς
1664 2121 1721 2173 ἐν
1781 2124 1853 2194 τῇ
1881 2124 2043 2196 σοφίᾳ

455 2197 641 2263 αὖτοῦ,
682 2201 870 2271 μηδέό
906 2205 1126 2277 ίσχυρὸς
1184 2209 1239 2261 ἐν
1275 2212 1340 2280 τῇ
1394 2210 1542 2280 ίσχύῖ
1578 2212 1797 2266 αὑτοῖν»
1835 2215 1904 2267 ro
1932 2216 2038 2288 γὰρ

456 2293 775 2362 καυχήσεως
795 2294 942 2361 ἀξιον
961 2298 1057 2368 οὐχ
1075 2299 1363 2373 ἡμέτερον,
1390 2301 1527 2356 ἀλλά
1548 2303 1720 2376 δῶρόν
1740 2308 1856 2360 ἐστι
1879 2308 2036 2374 Θεοῦ,

456 2382 490 2453 ἡ
515 2384 612 2436 ἀπ’
636 2386 800 2440 αὐτοῦ
833 2387 1014 2458 σοφία,
1050 2390 1145 2444 καὶ
1168 2393 1201 2463 ή
1241 2393 1337 2447 ἀπ’
1368 2394 1535 2449 αὑτοῦ
1584 2396 1759 2468 ἰσχύς·
1784 2400 1875 2452 καὶ
1898 2400 2039 2456 οὕτω

448 2473 520 2527 τὰ
549 2473 731 2531 λοιπά.

523 2663 545 2700 ι
595 2650 1031 2728 Ἐν-ἐκείνῳιτῷ
1076 2659 1255 2732 καιρῷ
1300 2662 1533 2733 ἤκουσεν
1579 2662 1825 2736 Ἡρώδης
1872 2666 1901 2718 ὁ
1947 2681 2036 2718 τε-

446 2745 692 2818 τράρχης
713 2748 809 2820 τὴν
837 2751 1007 2823 ἀκοὴν
1045 2754 1243 2825 Ἰησοῦ,
1278 2757 1374 2809 καὶ
1406 2753 1526 2810 εἷπε
1556 2762 1668 2822 τοῖς
1694 2759 1883 2813 παισὶν
1913 2760 2039 2812 ἐαυν

446 2838 574 2891 τοῦ·
619 2833 788 2905 Οὗτός
819 2844 967 2896 ἐστιν
1009 2844 1264 2918 Ἰωάννης
1295 2850 1323 2901 ὀ
1357 2849 1689 2921 Βαπτιστής.
1732 2869 1750 2902 ι
1790 2851 1947 2923 Παρὰ
1979 2851 2035 2905 δὲ

445 2928 523 3000 τῷ
550 2929 764 3003 Μάρκῳ
800 2933 995 2998 οὕτως,
1029 2938 1122 2989 καὶ
1154 2938 1307 3009 παρά
1347 2939 1424 3011 τῷ
1473 2942 1655 3013 Λουκᾷ
1686 2941 1877 3007 οὕτως.
1910 2945 2036 2997 Δια-

446 3019 652 3094 (prima;
675 3022 833 3089 δόξας
867 3022 1011 3097 εἶχον
1047 3029 1096 3080 oi
1144 3029 1419 3093 Ἰουδαῖοι,
1455 3032 1608 3096 τινὰς
1655 3033 1754 3103 μὲν
1785 3034 2030 3104 ψευδεῖς,

446 3113 640 3177 ὁποίας
690 3115 952 3184 ἐφρόνουν
997 3116 1047 3168 οἱ
1095 3115 1440 3171 Σαδδουκαῖοι
1486 3119 1597 3191 (24)
1634 3120 1763 3191 περὶ
1795 3122 2031 3175 ἀναστά-

447 3220 586 3268 σεως
612 3205 840 3276 νεκρῶν,
881 3205 958 3270 ὡς
1003 3207 1103 3260 οὐκ
1140 3209 1525 3279 ἐγειρομένων,
1571 3212 1665 3263 καὶ¹
1699 3212 1827 3283 περὶ
1863 3212 2032 3281 ἀγγέ-

2141 2027 2454 2100 putabitur;
2495 2037 2587 2081 aut
2614 2036 3028 2082 consummatus
3062 2026 3113 2079 in
3157 2024 3367 2095 justitia
3403 2033 3456 2079 et
3500 2024 3723 2093 reliquis

2140 2118 2455 2187 virtutibus,
2504 2120 2548 2174 si
2592 2118 2824 2174 abfuerit
2871 2118 3081 2189 justitia
3126 2126 3218 2172 tua
3252 2125 3306 2171 ct
3349 2116 3569 2186 reliquae
3613 2113 3722 2168 vir-

2144 2221 2314 2276 tutes,
2365 2211 2419 2265 in
2472 2209 2700 2264 nihilum
2753 2210 3179 2279 eumputabitur.
3240 2205 3394 2263 Unde
3415 2205 3500 2260 ’τε
3553 2223 3571 2257 ι
3604 2203 3719 2259 Non

2140 2303 2402 2374 glorietur
2431 2303 2651 2373 sapiens
2683 2301 2735 2356 in
2770 2303 3035 2372 sapientia
3067 2317 3188 2366 sua,
3216 2315 3316 2355 nec
3340 2298 3496 2354 fortis
3528 2298 3581 2352 in
3611 2296 3723 2351 forv-

2140 2379 2373 2450 titudine
2405 2411 2535 2461 sua;
2586 2413 2605 2446 ι
2646 2410 2769 2448 nam
2806 2393 2950 2464 quod
2988 2393 3307 2462 gloriatione
3345 2393 3568 2462 dignum
3614 2400 3719 2457 est,

2141 2497 2388 2542 nostrum
2434 2502 2541 2542 non
2574 2495 2676 2553 est,
2729 2487 2820 2541 sed
2855 2487 3056 2541 donum
3108 2485 3199 2540 Dei
3240 2494 3350 2549 est;
3405 2485 3474 2540 ab
3509 2484 3600 2539 illo
3638 2491 3724 2540 est

2139 2578 2440 2648 sapientia;
2482 2578 2550 2632 ab
2580 2578 2672 2631 illo
2695 2587 2779 2632 est
2806 2578 3007 2642 robur;
3043 2586 3097 2631 et
3125 2576 3206 2630 sic
3239 2576 3467 2646 reliqua.

2208 2669 2300 2723 20.
2346 2687 2366 2721 ι
2402 2666 2460 2723 In
2505 2669 2597 2725 illo
2643 2680 2886 2739 tempore
2930 2668 3135 2723 audivit
3168 2666 3408 2722 Herodes
3448 2656 3717 2721 tetrarcha

2137 2756 2340 2814 famam
2376 2758 2554 2814 Jesu:
2595 2770 2648 2813 et
2692 2760 2769 2813 ait
2813 2760 3000 2829 pueris
3051 2758 3205 2814 suis:
3240 2756 3336 2814 llic
3367 2765 3450 2813 est
3477 2756 3722 2812 Joannes

2136 2847 2382 2919 Baptista
2411 2850 2476 2904 ³³.
2512 2868 2532 2901 ι
2567 2849 2642 2904 Ita
2679 2851 2820 2919 apud
2844 2850 3085 2906 Marcum
3112 2849 3177 2915 ³³,
3213 2850 3287 2905 ita
3335 2859 3390 2904 et
3435 2849 3579 2919 apud
3609 2848 3718 2902 Lu-

2135 2955 2256 2995 cam
2284 2941 2347 2994 “.
2397 2939 2571 2995 Variae
2613 2940 2834 2996 fuerunt
2872 2939 3184 2996 Iudaeorum
3228 2941 3546 3011 opiniones;
3596 2939 3720 2994 alite

2133 3030 2351 3099 quidem
2400 3029 2585 3097 falsae,
2641 3031 2831 3101 quales
2867 3031 3101 3100 amplexi
3147 3039 3273 3085 sunt
3319 3027 3601 3084 Saddueai
3648 3027 3719 3081 de

2132 3132 2470 3175 mortuorum
2502 3123 2920 3187 resurrectione,
2954 3123 3110 3191 quasi
3137 3122 3229 3192 qni
3264 3136 3371 3176 non
3397 3127 3712 3191 resurgant;

2131 3208 2277 3263 etde
2311 3210 2637 3280 angelis-qui
2685 3211 2909 3264 minime
2959 3212 3260 3278 exsistant;
3307 3211 3401 3266 sed
3451 3220 3710 3280 tanquam

443 3297 550 3348 λων
579 3296 655 3359 ὠς
687 3298 784 3367 οὐχ
811 3298 1185 3369 ὑπαρχόντων,
1219 3301 1355 3356 ἀλλὰ
1384 3303 1898 3374 τροπολογουμένων
1919 3305 2028 3361 τῶν

2137 3315 2253 3370 quae
2287 3301 2352 3355 de
2381 3300 2447 3354 iis
2479 3302 2679 3371 scripta
2709 3311 2838 3357 sunt
2881 3301 2947 3356 ad
2980 3302 3335 3372 tropologiam
3383 3301 3557 3360 solum
3590 3318 3715 3372 per-

443 3387 572 3458 περὶ
616 3388 796 3442 αὐτῶν
838 3391 1345 3462 ἀναγεγραμμένων
1395 3392 1583 3462 μόνον,
1618 3394 1713 3446 καὶ
1748 3394 1912 3466 μηδὲν
1952 3395 2028 3460 ὡς

441 3479 579 3552 πρὸς
629 3480 729 3552 τὴν
788 3482 1028 3554 ἱστορίαν
1067 3482 1263 3553 ἀληθὲς
1305 3486 1567 3557 ἐχόντων·
1611 3487 1802 3560 ἐτέρας
1847 3488 1904 3540 δὲ
1950 3488 2029 3552 ὡς

438 3569 682 3642 ἀληθεῖς,
714 3571 791 3635 ὡς
824 3573 952 3643 περὶ
982 3574 1333 3639 ἀναστάσεως
1365 3575 1479 3648 (25)
1509 3578 1740 3648 νεκρῶν,
1768 3579 1851 3633 ὅτι
1885 3580 2031 3649 ἐγεί-

442 3678 646 3735 ρονται,
694 3662 970 3718 ἐδίδασκον
1023 3666 1075 3718 oi
1128 3666 1431 3738 Φαρισαῖοι.
1459 3668 1534 3722 Τὸ
1573 3656 1667 3723 οὖν
1699 3669 2031 3742 ζητούμενον

438 3752 583 3808 κατά
608 3754 699 3810 τὸν
728 3754 892 3809 τόπον
927 3756 1097 3821 ἐστὶν,
1134 3759 1185 3811 εί
1224 3758 1445 3830 τοιαύτη
1476 3777 1562 3824 τις
1596 3756 1675 3832 ἦν
1697 3762 1823 3832 περ)¹
1850 3761 2030 3833 ψυχῆς

437 3844 564 3909 δόξα
596 3845 664 3918 ἡν
691 3847 907 3919 ἐφρόνει
944 3847 1189 3919 Ἡρώδης
1222 3850 1599 3922 ἐσφαλμένως,
1628 3852 1722 3906 καί
1751 3870 1894 3916 τινες
1921 3853 2030 3908 τῶν

437 3938 546 3992 ἀπὸ
574 3939 668 3993 τοῦ
701 3939 853 4006 λαοῦ,
885 3941 966 3994 ὅτι
997 3944 1033 3995 ὅ
1056 3941 1161 4011 πρὸ
1192 3942 1374 4012 ὀλίγου
1410 3944 1719 4016 ἀναιρεθεὶς
1746 3946 1839 3999 ὑπ’
1865 3944 2029 3999 αὑτοῦ

450 4030 700 4101 Ἰωάννης
733 4033 930 4104 ἀνέστη
963 4033 1071 4086 ἀπὸ
1099 4032 1207 4088 τῶν
1239 4034 1447 4107 νεκρῶν
1481 4035 1621 4106 μετὰ
1654 4037 1716 4091 τὸ
1744 4039 2030 4108 ἀποκειραο

436 4119 705 4193 λισθῆναι,
735 4124 829 4177 καὶ
871 4120 938 4196 ἦν
980 4123 1008 4175 ὁ
1038 4124 1201 4188 αὑτὸς
1242 4125 1416 4199 ἑτέρῳ
1458 4127 1682 4198 ὀνόματι
1727 4128 2027 4200 χρώμενος,

436 4215 531 4267 καὶ
564 4213 897 4287 καλούμενος
925 4217 1020 4274 νῦν
1065 4218 1296 4290 Ἰησοῦς,
1330 4220 1578 4285 δεκτικὸς
1600 4221 1708 4276 τῶν
1730 4223 1894 4276 αὐτοῦ
1917 4223 2027 4295 (26)

434 4303 738 4371 δυνάμεων,
762 4310 818 4361 αῖ
841 4310 1105 4382 πρότερον
1129 4312 1392 4383 ἐνήργουν
1414 4314 1471 4366 ὲν
1487 4312 1564 4383 τῷ
1598 4314 1840 4386 Ἰωάννῃ.
1865 4315 2030 4367 Ποίαν

435 4386 663 4464 oin/ﬁxa
690 4400 1025 4472 πιθανότητα
1051 4403 1143 4457 τὸν
1169 4403 1261 4455 ἐπὶ
1282 4403 1537 4457 τοσοῦτον
1563 4403 1839 4477 γνώριμον
1868 4407 2030 4460 παντὶ

434 4487 570 4560 λαῷ,
612 4491 706 4544 καὶ
758 4492 1040 4565 διαῗόητον
1086 4495 1145 4549 ἐν
1175 4494 1271 4567 ὅλῃ
1316 4498 1382 4567 τῇ
1446 4495 1695 4568 Ἰουδαίᾳ,
1734 4497 1793 4550 ὃν
1847 4497 2029 4567 ἔλεγον

435 4583 551 4636 υἱὸν
586 4581 724 4637 εἶναι
770 4583 863 4636 τοῦ
912 4584 1163 4648 τέκτονος
1211 4588 1306 4640 καὶ
1352 4587 1590 4658 Μαρίας,
1626 4590 1720 4643 καῖ
1762 4591 2025 4661 ἀδελφοὺς

435 4674 580 4747 ἔχειν
631 4677 871 4754 τοιούσδε
922 4678 1016 4731 καῖ
1068 4678 1320 4749 ἀδελφὰς,
1376 4680 1692 4752 νομίζεσθαι
1734 4680 1874 4738 εἶναι
1921 4687 2020 4758 οὐχ

433 4765 621 4837 ἕτερον
671 4766 937 4831 Ἰωάννου,
981 4761 1026 4836 ᾧ
1064 4767 1247 4839 πατὴρ
1277 4764 1345 4839 ἦν
1377 4771 1672 4842 Ζαχαρίας,
1702 4773 1797 4825 καὶ
1835 4775 2019 4845 μήτηρ

387 4886 399 4930 ἶ
446 4854 750 4921 Ἐλισάὸετ,
798 4855 908 4909 οὐδ’
953 4856 1106 4910 αὐτοὶ
1139 4856 1344 4929 ἄσημοι
1387 4858 1461 4912 ἐν
1475 4859 1554 4931 τῷ
1585 4860 1729 4932 λαῷ;
1771 4861 1934 4926 Εἰκὸς
1974 4862 2018 4915 δ’

2133 3394 2357 3455 tineam,
2387 3394 2455 3447 ad
2488 3393 2732 3449 historiae
2784 3402 2965 3450 autem
3002 3396 3284 3449 veritatem
3332 3394 3479 3447 nullo
3514 3394 3713 3461 modo;
3742 3445 3749 3452 ,

2129 3482 2249 3535 alite
2277 3492 2458 3536 autem
2506 3498 2669 3546 verae,
2715 3483 3172 3551 quemadmodum
3219 3481 3480 3537 Pharisaei
3517 3482 3584 3536 de
3626 3498 3714 3536 re-

2129 3575 2469 3629 surrectione
2500 3583 2842 3628 mortuorum
2875 3581 3119 3643 agentes,
3147 3587 3434 3641 resurgere
3468 3572 3590 3627 illos
3615 3572 3714 3626 do-

2129 3675 2380 3722 cuerunt.
2415 3665 2569 3732 Quod
2606 3667 2770 3736 igitur
2802 3667 2906 3719 hoc
2935 3664 3385 3734 loco-quaeritur,
3431 3663 3562 3717 illud
3603 3672 3710 3726 est,

2130 3773 2198 3811 an
2232 3759 2354 3813 talis
2381 3766 2527 3812 esset
2575 3757 2842 3828 quaepiam
2895 3754 3126 3809 Herodis
3155 3764 3209 3809 et
3249 3755 3634 3808 nonnullorum
3682 3770 3713 3806 e

2130 3850 2282 3918 plebe
2321 3849 2389 3903 de
2429 3849 2612 3903 anima
2655 3848 2789 3902 falsa
2816 3846 3065 3916 'quidem
3114 3846 3403 3910 sententia,
3436 3846 3579 3915 quod
3623 3845 3713 3899 ille

2131 3941 2378 3995 videlicet
2403 3938 2664 4002 Joannes,
2695 3955 2856 4009 quem
2903 3939 3067 4008 paulo
3102 3947 3227 3992 ante
3272 3938 3387 4007 ipse
3428 3936 3713 3991 interfece-

2130 4043 2235 4099 rat,
2268 4041 2556 4103 postquam
2597 4031 2773 4101 capite
2808 4040 3094 4086 truncatus
3124 4038 3228 4095 est,
3265 4046 3294 4083 ιι
3324 4029 3556 4083 mortuis
3587 4044 3712 4084 sur‘

2133 4126 2368 4195 rexerit,
2412 4125 2666 4194 idemque
2717 4120 2897 4190 esset,
2958 4122 3104 4176 aliud
3158 4136 3357 4176 nomen
3405 4135 3736 4190 usurpans,

2131 4232 2385 4286 nuncque
2422 4216 2602 4271 dictus
2642 4213 2824 4278 Iesus,
2858 4214 3284 4283 earumdemque
3321 4213 3585 4266 virtutum
3619 4227 3713 4265 ca-

2131 4326 2256 4379 pax,
2281 4309 2447 4381 568
2469 4325 2588 4377 quae
2621 4310 2673 4362 in
2705 4306 2915 4361 Joanne
2942 4305 3093 4377 prius
3127 4305 3512 4374 operabantur.
3534 4303 3725 4370 Quam?

2132 4403 2292 4472 igitur
2324 4401 2759 4471 probabilitatem
2800 4401 2980 4466 habet,
3008 4415 3134 4454 eum
3172 4398 3265 4468 qui
3309 4398 3380 4451 ita
3413 4405 3559 4461 esset
3587 4395 3711 4451 uni-

2131 4510 2289 4549 verso
2321 4495 2521 4564 populo
2555 4501 2738 4559 notus,
2768 4501 2824 4547 et
2850 4492 2904 4545 in
2928 4500 3034 4545 tota
3061 4490 3246 4546 Judaea
3271 4488 3519 4549 celebris,
3545 4503 3707 4558 quem

2131 4586 2269 4641 fabri
2297 4595 2351 4644 et
2380 4584 2563 4640 Maria:
2596 4584 2765 4639 filium
2797 4599 2937 4649 esse,
2963 4593 3014 4637 et
3042 4583 3175 4637 tales
3199 4582 3399 4635 habere
3437 4578 3629 4635 fratres
3657 4588 3713 4635 el.

2127 4694 2344 4736 sorores
2374 4679 2659 4744 dicebant,
2692 4693 2800 4732 non
2850 4677 3015 4730 alium
3066 4674 3365 4739 existimari
3411 4690 3440 4727 a
3477 4671 3713 4736 Joanne,

2127 4774 2212 4827 cui
2247 4760 2396 4841 pater
2423 4770 2720 4826 Zacharias
2743 4768 2862 4831 fuit,
2903 4778 3078 4822 mater
3119 4767 3415 4826 Elisabeth,
3456 4780 3557 4819 nec
3601 4764 3708 4833 ipsi

2126 4864 2353 4932 quidem
2378 4859 2644 4932 ignobiles
2668 4861 2721 4914 in
2751 4860 2988 4931 populo?
3032 4857 3153 4912 Veri
3194 4866 3374 4912 autem
3412 4848 3590 4910 simile
3625 4861 3711 4908 est

505 5058 550 5090 ι’
582 5054 716 5113 Gen.
748 5071 800 5123 ι,
833 5055 920 5114 Η.
994 5057 1039 5090 ⁸⁸
1065 5055 1195 5129 Sap.
1227 5073 1304 5125 Ix,
1332 5059 1385 5115 6.
1464 5060 1507 5093 ³¹
1539 5059 1653 5117 Jer.
1688 5078 1772 5130 rx,
1802 5063 1894 5120 23.
1971 5065 2016 5098 ⁸⁸

2137 5065 2239 5120 ιιΙιι
2271 5081 2382 5133 xxv,
2420 5064 2472 5120 ιλ
2547 5067 2593 5098 ³³
2623 5064 2790 5121 Marc.
2816 5081 2870 5120 vr
2891 5105 2906 5131 ,
2934 5064 3021 5120 Η.
3099 5064 3144 5096 ⁸⁸
3170 5063 3303 5120 Luc.
3338 5080 3411 5127 Ix,
3437 5061 3464 5111 7

516 5244 627 5314 (25)
669 5242 797 5299 Post
831 5244 1177 5314 δικαιοσύνης
1203 5245 1572 5314 scribendum,
1601 5259 1695 5305 aut
1723 5258 1869 5307 certe
1892 5251 2022 5307 suit-

516 5260 627 5314 (τό)
669 5260 797 5299 rost
831 5260 1177 5369 Otxatoouwlg
1203 5260 1388 5302 SCI'IDCI

438 5315 851 5388 intelligendum
880 5315 1105 5388 videtur
1165 5315 1388 5388 πούσης.

510 5385 624 5455 (24)
677 5385 921 5455 Ὀποίας-
958 5385 1256 5455 ἐφρόνουν
1307 5385 1361 5439 οἱ
1426 5387 1844 5454 Σαδδουκαῖοι,
1912 5398 2016 5446 etc.

438 5453 560 5543 ρει,
600 5470 734 5537 χειιι
757 5495 774 5521 ,
804 5453 1166 5543 8.'.Joseplius
1194 5457 1395 5543 passim
1418 5499 1434 5524 ,
1460 5467 1518 5543 et
1551 5459 1667 5540 alii.
1694 5453 1849 5543 Hugo
1876 5460 2018 5543 Ero.

436 5529 548 5582 tius
592 5526 676 5578 vir
720 5525 1036 5595 excellentis
1087 5524 1288 5595 ingenii
1338 5535 1392 5580 et
1443 5527 1741 5593 doctrinae,
1782 5524 1837 5585 in
1881 5531 2018 5585 Mat?

439 5600 647 5653 thaaum
680 5610 815 5656 xm,
851 5593 943 5653 ‘29.
976 5593 1170 5648 scribit
1197 5595 1331 5649 nihil
1365 5596 1654 5653 admisisse
1687 5598 2015 5657 Saddueaeos

439 5681 613 5736 quam
640 5663 791 5736 quod
814 5663 867 5716 in
904 5662 1063 5736 libris
1091 5664 1256 5721 Mosis
1290 5666 1482 5732 αὐταῖς
1513 5671 1633 5734 ταῖς
1666 5669 1845 5735 λέξεσι
1880 5690 2012 5726 eon-

441 5732 687 5811 tinetur;
726 5732 1013 5802 allegorias
1038 5744 1230 5811 autem
1260 5745 1313 5789 et
1342 5732 1671 5811 tropologias
1698 5732 1975 5811 respuisse
2000 5762 2012 5797 :

444 5807 789 5883 contrarium
823 5813 1003 5883 tamen
1037 5802 1124 5857 hic
1165 5815 1349 5883 aperte
1377 5802 1530 5864 docet
1559 5802 1861 5883 Origenes,
1897 5830 2018 5883 qua:

447 5891 643 5948 nempe
682 5878 736 5931 in
775 5874 891 5946 lege
935 5871 1237 5956 dehangelis
1259 5875 1404 5933 dicta
1449 5891 1609 5950 sunt,
1648 5871 1824 5954 quoad
1852 5871 2016 5940 verba

2128 5252 2447 5322 repudiasse
2496 5251 2875 5323 Sadducaeos,
2914 5253 3097 5321 quoad
3142 5246 3502 5323 tropologtam
3530 5268 3708 5307 .reeeu
3786 5252 3797 5319 μ

2127 5321 2292 5393 piSSe.
2330 5323 2470 5379 Idem
2500 5323 2724 5378 Grotius
2746 5324 2798 5376 in
2830 5321 3022 5377 Matth.
3053 5322 3313 5393 311,727,
3343 5321 3706 5393 quaeritguo-
3777 5338 3795 5369 -ί

2127 5391 2294 5448 modo
2336 5394 2557 5463 angelos
2599 5408 2721 5448 esse
2768 5401 3028 5463 negarent
3073 5391 3386 5463 Sadducau,
3416 5392 3508 5461 qui
3538 5391 3707 5448 Musis

2127 5464 2328 5532 scripta
2371 5461 2782 5526 admittebant,.
2813 5463 2864 5515 in
2910 5462 3132 5532 quibus
3156 5473 3264 5514 tam
3316 5461 3574 5529 frequens
3616 5472 3704 5518 est

2125 5529 2439 5603 ungularum
2484 5533 2728 5586 mentio:
2770 5529 3058 5603 respondet
3100 5529 3362 5601 Origenes
3405 5532 3520 5603 lucc
3554 5532 3719 5602 ipsus:

2125 5604 2191 5657 ad
2206 5600 2585 5672 'tropologiam
2617 5602 2898 5664 retulisse;
2937 5610 2990 5672 at
3020 5600 3243 5672 Grotius
3269 5601 3494 5672 angelos
3520 5600 3590 5658 ali
3621 5604 3697 5656 iis

2126 5690 2222 5743 pro
2266 5670 2359 5726 Dei
2406 5670 2669 5743 ἀτμήτοις
2709 5681 2762 5725 et
2810 5671 3135 5743 ἀχωρίστοις
3179 5670 3440 5743 δυνάμεσι
3486 5671 3719 5731 habitos-

2123 5741 2294 5797 fuisse
2318 5740 2521 5798 censet.
2542 5740 2811 5797 liuentis.

2197 5812 2308 5885 (25)
2341 5812 2433 5879 Ὡς
2462 5809 3192 5885 περὶᾴναστὰλσεωςηνίιίο
3220 5810 3338 5867 Αοι.
3374 5812 3611 5881 Χιιιινϐ,
3645 5817 3711 5873 8“.

2199 5882 2311 5956 (26)
2326 5940 2337 5948 ,
2352 5883 2567 5940 Αὑτοῦ.
2600 5882 2959 5942 Sct'ibeudum
2991 5882 3192 5938 αὐτῶν.
