4128 6442
485 368 590 427 κεν

1478 369 1834 427 COMMENT.
1880 368 1949 423 IN
1987 369 2407 426 MAT'IiixEUM
2448 370 2684 429 'I'OMUS
2723 371 2788 425 Χ.

3652 378 3757 432 890

489 484 681 539 Ἠλίου
705 485 1128 558 προεληλυθέναι
1153 484 1244 539 τὸν
1293 485 1564 557 Ἰωάννην,
1601 505 1621 537 ι
1662 488 1774 550 τοῖς
1802 485 1897 538 νῦν
1928 486 2053 539 ὑπο-

2162 486 2394 541 cessisse
2432 487 2487 541 iu
2527 487 2721 556 spiritu
2754 485 2884 541 Elite
2907 493 2962 540 et
2984 487 3186 543 virtute
3209 487 3276 554 “,
3315 507 3333 540 ι
3372 490 3513 545 ratio
3545 499 3599 547 et
3623 508 3757 549 eon-

488 577 796 649 νοουμένοις
843 580 971 651 περὶ
1034 577 1281 632 Ἰωάννου
1328 578 1423 631 καὶ
1476 577 1649 647 Ἰησοῦ
1698 577 1802 631 ὑπὸ
1843 576 2067 632 τούτων.

502 670 655 727 Ἐπεὶ
677 670 734 724 δὲ
770 671 989 743 πρῶτον
1035 669 1331 741 ὲμάθομεν,
1365 670 1446 723 ὅτι
1479 670 1617 741 μετὰ
1647 669 1737 723 τὸν
1764 668 2069 742 πειρασμὸν

486 759 517 813 6
553 760 740 832 Σωτὴρ
776 758 1036 823 ἀκούσας,
1066 759 1148 812 ὅτι
1184 758 1435 829 Ἰωάννης
1462 758 1764 831 παρεδόθη,
1793 758 2070 831 ἀνεχώρη-

491 864 579 901 σεν
606 852 684 914 είς
708 852 805 914 τὴν
830 850 1116 905 Γαλιλαίαν
1136 891 1152 916 ,
1179 847 1432 920 δεύτερον
1466 848 1541 911 δὲ,
1572 849 1654 902 ὅτι
1683 850 1740 902 ἐν
1762 849 1839 921 τῷ
1866 849 2072 920 δεσμω-

486 941 659 1011 τηρίῳ
690 940 992 1011 τυγχάνων,
1027 943 1265 1006 ἀκούσας
1305 940 1416 1013 (5‘2)
1456 940 1524 994 τὰ
1557 940 1686 1011 περὶ
1720 940 1814 994 τοῦ
1865 940 2065 1012 Ἰησοῦ,

489 1049 507 1079 ι
538 1030 755 1101 πέμψας
782 1032 875 1085 δύο
903 1034 1011 1087 τῶν
1043 1033 1300 1107 μαθητῶν
1331 1031 1520 1097 αὑτοῦ,
1560 1026 1715 1085 εἶπεν
1760 1032 1908 1104 αὐτῷ
1932 1049 1946 1062 ο
1993 1033 2066 1085 Σὺ

484 1116 535 1173 εἷ
565 1124 593 1174 6
618 1123 931 1194 ἐρχόμενος,
961 1124 994 1194 ἢ
1025 1120 1210 1195 ἕτερον
1243 1125 1660 1197 προσδοκῶμεν;
1705 1144 1723 1176 ι
1767 1125 1858 1178 καὶ
1885 1123 2068 1196 τρίτον

487 1213 842 1280 ἁπαξαπλῶς,
886 1217 967 1269 ὅτι
1011 1215 1258 1287 Ἡρώδης
1300 1210 1423 1269 εἷπε
1457 1213 1708 1287 περὶτοῦ
1754 1213 1950 1285 Ἰησοῦ,
1985 1215 2067 1268 ὅτι

487 1321 507 1354 ι
527 1305 697 1368 Αὐτός
722 1308 871 1360 ἐστιν
907 1308 1158 1379 Ἰωάννης
1174 1308 1201 1359 6
1217 1306 1544 1377 Βαπτιστὴς,
1558 1307 1720 1370 αὐτὸς
1736 1305 1940 1377 ἠγέρθη
1959 1304 2067 1361 ἀπὸ

479 1394 589 1447 τῶν
616 1396 848 1467 νεκρῶν,
875 1416 894 1448 ι
932 1397 1228 1468 οὐδαμόθεν
1256 1398 1314 1451 δὲ
1351 1400 1712 1470 προέγνωμεν
1741 1398 1833 1452 τὸν
1862 1398 2065 1468 τρόπον

479 1485 577 1555 τῆς
620 1486 945 1558 ἀναιρέσεως
991 1487 1085 1542 τοῦ
1145 1490 1485 1543 Βαπτιστοῦο
1517 1489 1605 1542 διὰ
1650 1488 1808 1542 τοῦτο
1835 1487 1930 1543 νῦν
1970 1487 2065 1541 καὶ

479 1576 635 1631 τοῦτο
663 1579 973 1651 ἀνέγραψεν
1001 1583 1028 1635 6
1054 1581 1352 1647 Ματθαίος,
1386 1584 1478 1636 καὶ
1511 1584 1539 1634 6
1573 1582 1798 1653 Μάρκος
1826 1581 1881 1636 δὲ
1915 1582 2063 1654 αὐτῷ

481 1670 876 1742 παραπλησίως
895 1689 907 1700 ·
939 1674 967 1725 ὁ
996 1672 1052 1726 δὲ
1079 1674 1293 1736 Λουκᾶς
1319 1673 1390 1727 τὰ
1422 1673 1593 1726 πολλά
1622 1674 1720 1744 τῆς
1752 1672 1903 1745 παρά
1934 1671 2062 1727 τού-ι

475 1776 591 1825 τοις
616 1762 1039 1835 παρεσιώπησεν
1075 1766 1333 1835 ἱστορίας.

552 1937 704 2007 Ἔχει
725 1937 781 1990 δὲ
815 1937 987 2002 οὕτως
1026 1942 1059 2011 ἡ
1103 1939 1198 1993 τοῦ
1237 1939 1516 1995 Ματθαίου
1562 1940 1738 2008 λέξις·
1790 1961 1809 1993 ι
1856 1942 1913 1996 '0
1950 1942 2060 2016 γάρ

488 2029 755 2103 Ἡρώδης,
803 2032 1084 2102 κρατήσας
1116 2032 1206 2086 τὸν
1252 2034 1526 2107 Ἰωάννην,
1574 2034 1761 2105 ἔδησεν
1800 2034 1961 2087 αὑτὸν
1999 2036 2057 2091 ὲν

475 2124 542 2192 τῇ
590 2121 827 2193 φυλακῇ.
865 2141 883 2174 ι
918 2123 1013 2187 Εἰς
1050 2123 1203 2177 ταῦτ’
1235 2120 1328 2179 οῦν
1354 2126 1502 2179 δοκεῖ
1537 2144 1625 2197 μοι
1672 2126 1773 2190 ὅτι,
1808 2125 1998 2198 ὥσπερ
2029 2128 2058 2180 6

475 2213 638 2283 νόμος
668 2214 760 2267 καὶ
789 2215 838 2268 οί
884 2217 1159 2287 προφῆται
1188 2216 1349 2289 μέχρι
1394 2218 1665 2281 Ἰωάννου,
1699 2218 1815 2289 μεθ’
1847 2217 1904 2272 ὃν
1937 2218 2059 2290 ἐλη-

476 2304 564 2370 ξεν
596 2305 632 2373 ἠ
669 2308 978 2379 προφητικὴ
1011 2308 1120 2361 ἀπὸ
1162 2310 1429 2364 Ἰουδαίων
1459 2312 1617 2383 χάρις
1639 2329 1652 2341 ·
1683 2309 1859 2375 οὔτως
1886 2313 1919 2383 ἡ
1949 2311 2057 2366 τῶν

473 2396 904 2470 βασιλευσάντων
941 2402 1047 2473 (55)
1088 2404 1146 2456 ἐν
1182 2401 1262 2473 τῷ
1302 2402 1417 2475 λαῷ
1468 2404 1707 2470 ἐξουσία,
1761 2405 1924 2475 μέχρι
1957 2404 2052 2459 τοῦ

470 2492 715 2564 ἀναιρεῖν
763 2494 892 2559 τοὺς
932 2494 1322 2568 νομιζομένους
1365 2495 1548 2564 ἀξίους
1595 2497 1825 2551 θανάτου
1874 2498 2057 2561 αὐτοῖς

472 2584 817 2659 ὑπάρχουσα,
847 2589 951 2651 ἓως
1004 2587 1256 2643 Ἰωάννου
1296 2586 1386 2661 ἦν,
1421 2590 1516 2643 καὶ
1558 2589 1935 2661 ἀναιρεθέντος
1959 2586 2053 2642 τοῦ

469 2680 777 2734 τελευταίου
801 2680 909 2734 τῶν
933 2682 1229 2752 προφητῶν
1264 2682 1595 2754 παρανόμως
1618 2684 1725 2738 ὑπὸ
1744 2682 1837 2737 τοῦ
1881 2681 2058 2755 Ἠρώ-

468 2769 583 2835 δου,
620 2771 869 2842 ἀφηρέοη
912 2774 941 2824 6
987 2771 1258 2827 Ἰουδαίων
1289 2772 1540 2843 βασιλεὺς
1567 2772 1666 2843 τῆς
1691 2772 1783 2826 τοῦ
1811 2774 2056 2845 ἀναιρεῖν

470 2862 743 2930 ἐξουσίας·
786 2865 833 2915 εἰ
864 2862 974 2933 γάρ
1002 2862 1077 2933 μὴ
1118 2862 1366 2934 ἀφῄρητο
1394 2863 1564 2933 αὐτὴν
1593 2864 1621 2916 ὁ
1663 2862 1928 2934 Ἡρώδης,
1955 2865 2058 2920 οὐκ

467 2952 535 3006 ἂν
563 2953 809 3034 ἐδίκασεν
843 2955 872 3006 ὁ
917 2954 1150 3017 Πιλάτος
1184 2954 1274 3008 τὸν
1320 2953 1525 3025 Ἰησοῦν
1570 2953 1665 3024 τὴν
1695 2956 1786 3008 ἐπὶ
1817 2956 2055 3027 θανάτῳ,

469 3042 584 3099 ἀλλ’
634 3044 866 3115 ἤρκεσεν
912 3042 979 3098 ἂν
1024 3046 1104 3108 είς
1145 3042 1307 3097 τοῦτο
1348 3044 1593 3116 Ἡρώδης
1635 3046 1779 3116 μετά
1809 3047 1908 3118 τῆς
1945 3047 2055 3101 τῶν

469 3136 771 3207 ἀρχιερέων
800 3135 936 3209 (54),
965 3137 1061 3191 καὶ
1083 3136 1466 3209 πρεσϐυτέρων
1500 3136 1598 3191 τοῦ
1629 3138 1758 3192 λαοῦ
1789 3140 1869 3203 είς
1898 3139 2057 3195 τοῦτο

534 3297 581 3331 ⁸ο
606 3295 741 3353 Luc.
777 3312 833 3364 ι,
864 3297 954 3353 17.
1030 3298 1075 3330 δι
1105 3297 1301 3352 Matth.
1338 3314 1423 3366 ιι,
1456 3297 1510 3364 2,
1538 3300 1602 3363 5;
1629 3298 1763 3355 Luc.
1794 3302 1898 3367 VII,
1938 3300 2024 3368 l9,

2241 3299 2287 3332 δ’
2321 3297 2512 3353 Matth.
2556 3311 2679 3364 xrv,
2717 3297 2773 3354 Ξ.

2173 578 2444 634 venientia
2467 595 2594 635 cum
2629 579 2697 634 iis
2732 596 2854 650 qua:
2884 580 2972 635 isti
3006 582 3073 637 de
3099 579 3313 637 Joanne
3345 592 3400 638 et
3438 582 3567 640 Jesu
3594 601 3760 643 exco-

2171 671 2433 741 gitarunt.
2471 672 2919 741 Quandoquidem
2959 685 3138 729 autem
3180 676 3417 744 primum
3464 678 3758 735 didicimus

2173 765 2544 833 Servatorem,
2577 776 2867 836 postquam
2903 769 3205 824 audivisset
3248 779 3369 839 post
3405 772 3755 827 tentatiooem

2169 856 2435 913 Joannem
2482 873 2605 914 esse
2648 860 2943 923 traditum,
2996 861 3288 916 secessisse
3332 862 3386 915 in
3433 861 3753 919 Galilaeam:

2169 949 2365 1004 deinde
2411 950 2705 1006 didicimus
2729 948 2993 1004 Joannem
3042 968 3166 1007 cum
3219 962 3366 1008 esset
3426 955 3479 1008 in
3512 971 3753 1022 carcere,

2170 1055 2347 1111 eaque
2376 1042 2620 1097 audisset
2659 1058 2780 1112 quae
2806 1043 2872 1096 de
2896 1041 3024 1098 Jesu
3053 1044 3378 1099 dicebantur
3409 1045 3474 1110 “,
3520 1064 3538 1097 ι
3570 1047 3755 1100 misis-

2170 1141 2362 1202 setque
2389 1132 2529 1187 duos
2568 1132 2636 1187 de
2670 1133 2955 1203 discipulis
2995 1135 3136 1199 suis,
3185 1135 3389 1190 dixisse
3438 1137 3554 1190 illi:
3593 1145 3649 1191 tu
3694 1152 3755 1191 es

2169 1225 2263 1293 qui
2310 1232 2572 1279 venturus
2611 1239 2703 1289 es,
2755 1240 2825 1279 an
2878 1224 3043 1279 alium
3094 1226 3556 1294 exspectamus?»
3595 1228 3754 1282 tertio

2169 1310 2436 1368 Herodem
2467 1314 2812 1368 solummodo
2841 1314 3050 1370 dixisse
3096 1315 3163 1370 de
3199 1314 3364 1384 Jesu,
3411 1336 3429 1368 ι
3466 1334 3591 1373 eum
3633 1333 3755 1373 esse

2164 1403 2430 1460 Joannem
2462 1405 2778 1476 Baptistam,
2808 1407 2986 1476 ipsum
3009 1408 3315 1465 surrexisse
3334 1424 3365 1463 a
3388 1411 3620 1464 mortuis
3636 1410 3702 1476 ",
3726 1429 3747 1462 ι

2167 1514 2345 1569 neque
2379 1508 2558 1554 tamen
2593 1500 2745 1569 prius
2778 1501 3138 1571 cognovimus
3174 1517 3282 1571 qua
3332 1502 3546 1558 ratione
3584 1503 3754 1557 inter-

2166 1587 2343 1647 fectus
2387 1590 2457 1645 sit
2496 1589 2768 1659 Baptista;
2816 1603 3101 1660 propterca
3150 1608 3298 1647 nunc
3349 1594 3481 1647 illud
3532 1594 3753 1663 scripsit

2164 1680 2471 1747 Matthaeus,
2503 1689 2558 1736 et
2586 1681 2659 1735 ita
2689 1682 3081 1751 propemodum
3116 1681 3332 1739 Marcus
3359 1702 3371 1737 :
3409 1684 3583 1740 Lucas
3624 1702 3751 1739 vero

2165 1771 2460 1826 maximam
2493 1772 2612 1841 ejus
2638 1788 2760 1841 qua:
2789 1771 2931 1842 apud
2962 1773 3086 1827 illos
3130 1784 3213 1828 est
3257 1774 3500 1830 historiae
3541 1786 3749 1845 partem

2161 1861 2528 1931 praetermisit.

2232 1953 2322 2007 21.
2354 1950 2445 2008 Sic
2471 1960 2651 2008 autem
2690 1968 2750 2008 se
2780 1952 2982 2008 habent
3018 1952 3259 2008 Matthtei
3285 1954 3448 2008 verba
3470 1953 3516 1985 “
3544 1972 3557 2008 :
3589 1972 3608 2005 ι
3644 1952 3752 2009 lle-

2162 2047 2322 2102 rodes
2360 2046 2504 2100 enim
2535 2045 2707 2100 tenuit
2731 2043 3019 2107 Joannem,
3050 2056 3104 2100 et
3129 2045 3371 2116 alligavit
3400 2061 3523 2100 eum
3550 2046 3603 2100 in
3634 2061 3753 2100 car-

2161 2153 2304 2194 cere.
2340 2156 2360 2189 t
2401 2137 2485 2193 Ad
2531 2137 2585 2194 id
2612 2138 2777 2209 igitur
2825 2138 3037 2193 videtur
3081 2138 3238 2203 mihi,
3288 2138 3749 2208 quemadmodum

2160 2230 2247 2286 lex
2264 2240 2316 2286 et
2331 2231 2798 2302 prophetmlocum
2824 2232 3136 2287 habuerunt
3160 2231 3225 2286 ad
3255 2229 3519 2285 Joannem
3551 2247 3748 2312 usque,

2158 2332 2282 2394 post
2308 2340 2469 2392 quem
2493 2324 2721 2380 recessit
2756 2340 2786 2378 a
2826 2323 3030 2379 Judaais
3074 2323 3392 2393 prophetica
3424 2323 3638 2391 gratia;
3674 2323 3749 2377 ita

2158 2412 2504 2482 regnantium
2548 2413 2603 2466 in
2653 2413 2855 2483 populo
2895 2421 3237 2482 potestatem,
3278 2427 3385 2481 qua
3431 2412 3499 2466 ad
3542 2412 3749 2466 interli-

2159 2502 2381 2559 ciendos
2415 2519 2533 2569 eos,
2574 2504 2669 2573 qui
2713 2512 2889 2563 morte
2932 2504 3080 2574 digni
3132 2502 3531 2572 jndicarentur,
3581 2502 3749 2572 pollc-

2159 2595 2311 2661 bant,
2350 2594 2417 2650 ad
2450 2593 2717 2649 Joannem
2771 2609 2945 2663 usque
2995 2609 3416 2663 perseverasse;
3471 2603 3526 2648 et
3555 2603 3748 2662 ptaztcr

2158 2684 2244 2740 fas
2276 2683 2565 2739 interfecto
2599 2685 2668 2739 ab
2717 2682 2934 2739 Herode
2982 2685 3285 2739 novissimo
3332 2684 3745 2754 prophetarum,

2157 2778 2472 2834 Judazorum
2504 2794 2683 2844 regem
2722 2785 2993 2847 potestate
3022 2779 3382 2833 interﬁciendi
3417 2778 3588 2834 fuisse
3632 2780 3747 2849 pri—

2159 2880 2366 2924 vatum.
2399 2869 2513 2923 Nisi
2545 2868 2688 2923 enim
2720 2884 2781 2921 ea
2809 2868 3105 2923 excidisset
3135 2867 3399 2934 Herodes,
3425 2868 3614 2924 Jesum
3651 2886 3747 2925 ca-

2158 2958 2268 3030 pite
2294 2973 2405 3011 non
2433 2956 2751 3012 damnasset
2782 2954 3013 3020 Pilatus,
3042 2957 3135 3010 sed
3169 2957 3304 3011 satis
3344 2959 3412 3011 ad
3457 2957 3509 3011 id
3555 2957 3748 3012 fuisset

2158 3049 2424 3114 Herodes,
2449 3063 2573 3102 cum
2601 3046 2829 3101 consilio
2852 3047 3169 3115 pontilieum
3192 3047 3359 3118 470
3385 3056 3437 3103 ct
3466 3052 3747 3104 seniorum

2164 3137 2374 3208 populi.
2406 3134 2472 3189 Et
2524 3144 2675 3199 tunc,
2732 3135 2947 3203 Opinor,
3007 3134 3286 3204 impletum
3317 3146 3401 3194 est
3450 3138 3505 3193 id
3538 3138 3683 3209 quod
3714 3155 3745 3194 a

2869 3296 2917 3330 ⁸³
2954 3297 3085 3352 ibid.
3116 3297 3170 3351 5.

538 3479 649 3551 ('52)
694 3480 813 3535 Ὅτι
866 3478 1141 3552 Ἰωάννης
1178 3480 1476 3550 παρεδόθη
1498 3523 1514 3548 ,
1543 3483 1933 3552 ἀνεχώρησεν
1958 3486 2048 3551 εὶς

2156 3484 2304 3540 ribus
2332 3482 2535 3539 Christi
2569 3481 2711 3537 ultra
2738 3496 2894 3552 reges
2943 3479 3086 3551 apud
3127 3476 3346 3552 Iudaeos
3376 3498 3483 3537 non
3520 3484 3747 3541 exstite-

460 3550 579 3619 τὴν
606 3552 971 3623 Γαλιλαίαν,
1005 3550 1377 3623 δεύτερον-δὲ
1403 3552 1493 3607 ὅτι
1522 3552 1593 3607 ἐν
1621 3550 1703 3620 τῷ
1737 3550 2048 3623 δεσμωτη-

390 3628 393 3637 ’
458 3623 583 3691 ριῳί
602 3620 919 3691 τυγχάνων
945 3622 1238 3688 ἀκούσας.
1290 3621 1417 3677 Haec
1439 3639 1562 3691 quae
1593 3620 2048 3679 desiderabantur

467 3692 525 3764 i_t_t
569 3690 866 3764 Holtttiensi
923 3700 979 3746 et
1027 3692 1197 3764 Regio
1259 3690 1575 3764 codicibus,
1622 3703 1786 3764 atque
1825 3694 1961 3749 adeo
1992 3695 2047 3748 in

468 3760 647 3834 liuetii
666 3762 945 3834 editione,
974 3762 1324 3834 supplentur
1357 3777 1389 3818 e
1420 3760 1720 3830 Vaticano,
1748 3764 2048 3834 Anglicano

469 3840 524 3887 et
552 3831 848 3886 Tariniano
881 3831 1041 3886 codd.
1075 3847 1211 3887 mss.

533 3900 645 3973 (55)
689 3902 888 3967 Οὕτως
911 3899 1133 3973 κή-τῶν
1165 3900 1714 3973 βασιλευσάντων,
1758 3910 1864 3958 etc.
1903 3902 2045 3957 Cum

466 3968 778 4041 Judteorum
811 3968 968 4041 regis
986 3971 1093 4027 hoc
1141 3975 1261 4026 loco
1306 3972 1555 4027 meminit
1599 3968 1898 4041 Origenes,
1939 3986 2051 4027 non

466 4039 687 4111 Judatos
709 4039 926 4111 proprie
956 4041 1135 4097 dictos
1164 4041 1591 4111 intellexittsed
1640 4039 1927 4109 Galilaeos,
1954 4042 2052 4111 qui

465 4108 668 4182 Judaete
708 4108 825 4165 late
847 4123 1076 4181 sumptae
1102 4127 1230 4181 pars
1262 4109 1871 4182 erant.Nonnunquam
1902 4108 2051 4167 enim

466 4177 671 4236 Judea:
714 4181 936 4237 nomine
963 4177 1190 4237 veniunt
1223 4181 1398 4237 tribus
1427 4177 1753 4237 duodecim}
1789 4198 2050 4237 nonnun-

464 4266 630 4322 quam
663 4252 794 4322 solae
822 4251 997 4322 tribus
1016 4249 1173 4306 Judat
1202 4260 1257 4307 et
1284 4250 1591 4322 Benjamin.
1615 4253 1694 4307 lta
1723 4252 2051 4308 Ptolematus

463 4320 606 4392 libro
637 4321 936 4392 Geograph.
979 4338 1048 4382 v.
1096 4337 1220 4391 cap.
1264 4320 1664 4392 i6,’Judaaam
1709 4322 2050 4387 describens.

463 4390 970 4463 Galilaaamlin’ea,
1021 4390 1361 4456 Samariam,
1410 4391 1654 4463 Judzeam
1697 4393 1917 4463 proprie
1969 4392 2052 4447 di-

461 4471 608 4532 ctam
630 4503 646 4529 ,
669 4471 724 4517 et
753 4461 1053 4532 ,ldutnazam
1082 4463 1512 4532 comprehendit.
1546 4461 1662 4532 Hoc
1688 4461 1852 4518 sensu
1886 4462 2049 4518 intel-

462 4531 714 4601 ligendus
742 4531 964 4601 Davidis
995 4533 1151 4601 locus
1179 4529 1250 4585 ε’(
1281 4529 1455 4588 Notus
1488 4533 1541 4588 in
1580 4531 1769 4588 Judaa
1803 4532 1987 4599 Deus;
2024 4553 2049 4586 ι

463 4600 521 4656 et
545 4602 637 4657 ille
666 4607 681 4656 ὲ
716 4621 737 4655 ι
763 4600 930 4657 Facta
958 4611 1043 4658 est
1083 4600 1271 4657 Judata
1321 4602 1682 4659 sanctiﬁcatio
1720 4603 1862 4672 ejus.
1892 4622 1912 4656 ι
1950 4602 2053 4658 Mi-

463 4672 700 4743 randum
743 4686 911 4743 porro
939 4682 1026 4728 est
1068 4673 1350 4728 censuisse
1378 4671 1665 4743 Origenem
1705 4671 1910 4728 nullam
1941 4690 2053 4730 am-

471 4743 614 4809 plius
643 4741 868 4814 Herodi,
900 4743 1131 4814 ejusque
1175 4741 1587 4799 successoribus
1612 4743 1781 4814 fuisse
1809 4751 2052 4814 potesta-

2150 3564 2300 3610 runt.
2334 3573 2356 3607 ι
2407 3552 2544 3607 Nam
2593 3549 2833 3623 Agrippa
2883 3549 3111 3623 regnum
3162 3549 3395 3623 Herodis
3449 3552 3504 3606 iu
3555 3564 3739 3623 partes

2152 3633 2455 3702 sectu_m_ex
2489 3638 2612 3702 asse
2644 3618 2905 3702 possedit.
2929 3618 3049 3702 Quo
3072 3631 3287 3702 mortuo
3321 3618 3501 3702 Syriae
3526 3618 3741 3702 adjecta

2150 3704 2236 3748 est
2277 3692 2486 3747 Judaa.
2531 3690 2688 3759 Quod
2735 3700 2915 3760 autent
2944 3690 3109 3746 habet
3142 3691 3237 3745 lib.
3277 3706 3328 3744 tv
3363 3690 3418 3744 in
3460 3690 3632 3760 Epist.
3673 3694 3740 3748 ad

2151 3762 2473 3818 Romanos:
2512 3781 2531 3814 ι
2559 3763 2756 3815 Annon
2787 3759 2913 3828 jure
2941 3761 3143 3815 dicitur
3180 3761 3232 3814 itt
3265 3761 3370 3830 hac
3403 3759 3556 3830 parte
3590 3778 3743 3817 mor-

2153 3843 2281 3887 tuus
2309 3847 2490 3888 sermo
2522 3832 2692 3901 legis,
2722 3832 2811 3901 cui
2836 3830 2994 3901 nulla
3041 3829 3344 3901 sacriﬁcia,
3389 3829 3601 3885 nullum
3651 3848 3742 3887 sa-

2152 3903 2455 3957 cerdotium
2479 3942 2495 3966 ,
2539 3898 2688 3954 nulla
2718 3898 2947 3954 Levitici
2989 3901 3198 3956 ordinis
3232 3899 3556 3955 deferuntur
3585 3902 3744 3956 mini-

2152 3971 2359 4027 steria?
2387 3970 2727 4026 llomicidam
2761 3969 2955 4040 punire
2999 3985 3107 4023 non
3154 3978 3366 4040 potest,
3394 3986 3494 4026 nec
3523 3972 3740 4027 adulte-

2153 4057 2275 4097 rum
2310 4041 2550 4112 lapidare
2578 4057 2597 4112 :7
2629 4041 2745 4112 hmc
2776 4041 2923 4112 enim
2955 4040 3060 4095 sibi
3087 4041 3327 4112 vindicat
3359 4040 3737 4096 Romanorum

2152 4110 2434 4181 potestas;
2475 4121 2529 4165 et
2571 4110 2790 4166 dubitas
2842 4110 3021 4165 adhuc
3064 4110 3111 4166 si
3158 4119 3372 4165 mortua
3426 4113 3515 4181 sit,
3546 4112 3740 4168 litterae

2152 4180 2279 4236 lex?
2304 4201 2322 4232 ι
2358 4182 2412 4238 ιιι
2441 4181 2673 4251 pertinet
2699 4181 2766 4235 ad
2800 4181 3046 4251 Origenis
3077 4188 3314 4243 aetatem,
3348 4180 3612 4251 qua_jam
3659 4198 3740 4237 re-

2153 4252 2239 4322 gia
2274 4248 2517 4322 potestas
2537 4291 2551 4314 ,
2586 4251 2816 4321 ejusque
2841 4248 3127 4322 potestatis
3149 4251 3348 4322 imago
3374 4248 3429 4321 in
3458 4248 3738 4308 Romanos

2154 4318 2468 4377 transierat.
2490 4318 2875 4390 Qualem—pore
2897 4321 3162 4389 quidquid
3183 4318 3497 4375 Judieorum
3523 4321 3740 4376 ethnar-

2153 4393 2269 4448 clue
2300 4402 2573 4461 poterant,
2605 4391 2820 4446 Caesare
2848 4390 3188 4461 gratiﬁcante
3234 4392 3622 4461 impetrabant,
3652 4393 3736 4447 vel

2152 4463 2274 4532 ipso
2302 4459 2687 4532 dissimulante
2724 4459 3086 4532 auctitabant.
3121 4459 3382 4532 Origenes
3422 4462 3490 4515 ad
3521 4462 3737 4517 Africa-

2152 4529 2284 4602 num
2311 4549 2326 4585 :
2360 4532 2476 4602 Νῦν
2512 4531 2644 4602 γοῦν
2677 4532 2966 4602 Ῥωμαίων
3007 4529 3436 4602 βασιλευόντων,
3464 4532 3562 4585 καὶ
3610 4532 3739 4586 Ἰου-

2151 4601 2315 4674 δαίων
2366 4599 2739 4674 τδδίδραχμα
2778 4599 2963 4674 αὐτοῖς
3008 4599 3335 4674 τελούντων,
3385 4602 3489 4674 ὅσα
3522 4620 3739 4674 συγχω-

2156 4671 2394 4755 ροῦντοςη
2408 4671 2686 4755 Καίσαρος
2719 4673 2747 4725 6
2781 4672 3058 4755 ἐθνάρχης
3091 4673 3224 4744 παρ’
3256 4672 3440 4755 αὐτοῖς
3472 4671 3733 4755 δύναται,

2156 4689 2376 4744 ρουντος
2408 4689 2686 4795 λαισαέος
2719 4689 2747 4725 ο
2790 4689 3058 4755 ευναρχης
3091 4689 3221 4744 παρν
3256 4689 3440 4752 αυτοις
3472 4689 3696 4726 ουναται
3716 4713 3733 4738 ,

2152 4742 2227 4807 ὼς
2272 4741 2437 4814 μηδὲν
2464 4742 2590 4814 διαφ
2627 4759 2740 4814 ρειν
2780 4742 3156 4814 βασιλευοντος
3196 4758 3292 4814 του
3321 4741 3540 4814 ἔθνους,
3572 4743 3735 4814 ίσμεν

461 4820 568 4866 tem
616 4811 1084 4885 animadvertendi
1118 4813 1173 4885 in
1200 4829 1364 4885 reos;
1396 4828 1520 4867 nam
1558 4814 1624 4867 ad
1656 4811 1925 4869 Herodem
1955 4811 2045 4885 Je-

2156 4815 2199 4868 οἱ
2227 4811 2651 4885 πεπειραμένοι·
2677 4811 2886 4885 γίνεται
2909 4812 2977 4885 δὲ-
3000 4813 3100 4885 και-
3132 4813 3392 4885 κριτήρια
3431 4811 3734 4885 λεληθότως

466 4894 584 4936 sum
613 4883 761 4939 misit
801 4881 1034 4951 Pilatus,
1061 4882 1154 4952 qui
1184 4884 1378 4952 capitis
1402 4898 1630 4939 causam
1658 4899 1842 4940 coram
1868 4898 1936 4939 eo
1958 4884 2043 4939 di-

459 4962 636 5025 ceret,
663 4962 956 5023 postquam
1013 4951 1159 5025 hunc
1191 4951 1473 5025 Galilzrum
1500 4970 1656 5021 esse,
1700 4955 1769 5009 ad
1813 4955 2043 5025 ejusque

459 5021 723 5094 ditionem
784 5021 1074 5094 pertinere
1118 5024 1415 5094 intellegit,
1473 5033 1533 5079 ut
1576 5032 1659 5080 est
1701 5021 1856 5094 apud
1903 5021 2038 5081 Luc.

458 5093 699 5165 non].
739 5092 805 5165 Et
851 5095 920 5149 ab
952 5109 1019 5148 eo
1048 5092 1362 5165 damnando
1395 5094 1517 5149 ideo
1547 5110 1605 5149 se
1632 5092 1843 5150 tantum
1870 5095 2042 5150 absti-
2086 5159 2092 5165 _

458 5166 579 5235 nuit
625 5162 906 5235 Herodes,
952 5175 1008 5235 et
1051 5164 1118 5219 ad
1160 5163 1393 5218 Pilatum
1425 5166 1664 5231 remisit,
1695 5166 1779 5221 vel
1806 5181 1915 5235 quo
1942 5179 2042 5234 par

455 5234 576 5299 ejus
611 5234 854 5289 comitati
884 5234 1130 5299 referret,
1154 5236 1239 5289 vel
1268 5235 1416 5299 quod
1457 5235 1727 5289 insontem
1757 5234 2039 5290 Christum

456 5250 576 5299 ejus
611 5250 854 5289 comttau
884 5250 1130 5299 reterret,
1154 5250 1239 5289 vet
1307 5250 1416 5289 uou
1457 5250 1727 5289 tnsontem
1757 5250 2035 5290 Cnrrstum

456 5303 744 5375 reperiret.
770 5304 1008 5374 Agrippa
1035 5306 1221 5375 etiam,
1247 5250 1480 5375 [ilerodis
1499 5306 1709 5375 Antipa:
1724 5321 2035 5373 successor,

455 5372 690 5441 ejusque
726 5372 918 5430 fratris
944 5372 1120 5438 lilius,
1150 5372 1413 5430 Jacohum
1447 5372 1692 5430 Zebediei
1745 5377 1915 5430 liliunt
1951 5372 2045 5431 ca?-

458 5447 568 5515 pite
599 5444 829 5515 plexuit,
860 5454 919 5499 ut
950 5446 1105 5500 docet
1137 5446 1278 5499 idem
1312 5444 1447 5499 Luc.
1472 5450 1590 5515 Act.
1625 5462 1724 5511 xu,
1748 5446 1802 5500 2.
1826 5445 2041 5515 Integra

459 5513 628 5575 igitur
663 5513 763 5587 fuit
798 5514 905 5587 iliis
937 5525 991 5569 et
1024 5517 1183 5585 plane
1223 5517 1367 5587 regia
1400 5522 1527 5587 post
1548 5513 1777 5570 Joannis
1808 5513 2038 5571 morttmt

455 5596 602 5656 reos!
631 5584 889 5656 puniendi
938 5584 1196 5656 potestas.
1248 5584 1429 5641 Nihilo
1475 5588 1646 5656 magis
1680 5603 1866 5641 verunt
1915 5596 2037 5654 est,

458 5654 606 5721 quod
640 5653 745 5725 lib._
774 5668 825 5706 tv
854 5655 998 5725 Ῑιερί
1028 5654 1249 5724 ἀρχῶν,
1283 5672 1403 5725 cap.
1440 5657 1490 5722 1,
1513 5653 1734 5711 disserit
1759 5658 2036 5711 Adaman-

463 5728 610 5777 tius:
648 5722 1138 5797 ¢_Manil‘estissi_tne
1166 5728 1308 5780 enim
1345 5722 1413 5782 ex
1456 5730 1574 5797 ipsa
1607 5727 1831 5782 historia
1867 5742 2035 5797 appa-

458 5804 544 5850 ret
575 5809 643 5850 ex
675 5794 763 5852 bis
789 5810 913 5869 qua:
949 5795 1110 5852 hodie
1146 5794 1532 5866 pcrvidentur,
1567 5798 1695 5869 quia
1727 5814 1795 5853 ex
1826 5794 2037 5870 tempo-

2148 4883 2293 4939 κατά
2317 4883 2409 4938 τὸν
2448 4883 2611 4954 νόμον
2631 4924 2647 4949 ,
2683 4883 2776 4937 καὶ
2818 4883 3290 4954 καταδικάζονταίῇ
3303 4883 3457 4948 τινες
3483 4883 3597 4954 ,τὴν
3619 4883 3735 4954 ,ἐπὶ

2149 4954 2365 5026 θανάτῳ
2384 4995 2399 5019 ,
2418 4951 2577 5026 οὔτεΔ
2590 4954 2729 5026 μετά
2753 4954 2852 5026 τῆς
2880 4954 3060 5026 πάντη
3086 4955 3180 5026 είς⁸
3196 4951 3354 5026 τοῦτο
3384 4951 3698 5026 παρρησίας
3714 4991 3731 5016 ,

2149 4971 2365 5025 υανατῳ
2384 4995 2399 5019 ,
2433 4971 2557 5007 ουτε
2590 4971 2728 5026 μετα
2753 4971 2852 5024 της
2880 4971 2986 5007 παν
3086 4971 3165 5017 εις
3196 4971 3354 5005 τουτο
3384 4971 3731 5026 παρρησιας,

2146 5023 2270 5079 οὔτε
2303 5025 2442 5095 μετά
2486 5023 2581 5078 τοῦ
2609 5024 2891 5095 λανθάνειν
2922 4971 3421 5095 τδεῖᾏασιλεύονταο
3456 5021 3733 5095 καὶτοῦτο

2147 5098 2207 5149 ὲν
2240 5092 2496 5168 τῇξχώρᾳ
2538 5095 2634 5149 τοῦ
2684 5093 2871 5168 rem;
2904 5092 3073 5148 πολὺν
3118 5092 3498 5168 διατρίψαντες
3540 5093 3732 5165 χρόνον

2150 5163 2571 5239 μεὲθῆκάιὶενν
2612 5165 2706 5239 δαὶ
2743 5163 3301 5239 πεπληροφορήμεθάο
3338 5163 3603 5239 “Pumi-

2220 5232 2333 5307 (54)
2358 5232 2534 5292 ’Μετὰ
2561 5236 2673 5305 τῆς
2697 5235 2817 5290 τῶν
2844 5232 3187 5305 ἀρχιερἐωᾶι,
3207 5244 3330 5307 etc.
3370 5234 3533 5307 ‘Licet
3557 5232 3732 5304 Syne-

2146 5301 2250 5381 dri'i
2282 5301 2795 5381 potestatem'valde
2838 5301 3172 5381 inlirntasset
3203 5301 3446 5381 Herodes
3477 5301 3729 5381 ﬂagitas,

2146 5374 2331 5455 aliqua
2367 5388 2549 5433 tamen
2581 5377 2826 5445 pristinae
2859 5377 3006 5431 illius
3032 5374 3376 5430 auctoritatis
3401 5383 3455 5455 et
3490 5374 3727 5453 dignita-

2148 5448 2229 5503 tis.
2264 5450 2447 5519 imago
2481 5456 2768 5517 supererat
2811 5465 2826 5501 :
2870 5459 3275 5519 proptereaun
3316 5448 3729 5519 tan_ti__no_tninis

2143 5533 2298 5572 reum
2326 5512 2706 5588 Je'rosolvtnte,
2726 5519 2834 5588 hoc
2854 5512 2939 5571 est
2965 5512 3018 5588 in
3047 5512 3216 5588 ipsius
3238 5513 3494 5588 Synedrii
3517 5512 3728 5588 ditione

2142 5603 2252 5643 non
2287 5582 2605 5643 damnasset
2662 5586 2934 5651 Herodes,
2985 5582 3131 5640 illiits
3174 5582 3426 5651 inju'ssu,
3454 5582 3536 5636 vel
3576 5588 3726 5636 Certe

2140 5659 2237 5712 illo
2278 5660 2630 5719 adversante,
2667 5657 2755 5713 cui
2801 5666 3009 5711 tantum
3041 5655 3315 5712 tribuebat
3340 5654 3458 5723 ipse
3491 5652 3724 5715 Pilatus,

2141 5738 2201 5800 ut
2243 5728 2447 5784 Christi
2489 5743 2714 5800 causam
2760 5727 2861 5799 ipsi
2920 5725 3304 5800 disputaudam
3347 5725 3703 5797 relinqueret.

2137 5796 2293 5855 Joan.
2325 5814 2479 5869 xvttt,
2507 5799 2595 5854 51.
2626 5800 2704 5856 In.
