4100 6436
337 365 443 422 εστ

1838 358 2163 417 ORIGENIS

3514 358 3618 418 900

329 495 556 556 petum
609 485 824 542 insidiis
861 483 1200 556 prophetiam
1255 481 1398 552 apud
1440 480 1681 547 Iudaeos,
1726 480 1914 536 subla-

2021 476 2377 551 προφητείας,
2405 479 2502 532 καὶ
2538 473 2940 548 ἀναιρεθείσης,
2975 474 3066 530 διὰ
3092 474 3153 530 τὸ
3184 476 3455 549 τιμᾶσθαι
3486 483 3612 550 παρ’

331 591 578 649 tamque,
610 586 896 649 propterea
939 576 1087 647 quod
1137 591 1222 631 res
1259 576 1326 630 ad
1368 575 1614 630 natalitia
1643 575 1920 644 pertinen-

333 680 415 722 tes
459 669 606 738 apud
654 668 778 721 illos
819 667 1151 731 colerentur,
1189 673 1245 720 et
1277 680 1374 734 per
1402 665 1795 719 admissionem
1831 678 1925 716 va-

334 778 531 815 norum
562 769 830 824 motuum,
864 759 1094 813 veritate
1132 758 1351 828 quidem
1391 758 1599 828 judice,
1640 758 1923 824 incompo-

331 855 565 908 sitorum
599 860 654 907 et
693 861 848 906 extra
883 866 1198 916 numerum,
1229 851 1346 920 sed,
1376 860 1437 904 ut
1467 850 1747 904 existimat
1774 848 1926 918 prin—

330 962 457 1014 ceps
494 947 868 1016 improborum
919 944 1150 1015 ejusque
1202 944 1463 1008 convivm,
1503 943 1921 1007 concinnorum,

332 1036 547 1105 illisque
587 1036 942 1105 placentium,
999 1035 1253 1089 secedere
1289 1033 1476 1088 Jesum
1513 1050 1541 1088 a
1585 1035 1704 1089 loco
1737 1034 1790 1088 in
1814 1048 1924 1102 quo

328 1129 609 1197 prophetia
661 1144 756 1197 per
812 1127 1043 1182 insidias
1085 1128 1449 1181 condemnata
1495 1137 1618 1192 est;
1671 1126 1925 1182 secedere

327 1231 508 1274 autem
569 1222 622 1273 in
676 1221 857 1274 locum
911 1218 1023 1273 Deo
1061 1234 1296 1272 vacuum
1333 1220 1476 1289 apud
1502 1229 1708 1289 gentes,
1744 1227 1801 1272 ut
1827 1217 1923 1271 Dei

331 1307 591 1373 Verbum,
632 1310 815 1364 ablato
860 1309 930 1363 ab
979 1309 1062 1365 eis
1096 1324 1285 1378 regno,
1328 1307 1565 1377 datoque
1604 1328 1622 1359 ι
1659 1308 1804 1377 genti
1837 1306 1923 1362 fa-

327 1400 492 1453 cienti
528 1398 740 1453 fructus
762 1399 884 1466 ejus
907 1399 972 1463 “,
1014 1418 1032 1451 ι
1071 1400 1124 1452 in
1163 1398 1414 1468 gentibus
1448 1399 1540 1462 sit,
1585 1407 1639 1452 et
1669 1414 1766 1467 per
1790 1398 1922 1453 illud

326 1491 513 1559 plures
543 1492 654 1545 sint
694 1510 712 1542 ι
750 1492 846 1545 lilii
882 1491 1114 1546 deserta:
1148 1492 1216 1556 °’,
1260 1510 1279 1541 ι
1318 1505 1495 1559 neque
1522 1491 1716 1560 legem,
1748 1506 1924 1561 neque

329 1581 626 1650 prophetas
646 1581 871 1647 edoctae,
901 1600 920 1633 ι
940 1597 1103 1652 quam
1130 1581 1251 1650 ejus
1273 1596 1395 1651 qua:
1418 1581 1596 1634 virum
1623 1582 1783 1636 habet
1806 1582 1871 1647 ⁸³,
1898 1601 1917 1633 ι

329 1688 528 1743 nempe
578 1674 770 1744 legem.
801 1672 939 1729 Cum
987 1674 1134 1727 enim
1179 1674 1307 1728 olim
1351 1672 1590 1728 Verbum
1627 1683 1744 1728 erat
1778 1676 1920 1744 apud

325 1766 565 1832 Judzeos,
592 1783 699 1821 non
720 1769 792 1821 ita
813 1778 930 1824 erat
953 1768 1096 1836 apud
1121 1767 1262 1833 illos,
1287 1767 1748 1836 quemadmodum
1779 1767 1922 1838 apud

2026 576 2209 638 αὐτοῖς
2241 574 2308 628 τά
2338 573 2604 643 γενέσεως
2644 572 2966 645 πράγματα,
3016 572 3111 625 καὶ
3155 573 3298 628 κατὰ
3346 575 3627 648 ἀποδοχὴν

2026 666 2200 719 κενῶν
2233 665 2552 737 κινημάτων
2580 664 2984 735 γεγενημένων,
3013 662 3090 727 ὡς
3112 663 3211 734 μὲν
3230 667 3364 737 παρ’
3391 665 3633 737 ἀληθείᾳ

2024 754 2344 826 δικαζούσῃ,
2367 752 2667 827 άρῤύθμων
2700 755 2796 808 καὶ
2818 753 3089 825 ἐκμελῶν,
3126 753 3204 819 ὡς
3229 754 3277 808 δ’
3306 756 3615 828 ὑπολαμϐά-

2025 864 2104 901 νει
2127 850 2156 901 6
2182 847 2291 901 τῶν
2322 846 2541 917 φαύλων
2570 846 2753 918 ἄρχων
2785 846 2879 899 καὶ
2911 848 2958 899 οἱ
2994 849 3414 918 συνεστιώμενοι
3447 851 3619 923 αὐτῷ,

2023 939 2332 1011 εὐρύθμων,
2363 938 2458 992 καὶ
2490 938 2833 1011 ἀρεσκόντων
2861 938 3112 1003 ἐκείνοις,
3145 940 3424 1012 ἀναχωρεῖ
3443 944 3473 996 6
3512 945 3620 1015 Ἰη-

2026 1031 2151 1095 σοῦς
2183 1031 2293 1084 ἀπὸ
2323 1030 2416 1084 τοῦ
2450 1032 2615 1085 τόπου
2650 1032 2707 1085 ἐν
2747 1024 2793 1100 ᾧ
2827 1031 3133 1102 προφητεία
3173 1033 3619 1091 ἐπιϐουλευθεῖσα

2024 1123 2409 1196 κατεδικάσθη·
2449 1125 2726 1196 ἀναχωρεῖ
2772 1123 2829 1178 δὲ
2860 1126 2941 1188 εἰς
2966 1125 3058 1178 τὸν
3096 1124 3305 1197 ἔρημον
3335 1127 3471 1181 Θεοῦ
3500 1128 3614 1201 (50)

2025 1216 2177 1288 παρὰ
2205 1220 2319 1280 τοῖς
2347 1217 2526 1272 έθνεσι
2548 1219 2733 1282 τόπον,
2768 1219 2855 1272 ἵνα
2884 1221 2915 1273 6
2940 1220 3036 1274 τοῦ
3070 1219 3209 1274 Θεοῦ
3232 1222 3427 1291 Λόγος,
3458 1224 3608 1295 αἰρο-

2027 1309 2195 1380 μένης
2248 1309 2350 1381 τῆς
2404 1309 2682 1380 βασιλείας
2731 1310 2827 1365 ἀπ’
2870 1312 3116 1378 ἐκείνων,
3180 1311 3276 1366 καὶ
3331 1313 3617 1386 διδομένης

2030 1419 2048 1451 ι
2085 1400 2226 1455 ἔθνει
2263 1401 2505 1456 ποιοῦντι
2548 1404 2676 1466 τοὺς
2721 1405 2969 1475 καρποὺς
3000 1404 3194 1475 αὐτῆς,
3237 1423 3257 1457 ι
3290 1405 3515 1477 γένηται
3556 1409 3616 1463 ἐν

2020 1490 2135 1552 τοῖς
2160 1487 2362 1555 ἔθνεσι,
2398 1491 2493 1544 καὶ
2524 1490 2594 1543 δι’
2629 1491 2792 1546 αὐτὸν
2823 1491 2992 1545 πολλὰ
3026 1493 3253 1563 γένηται
3288 1512 3308 1546 ι
3348 1493 3419 1548 τὰ
3446 1495 3615 1550 τέκνα

2023 1581 2122 1653 τῆς
2142 1584 2350 1654 ἐρήμου
2381 1603 2399 1634 ι
2430 1583 2652 1654 μᾶλλον,
2691 1585 2829 1656 μήτε
2851 1585 3012 1656 νόμον
3047 1587 3186 1657 μήτε
3214 1588 3501 1659 προφήτας
3523 1589 3612 1642 δε-

2021 1674 2370 1746 διδαγμένης,
2405 1695 2423 1726 ι
2460 1675 2493 1747 ἢ
2526 1676 2625 1747 τῆς
2651 1674 2885 1748 ἐχούσης
2904 1676 2997 1731 τὸν
3023 1678 3217 1749 ἄνδρα,
3255 1697 3275 1730 ι
3306 1679 3399 1733 τὸν
3422 1664 3606 1751 νόμον.

2027 1765 2155 1818 Ὅτε
2192 1766 2291 1836 μὲν
2320 1762 2412 1822 οὖν
2442 1766 2609 1820 πάλαι
2643 1768 2673 1819 ὁ
2702 1767 2875 1835 Λόγος
2907 1766 3060 1839 παρὰ
3097 1768 3368 1833 Ἰουδαίοις
3398 1764 3488 1842 ἦν,
3513 1771 3612 1843 οὐχ

326 1868 537 1929 gentes.
577 1858 812 1914 Proinde
838 1861 1045 1914 dictum
1073 1868 1178 1924 est,
1211 1859 1265 1912 in
1309 1860 1581 1923 navicula,
1611 1859 1778 1932 474
1816 1862 1916 1915 hoc

2021 1854 2192 1920 οὕτως
2217 1853 2284 1927 ἦν
2312 1857 2443 1929 παρ’
2468 1858 2670 1923 αὐτοῖς,
2701 1857 2779 1921 ὼς
2806 1858 2959 1930 παρὰ
2999 1862 3112 1925 τοῖς
3158 1860 3355 1915 ἔθνεσι·
3404 1862 3485 1915 διὸ
3532 1863 3614 1916 λέ-

324 1955 427 2017 est,
462 1952 517 2005 in
556 1966 804 2021 corpore,
840 1951 893 2005 in
926 1951 1109 2005 locum
1143 1950 1419 2004 desertum
1451 1966 1699 2005 seorsum
1732 1952 1916 2015 ivisse,

322 2052 612 2113 postquam
660 2043 945 2126 propheta:
985 2043 1464 2113 iuteremptionem
1506 2043 1733 2112 accepit.
1781 2043 1912 2098 Cum

324 2146 505 2190 autem
554 2137 622 2190 ad
666 2135 946 2190 desertum
1000 2136 1356 2204 pervenisset,
1411 2150 1660 2190 seorsum
1698 2144 1813 2190 erat
1862 2137 1917 2191 in

326 2225 441 2285 illo,
467 2224 613 2293 quod
649 2234 803 2279 extra
845 2240 1057 2279 morem
1116 2234 1262 2279 esset
1300 2226 1447 2281 illius
1486 2242 1690 2291 sermo,
1724 2229 1921 2282 doctri-

325 2331 507 2384 naque
537 2316 656 2385 ejus
688 2326 883 2385 praeter
910 2317 1342 2372 consuetudines
1366 2327 1419 2372 et
1443 2318 1757 2374 sanctiones
1787 2335 1918 2390 gen-

325 2407 481 2460 tium.
516 2407 581 2461 Et
612 2409 891 2462 hominum
920 2409 1212 2463 multitudo
1241 2426 1362 2478 qua:
1387 2420 1505 2464 erat
1533 2411 1675 2481 apud
1703 2423 1911 2482 gentes,

324 2516 448 2553 cum
499 2501 799 2556 audivisset
838 2499 1075 2555 Verbum
1104 2502 1300 2555 alesse
1333 2501 1387 2554 in
1434 2517 1537 2555 suo
1577 2503 1817 2569 deserto,
1850 2504 1914 2557 il-

324 2592 527 2661 ludque
548 2607 669 2646 esse
708 2607 981 2659 seorsum,
1017 2592 1094 2646 uti
1137 2608 1303 2662 supra
1341 2593 1689 2657 tradidimus,
1724 2594 1853 2650 illud
1883 2611 1914 2651 a

323 2679 561 2752 prapriis
590 2681 817 2737 urbibus
840 2692 1027 2736 secuta
1057 2690 1160 2746 est,
1192 2681 1339 2751 quod
1373 2681 1755 2752 unusquisque
1789 2684 1916 2739 reli-

322 2774 533 2842 quisset
556 2774 761 2842 patrias
793 2773 1077 2845 religionis
1104 2774 1555 2838 consuetudines,
1583 2784 1636 2828 et
1665 2776 1812 2845 quod
1845 2778 1912 2831 ad

321 2864 529 2920 Christi
566 2867 740 2936 legem
788 2870 1131 2921 accessisset.
1183 2863 1420 2921 Pedibus
1472 2874 1677 2929 autem,
1722 2867 1912 2921 nonin

323 2957 578 3012 navicula
615 2958 761 3013 hunc
794 2966 982 3013 secuta
1015 2968 1122 3024 est,
1154 2968 1339 3028 utpote
1364 2974 1476 3014 non
1517 2975 1768 3031 corpore,
1816 2959 1912 3017 sed

323 3050 469 3105 nudo
499 3051 685 3105 animo
714 3060 768 3106 et
798 3052 1032 3107 consilio
1068 3068 1096 3105 a
1132 3050 1317 3107 Verbo
1352 3061 1608 3122 suscepto
1651 3051 1748 3107 Dei
1778 3051 1913 3110 ima-

323 3146 502 3217 ginem
530 3152 717 3201 secuta
757 3164 772 3197 :
807 3152 863 3197 et
889 3142 956 3197 ad
992 3143 1139 3197 illam
1171 3144 1389 3213 quidem
1418 3141 1580 3199 Jesus
1613 3144 1911 3215 egreditur,

323 3207 448 3294 cum
487 3238 603 3308 ipsa
650 3251 760 3291 non
796 3240 973 3306 possit
1011 3235 1077 3289 ad
1124 3250 1250 3289 eum
1283 3234 1562 3302 accedere,
1590 3245 1649 3289 ut
1685 3251 1811 3291 cum
1843 3236 1911 3292 ad
1939 3207 1982 3264 Ο

323 3344 420 3385 eos
454 3331 549 3400 qui
593 3329 729 3384 foris
779 3336 939 3383 erant
989 3326 1290 3392 introisset,
1333 3340 1431 3382 eos
1461 3326 1555 3396 qui
1592 3337 1750 3383 erant
1773 3327 1910 3384 foris

326 3422 718 3476 introduceret.
752 3418 1055 3475 Numerosa
1078 3428 1261 3473 autem
1311 3418 1466 3473 turba
1507 3428 1591 3474 est
1643 3419 1712 3474 ad
1744 3436 1909 3490 quam

323 3512 420 3570 Dei
453 3515 563 3571 exit
621 3513 878 3580 Verbum,
920 3522 974 3568 et
1011 3512 1296 3568 tll'undens
1337 3513 1391 3567 in
1429 3512 1579 3566 illam
1607 3512 1791 3568 lumen
1821 3514 1912 3569 in-

324 3608 622 3680 spectionis
656 3623 769 3663 suae
789 3607 927 3663 vidit
944 3622 1088 3670 eam,
1128 3615 1183 3661 et
1208 3606 1399 3662 videns
1439 3605 1562 3661 illos
1593 3605 1776 3676 potius
1802 3604 1910 3659 mi—

323 3704 598 3760 seralione
644 3703 862 3773 dignos,
898 3701 1045 3771 quod
1083 3701 1139 3755 in
1178 3701 1380 3755 talibus
1420 3707 1790 3763 versarentur,
1826 3706 1912 3753 ut-

324 3806 452 3867 pote
484 3796 770 3851 hominum
812 3809 1028 3860 amans,
1066 3809 1163 3863 per
1192 3792 1601 3848 miserationem
1632 3791 1779 3845 illam
1814 3791 1912 3846 ali-

323 3888 454 3960 quid
478 3904 672 3957 passus
698 3896 782 3942 est
807 3887 855 3942 is
881 3886 977 3957 qui
1005 3885 1390 3941 aﬂ‘ectionibus
1414 3884 1639 3939 minime
1668 3892 1786 3938 erat
1808 3884 1911 3938 ob-

322 3980 548 4046 noxius,
580 3994 684 4034 nec
710 3978 1001 4033 miseratus
1047 3984 1130 4031 est
1170 3976 1368 4038 solum,
1399 3974 1496 4031 sed
1535 3989 1710 4041 aegros
1741 3975 1907 4028 etiam

324 4071 542 4126 illorum
570 4068 807 4136 sanavit,
830 4067 998 4123 variis
1028 4076 1081 4121 et
1112 4064 1419 4136 omnigenis
1439 4079 1509 4121 ex
1537 4063 1740 4118 malitia
1767 4079 1912 4118 mor-

323 4162 411 4218 bis
443 4162 778 4217 laborantes.

393 4257 483 4311 24.
530 4255 587 4311 Si
624 4263 806 4310 autem
834 4254 1020 4310 videre
1045 4251 1127 4307 vis
1159 4250 1350 4321 quales
1372 4248 1480 4305 sint
1511 4246 1679 4303 animi
1710 4244 1909 4313 morbi,

324 4349 504 4418 cogita
533 4347 666 4401 mihi
696 4361 912 4412 avaros,
952 4354 1005 4400 et
1032 4344 1134 4415 glo:
1153 4344 1322 4408 iosos,
1348 4351 1402 4396 et
1428 4354 1722 4411 puerorum
1760 4353 1912 4391 ama-

327 4455 496 4505 tores,
518 4449 571 4495 et
596 4440 642 4495 si
674 4438 798 4509 quis
825 4446 909 4493 est
945 4437 1278 4491 mulierosus
1307 4452 1321 4488 :
1358 4433 1456 4488 hos
1480 4431 1626 4486 enim
1658 4432 1710 4483 in
1737 4429 1914 4484 turbis

326 4533 537 4598 videns,
568 4539 622 4585 et
646 4546 838 4587 eorum
869 4529 1128 4584 misertus
1154 4526 1387 4581 sanavit.
1418 4522 1538 4577 Non
1578 4537 1709 4577 vero
1735 4521 1916 4575 existi-

327 4623 590 4679 mandum
626 4630 712 4677 est
748 4636 911 4676 omne
942 4630 1221 4689 peceatum
1260 4616 1510 4670 morbum
1541 4628 1682 4675 esse,
1718 4611 1811 4666 sed
1852 4611 1917 4665 il-

325 4717 419 4772 lud
439 4717 585 4787 quod
613 4715 711 4769 toti
749 4714 936 4768 animo
965 4710 1234 4767 incubuit.
1277 4709 1355 4762 lta
1386 4707 1532 4761 enim
1581 4706 1762 4759 videre
1790 4702 1914 4758 licet

325 4826 523 4867 avaros
554 4819 697 4865 totos
725 4815 972 4879 argento,
998 4805 1229 4875 ejusque
1258 4798 1662 4857 conservationi
1696 4806 1749 4853 et
1783 4810 1903 4852 coa-

326 4901 625 4973 cenationi
674 4901 958 4956 intentos:
1002 4896 1323 4951 ambitiosos
1375 4892 1652 4966 gloriolae;
1699 4890 1916 4946 inhiant

398 5075 442 5107 ⁶¹
467 5072 659 5129 Matth.
684 5088 804 5139 ιιι,
830 5072 919 5127 45.
998 5069 1043 5103 ⁸³
1078 5068 1183 5124 lsa.
1219 5082 1330 5134 uv,
1363 5066 1419 5121 l.
1497 5065 1542 5096 ⁸³
1567 5062 1687 5119 Gal.
1718 5078 1792 5130 ιν,
1821 5060 1914 5116 27.

399 5241 514 5313 (50)
563 5237 880 5313 Ἄγαχῳρεξ
912 5235 981 5313 δὲ
1002 5237 1127 5313 ἐἰς
1174 5232 1282 5289 τὸν
1331 5231 1555 5313 ἔρημον
1586 5225 1903 5313 ΘερῦελςξίςεΣ

327 5301 591 5383 Origenes
616 5301 805 5383 hoinil'.
840 5309 874 5364 9
913 5310 966 5383 in
1002 5301 1177 5383 Levit.
1218 5323 1231 5360 :
1265 5322 1283 5354 ι
1340 5301 1494 5383 Finis
1540 5301 1706 5383 sortis
1738 5301 1908 5383 istius

330 5374 547 5439 ereinus
581 5391 685 5449 est,
718 5382 769 5436 id
795 5389 901 5452 est,
937 5380 1096 5452 locus
1134 5378 1405 5452 desertus,
1442 5374 1691 5452 desertus
1732 5374 1912 5452 virtu:

331 5437 538 5519 tibus,
564 5437 817 5508 desertus
861 5437 971 5505 Deo
999 5490 1015 5516 ,
1067 5448 1318 5502 desertus
1359 5437 1616 5519 justitia,_
1654 5437 1910 5519 desertus

330 5508 571 5589 Christo,
622 5524 872 5578 desertus
916 5508 1064 5575 enini
1093 5508 1376 5590 ibonozt'
1412 5512 1455 5567 Τ
1463 5508 1852 5590 he0ph.ylartus
1889 5522 1908 5590 ε

343 5575 898 5664 inﬁnitatem}
937 5589 1148 5664 ξιησοῦς
1176 5589 1261 5664 εἰς
1289 5586 1385 5664 ἐρῃ
1396 5599 1492 5655 μον
1523 5575 1707 5664 τόπον,
1836 5575 1914 5664 ,τξά

332 5644 771 5734 εδῆ
795 5644 896 5734 τοῦ
924 5644 1080 5714 Θεοῦ.
1114 5644 1145 5709 ι’
1176 5644 1408 5712 ῐὶἆυθὶίίῖ
1444 5648 1789 5734 postmodum
1825 5644 1918 5734 de-

333 5749 429 5855 flus
447 5721 507 5787 in
531 5721 805 5789 deserium
836 5733 1039 5800 locum,
1072 5740 1260 5802 gentes
1283 5721 1477 5795 nempe
1504 5721 1612 5777 Deo
1643 5733 1865 5791 vacuas.
1892 5734 1911 5768 ι

385 5818 601 5855 [ΙΕΊῚΠΞ.

385 5818 601 5859 UETIUS.

2021 1945 2205 2001 λεκται
2243 1949 2300 2001 ἐν
2327 1947 2518 2017 πλοίῳ,
2548 1949 2794 2003 τουτέστι
2822 1948 2901 2020 τῷ
2935 1948 3171 2021 σώματι,
3196 1953 3273 2017 εἰς
3295 1952 3387 2007 τὸν
3407 1952 3613 2025 ἔρημον

2020 2038 2184 2091 τόπον
2217 2040 2336 2092 κατ’
2363 2039 2499 2093 ἰδίαν
2523 2039 2826 2109 γεγονέναι,
2850 2040 3165 2095 ἀκούσαντα
3192 2042 3320 2115 περί
3344 2044 3445 2115 τῆς
3469 2045 3618 2098 ἀναι-

2023 2129 2225 2201 ρέσεως
2253 2131 2347 2184 τοῦ
2383 2134 2662 2204 προφήτου
2706 2132 2842 2204 (51).
2875 2134 3010 2186 Κατ’
3048 2133 3185 2188 ἰδίαν
3226 2134 3286 2188 δὲ
3325 2137 3615 2208 γενόμενος

2017 2220 2098 2283 εἰς
2128 2220 2225 2291 τὴν
2253 2219 2481 2291 ἔρημον,
2511 2217 2579 2292 ἦν
2621 2224 2679 2275 ἐν
2721 2221 2882 2292 αὐτῇ,
2922 2219 3001 2292 τῷ
3040 2219 3308 2285 ἰδιάζοντα
3341 2218 3478 2277 εἶναι
3521 2224 3613 2277 τὸν

2017 2308 2198 2378 λόγον,
2219 2313 2314 2364 καὶ
2345 2311 2447 2384 τὴν
2478 2310 2830 2365 διδασκαλίαν
2854 2311 3019 2365 αὑτοῦ
3047 2313 3200 2384 παρὰ
3226 2312 3292 2366 τὰ
3323 2313 3608 2385 εἰθισμένα

2018 2403 2076 2456 ἐν
2107 2405 2220 2468 τοίς
2249 2402 2430 2458 ἔθνεσι
2470 2404 2714 2474 γίνεσθαι
2748 2405 2843 2459 καὶ
2885 2406 3267 2478 νενομισμένα.
3310 2407 3421 2459 Καὶ
3456 2408 3505 2460 οἰ
3548 2409 3607 2462 ἐν

2016 2497 2131 2559 τνῖς
2158 2492 2368 2550 ῑθνεσιν
2392 2494 2538 2566 ὄχλοι
2563 2497 2899 2563 ἀκούσαντες
2932 2500 3106 2569 Λόγον
3144 2499 3604 2572 ἐπιδεδημηκέναι

2016 2587 2081 2653 τῆ
2111 2586 2305 2663 ἐρήμῳ
2331 2587 2532 2653 αὐτῶν,
2577 2588 2672 2641 καὶ
2716 2588 2909 2643 τοῦτον
2957 2591 3076 2645 κατ’
3113 2590 3249 2645 ἰδίαν
3291 2592 3603 2661 τυγχάνειν,

2014 2676 2087 2739 ὡς
2147 2678 2696 2751 προαποδεδώκαμεν,
2754 2681 3125 2754 ἠκολούθησαν
3161 2682 3310 2754 αὐτῷ
3360 2683 3468 2738 ἀπὸ
3499 2683 3608 2737 τῶν

2021 2764 2162 2819 ἰδίων
2190 2767 2396 2821 πόλεων
2417 2768 2553 2841 (52),
2579 2772 2658 2842 τῲ
2678 2771 2909 2829 ἕκαστον
2936 2775 3382 2831 καταλελοιπέναι
3407 2776 3478 2831 τὰ
3506 2779 3611 2833 πά·-

2017 2874 2143 2928 τρια
2157 2859 2255 2930 τῆς
2278 2858 2698 2933 δεισιδαιμονίας
2717 2862 2836 2935 έθη,
2855 2866 2947 2919 καὶ
2964 2865 3042 2937 τῷ
3064 2866 3158 2920 τοῦ
3179 2868 3416 2941 Χριστοῦ
3440 2885 3610 2942 προσ-

2018 2950 2334 3023 εληλυθέναι
2379 2955 2549 3028 νόμῳ.
2582 2956 2729 3030 Πεςῇ
2764 2958 2821 3012 δὲ
2854 2958 3024 3028 αὐτῷ,
3058 2960 3150 3014 καὶ
3199 2961 3299 3015 οὐκ
3336 2961 3396 3015 ἐν
3436 2962 3607 3034 πλοίῳ

2017 3044 2416 3117 ἠκολούθησαν,
2459 3047 2555 3101 ἅτε
2603 3048 2678 3120 μὴ
2715 3049 2795 3121 τῷ
2845 3052 3079 3123 σώματι,
3132 3054 3270 3108 ἀλλὰ
3306 3058 3489 3127 γυμνῇ
3540 3059 3606 3128 τῇ

2014 3135 2161 3211 ψυχῇ
2198 3140 2293 3194 καὶ
2344 3143 2412 3213 τῇ
2463 3141 2574 3195 ἀπὸ
2619 3141 2712 3196 τοῦ
2751 3143 2926 3213 Λόγου
2973 3145 3260 3220 πεισθείσῃ
3292 3148 3609 3220 προαιρέσει

2018 3230 2447 3304 ἠκολουθηκότες
2470 3235 2539 3305 τῇ
2562 3234 2729 3289 εἰκόνι
2748 3235 2843 3289 τοῦ
2865 3235 3000 3290 Θεοῦ
3192 3239 3302 3293 Καὶ
3325 3239 3460 3311 πρὸς
3481 3240 3606 3294 τού-

2018 3340 2145 3388 τους
2164 3340 2229 3393 γε
2257 3325 2288 3377 6
2330 3324 2536 3396 Ἰησοῦς
2559 3325 2858 3398 ἐξέρχεται,
2887 3327 2961 3398 μὴ
2982 3327 3295 3397 χωροῦντας
3324 3329 3606 3400 προσιέναι

2020 3416 2158 3490 πρὸς
2190 3417 2374 3481 αὑτὸν,
2411 3418 2519 3483 ἵνα,
2555 3420 2667 3483 τοῖς
2703 3417 2808 3485 ἔξω
2838 3419 3148 3490 γενόμενος,
3200 3419 3309 3474 ἔσω
3338 3422 3465 3484 τοὺς
3501 3421 3606 3485 ἔξω

2021 3510 2308 3584 εἰσαγάγῃ.
2344 3509 2519 3574 Πολὺς
2551 3509 2608 3564 δὲ
2642 3511 2672 3564 6
2706 3510 2814 3578 ἔξω
2848 3511 3027 3582 ὄχλος,
3059 3513 3140 3575 εἰς
3171 3512 3230 3566 ὃν
3263 3511 3542 3583 ἐξέρχεται
3576 3514 3606 3566 6

2018 3601 2110 3656 τοῦ
2145 3602 2278 3655 Θεοῦ
2307 3601 2499 3670 Λόγος,
2545 3603 2640 3657 καὶ
2682 3602 2876 3673 ἐκχέας
2909 3603 2969 3658 τὸ
3002 3603 3117 3674 φῶς
3163 3605 3261 3675 τῆς
3301 3604 3605 3675 ἐπισκοπῆς

2016 3693 2179 3748 αὐτοῦ
2207 3697 2287 3759 εἰς
2311 3694 2493 3762 αὑτὸν,
2518 3691 2656 3750 εἶδεν
2686 3695 2869 3763 αὑτὸν,
2899 3697 2996 3751 καὶ
3038 3696 3160 3751 ἰδὼν
3208 3697 3302 3752 τοῦ
3337 3697 3605 3751 ἐλεεῖσθαι

2023 3783 2221 3855 μᾶλλον
2256 3786 2451 3850 αὐτοὺς
2477 3785 2679 3852 ἀξίους,
2707 3786 2798 3841 διὰ
2827 3787 2887 3841 τὸ
2920 3789 2978 3841 ἐν
3019 3789 3246 3843 τοιοῖσδέ
3269 3805 3410 3842 τισιν
3443 3784 3604 3853 εἶναι,

2019 3876 2095 3940 ὡς
2138 3876 2542 3950 φιλάνθρωπος,
2581 3879 2850 3934 πέπονθεν
2889 3882 2920 3934 6
2950 3880 3167 3953 ἀπαθὴς
3206 3880 3267 3935 τὸ
3307 3879 3605 3951 σπλαγχνι-

2021 3969 2234 4041 σθῆναι,
2271 3971 2366 4025 καὶ
2403 3973 2464 4026 ού
2510 3972 2668 4044 μόνον
2712 3972 3139 4047 ἐσπλαγχνίσθη,
3175 3975 3312 4029 ἀλλά
3356 3975 3452 4028 καὶ
3480 3976 3608 4039 τοὺς

2020 4061 2339 4134 ἀρρώστους
2378 4062 2557 4119 αὐτῶν
2596 4065 2963 4138 ἐθεράπευσεν
2996 4066 3217 4139 ἔχοντας
3256 4066 3477 4122 ποικίλα
3514 4069 3609 4123 καὶ

2020 4155 2339 4212 παντοδαπὰ
2361 4158 2470 4211 ἀπὸ
2495 4157 2597 4228 τῆς
2628 4158 2829 4222 κακίας
2860 4160 3291 4233 ἀρρωστήματα.

2093 4248 2244 4302 Εἰδέ
2281 4248 2453 4314 θέλεις
2495 4250 2623 4305 ἰδεῖν
2659 4252 2789 4307 ποῖά
2833 4254 2949 4305 ἐστι
2986 4252 3053 4306 τὰ
3081 4253 3180 4323 τῆς
3209 4252 3387 4325 ψυχῆς
3424 4253 3608 4324 ἀρῤω-

2023 4341 2293 4411 στήματα,
2322 4343 2576 4396 κατανόει
2612 4360 2701 4413 μοι
2747 4343 2874 4406 τοὺς
2918 4342 3307 4415 φιλαργύρους,
3355 4344 3450 4397 καὶ
3482 4346 3609 4408 τοὺς

2023 4433 2352 4503 φιλοδόξους,
2382 4434 2478 4487 καὶ
2510 4435 2638 4498 τοὺς
2670 4432 3016 4504 φιλόπαιδας,
3046 4433 3141 4487 καί⁹
3182 4435 3345 4498 εἴτις
3375 4434 3491 4488 ἐστὶ
3521 4452 3611 4505 φι-

2021 4525 2265 4594 λόγυνοςο
2323 4526 2418 4579 καὶ
2455 4526 2675 4598 τούτους
2706 4526 2814 4598 γάρ
2868 4530 2927 4583 ἐν
2972 4530 3084 4591 τοῖς
3120 4526 3297 4598 δχλοις
3342 4524 3483 4590 ἰδὼν,
3515 4527 3607 4579 καὶ

2027 4616 2447 4687 σπλαγχνισθεὶς
2491 4618 2578 4670 ἐπ’
2629 4618 2812 4681 αὐτοῖς
2854 4617 3239 4690 ἐθεράπευσεν.
3288 4617 3362 4670 Οὐ
3411 4617 3516 4668 πᾶν
3548 4615 3606 4668 δὲ

2022 4710 2327 4781 ἁμάρτημα
2343 4709 2624 4780 νομιστέον
2656 4709 2965 4781 ἀρρωστίαν
2987 4706 3146 4773 εἶναι,
3170 4707 3283 4761 ἀλλ’
3298 4709 3434 4776 ὅπερ
3448 4708 3608 4759 ἐναπ-

2024 4801 2265 4874 έσκηψεν
2323 4803 2420 4876 ὅλῃ
2454 4806 2519 4875 τῇ
2562 4803 2729 4873 ψυχῇ.
2766 4802 2952 4868 Οὕτως
2973 4803 3119 4857 ἔστιν
3164 4800 3274 4873 γὰρ
3309 4800 3437 4854 ἰδεῖν
3478 4799 3605 4863 τοὺς

2025 4893 2124 4965 μὲν
2162 4893 2530 4967 φιλαργύρους
2569 4893 2724 4958 ὅλους
2749 4894 3079 4966 τεταμένους
3105 4892 3198 4945 ἐπὶ
3226 4893 3286 4945 τὸ
3319 4889 3603 4963 ἀργύριον,

2092 5220 2205 5343 (5:)
2250 5217 2363 5275 Τοῦ
2406 5215 2741 5287 προφήτου.
2777 5213 3016 5283 Legebat
3052 5212 3316 5268 Erasmus
3340 5209 3439 5283 τῆς
3467 5224 3605 5281 προ-

2097 5310 2156 5343 τε
2182 5308 2266 5343 ας.

2097 5309 2266 5345 τειας.

2019 5308 2266 5435 iiii?"
2291 5349 2756 5435 'Hmovonaar
2993 5354 3111 5410 ἀπὸ
3148 5350 3477 5435 terrear
3500 5350 3630 5435 πάι

2228 5441 2332 5506 etc:
2368 5429 2493 5506 Hzec
2528 5421 2759 5506 arripuit
2782 5426 3149 5506 Hieronymus
3183 5421 3629 5506 in"Matt/tegunt:i

2092 5487 2205 5575 (55)
2272 5487 2772 5575 ᾘκοξλουθηκὸτες
2807 5495 2883 5575 τῇ
2916 5487 3134 5575 ,εἰκόνί
3174 5494 3283 5549 τοῦ
3337 5490 3508 5575 Θεοῦ.
3556 5487 3605 5575 Ill

2020 5561 2149 5630 Co‘r.
2181 5561 2256 5637 iv,
2288 5561 2595 5637 4;Colossl
2622 5586 2665 5641 ι,
2697 5561 2796 5634 13;
2834 5561 2995 5641 Hebr.
3035 5582 3074 5630 I,
3102 5566 3162 5641 ζ),
3188 5561 3603 5641 σξιο-ξείειειιβα

2026 5655 2155 5700 sunt
2179 5631 2302 5715 quae
2345 5631 2605 5717 leguntiur
2631 5631 2939 5717 Sapientiae
2968 5631 3445 5717 vnt,_26._0:rig‘en.
3484 5631 3602 5686 fuso

2027 5706 2279 5789 super'ea
2301 5729 2362 5771 re
2386 5706 2482 5769 lib.
2507 5711 2647 5781 Περί
2676 5706 2898 5781 ἀρχῶν,
2937 5719 2989 5766 et
3028 5709 3124 5764 lib.
3153 5721 3229 5770 tv,
3261 5706 3317 5761 iu
3345 5706 3473 5760 tino.
