  <div class='ocr_page' id='page_1' title='image "/cluster/home/n/w/nwhite01/storage/ocr_20150623/13:no.3/coo.31924054872910/458.png"; bbox 0 0 4100 6440; ppageno 0'>
   <div class='ocr_carea' id='block_1_1' title="bbox 477 371 573 429">
    <p class='ocr_par' dir='ltr' id='par_1_1' title="bbox 477 371 573 429">
     <span class='ocr_line' id='line_1_1' title="bbox 477 371 573 429; baseline 0.021 -2"><span class='ocrx_word' id='word_1_1' title='bbox 477 371 573 429; x_wconf 78' lang='grc'><strong>901</strong></span> 
     </span>
    </p>
   </div>
   <div class='ocr_carea' id='block_1_2' title="bbox 1476 381 2749 446">
    <p class='ocr_par' dir='ltr' id='par_1_2' title="bbox 1476 381 2749 446">
     <span class='ocr_line' id='line_1_2' title="bbox 1476 381 2749 446; baseline 0.005 -9"><span class='ocrx_word' id='word_1_2' title='bbox 1476 381 1813 439; x_wconf 77' lang='lat' dir='ltr'><strong>COMMENT</strong></span> <span class='ocrx_word' id='word_1_3' title='bbox 1848 383 1917 439; x_wconf 83' lang='lat' dir='ltr'><strong>IN</strong></span> <span class='ocrx_word' id='word_1_4' title='bbox 1951 384 2366 444; x_wconf 66' lang='lat' dir='ltr'><strong>MATTHIEUM</strong></span> <span class='ocrx_word' id='word_1_5' title='bbox 2408 388 2643 446; x_wconf 79' lang='lat' dir='ltr'><strong>TOMUS</strong></span> <span class='ocrx_word' id='word_1_6' title='bbox 2681 388 2749 444; x_wconf 75' lang='grc' dir='ltr'>Χ.</span> 
     </span>
    </p>
   </div>
   <div class='ocr_carea' id='block_1_3' title="bbox 3642 399 3747 455">
    <p class='ocr_par' dir='ltr' id='par_1_3' title="bbox 3642 399 3747 455">
     <span class='ocr_line' id='line_1_3' title="bbox 3642 399 3747 455; baseline 0 -1"><span class='ocrx_word' id='word_1_7' title='bbox 3642 399 3747 455; x_wconf 74' lang='lat'><strong>902</strong></span> 
     </span>
    </p>
   </div>
   <div class='ocr_carea' id='block_1_4' title="bbox 475 490 2047 583">
    <p class='ocr_par' dir='ltr' id='par_1_4' title="bbox 475 490 2047 572">
     <span class='ocr_line' id='line_1_4' title="bbox 475 490 2047 572; baseline 0.007 -27"><span class='ocrx_word' id='word_1_8' title='bbox 475 493 571 546; x_wconf 73' lang='grc' dir='ltr'>καὶ</span> <span class='ocrx_word' id='word_1_9' title='bbox 589 490 689 566; x_wconf 77' lang='grc' dir='ltr'>τὴν</span> <span class='ocrx_word' id='word_1_10' title='bbox 718 495 909 552; x_wconf 83' lang='grc' dir='ltr'>τούτου</span> <span class='ocrx_word' id='word_1_11' title='bbox 947 498 1188 571; x_wconf 73' lang='grc' dir='ltr'>φρουρὰν</span> <span class='ocrx_word' id='word_1_12' title='bbox 1217 500 1311 554; x_wconf 74' lang='grc' dir='ltr'>καὶ</span> <span class='ocrx_word' id='word_1_13' title='bbox 1332 501 1670 572; x_wconf 75' lang='grc' dir='ltr'>συναγωγήνο</span> <span class='ocrx_word' id='word_1_14' title='bbox 1706 502 1832 565; x_wconf 85' lang='grc' dir='ltr'>τοὺς</span> <span class='ocrx_word' id='word_1_15' title='bbox 1858 502 2047 571; x_wconf 82' lang='grc' dir='ltr'>φιλοδό</span> 
     </span>
    </p>
   </div>
   <div class='ocr_carea' id='block_1_5' title="bbox 2150 490 3746 583">
    <p class='ocr_par' dir='ltr' id='par_1_5' title="bbox 2159 506 3746 583">
     <span class='ocr_line' id='line_1_5' title="bbox 2159 506 3746 583; baseline 0.006 -22"><span class='ocrx_word' id='word_1_16' title='bbox 2159 506 2303 561; x_wconf 88' lang='lat' dir='ltr'><strong>enim</strong></span> <span class='ocrx_word' id='word_1_17' title='bbox 2332 508 2399 561; x_wconf 91' lang='lat' dir='ltr'><strong>ad</strong></span> <span class='ocrx_word' id='word_1_18' title='bbox 2425 508 2614 562; x_wconf 87' lang='lat' dir='ltr'><strong>laudes</strong></span> <span class='ocrx_word' id='word_1_19' title='bbox 2640 506 2806 578; x_wconf 80' lang='lat' dir='ltr'><strong>vulgi,</strong></span> <span class='ocrx_word' id='word_1_20' title='bbox 2844 508 3239 580; x_wconf 85' lang='lat' dir='ltr'><strong>hominumque</strong></span> <span class='ocrx_word' id='word_1_21' title='bbox 3261 526 3328 565; x_wconf 80' lang='lat' dir='ltr'><strong>ex</strong></span> <span class='ocrx_word' id='word_1_22' title='bbox 3362 511 3545 567; x_wconf 88' lang='lat' dir='ltr'><strong>inﬁma</strong></span> <span class='ocrx_word' id='word_1_23' title='bbox 3568 514 3746 583; x_wconf 80' lang='lat' dir='ltr'><strong>plebe.</strong></span> 
     </span>
    </p>
   </div>
   <div class='ocr_carea' id='block_1_6' title="bbox 473 584 2062 664">
    <p class='ocr_par' dir='ltr' id='par_1_6' title="bbox 473 584 2062 664">
     <span class='ocr_line' id='line_1_6' title="bbox 473 584 2062 664; baseline 0.008 -27"><span class='ocrx_word' id='word_1_24' title='bbox 473 584 601 651; x_wconf 80' lang='grc' dir='ltr'>ξους</span> <span class='ocrx_word' id='word_1_25' title='bbox 627 586 725 641; x_wconf 79' lang='grc' dir='ltr'>ἐπὶ</span> <span class='ocrx_word' id='word_1_26' title='bbox 749 588 811 641; x_wconf 80' lang='grc' dir='ltr'>τὸ</span> <span class='ocrx_word' id='word_1_27' title='bbox 829 589 1093 661; x_wconf 75' lang='grc' dir='ltr'>δοξάριονο</span> <span class='ocrx_word' id='word_1_28' title='bbox 1128 592 1390 663; x_wconf 82' lang='grc' dir='ltr'><strong>κεχήνασι</strong></span> <span class='ocrx_word' id='word_1_29' title='bbox 1425 593 1533 664; x_wconf 85' lang='grc' dir='ltr'>γὰρ</span> <span class='ocrx_word' id='word_1_30' title='bbox 1556 594 1682 664; x_wconf 77' lang='grc' dir='ltr'>περὶ</span> <span class='ocrx_word' id='word_1_31' title='bbox 1704 593 1796 648; x_wconf 82' lang='grc' dir='ltr'>τὸν</span> <span class='ocrx_word' id='word_1_32' title='bbox 1823 595 1931 649; x_wconf 83' lang='grc' dir='ltr'>ἀπὸ</span> <span class='ocrx_word' id='word_1_33' title='bbox 1953 595 2062 649; x_wconf 87' lang='grc' dir='ltr'><strong>τῶν</strong></span> 
     </span>
    </p>
   </div>
   <div class='ocr_carea' id='block_1_7' title="bbox 472 676 2061 755">
    <p class='ocr_par' dir='ltr' id='par_1_7' title="bbox 472 676 2061 755">
     <span class='ocr_line' id='line_1_7' title="bbox 472 676 2061 755; baseline 0.006 -24"><span class='ocrx_word' id='word_1_34' title='bbox 472 676 683 732; x_wconf 82' lang='grc' dir='ltr'>πολλῶν</span> <span class='ocrx_word' id='word_1_35' title='bbox 712 681 808 734; x_wconf 73' lang='grc' dir='ltr'>καὶ</span> <span class='ocrx_word' id='word_1_36' title='bbox 843 682 1205 755; x_wconf 85' lang='grc' dir='ltr'>χυδαιοτέρων</span> <span class='ocrx_word' id='word_1_37' title='bbox 1244 683 1484 738; x_wconf 73' lang='grc' dir='ltr'>ἔπαινον.</span> <span class='ocrx_word' id='word_1_38' title='bbox 1537 685 1648 739; x_wconf 76' lang='grc' dir='ltr'><strong>Καὶ</strong></span> <span class='ocrx_word' id='word_1_39' title='bbox 1689 686 1752 740; x_wconf 87' lang='grc' dir='ltr'>τὸ</span> <span class='ocrx_word' id='word_1_40' title='bbox 1799 685 2061 755; x_wconf 84' lang='grc' dir='ltr'>ἀνάλογον</span> 
     </span>
    </p>
   </div>
   <div class='ocr_carea' id='block_1_8' title="bbox 472 768 2062 849">
    <p class='ocr_par' dir='ltr' id='par_1_8' title="bbox 472 768 2062 849">
     <span class='ocr_line' id='line_1_8' title="bbox 472 768 2062 849; baseline 0.006 -25"><span class='ocrx_word' id='word_1_41' title='bbox 472 770 687 842; x_wconf 77' lang='grc' dir='ltr'><strong>νοήσεις</strong></span> <span class='ocrx_word' id='word_1_42' title='bbox 720 774 804 843; x_wconf 76' lang='grc' dir='ltr'>ἐφ’</span> <span class='ocrx_word' id='word_1_43' title='bbox 844 768 919 828; x_wconf 85' lang='grc' dir='ltr'>ὧν</span> <span class='ocrx_word' id='word_1_44' title='bbox 960 774 1323 849; x_wconf 86' lang='grc' dir='ltr'>ὠνομάσαμεν</span> <span class='ocrx_word' id='word_1_45' title='bbox 1366 777 1588 842; x_wconf 79' lang='grc' dir='ltr'>λοιπῶν,</span> <span class='ocrx_word' id='word_1_46' title='bbox 1621 777 1717 832; x_wconf 77' lang='grc' dir='ltr'>καὶ</span> <span class='ocrx_word' id='word_1_47' title='bbox 1754 777 1809 830; x_wconf 79' lang='grc' dir='ltr'>ετ</span> <span class='ocrx_word' id='word_1_48' title='bbox 1849 796 1903 832; x_wconf 91' lang='grc' dir='ltr'><strong>τι</strong></span> <span class='ocrx_word' id='word_1_49' title='bbox 1934 778 2062 834; x_wconf 75' lang='grc' dir='ltr'>ἄλλο</span> 
     </span>
    </p>
   </div>
   <div class='ocr_carea' id='block_1_9' title="bbox 479 861 2059 943">
    <p class='ocr_par' dir='ltr' id='par_1_9' title="bbox 479 861 2059 943">
     <span class='ocr_line' id='line_1_9' title="bbox 479 861 2059 943; baseline 0.008 -29"><span class='ocrx_word' id='word_1_50' title='bbox 479 861 685 926; x_wconf 76' lang='grc' dir='ltr'><strong>τούτοις</strong></span> <span class='ocrx_word' id='word_1_51' title='bbox 729 864 847 918; x_wconf 79' lang='grc' dir='ltr'>ἐστὶ</span> <span class='ocrx_word' id='word_1_52' title='bbox 892 870 1292 940; x_wconf 82' lang='grc' dir='ltr'>παραπλήσιον.</span> <span class='ocrx_word' id='word_1_53' title='bbox 1369 869 1522 923; x_wconf 74' lang='grc' dir='ltr'>Ἐπεὶ</span> <span class='ocrx_word' id='word_1_54' title='bbox 1567 866 1660 925; x_wconf 79' lang='grc' dir='ltr'>οὖν</span> <span class='ocrx_word' id='word_1_55' title='bbox 1716 870 2059 943; x_wconf 85' lang='grc' dir='ltr'>διηγούμενοι</span> 
     </span>
    </p>
   </div>
   <div class='ocr_carea' id='block_1_10' title="bbox 472 952 2058 1035">
    <p class='ocr_par' dir='ltr' id='par_1_10' title="bbox 472 952 2058 1035">
     <span class='ocr_line' id='line_1_10' title="bbox 472 952 2058 1035; baseline 0.008 -29"><span class='ocrx_word' id='word_1_56' title='bbox 472 952 552 1006; x_wconf 84' lang='grc' dir='ltr'>τό·</span> <span class='ocrx_word' id='word_1_57' title='bbox 594 971 612 1004; x_wconf 76' lang='grc' dir='ltr'><strong>ι</strong></span> <span class='ocrx_word' id='word_1_58' title='bbox 657 953 1020 1026; x_wconf 81' lang='grc' dir='ltr'>Ἐθεράπευσε</span> <span class='ocrx_word' id='word_1_59' title='bbox 1044 960 1172 1022; x_wconf 86' lang='grc' dir='ltr'><strong>τούς</strong></span> <span class='ocrx_word' id='word_1_60' title='bbox 1204 960 1520 1031; x_wconf 77' lang='grc' dir='ltr'>ἀρρώστους</span> <span class='ocrx_word' id='word_1_61' title='bbox 1547 961 1745 1027; x_wconf 82' lang='grc' dir='ltr'>αὐτῶν,</span> <span class='ocrx_word' id='word_1_62' title='bbox 1784 982 1803 1014; x_wconf 75' lang='grc' dir='ltr'><strong>ι</strong></span> <span class='ocrx_word' id='word_1_63' title='bbox 1834 963 2058 1035; x_wconf 79' lang='grc' dir='ltr'>εἴπομεν</span> 
     </span>
    </p>
   </div>
   <div class='ocr_carea' id='block_1_11' title="bbox 470 1046 2058 1130">
    <p class='ocr_par' dir='ltr' id='par_1_11' title="bbox 470 1046 2058 1130">
     <span class='ocr_line' id='line_1_11' title="bbox 470 1046 2058 1130; baseline 0.009 -33"><span class='ocrx_word' id='word_1_64' title='bbox 470 1046 551 1119; x_wconf 56' lang='grc' dir='ltr'><strong>’μὴ</strong></span> <span class='ocrx_word' id='word_1_65' title='bbox 585 1048 694 1100; x_wconf 85' lang='grc' dir='ltr'><strong>πᾶν</strong></span> <span class='ocrx_word' id='word_1_66' title='bbox 724 1048 1027 1122; x_wconf 86' lang='grc' dir='ltr'>ἁμάρτημα</span> <span class='ocrx_word' id='word_1_67' title='bbox 1062 1046 1200 1106; x_wconf 81' lang='grc' dir='ltr'>εἶναι</span> <span class='ocrx_word' id='word_1_68' title='bbox 1229 1053 1590 1127; x_wconf 77' lang='grc' dir='ltr'>ἀρρώστημα,</span> <span class='ocrx_word' id='word_1_69' title='bbox 1629 1055 1778 1123; x_wconf 80' lang='grc' dir='ltr'>ἄξιον</span> <span class='ocrx_word' id='word_1_70' title='bbox 1821 1058 1928 1111; x_wconf 87' lang='grc' dir='ltr'><strong>ἀπὺ</strong></span> <span class='ocrx_word' id='word_1_71' title='bbox 1958 1061 2058 1130; x_wconf 83' lang='grc' dir='ltr'><strong>τῆς</strong></span> 
     </span>
    </p>
   </div>
   <div class='ocr_carea' id='block_1_12' title="bbox 466 1139 2061 1221">
    <p class='ocr_par' dir='ltr' id='par_1_12' title="bbox 466 1139 2061 1221">
     <span class='ocr_line' id='line_1_12' title="bbox 466 1139 2061 1221; baseline 0.009 -32"><span class='ocrx_word' id='word_1_72' title='bbox 466 1139 698 1209; x_wconf 65' lang='grc' dir='ltr'>Γραφῆς</span> <span class='ocrx_word' id='word_1_73' title='bbox 732 1140 827 1194; x_wconf 70' lang='grc' dir='ltr'>καὶ</span> <span class='ocrx_word' id='word_1_74' title='bbox 862 1144 1112 1214; x_wconf 76' lang='grc' dir='ltr'>περὶτῆς</span> <span class='ocrx_word' id='word_1_75' title='bbox 1139 1145 1399 1216; x_wconf 82' lang='grc' dir='ltr'>διαφορᾶς</span> <span class='ocrx_word' id='word_1_76' title='bbox 1428 1146 1632 1200; x_wconf 87' lang='grc' dir='ltr'>τούτων</span> <span class='ocrx_word' id='word_1_77' title='bbox 1665 1150 2061 1221; x_wconf 83' lang='grc' dir='ltr'>παραμυθήσα-</span> 
     </span>
    </p>
   </div>
   <div class='ocr_carea' id='block_1_13' title="bbox 466 1227 2057 1308">
    <p class='ocr_par' dir='ltr' id='par_1_13' title="bbox 466 1227 2057 1308">
     <span class='ocr_line' id='line_1_13' title="bbox 466 1227 2057 1308; baseline 0.009 -28"><span class='ocrx_word' id='word_1_78' title='bbox 466 1227 619 1283; x_wconf 78' lang='grc' dir='ltr'>σθαι.</span> <span class='ocrx_word' id='word_1_79' title='bbox 681 1230 819 1300; x_wconf 74' lang='grc' dir='ltr'>Φησὶ</span> <span class='ocrx_word' id='word_1_80' title='bbox 871 1231 935 1303; x_wconf 86' lang='grc' dir='ltr'>δὴ</span> <span class='ocrx_word' id='word_1_81' title='bbox 980 1235 1009 1286; x_wconf 87' lang='grc' dir='ltr'>ὁ</span> <span class='ocrx_word' id='word_1_82' title='bbox 1068 1234 1389 1299; x_wconf 85' lang='grc' dir='ltr'>Ἀπόστολος</span> <span class='ocrx_word' id='word_1_83' title='bbox 1448 1236 1777 1308; x_wconf 83' lang='grc' dir='ltr'><strong>Κορινθίοις,</strong></span> <span class='ocrx_word' id='word_1_84' title='bbox 1837 1240 2057 1295; x_wconf 78' lang='grc' dir='ltr'><strong>ποικίλα</strong></span> 
     </span>
    </p>
   </div>
   <div class='ocr_carea' id='block_1_14' title="bbox 466 1319 2056 1403">
    <p class='ocr_par' dir='ltr' id='par_1_14' title="bbox 466 1319 2056 1403">
     <span class='ocr_line' id='line_1_14' title="bbox 466 1319 2056 1403; baseline 0.009 -32"><span class='ocrx_word' id='word_1_85' title='bbox 466 1319 687 1390; x_wconf 73' lang='grc' dir='ltr'>ἔχουσιν</span> <span class='ocrx_word' id='word_1_86' title='bbox 725 1322 1121 1394; x_wconf 85' lang='grc' dir='ltr'>ἁμαρτήματα,</span> <span class='ocrx_word' id='word_1_87' title='bbox 1165 1328 1411 1397; x_wconf 81' lang='grc' dir='ltr'>γράφων·</span> <span class='ocrx_word' id='word_1_88' title='bbox 1463 1347 1481 1380; x_wconf 81' lang='grc' dir='ltr'><strong>ι</strong></span> <span class='ocrx_word' id='word_1_89' title='bbox 1520 1329 1620 1384; x_wconf 87' lang='grc' dir='ltr'>Διά</span> <span class='ocrx_word' id='word_1_90' title='bbox 1651 1329 1807 1383; x_wconf 81' lang='grc' dir='ltr'>τοῦτο</span> <span class='ocrx_word' id='word_1_91' title='bbox 1839 1334 1896 1384; x_wconf 90' lang='grc' dir='ltr'><strong>ἐν</strong></span> <span class='ocrx_word' id='word_1_92' title='bbox 1926 1332 2056 1403; x_wconf 84' lang='grc' dir='ltr'>ὑμῖν</span> 
     </span>
    </p>
   </div>
   <div class='ocr_carea' id='block_1_15' title="bbox 469 1411 2049 1493">
    <p class='ocr_par' dir='ltr' id='par_1_15' title="bbox 469 1411 2049 1493">
     <span class='ocr_line' id='line_1_15' title="bbox 469 1411 2049 1493; baseline 0.01 -30"><span class='ocrx_word' id='word_1_93' title='bbox 469 1411 656 1465; x_wconf 62' lang='grc' dir='ltr'><strong>*πολλώ¹</strong></span> <span class='ocrx_word' id='word_1_94' title='bbox 692 1413 955 1481; x_wconf 81' lang='grc' dir='ltr'>ἀσθενεῖς,</span> <span class='ocrx_word' id='word_1_95' title='bbox 1000 1418 1094 1471; x_wconf 71' lang='grc' dir='ltr'>καὶ</span> <span class='ocrx_word' id='word_1_96' title='bbox 1140 1419 1433 1490; x_wconf 73' lang='grc' dir='ltr'>ἄρρωστοι,</span> <span class='ocrx_word' id='word_1_97' title='bbox 1473 1422 1568 1474; x_wconf 75' lang='grc' dir='ltr'>καὶ</span> <span class='ocrx_word' id='word_1_98' title='bbox 1603 1422 1900 1493; x_wconf 84' lang='grc' dir='ltr'><strong>κοιμῶνται</strong></span> <span class='ocrx_word' id='word_1_99' title='bbox 1933 1427 2049 1478; x_wconf 78' lang='grc' dir='ltr'>ἱκα-</span> 
     </span>
    </p>
   </div>
   <div class='ocr_carea' id='block_1_16' title="bbox 469 1503 2051 1585">
    <p class='ocr_par' dir='ltr' id='par_1_16' title="bbox 469 1503 2051 1585">
     <span class='ocr_line' id='line_1_16' title="bbox 469 1503 2051 1585; baseline 0.008 -30"><span class='ocrx_word' id='word_1_100' title='bbox 469 1503 569 1557; x_wconf 83' lang='grc' dir='ltr'>νοί.</span> <span class='ocrx_word' id='word_1_101' title='bbox 601 1521 621 1555; x_wconf 77' lang='grc' dir='ltr'><strong>ι</strong></span> <span class='ocrx_word' id='word_1_102' title='bbox 650 1505 849 1559; x_wconf 79' lang='grc' dir='ltr'>Ἀκουε</span> <span class='ocrx_word' id='word_1_103' title='bbox 881 1506 990 1578; x_wconf 82' lang='grc' dir='ltr'><strong>γὰρ</strong></span> <span class='ocrx_word' id='word_1_104' title='bbox 1022 1509 1080 1563; x_wconf 89' lang='grc' dir='ltr'><strong>ἐν</strong></span> <span class='ocrx_word' id='word_1_105' title='bbox 1099 1508 1307 1574; x_wconf 82' lang='grc' dir='ltr'><strong>τούτοις</strong></span> <span class='ocrx_word' id='word_1_106' title='bbox 1337 1511 1431 1564; x_wconf 85' lang='grc' dir='ltr'><strong>τοῦ</strong></span> <span class='ocrx_word' id='word_1_107' title='bbox 1461 1513 1556 1565; x_wconf 72' lang='grc' dir='ltr'>καὶ</span> <span class='ocrx_word' id='word_1_108' title='bbox 1583 1511 1875 1585; x_wconf 82' lang='grc' dir='ltr'>σύνδεσμον</span> <span class='ocrx_word' id='word_1_109' title='bbox 1921 1515 2051 1568; x_wconf 83' lang='grc' dir='ltr'>πλέ-</span> 
     </span>
    </p>
   </div>
   <div class='ocr_carea' id='block_1_17' title="bbox 466 1596 2053 1679">
    <p class='ocr_par' dir='ltr' id='par_1_17' title="bbox 466 1596 2053 1679">
     <span class='ocr_line' id='line_1_17' title="bbox 466 1596 2053 1679; baseline 0.009 -33"><span class='ocrx_word' id='word_1_110' title='bbox 466 1609 678 1660; x_wconf 84' lang='grc' dir='ltr'>κοντος,</span> <span class='ocrx_word' id='word_1_111' title='bbox 718 1596 812 1649; x_wconf 72' lang='grc' dir='ltr'>καὶ</span> <span class='ocrx_word' id='word_1_112' title='bbox 843 1599 1338 1672; x_wconf 84' lang='grc' dir='ltr'>συμπεπλεγμένον</span> <span class='ocrx_word' id='word_1_113' title='bbox 1369 1602 1649 1675; x_wconf 78' lang='grc' dir='ltr'>ποιοῦντος</span> <span class='ocrx_word' id='word_1_114' title='bbox 1682 1605 1746 1659; x_wconf 85' lang='grc' dir='ltr'><strong>ἐκ</strong></span> <span class='ocrx_word' id='word_1_115' title='bbox 1782 1606 2053 1679; x_wconf 84' lang='grc' dir='ltr'>διαφόρων</span> 
     </span>
    </p>
   </div>
   <div class='ocr_carea' id='block_1_18' title="bbox 466 1685 2051 1771">
    <p class='ocr_par' dir='ltr' id='par_1_18' title="bbox 466 1685 2051 1771">
     <span class='ocr_line' id='line_1_18' title="bbox 466 1685 2051 1771; baseline 0.009 -32"><span class='ocrx_word' id='word_1_116' title='bbox 466 1685 901 1758; x_wconf 81' lang='grc' dir='ltr'>ἁμαρτημάτων,</span> <span class='ocrx_word' id='word_1_117' title='bbox 940 1689 1075 1743; x_wconf 85' lang='grc' dir='ltr'>καθὸ</span> <span class='ocrx_word' id='word_1_118' title='bbox 1109 1692 1158 1744; x_wconf 75' lang='grc' dir='ltr'><strong>οἱ</strong></span> <span class='ocrx_word' id='word_1_119' title='bbox 1197 1693 1295 1763; x_wconf 84' lang='grc' dir='ltr'>μέν</span> <span class='ocrx_word' id='word_1_120' title='bbox 1323 1696 1460 1748; x_wconf 75' lang='grc' dir='ltr'>εἰσιν</span> <span class='ocrx_word' id='word_1_121' title='bbox 1483 1695 1750 1761; x_wconf 82' lang='grc' dir='ltr'>ἀσθενεῖς,</span> <span class='ocrx_word' id='word_1_122' title='bbox 1785 1697 1961 1771; x_wconf 71' lang='grc' dir='ltr'>ἕτεροι</span> <span class='ocrx_word' id='word_1_123' title='bbox 1994 1702 2051 1754; x_wconf 89' lang='grc' dir='ltr'>δὲ</span> 
     </span>
    </p>
   </div>
   <div class='ocr_carea' id='block_1_19' title="bbox 456 1776 2051 1861">
    <p class='ocr_par' dir='ltr' id='par_1_19' title="bbox 456 1776 2051 1861">
     <span class='ocr_line' id='line_1_19' title="bbox 456 1776 2051 1861; baseline 0.009 -31"><span class='ocrx_word' id='word_1_124' title='bbox 456 1776 737 1848; x_wconf 72' lang='grc' dir='ltr'>ἄρρωστοι</span> <span class='ocrx_word' id='word_1_125' title='bbox 767 1781 928 1835; x_wconf 84' lang='grc' dir='ltr'>πλέον</span> <span class='ocrx_word' id='word_1_126' title='bbox 956 1782 988 1853; x_wconf 85' lang='grc' dir='ltr'>ἢ</span> <span class='ocrx_word' id='word_1_127' title='bbox 1018 1783 1295 1849; x_wconf 75' lang='grc' dir='ltr'>ἀσθενεῖς,</span> <span class='ocrx_word' id='word_1_128' title='bbox 1323 1788 1415 1840; x_wconf 80' lang='grc' dir='ltr'>καὶ</span> <span class='ocrx_word' id='word_1_129' title='bbox 1454 1786 1603 1840; x_wconf 85' lang='grc' dir='ltr'>ἄλλοι</span> <span class='ocrx_word' id='word_1_130' title='bbox 1647 1790 1778 1861; x_wconf 89' lang='grc' dir='ltr'>παρ’</span> <span class='ocrx_word' id='word_1_131' title='bbox 1812 1790 2051 1860; x_wconf 80' lang='grc' dir='ltr'>ἀμφοτέ-</span> 
     </span>
    </p>
   </div>
   <div class='ocr_carea' id='block_1_20' title="bbox 469 1871 2047 1954">
    <p class='ocr_par' dir='ltr' id='par_1_20' title="bbox 469 1871 2047 1954">
     <span class='ocr_line' id='line_1_20' title="bbox 469 1871 2047 1954; baseline 0.009 -32"><span class='ocrx_word' id='word_1_132' title='bbox 469 1886 596 1939; x_wconf 89' lang='grc' dir='ltr'>ρους</span> <span class='ocrx_word' id='word_1_133' title='bbox 629 1871 679 1924; x_wconf 82' lang='lat' dir='ltr'><strong>oi</strong></span> <span class='ocrx_word' id='word_1_134' title='bbox 719 1872 1071 1945; x_wconf 86' lang='grc' dir='ltr'>κοιμώμενοι.</span> <span class='ocrx_word' id='word_1_135' title='bbox 1132 1876 1195 1929; x_wconf 86' lang='grc' dir='ltr'><strong>Οἱ</strong></span> <span class='ocrx_word' id='word_1_136' title='bbox 1231 1877 1329 1947; x_wconf 85' lang='grc' dir='ltr'>μὲν</span> <span class='ocrx_word' id='word_1_137' title='bbox 1361 1877 1469 1949; x_wconf 79' lang='grc' dir='ltr'>γὰρ</span> <span class='ocrx_word' id='word_1_138' title='bbox 1510 1878 1810 1951; x_wconf 82' lang='grc' dir='ltr'>ὀλισθηρῶς</span> <span class='ocrx_word' id='word_1_139' title='bbox 1840 1881 1927 1935; x_wconf 89' lang='grc' dir='ltr'><strong>διά</strong></span> <span class='ocrx_word' id='word_1_140' title='bbox 1950 1883 2047 1954; x_wconf 77' lang='grc' dir='ltr'>τὴν</span> 
     </span>
    </p>
   </div>
   <div class='ocr_carea' id='block_1_21' title="bbox 462 1961 2047 2043">
    <p class='ocr_par' dir='ltr' id='par_1_21' title="bbox 462 1961 2047 2043">
     <span class='ocr_line' id='line_1_21' title="bbox 462 1961 2047 2043; baseline 0.008 -29"><span class='ocrx_word' id='word_1_141' title='bbox 462 1961 563 2032; x_wconf 78' lang='grc' dir='ltr'>τῆς</span> <span class='ocrx_word' id='word_1_142' title='bbox 588 1963 767 2036; x_wconf 79' lang='grc' dir='ltr'>ψυχῆς</span> <span class='ocrx_word' id='word_1_143' title='bbox 805 1966 1106 2037; x_wconf 79' lang='grc' dir='ltr'>ἀδυναμίαν</span> <span class='ocrx_word' id='word_1_144' title='bbox 1140 1969 1276 2040; x_wconf 85' lang='grc' dir='ltr'>πρὸς</span> <span class='ocrx_word' id='word_1_145' title='bbox 1306 1969 1368 2022; x_wconf 84' lang='grc' dir='ltr'>τὸ</span> <span class='ocrx_word' id='word_1_146' title='bbox 1399 1969 1682 2024; x_wconf 83' lang='grc' dir='ltr'>ότιποτοῦν</span> <span class='ocrx_word' id='word_1_147' title='bbox 1711 1973 2047 2043; x_wconf 80' lang='grc' dir='ltr'>ἁμαρτάνειν</span> 
     </span>
    </p>
   </div>
   <div class='ocr_carea' id='block_1_22' title="bbox 465 2052 2048 2134">
    <p class='ocr_par' dir='ltr' id='par_1_22' title="bbox 465 2052 2048 2134">
     <span class='ocr_line' id='line_1_22' title="bbox 465 2052 2048 2134; baseline 0.008 -29"><span class='ocrx_word' id='word_1_148' title='bbox 465 2052 699 2125; x_wconf 83' lang='grc' dir='ltr'>ἔχοντες,</span> <span class='ocrx_word' id='word_1_149' title='bbox 729 2056 832 2112; x_wconf 79' lang='grc' dir='ltr'>κᾶν</span> <span class='ocrx_word' id='word_1_150' title='bbox 859 2057 933 2129; x_wconf 83' lang='grc' dir='ltr'>μὴ</span> <span class='ocrx_word' id='word_1_151' title='bbox 973 2059 1082 2112; x_wconf 83' lang='grc' dir='ltr'>ὅλοι</span> <span class='ocrx_word' id='word_1_152' title='bbox 1109 2053 1241 2113; x_wconf 80' lang='grc' dir='ltr'>ὦσιν</span> <span class='ocrx_word' id='word_1_153' title='bbox 1267 2061 1441 2125; x_wconf 71' lang='grc' dir='ltr'>εἴδους</span> <span class='ocrx_word' id='word_1_154' title='bbox 1466 2061 1610 2125; x_wconf 81' lang='grc' dir='ltr'>τινὸς</span> <span class='ocrx_word' id='word_1_155' title='bbox 1642 2062 1935 2134; x_wconf 87' lang='grc' dir='ltr'>ἁμαρτίας,</span> <span class='ocrx_word' id='word_1_156' title='bbox 1972 2064 2048 2128; x_wconf 82' lang='grc' dir='ltr'>ὡς</span> 
     </span>
    </p>
   </div>
   <div class='ocr_carea' id='block_1_23' title="bbox 461 2146 2048 2225">
    <p class='ocr_par' dir='ltr' id='par_1_23' title="bbox 461 2146 2048 2225">
     <span class='ocr_line' id='line_1_23' title="bbox 461 2146 2048 2225; baseline 0.006 -30"><span class='ocrx_word' id='word_1_157' title='bbox 461 2146 510 2196; x_wconf 91' lang='grc' dir='ltr'><strong>οἱ</strong></span> <span class='ocrx_word' id='word_1_158' title='bbox 535 2146 826 2217; x_wconf 76' lang='grc' dir='ltr'>ἄρρωστοι,</span> <span class='ocrx_word' id='word_1_159' title='bbox 859 2148 1106 2213; x_wconf 85' lang='grc' dir='ltr'>ἀσθενεῖς</span> <span class='ocrx_word' id='word_1_160' title='bbox 1130 2151 1235 2202; x_wconf 81' lang='grc' dir='ltr'>είσι</span> <span class='ocrx_word' id='word_1_161' title='bbox 1266 2150 1444 2221; x_wconf 90' lang='grc' dir='ltr'>μόνον·</span> <span class='ocrx_word' id='word_1_162' title='bbox 1475 2153 1524 2205; x_wconf 84' lang='grc' dir='ltr'>οί</span> <span class='ocrx_word' id='word_1_163' title='bbox 1571 2151 1628 2204; x_wconf 85' lang='grc' dir='ltr'>δὲ</span> <span class='ocrx_word' id='word_1_164' title='bbox 1656 2150 1755 2225; x_wconf 80' lang='grc' dir='ltr'><strong>ὅλῃ</strong></span> <span class='ocrx_word' id='word_1_165' title='bbox 1781 2151 1925 2223; x_wconf 80' lang='grc' dir='ltr'>ψυχῇ</span> <span class='ocrx_word' id='word_1_166' title='bbox 1954 2153 2048 2205; x_wconf 77' lang='grc' dir='ltr'>καὶ</span> 
     </span>
    </p>
   </div>
   <div class='ocr_carea' id='block_1_24' title="bbox 452 2235 2046 2314">
    <p class='ocr_par' dir='ltr' id='par_1_24' title="bbox 452 2235 2046 2314">
     <span class='ocr_line' id='line_1_24' title="bbox 452 2235 2046 2314; baseline 0.006 -25"><span class='ocrx_word' id='word_1_167' title='bbox 452 2235 559 2309; x_wconf 73' lang='grc' dir='ltr'><strong>ὅλῃ</strong></span> <span class='ocrx_word' id='word_1_168' title='bbox 582 2237 778 2309; x_wconf 67' lang='grc' dir='ltr'>καρδίᾳ</span> <span class='ocrx_word' id='word_1_169' title='bbox 810 2240 906 2292; x_wconf 79' lang='grc' dir='ltr'>καὶ</span> <span class='ocrx_word' id='word_1_170' title='bbox 932 2239 1029 2314; x_wconf 83' lang='grc' dir='ltr'><strong>ὅλῃ</strong></span> <span class='ocrx_word' id='word_1_171' title='bbox 1065 2240 1293 2313; x_wconf 81' lang='grc' dir='ltr'>διανοίᾳ,</span> <span class='ocrx_word' id='word_1_172' title='bbox 1330 2243 1451 2296; x_wconf 77' lang='grc' dir='ltr'>ἀντὶ</span> <span class='ocrx_word' id='word_1_173' title='bbox 1496 2241 1588 2296; x_wconf 80' lang='grc' dir='ltr'><strong>τοῦ</strong></span> <span class='ocrx_word' id='word_1_174' title='bbox 1616 2243 1708 2298; x_wconf 84' lang='grc' dir='ltr'>τὸν</span> <span class='ocrx_word' id='word_1_175' title='bbox 1749 2243 1880 2297; x_wconf 83' lang='grc' dir='ltr'>Θεὸν</span> <span class='ocrx_word' id='word_1_176' title='bbox 1907 2245 2046 2313; x_wconf 88' lang='grc' dir='ltr'>ἀγα-</span> 
     </span>
    </p>
   </div>
   <div class='ocr_carea' id='block_1_25' title="bbox 462 2330 2043 2408">
    <p class='ocr_par' dir='ltr' id='par_1_25' title="bbox 462 2330 2043 2408">
     <span class='ocr_line' id='line_1_25' title="bbox 462 2330 2043 2408; baseline 0.006 -28"><span class='ocrx_word' id='word_1_177' title='bbox 462 2330 591 2399; x_wconf 83' lang='grc' dir='ltr'>πᾷν,</span> <span class='ocrx_word' id='word_1_178' title='bbox 638 2330 963 2398; x_wconf 79' lang='grc' dir='ltr'>ἀγαπῶντες</span> <span class='ocrx_word' id='word_1_179' title='bbox 1010 2333 1270 2405; x_wconf 88' lang='grc' dir='ltr'>ἀργύρια,</span> <span class='ocrx_word' id='word_1_180' title='bbox 1304 2335 1337 2406; x_wconf 78' lang='grc' dir='ltr'>ἢ</span> <span class='ocrx_word' id='word_1_181' title='bbox 1376 2333 1619 2407; x_wconf 83' lang='grc' dir='ltr'>δοξάρια,</span> <span class='ocrx_word' id='word_1_182' title='bbox 1652 2336 1685 2407; x_wconf 85' lang='grc' dir='ltr'>ἢ</span> <span class='ocrx_word' id='word_1_183' title='bbox 1726 2336 2043 2408; x_wconf 84' lang='grc' dir='ltr'>γυναῖκα,ῆ</span> 
     </span>
    </p>
   </div>
   <div class='ocr_carea' id='block_1_26' title="bbox 461 2416 2046 2495">
    <p class='ocr_par' dir='ltr' id='par_1_26' title="bbox 461 2416 2046 2495">
     <span class='ocr_line' id='line_1_26' title="bbox 461 2416 2046 2495; baseline 0.006 -24"><span class='ocrx_word' id='word_1_184' title='bbox 461 2419 678 2484; x_wconf 85' lang='grc' dir='ltr'>παῖδας,</span> <span class='ocrx_word' id='word_1_185' title='bbox 707 2416 849 2475; x_wconf 78' lang='grc' dir='ltr'>οὗτοι</span> <span class='ocrx_word' id='word_1_186' title='bbox 879 2422 1039 2477; x_wconf 81' lang='grc' dir='ltr'>πλέον</span> <span class='ocrx_word' id='word_1_187' title='bbox 1065 2425 1097 2495; x_wconf 85' lang='grc' dir='ltr'>ἦ</span> <span class='ocrx_word' id='word_1_188' title='bbox 1130 2425 1412 2491; x_wconf 86' lang='grc' dir='ltr'>ἀσθενείας</span> <span class='ocrx_word' id='word_1_189' title='bbox 1435 2426 1758 2491; x_wconf 86' lang='grc' dir='ltr'>πεπόνθασι,</span> <span class='ocrx_word' id='word_1_190' title='bbox 1791 2428 1885 2481; x_wconf 75' lang='grc' dir='ltr'>καὶ</span> <span class='ocrx_word' id='word_1_191' title='bbox 1908 2428 2046 2481; x_wconf 67' lang='grc' dir='ltr'>εἰσιν</span> 
     </span>
    </p>
   </div>
   <div class='ocr_carea' id='block_1_27' title="bbox 463 2510 2047 2591">
    <p class='ocr_par' dir='ltr' id='par_1_27' title="bbox 463 2510 2047 2591">
     <span class='ocr_line' id='line_1_27' title="bbox 463 2510 2047 2591; baseline 0.004 -27"><span class='ocrx_word' id='word_1_192' title='bbox 463 2510 752 2583; x_wconf 75' lang='grc' dir='ltr'>ἄρρωστοι.</span> <span class='ocrx_word' id='word_1_193' title='bbox 771 2514 1086 2586; x_wconf 82' lang='grc' dir='ltr'>Κοιμῶνται</span> <span class='ocrx_word' id='word_1_194' title='bbox 1115 2516 1171 2569; x_wconf 86' lang='grc' dir='ltr'>δὲ</span> <span class='ocrx_word' id='word_1_195' title='bbox 1204 2519 1272 2582; x_wconf 82' lang='grc' dir='ltr'>οἱ,</span> <span class='ocrx_word' id='word_1_196' title='bbox 1301 2517 1420 2572; x_wconf 81' lang='grc' dir='ltr'>δέον</span> <span class='ocrx_word' id='word_1_197' title='bbox 1453 2519 1741 2590; x_wconf 78' lang='grc' dir='ltr'>προσέχειν</span> <span class='ocrx_word' id='word_1_198' title='bbox 1770 2519 1865 2573; x_wconf 72' lang='grc' dir='ltr'>καὶ</span> <span class='ocrx_word' id='word_1_199' title='bbox 1883 2521 2047 2591; x_wconf 84' lang='grc' dir='ltr'>ἐγρη-</span> 
     </span>
    </p>
   </div>
   <div class='ocr_carea' id='block_1_28' title="bbox 463 2604 2044 2679">
    <p class='ocr_par' dir='ltr' id='par_1_28' title="bbox 463 2604 2044 2679">
     <span class='ocr_line' id='line_1_28' title="bbox 463 2604 2044 2679; baseline 0.005 -24"><span class='ocrx_word' id='word_1_200' title='bbox 463 2604 683 2676; x_wconf 84' lang='grc' dir='ltr'>γορέναι</span> <span class='ocrx_word' id='word_1_201' title='bbox 719 2610 785 2679; x_wconf 78' lang='grc' dir='ltr'><strong>τῇ</strong></span> <span class='ocrx_word' id='word_1_202' title='bbox 825 2606 993 2679; x_wconf 80' lang='grc' dir='ltr'>ψυχῇ,</span> <span class='ocrx_word' id='word_1_203' title='bbox 1026 2606 1183 2661; x_wconf 81' lang='grc' dir='ltr'>τοῦτο</span> <span class='ocrx_word' id='word_1_204' title='bbox 1218 2609 1317 2679; x_wconf 84' lang='grc' dir='ltr'>μὲν</span> <span class='ocrx_word' id='word_1_205' title='bbox 1368 2609 1428 2662; x_wconf 92' lang='grc' dir='ltr'>οὐ</span> <span class='ocrx_word' id='word_1_206' title='bbox 1486 2608 1786 2674; x_wconf 76' lang='grc' dir='ltr'>ποιοῦντες,</span> <span class='ocrx_word' id='word_1_207' title='bbox 1832 2610 1941 2664; x_wconf 88' lang='grc' dir='ltr'>ἀπὸ</span> <span class='ocrx_word' id='word_1_208' title='bbox 1988 2610 2044 2663; x_wconf 85' lang='grc' dir='ltr'>δὲ</span> 
     </span>
    </p>
   </div>
   <div class='ocr_carea' id='block_1_29' title="bbox 466 2695 2044 2773">
    <p class='ocr_par' dir='ltr' id='par_1_29' title="bbox 466 2695 2044 2773">
     <span class='ocr_line' id='line_1_29' title="bbox 466 2695 2044 2773; baseline 0.003 -24"><span class='ocrx_word' id='word_1_209' title='bbox 466 2698 665 2770; x_wconf 81' lang='grc' dir='ltr'>πολλῆς</span> <span class='ocrx_word' id='word_1_210' title='bbox 698 2695 1024 2770; x_wconf 82' lang='grc' dir='ltr'>ἀπροσεξίας</span> <span class='ocrx_word' id='word_1_211' title='bbox 1048 2700 1401 2764; x_wconf 81' lang='grc' dir='ltr'>νυστάζοντες</span> <span class='ocrx_word' id='word_1_212' title='bbox 1435 2699 1533 2772; x_wconf 82' lang='grc' dir='ltr'>τὴν</span> <span class='ocrx_word' id='word_1_213' title='bbox 1567 2701 1907 2773; x_wconf 84' lang='grc' dir='ltr'>προαίρεσιν,</span> <span class='ocrx_word' id='word_1_214' title='bbox 1949 2702 2044 2755; x_wconf 79' lang='grc' dir='ltr'><strong>καὶ</strong></span> 
     </span>
    </p>
   </div>
   <div class='ocr_carea' id='block_1_30' title="bbox 463 2786 2043 2864">
    <p class='ocr_par' dir='ltr' id='par_1_30' title="bbox 463 2786 2043 2864">
     <span class='ocr_line' id='line_1_30' title="bbox 463 2786 2043 2864; baseline 0.004 -23"><span class='ocrx_word' id='word_1_215' title='bbox 463 2786 831 2852; x_wconf 78' lang='grc' dir='ltr'>ὐπνώττοντες</span> <span class='ocrx_word' id='word_1_216' title='bbox 868 2793 981 2854; x_wconf 88' lang='grc' dir='ltr'>τοῖς</span> <span class='ocrx_word' id='word_1_217' title='bbox 1022 2790 1323 2862; x_wconf 84' lang='grc' dir='ltr'>λογισμοῖς·</span> <span class='ocrx_word' id='word_1_218' title='bbox 1352 2791 1549 2856; x_wconf 78' lang='grc' dir='ltr'>οἵτινες</span> <span class='ocrx_word' id='word_1_219' title='bbox 1598 2791 2043 2864; x_wconf 77' lang='grc' dir='ltr'>ἐνυπνιαζόμενοι</span> 
     </span>
    </p>
   </div>
   <div class='ocr_carea' id='block_1_31' title="bbox 464 2879 2044 2956">
    <p class='ocr_par' dir='ltr' id='par_1_31' title="bbox 464 2879 2044 2956">
     <span class='ocr_line' id='line_1_31' title="bbox 464 2879 2044 2956; baseline 0.004 -25"><span class='ocrx_word' id='word_1_220' title='bbox 464 2879 646 2951; x_wconf 84' lang='grc' dir='ltr'>σάρκα</span> <span class='ocrx_word' id='word_1_221' title='bbox 676 2881 773 2951; x_wconf 81' lang='grc' dir='ltr'>μὲν</span> <span class='ocrx_word' id='word_1_222' title='bbox 814 2880 1106 2956; x_wconf 82' lang='grc' dir='ltr'>μιαίνουσι,</span> <span class='ocrx_word' id='word_1_223' title='bbox 1135 2881 1472 2954; x_wconf 88' lang='grc' dir='ltr'>κυριώτατον</span> <span class='ocrx_word' id='word_1_224' title='bbox 1500 2883 1558 2936; x_wconf 84' lang='grc' dir='ltr'>δὲ</span> <span class='ocrx_word' id='word_1_225' title='bbox 1582 2882 1858 2948; x_wconf 85' lang='grc' dir='ltr'>ἀθετοῦσι,</span> <span class='ocrx_word' id='word_1_226' title='bbox 1886 2882 2044 2949; x_wconf 81' lang='grc' dir='ltr'>δόξας</span> 
     </span>
    </p>
   </div>
   <div class='ocr_carea' id='block_1_32' title="bbox 458 2967 2043 3046">
    <p class='ocr_par' dir='ltr' id='par_1_32' title="bbox 458 2967 2043 3046">
     <span class='ocr_line' id='line_1_32' title="bbox 458 2967 2043 3046; baseline 0.002 -21"><span class='ocrx_word' id='word_1_227' title='bbox 458 2967 516 3025; x_wconf 82' lang='grc' dir='ltr'>δὲ</span> <span class='ocrx_word' id='word_1_228' title='bbox 545 2969 975 3042; x_wconf 82' lang='grc' dir='ltr'>βλασφημοῦσιν.</span> <span class='ocrx_word' id='word_1_229' title='bbox 1004 2967 1162 3026; x_wconf 79' lang='grc' dir='ltr'>Οὗτοι</span> <span class='ocrx_word' id='word_1_230' title='bbox 1184 2973 1240 3026; x_wconf 87' lang='grc' dir='ltr'>δὲ</span> <span class='ocrx_word' id='word_1_231' title='bbox 1261 2972 1351 3027; x_wconf 84' lang='grc' dir='ltr'><strong>διὰ</strong></span> <span class='ocrx_word' id='word_1_232' title='bbox 1378 2973 1439 3028; x_wconf 87' lang='grc' dir='ltr'>τὸ</span> <span class='ocrx_word' id='word_1_233' title='bbox 1463 2974 1756 3046; x_wconf 81' lang='grc' dir='ltr'>κοιμᾶσθαι</span> <span class='ocrx_word' id='word_1_234' title='bbox 1782 2977 1840 3029; x_wconf 88' lang='grc' dir='ltr'><strong>ἐν</strong></span> <span class='ocrx_word' id='word_1_235' title='bbox 1862 2978 2043 3039; x_wconf 87' lang='grc' dir='ltr'>κεναῖς</span> 
     </span>
    </p>
   </div>
   <div class='ocr_carea' id='block_1_33' title="bbox 459 3064 2043 3139">
    <p class='ocr_par' dir='ltr' id='par_1_33' title="bbox 459 3064 2043 3139">
     <span class='ocr_line' id='line_1_33' title="bbox 459 3064 2043 3139; baseline 0.004 -24"><span class='ocrx_word' id='word_1_236' title='bbox 459 3065 566 3116; x_wconf 71' lang='grc' dir='ltr'>εισι</span> <span class='ocrx_word' id='word_1_237' title='bbox 588 3064 928 3134; x_wconf 69' lang='grc' dir='ltr'>φαντασίαις,</span> <span class='ocrx_word' id='word_1_238' title='bbox 962 3064 1057 3119; x_wconf 72' lang='grc' dir='ltr'>καὶ</span> <span class='ocrx_word' id='word_1_239' title='bbox 1080 3064 1587 3139; x_wconf 78' lang='grc' dir='ltr'>παραϐαλλομὲναις</span> <span class='ocrx_word' id='word_1_240' title='bbox 1610 3069 1900 3133; x_wconf 81' lang='grc' dir='ltr'>ἐνυπνίοις,</span> <span class='ocrx_word' id='word_1_241' title='bbox 1924 3070 2043 3132; x_wconf 87' lang='grc' dir='ltr'>ταῖς</span> 
     </span>
    </p>
   </div>
   <div class='ocr_carea' id='block_1_34' title="bbox 460 3153 2112 3263">
    <p class='ocr_par' dir='ltr' id='par_1_34' title="bbox 460 3153 2112 3263">
     <span class='ocr_line' id='line_1_34' title="bbox 460 3153 2112 3263; baseline 0.035 -57"><span class='ocrx_word' id='word_1_242' title='bbox 460 3153 589 3226; x_wconf 57' lang='grc' dir='ltr'>περ.</span> <span class='ocrx_word' id='word_1_243' title='bbox 620 3154 729 3208; x_wconf 84' lang='grc' dir='ltr'><strong>τῶν</strong></span> <span class='ocrx_word' id='word_1_244' title='bbox 767 3155 1113 3263; x_wconf 50' lang='grc' dir='ltr'>πραγμάτρῄ</span> <span class='ocrx_word' id='word_1_245' title='bbox 1140 3156 1378 3263; x_wconf 42' lang='lat' dir='ltr'><strong>(:54?de</strong></span> <span class='ocrx_word' id='word_1_246' title='bbox 1431 3160 1529 3231; x_wconf 67' lang='grc' dir='ltr'><strong>μὲν</strong></span> <span class='ocrx_word' id='word_1_247' title='bbox 1561 3159 1711 3233; x_wconf 66' lang='grc' dir='ltr'>ὕπαρ</span> <span class='ocrx_word' id='word_1_248' title='bbox 1738 3161 1832 3215; x_wconf 54' lang='grc' dir='ltr'><strong>καὶ</strong></span> <span class='ocrx_word' id='word_1_249' title='bbox 1864 3158 2039 3232; x_wconf 65' lang='grc' dir='ltr'>ἀληθῆ</span> <span class='ocrx_word' id='word_1_250' title='bbox 2070 3203 2112 3263; x_wconf 90' lang='lat' dir='ltr'><strong>C</strong></span> 
     </span>
    </p>
   </div>
   <div class='ocr_carea' id='block_1_35' title="bbox 460 3244 2043 3320">
    <p class='ocr_par' dir='ltr' id='par_1_35' title="bbox 460 3244 2043 3320">
     <span class='ocr_line' id='line_1_35' title="bbox 460 3244 2043 3320; baseline 0.006 -25"><span class='ocrx_word' id='word_1_251' title='bbox 460 3244 561 3297; x_wconf 91' lang='grc' dir='ltr'><strong>οὐκ</strong></span> <span class='ocrx_word' id='word_1_252' title='bbox 583 3244 987 3316; x_wconf 87' lang='grc' dir='ltr'>ἀποδεχόμενοι,</span> <span class='ocrx_word' id='word_1_253' title='bbox 1019 3244 1125 3298; x_wconf 84' lang='grc' dir='ltr'>ὐπὸ</span> <span class='ocrx_word' id='word_1_254' title='bbox 1149 3245 1205 3299; x_wconf 86' lang='grc' dir='ltr'>δὲ</span> <span class='ocrx_word' id='word_1_255' title='bbox 1233 3246 1342 3302; x_wconf 89' lang='grc' dir='ltr'><strong>τῶν</strong></span> <span class='ocrx_word' id='word_1_256' title='bbox 1383 3248 1442 3303; x_wconf 85' lang='grc' dir='ltr'><strong>ἐν</strong></span> <span class='ocrx_word' id='word_1_257' title='bbox 1473 3252 1595 3315; x_wconf 87' lang='grc' dir='ltr'>ταῖς</span> <span class='ocrx_word' id='word_1_258' title='bbox 1631 3253 1814 3313; x_wconf 86' lang='grc' dir='ltr'>κεναῖς</span> <span class='ocrx_word' id='word_1_259' title='bbox 1842 3267 2043 3320; x_wconf 82' lang='grc' dir='ltr'>φαντα-</span> 
     </span>
    </p>
   </div>
   <div class='ocr_carea' id='block_1_36' title="bbox 461 3333 2042 3415">
    <p class='ocr_par' dir='ltr' id='par_1_36' title="bbox 461 3333 2042 3415">
     <span class='ocr_line' id='line_1_36' title="bbox 461 3333 2042 3415; baseline 0.005 -27"><span class='ocrx_word' id='word_1_260' title='bbox 461 3336 603 3401; x_wconf 73' lang='grc' dir='ltr'>σίαις</span> <span class='ocrx_word' id='word_1_261' title='bbox 635 3337 1001 3409; x_wconf 67' lang='grc' dir='ltr'>ἀπατώμενον</span> <span class='ocrx_word' id='word_1_262' title='bbox 1038 3342 1167 3415; x_wconf 77' lang='grc' dir='ltr'>περὶ</span> <span class='ocrx_word' id='word_1_263' title='bbox 1185 3333 1259 3395; x_wconf 87' lang='grc' dir='ltr'><strong>ὧν</strong></span> <span class='ocrx_word' id='word_1_264' title='bbox 1284 3341 1379 3395; x_wconf 81' lang='grc' dir='ltr'>καὶ</span> <span class='ocrx_word' id='word_1_265' title='bbox 1401 3342 1460 3396; x_wconf 91' lang='grc' dir='ltr'><strong>ἐν</strong></span> <span class='ocrx_word' id='word_1_266' title='bbox 1486 3340 1566 3410; x_wconf 82' lang='grc' dir='ltr'>τῷ</span> <span class='ocrx_word' id='word_1_267' title='bbox 1610 3342 1808 3414; x_wconf 70' lang='grc' dir='ltr'>Ἡσαΐᾳ</span> <span class='ocrx_word' id='word_1_268' title='bbox 1825 3342 2042 3412; x_wconf 86' lang='grc' dir='ltr'>λέγεται</span> 
     </span>
    </p>
   </div>
   <div class='ocr_carea' id='block_1_37' title="bbox 458 3428 2044 3504">
    <p class='ocr_par' dir='ltr' id='par_1_37' title="bbox 458 3428 2044 3504">
     <span class='ocr_line' id='line_1_37' title="bbox 458 3428 2044 3504; baseline 0.004 -23"><span class='ocrx_word' id='word_1_269' title='bbox 458 3428 538 3481; x_wconf 81' lang='grc' dir='ltr'>τό’</span> <span class='ocrx_word' id='word_1_270' title='bbox 566 3447 584 3481; x_wconf 80' lang='grc' dir='ltr'><strong>ι</strong></span> <span class='ocrx_word' id='word_1_271' title='bbox 614 3430 709 3483; x_wconf 90' lang='grc' dir='ltr'>Ὃν</span> <span class='ocrx_word' id='word_1_272' title='bbox 735 3430 934 3502; x_wconf 85' lang='grc' dir='ltr'>τρόπον</span> <span class='ocrx_word' id='word_1_273' title='bbox 960 3433 1336 3499; x_wconf 76' lang='grc' dir='ltr'>ἐνυπνιάζεται</span> <span class='ocrx_word' id='word_1_274' title='bbox 1356 3435 1385 3486; x_wconf 86' lang='grc' dir='ltr'><strong>ό</strong></span> <span class='ocrx_word' id='word_1_275' title='bbox 1405 3432 1572 3504; x_wconf 76' lang='grc' dir='ltr'>διψῶν</span> <span class='ocrx_word' id='word_1_276' title='bbox 1591 3433 1667 3499; x_wconf 87' lang='grc' dir='ltr'>ὠς</span> <span class='ocrx_word' id='word_1_277' title='bbox 1689 3435 1718 3488; x_wconf 86' lang='grc' dir='ltr'><strong>ό</strong></span> <span class='ocrx_word' id='word_1_278' title='bbox 1739 3433 1925 3498; x_wconf 87' lang='grc' dir='ltr'>πίνων,</span> <span class='ocrx_word' id='word_1_279' title='bbox 1949 3435 2044 3488; x_wconf 75' lang='grc' dir='ltr'>καὶ</span> 
     </span>
    </p>
   </div>
   <div class='ocr_carea' id='block_1_38' title="bbox 458 3521 2040 3599">
    <p class='ocr_par' dir='ltr' id='par_1_38' title="bbox 458 3521 2040 3599">
     <span class='ocr_line' id='line_1_38' title="bbox 458 3521 2040 3599; baseline 0.003 -23"><span class='ocrx_word' id='word_1_280' title='bbox 458 3521 761 3589; x_wconf 79' lang='grc' dir='ltr'>ἐξαναστὰς</span> <span class='ocrx_word' id='word_1_281' title='bbox 787 3523 867 3578; x_wconf 78' lang='grc' dir='ltr'>ἔτι</span> <span class='ocrx_word' id='word_1_282' title='bbox 902 3525 1053 3598; x_wconf 76' lang='grc' dir='ltr'>διψᾷ,</span> <span class='ocrx_word' id='word_1_283' title='bbox 1087 3529 1119 3597; x_wconf 83' lang='grc' dir='ltr'><strong>ὴ</strong></span> <span class='ocrx_word' id='word_1_284' title='bbox 1152 3526 1211 3580; x_wconf 79' lang='grc' dir='ltr'><strong>δέ</strong></span> <span class='ocrx_word' id='word_1_285' title='bbox 1232 3525 1377 3599; x_wconf 75' lang='grc' dir='ltr'>ψυχὴ</span> <span class='ocrx_word' id='word_1_286' title='bbox 1414 3524 1579 3581; x_wconf 81' lang='grc' dir='ltr'>αὐτοῦ</span> <span class='ocrx_word' id='word_1_287' title='bbox 1610 3529 1691 3592; x_wconf 82' lang='grc' dir='ltr'><strong>είς</strong></span> <span class='ocrx_word' id='word_1_288' title='bbox 1719 3527 1872 3581; x_wconf 75' lang='grc' dir='ltr'>κενὸν</span> <span class='ocrx_word' id='word_1_289' title='bbox 1892 3526 2040 3599; x_wconf 75' lang='grc' dir='ltr'>ἠλπι-</span> 
     </span>
    </p>
   </div>
   <div class='ocr_carea' id='block_1_39' title="bbox 460 3614 2043 3683">
    <p class='ocr_par' dir='ltr' id='par_1_39' title="bbox 460 3614 2043 3683">
     <span class='ocr_line' id='line_1_39' title="bbox 460 3614 2043 3683; baseline 0.003 -16"><span class='ocrx_word' id='word_1_290' title='bbox 460 3630 571 3669; x_wconf 80' lang='grc' dir='ltr'>σεν’</span> <span class='ocrx_word' id='word_1_291' title='bbox 600 3614 772 3679; x_wconf 79' lang='grc' dir='ltr'>οὓτως</span> <span class='ocrx_word' id='word_1_292' title='bbox 801 3615 954 3670; x_wconf 72' lang='grc' dir='ltr'>ἔσται</span> <span class='ocrx_word' id='word_1_293' title='bbox 997 3618 1026 3671; x_wconf 80' lang='grc' dir='ltr'><strong>ό</strong></span> <span class='ocrx_word' id='word_1_294' title='bbox 1052 3617 1281 3683; x_wconf 82' lang='grc' dir='ltr'>πλοῦτος</span> <span class='ocrx_word' id='word_1_295' title='bbox 1315 3618 1535 3673; x_wconf 81' lang='grc' dir='ltr'>πάντων</span> <span class='ocrx_word' id='word_1_296' title='bbox 1571 3618 1678 3672; x_wconf 86' lang='grc' dir='ltr'><strong>τῶν</strong></span> <span class='ocrx_word' id='word_1_297' title='bbox 1707 3618 1896 3682; x_wconf 85' lang='grc' dir='ltr'>ἐθνῶν,</span> <span class='ocrx_word' id='word_1_298' title='bbox 1930 3619 2043 3672; x_wconf 85' lang='grc' dir='ltr'>ὅσοι</span> 
     </span>
    </p>
   </div>
   <div class='ocr_carea' id='block_1_40' title="bbox 454 3706 2042 3782">
    <p class='ocr_par' dir='ltr' id='par_1_40' title="bbox 454 3706 2042 3782">
     <span class='ocr_line' id='line_1_40' title="bbox 454 3706 2042 3782; baseline 0.003 -24"><span class='ocrx_word' id='word_1_299' title='bbox 454 3706 894 3778; x_wconf 85' lang='grc' dir='ltr'>ἐπεστράτευσαν</span> <span class='ocrx_word' id='word_1_300' title='bbox 926 3712 984 3763; x_wconf 82' lang='grc' dir='ltr'>ὲν</span> <span class='ocrx_word' id='word_1_301' title='bbox 1029 3709 1386 3782; x_wconf 83' lang='grc' dir='ltr'>Ἰερουσαλήμ</span> <span class='ocrx_word' id='word_1_302' title='bbox 1419 3709 1556 3782; x_wconf 81' lang='lat'><strong>(55).</strong></span> <span class='ocrx_word' id='word_1_303' title='bbox 1591 3727 1611 3761; x_wconf 73' lang='grc' dir='ltr'><strong>ι</strong></span> <span class='ocrx_word' id='word_1_304' title='bbox 1643 3710 1708 3763; x_wconf 83' lang='lat' dir='ltr'><strong>El</strong></span> <span class='ocrx_word' id='word_1_305' title='bbox 1741 3710 1835 3764; x_wconf 80' lang='grc' dir='ltr'>καὶ</span> <span class='ocrx_word' id='word_1_306' title='bbox 1856 3709 2042 3776; x_wconf 81' lang='grc' dir='ltr'>ἐδόξα-</span> 
     </span>
    </p>
   </div>
   <div class='ocr_carea' id='block_1_41' title="bbox 460 3794 2039 3873">
    <p class='ocr_par' dir='ltr' id='par_1_41' title="bbox 460 3794 2039 3873">
     <span class='ocr_line' id='line_1_41' title="bbox 460 3794 2039 3873; baseline 0 -20"><span class='ocrx_word' id='word_1_307' title='bbox 460 3815 558 3869; x_wconf 86' lang='grc' dir='ltr'><strong>μεν</strong></span> <span class='ocrx_word' id='word_1_308' title='bbox 580 3794 673 3853; x_wconf 78' lang='grc' dir='ltr'><strong>οὗν</strong></span> <span class='ocrx_word' id='word_1_309' title='bbox 702 3799 1194 3873; x_wconf 79' lang='grc' dir='ltr'>παρεκϐεϐηκέναι,</span> <span class='ocrx_word' id='word_1_310' title='bbox 1218 3799 1563 3872; x_wconf 88' lang='grc' dir='ltr'>διηγούμενοι</span> <span class='ocrx_word' id='word_1_311' title='bbox 1583 3799 1847 3871; x_wconf 84' lang='grc' dir='ltr'>διαφορὰν</span> <span class='ocrx_word' id='word_1_312' title='bbox 1875 3799 2039 3854; x_wconf 87' lang='grc' dir='ltr'>ἀσθε-</span> 
     </span>
    </p>
   </div>
   <div class='ocr_carea' id='block_1_42' title="bbox 457 3885 2041 3964">
    <p class='ocr_par' dir='ltr' id='par_1_42' title="bbox 457 3885 2041 3964">
     <span class='ocr_line' id='line_1_42' title="bbox 457 3885 2041 3964; baseline 0 -20"><span class='ocrx_word' id='word_1_313' title='bbox 457 3890 582 3956; x_wconf 87' lang='grc' dir='ltr'>νῶν,</span> <span class='ocrx_word' id='word_1_314' title='bbox 610 3892 706 3946; x_wconf 73' lang='grc' dir='ltr'>καὶ</span> <span class='ocrx_word' id='word_1_315' title='bbox 729 3890 1046 3964; x_wconf 73' lang='grc' dir='ltr'>ἀρρώστων,</span> <span class='ocrx_word' id='word_1_316' title='bbox 1069 3892 1164 3945; x_wconf 77' lang='grc' dir='ltr'>καὶ</span> <span class='ocrx_word' id='word_1_317' title='bbox 1183 3885 1657 3963; x_wconf 83' lang='grc' dir='ltr'>κοιμωμένων,διά</span> <span class='ocrx_word' id='word_1_318' title='bbox 1672 3889 1734 3943; x_wconf 86' lang='grc' dir='ltr'>τὸ</span> <span class='ocrx_word' id='word_1_319' title='bbox 1758 3889 2041 3961; x_wconf 47' lang='grc' dir='ltr'>τὸνιἊπό-</span> 
     </span>
    </p>
   </div>
   <div class='ocr_carea' id='block_1_43' title="bbox 460 3980 2038 4056">
    <p class='ocr_par' dir='ltr' id='par_1_43' title="bbox 460 3980 2038 4056">
     <span class='ocr_line' id='line_1_43' title="bbox 460 3980 2038 4056; baseline 0 -21"><span class='ocrx_word' id='word_1_320' title='bbox 460 3983 644 4039; x_wconf 87' lang='grc' dir='ltr'>στολον</span> <span class='ocrx_word' id='word_1_321' title='bbox 678 3986 736 4039; x_wconf 82' lang='grc' dir='ltr'><strong>ἐν</strong></span> <span class='ocrx_word' id='word_1_322' title='bbox 754 3987 821 4055; x_wconf 82' lang='grc' dir='ltr'>τῇ</span> <span class='ocrx_word' id='word_1_323' title='bbox 851 3984 988 4055; x_wconf 81' lang='grc' dir='ltr'>πρὸς</span> <span class='ocrx_word' id='word_1_324' title='bbox 1007 3982 1328 4055; x_wconf 86' lang='grc' dir='ltr'>Κορινθίους</span> <span class='ocrx_word' id='word_1_325' title='bbox 1357 3981 1636 4056; x_wconf 70' lang='grc' dir='ltr'>εἰρηκέναι</span> <span class='ocrx_word' id='word_1_326' title='bbox 1658 3980 1695 4036; x_wconf 74' lang='grc' dir='ltr'>ἃ</span> <span class='ocrx_word' id='word_1_327' title='bbox 1722 3981 2038 4053; x_wconf 81' lang='grc' dir='ltr'>ἐξεθέμεθα,</span> 
     </span>
    </p>
   </div>
   <div class='ocr_carea' id='block_1_44' title="bbox 455 4072 2046 4148">
    <p class='ocr_par' dir='ltr' id='par_1_44' title="bbox 455 4072 2046 4148">
     <span class='ocr_line' id='line_1_44' title="bbox 455 4072 2046 4148; baseline 0.001 -21"><span class='ocrx_word' id='word_1_328' title='bbox 455 4073 553 4146; x_wconf 83' lang='grc' dir='ltr'>τὴν</span> <span class='ocrx_word' id='word_1_329' title='bbox 579 4074 916 4148; x_wconf 74' lang='grc' dir='ltr'>παρέκϐασιν</span> <span class='ocrx_word' id='word_1_330' title='bbox 958 4073 1324 4146; x_wconf 84' lang='grc' dir='ltr'>πεποιήμεθα,</span> <span class='ocrx_word' id='word_1_331' title='bbox 1370 4072 1720 4145; x_wconf 82' lang='grc' dir='ltr'>βουληθέντες</span> <span class='ocrx_word' id='word_1_332' title='bbox 1760 4074 2046 4147; x_wconf 82' lang='grc' dir='ltr'>παραστῆ-</span> 
     </span>
    </p>
   </div>
   <div class='ocr_carea' id='block_1_45' title="bbox 458 4162 2041 4240">
    <p class='ocr_par' dir='ltr' id='par_1_45' title="bbox 458 4162 2041 4240">
     <span class='ocr_line' id='line_1_45' title="bbox 458 4162 2041 4240; baseline 0.001 -22"><span class='ocrx_word' id='word_1_333' title='bbox 458 4181 548 4218; x_wconf 85' lang='grc' dir='ltr'><strong>σαι</strong></span> <span class='ocrx_word' id='word_1_334' title='bbox 578 4166 631 4220; x_wconf 84' lang='grc' dir='ltr'><strong>τί</strong></span> <span class='ocrx_word' id='word_1_335' title='bbox 665 4162 988 4239; x_wconf 85' lang='grc' dir='ltr'>σημαίνεται</span> <span class='ocrx_word' id='word_1_336' title='bbox 1009 4167 1202 4240; x_wconf 75' lang='grc' dir='ltr'>νοητὸν</span> <span class='ocrx_word' id='word_1_337' title='bbox 1242 4168 1309 4221; x_wconf 82' lang='grc' dir='ltr'><strong>ἐκ</strong></span> <span class='ocrx_word' id='word_1_338' title='bbox 1342 4165 1461 4221; x_wconf 72' lang='grc' dir='ltr'>τοῦο</span> <span class='ocrx_word' id='word_1_339' title='bbox 1504 4184 1524 4219; x_wconf 76' lang='grc' dir='ltr'><strong>ι</strong></span> <span class='ocrx_word' id='word_1_340' title='bbox 1564 4165 1678 4220; x_wconf 73' lang='grc' dir='ltr'><strong>Καὶ</strong></span> <span class='ocrx_word' id='word_1_341' title='bbox 1701 4164 2041 4239; x_wconf 83' lang='grc' dir='ltr'>ἐθεράπευσε</span> 
     </span>
    </p>
   </div>
   <div class='ocr_carea' id='block_1_46' title="bbox 453 4257 1213 4332">
    <p class='ocr_par' dir='ltr' id='par_1_46' title="bbox 453 4257 1213 4332">
     <span class='ocr_line' id='line_1_46' title="bbox 453 4257 1213 4332; baseline 0 -21"><span class='ocrx_word' id='word_1_342' title='bbox 453 4257 581 4324; x_wconf 81' lang='grc' dir='ltr'>τοὺς</span> <span class='ocrx_word' id='word_1_343' title='bbox 610 4257 926 4332; x_wconf 76' lang='grc' dir='ltr'>ἀρρώστους</span> <span class='ocrx_word' id='word_1_344' title='bbox 956 4258 1154 4315; x_wconf 85' lang='grc' dir='ltr'>αὐτῶν.</span> <span class='ocrx_word' id='word_1_345' title='bbox 1193 4278 1213 4311; x_wconf 73' lang='grc' dir='ltr'><strong>ι</strong></span> 
     </span>
    </p>
   </div>
   <div class='ocr_carea' id='block_1_47' title="bbox 526 4350 2039 4424">
    <p class='ocr_par' dir='ltr' id='par_1_47' title="bbox 526 4350 2039 4424">
     <span class='ocr_line' id='line_1_47' title="bbox 526 4350 2039 4424; baseline 0.001 -19"><span class='ocrx_word' id='word_1_346' title='bbox 526 4352 680 4406; x_wconf 84' lang='grc' dir='ltr'>Μετά</span> <span class='ocrx_word' id='word_1_347' title='bbox 700 4351 857 4406; x_wconf 81' lang='grc' dir='ltr'>τοῦτό</span> <span class='ocrx_word' id='word_1_348' title='bbox 877 4368 1040 4423; x_wconf 84' lang='grc' dir='ltr'>φησιν</span> <span class='ocrx_word' id='word_1_349' title='bbox 1059 4354 1087 4406; x_wconf 86' lang='grc' dir='ltr'>ὁ</span> <span class='ocrx_word' id='word_1_350' title='bbox 1102 4351 1277 4422; x_wconf 86' lang='grc' dir='ltr'>λόγος,</span> <span class='ocrx_word' id='word_1_351' title='bbox 1298 4351 1405 4416; x_wconf 83' lang='grc' dir='ltr'>ὅτι,</span> <span class='ocrx_word' id='word_1_352' title='bbox 1428 4369 1447 4404; x_wconf 82' lang='grc' dir='ltr'><strong>ι</strong></span> <span class='ocrx_word' id='word_1_353' title='bbox 1464 4350 1627 4422; x_wconf 79' lang='grc' dir='ltr'>ὀψίας</span> <span class='ocrx_word' id='word_1_354' title='bbox 1641 4351 1699 4405; x_wconf 80' lang='grc' dir='ltr'>δὲ</span> <span class='ocrx_word' id='word_1_355' title='bbox 1719 4350 2039 4424; x_wconf 82' lang='grc' dir='ltr'>γενομένης,</span> 
     </span>
    </p>
   </div>
   <div class='ocr_carea' id='block_1_48' title="bbox 460 4442 2042 4516">
    <p class='ocr_par' dir='ltr' id='par_1_48' title="bbox 460 4442 2042 4516">
     <span class='ocr_line' id='line_1_48' title="bbox 460 4442 2042 4516; baseline 0.001 -20"><span class='ocrx_word' id='word_1_356' title='bbox 460 4444 760 4516; x_wconf 83' lang='grc' dir='ltr'>προσῆλθον</span> <span class='ocrx_word' id='word_1_357' title='bbox 777 4444 928 4516; x_wconf 84' lang='grc' dir='ltr'><strong>αὐτῷ</strong></span> <span class='ocrx_word' id='word_1_358' title='bbox 955 4447 1006 4498; x_wconf 77' lang='grc' dir='ltr'><strong>οἱ</strong></span> <span class='ocrx_word' id='word_1_359' title='bbox 1039 4442 1463 4516; x_wconf 84' lang='grc' dir='ltr'>μαθηταὶαύτοῦ</span> <span class='ocrx_word' id='word_1_360' title='bbox 1492 4443 1758 4513; x_wconf 73' lang='grc' dir='ltr'>λέγοντεςο</span> <span class='ocrx_word' id='word_1_361' title='bbox 1796 4444 2042 4514; x_wconf 87' lang='grc' dir='ltr'>Ἔρημός</span> 
     </span>
    </p>
   </div>
   <div class='ocr_carea' id='block_1_49' title="bbox 2168 593 3744 669">
    <p class='ocr_par' dir='ltr' id='par_1_49' title="bbox 2168 593 3744 669">
     <span class='ocr_line' id='line_1_49' title="bbox 2168 593 3744 669; baseline 0.006 -20"><span class='ocrx_word' id='word_1_362' title='bbox 2168 593 2359 651; x_wconf 83' lang='lat' dir='ltr'><strong>Simile</strong></span> <span class='ocrx_word' id='word_1_363' title='bbox 2397 596 2526 650; x_wconf 92' lang='lat' dir='ltr'><strong>item</strong></span> <span class='ocrx_word' id='word_1_364' title='bbox 2559 597 2762 651; x_wconf 88' lang='lat' dir='ltr'><strong>senties</strong></span> <span class='ocrx_word' id='word_1_365' title='bbox 2793 596 2860 651; x_wconf 89' lang='lat' dir='ltr'><strong>de</strong></span> <span class='ocrx_word' id='word_1_366' title='bbox 2897 599 3108 655; x_wconf 79' lang='lat' dir='ltr'><strong>caeteris</strong></span> <span class='ocrx_word' id='word_1_367' title='bbox 3140 613 3279 669; x_wconf 86' lang='lat' dir='ltr'><strong>quos</strong></span> <span class='ocrx_word' id='word_1_368' title='bbox 3313 602 3744 667; x_wconf 86' lang='lat' dir='ltr'><strong>nominavimus,</strong></span> 
     </span>
    </p>
   </div>
   <div class='ocr_carea' id='block_1_50' title="bbox 2162 685 3744 764">
    <p class='ocr_par' dir='ltr' id='par_1_50' title="bbox 2162 685 3744 764">
     <span class='ocr_line' id='line_1_50' title="bbox 2162 685 3744 764; baseline 0.008 -26"><span class='ocrx_word' id='word_1_369' title='bbox 2162 693 2218 738; x_wconf 87' lang='lat' dir='ltr'><strong>et</strong></span> <span class='ocrx_word' id='word_1_370' title='bbox 2258 685 2303 739; x_wconf 88' lang='lat' dir='ltr'><strong>si</strong></span> <span class='ocrx_word' id='word_1_371' title='bbox 2352 686 2481 755; x_wconf 88' lang='lat' dir='ltr'><strong>quid</strong></span> <span class='ocrx_word' id='word_1_372' title='bbox 2523 686 2671 741; x_wconf 87' lang='lat' dir='ltr'><strong>aliud</strong></span> <span class='ocrx_word' id='word_1_373' title='bbox 2714 685 2821 741; x_wconf 90' lang='lat' dir='ltr'><strong>illis</strong></span> <span class='ocrx_word' id='word_1_374' title='bbox 2857 686 3012 741; x_wconf 86' lang='lat' dir='ltr'><strong>alIine</strong></span> <span class='ocrx_word' id='word_1_375' title='bbox 3043 697 3144 744; x_wconf 92' lang='lat' dir='ltr'><strong>est.</strong></span> <span class='ocrx_word' id='word_1_376' title='bbox 3180 688 3450 756; x_wconf 87' lang='lat' dir='ltr'><strong>Quoniam</strong></span> <span class='ocrx_word' id='word_1_377' title='bbox 3482 693 3650 764; x_wconf 76' lang='lat' dir='ltr'><strong>igitur</strong></span> <span class='ocrx_word' id='word_1_378' title='bbox 3680 711 3744 750; x_wconf 82' lang='lat' dir='ltr'><strong>ea</strong></span> 
     </span>
    </p>
   </div>
   <div class='ocr_carea' id='block_1_51' title="bbox 2162 775 3740 852">
    <p class='ocr_par' dir='ltr' id='par_1_51' title="bbox 2162 775 3740 852">
     <span class='ocr_line' id='line_1_51' title="bbox 2162 775 3740 852; baseline 0.009 -24"><span class='ocrx_word' id='word_1_379' title='bbox 2162 775 2328 829; x_wconf 89' lang='lat' dir='ltr'><strong>verba</strong></span> <span class='ocrx_word' id='word_1_380' title='bbox 2360 777 2697 845; x_wconf 86' lang='lat' dir='ltr'><strong>explicantes</strong></span> <span class='ocrx_word' id='word_1_381' title='bbox 2728 776 2774 809; x_wconf 75' lang='lat'><strong>“</strong></span> <span class='ocrx_word' id='word_1_382' title='bbox 2802 796 2814 831; x_wconf 90' lang='lat'><strong>:</strong></span> <span class='ocrx_word' id='word_1_383' title='bbox 2849 795 2869 829; x_wconf 81' lang='grc' dir='ltr'><strong>ι</strong></span> <span class='ocrx_word' id='word_1_384' title='bbox 2901 778 3127 835; x_wconf 87' lang='lat' dir='ltr'><strong>Curavit</strong></span> <span class='ocrx_word' id='word_1_385' title='bbox 3156 782 3445 852; x_wconf 76' lang='lat' dir='ltr'><strong>languidos</strong></span> <span class='ocrx_word' id='word_1_386' title='bbox 3471 799 3680 852; x_wconf 88' lang='lat' dir='ltr'><strong>eorum,</strong></span> <span class='ocrx_word' id='word_1_387' title='bbox 3717 805 3740 840; x_wconf 72' lang='grc' dir='ltr'><strong>ι</strong></span> 
     </span>
    </p>
   </div>
   <div class='ocr_carea' id='block_1_52' title="bbox 2162 869 3745 937">
    <p class='ocr_par' dir='ltr' id='par_1_52' title="bbox 2162 869 3745 937">
     <span class='ocr_line' id='line_1_52' title="bbox 2162 869 3745 937; baseline 0.006 -20"><span class='ocrx_word' id='word_1_388' title='bbox 2162 878 2271 917; x_wconf 91' lang='lat' dir='ltr'><strong>non</strong></span> <span class='ocrx_word' id='word_1_389' title='bbox 2305 878 2467 918; x_wconf 91' lang='lat' dir='ltr'><strong>omne</strong></span> <span class='ocrx_word' id='word_1_390' title='bbox 2495 875 2778 934; x_wconf 88' lang='lat' dir='ltr'><strong>peccatum</strong></span> <span class='ocrx_word' id='word_1_391' title='bbox 2817 880 2938 921; x_wconf 91' lang='lat' dir='ltr'><strong>esse</strong></span> <span class='ocrx_word' id='word_1_392' title='bbox 2994 869 3249 923; x_wconf 80' lang='lat' dir='ltr'><strong>morbum</strong></span> <span class='ocrx_word' id='word_1_393' title='bbox 3299 870 3561 937; x_wconf 85' lang='lat' dir='ltr'><strong>diximus,</strong></span> <span class='ocrx_word' id='word_1_394' title='bbox 3608 887 3745 927; x_wconf 88' lang='lat' dir='ltr'><strong>con-</strong></span> 
     </span>
    </p>
   </div>
   <div class='ocr_carea' id='block_1_53' title="bbox 2163 954 3745 1026">
    <p class='ocr_par' dir='ltr' id='par_1_53' title="bbox 2163 954 3745 1026">
     <span class='ocr_line' id='line_1_53' title="bbox 2163 954 3745 1026; baseline 0.008 -18"><span class='ocrx_word' id='word_1_395' title='bbox 2163 963 2480 1008; x_wconf 88' lang='lat' dir='ltr'><strong>sentaneum</strong></span> <span class='ocrx_word' id='word_1_396' title='bbox 2508 964 2592 1010; x_wconf 86' lang='lat' dir='ltr'><strong>est</strong></span> <span class='ocrx_word' id='word_1_397' title='bbox 2626 971 2691 1010; x_wconf 78' lang='lat' dir='ltr'><strong>ex</strong></span> <span class='ocrx_word' id='word_1_398' title='bbox 2736 954 3019 1026; x_wconf 80' lang='lat' dir='ltr'><strong>Scriptura</strong></span> <span class='ocrx_word' id='word_1_399' title='bbox 3058 960 3124 1013; x_wconf 92' lang='lat' dir='ltr'><strong>de</strong></span> <span class='ocrx_word' id='word_1_400' title='bbox 3170 960 3387 1015; x_wconf 89' lang='lat' dir='ltr'><strong>illorum</strong></span> <span class='ocrx_word' id='word_1_401' title='bbox 3422 962 3745 1020; x_wconf 76' lang='lat' dir='ltr'><strong>diﬂ‘erentiis</strong></span> 
     </span>
    </p>
   </div>
   <div class='ocr_carea' id='block_1_54' title="bbox 2160 1044 3744 1125">
    <p class='ocr_par' dir='ltr' id='par_1_54' title="bbox 2160 1044 3744 1125">
     <span class='ocr_line' id='line_1_54' title="bbox 2160 1044 3744 1125; baseline 0.008 -27"><span class='ocrx_word' id='word_1_402' title='bbox 2160 1044 2327 1099; x_wconf 85' lang='lat' dir='ltr'><strong>verba</strong></span> <span class='ocrx_word' id='word_1_403' title='bbox 2355 1044 2557 1100; x_wconf 86' lang='lat' dir='ltr'><strong>facere.</strong></span> <span class='ocrx_word' id='word_1_404' title='bbox 2586 1046 2676 1100; x_wconf 89' lang='lat' dir='ltr'><strong>Ait</strong></span> <span class='ocrx_word' id='word_1_405' title='bbox 2708 1047 2928 1116; x_wconf 82' lang='lat' dir='ltr'><strong>quidem</strong></span> <span class='ocrx_word' id='word_1_406' title='bbox 2960 1049 3259 1118; x_wconf 85' lang='lat' dir='ltr'><strong>Apostolus</strong></span> <span class='ocrx_word' id='word_1_407' title='bbox 3292 1052 3612 1122; x_wconf 81' lang='lat' dir='ltr'><strong>Corinthiis,</strong></span> <span class='ocrx_word' id='word_1_408' title='bbox 3648 1057 3744 1125; x_wconf 90' lang='lat' dir='ltr'><strong>qui</strong></span> 
     </span>
    </p>
   </div>
   <div class='ocr_carea' id='block_1_55' title="bbox 2158 1137 3742 1207">
    <p class='ocr_par' dir='ltr' id='par_1_55' title="bbox 2158 1137 3742 1207">
     <span class='ocr_line' id='line_1_55' title="bbox 2158 1137 3742 1207; baseline 0.008 -17"><span class='ocrx_word' id='word_1_409' title='bbox 2158 1137 2327 1191; x_wconf 90' lang='lat' dir='ltr'><strong>variis</strong></span> <span class='ocrx_word' id='word_1_410' title='bbox 2358 1147 2516 1191; x_wconf 89' lang='lat' dir='ltr'><strong>erant</strong></span> <span class='ocrx_word' id='word_1_411' title='bbox 2546 1139 2785 1207; x_wconf 82' lang='lat' dir='ltr'><strong>peccatis</strong></span> <span class='ocrx_word' id='word_1_412' title='bbox 2810 1140 2999 1204; x_wconf 88' lang='lat' dir='ltr'><strong>dediti,</strong></span> <span class='ocrx_word' id='word_1_413' title='bbox 3031 1141 3279 1198; x_wconf 90' lang='lat' dir='ltr'><strong>scribens</strong></span> <span class='ocrx_word' id='word_1_414' title='bbox 3313 1145 3357 1177; x_wconf 77' lang='grc'><strong>⁸⁵</strong></span> <span class='ocrx_word' id='word_1_415' title='bbox 3392 1164 3405 1199; x_wconf 88' lang='lat'>:</span> <span class='ocrx_word' id='word_1_416' title='bbox 3438 1164 3458 1197; x_wconf 75' lang='grc' dir='ltr'><strong>ι</strong></span> <span class='ocrx_word' id='word_1_417' title='bbox 3500 1146 3629 1202; x_wconf 86' lang='lat' dir='ltr'><strong>Ideo</strong></span> <span class='ocrx_word' id='word_1_418' title='bbox 3655 1149 3742 1202; x_wconf 83' lang='lat' dir='ltr'><strong>in-</strong></span> 
     </span>
    </p>
   </div>
   <div class='ocr_carea' id='block_1_56' title="bbox 2161 1229 3747 1301">
    <p class='ocr_par' dir='ltr' id='par_1_56' title="bbox 2161 1229 3747 1301">
     <span class='ocr_line' id='line_1_56' title="bbox 2161 1229 3747 1301; baseline 0.009 -20"><span class='ocrx_word' id='word_1_419' title='bbox 2161 1235 2243 1283; x_wconf 88' lang='lat' dir='ltr'><strong>ter</strong></span> <span class='ocrx_word' id='word_1_420' title='bbox 2283 1243 2379 1284; x_wconf 88' lang='lat' dir='ltr'><strong>vos</strong></span> <span class='ocrx_word' id='word_1_421' title='bbox 2428 1230 2581 1283; x_wconf 85' lang='lat' dir='ltr'><strong>multi</strong></span> <span class='ocrx_word' id='word_1_422' title='bbox 2630 1229 2851 1295; x_wconf 92' lang='lat' dir='ltr'><strong>inﬁrmi,</strong></span> <span class='ocrx_word' id='word_1_423' title='bbox 2889 1239 2943 1284; x_wconf 89' lang='lat' dir='ltr'><strong>et</strong></span> <span class='ocrx_word' id='word_1_424' title='bbox 2995 1232 3315 1301; x_wconf 85' lang='lat' dir='ltr'><strong>imbecilles,</strong></span> <span class='ocrx_word' id='word_1_425' title='bbox 3365 1245 3420 1289; x_wconf 89' lang='lat' dir='ltr'><strong>et</strong></span> <span class='ocrx_word' id='word_1_426' title='bbox 3464 1238 3747 1296; x_wconf 78' lang='lat' dir='ltr'><strong>dormiunt</strong></span> 
     </span>
    </p>
   </div>
   <div class='ocr_carea' id='block_1_57' title="bbox 2158 1319 3740 1396">
    <p class='ocr_par' dir='ltr' id='par_1_57' title="bbox 2158 1319 3740 1396">
     <span class='ocr_line' id='line_1_57' title="bbox 2158 1319 3740 1396; baseline 0.008 -24"><span class='ocrx_word' id='word_1_427' title='bbox 2158 1319 2336 1374; x_wconf 90' lang='lat' dir='ltr'><strong>multi.</strong></span> <span class='ocrx_word' id='word_1_428' title='bbox 2386 1339 2404 1372; x_wconf 74' lang='grc' dir='ltr'><strong>ι</strong></span> <span class='ocrx_word' id='word_1_429' title='bbox 2448 1320 2590 1375; x_wconf 92' lang='lat' dir='ltr'><strong>Audi</strong></span> <span class='ocrx_word' id='word_1_430' title='bbox 2634 1321 2902 1391; x_wconf 85' lang='lat' dir='ltr'><strong>siquidem</strong></span> <span class='ocrx_word' id='word_1_431' title='bbox 2954 1323 3008 1376; x_wconf 95' lang='lat' dir='ltr'><strong>in</strong></span> <span class='ocrx_word' id='word_1_432' title='bbox 3066 1323 3154 1379; x_wconf 91' lang='lat' dir='ltr'><strong>his</strong></span> <span class='ocrx_word' id='word_1_433' title='bbox 3200 1340 3399 1379; x_wconf 84' lang='lat' dir='ltr'><strong>nexum</strong></span> <span class='ocrx_word' id='word_1_434' title='bbox 3443 1335 3740 1396; x_wconf 85' lang='lat' dir='ltr'><strong>texentem,</strong></span> 
     </span>
    </p>
   </div>
   <div class='ocr_carea' id='block_1_58' title="bbox 2158 1412 3738 1488">
    <p class='ocr_par' dir='ltr' id='par_1_58' title="bbox 2158 1412 3738 1488">
     <span class='ocr_line' id='line_1_58' title="bbox 2158 1412 3738 1488; baseline 0.006 -22"><span class='ocrx_word' id='word_1_435' title='bbox 2158 1419 2583 1480; x_wconf 82' lang='lat' dir='ltr'><strong>contextumque</strong></span> <span class='ocrx_word' id='word_1_436' title='bbox 2624 1427 2655 1466; x_wconf 92' lang='lat' dir='ltr'><strong>e</strong></span> <span class='ocrx_word' id='word_1_437' title='bbox 2711 1412 2878 1467; x_wconf 79' lang='lat' dir='ltr'><strong>variis</strong></span> <span class='ocrx_word' id='word_1_438' title='bbox 2921 1414 3162 1481; x_wconf 85' lang='lat' dir='ltr'><strong>peccatis</strong></span> <span class='ocrx_word' id='word_1_439' title='bbox 3202 1413 3529 1485; x_wconf 90' lang='lat' dir='ltr'><strong>facientem,</strong></span> <span class='ocrx_word' id='word_1_440' title='bbox 3578 1419 3738 1488; x_wconf 79' lang='lat' dir='ltr'><strong>juxta</strong></span> 
     </span>
    </p>
   </div>
   <div class='ocr_carea' id='block_1_59' title="bbox 2156 1499 3735 1574">
    <p class='ocr_par' dir='ltr' id='par_1_59' title="bbox 2156 1499 3735 1574">
     <span class='ocr_line' id='line_1_59' title="bbox 2156 1499 3735 1574; baseline 0.006 -23"><span class='ocrx_word' id='word_1_441' title='bbox 2156 1514 2317 1567; x_wconf 85' lang='lat' dir='ltr'><strong>quem</strong></span> <span class='ocrx_word' id='word_1_442' title='bbox 2347 1500 2400 1552; x_wconf 92' lang='lat' dir='ltr'><strong>hi</strong></span> <span class='ocrx_word' id='word_1_443' title='bbox 2433 1499 2649 1569; x_wconf 79' lang='lat' dir='ltr'><strong>quidem</strong></span> <span class='ocrx_word' id='word_1_444' title='bbox 2674 1509 2800 1554; x_wconf 91' lang='lat' dir='ltr'><strong>sunt</strong></span> <span class='ocrx_word' id='word_1_445' title='bbox 2821 1499 3043 1567; x_wconf 78' lang='lat' dir='ltr'><strong>infirmi,</strong></span> <span class='ocrx_word' id='word_1_446' title='bbox 3068 1501 3159 1555; x_wconf 87' lang='lat' dir='ltr'><strong>alii</strong></span> <span class='ocrx_word' id='word_1_447' title='bbox 3199 1512 3380 1557; x_wconf 86' lang='lat' dir='ltr'><strong>autem</strong></span> <span class='ocrx_word' id='word_1_448' title='bbox 3417 1504 3735 1574; x_wconf 74' lang='lat' dir='ltr'><strong>imbecilles,</strong></span> 
     </span>
    </p>
   </div>
   <div class='ocr_carea' id='block_1_60' title="bbox 2158 1588 3736 1666">
    <p class='ocr_par' dir='ltr' id='par_1_60' title="bbox 2158 1588 3736 1666">
     <span class='ocr_line' id='line_1_60' title="bbox 2158 1588 3736 1666; baseline 0.007 -25"><span class='ocrx_word' id='word_1_449' title='bbox 2158 1589 2281 1656; x_wconf 84' lang='lat' dir='ltr'><strong>plus</strong></span> <span class='ocrx_word' id='word_1_450' title='bbox 2315 1604 2479 1658; x_wconf 87' lang='lat' dir='ltr'><strong>quam</strong></span> <span class='ocrx_word' id='word_1_451' title='bbox 2509 1588 2730 1651; x_wconf 89' lang='lat' dir='ltr'><strong>inﬁrmi,</strong></span> <span class='ocrx_word' id='word_1_452' title='bbox 2756 1597 2810 1643; x_wconf 88' lang='lat' dir='ltr'><strong>et</strong></span> <span class='ocrx_word' id='word_1_453' title='bbox 2829 1589 2918 1642; x_wconf 88' lang='lat' dir='ltr'><strong>alii</strong></span> <span class='ocrx_word' id='word_1_454' title='bbox 2943 1598 3138 1659; x_wconf 78' lang='lat' dir='ltr'><strong>praeter</strong></span> <span class='ocrx_word' id='word_1_455' title='bbox 3168 1601 3446 1663; x_wconf 91' lang='lat' dir='ltr'><strong>utrosque,</strong></span> <span class='ocrx_word' id='word_1_456' title='bbox 3472 1597 3565 1666; x_wconf 84' lang='lat' dir='ltr'><strong>qui</strong></span> <span class='ocrx_word' id='word_1_457' title='bbox 3605 1597 3736 1652; x_wconf 80' lang='lat' dir='ltr'><strong>dor-</strong></span> 
     </span>
    </p>
   </div>
   <div class='ocr_carea' id='block_1_61' title="bbox 2156 1678 3737 1752">
    <p class='ocr_par' dir='ltr' id='par_1_61' title="bbox 2156 1678 3737 1752">
     <span class='ocr_line' id='line_1_61' title="bbox 2156 1678 3737 1752; baseline 0.008 -19"><span class='ocrx_word' id='word_1_458' title='bbox 2156 1680 2351 1735; x_wconf 90' lang='lat' dir='ltr'><strong>miunt.</strong></span> <span class='ocrx_word' id='word_1_459' title='bbox 2378 1678 2541 1751; x_wconf 69' lang='grc'><strong>475</strong></span> <span class='ocrx_word' id='word_1_460' title='bbox 2570 1678 2673 1746; x_wconf 83' lang='lat' dir='ltr'><strong>Qui</strong></span> <span class='ocrx_word' id='word_1_461' title='bbox 2701 1680 2847 1734; x_wconf 90' lang='lat' dir='ltr'><strong>enim</strong></span> <span class='ocrx_word' id='word_1_462' title='bbox 2872 1691 3091 1752; x_wconf 88' lang='lat' dir='ltr'><strong>propter</strong></span> <span class='ocrx_word' id='word_1_463' title='bbox 3118 1685 3285 1739; x_wconf 89' lang='lat' dir='ltr'><strong>animi</strong></span> <span class='ocrx_word' id='word_1_464' title='bbox 3308 1687 3640 1744; x_wconf 87' lang='lat' dir='ltr'><strong>debilitatem</strong></span> <span class='ocrx_word' id='word_1_465' title='bbox 3669 1692 3737 1744; x_wconf 78' lang='lat' dir='ltr'><strong>ad</strong></span> 
     </span>
    </p>
   </div>
   <div class='ocr_carea' id='block_1_62' title="bbox 2154 1771 3737 1841">
    <p class='ocr_par' dir='ltr' id='par_1_62' title="bbox 2154 1771 3737 1841">
     <span class='ocr_line' id='line_1_62' title="bbox 2154 1771 3737 1841; baseline 0.009 -17"><span class='ocrx_word' id='word_1_466' title='bbox 2154 1771 2384 1841; x_wconf 86' lang='lat' dir='ltr'><strong>quodvis</strong></span> <span class='ocrx_word' id='word_1_467' title='bbox 2412 1780 2693 1840; x_wconf 84' lang='lat' dir='ltr'><strong>peccatum</strong></span> <span class='ocrx_word' id='word_1_468' title='bbox 2733 1772 2891 1841; x_wconf 86' lang='lat' dir='ltr'><strong>proni</strong></span> <span class='ocrx_word' id='word_1_469' title='bbox 2937 1781 3088 1838; x_wconf 91' lang='lat' dir='ltr'><strong>sunt,</strong></span> <span class='ocrx_word' id='word_1_470' title='bbox 3135 1790 3234 1830; x_wconf 88' lang='lat' dir='ltr'><strong>nec</strong></span> <span class='ocrx_word' id='word_1_471' title='bbox 3272 1777 3369 1831; x_wconf 91' lang='lat' dir='ltr'><strong>toti</strong></span> <span class='ocrx_word' id='word_1_472' title='bbox 3405 1779 3564 1834; x_wconf 88' lang='lat' dir='ltr'><strong>alicui</strong></span> <span class='ocrx_word' id='word_1_473' title='bbox 3589 1791 3737 1838; x_wconf 77' lang='lat' dir='ltr'><strong>certe</strong></span> 
     </span>
    </p>
   </div>
   <div class='ocr_carea' id='block_1_63' title="bbox 2154 1859 3736 1933">
    <p class='ocr_par' dir='ltr' id='par_1_63' title="bbox 2154 1859 3736 1933">
     <span class='ocr_line' id='line_1_63' title="bbox 2154 1859 3736 1933; baseline 0.008 -19"><span class='ocrx_word' id='word_1_474' title='bbox 2154 1859 2364 1930; x_wconf 81' lang='lat' dir='ltr'><strong>peccati</strong></span> <span class='ocrx_word' id='word_1_475' title='bbox 2388 1860 2568 1931; x_wconf 81' lang='lat' dir='ltr'><strong>generi</strong></span> <span class='ocrx_word' id='word_1_476' title='bbox 2619 1860 2817 1915; x_wconf 85' lang='lat' dir='ltr'><strong>addicti</strong></span> <span class='ocrx_word' id='word_1_477' title='bbox 2846 1869 2996 1924; x_wconf 91' lang='lat' dir='ltr'><strong>sunt,</strong></span> <span class='ocrx_word' id='word_1_478' title='bbox 3022 1863 3168 1916; x_wconf 89' lang='lat' dir='ltr'><strong>velut</strong></span> <span class='ocrx_word' id='word_1_479' title='bbox 3189 1863 3505 1933; x_wconf 86' lang='lat' dir='ltr'><strong>imbecilles,</strong></span> <span class='ocrx_word' id='word_1_480' title='bbox 3536 1868 3736 1926; x_wconf 84' lang='lat' dir='ltr'><strong>inﬁrmi</strong></span> 
     </span>
    </p>
   </div>
   <div class='ocr_carea' id='block_1_64' title="bbox 2155 1952 3738 2021">
    <p class='ocr_par' dir='ltr' id='par_1_64' title="bbox 2155 1952 3738 2021">
     <span class='ocr_line' id='line_1_64' title="bbox 2155 1952 3738 2021; baseline 0.006 -15"><span class='ocrx_word' id='word_1_481' title='bbox 2155 1962 2283 2007; x_wconf 89' lang='lat' dir='ltr'><strong>sunt</strong></span> <span class='ocrx_word' id='word_1_482' title='bbox 2317 1960 2563 2018; x_wconf 87' lang='lat' dir='ltr'><strong>tantum;</strong></span> <span class='ocrx_word' id='word_1_483' title='bbox 2593 1952 2686 2021; x_wconf 88' lang='lat' dir='ltr'><strong>qui</strong></span> <span class='ocrx_word' id='word_1_484' title='bbox 2727 1968 2855 2007; x_wconf 86' lang='lat' dir='ltr'><strong>vero</strong></span> <span class='ocrx_word' id='word_1_485' title='bbox 2882 1969 3005 2008; x_wconf 90' lang='lat' dir='ltr'><strong>cum</strong></span> <span class='ocrx_word' id='word_1_486' title='bbox 3038 1952 3206 2008; x_wconf 90' lang='lat' dir='ltr'><strong>Deum</strong></span> <span class='ocrx_word' id='word_1_487' title='bbox 3251 1972 3435 2013; x_wconf 89' lang='lat' dir='ltr'><strong>amare</strong></span> <span class='ocrx_word' id='word_1_488' title='bbox 3476 1960 3738 2017; x_wconf 86' lang='lat' dir='ltr'><strong>deberent</strong></span> 
     </span>
    </p>
   </div>
   <div class='ocr_carea' id='block_1_65' title="bbox 2157 2045 3737 2123">
    <p class='ocr_par' dir='ltr' id='par_1_65' title="bbox 2157 2045 3737 2123">
     <span class='ocr_line' id='line_1_65' title="bbox 2157 2045 3737 2123; baseline 0.006 -25"><span class='ocrx_word' id='word_1_489' title='bbox 2157 2052 2267 2098; x_wconf 88' lang='lat' dir='ltr'><strong>toto</strong></span> <span class='ocrx_word' id='word_1_490' title='bbox 2290 2045 2492 2109; x_wconf 89' lang='lat' dir='ltr'><strong>animo,</strong></span> <span class='ocrx_word' id='word_1_491' title='bbox 2524 2055 2637 2098; x_wconf 86' lang='lat' dir='ltr'><strong>toto</strong></span> <span class='ocrx_word' id='word_1_492' title='bbox 2673 2045 2835 2099; x_wconf 90' lang='lat' dir='ltr'><strong>corde</strong></span> <span class='ocrx_word' id='word_1_493' title='bbox 2873 2056 2927 2099; x_wconf 88' lang='lat' dir='ltr'><strong>et</strong></span> <span class='ocrx_word' id='word_1_494' title='bbox 2957 2056 3065 2119; x_wconf 87' lang='lat' dir='ltr'><strong>tota</strong></span> <span class='ocrx_word' id='word_1_495' title='bbox 3096 2061 3295 2117; x_wconf 89' lang='lat' dir='ltr'><strong>mente,</strong></span> <span class='ocrx_word' id='word_1_496' title='bbox 3325 2061 3606 2119; x_wconf 76' lang='lat' dir='ltr'><strong>argentum</strong></span> <span class='ocrx_word' id='word_1_497' title='bbox 3638 2069 3737 2123; x_wconf 88' lang='lat' dir='ltr'><strong>pro</strong></span> 
     </span>
    </p>
   </div>
   <div class='ocr_carea' id='block_1_66' title="bbox 2153 2137 3730 2218">
    <p class='ocr_par' dir='ltr' id='par_1_66' title="bbox 2153 2137 3730 2218">
     <span class='ocr_line' id='line_1_66' title="bbox 2153 2137 3730 2218; baseline 0.009 -27"><span class='ocrx_word' id='word_1_498' title='bbox 2153 2151 2219 2192; x_wconf 91' lang='lat' dir='ltr'><strong>eo</strong></span> <span class='ocrx_word' id='word_1_499' title='bbox 2245 2137 2329 2192; x_wconf 91' lang='lat' dir='ltr'><strong>vel</strong></span> <span class='ocrx_word' id='word_1_500' title='bbox 2362 2138 2668 2208; x_wconf 80' lang='lat' dir='ltr'><strong>gloriolam,</strong></span> <span class='ocrx_word' id='word_1_501' title='bbox 2700 2139 2784 2194; x_wconf 83' lang='lat' dir='ltr'><strong>vel</strong></span> <span class='ocrx_word' id='word_1_502' title='bbox 2818 2140 3125 2210; x_wconf 84' lang='lat' dir='ltr'><strong>mulierem,</strong></span> <span class='ocrx_word' id='word_1_503' title='bbox 3155 2155 3243 2200; x_wconf 89' lang='lat' dir='ltr'><strong>aut</strong></span> <span class='ocrx_word' id='word_1_504' title='bbox 3281 2164 3481 2217; x_wconf 86' lang='lat' dir='ltr'><strong>pueros</strong></span> <span class='ocrx_word' id='word_1_505' title='bbox 3523 2160 3730 2218; x_wconf 86' lang='lat' dir='ltr'><strong>amant,</strong></span> 
     </span>
    </p>
   </div>
   <div class='ocr_carea' id='block_1_67' title="bbox 2154 2229 3733 2307">
    <p class='ocr_par' dir='ltr' id='par_1_67' title="bbox 2154 2229 3733 2307">
     <span class='ocr_line' id='line_1_67' title="bbox 2154 2229 3733 2307; baseline 0.011 -25"><span class='ocrx_word' id='word_1_506' title='bbox 2154 2229 2434 2299; x_wconf 88' lang='lat' dir='ltr'><strong>patiuntur</strong></span> <span class='ocrx_word' id='word_1_507' title='bbox 2460 2230 2510 2283; x_wconf 93' lang='lat' dir='ltr'><strong>hi</strong></span> <span class='ocrx_word' id='word_1_508' title='bbox 2541 2231 2747 2301; x_wconf 85' lang='lat' dir='ltr'><strong>aliquid</strong></span> <span class='ocrx_word' id='word_1_509' title='bbox 2776 2233 3092 2290; x_wconf 86' lang='lat' dir='ltr'><strong>infirmitate</strong></span> <span class='ocrx_word' id='word_1_510' title='bbox 3134 2239 3311 2307; x_wconf 85' lang='lat' dir='ltr'><strong>pejus,</strong></span> <span class='ocrx_word' id='word_1_511' title='bbox 3343 2250 3395 2295; x_wconf 89' lang='lat' dir='ltr'><strong>et</strong></span> <span class='ocrx_word' id='word_1_512' title='bbox 3436 2242 3733 2299; x_wconf 85' lang='lat' dir='ltr'><strong>imbecilles</strong></span> 
     </span>
    </p>
   </div>
   <div class='ocr_carea' id='block_1_68' title="bbox 2155 2316 3734 2393">
    <p class='ocr_par' dir='ltr' id='par_1_68' title="bbox 2155 2316 3734 2393">
     <span class='ocr_line' id='line_1_68' title="bbox 2155 2316 3734 2393; baseline 0.011 -23"><span class='ocrx_word' id='word_1_513' title='bbox 2155 2326 2300 2370; x_wconf 91' lang='lat' dir='ltr'><strong>sunt.</strong></span> <span class='ocrx_word' id='word_1_514' title='bbox 2333 2316 2615 2373; x_wconf 86' lang='lat' dir='ltr'><strong>Dormiunt</strong></span> <span class='ocrx_word' id='word_1_515' title='bbox 2661 2329 2840 2376; x_wconf 90' lang='lat' dir='ltr'><strong>autem</strong></span> <span class='ocrx_word' id='word_1_516' title='bbox 2876 2326 2965 2393; x_wconf 88' lang='lat' dir='ltr'><strong>qui</strong></span> <span class='ocrx_word' id='word_1_517' title='bbox 3003 2342 3126 2380; x_wconf 86' lang='lat' dir='ltr'><strong>cunt</strong></span> <span class='ocrx_word' id='word_1_518' title='bbox 3161 2327 3393 2384; x_wconf 79' lang='lat' dir='ltr'><strong>debeant</strong></span> <span class='ocrx_word' id='word_1_519' title='bbox 3422 2331 3606 2386; x_wconf 76' lang='lat' dir='ltr'><strong>mino</strong></span> <span class='ocrx_word' id='word_1_520' title='bbox 3650 2345 3734 2387; x_wconf 89' lang='lat' dir='ltr'><strong>at-</strong></span> 
     </span>
    </p>
   </div>
   <div class='ocr_carea' id='block_1_69' title="bbox 2158 2407 3733 2493">
    <p class='ocr_par' dir='ltr' id='par_1_69' title="bbox 2158 2407 3733 2493">
     <span class='ocr_line' id='line_1_69' title="bbox 2158 2407 3733 2493; baseline 0.013 -35"><span class='ocrx_word' id='word_1_521' title='bbox 2158 2407 2375 2461; x_wconf 88' lang='lat' dir='ltr'><strong>tendere</strong></span> <span class='ocrx_word' id='word_1_522' title='bbox 2403 2416 2455 2462; x_wconf 88' lang='lat' dir='ltr'><strong>et</strong></span> <span class='ocrx_word' id='word_1_523' title='bbox 2482 2410 2724 2479; x_wconf 70' lang='lat' dir='ltr'><strong>vigilare,</strong></span> <span class='ocrx_word' id='word_1_524' title='bbox 2762 2413 2811 2467; x_wconf 89' lang='lat' dir='ltr'><strong>id</strong></span> <span class='ocrx_word' id='word_1_525' title='bbox 2841 2416 3059 2485; x_wconf 89' lang='lat' dir='ltr'><strong>quidem</strong></span> <span class='ocrx_word' id='word_1_526' title='bbox 3093 2434 3198 2470; x_wconf 85' lang='lat' dir='ltr'><strong>non</strong></span> <span class='ocrx_word' id='word_1_527' title='bbox 3236 2418 3464 2486; x_wconf 83' lang='lat' dir='ltr'><strong>faciunt,</strong></span> <span class='ocrx_word' id='word_1_528' title='bbox 3503 2423 3594 2477; x_wconf 84' lang='lat' dir='ltr'><strong>sed</strong></span> <span class='ocrx_word' id='word_1_529' title='bbox 3620 2440 3733 2493; x_wconf 78' lang='lat' dir='ltr'><strong>prte</strong></span> 
     </span>
    </p>
   </div>
   <div class='ocr_carea' id='block_1_70' title="bbox 2154 2497 3732 2582">
    <p class='ocr_par' dir='ltr' id='par_1_70' title="bbox 2154 2497 3732 2582">
     <span class='ocr_line' id='line_1_70' title="bbox 2154 2497 3732 2582; baseline 0.013 -32"><span class='ocrx_word' id='word_1_530' title='bbox 2154 2497 2319 2553; x_wconf 88' lang='lat' dir='ltr'><strong>nimia</strong></span> <span class='ocrx_word' id='word_1_531' title='bbox 2366 2502 2594 2571; x_wconf 77' lang='lat' dir='ltr'><strong>segnitie</strong></span> <span class='ocrx_word' id='word_1_532' title='bbox 2628 2505 2902 2560; x_wconf 88' lang='lat' dir='ltr'><strong>voluntate</strong></span> <span class='ocrx_word' id='word_1_533' title='bbox 2947 2517 3160 2574; x_wconf 87' lang='lat' dir='ltr'><strong>nutant,</strong></span> <span class='ocrx_word' id='word_1_534' title='bbox 3207 2519 3261 2563; x_wconf 90' lang='lat' dir='ltr'><strong>et</strong></span> <span class='ocrx_word' id='word_1_535' title='bbox 3312 2513 3732 2582; x_wconf 76' lang='lat' dir='ltr'><strong>cogitationibus</strong></span> 
     </span>
    </p>
   </div>
   <div class='ocr_carea' id='block_1_71' title="bbox 2152 2588 3731 2672">
    <p class='ocr_par' dir='ltr' id='par_1_71' title="bbox 2152 2588 3731 2672">
     <span class='ocr_line' id='line_1_71' title="bbox 2152 2588 3731 2672; baseline 0.011 -30"><span class='ocrx_word' id='word_1_536' title='bbox 2152 2588 2443 2646; x_wconf 88' lang='lat' dir='ltr'><strong>dormitant</strong></span> <span class='ocrx_word' id='word_1_537' title='bbox 2481 2611 2494 2646; x_wconf 89' lang='lat'><strong>:</strong></span> <span class='ocrx_word' id='word_1_538' title='bbox 2532 2595 2624 2663; x_wconf 85' lang='lat' dir='ltr'><strong>qui</strong></span> <span class='ocrx_word' id='word_1_539' title='bbox 2675 2597 3012 2652; x_wconf 88' lang='lat' dir='ltr'><strong>somniantes</strong></span> <span class='ocrx_word' id='word_1_540' title='bbox 3066 2615 3284 2654; x_wconf 82' lang='lat' dir='ltr'><strong>carnem</strong></span> <span class='ocrx_word' id='word_1_541' title='bbox 3334 2604 3620 2672; x_wconf 87' lang='lat' dir='ltr'><strong>polluunt;</strong></span> <span class='ocrx_word' id='word_1_542' title='bbox 3676 2606 3731 2660; x_wconf 90' lang='lat' dir='ltr'><strong>id</strong></span> 
     </span>
    </p>
   </div>
   <div class='ocr_carea' id='block_1_72' title="bbox 2152 2683 3729 2766">
    <p class='ocr_par' dir='ltr' id='par_1_72' title="bbox 2152 2683 3729 2766">
     <span class='ocr_line' id='line_1_72' title="bbox 2152 2683 3729 2766; baseline 0.011 -32"><span class='ocrx_word' id='word_1_543' title='bbox 2152 2696 2281 2736; x_wconf 89' lang='lat' dir='ltr'><strong>vero</strong></span> <span class='ocrx_word' id='word_1_544' title='bbox 2305 2683 2450 2752; x_wconf 88' lang='lat' dir='ltr'><strong>quod</strong></span> <span class='ocrx_word' id='word_1_545' title='bbox 2482 2686 2776 2750; x_wconf 76' lang='lat' dir='ltr'><strong>maximam</strong></span> <span class='ocrx_word' id='word_1_546' title='bbox 2808 2688 2969 2743; x_wconf 80' lang='lat' dir='ltr'><strong>habet</strong></span> <span class='ocrx_word' id='word_1_547' title='bbox 2990 2692 3369 2747; x_wconf 80' lang='lat' dir='ltr'><strong>auctoritatem</strong></span> <span class='ocrx_word' id='word_1_548' title='bbox 3400 2693 3729 2766; x_wconf 86' lang='lat' dir='ltr'><strong>improbant,</strong></span> 
     </span>
    </p>
   </div>
   <div class='ocr_carea' id='block_1_73' title="bbox 2150 2772 3730 2856">
    <p class='ocr_par' dir='ltr' id='par_1_73' title="bbox 2150 2772 3730 2856">
     <span class='ocr_line' id='line_1_73' title="bbox 2150 2772 3730 2856; baseline 0.01 -29"><span class='ocrx_word' id='word_1_549' title='bbox 2150 2779 2204 2827; x_wconf 89' lang='lat' dir='ltr'><strong>et</strong></span> <span class='ocrx_word' id='word_1_550' title='bbox 2241 2772 2467 2842; x_wconf 79' lang='lat' dir='ltr'><strong>gloriam</strong></span> <span class='ocrx_word' id='word_1_551' title='bbox 2511 2776 2729 2844; x_wconf 83' lang='lat' dir='ltr'><strong>probris</strong></span> <span class='ocrx_word' id='word_1_552' title='bbox 2763 2778 3066 2833; x_wconf 89' lang='lat' dir='ltr'><strong>incessunt.</strong></span> <span class='ocrx_word' id='word_1_553' title='bbox 3106 2779 3170 2835; x_wconf 85' lang='lat' dir='ltr'><strong>Hi</strong></span> <span class='ocrx_word' id='word_1_554' title='bbox 3202 2783 3419 2852; x_wconf 88' lang='lat' dir='ltr'><strong>quidem</strong></span> <span class='ocrx_word' id='word_1_555' title='bbox 3444 2796 3730 2856; x_wconf 83' lang='lat' dir='ltr'><strong>propterea</strong></span> 
     </span>
    </p>
   </div>
   <div class='ocr_carea' id='block_1_74' title="bbox 2150 2863 3732 2947">
    <p class='ocr_par' dir='ltr' id='par_1_74' title="bbox 2150 2863 3732 2947">
     <span class='ocr_line' id='line_1_74' title="bbox 2150 2863 3732 2947; baseline 0.01 -30"><span class='ocrx_word' id='word_1_556' title='bbox 2150 2863 2298 2934; x_wconf 89' lang='lat' dir='ltr'><strong>quod</strong></span> <span class='ocrx_word' id='word_1_557' title='bbox 2324 2864 2623 2931; x_wconf 88' lang='lat' dir='ltr'><strong>dormiunt,</strong></span> <span class='ocrx_word' id='word_1_558' title='bbox 2661 2884 2830 2923; x_wconf 85' lang='lat' dir='ltr'><strong>vanas</strong></span> <span class='ocrx_word' id='word_1_559' title='bbox 2859 2869 3061 2924; x_wconf 86' lang='lat' dir='ltr'><strong>habent</strong></span> <span class='ocrx_word' id='word_1_560' title='bbox 3092 2887 3277 2926; x_wconf 74' lang='lat' dir='ltr'><strong>rerum</strong></span> <span class='ocrx_word' id='word_1_561' title='bbox 3317 2874 3732 2947; x_wconf 80' lang='lat' dir='ltr'><strong>imaginationcs</strong></span> 
     </span>
    </p>
   </div>
   <div class='ocr_carea' id='block_1_75' title="bbox 2151 2956 3729 3033">
    <p class='ocr_par' dir='ltr' id='par_1_75' title="bbox 2151 2956 3729 3033">
     <span class='ocr_line' id='line_1_75' title="bbox 2151 2956 3729 3033; baseline 0.01 -23"><span class='ocrx_word' id='word_1_562' title='bbox 2151 2956 2383 3010; x_wconf 90' lang='lat' dir='ltr'><strong>somniis</strong></span> <span class='ocrx_word' id='word_1_563' title='bbox 2437 2972 2697 3026; x_wconf 87' lang='lat' dir='ltr'><strong>perquam</strong></span> <span class='ocrx_word' id='word_1_564' title='bbox 2744 2960 2972 3026; x_wconf 87' lang='lat' dir='ltr'><strong>similes,</strong></span> <span class='ocrx_word' id='word_1_565' title='bbox 3024 2977 3149 3016; x_wconf 90' lang='lat' dir='ltr'><strong>vera</strong></span> <span class='ocrx_word' id='word_1_566' title='bbox 3190 2965 3408 3033; x_wconf 79' lang='lat' dir='ltr'><strong>quidem</strong></span> <span class='ocrx_word' id='word_1_567' title='bbox 3452 2967 3567 3020; x_wconf 82' lang='lat' dir='ltr'><strong>visa</strong></span> <span class='ocrx_word' id='word_1_568' title='bbox 3621 2984 3729 3026; x_wconf 89' lang='lat' dir='ltr'><strong>non</strong></span> 
     </span>
    </p>
   </div>
   <div class='ocr_carea' id='block_1_76' title="bbox 2149 3047 3733 3121">
    <p class='ocr_par' dir='ltr' id='par_1_76' title="bbox 2149 3047 3733 3121">
     <span class='ocr_line' id='line_1_76' title="bbox 2149 3047 3733 3121; baseline 0.01 -21"><span class='ocrx_word' id='word_1_569' title='bbox 2149 3047 2521 3113; x_wconf 85' lang='lat' dir='ltr'><strong>admittentes,</strong></span> <span class='ocrx_word' id='word_1_570' title='bbox 2569 3050 2825 3104; x_wconf 69' lang='lat' dir='ltr'><strong>inaniltus</strong></span> <span class='ocrx_word' id='word_1_571' title='bbox 2876 3062 3056 3106; x_wconf 89' lang='lat' dir='ltr'><strong>autem</strong></span> <span class='ocrx_word' id='word_1_572' title='bbox 3104 3055 3585 3121; x_wconf 73' lang='lat' dir='ltr'><strong>imaginationibus</strong></span> <span class='ocrx_word' id='word_1_573' title='bbox 3634 3059 3733 3116; x_wconf 84' lang='lat' dir='ltr'><strong>de-</strong></span> 
     </span>
    </p>
   </div>
   <div class='ocr_carea' id='block_1_77' title="bbox 2150 3139 3733 3210">
    <p class='ocr_par' dir='ltr' id='par_1_77' title="bbox 2150 3139 3733 3210">
     <span class='ocr_line' id='line_1_77' title="bbox 2150 3139 3733 3210; baseline 0.007 -16"><span class='ocrx_word' id='word_1_574' title='bbox 2150 3140 2290 3210; x_wconf 88' lang='lat' dir='ltr'><strong>cepti</strong></span> <span class='ocrx_word' id='word_1_575' title='bbox 2326 3139 2429 3193; x_wconf 88' lang='lat' dir='ltr'><strong>:de</strong></span> <span class='ocrx_word' id='word_1_576' title='bbox 2454 3140 2654 3210; x_wconf 91' lang='lat' dir='ltr'><strong>quibus</strong></span> <span class='ocrx_word' id='word_1_577' title='bbox 2684 3152 2738 3196; x_wconf 89' lang='lat' dir='ltr'><strong>et</strong></span> <span class='ocrx_word' id='word_1_578' title='bbox 2768 3142 2820 3196; x_wconf 90' lang='lat' dir='ltr'><strong>id</strong></span> <span class='ocrx_word' id='word_1_579' title='bbox 2848 3143 3047 3199; x_wconf 87' lang='lat' dir='ltr'><strong>dicitur</strong></span> <span class='ocrx_word' id='word_1_580' title='bbox 3080 3145 3134 3199; x_wconf 90' lang='lat' dir='ltr'><strong>in</strong></span> <span class='ocrx_word' id='word_1_581' title='bbox 3159 3143 3298 3200; x_wconf 82' lang='lat' dir='ltr'><strong>lsaia</strong></span> <span class='ocrx_word' id='word_1_582' title='bbox 3319 3147 3364 3179; x_wconf 80' lang='lat'><strong><em>°°</em></strong></span> <span class='ocrx_word' id='word_1_583' title='bbox 3398 3165 3413 3201; x_wconf 88' lang='lat'><strong>:</strong></span> <span class='ocrx_word' id='word_1_584' title='bbox 3450 3167 3468 3200; x_wconf 78' lang='grc' dir='ltr'><strong>ι</strong></span> <span class='ocrx_word' id='word_1_585' title='bbox 3498 3146 3566 3204; x_wconf 82' lang='grc' dir='ltr'><strong>Ει</strong></span> <span class='ocrx_word' id='word_1_586' title='bbox 3589 3150 3733 3206; x_wconf 86' lang='lat' dir='ltr'><strong>sicut</strong></span> 
     </span>
    </p>
   </div>
   <div class='ocr_carea' id='block_1_78' title="bbox 2145 3232 3725 3313">
    <p class='ocr_par' dir='ltr' id='par_1_78' title="bbox 2145 3232 3725 3313">
     <span class='ocr_line' id='line_1_78' title="bbox 2145 3232 3725 3313; baseline 0.008 -26"><span class='ocrx_word' id='word_1_587' title='bbox 2145 3232 2383 3287; x_wconf 87' lang='lat' dir='ltr'><strong>somniat</strong></span> <span class='ocrx_word' id='word_1_588' title='bbox 2415 3233 2626 3301; x_wconf 89' lang='lat' dir='ltr'><strong>sitiens,</strong></span> <span class='ocrx_word' id='word_1_589' title='bbox 2653 3243 2707 3288; x_wconf 92' lang='lat' dir='ltr'><strong>et</strong></span> <span class='ocrx_word' id='word_1_590' title='bbox 2735 3234 2890 3301; x_wconf 91' lang='lat' dir='ltr'><strong>bibit,</strong></span> <span class='ocrx_word' id='word_1_591' title='bbox 2916 3246 2968 3290; x_wconf 92' lang='lat' dir='ltr'><strong>ct</strong></span> <span class='ocrx_word' id='word_1_592' title='bbox 3001 3246 3289 3308; x_wconf 85' lang='lat' dir='ltr'><strong>postquam</strong></span> <span class='ocrx_word' id='word_1_593' title='bbox 3322 3238 3486 3296; x_wconf 82' lang='lat' dir='ltr'><strong>fuerit</strong></span> <span class='ocrx_word' id='word_1_594' title='bbox 3529 3256 3725 3313; x_wconf 83' lang='lat' dir='ltr'><strong>exper-</strong></span> 
     </span>
    </p>
   </div>
   <div class='ocr_carea' id='block_1_79' title="bbox 2142 3323 3732 3402">
    <p class='ocr_par' dir='ltr' id='par_1_79' title="bbox 2142 3323 3732 3402">
     <span class='ocr_line' id='line_1_79' title="bbox 2142 3323 3732 3402; baseline 0.005 -23"><span class='ocrx_word' id='word_1_595' title='bbox 2142 3323 2407 3397; x_wconf 78' lang='lat' dir='ltr'><strong>gefactus,</strong></span> <span class='ocrx_word' id='word_1_596' title='bbox 2444 3324 2625 3380; x_wconf 88' lang='lat' dir='ltr'><strong>adhuc</strong></span> <span class='ocrx_word' id='word_1_597' title='bbox 2657 3326 2794 3388; x_wconf 86' lang='lat' dir='ltr'><strong>sitit,</strong></span> <span class='ocrx_word' id='word_1_598' title='bbox 2837 3337 2890 3382; x_wconf 90' lang='lat' dir='ltr'><strong>et</strong></span> <span class='ocrx_word' id='word_1_599' title='bbox 2924 3327 3105 3383; x_wconf 87' lang='lat' dir='ltr'><strong>anima</strong></span> <span class='ocrx_word' id='word_1_600' title='bbox 3153 3329 3271 3399; x_wconf 80' lang='lat' dir='ltr'><strong>ejus</strong></span> <span class='ocrx_word' id='word_1_601' title='bbox 3312 3328 3510 3386; x_wconf 82' lang='lat' dir='ltr'><strong>frustra</strong></span> <span class='ocrx_word' id='word_1_602' title='bbox 3545 3346 3732 3402; x_wconf 81' lang='lat' dir='ltr'><strong>spera-</strong></span> 
     </span>
    </p>
   </div>
   <div class='ocr_carea' id='block_1_80' title="bbox 2142 3415 3728 3493">
    <p class='ocr_par' dir='ltr' id='par_1_80' title="bbox 2142 3415 3728 3493">
     <span class='ocr_line' id='line_1_80' title="bbox 2142 3415 3728 3493; baseline 0.006 -24"><span class='ocrx_word' id='word_1_603' title='bbox 2142 3416 2248 3482; x_wconf 88' lang='lat' dir='ltr'><strong>vit;</strong></span> <span class='ocrx_word' id='word_1_604' title='bbox 2281 3415 2361 3472; x_wconf 90' lang='lat' dir='ltr'><strong>sic</strong></span> <span class='ocrx_word' id='word_1_605' title='bbox 2395 3423 2557 3471; x_wconf 90' lang='lat' dir='ltr'><strong>erunt</strong></span> <span class='ocrx_word' id='word_1_606' title='bbox 2586 3416 2790 3473; x_wconf 66' lang='lat' dir='ltr'><strong>divitia:</strong></span> <span class='ocrx_word' id='word_1_607' title='bbox 2818 3420 3063 3473; x_wconf 91' lang='lat' dir='ltr'><strong>omnium</strong></span> <span class='ocrx_word' id='word_1_608' title='bbox 3090 3422 3356 3490; x_wconf 82' lang='lat' dir='ltr'><strong>gentium,</strong></span> <span class='ocrx_word' id='word_1_609' title='bbox 3386 3437 3728 3493; x_wconf 77' lang='lat' dir='ltr'><strong>quaecunque</strong></span> 
     </span>
    </p>
   </div>
   <div class='ocr_carea' id='block_1_81' title="bbox 2146 3506 3731 3583">
    <p class='ocr_par' dir='ltr' id='par_1_81' title="bbox 2146 3506 3731 3583">
     <span class='ocr_line' id='line_1_81' title="bbox 2146 3506 3731 3583; baseline 0.007 -24"><span class='ocrx_word' id='word_1_610' title='bbox 2146 3506 2516 3562; x_wconf 88' lang='lat' dir='ltr'><strong>militaverunt</strong></span> <span class='ocrx_word' id='word_1_611' title='bbox 2561 3507 2615 3562; x_wconf 93' lang='lat' dir='ltr'><strong>in</strong></span> <span class='ocrx_word' id='word_1_612' title='bbox 2649 3507 2971 3564; x_wconf 81' lang='lat' dir='ltr'><strong>Jerusalem.</strong></span> <span class='ocrx_word' id='word_1_613' title='bbox 3016 3530 3036 3563; x_wconf 72' lang='grc' dir='ltr'><strong>ι</strong></span> <span class='ocrx_word' id='word_1_614' title='bbox 3080 3509 3195 3567; x_wconf 90' lang='lat' dir='ltr'><strong>Etsi</strong></span> <span class='ocrx_word' id='word_1_615' title='bbox 3226 3528 3356 3582; x_wconf 81' lang='lat' dir='ltr'><strong>ergo</strong></span> <span class='ocrx_word' id='word_1_616' title='bbox 3396 3513 3731 3583; x_wconf 78' lang='lat' dir='ltr'><strong>explicantes</strong></span> 
     </span>
    </p>
   </div>
   <div class='ocr_carea' id='block_1_82' title="bbox 2141 3596 3728 3663">
    <p class='ocr_par' dir='ltr' id='par_1_82' title="bbox 2141 3596 3728 3663">
     <span class='ocr_line' id='line_1_82' title="bbox 2141 3596 3728 3663; baseline 0.004 -12"><span class='ocrx_word' id='word_1_617' title='bbox 2141 3596 2499 3653; x_wconf 73' lang='lat' dir='ltr'><strong>differentiam</strong></span> <span class='ocrx_word' id='word_1_618' title='bbox 2541 3598 2908 3663; x_wconf 88' lang='lat' dir='ltr'><strong>inﬁrmorum,</strong></span> <span class='ocrx_word' id='word_1_619' title='bbox 2934 3599 3335 3655; x_wconf 82' lang='lat' dir='ltr'><strong>imbecillorum</strong></span> <span class='ocrx_word' id='word_1_620' title='bbox 3365 3611 3418 3655; x_wconf 89' lang='lat' dir='ltr'><strong>et</strong></span> <span class='ocrx_word' id='word_1_621' title='bbox 3448 3603 3728 3658; x_wconf 83' lang='lat' dir='ltr'><strong>dormien—</strong></span> 
     </span>
    </p>
   </div>
   <div class='ocr_carea' id='block_1_83' title="bbox 2143 3686 3727 3759">
    <p class='ocr_par' dir='ltr' id='par_1_83' title="bbox 2143 3686 3727 3759">
     <span class='ocr_line' id='line_1_83' title="bbox 2143 3686 3727 3759; baseline 0.006 -19"><span class='ocrx_word' id='word_1_622' title='bbox 2143 3686 2606 3750; x_wconf 82' lang='lat' dir='ltr'><strong>tium,divertisse</strong></span> <span class='ocrx_word' id='word_1_623' title='bbox 2648 3688 2948 3755; x_wconf 87' lang='lat' dir='ltr'><strong>videamur,</strong></span> <span class='ocrx_word' id='word_1_624' title='bbox 2982 3690 3102 3743; x_wconf 88' lang='lat' dir='ltr'><strong>ideo</strong></span> <span class='ocrx_word' id='word_1_625' title='bbox 3139 3691 3532 3759; x_wconf 80' lang='lat' dir='ltr'><strong>digressionem</strong></span> <span class='ocrx_word' id='word_1_626' title='bbox 3582 3692 3727 3750; x_wconf 85' lang='lat' dir='ltr'><strong>hanc</strong></span> 
     </span>
    </p>
   </div>
   <div class='ocr_carea' id='block_1_84' title="bbox 2142 3775 3728 3850">
    <p class='ocr_par' dir='ltr' id='par_1_84' title="bbox 2142 3775 3728 3850">
     <span class='ocr_line' id='line_1_84' title="bbox 2142 3775 3728 3850; baseline 0.006 -20"><span class='ocrx_word' id='word_1_627' title='bbox 2142 3775 2390 3843; x_wconf 84' lang='lat' dir='ltr'><strong>fecimus,</strong></span> <span class='ocrx_word' id='word_1_628' title='bbox 2419 3777 2565 3847; x_wconf 91' lang='lat' dir='ltr'><strong>quod</strong></span> <span class='ocrx_word' id='word_1_629' title='bbox 2621 3792 2682 3831; x_wconf 90' lang='lat' dir='ltr'><strong>ea</strong></span> <span class='ocrx_word' id='word_1_630' title='bbox 2716 3778 2916 3833; x_wconf 79' lang='lat' dir='ltr'><strong>dixerit</strong></span> <span class='ocrx_word' id='word_1_631' title='bbox 2959 3780 3254 3848; x_wconf 86' lang='lat' dir='ltr'><strong>Apostolus</strong></span> <span class='ocrx_word' id='word_1_632' title='bbox 3292 3781 3345 3833; x_wconf 92' lang='lat' dir='ltr'><strong>in</strong></span> <span class='ocrx_word' id='word_1_633' title='bbox 3376 3780 3618 3850; x_wconf 88' lang='lat' dir='ltr'><strong>Epistola</strong></span> <span class='ocrx_word' id='word_1_634' title='bbox 3658 3784 3728 3839; x_wconf 88' lang='lat' dir='ltr'><strong>ad</strong></span> 
     </span>
    </p>
   </div>
   <div class='ocr_carea' id='block_1_85' title="bbox 2141 3867 3727 3939">
    <p class='ocr_par' dir='ltr' id='par_1_85' title="bbox 2141 3867 3727 3939">
     <span class='ocr_line' id='line_1_85' title="bbox 2141 3867 3727 3939; baseline 0.005 -15"><span class='ocrx_word' id='word_1_635' title='bbox 2141 3869 2477 3934; x_wconf 87' lang='lat' dir='ltr'><strong>Corinthios,</strong></span> <span class='ocrx_word' id='word_1_636' title='bbox 2539 3886 2661 3939; x_wconf 76' lang='lat' dir='ltr'><strong>qua:</strong></span> <span class='ocrx_word' id='word_1_637' title='bbox 2715 3871 3096 3938; x_wconf 83' lang='lat' dir='ltr'><strong>exposuimus,</strong></span> <span class='ocrx_word' id='word_1_638' title='bbox 3150 3867 3393 3927; x_wconf 71' lang='lat' dir='ltr'><strong>volente&#39;s</strong></span> <span class='ocrx_word' id='word_1_639' title='bbox 3439 3876 3727 3932; x_wconf 88' lang='lat' dir='ltr'><strong>ostendere</strong></span> 
     </span>
    </p>
   </div>
   <div class='ocr_carea' id='block_1_86' title="bbox 2141 3962 3729 4034">
    <p class='ocr_par' dir='ltr' id='par_1_86' title="bbox 2141 3962 3729 4034">
     <span class='ocr_line' id='line_1_86' title="bbox 2141 3962 3729 4034; baseline 0.003 -18"><span class='ocrx_word' id='word_1_640' title='bbox 2141 3963 2272 4033; x_wconf 89' lang='lat' dir='ltr'><strong>quid</strong></span> <span class='ocrx_word' id='word_1_641' title='bbox 2326 3962 2413 4017; x_wconf 92' lang='lat' dir='ltr'><strong>his</strong></span> <span class='ocrx_word' id='word_1_642' title='bbox 2452 3963 2633 4017; x_wconf 85' lang='lat' dir='ltr'><strong>verbis</strong></span> <span class='ocrx_word' id='word_1_643' title='bbox 2665 3962 3075 4033; x_wconf 81' lang='lat' dir='ltr'><strong>intelligendum</strong></span> <span class='ocrx_word' id='word_1_644' title='bbox 3113 3963 3515 4034; x_wconf 72' lang='lat' dir='ltr'><strong>significetur&quot;</strong></span> <span class='ocrx_word' id='word_1_645' title='bbox 3549 3983 3563 4020; x_wconf 92' lang='lat'><strong>:</strong></span> <span class='ocrx_word' id='word_1_646' title='bbox 3605 3985 3625 4019; x_wconf 71' lang='grc' dir='ltr'><strong>ι</strong></span> <span class='ocrx_word' id='word_1_647' title='bbox 3664 3965 3729 4022; x_wconf 79' lang='lat' dir='ltr'><strong>Et</strong></span> 
     </span>
    </p>
   </div>
   <div class='ocr_carea' id='block_1_87' title="bbox 2140 4053 2959 4126">
    <p class='ocr_par' dir='ltr' id='par_1_87' title="bbox 2140 4053 2959 4126">
     <span class='ocr_line' id='line_1_87' title="bbox 2140 4053 2959 4126; baseline -0.002 -18"><span class='ocrx_word' id='word_1_648' title='bbox 2140 4053 2351 4109; x_wconf 88' lang='lat' dir='ltr'><strong>curavit</strong></span> <span class='ocrx_word' id='word_1_649' title='bbox 2371 4053 2661 4126; x_wconf 74' lang='lat' dir='ltr'><strong>languidos</strong></span> <span class='ocrx_word' id='word_1_650' title='bbox 2690 4069 2901 4111; x_wconf 88' lang='lat' dir='ltr'><strong>eorum.</strong></span> <span class='ocrx_word' id='word_1_651' title='bbox 2940 4072 2959 4106; x_wconf 73' lang='grc' dir='ltr'><strong>ι</strong></span> 
     </span>
    </p>
   </div>
   <div class='ocr_carea' id='block_1_88' title="bbox 2213 4339 3721 4400">
    <p class='ocr_par' dir='ltr' id='par_1_88' title="bbox 2213 4339 3721 4400">
     <span class='ocr_line' id='line_1_88' title="bbox 2213 4339 3721 4400; baseline 0.003 -4"><span class='ocrx_word' id='word_1_652' title='bbox 2213 4341 2306 4397; x_wconf 72' lang='lat'><strong>25.</strong></span> <span class='ocrx_word' id='word_1_653' title='bbox 2366 4339 2562 4397; x_wconf 83' lang='lat' dir='ltr'><strong>Postea</strong></span> <span class='ocrx_word' id='word_1_654' title='bbox 2620 4341 2702 4397; x_wconf 89' lang='lat' dir='ltr'><strong>sic</strong></span> <span class='ocrx_word' id='word_1_655' title='bbox 2768 4340 2930 4396; x_wconf 87' lang='lat' dir='ltr'><strong>habet</strong></span> <span class='ocrx_word' id='word_1_656' title='bbox 2973 4342 3247 4397; x_wconf 89' lang='lat' dir='ltr'><strong>sermonis</strong></span> <span class='ocrx_word' id='word_1_657' title='bbox 3295 4350 3581 4399; x_wconf 79' lang='lat' dir='ltr'><strong>contextus</strong></span> <span class='ocrx_word' id='word_1_658' title='bbox 3621 4345 3666 4377; x_wconf 79' lang='grc'>⁸⁸</span> <span class='ocrx_word' id='word_1_659' title='bbox 3705 4361 3721 4400; x_wconf 88' lang='lat'><strong>:</strong></span> 
     </span>
    </p>
   </div>
   <div class='ocr_carea' id='block_1_89' title="bbox 2146 4431 3724 4504">
    <p class='ocr_par' dir='ltr' id='par_1_89' title="bbox 2146 4431 3724 4504">
     <span class='ocr_line' id='line_1_89' title="bbox 2146 4431 3724 4504; baseline 0.004 -18"><span class='ocrx_word' id='word_1_660' title='bbox 2146 4451 2167 4486; x_wconf 74' lang='grc' dir='ltr'><strong>ι</strong></span> <span class='ocrx_word' id='word_1_661' title='bbox 2208 4431 2443 4504; x_wconf 86' lang='lat' dir='ltr'><strong>Vespere</strong></span> <span class='ocrx_word' id='word_1_662' title='bbox 2473 4443 2653 4488; x_wconf 87' lang='lat' dir='ltr'><strong>autem</strong></span> <span class='ocrx_word' id='word_1_663' title='bbox 2688 4432 2854 4499; x_wconf 89' lang='lat' dir='ltr'><strong>facto,</strong></span> <span class='ocrx_word' id='word_1_664' title='bbox 2896 4442 3247 4488; x_wconf 88' lang='lat' dir='ltr'><strong>accesserunt</strong></span> <span class='ocrx_word' id='word_1_665' title='bbox 3287 4435 3355 4490; x_wconf 90' lang='lat' dir='ltr'><strong>ad</strong></span> <span class='ocrx_word' id='word_1_666' title='bbox 3395 4453 3520 4490; x_wconf 89' lang='lat' dir='ltr'><strong>eum</strong></span> <span class='ocrx_word' id='word_1_667' title='bbox 3552 4437 3724 4493; x_wconf 89' lang='lat' dir='ltr'><strong>disci-</strong></span> 
     </span>
    </p>
   </div>
   <div class='ocr_carea' id='block_1_90' title="bbox 457 4525 2047 4607">
    <p class='ocr_par' dir='ltr' id='par_1_90' title="bbox 457 4532 2040 4607">
     <span class='ocr_line' id='line_1_90' title="bbox 457 4532 2040 4607; baseline 0 -20"><span class='ocrx_word' id='word_1_668' title='bbox 457 4533 606 4589; x_wconf 80' lang='grc' dir='ltr'>ἐστιν</span> <span class='ocrx_word' id='word_1_669' title='bbox 633 4538 662 4589; x_wconf 82' lang='grc' dir='ltr'><strong>ὁ</strong></span> <span class='ocrx_word' id='word_1_670' title='bbox 696 4535 882 4600; x_wconf 84' lang='grc' dir='ltr'>τόπος,</span> <span class='ocrx_word' id='word_1_671' title='bbox 921 4536 1018 4590; x_wconf 77' lang='grc' dir='ltr'>καὶ</span> <span class='ocrx_word' id='word_1_672' title='bbox 1063 4536 1097 4607; x_wconf 83' lang='grc' dir='ltr'><strong>ἡ</strong></span> <span class='ocrx_word' id='word_1_673' title='bbox 1136 4533 1257 4607; x_wconf 80' lang='grc' dir='ltr'>ὥρα</span> <span class='ocrx_word' id='word_1_674' title='bbox 1299 4532 1575 4606; x_wconf 86' lang='grc' dir='ltr'>παρῆλθεν</span> <span class='ocrx_word' id='word_1_675' title='bbox 1613 4534 1734 4606; x_wconf 70' lang='grc' dir='ltr'>ἤδη·</span> <span class='ocrx_word' id='word_1_676' title='bbox 1770 4533 2040 4587; x_wconf 88' lang='grc' dir='ltr'>ἀπόλυσον</span> 
     </span>
    </p>
   </div>
   <div class='ocr_carea' id='block_1_91' title="bbox 2150 4525 3722 4607">
    <p class='ocr_par' dir='ltr' id='par_1_91' title="bbox 2150 4525 3722 4600">
     <span class='ocr_line' id='line_1_91' title="bbox 2150 4525 3722 4600; baseline 0.002 -18"><span class='ocrx_word' id='word_1_677' title='bbox 2150 4528 2255 4600; x_wconf 88' lang='lat' dir='ltr'><strong>puli</strong></span> <span class='ocrx_word' id='word_1_678' title='bbox 2285 4527 2404 4598; x_wconf 84' lang='lat' dir='ltr'><strong>ejus</strong></span> <span class='ocrx_word' id='word_1_679' title='bbox 2433 4527 2676 4582; x_wconf 89' lang='lat' dir='ltr'><strong>dicentes</strong></span> <span class='ocrx_word' id='word_1_680' title='bbox 2703 4545 2717 4581; x_wconf 94' lang='lat'>:</span> <span class='ocrx_word' id='word_1_681' title='bbox 2753 4525 3008 4584; x_wconf 86' lang='lat' dir='ltr'><strong>Desertus</strong></span> <span class='ocrx_word' id='word_1_682' title='bbox 3042 4534 3125 4583; x_wconf 85' lang='lat' dir='ltr'><strong>est</strong></span> <span class='ocrx_word' id='word_1_683' title='bbox 3157 4527 3337 4594; x_wconf 82' lang='lat' dir='ltr'><strong>locus,</strong></span> <span class='ocrx_word' id='word_1_684' title='bbox 3373 4537 3426 4583; x_wconf 91' lang='lat' dir='ltr'><strong>et</strong></span> <span class='ocrx_word' id='word_1_685' title='bbox 3454 4530 3587 4585; x_wconf 88' lang='lat' dir='ltr'><strong>hora</strong></span> <span class='ocrx_word' id='word_1_686' title='bbox 3612 4530 3722 4600; x_wconf 81' lang='lat' dir='ltr'><strong>jam</strong></span> 
     </span>
    </p>
   </div>
   <div class='ocr_carea' id='block_1_92' title="bbox 459 4619 2040 4699">
    <p class='ocr_par' dir='ltr' id='par_1_92' title="bbox 459 4619 2040 4699">
     <span class='ocr_line' id='line_1_92' title="bbox 459 4619 2040 4699; baseline 0 -21"><span class='ocrx_word' id='word_1_687' title='bbox 459 4619 551 4681; x_wconf 76' lang='grc' dir='ltr'><strong>οὖν</strong></span> <span class='ocrx_word' id='word_1_688' title='bbox 582 4628 707 4691; x_wconf 80' lang='grc' dir='ltr'>τοὺς</span> <span class='ocrx_word' id='word_1_689' title='bbox 726 4626 936 4699; x_wconf 73' lang='grc' dir='ltr'>ὄχλους,</span> <span class='ocrx_word' id='word_1_690' title='bbox 966 4627 1072 4691; x_wconf 83' lang='grc' dir='ltr'>ἵνα,</span> <span class='ocrx_word' id='word_1_691' title='bbox 1099 4625 1422 4690; x_wconf 83' lang='grc' dir='ltr'>ἀπελθόντες</span> <span class='ocrx_word' id='word_1_692' title='bbox 1439 4626 1520 4691; x_wconf 83' lang='grc' dir='ltr'><strong>είς</strong></span> <span class='ocrx_word' id='word_1_693' title='bbox 1542 4624 1641 4690; x_wconf 89' lang='grc' dir='ltr'><strong>τάς</strong></span> <span class='ocrx_word' id='word_1_694' title='bbox 1666 4623 1878 4697; x_wconf 84' lang='grc' dir='ltr'>κώμας,</span> <span class='ocrx_word' id='word_1_695' title='bbox 1908 4625 2040 4695; x_wconf 88' lang='grc' dir='ltr'>ἀγο-</span> 
     </span>
    </p>
   </div>
   <div class='ocr_carea' id='block_1_93' title="bbox 461 4716 2040 4790">
    <p class='ocr_par' dir='ltr' id='par_1_93' title="bbox 461 4716 2040 4790">
     <span class='ocr_line' id='line_1_93' title="bbox 461 4716 2040 4790; baseline -0.001 -19"><span class='ocrx_word' id='word_1_696' title='bbox 461 4717 698 4789; x_wconf 86' lang='grc' dir='ltr'>ράσωσιν</span> <span class='ocrx_word' id='word_1_697' title='bbox 729 4719 941 4782; x_wconf 78' lang='grc' dir='ltr'>ἑαυτοῖς</span> <span class='ocrx_word' id='word_1_698' title='bbox 974 4716 1257 4790; x_wconf 86' lang='grc' dir='ltr'>βρώματα.</span> <span class='ocrx_word' id='word_1_699' title='bbox 1299 4736 1319 4770; x_wconf 84' lang='grc'><strong>›</strong></span> <span class='ocrx_word' id='word_1_700' title='bbox 1356 4718 1468 4771; x_wconf 75' lang='grc' dir='ltr'><strong>Καὶ</strong></span> <span class='ocrx_word' id='word_1_701' title='bbox 1497 4716 1712 4788; x_wconf 90' lang='grc' dir='ltr'>πρῶτόν</span> <span class='ocrx_word' id='word_1_702' title='bbox 1762 4733 1825 4784; x_wconf 89' lang='grc' dir='ltr'><strong>γε</strong></span> <span class='ocrx_word' id='word_1_703' title='bbox 1868 4717 2040 4789; x_wconf 85' lang='grc' dir='ltr'>τήρη-</span> 
     </span>
    </p>
   </div>
   <div class='ocr_carea' id='block_1_94' title="bbox 461 4806 2037 4879">
    <p class='ocr_par' dir='ltr' id='par_1_94' title="bbox 461 4806 2037 4879">
     <span class='ocr_line' id='line_1_94' title="bbox 461 4806 2037 4879; baseline 0.001 -20"><span class='ocrx_word' id='word_1_704' title='bbox 461 4823 571 4871; x_wconf 90' lang='grc' dir='ltr'>σον,</span> <span class='ocrx_word' id='word_1_705' title='bbox 613 4809 717 4872; x_wconf 85' lang='grc' dir='ltr'>ὃτι,</span> <span class='ocrx_word' id='word_1_706' title='bbox 757 4808 966 4879; x_wconf 81' lang='grc' dir='ltr'>μέλλων</span> <span class='ocrx_word' id='word_1_707' title='bbox 1008 4809 1135 4873; x_wconf 84' lang='grc' dir='ltr'>τοὺς</span> <span class='ocrx_word' id='word_1_708' title='bbox 1174 4809 1274 4879; x_wconf 86' lang='grc' dir='ltr'><strong>τῆς</strong></span> <span class='ocrx_word' id='word_1_709' title='bbox 1312 4807 1562 4876; x_wconf 80' lang='grc' dir='ltr'>εὐλογίας</span> <span class='ocrx_word' id='word_1_710' title='bbox 1603 4806 1799 4879; x_wconf 80' lang='grc' dir='ltr'>ἄρτους</span> <span class='ocrx_word' id='word_1_711' title='bbox 1838 4806 2037 4862; x_wconf 87' lang='grc' dir='ltr'>διδόναι</span> 
     </span>
    </p>
   </div>
   <div class='ocr_carea' id='block_1_95' title="bbox 458 4897 2035 4973">
    <p class='ocr_par' dir='ltr' id='par_1_95' title="bbox 458 4897 2035 4973">
     <span class='ocr_line' id='line_1_95' title="bbox 458 4897 2035 4973; baseline 0 -21"><span class='ocrx_word' id='word_1_712' title='bbox 458 4899 567 4962; x_wconf 82' lang='grc' dir='ltr'>τοῖς</span> <span class='ocrx_word' id='word_1_713' title='bbox 590 4899 880 4973; x_wconf 85' lang='grc' dir='ltr'>μαθηταῖς,</span> <span class='ocrx_word' id='word_1_714' title='bbox 903 4900 989 4955; x_wconf 79' lang='grc' dir='ltr'>ἵνα</span> <span class='ocrx_word' id='word_1_715' title='bbox 1012 4899 1301 4972; x_wconf 89' lang='grc' dir='ltr'>παραθῶσι</span> <span class='ocrx_word' id='word_1_716' title='bbox 1328 4902 1440 4964; x_wconf 87' lang='grc' dir='ltr'>τοῖς</span> <span class='ocrx_word' id='word_1_717' title='bbox 1467 4899 1665 4970; x_wconf 79' lang='grc' dir='ltr'>ὄχλοις,</span> <span class='ocrx_word' id='word_1_718' title='bbox 1701 4897 2035 4970; x_wconf 84' lang='grc' dir='ltr'>ἐθεράπευσε</span> 
     </span>
    </p>
   </div>
   <div class='ocr_carea' id='block_1_96' title="bbox 456 4988 2037 5064">
    <p class='ocr_par' dir='ltr' id='par_1_96' title="bbox 456 4988 2037 5064">
     <span class='ocr_line' id='line_1_96' title="bbox 456 4988 2037 5064; baseline -0.001 -19"><span class='ocrx_word' id='word_1_719' title='bbox 456 4992 581 5057; x_wconf 86' lang='grc' dir='ltr'>τοὺς</span> <span class='ocrx_word' id='word_1_720' title='bbox 635 4989 973 5064; x_wconf 71' lang='grc' dir='ltr'>ἀρρώστους,</span> <span class='ocrx_word' id='word_1_721' title='bbox 1022 4994 1110 5047; x_wconf 80' lang='grc' dir='ltr'>ἵνα</span> <span class='ocrx_word' id='word_1_722' title='bbox 1147 4992 1470 5061; x_wconf 84' lang='grc' dir='ltr'>ὐγιάναντες</span> <span class='ocrx_word' id='word_1_723' title='bbox 1505 4990 1615 5046; x_wconf 88' lang='grc' dir='ltr'><strong>τῶν</strong></span> <span class='ocrx_word' id='word_1_724' title='bbox 1643 4991 1742 5062; x_wconf 82' lang='grc' dir='ltr'>τῆς</span> <span class='ocrx_word' id='word_1_725' title='bbox 1788 4988 2037 5059; x_wconf 83' lang='grc' dir='ltr'>εὐλογίας</span> 
     </span>
    </p>
   </div>
   <div class='ocr_carea' id='block_1_97' title="bbox 460 5080 2036 5156">
    <p class='ocr_par' dir='ltr' id='par_1_97' title="bbox 460 5080 2036 5156">
     <span class='ocr_line' id='line_1_97' title="bbox 460 5080 2036 5156; baseline 0.001 -24"><span class='ocrx_word' id='word_1_726' title='bbox 460 5080 839 5150; x_wconf 78' lang='grc' dir='ltr'>μεταλάὸωσιν</span> <span class='ocrx_word' id='word_1_727' title='bbox 858 5083 1060 5156; x_wconf 79' lang='grc' dir='ltr'>ἄρτων·</span> <span class='ocrx_word' id='word_1_728' title='bbox 1082 5083 1142 5137; x_wconf 86' lang='grc' dir='ltr'><strong>οὐ</strong></span> <span class='ocrx_word' id='word_1_729' title='bbox 1173 5082 1282 5154; x_wconf 85' lang='grc' dir='ltr'>γὰρ</span> <span class='ocrx_word' id='word_1_730' title='bbox 1310 5082 1564 5136; x_wconf 86' lang='grc' dir='ltr'>δύνανται</span> <span class='ocrx_word' id='word_1_731' title='bbox 1587 5083 1636 5136; x_wconf 85' lang='grc' dir='ltr'><strong>σί</strong></span> <span class='ocrx_word' id='word_1_732' title='bbox 1662 5081 1744 5135; x_wconf 74' lang='grc' dir='ltr'><strong>ἔτι</strong></span> <span class='ocrx_word' id='word_1_733' title='bbox 1766 5080 2036 5153; x_wconf 78' lang='grc' dir='ltr'>ἄρρωστοι</span> 
     </span>
    </p>
   </div>
   <div class='ocr_carea' id='block_1_98' title="bbox 458 5171 2037 5248">
    <p class='ocr_par' dir='ltr' id='par_1_98' title="bbox 458 5171 2037 5248">
     <span class='ocr_line' id='line_1_98' title="bbox 458 5171 2037 5248; baseline -0.001 -19"><span class='ocrx_word' id='word_1_734' title='bbox 458 5172 703 5245; x_wconf 82' lang='grc' dir='ltr'>χωρῆσαι</span> <span class='ocrx_word' id='word_1_735' title='bbox 736 5176 863 5239; x_wconf 86' lang='grc' dir='ltr'><strong>τούς</strong></span> <span class='ocrx_word' id='word_1_736' title='bbox 889 5176 987 5248; x_wconf 83' lang='grc' dir='ltr'>τῆς</span> <span class='ocrx_word' id='word_1_737' title='bbox 1031 5174 1207 5247; x_wconf 82' lang='grc' dir='ltr'>Ἰησοῦ</span> <span class='ocrx_word' id='word_1_738' title='bbox 1239 5174 1491 5244; x_wconf 82' lang='grc' dir='ltr'>εὐλογίας</span> <span class='ocrx_word' id='word_1_739' title='bbox 1507 5175 1725 5246; x_wconf 77' lang='grc' dir='ltr'>ἄρτους.</span> <span class='ocrx_word' id='word_1_740' title='bbox 1765 5171 1924 5227; x_wconf 83' lang='grc' dir='ltr'>Ἀλλά</span> <span class='ocrx_word' id='word_1_741' title='bbox 1944 5174 2037 5227; x_wconf 76' lang='grc' dir='ltr'>καὶ</span> 
     </span>
    </p>
   </div>
   <div class='ocr_carea' id='block_1_99' title="bbox 455 5260 2038 5340">
    <p class='ocr_par' dir='ltr' id='par_1_99' title="bbox 455 5260 2038 5340">
     <span class='ocr_line' id='line_1_99' title="bbox 455 5260 2038 5340; baseline -0.001 -20"><span class='ocrx_word' id='word_1_742' title='bbox 455 5260 551 5320; x_wconf 61' lang='grc' dir='ltr'><strong>ξίν</strong></span> <span class='ocrx_word' id='word_1_743' title='bbox 581 5281 684 5334; x_wconf 85' lang='grc' dir='ltr'>τις,</span> <span class='ocrx_word' id='word_1_744' title='bbox 715 5266 834 5323; x_wconf 76' lang='grc' dir='ltr'>δέον</span> <span class='ocrx_word' id='word_1_745' title='bbox 872 5267 1089 5323; x_wconf 79' lang='grc' dir='ltr'>ἀκούειν</span> <span class='ocrx_word' id='word_1_746' title='bbox 1116 5265 1233 5323; x_wconf 80' lang='grc' dir='ltr'><strong>τοῦ·</strong></span> <span class='ocrx_word' id='word_1_747' title='bbox 1281 5287 1300 5321; x_wconf 79' lang='grc' dir='ltr'><strong>ι</strong></span> <span class='ocrx_word' id='word_1_748' title='bbox 1336 5265 1687 5340; x_wconf 77' lang='grc' dir='ltr'>Δοκιμαζέτω</span> <span class='ocrx_word' id='word_1_749' title='bbox 1712 5265 1769 5319; x_wconf 88' lang='grc' dir='ltr'>δὲ</span> <span class='ocrx_word' id='word_1_750' title='bbox 1807 5266 2038 5330; x_wconf 76' lang='grc' dir='ltr'>ἕκαστος</span> 
     </span>
    </p>
   </div>
   <div class='ocr_carea' id='block_1_100' title="bbox 2146 4619 3722 4691">
    <p class='ocr_par' dir='ltr' id='par_1_100' title="bbox 2146 4619 3722 4691">
     <span class='ocr_line' id='line_1_100' title="bbox 2146 4619 3722 4691; baseline 0.003 -19"><span class='ocrx_word' id='word_1_751' title='bbox 2146 4619 2436 4691; x_wconf 74' lang='lat' dir='ltr'><strong>praeteriit;</strong></span> <span class='ocrx_word' id='word_1_752' title='bbox 2495 4619 2705 4674; x_wconf 89' lang='lat' dir='ltr'><strong>dimitte</strong></span> <span class='ocrx_word' id='word_1_753' title='bbox 2748 4619 2977 4685; x_wconf 90' lang='lat' dir='ltr'><strong>turbas,</strong></span> <span class='ocrx_word' id='word_1_754' title='bbox 3034 4627 3092 4672; x_wconf 88' lang='lat' dir='ltr'><strong>ut</strong></span> <span class='ocrx_word' id='word_1_755' title='bbox 3131 4630 3326 4674; x_wconf 86' lang='lat' dir='ltr'><strong>euntes</strong></span> <span class='ocrx_word' id='word_1_756' title='bbox 3375 4621 3429 4674; x_wconf 92' lang='lat' dir='ltr'><strong>in</strong></span> <span class='ocrx_word' id='word_1_757' title='bbox 3476 4623 3722 4689; x_wconf 86' lang='lat' dir='ltr'><strong>castella,</strong></span> 
     </span>
    </p>
   </div>
   <div class='ocr_carea' id='block_1_101' title="bbox 2144 4709 3725 4789">
    <p class='ocr_par' dir='ltr' id='par_1_101' title="bbox 2144 4709 3725 4789">
     <span class='ocr_line' id='line_1_101' title="bbox 2144 4709 3725 4789; baseline 0.002 -22"><span class='ocrx_word' id='word_1_758' title='bbox 2144 4721 2330 4768; x_wconf 90' lang='lat' dir='ltr'><strong>emant</strong></span> <span class='ocrx_word' id='word_1_759' title='bbox 2366 4711 2470 4767; x_wconf 92' lang='lat' dir='ltr'><strong>sibi</strong></span> <span class='ocrx_word' id='word_1_760' title='bbox 2493 4725 2670 4766; x_wconf 88' lang='lat' dir='ltr'><strong>escas.</strong></span> <span class='ocrx_word' id='word_1_761' title='bbox 2706 4731 2726 4765; x_wconf 75' lang='grc' dir='ltr'><strong>ι</strong></span> <span class='ocrx_word' id='word_1_762' title='bbox 2757 4709 2837 4766; x_wconf 87' lang='lat' dir='ltr'><strong>Ae</strong></span> <span class='ocrx_word' id='word_1_763' title='bbox 2867 4712 3043 4780; x_wconf 88' lang='lat' dir='ltr'><strong>primo</strong></span> <span class='ocrx_word' id='word_1_764' title='bbox 3065 4714 3284 4784; x_wconf 90' lang='lat' dir='ltr'><strong>quidem</strong></span> <span class='ocrx_word' id='word_1_765' title='bbox 3317 4713 3543 4789; x_wconf 67' lang='lat' dir='ltr'><strong>observa</strong></span> <span class='ocrx_word' id='word_1_766' title='bbox 3576 4714 3725 4770; x_wconf 88' lang='lat' dir='ltr'><strong>hunc</strong></span> 
     </span>
    </p>
   </div>
   <div class='ocr_carea' id='block_1_102' title="bbox 2144 4804 3725 4873">
    <p class='ocr_par' dir='ltr' id='par_1_102' title="bbox 2144 4804 3725 4873">
     <span class='ocr_line' id='line_1_102' title="bbox 2144 4804 3725 4873; baseline 0.001 -15"><span class='ocrx_word' id='word_1_767' title='bbox 2144 4817 2368 4858; x_wconf 77' lang='lat' dir='ltr'><strong>Sanasse</strong></span> <span class='ocrx_word' id='word_1_768' title='bbox 2405 4817 2600 4873; x_wconf 78' lang='lat' dir='ltr'><strong>aegros,</strong></span> <span class='ocrx_word' id='word_1_769' title='bbox 2640 4817 2764 4858; x_wconf 91' lang='lat' dir='ltr'><strong>cum</strong></span> <span class='ocrx_word' id='word_1_770' title='bbox 2804 4818 2974 4873; x_wconf 88' lang='lat' dir='ltr'><strong>panes</strong></span> <span class='ocrx_word' id='word_1_771' title='bbox 3016 4804 3410 4860; x_wconf 90' lang='lat' dir='ltr'><strong>benedictionis</strong></span> <span class='ocrx_word' id='word_1_772' title='bbox 3438 4804 3725 4871; x_wconf 85' lang='lat' dir='ltr'><strong>discipulis</strong></span> 
     </span>
    </p>
   </div>
   <div class='ocr_carea' id='block_1_103' title="bbox 2142 4895 3725 4966">
    <p class='ocr_par' dir='ltr' id='par_1_103' title="bbox 2142 4895 3725 4966">
     <span class='ocr_line' id='line_1_103' title="bbox 2142 4895 3725 4966; baseline 0.001 -16"><span class='ocrx_word' id='word_1_773' title='bbox 2142 4895 2371 4950; x_wconf 89' lang='lat' dir='ltr'><strong>daturus</strong></span> <span class='ocrx_word' id='word_1_774' title='bbox 2396 4903 2562 4959; x_wconf 90' lang='lat' dir='ltr'><strong>esset,</strong></span> <span class='ocrx_word' id='word_1_775' title='bbox 2614 4910 2755 4964; x_wconf 89' lang='lat' dir='ltr'><strong>quos</strong></span> <span class='ocrx_word' id='word_1_776' title='bbox 2796 4895 2972 4951; x_wconf 87' lang='lat' dir='ltr'><strong>turbis</strong></span> <span class='ocrx_word' id='word_1_777' title='bbox 3016 4905 3369 4966; x_wconf 88' lang='lat' dir='ltr'><strong>apponerent,</strong></span> <span class='ocrx_word' id='word_1_778' title='bbox 3413 4905 3472 4951; x_wconf 92' lang='lat' dir='ltr'><strong>ut</strong></span> <span class='ocrx_word' id='word_1_779' title='bbox 3504 4895 3725 4951; x_wconf 79' lang='lat' dir='ltr'><strong>sanitati</strong></span> 
     </span>
    </p>
   </div>
   <div class='ocr_carea' id='block_1_104' title="bbox 2142 4986 3722 5057">
    <p class='ocr_par' dir='ltr' id='par_1_104' title="bbox 2142 4986 3722 5057">
     <span class='ocr_line' id='line_1_104' title="bbox 2142 4986 3722 5057; baseline 0.003 -17"><span class='ocrx_word' id='word_1_780' title='bbox 2142 4986 2381 5042; x_wconf 88' lang='lat' dir='ltr'><strong>restituti</strong></span> <span class='ocrx_word' id='word_1_781' title='bbox 2418 5001 2618 5056; x_wconf 86' lang='lat' dir='ltr'><strong>panum</strong></span> <span class='ocrx_word' id='word_1_782' title='bbox 2689 4986 3088 5042; x_wconf 90' lang='lat' dir='ltr'><strong>benedictionis</strong></span> <span class='ocrx_word' id='word_1_783' title='bbox 3142 4986 3336 5042; x_wconf 81' lang='lat' dir='ltr'><strong>ﬁerent</strong></span> <span class='ocrx_word' id='word_1_784' title='bbox 3390 4987 3722 5057; x_wconf 86' lang='lat' dir='ltr'><strong>participes;</strong></span> 
     </span>
    </p>
   </div>
   <div class='ocr_carea' id='block_1_105' title="bbox 2144 5077 3725 5149">
    <p class='ocr_par' dir='ltr' id='par_1_105' title="bbox 2144 5077 3725 5149">
     <span class='ocr_line' id='line_1_105' title="bbox 2144 5077 3725 5149; baseline 0.003 -17"><span class='ocrx_word' id='word_1_785' title='bbox 2144 5092 2245 5134; x_wconf 88' lang='lat' dir='ltr'><strong>nec</strong></span> <span class='ocrx_word' id='word_1_786' title='bbox 2274 5077 2419 5131; x_wconf 89' lang='lat' dir='ltr'><strong>enim</strong></span> <span class='ocrx_word' id='word_1_787' title='bbox 2456 5077 2550 5147; x_wconf 90' lang='lat' dir='ltr'><strong>qui</strong></span> <span class='ocrx_word' id='word_1_788' title='bbox 2598 5077 2897 5132; x_wconf 88' lang='lat' dir='ltr'><strong>etiamnum</strong></span> <span class='ocrx_word' id='word_1_789' title='bbox 2932 5077 3132 5132; x_wconf 82' lang='lat' dir='ltr'><strong>infirmi</strong></span> <span class='ocrx_word' id='word_1_790' title='bbox 3181 5087 3329 5145; x_wconf 91' lang='lat' dir='ltr'><strong>sunt,</strong></span> <span class='ocrx_word' id='word_1_791' title='bbox 3360 5093 3528 5149; x_wconf 84' lang='lat' dir='ltr'><strong>panes</strong></span> <span class='ocrx_word' id='word_1_792' title='bbox 3560 5079 3725 5136; x_wconf 83' lang='lat' dir='ltr'><strong>bene-</strong></span> 
     </span>
    </p>
   </div>
   <div class='ocr_carea' id='block_1_106' title="bbox 2144 5166 3722 5241">
    <p class='ocr_par' dir='ltr' id='par_1_106' title="bbox 2144 5166 3722 5241">
     <span class='ocr_line' id='line_1_106' title="bbox 2144 5166 3722 5241; baseline 0.001 -17"><span class='ocrx_word' id='word_1_793' title='bbox 2144 5168 2402 5225; x_wconf 91' lang='lat' dir='ltr'><strong>dictionis</strong></span> <span class='ocrx_word' id='word_1_794' title='bbox 2431 5166 2559 5223; x_wconf 86' lang='lat' dir='ltr'><strong>Jesu</strong></span> <span class='ocrx_word' id='word_1_795' title='bbox 2595 5184 2788 5239; x_wconf 87' lang='lat' dir='ltr'><strong>capere</strong></span> <span class='ocrx_word' id='word_1_796' title='bbox 2817 5179 3070 5241; x_wconf 89' lang='lat' dir='ltr'><strong>possunt.</strong></span> <span class='ocrx_word' id='word_1_797' title='bbox 3103 5170 3209 5227; x_wconf 87' lang='lat' dir='ltr'><strong>Sed</strong></span> <span class='ocrx_word' id='word_1_798' title='bbox 3253 5181 3304 5228; x_wconf 88' lang='lat' dir='ltr'><strong>et</strong></span> <span class='ocrx_word' id='word_1_799' title='bbox 3349 5171 3395 5226; x_wconf 87' lang='lat' dir='ltr'><strong>si</strong></span> <span class='ocrx_word' id='word_1_800' title='bbox 3434 5171 3561 5240; x_wconf 88' lang='lat' dir='ltr'><strong>quis</strong></span> <span class='ocrx_word' id='word_1_801' title='bbox 3596 5185 3722 5226; x_wconf 87' lang='lat' dir='ltr'><strong>cum</strong></span> 
     </span>
    </p>
   </div>
   <div class='ocr_carea' id='block_1_107' title="bbox 2145 5260 3728 5334">
    <p class='ocr_par' dir='ltr' id='par_1_107' title="bbox 2145 5260 3728 5334">
     <span class='ocr_line' id='line_1_107' title="bbox 2145 5260 3728 5334; baseline 0.001 -19"><span class='ocrx_word' id='word_1_802' title='bbox 2145 5262 2259 5317; x_wconf 81' lang='lat' dir='ltr'><strong>haec</strong></span> <span class='ocrx_word' id='word_1_803' title='bbox 2293 5261 2485 5316; x_wconf 84' lang='lat' dir='ltr'><strong>audire</strong></span> <span class='ocrx_word' id='word_1_804' title='bbox 2510 5260 2731 5316; x_wconf 86' lang='lat' dir='ltr'><strong>deberet</strong></span> <span class='ocrx_word' id='word_1_805' title='bbox 2766 5279 2780 5317; x_wconf 85' lang='lat'><strong>:</strong></span> <span class='ocrx_word' id='word_1_806' title='bbox 2824 5278 2845 5313; x_wconf 78' lang='grc' dir='ltr'><strong>ι</strong></span> <span class='ocrx_word' id='word_1_807' title='bbox 2883 5260 3083 5318; x_wconf 87' lang='lat' dir='ltr'><strong>Probet</strong></span> <span class='ocrx_word' id='word_1_808' title='bbox 3126 5269 3310 5318; x_wconf 86' lang='lat' dir='ltr'><strong>autem</strong></span> <span class='ocrx_word' id='word_1_809' title='bbox 3344 5263 3728 5334; x_wconf 84' lang='lat' dir='ltr'><strong>unusquisque</strong></span> 
     </span>
    </p>
   </div>
   <div class='ocr_carea' id='block_1_108' title="bbox 529 5426 3111 5542">
    <p class='ocr_par' dir='ltr' id='par_1_108' title="bbox 529 5426 3111 5542">
     <span class='ocr_line' id='line_1_108' title="bbox 529 5426 3111 5542; baseline -0.001 -15"><span class='ocrx_word' id='word_1_810' title='bbox 529 5472 578 5506; x_wconf 58' lang='grc' dir='ltr'><strong>σι</strong></span> <span class='ocrx_word' id='word_1_811' title='bbox 607 5472 798 5529; x_wconf 83' lang='lat' dir='ltr'><strong>Matth.</strong></span> <span class='ocrx_word' id='word_1_812' title='bbox 828 5490 940 5542; x_wconf 79' lang='lat' dir='ltr'><strong>xiv,</strong></span> <span class='ocrx_word' id='word_1_813' title='bbox 969 5475 1056 5530; x_wconf 77' lang='lat' dir='ltr'><strong>M.</strong></span> <span class='ocrx_word' id='word_1_814' title='bbox 1133 5476 1178 5508; x_wconf 78' lang='lat'><strong>“</strong></span> <span class='ocrx_word' id='word_1_815' title='bbox 1211 5473 1375 5531; x_wconf 87' lang='lat' dir='ltr'><strong>lCor.</strong></span> <span class='ocrx_word' id='word_1_816' title='bbox 1402 5426 1481 5540; x_wconf 72' lang='lat' dir='ltr'><strong>xl,</strong></span> <span class='ocrx_word' id='word_1_817' title='bbox 1508 5473 1598 5530; x_wconf 80' lang='lat'><strong>&#39;50.</strong></span> <span class='ocrx_word' id='word_1_818' title='bbox 1677 5473 1843 5527; x_wconf 77' lang='lat' dir='ltr'><strong>“tsa.</strong></span> <span class='ocrx_word' id='word_1_819' title='bbox 1876 5485 2026 5535; x_wconf 80' lang='lat' dir='ltr'><strong>xxix,</strong></span> <span class='ocrx_word' id='word_1_820' title='bbox 2061 5469 2116 5524; x_wconf 89' lang='lat'><strong>8.</strong></span> <span class='ocrx_word' id='word_1_821' title='bbox 2193 5467 2237 5498; x_wconf 85' lang='lat'><strong>&quot;’</strong></span> <span class='ocrx_word' id='word_1_822' title='bbox 2267 5466 2460 5519; x_wconf 79' lang='lat' dir='ltr'><strong>Matth.</strong></span> <span class='ocrx_word' id='word_1_823' title='bbox 2489 5479 2603 5529; x_wconf 79' lang='lat' dir='ltr'><strong>xiv,</strong></span> <span class='ocrx_word' id='word_1_824' title='bbox 2633 5465 2719 5521; x_wconf 74' lang='lat' dir='ltr'><strong>ﬂ.</strong></span> <span class='ocrx_word' id='word_1_825' title='bbox 2793 5465 2838 5497; x_wconf 78' lang='grc'>⁸⁸</span> <span class='ocrx_word' id='word_1_826' title='bbox 2861 5465 2996 5521; x_wconf 81' lang='lat' dir='ltr'><strong>Ibid.</strong></span> <span class='ocrx_word' id='word_1_827' title='bbox 3021 5465 3111 5524; x_wconf 75' lang='grc'><strong>15.</strong></span> 
     </span>
    </p>
   </div>
   <div class='ocr_carea' id='block_1_109' title="bbox 462 5644 2038 5783">
    <p class='ocr_par' dir='ltr' id='par_1_109' title="bbox 462 5644 2038 5783">
     <span class='ocr_line' id='line_1_109' title="bbox 462 5644 2038 5783; baseline -0.005 -73"><span class='ocrx_word' id='word_1_828' title='bbox 462 5727 505 5783; x_wconf 74' lang='grc' dir='ltr'><strong>Ε</strong></span> <span class='ocrx_word' id='word_1_829' title='bbox 528 5653 643 5728; x_wconf 73' lang='grc'><strong>(54)</strong></span> <span class='ocrx_word' id='word_1_830' title='bbox 684 5652 818 5720; x_wconf 78' lang='grc' dir='ltr'>Ταῖς</span> <span class='ocrx_word' id='word_1_831' title='bbox 838 5653 969 5721; x_wconf 79' lang='grc' dir='ltr'>περὶ</span> <span class='ocrx_word' id='word_1_832' title='bbox 993 5651 1112 5707; x_wconf 74' lang='grc' dir='ltr'>τῶν</span> <span class='ocrx_word' id='word_1_833' title='bbox 1134 5650 1507 5724; x_wconf 76' lang='grc' dir='ltr'>πραγμάτων.</span> <span class='ocrx_word' id='word_1_834' title='bbox 1542 5647 1666 5705; x_wconf 78' lang='lat' dir='ltr'><strong>llaec</strong></span> <span class='ocrx_word' id='word_1_835' title='bbox 1690 5644 2038 5719; x_wconf 65' lang='lat' dir='ltr'><strong>praetermisit</strong></span> 
     </span>
     <span class='ocr_line' id='line_1_110' title="bbox 510 5740 743 5781; baseline -0.004 -1"><span class='ocrx_word' id='word_1_836' title='bbox 510 5740 743 5781; x_wconf 83' lang='lat' dir='ltr'><strong>rasmtts.</strong></span> 
     </span>
    </p>
   </div>
   <div class='ocr_carea' id='block_1_110' title="bbox 510 5740 743 5781">
    <p class='ocr_par' dir='ltr' id='par_1_110' title="bbox 510 5740 743 5781">
     <span class='ocr_line' id='line_1_111' title="bbox 510 5740 743 5781; baseline -0.004 -1"><span class='ocrx_word' id='word_1_837' title='bbox 510 5740 743 5781; x_wconf 79' lang='lat' dir='ltr'><strong>rasmus.</strong></span> 
     </span>
    </p>
   </div>
   <div class='ocr_carea' id='block_1_111' title="bbox 531 5784 2032 5863">
    <p class='ocr_par' dir='ltr' id='par_1_111' title="bbox 531 5784 2032 5863">
     <span class='ocr_line' id='line_1_112' title="bbox 531 5784 2032 5863; baseline -0.005 -13"><span class='ocrx_word' id='word_1_838' title='bbox 531 5797 646 5860; x_wconf 77' lang='lat'><strong>(55)</strong></span> <span class='ocrx_word' id='word_1_839' title='bbox 723 5790 1238 5863; x_wconf 77' lang='grc' dir='ltr'>Ἐπεστράτευσαν</span> <span class='ocrx_word' id='word_1_840' title='bbox 1297 5793 1368 5849; x_wconf 81' lang='grc' dir='ltr'>ἐν</span> <span class='ocrx_word' id='word_1_841' title='bbox 1442 5786 1849 5862; x_wconf 73' lang='grc' dir='ltr'>Ἰερουσαλήμ.</span> <span class='ocrx_word' id='word_1_842' title='bbox 1930 5784 2032 5844; x_wconf 74' lang='lat' dir='ltr'><strong>Ms.</strong></span> 
     </span>
    </p>
   </div>
   <div class='ocr_carea' id='block_1_112' title="bbox 2142 5639 3720 5715">
    <p class='ocr_par' dir='ltr' id='par_1_112' title="bbox 2142 5639 3720 5715">
     <span class='ocr_line' id='line_1_113' title="bbox 2142 5639 3720 5715; baseline 0 -18"><span class='ocrx_word' id='word_1_843' title='bbox 2142 5641 2545 5715; x_wconf 78' lang='lat' dir='ltr'><strong>Alexandrinus</strong></span> <span class='ocrx_word' id='word_1_844' title='bbox 2576 5644 2598 5698; x_wconf 87' lang='grc'>’.</span> <span class='ocrx_word' id='word_1_845' title='bbox 2658 5642 2786 5696; x_wconf 69' lang='grc' dir='ltr'><strong>Ἐπὶ</strong></span> <span class='ocrx_word' id='word_1_846' title='bbox 2841 5639 3214 5715; x_wconf 65' lang='grc' dir='ltr'>Ἰερουσαλὴμ</span> <span class='ocrx_word' id='word_1_847' title='bbox 3237 5642 3332 5697; x_wconf 77' lang='grc' dir='ltr'>καὶ</span> <span class='ocrx_word' id='word_1_848' title='bbox 3368 5639 3569 5715; x_wconf 55' lang='lat' dir='ltr'><strong>terra</strong></span> <span class='ocrx_word' id='word_1_849' title='bbox 3593 5642 3720 5715; x_wconf 75' lang='grc' dir='ltr'>ὅρος</span> 
     </span>
    </p>
   </div>
   <div class='ocr_carea' id='block_1_113' title="bbox 2140 5712 3717 5782">
    <p class='ocr_par' dir='ltr' id='par_1_113' title="bbox 2140 5712 3717 5782">
     <span class='ocr_line' id='line_1_114' title="bbox 2140 5712 3717 5782; baseline 0.004 -15"><span class='ocrx_word' id='word_1_850' title='bbox 2140 5713 2298 5768; x_wconf 86' lang='grc' dir='ltr'>Σιών.</span> <span class='ocrx_word' id='word_1_851' title='bbox 2336 5712 2493 5780; x_wconf 84' lang='lat' dir='ltr'><strong>Quod</strong></span> <span class='ocrx_word' id='word_1_852' title='bbox 2524 5721 2745 5769; x_wconf 87' lang='lat' dir='ltr'><strong>secutus</strong></span> <span class='ocrx_word' id='word_1_853' title='bbox 2769 5719 2854 5767; x_wconf 88' lang='lat' dir='ltr'><strong>est</strong></span> <span class='ocrx_word' id='word_1_854' title='bbox 2885 5712 3082 5766; x_wconf 83' lang='lat' dir='ltr'><strong>Arabs.</strong></span> <span class='ocrx_word' id='word_1_855' title='bbox 3124 5712 3365 5782; x_wconf 73' lang='lat' dir='ltr'><strong>Reliqua:</strong></span> <span class='ocrx_word' id='word_1_856' title='bbox 3406 5712 3673 5771; x_wconf 68' lang='lat' dir='ltr'><strong>editionés</strong></span> <span class='ocrx_word' id='word_1_857' title='bbox 3703 5762 3717 5774; x_wconf 58' lang='grc' dir='ltr'><strong>ι</strong></span> 
     </span>
    </p>
   </div>
   <div class='ocr_carea' id='block_1_114' title="bbox 2146 5782 3256 5869">
    <p class='ocr_par' dir='ltr' id='par_1_114' title="bbox 2147 5782 3256 5845">
     <span class='ocr_line' id='line_1_115' title="bbox 2147 5782 3256 5845; baseline 0.005 -6"><span class='ocrx_word' id='word_1_858' title='bbox 2147 5801 2167 5839; x_wconf 78' lang='grc' dir='ltr'><strong>ι</strong></span> <span class='ocrx_word' id='word_1_859' title='bbox 2194 5784 2399 5841; x_wconf 86' lang='lat' dir='ltr'><strong>Contra</strong></span> <span class='ocrx_word' id='word_1_860' title='bbox 2426 5792 2666 5840; x_wconf 88' lang='lat' dir='ltr'><strong>montem</strong></span> <span class='ocrx_word' id='word_1_861' title='bbox 2698 5783 2852 5839; x_wconf 86' lang='lat' dir='ltr'><strong>Sion.</strong></span> <span class='ocrx_word' id='word_1_862' title='bbox 2889 5801 2907 5835; x_wconf 77' lang='grc' dir='ltr'><strong>ι</strong></span> <span class='ocrx_word' id='word_1_863' title='bbox 2944 5782 3256 5845; x_wconf 60' lang='grc'><strong>111131³108..</strong></span> 
     </span>
    </p>
   </div>
  </div>
